3948 6452
108 429 259 501 517
1395 432 1833 497 CHRONICON
1875 428 2282 493 PASCHALE.
3371 433 3476 495 5l3

217 550 386 606 ὀτι
419 550 474 604 δὲ
498 551 528 602 6
553 548 696 612 θεῖος
725 549 888 620 νόμος
911 549 1009 621 τὴν
1037 549 1138 622 μὲν
1164 549 1224 604 ιδ’
1245 547 1340 604 τοῦ
1369 550 1588 621 πρώτου
1621 547 1790 618 μηνὸς

1967 545 2300 612 Quod-vero
2339 541 2521 598 divina
2569 542 2657 598 lex
2715 559 2804 598 xw
2853 539 3015 612 primi
3071 541 3278 596 mensis
3328 543 3475 598 lunae
3543 553 3550 561 ‘

131 639 270 711 τῆς
311 638 560 709 σελήνης
585 638 777 710 Πάσχα
810 639 1234 711 προσαγορεύει,
1262 639 1361 708 τὴν
1389 639 1446 692 δὲ
1479 637 1541 692 ιε’
1567 637 1792 708 πρώτην

1916 636 2104 690 ’aseba
2131 633 2403 704 appellet,
2451 650 2518 688 xv
2545 640 2727 688 autem
2759 632 2998 702 primum
3030 632 3384 702 Azymorum;
3418 643 3475 687 et

141 729 292 784 τῶν
324 729 564 800 ἀζύμων
595 729 692 782 καὶ
717 728 998 784 Σάϐϐατον
1033 727 1313 798 ὀνομάζει,
1351 726 1491 798 πρὸς
1519 725 1575 780 δέ
1608 743 1671 794 γε
1698 726 1794 778 καὶ

1916 727 2196 782 Sabbatum
2232 734 2392 780 vocat
2423 743 2435 779 :
2467 734 2729 796 przelcrea
2749 741 2846 780 qm
2878 724 3112 796 primum
3147 723 3471 794 quinquage.

145 823 280 893 τὴν
321 829 412 888 ις’
444 820 672 894 πρώτην
708 824 810 892 τῆς
840 822 1226 892 Πεντηκοστῆς
1257 819 1472 890 ἡμέραν
1503 819 1682 880 καλεῖ,
1710 817 1793 869 δι-

1916 819 2046 873 ima:
2098 819 2274 884 diem,
2327 819 2530 875 diserte
2571 819 2732 873 docet
2775 833 2805 871 a
2843 817 2953 871 Deo
3002 815 3262 885 inspirata
3327 813 3472 868 Scriv

150 910 387 965 δάσκει
424 909 614 980 σαφῶς
653 911 688 980 ἡ
720 907 1084 971 θεόπνευστος
1113 907 1328 976 Γραφή.
1377 906 1464 958 Ἐν
1493 904 1656 972 212
1685 902 1794 972 γὰρ

1917 919 2074 963 ιιυτυ.
2115 908 2204 964 Sic
2233 909 2378 963 enim
2422 910 2486 964 ad
2522 910 2745 965 verbmn
2781 907 3039 963 scribitur
3092 906 3147 960 in
3182 905 3426 960 Levitico
3461 925 3474 958 :

147 1001 251 1071 τῷ
281 1003 578 1070 Λευῖτικῳ
601 999 646 1032 ’⁸
667 1000 980 1070 γέγραπται
1001 998 1094 1050 ἐπὶ
1113 996 1312 1062 λέξεως
1331 995 1502 1058 οὕτως
1527 1009 1543 1025 ο
1572 1011 1590 1044 ι
1627 987 1794 1046 Αὗται

1916 1020 1920 1052 ι
1959 1000 2054 1057 ιιω
2099 1011 2229 1058 sunt
2275 1001 2422 1057 ferias
2476 1001 2690 1056 Domini
2740 1009 2980 1061 sanctas,
3028 1015 3164 1068 quas
3211 998 3478 1052 vocabitis

149 1093 226 1146 αἱ
256 1094 473 1164 ἑορταὶ
501 1091 581 1162 τῷ
610 1090 803 1162 Κυρίῳ
833 1090 1034 1160 κληταὶ
1067 1090 1112 1123 ’³
1146 1089 1320 1157 ἅγιαι,
1359 1087 1428 1150 ἃς
1457 1083 1718 1140 καλέσετε
1749 1081 1794 1114 ³⁰

156 1181 373 1244 αὑτὰς
409 1181 472 1232 ὲν
502 1183 616 1244 τοῖς
649 1181 864 1251 καιροῖς
911 1177 1116 1233 αὐτῶν.
1161 1177 1250 1230 Ἐν
1284 1173 1363 1246 τῷ
1409 1172 1614 1244 πρώτῳ
1667 1171 1796 1242 μηνὶ

164 1277 244 1330 ἒν
275 1277 356 1346 τῇ
414 1273 471 1327 ιδ’
501 1271 688 1344 ἡμέρᾳ
724 1269 819 1324 τοῦ
865 1269 1035 1342 μηνὸς
1093 1267 1198 1323 ἀνὰ
1255 1267 1418 1338 μέσον
1451 1266 1496 1297 ³⁸
1531 1263 1642 1335 (95)
1687 1261 1798 1315 τῶν

177 1365 510 1437 ἑσπερινῶν
544 1365 738 1435 Πάσχα
768 1362 848 1435 τῷ
880 1361 1092 1434 Κυρίῳ.
1143 1359 1316 1414 Ἐπτὰ
1363 1358 1574 1430 ἡμέρας
1612 1353 1798 1424 ἄζυμα

181 1457 414 1514 ἔδεσθε.
467 1457 580 1511 Καὶ
623 1457 658 1527 η
707 1454 892 1526 ἡμέρα
935 1454 968 1524 ἡ
1014 1451 1208 1524 πρώτη
1255 1449 1428 1522 κλητὴ
1488 1447 1617 1517 άγία
1645 1446 1798 1500 ἔσται

183 1550 356 1620 ὑμῖν.
393 1549 511 1602 Πᾶν
539 1545 701 1618 ἔργον
727 1542 1023 1615 λατρευτδν
1065 1542 1130 1594 οὐ
1177 1541 1460 1611 ποιήσετε,
1493 1539 1589 1592 καὶ
1623 1553 1797 1606 προσ-

1916 1561 2027 1602 aus.
2060 1545 2259 1602 Etdies
2289 1547 2522 1618 septima
2550 1556 2742 1603 vocata
2766 1557 2954 1602 sancta
2981 1544 3134 1600 vobis
3157 1544 3280 1599 erit.
3304 1541 3480 1598 Omne

182 1639 363 1708 ἀξετε
405 1635 835 1707 ὁλοκαυτώματα
857 1635 903 1667 ⁸⁸
933 1632 1013 1704 τῷ
1035 1631 1228 1704 Κυρίῳ
1253 1632 1394 1686 ἑπτὰ
1429 1631 1664 1702 ἡμέρας.
1688 1627 1801 1682 Καὶ

1919 1652 2040 1708 ιριιε
2087 1637 2282 1692 servile
2333 1653 2444 1693 non
2495 1637 2729 1693 facietis.
2788 1637 3021 1703 Quando
3068 1651 3198 1692 vero
3248 1633 3480 1705 ingressi

181 1734 223 1804 ὴ
252 1731 452 1803 ἡμέρα
478 1731 514 1799 ἡ
538 1727 744 1799 ἑϐδόμη
768 1726 941 1796 κλητὴ
963 1725 1096 1793 ἁγία
1115 1724 1269 1778 ἔσται
1319 1723 1469 1794 ὑμῖν.
1495 1723 1610 1775 Πᾶν
1637 1721 1801 1792 ἔργον

1916 1731 2123 1787 fueritis
2150 1745 2352 1788 terram
2372 1775 2386 1796 ,
2409 1749 2572 1803 quam
2602 1749 2704 1804 ego
2737 1733 2808 1789 do
2839 1733 2994 1788 vobis
3013 1775 3028 1798 ,
3055 1739 3112 1786 et
3141 1728 3482 1785 messueritis

180 1823 505 1894 λατρευτὸν
536 1820 600 1874 οὐ
631 1820 906 1892 ποιήσετε.
941 1819 1112 1872 Ὅταν
1167 1817 1225 1870 δὲ
1255 1813 1538 1882 εἰσέλθητε
1579 1815 1661 1878 εἰς
1693 1811 1798 1885 τὴν

1916 1831 2144 1892 segetem
2201 1822 2356 1892 ejus,
2411 1833 2467 1879 et
2511 1823 2755 1879 aﬂ‘eretis
2806 1823 3184 1892 manipulum,
3215 1819 3485 1890 primitias

183 1916 329 1988 γῆν,
359 1916 433 1987 ἢν
460 1911 572 1984 ἐγὼ
599 1912 798 1982 δίδωμι
829 1912 982 1982 ὑμῖν,
1017 1910 1110 1964 καὶ
1131 1907 1385 1981 θερίζητε
1411 1906 1505 1960 τὸν
1537 1905 1798 1978 θερισμὸν

1916 1913 2096 1968 messis
2125 1923 2320 1970 vestrae
2339 1954 2354 1979 ,
2401 1915 2468 1970 ad
2517 1915 2861 1971 sacerdotem
2881 1955 2897 1978 ,
2929 1921 2986 1969 et
3016 1913 3219 1969 levabit
3250 1909 3485 1966 fascicu-

191 2008 402 2078 αὐτῆς,
437 2005 534 2061 καὶ
587 2005 767 2059 οἴσετε
807 2003 868 2056 τὸ
925 2001 1175 2072 δράγμα,
1216 1999 1474 2070 ἀπαρχὴν
1506 1996 1603 2052 τοῦ
1653 1996 1803 2067 θερι-

1916 2007 2016 2060 lum
2047 2020 2232 2060 coram
2265 2006 2495 2062 Domino
2524 2016 2584 2062 ut
2613 2006 2944 2078 acceptabile
2970 2005 3044 2060 sit
3079 2001 3182 2075 pro
3208 2003 3386 2058 vobis.
3419 2001 3488 2055 Et

196 2096 352 2169 σμοῦ
381 2096 558 2168 ὑμῶν,
582 2094 722 2167 πρὸς
746 2093 838 2147 τὸν
879 2093 1052 2164 ἱερέα,
1083 2091 1179 2146 καὶ
1199 2091 1246 2124 ³⁸
1267 2090 1474 2144 ἀνοίσει
1501 2087 1564 2142 τὸ
1582 2087 1804 2160 δράγμα

1916 2097 2137 2152 :rastina
2164 2113 2195 2152 a
2242 2099 2419 2168 primo
2461 2098 2654 2154 oﬁ‘eret
2683 2099 2834 2154 illum
2879 2097 3156 2153 sacerdos.
3188 2097 3254 2150 Et
3287 2107 3485 2148 nume-

199 2189 394 2244 ἔναντι
439 2188 650 2260 Κυρίου
699 2185 888 2240 δεκτδν
932 2185 1084 2256 ὑμῖν,
1143 2183 1242 2238 καὶ
1267 2183 1335 2254 τῇ
1388 2181 1648 2270 ἐπαύριον
1682 2178 1806 2270 Ϋτῆς

1916 2187 2093 2243 rabitis
2117 2189 2274 2244 vobis
2294 2205 2323 2244 a
2351 2199 2574 2261 postero
2599 2191 2689 2246 die
2712 2189 2886 2260 prima
2915 2187 3276 2244 Sabbatorum
3294 2225 3312 2252 ,
3343 2200 3373 2239 a
3399 2184 3488 2240 die

197 2279 435 2351 πρώτης
466 2277 678 2333 ἀνοίσει
713 2275 848 2331 αὐτὸ
871 2276 902 2328 6
929 2272 1132 2346 ἱερεύς.
1162 2273 1275 2326 Καὶ
1297 2269 1642 2343 ἀριθμήσετε
1671 2269 1803 2340 ὑμῖν

1916 2295 2006 2351 ιυιι
2067 2281 2380 2339 obtuleritis
2431 2285 2770 2355 manipulum
2824 2280 3210 2354 impositionis.
3265 2277 3486 2349 Septem

190 2372 313 2428 ἀπὸ
335 2372 442 2442 τῆς
471 2370 740 2440 ἐπαύριον
767 2369 814 2402 ³⁸
840 2369 940 2440 τῆς
980 2365 1204 2440 πρώτης
1227 2365 1336 2418 τῶν
1369 2363 1667 2418 Σαὸὁάτων
1692 2361 1800 2416 ἀπὸ

1916 2371 2279 2429 hebdomadas
2297 2371 2490 2445 plenas
2507 2375 2866 2433 numerabitis
2892 2388 3066 2444 usque
3087 2373 3157 2428 ad
3187 2372 3489 2428 crastinum

193 2463 304 2534 τῆς
331 2462 575 2534 ἡμέρας,
605 2453 675 2532 ἧς
697 2459 764 2514 ἂν
795 2457 1200 2530 προσενέγκητε
1233 2455 1294 2510 τὺ
1315 2455 1538 2527 δράγμα
1567 2453 1661 2508 τοῦ
1684 2455 1804 2507 ὲπι-

1916 2460 2112 2518 llltimae
2134 2463 2490 2520 hebdomadis
2509 2505 2524 2528 ,
2548 2465 2909 2521 numerabitis
2939 2463 3328 2535 quinquaginta
3351 2462 3488 2524 dies.

202 2552 471 2624 θέματος,
539 2549 681 2604 ἑπτὰ
742 2547 1047 2618 ἑϐδομάδας
1093 2543 1422 2616 ὁλοκλήρους
1473 2540 1806 2615 ἀριθμήσεις

1919 2559 1976 2604 et
2003 2551 2246 2608 oﬂerelis
2273 2554 2602 2610 sacriﬁcium
2635 2570 2838 2610 novum
2871 2554 3124 2621 Domino,
3142 2563 3199 2609 et
3230 2553 3489 2608 vocabitis

207 2644 326 2708 ἓως
352 2643 454 2713 τῆς
495 2641 756 2714 ἐπαύριον
797 2639 896 2709 τῆς
938 2637 1176 2709 ἐσχάτης
1207 2633 1522 2706 ἑϐδομάδος,
1561 2631 1802 2704 ἀριθμή-

1916 2639 2050 2696 diem
2081 2643 2224 2700 hanc
2253 2655 2496 2700 vocatam
2525 2665 2538 2700 :
2575 2653 2763 2700 sancta
2789 2645 2894 2701 erit
2921 2645 3098 2701 vobis.
3145 2643 3319 2700 Omne
3351 2657 3490 2713 opus

217 2751 351 2790 σετε
401 2735 732 2805 πεντήκοντα
793 2731 1028 2804 ἡμέρας,
1081 2728 1178 2782 καὶ
1231 2726 1552 2798 προσοίσετε
1611 2724 1805 2779 θυσίαν

1916 2733 2105 2788 servile
2143 2750 2252 2788 non
2287 2735 2498 2792 fatietis
2530 2737 2586 2790 in
2613 2752 2699 2800 ea,
2737 2757 2756 2788 ι

217 2829 356 2884 νέαν
387 2826 466 2899 τῷ
487 2827 697 2899 Κυρίῳ,
748 2827 842 2882 καὶ
889 2823 1152 2879 καλέσετε
1205 2819 1411 2893 ταύτην
1446 2820 1546 2893 τὴν
1575 2819 1792 2892 ἡμέραν
1815 2821 2060 2898 κλητήν·
2117 2831 2251 2899 ἁγία
2293 2831 2446 2886 ἔσται
2486 2833 2638 2902 ὑμῖν.
2692 2833 2806 2886 Πᾶν
2860 2831 3022 2905 ἔργον
3075 2829 3372 2902 λατρευτὺν
3426 2826 3485 2882 οὐ

215 2923 478 2992 ποιήσετε
517 2922 578 2974 ἐν
604 2921 759 2990 αὐτῇ.
794 2937 814 2972 ι

219 3045 226 3054 ι
286 3011 415 3065 Είτε
445 3011 493 3044 ³⁸
523 3005 616 3066 οὖν
649 3010 750 3082 τὴν
782 3007 842 3065 ιε’
871 3011 973 3082 τῆς
1025 3011 1280 3084 σελήνης,
1331 3009 1408 3072 ὡς
1451 3009 1509 3062 ἐν
1536 3005 1803 3074 Σαϐϐάτῳ

1981 3006 2109 3063 Sive
2148 3009 2311 3082 igitur
2341 3029 2409 3066 xv
2439 3013 2617 3078 lunae,
2655 3021 2713 3069 ut
2751 3027 2872 3082 quae
2914 3012 2968 3066 in
3006 3011 3307 3068 Sabbatum
3350 3014 3488 3070 inci-

203 3097 523 3171 φθάσασαν,
556 3102 697 3172 μετὰ
718 3103 780 3156 τὸ
809 3101 972 3157 θῦσαι
1002 3103 1096 3157 τὸν
1144 3101 1338 3174 ἀμνὸν,
1374 3099 1628 3170 δεύτερον
1670 3097 1805 3152 ὠνό-

1916 3097 2096 3165 deret,
2131 3109 2254 3171 post
2295 3103 2656 3158 sacriﬁcatum
2692 3119 2924 3175 agnum,
2964 3105 3265 3160 secundum
3300 3107 3493 3176 appel-

209 3207 359 3260 μασε
379 3190 657 3245 Σάϐϐατον
674 3194 703 3246 6
725 3191 1138 3264 εὐαγγελιστὴς,
1167 3193 1280 3246 εῐτε
1295 3191 1369 3255 ὡς
1393 3187 1618 3262 πρώτην
1639 3183 1806 3242 οὖσαν

1916 3190 2041 3246 lavit
2071 3190 2367 3248 Sabbatnm
2395 3194 2764 3266 evangelista;
2808 3195 2925 3250 sive
2956 3195 3102 3265 quod
3131 3204 3278 3250 esset
3316 3197 3492 3267 prima

202 3277 318 3349 τῆς
348 3280 752 3354 Πεντηκοστῆς.
784 3282 955 3353 ἤγουν
995 3282 1106 3336 τῶν
1139 3281 1282 3336 ἑπτὰ
1307 3280 1409 3351 τῆς
1443 3279 1503 3332 ὲν
1531 3277 1706 3348 τούτῳ
1730 3275 1807 3346 τῷ

1916 3281 2416 3356 Quinquagesimae,
2441 3300 2538 3340 seu
2567 3303 2642 3340 vn
2672 3285 3034 3340 Sabbatorum
3071 3300 3190 3355 qua:
3217 3285 3320 3342 hoc
3345 3303 3494 3343 anno

210 3371 332 3426 ιτει
364 3373 772 3446 Πεντηκοστῆς,
827 3375 1172 3446 πανταχόθεν
1221 3375 1472 3444 φαίνεται
1506 3371 1590 3424 ὅτι
1629 3369 1729 3440 τὴν
1762 3369 1808 3402 ³⁸

1916 3373 1964 3428 in
2003 3372 2463 3446 Quinquagesima
2515 3377 2814 3443 exstitere,
2858 3376 3175 3431 omnimodo
3219 3387 3490 3446 apparet,

203 3465 275 3517 ὲν
306 3465 483 3538 τούτῳ
627 3444 740 3520 ἔτει
769 3466 864 3522 τοῦ
897 3444 1090 3539 Πάσχα
1123 3465 1317 3538 ἑορτὴν
1344 3463 1584 3537 δηλῶσαι
1619 3462 1663 3495 ⁸⁷
1688 3461 1810 3540 βουτ

1916 3479 2032 3520 cum
2081 3463 2137 3518 in
2173 3444 2293 3535 ipso
2339 3478 2485 3521 anno
2518 3466 2804 3521 Paschalis
2837 3465 3034 3521 festum
3083 3444 3364 3536 duplicare
3394 3485 3494 3519 vn-

213 3554 444 3625 Ἆόμενος
511 3557 540 3610 6
603 3557 1001 3631 εὑαγγελιστὴς
1058 3555 1504 3628 δευτερόπρωτον
1555 3553 1808 3624 ὠνόμασε

1916 3557 2107 3612 luisset
2169 3559 2537 3630 evangelista,
2595 3559 3137 3630 secundo-primum
3190 3559 3494 3628 appellasse

1895 1091 2041 1161 ipsas
2067 1093 2404 1162 temporibus
2445 1093 2580 1149 suis.
2609 1093 2795 1148 Mense
2824 1093 3030 1164 primo,
3073 1089 3478 1162 quartadecima

1896 1183 1984 1238 die
2015 1185 2222 1239 mensis
2249 1185 2393 1240 inter
2419 1185 2727 1255 vespertina
2757 1185 2934 1238 Pbasc
2967 1183 3199 1236 Domino
3226 1200 3239 1234 :
3268 1191 3477 1251 septem

1903 1274 2096 1330 diebus
2158 1276 2460 1332 comedetis
2501 1291 2710 1348 azyma.
2773 1275 2842 1330 Et
2893 1275 3010 1329 dies
3066 1274 3238 1344 prima
3289 1278 3479 1327 vocata

1898 1373 2086 1418 sancta
2125 1363 2227 1419 erit
2264 1364 2443 1440 vobis.
2489 1364 2661 1420 Omne
2690 1380 2828 1434 opus
2855 1364 3054 1419 servile
3088 1365 3197 1418 non
3231 1361 3478 1425 facietis,

1900 1465 1958 1510 et
1981 1455 2222 1510 oﬂ‘erctis
2251 1457 2574 1512 sacriﬁcium
2606 1458 2662 1512 in
2706 1457 2830 1528 igne
2861 1456 3090 1523 Domino
3119 1465 3330 1525 septem
3361 1453 3479 1508 die-

218 3645 516 3702 Σάδὸατον.
551 3647 726 3703 Τοῦτο
754 3650 816 3704 τὺ
847 3650 1040 3720 Πάσχα
1077 3647 1347 3720 ἐδήλωσεν
1370 3647 1464 3702 καὶ
1491 3647 1537 3680 ³⁸
1565 3649 1596 3701 6
1632 3645 1812 3701 θεολό-

215 3751 318 3803 γος
345 3737 441 3791 καὶ
495 3738 894 3812 εὖαγγελιστὴς
933 3739 1187 3810 Ἰωάννης
1219 3737 1264 3770 ³⁸
1302 3738 1442 3810 μετὰ
1489 3737 1552 3792 τὸ
1593 3735 1810 3810 πρῶτον

214 3829 280 3882 ὲν
308 3830 468 3902 Κανᾷ
504 3831 604 3902 τῆς
652 3832 944 3896 Γαλιλαίας
999 3831 1208 3902 θαῦμα,
1243 3831 1332 3884 ὅτε
1378 3829 1440 3884 τὸ
1487 3829 1634 3901 ὕδωρ
1667 3824 1810 3894 οἶνος

215 3919 458 3989 δγένετο,
513 3923 691 3991 λέγων
717 3923 892 3988 οὕτως
919 3939 934 3954 ο
996 3943 1013 3976 ι
1054 3923 1273 3992 Ταύτην
1327 3923 1585 3993 ἐποίησεν
1631 3923 1810 3996 ’ἀρχὴν

217 4009 331 4064 τῶν
361 4013 600 4084 σημείων
629 4015 659 4068 6
717 4014 926 4086 Ἰησοῦς
957 4016 1017 4070 ὲν
1059 4016 1216 4087 Κανᾷ
1241 4015 1342 4085 τῆς
1377 4014 1673 4078 Γαλιλαίας
1714 4016 1810 4069 καὶ

219 4102 570 4174 ἑφανέρωσεν
599 4105 699 4176 τὴν
729 4105 892 4171 δόξαν
921 4107 1089 4160 αὐτοῦ
1117 4106 1215 4160 καὶ
1247 4106 1580 4160 ἐπίστευσαν
1609 4108 1690 4162 είς
1721 4106 1813 4160 αὺ-

219 4191 316 4246 τὸν
347 4195 396 4247 οἱ
460 4194 705 4266 μαθηταὶ
748 4197 936 4251 αὑτοῦ.
986 4199 1142 4252 Μετὰ
1191 4196 1350 4252 τοῦτο
1386 4198 1553 4269 ἀνέϐη
1584 4199 1696 4269 (94)
1732 4201 1812 4262 είς

221 4285 601 4356 Καπερναοὺμ
635 4287 800 4351 αὐτὸς
823 4287 918 4340 καί
957 4289 990 4356 ἡ
1031 4288 1216 4358 μήτηρ
1265 4289 1454 4353 αὐτοῦ,
1501 4289 1594 4342 καὶ
1627 4290 1676 4342 οἱ
1712 4307 1813 4360 μα-

227 4373 388 4446 θηταὶ¹
432 4376 624 4444 αὐτοῦ,
653 4379 748 4432 καὶ
781 4380 832 4430 οί
882 4378 1107 4448 ἀδελφοὶ
1143 4379 1332 4433 αὐτοῦ.
1367 4380 1474 4433 Καὶ⁵
1500 4379 1722 4448 ἔμειναν
1750 4381 1812 4434 οὐ

225 4464 424 4529 πολλὰς
452 4465 672 4538 ἡμέρας
695 4483 708 4496 °
749 4469 846 4522 καὶ
890 4469 1058 4537 ἐγγὺς
1089 4463 1156 4538 ἦν
1203 4469 1266 4522 τὸ
1295 4470 1487 4539 Πάσχα
1533 4469 1645 4523 τῶν
1680 4471 1814 4523 Ἰου-

221 4555 407 4620 δαίων,
454 4560 548 4610 xui.
565 4558 738 4628 ἀνέϐη
763 4561 790 4612 6
829 4558 1036 4631 Ἰησοῦς
1074 4561 1156 4622 εἰς
1198 4559 1563 4630 Ἱεροσόλυμα.

297 4640 516 4711 Πρῶτον
562 4637 656 4722 οὖν
705 4644 898 4714 Πάσχα
942 4643 1168 4714 νομικὸν
1213 4645 1440 4714 ὲόρτασε
1481 4645 1527 4676 ⁸ο
1563 4644 1662 4699 σὺν
1698 4647 1812 4709 τοῖς

227 4731 496 4802 μαθηταῖς
527 4735 666 4802 μετά
693 4733 754 4788 τὺ
786 4733 1152 4804 βαπτισθῆναι
1178 4737 1206 4788 6
1230 4735 1435 4806 Κύριος
1456 4737 1514 4789 ὲν
1541 4735 1619 4805 τῷ
1641 4736 1812 4807 ὀγδόῳ

224 4822 337 4878 ἔτει
362 4823 461 4894 τῆς
496 4823 640 4878 κατὰ
665 4823 828 4894 φύσιν
866 4825 1501 4898 ἔννεακαιδεκαετηρίδος
1521 4827 1564 4858 ιι
1593 4825 1696 4897 τῆς
1723 4843 1814 4880 σε-

1835 4553 1888 4612 D

1910 3648 2229 3705 Sabbatnm.
2283 3650 2464 3706 Hocce
2513 3651 2726 3706 Pascha
2779 3649 3039 3706 indicavit
3093 3649 3378 3718 theologus
3440 3643 3498 3703 et

1911 3741 2248 3813 evangelista
2279 3741 2552 3808 Joannes,
2583 3751 2706 3813 post
2737 3741 2969 3811 primum
3005 3741 3058 3794 in
3086 3740 3234 3795 Cana
3259 3739 3495 3795 Galilzcze

1910 3831 2271 3897 miraculum,
2296 3833 2514 3902 quando
2543 3847 2684 3902 aqua
2718 3832 2904 3886 vinum
2937 3830 3079 3885 facta
3110 3839 3226 3893 est,
3263 3845 3388 3884 eum
3418 3830 3493 3884 ita

1910 3924 1986 3978 ait
2019 3941 2034 3978 ε
2075 3941 2095 3976 ι
2153 3923 2270 3978 Hoc
2297 3923 2428 3978 fecit
2473 3922 2691 3979 initium
2732 3923 3017 3995 signorum
3051 3921 3212 3978 Jesus
3255 3921 3311 3975 in
3343 3921 3491 3976 Cana

1911 4014 2176 4080 Galilaeaa,
2213 4022 2268 4070 et
2295 4013 2669 4070 manilestavit
2691 4013 2920 4084 gloriam
2949 4027 3104 4067 suam
3125 4051 3142 4078 ,
3164 4021 3219 4067 et
3245 4011 3494 4066 οτεάἰι1‹·-

1912 4114 2042 4160 runt
2081 4105 2136 4159 in
2169 4121 2294 4162 eum
2333 4105 2582 4175 discipuli
2613 4105 2752 4175 ejus.
2807 4103 2936 4160 Post
2969 4105 3073 4159 hoc
3103 4105 3354 4160 ascendit
3388 4107 3492 4158 (2a-

1911 4199 2216 4270 pharnaum
2249 4197 2363 4266 ipse
2392 4205 2445 4251 et
2486 4207 2659 4252 mater
2687 4197 2807 4267 ejus
2829 4237 2844 4260 ,
2869 4204 2925 4250 et
2953 4196 3208 4266 discipuli
3249 4195 3400 4266 ejus,
3439 4207 3494 4252 et

1913 4285 2110 4340 fratres
2143 4287 2292 4354 ejus,
2323 4291 2379 4339 et
2422 4284 2498 4338 ibi
2529 4292 2852 4338 manserunt
2885 4299 2995 4338 non
3036 4284 3238 4340 multos
3263 4283 3381 4338 dies
3401 4323 3416 4348 ,
3439 4297 3496 4338 et

1915 4392 2080 4448 prope
2123 4383 2240 4430 erat
2281 4374 2489 4429 Pasclla
2541 4373 2895 4440 Judzeorum,
2938 4384 2994 4430 et
3036 4374 3286 4430 ascendit
3332 4373 3494 4430 Jesus

1915 4467 2374 4538 Hierosolymam.

1985 4642 2230 4696 Primum
2261 4655 2390 4712 ergo
2418 4638 2629 4694 Pascha
2661 4638 2834 4710 legale
2869 4652 2994 4692 cum
3027 4636 3312 4706 discipulis
3345 4623 3494 4690 suis.

1916 4745 2204 4806 postquam
2232 4733 2536 4804 baptizatus
2565 4739 2684 4796 est,
2717 4729 3014 4786 celebravit
3041 4728 3301 4784 Dominus
3320 4770 3334 4791 ,
3352 4743 3497 4782 anno

1918 4842 2018 4884 νιιι
2064 4825 2331 4882 naturalis
2375 4823 2889 4882 decemnovennalis
2934 4823 3068 4894 cycli
3105 4821 3278 4890 lunae,
3309 4830 3366 4879 et
3406 4839 3496 4878 xxi

1541 5046 1873 5127 DUCANGII
1910 5071 2142 5128 norm.

317 5243 428 5318 (93)
464 5246 598 5302 Ἀνὰ
637 5247 858 5319 μέσως.
885 5248 1050 5317 LX),
1087 5251 1218 5306 Ἀνὰ
1254 5249 1436 5323 μέσον.
1488 5252 1650 5309 llehr.
1694 5253 1834 5307 inter

249 5317 380 5374 ﬂuat
405 5317 662 5389 vesperae.

1985 5253 2128 5377 t(94)
2169 5253 2391 5322 Ἀνέϐη.
2423 5254 2628 5311 Textus
2657 5253 2752 5312 Cr.
2785 5255 2957 5314 habet
3010 5257 3237 5330 κατέϐη.
3294 5256 3500 5312 ἀεκεηο

1929 5325 1981 5378 di

1475 5545 1706 5601 VARle
1747 5544 2152 5606 LECTIONES.

309 5698 352 5776 ’_‘
381 5695 646 5776 Λευιτικῷ
675 5697 918 5776 gum}.
971 5699 1016 5731 ”
1042 5697 1270 5776 ἕληταί.
1286 5691 1593 5776 βαι-αὗται
1619 5697 1732 5776 PV.
1789 5697 2491 5776 '°_xa).égate.}a}éaoyaw
2519 5702 2586 5776 Υ.
2649 5704 2693 5776 f‘
2730 5704 2920 5776 μέσονΖ
2958 5704 3150 5776 μέσων.
3189 5701 3265 5776 Β.
3313 5700 3358 5734 ”
3387 5700 3512 5776 ὁλοι-

239 5765 512 5840 κᾳιξτωμα⁸
676 5769 730 5840 ’³7³
763 5769 856 5840 καὶ
899 5785 1019 5840 oms
1040 5769 1100 5823 P.
1142 5765 1352 5840 λ³⁴ᾼτῆς
1397 5768 1678 5840 ἐπαύριον.
1709 5768 1970 5840 ἐπαύριον
2006 5771 2063 5825 P.
2140 5772 2185 5802 "
2215 5769 2331 5824 εἶτα
2361 5771 2420 5826 Ρ.

245 5835 443 5892 πλῶσαι
485 5838 594 5895 (ιν.
673 5838 718 5870 ³⁸
748 5839 840 5892 καὶ
872 5855 981 5894 om.
1007 5839 1066 5892 P.
1145 5839 1189 5872 ³⁹
1231 5835 1502 5910 Ἰωάννης.
1535 5835 1594 5902 ιί,
1630 5841 1713 5892 ll.
1791 5841 1835 5872 ⁸ο
1861 5835 2096 5908 ήόρτασε
2125 5840 2184 5896 1).
2262 5841 2304 5874 ⁸³
2339 5835 2748 5898 ὲννεακαίδεὶια.
2783 5843 2846 5897 ιθ⁹
2879 5844 2939 5898 Ρ.

2534 5774 2591 5844 ιι,
2609 5774 2709 5844 τὴν
2730 5769 2867 5844 ⁷οηι.
2898 5769 2970 5828 P.‘
3057 5774 3098 5805 ιτ
3131 5772 3389 5844 δηλῶσαι,
3427 5769 3494 5824 δι·
