3948 6458
372 290 470 363 53'
1593 243 2032 357 meomeo};
2067 291 2472 354 PASCIIALE.

3562 293 3666 366 εει

373 408 856 483 novennailscycli
876 410 1046 480 lunas,
1073 420 1130 468 et
1150 427 1280 467 xxiv
1297 427 1444 470 anno
1460 413 1724 469 naturalis
1753 407 1972 482 viginti-

2088 409 2246 480 μηνὸς
2277 411 2376 482 τῆς
2395 413 2754 483 ἐνισταμένης
2777 412 2819 469 δῖ
2852 411 3183 475 ἰνδικτιῶνος
3209 409 3305 466 καλ⁸
3331 416 3401 464 ια’
3429 410 3540 466 ἔτει
3567 414 3674 483 τῆς

375 504 684 570 antennalis
705 504 844 576 cycli
876 505 1028 562 solis.

449 687 566 746 lloc
589 699 675 746 est
721 697 906 744 autem
941 696 1198 759 quartum
1231 686 1466 753 Pascha,
1505 700 1616 756 quo
1657 698 1853 755 passus
1884 691 1971 738 est

378 792 482 849 pro
523 778 684 834 nobis
720 777 976 834 Christus
1031 777 1298 833 Dominus
1351 791 1519 833 verus
1565 775 1710 832 Deus
1755 785 1966 832 noster.

378 873 532 929 istud
583 873 794 930 Pascha
839 871 1091 928 indicans
1133 871 1468 942 evangelista
1525 869 1791 938 Ioannes,
1846 879 1974 942 post

379 963 704 1020 miraculum
752 965 900 1035 quod
964 965 1094 1020 fecit
1153 963 1416 1019 Dominus
1461 977 1586 1017 cum
1621 961 1888 1018 Lazarum
1939 978 1973 1018 a

380 1055 616 1112 mortuis
639 1055 913 1122 excitavit,
941 1056 1021 1112 sic
1044 1055 1180 1112 dixit
1205 1072 1218 1109 :
1261 1074 1280 1108 ι
1317 1055 1402 1109 Ab
1440 1053 1531 1109 illo
1559 1069 1690 1127 ergo
1709 1054 1798 1110 die
1821 1055 1973 1125 cogi-

383 1156 642 1204 taverunt
663 1149 936 1219 quomodo
957 1147 1329 1204 interﬁcerent
1349 1159 1498 1202 eum:
1515 1145 1678 1202 Iesus
1705 1161 1834 1218 ergo
1857 1147 1972 1216 jam

381 1253 494 1293 non
527 1238 707 1308 palam
741 1239 1062 1298 ambulabat
1081 1237 1228 1309 apud
1252 1236 1498 1303 Iudaeos,
1532 1237 1631 1293 sed
1651 1237 1786 1293 abiit
1820 1236 1974 1292 illinc

381 1326 440 1382 in
470 1330 746 1400 regionem
770 1329 928 1400 juxta
951 1330 1254 1398 desertum,
1284 1331 1339 1387 in
1378 1333 1659 1391 civitatem
1684 1344 1806 1401 quae
1831 1327 1974 1384 diei-

384 1428 477 1475 tur
499 1421 762 1492 Ephrem,
795 1433 852 1480 et
899 1424 975 1480 ibi
1007 1427 1329 1482 morabatur
1365 1441 1492 1482 cum
1521 1423 1806 1494 discipulis
1833 1421 1968 1480 suis.

383 1511 518 1569 Erat
549 1521 734 1570 autem
787 1530 961 1586 prope
1007 1515 1216 1574 Pascha
1243 1517 1582 1584 Iudaeorum,
1611 1524 1668 1571 et
1711 1514 1975 1570 ascende-

317 1651 327 1664 .
383 1614 516 1666 runt
546 1606 698 1661 multi
753 1606 1182 1682 Hierosolymam
1214 1610 1283 1666 de
1310 1611 1533 1683 regione
1575 1617 1706 1666 ante
1737 1607 1972 1670 Pascha.

383 1706 448 1752 ut
467 1688 887 1756 sanctiﬁcarent'
905 1701 1133 1773 seipsos.
1172 1701 1504 1770 Quaerebam
1527 1717 1658 1774 ergo
1675 1700 1886 1766 Iesum,
1920 1709 1976 1756 et

2077 503 2218 557 κατὰ
2247 503 2408 573 φύσιν
2442 503 3145 575 ὲννεακαιδεκαετηρίδος¹⁷
3171 503 3274 574 τῆς
3305 503 3538 585 σελήνης
3573 503 3678 558 καὶ

2075 593 2151 647 κδ’
2187 593 2299 648 ἔτει
2323 593 2426 666 τῆς
2453 593 2594 648 κατά
2625 595 2788 664 φύσιν
2813 593 3552 667 ὀκτωκαιεικοσαετηρίδοςίο
3575 593 3678 648 τοῦ

2076 684 2250 756 ἡλίου.
2943 715 2946 719 ν

2147 775 2320 830 Τοῦτο
2350 775 2407 829 δὲ
2440 777 2502 830 τὸ
2529 776 2572 831 δ’
2599 777 2790 848 Πάσχα
2827 776 2938 849 (13)
2989 781 3159 844 ἐστὶν,
3207 780 3267 834 ὲν
3310 772 3354 846 ᾧ
3401 779 3682 846 πέπονθεν

2076 868 2219 939 ὑπὲρ
2249 867 2408 940 ἡμῶν
2438 868 2677 939 Χριστὸς
2711 871 2742 923 δ
2765 869 3018 940 ἀληθινὸς
3047 871 3183 934 Θεὸς
3203 872 3246 903 ἰ
3289 871 3468 943 ἡμῶν.
3499 872 3681 926 Τοῦτο

2074 960 2137 1014 τὸ
2168 961 2358 1032 Πάσχα
2391 959 2570 1030 δηλῶν
2619 964 2647 1016 ὁ
2701 961 3092 1034 εύαγγελιστὴς
3130 962 3387 1034 Ἰωάννης
3439 964 3581 1033 μεεά
3612 965 3678 1019 τὸ

2076 1051 2263 1124 θαῦμα
2285 1053 2314 1107 δ
2337 1052 2598 1124 εποίησεν
2623 1052 2711 1106 6⁸⁸
2738 1054 2945 1122 Κύριος
2972 1054 3192 1125 ἐγείρας
3213 1055 3308 1110 τὸν
3334 1054 3587 1127 Λάζαρον
3611 1056 3680 1109 ἐκ

2079 1145 2311 1216 νεκρῶν,
2344 1145 2569 1218 εἴρηκεν
2610 1143 2848 1209 οὓτως²³
2868 1160 2882 1174 ⁸
2924 1163 2942 1198 ι
2967 1147 3088 1200 Ἀπ’
3114 1146 3334 1218 ἐκείνης
3371 1141 3467 1201 οὖν
3507 1147 3612 1217 τῆς
3633 1146 3674 1179 ³³

2085 1237 2299 1309 ἡμέρας
2361 1237 2849 1292 συνεϐουλεύσαντο
2901 1239 2988 1292 ἵνα
3040 1238 3438 1293 ἀποκτείνωσιν
3489 1239 3678 1294 αὐτόν.

2098 1329 2306 1402 Ἰησοῦς
2327 1325 2420 1384 οὖν
2437 1330 2607 1401 218
2626 1330 2812 1385 οὐκέτι
2837 1331 3122 1402 παρρησίᾳ
3144 1331 3468 1402 περιεπάτει
3485 1333 3544 1384 ὲν
3561 1332 3682 1395 τοῖς

2096 1422 2395 1488 Ἰουδαίοις,
2424 1423 2560 1477 ἀλλά
2591 1421 2834 1492 ἀπῆλθεν
2869 1422 3081 1477 ἐκεῖθεν
3115 1424 3194 1487 είς
3221 1423 3320 1495 τὴν
3359 1420 3545 1496 χώραν
3580 1425 3683 1493 ἐγ·-

2077 1515 2182 1584 γὺς
2213 1515 2316 1585 τῆς
2344 1515 2578 1587 ἐρήμου,
2607 1517 2686 1580 είς
2708 1514 2954 1587 Ἐφραῖμ
2985 1515 3290 1589 λεγομένην
3311 1517 3487 1578 πόλιν,
3511 1518 3688 1570 κάκεῖ

2078 1605 2351 1676 διέτριϐεν
2387 1604 2527 1676 μετά
2555 1607 2665 1660 τῶν
2707 1607 2968 1679 μαθητῶν
3002 1603 3305 1662 αὐτοῦ.⁷ιιν
3341 1607 3398 1662 δὲ
3426 1607 3596 1677 ἐγγὺς
3617 1605 3688 1659 τὸ

2081 1701 2274 1772 Πάσχα
2299 1699 2410 1754 τῶν
2432 1700 2724 1765 Ἰουδαίων,
2753 1701 2848 1754 καὶ
2870 1701 3146 1770 ἀνέϐησαν
3179 1701 3367 1755 πολλοὶ
3394 1703 3477 1765 εἰς
3507 1701 3686 1771 Ἱερο-
3795 1697 3807 1704 ’

385 1789 843 1860 colloquebantur
871 1794 941 1850 ad
973 1795 1212 1852 invicem
1233 1796 1291 1852 in
1324 1797 1529 1868 templo
1553 1803 1799 1852 stantes:
1831 1792 1977 1860 Quid

2088 1792 2296 1863 σόλυμα
2322 1792 2388 1845 ἐκ
2419 1790 2518 1862 τῆς
2547 1789 2734 1864 χώρας
2771 1792 2880 1864 πρὸ
2901 1791 2998 1846 τοῦ
3021 1793 3235 1864 Πάσχα,
3265 1792 3352 1845 ἵνα
3385 1791 3684 1868 ἁγνίσωσιν

293 1943 307 1956 ,
385 1882 544 1940 vobis
575 1885 814 1954 videtur,
841 1889 966 1959 quia
998 1905 1108 1945 non
1134 1891 1286 1947 venit
1318 1889 1386 1947 ad
1415 1889 1559 1948 diem
1592 1888 1834 1946 festum?
1872 1886 1976 1944 De-

352 1970 589 2032 derunt
617 1983 801 2032 autem
828 1977 1116 2048 pontiﬁces
1145 1987 1202 2036 et
1241 1979 1503 2036 Pharisaei
1542 1978 1884 2042 mandatum,
1917 1985 1978 2030 ut

385 2063 432 2120 si
465 2065 589 2135 quis
619 2070 940 2140 cognoverit
969 2072 1060 2129 ubi
1088 2074 1181 2140 sit,
1211 2073 1437 2138 indicet,
1471 2081 1532 2130 ut
1558 2069 1978 2144 apprehendant

387 2172 536 2212 eum.
565 2158 728 2217 Iesus
755 2177 887 2236 ergo
922 2175 1053 2221 ante
1079 2181 1173 2222 sex
1193 2167 1312 2222 dies
1336 2165 1560 2223 Pascha:
1599 2167 1749 2223 venit
1775 2165 1976 2221 Betha-

387 2247 558 2318 niam,
587 2251 683 2308 ubi
711 2251 952 2311 Lazarus
978 2255 1160 2312 fuerat
1187 2268 1460 2323 mortuus,
1492 2273 1654 2328 quem
1694 2255 1980 2313 suscitavit

385 2353 457 2398 ex
478 2343 736 2402 mortuis.
772 2365 794 2400 ι
835 2345 1046 2405 Deinde
1082 2349 1231 2406 beati
1280 2350 1496 2406 Domini
1524 2349 1780 2421 discipuli
1810 2349 1980 2404 inter-

386 2442 723 2503 rogaverunt
763 2435 966 2506 ipsum,
1008 2437 1298 2494 dicentes:
1346 2457 1366 2492 ι
1409 2439 1555 2495 Ecce
1593 2447 1719 2510 post
1749 2437 1978 2494 biduum

287 2520 292 2526 ”
385 2522 602 2584 Pascha
648 2525 726 2594 ﬁt,
762 2527 856 2582 ubi
905 2527 992 2585 vis
1033 2544 1164 2600 ergo
1197 2537 1258 2584 ut
1283 2544 1542 2600 paremus
1584 2529 1725 2584 tibi?
1753 2548 1772 2580 ι
1825 2529 1981 2585 Patet

388 2615 559 2688 igitur
591 2633 702 2673 non
729 2619 923 2675 eodem
975 2630 1222 2694 tempore
1265 2621 1474 2678 Pascha
1507 2622 1804 2694 peregisse,
1852 2637 1980 2678 cum

387 2703 598 2764 Pascha
637 2709 1083 2768 manducandum
1110 2721 1258 2770 esset
1302 2719 1426 2784 post
1482 2713 1622 2768 duos
1654 2712 1787 2768 dies.
1823 2710 1982 2778 Quod

387 2814 521 2860 vero
549 2795 640 2858 xiv
667 2818 778 2860 non
805 2804 1105 2863 celebravit
1147 2795 1378 2870 Pascha,
1413 2805 1512 2860 sed
1557 2804 1712 2876 prius
1745 2803 1980 2875 typicam

386 2892 603 2965 peregit
631 2909 866 2963 omnem,
895 2896 1118 2966 quando
1146 2895 1510 2952 sanctiﬁcatio
1546 2909 1886 2968 azymorum,
1926 2902 1983 2950 et

386 2981 514 3048 festi
540 2986 866 3057 praeparatio
897 2987 1184 3060 agebatur,
1220 2986 1349 3043 inde
1373 2985 1650 3058 colligitur
1687 3000 1867 3057 neque
1898 2985 1982 3041 di-

263 3119 275 3172 ι.
388 3076 614 3146 scipulis
661 3078 954 3136 tradidisse
1005 3079 1318 3142 incensum,
1372 3093 1552 3150 neque
1611 3092 1824 3152 azyma,
1883 3077 1981 3134 sed

2085 1881 2335 1944 ἑαυτούς.
2353 1883 2613 1954 Ἐζήτουν
2660 1879 2754 1938 οὖν
2797 1883 2888 1938 τὸν
2910 1883 3139 1954 Ἰησοῦν,
3173 1883 3266 1937 καὶ
3314 1883 3500 1950 ἔλεγον
3549 1881 3689 1952 μετ’

2085 1977 2333 2048 ἀλλήλων
2361 1977 2419 2030 ὲν
2447 1975 2524 2047 τῷ
2562 1975 2694 2048 ἱερῷ
2738 1976 3068 2048 ἑστηκότεςο
3103 1975 3170 2030 Τί
3216 1976 3368 2030 δοκεῖ
3412 1977 3564 2046 ὑμῖν,
3599 1975 3688 2029 ὅτι.

2085 2072 2148 2124 οὐ
2185 2069 2262 2142 μὴ
2289 2068 2422 2144 ἔλθῃ
2469 2070 2550 2132 εἰς
2597 2069 2697 2140 τὴν
2733 2069 2968 2140 ἑορτήν;
3004 2066 3346 2123 Δεδὼκεισαν
3381 2067 3438 2122 δὲ
3469 2069 3519 2121 0i
3546 2067 3690 2139 ἀρχ-

2091 2162 2256 2233 ιερεῖς
2292 2159 2389 2215 καὶ
2427 2160 2476 2212 0i
2507 2160 2794 2230 Φαρισαῖοι
2820 2157 3042 2228 ἐντολὴν
3075 2157 3161 2210 ἵνα
3189 2157 3284 2212 ὲάν
3313 2174 3397 2220 τις
3428 2156 3544 2227 γνῴ
3575 2154 3687 2210 ποῦ

2087 2255 2259 2320 ἐστιν,
2300 2251 2534 2326 μηνύσῃ,
2568 2252 2718 2316 ὅπως
2749 2250 3018 2304 πιάσωσιν
3055 2249 3239 2304 αὐτόν.
3258 2250 3318 2303 '0
3339 2245 3433 2304 οὖν
3471 2247 3686 2319 Ἰησοῦς

2085 2346 2195 2418 πρὸ
2223 2352 2276 2411 ς’
2305 2343 2528 2416 ἡμερῶν
2566 2341 2662 2398 τοῦ
2709 2343 2898 2412 Πάσχα
2923 2339 3087 2412 ἦλθεν
3120 2343 3200 2404 είς
3227 2341 3520 2414 Βηθανίαν,
3543 2343 3676 2396 ὃπου

2085 2434 2156 2511 ἦν
2188 2435 2438 2508 Λάζαρος
2467 2435 2496 2488 ὁ
2523 2432 2819 2502 τεθνηκὼς,
2841 2431 2900 2484 ὃν
2921 2431 3142 2504 ἤγειρεν
3167 2434 3233 2485 ὲκ
3257 2430 3489 2502 νεκρῶν.
3505 2448 3523 2480 ι
3546 2423 3686 2484 Εἶτα.

2087 2535 2137 2588 οἱ
2185 2529 2451 2603 μακάριοι
2493 2525 2589 2580 τοῦ
2635 2527 2846 2597 Κυρίου
2896 2523 3139 2596 μαθηταὶ
3182 2523 3479 2596 ἠρώτησαν
3520 2519 3689 2576 αὑτὸν

2086 2627 2338 2694 λέγοντες
2371 2623 2455 2676 ὅτι
2493 2619 2656 2674 «Ἰδοὺ
2687 2619 2824 2690 μετὰ
2848 2617 2944 2672 δύο
2979 2619 3196 2688 ἡμέρας
3222 2616 3284 2669 τὸ
3313 2617 3508 2685 Πάσχα
3535 2614 3690 2683 γίνε-

2087 2731 2215 2772 ταν
2260 2712 2364 2768 ποῦ
2408 2710 2502 2767 οὖν
2550 2711 2726 2776 θέλεις
2769 2709 3154 2781 ἑτοιμάσωμέν
3184 2725 3302 2775 σοι;
3337 2727 3357 2759 ›
3393 2707 3564 2778 Δῆλον
3592 2701 3690 2760 οὖν

2090 2809 2176 2862 ὃτι
2204 2807 2266 2862 ού
2298 2805 2441 2861 κατά
2479 2805 2570 2860 τὸν
2616 2805 2778 2876 αὐτον
2826 2804 3041 2875 χρόνον,
3072 2802 3211 2857 άλλά
3248 2801 3533 2873 μέλλοντος
3565 2799 3692 2854 ἐσε-

2091 2897 2215 2952 σθαι
2235 2897 2280 2929 ⁸⁸
2321 2895 2415 2951 τοῦ
2449 2896 2641 2966 Πάσχα
2672 2893 2814 2965 μετά
2845 2893 2938 2949 δύο
2970 2892 3335 2966 ήμέρας.”οτι
3362 2892 3418 2946 δὲ
3449 2893 3511 2948 ού
3544 2889 3693 2945 κατά

2090 2990 2188 3063 τὴν
2222 2989 2281 3044 ιδ’
2313 2988 2631 3045 ἐπετέλεσεν
2647 2989 2692 3020 ’⁸
2721 2987 2783 3042 τὺ
2811 2987 3024 3060 Πάσχα,
3052 2986 3190 3042 ἀλλά
3231 2986 3340 3058 πρὸ
3387 2983 3579 3039 τούτου
3623 2981 3692 3040 τὸ

2091 3085 2324 3142 στυπτικὸν
2362 3084 2610 3138 ἐτέλεσεν
2654 3082 2890 3148 δεῖπνον,
2921 3082 3012 3136 ὅτε
3039 3081 3150 3136 καὶ
3193 3081 3224 3135 δ
3256 3077 3528 3150 ἁγιασμὸς
3573 3075 3694 3129 τῶν

385 3182 586 3242 panem
613 3177 670 3226 et
693 3170 944 3239 calicem,
966 3172 1188 3244 quando
1203 3171 1371 3228 etiam
1395 3171 1789 3242 discipulorum
1812 3171 1979 3242 pedes

2088 3177 2315 3249 ἀζύμων
2365 3175 2460 3230 καὶ
2507 3177 2541 3246 ὴ
2599 3173 2998 3246 προετοιμασία
3038 3173 3137 3244 τῆς
3203 3170 3398 3244 ἑορτῆς
3449 3168 3690 3237 ἐγίνετο,

385 3259 544 3328 lavit,
581 3265 1052 3334 quemadmodum
1085 3282 1117 3320 a
1149 3265 1263 3320 Deo
1293 3263 1557 3336 inspirata
1606 3264 1807 3320 docent
1853 3278 1982 3319 ora-

385 3352 534 3420 cula,
565 3355 714 3425 quod
759 3355 980 3426 quidem
1016 3371 1084 3412 ex
1108 3365 1386 3429 praecepto
1427 3354 1667 3413 Mosaico
1698 3371 1806 3411 non
1853 3371 1983 3428 age-

387 3442 572 3507 batur.
608 3444 828 3501 Etenim
864 3447 912 3502 si
947 3447 1037 3504 ille
1064 3463 1177 3504 non
1206 3447 1404 3504 fuisset
1431 3447 1554 3502 loco
1571 3448 1696 3519 agni
1727 3447 1893 3518 typiei
1927 3454 1985 3502 et

389 3534 680 3604 sacriﬁcii,
707 3551 833 3592 cum
869 3537 1000 3592 olim
1030 3553 1061 3594 a
1101 3535 1286 3609 Moyse
1313 3537 1698 3610 praescriptum
1723 3546 1873 3593 esset
1917 3537 1984 3592 iis

388 3627 483 3708 qui
511 3629 728 3684 venturi
763 3639 943 3697 erant,
991 3638 1054 3686 ut
1081 3629 1321 3710 hostiam
1351 3630 1720 3697 immolarent,
1757 3628 1986 3684 minime

391 3734 772 3795 transgressus
810 3721 1012 3778 fuisset
1038 3722 1186 3794 leges
1220 3721 1411 3788 Israel,
1447 3721 1548 3778 sed
1572 3736 1732 3777 ovem
1773 3719 1986 3778 sacriﬁ-

389 3823 592 3880 casset,
617 3824 675 3870 et
701 3813 988 3886 discipulis
1013 3815 1498 3882 communicasset,
1523 3813 1984 3886 quemadmodum

391 3905 670 3976 prioribus
707 3906 868 3964 annis
917 3907 1144 3973 fecerat,
1194 3906 1302 3964 nisi
1353 3907 1554 3964 horum
1605 3905 1847 3977 mysterii
1885 3921 1986 3960 cx-

389 3999 579 4072 plendi
603 4008 818 4073 tempus
845 4000 1132 4069 adfuisset,
1167 4017 1280 4072 quo
1319 3999 1530 4056 scilicet
1571 4015 1748 4072 agnus
1773 3998 1986 4071 typieus

392 4092 586 4158 desiit,
613 4093 918 4150 secundum
947 4093 1229 4150 Romanos
1263 4092 1441 4148 Martii
1469 4091 1674 4148 mensis
1697 4109 1834 4159 xxu,
1863 4093 1987 4163 ipso

393 4200 526 4240 vero
557 4185 647 4242 die
672 4186 816 4241 lunaa
866 4185 1122 4242 habentis
1166 4203 1288 4253 xm,
1319 4186 1455 4240 hora
1485 4194 1757 4258 nocmrna-
1798 4201 1830 4239 v
1863 4185 1988 4239 illu-

395 4285 656 4352 cescente
680 4277 734 4332 in
758 4294 909 4344 XXIV,
937 4261 1202 4349 regnante
1236 4277 1454 4333 Herode
1487 4277 1783 4344 tetrarcha,
1821 4283 1880 4330 ut
1903 4275 1988 4330 in-

2090 3271 2408 3343 εύρίσκεται
2461 3270 2578 3331 τοῖς
2635 3265 2908 3337 μαθηταῖς
2969 3263 3286 3338 μεταδιδοὺς
3333 3262 3393 3315 οὐ
3443 3259 3696 3331 θύματος

2090 3363 2212 3419 οὐδὲ
2256 3361 2356 3426 άζύ
2367 3379 2504 3432 μων,
2552 3359 2668 3417 ἀλλ’
2695 3359 2862 3429 ἄρτου
2889 3358 2984 3413 καὶ
3015 3355 3277 3429 ποτηρίου
3299 3372 3312 3386 ·
3343 3355 3433 3409 ὅτε
3458 3351 3695 3407 καὶτῶν

2095 3453 2357 3526 μαθητῶν
2391 3452 2654 3522 ἀπένιψεν
2698 3451 2826 3515 τοὺς
2853 3449 3042 3514 πόδας,
3076 3446 3218 3504 καθά
3252 3447 3323 3502 τά
3353 3445 3695 3499 θεόπνευστα

2089 3546 2334 3602 διδάσκει
2353 3545 2532 3614 λόγια,
2563 3543 2702 3614 ὅπερ
2730 3543 2791 3597 ού
2819 3541 2959 3596 κατά
2986 3539 3084 3612 τὴν
3111 3537 3415 3608 Μωσαῖκὴν
3445 3533 3696 3606 πρόστα-

2095 3639 2176 3706 ξιν
2205 3639 2536 3693 ὲπετελεῖτο.
2566 3637 2631 3690 Ei
2686 3637 2795 3708 γάρ
2845 3633 2922 3707 μὴ
2969 3632 3133 3696 αὐτὸς
3165 3631 3376 3700 ἐγίνετο
3426 3628 3550 3683 ἀντὶ
3593 3625 3695 3680 τοῦ

2095 3734 2270 3807 ἀμνοῦ
2296 3733 2392 3788 τοῦ
2429 3732 2572 3786 κατά
2603 3731 2775 3785 τύπον
2808 3730 2904 3785 καὶ
2935 3729 3096 3783 σκιὰν
3131 3727 3372 3798 θύματος
3401 3721 3494 3777 τοῦ
3520 3719 3693 3774 πάλαι

2071 3824 2247 3895 παρὰ
2269 3819 2552 3886 Μωῦσέως
2565 3812 3008 3891 προσταχθέντος
3036 3817 3262 3872 θύεσθαι
3283 3817 3396 3879 τοῖς
3421 3814 3503 3876 είς
3531 3810 3692 3865 ὕστεο

2095 3931 2189 3986 ρον
2223 3913 2394 3983 θῦμα,
2424 3911 2526 3965 οὐκ
2555 3910 2621 3966 ἂν
2654 3911 2933 3984 παρῆλθεν
2963 3910 3033 3965 τὰ
3073 3908 3168 3964 τοῦ
3193 3907 3412 3979 Ἰσραὴλ
3457 3905 3692 3975 νόμιμα,

2093 4007 2210 4063 ἀλλ’
2238 4002 2384 4078 εἶχεν
2411 4004 2478 4060 ἂν
2509 4005 2604 4059 καὶ
2637 4004 2912 4074 πρόϐατον
2945 4001 3215 4058 θύσασθαι
3244 4001 3339 4056 καὶ
3365 3996 3692 4070 μεταδοῦναι

2095 4101 2210 4164 τοῖς
2242 4097 2536 4171 μαθηταῖς,
2569 4095 2714 4150 καθά
2755 4097 2852 4150 καὶ
2879 4097 2960 4160 είς
3001 4096 3129 4158 τοὺς
3157 4093 3426 4166 πρότερον
3453 4091 3692 4144 ἐποιεῖτο

2096 4189 2344 4262 χρόνους,
2375 4189 2424 4242 εἰ
2463 4189 2538 4259 μὴ
2569 4187 2777 4258 ἐπέστη
2805 4189 2834 4241 ὁ
2865 4186 3054 4257 καιρὸς
3105 4189 3204 4258 τῆς
3237 4181 3692 4256 συμπληρώσεως

2096 4281 2194 4336 τοῦ
2225 4281 2348 4337 κατ’
2373 4279 2554 4334 αὐτῶν
2585 4279 2912 4352 μυστηρίου,
2945 4279 3042 4332 καὶ
3086 4281 3300 4342 παύσας
3339 4277 3432 4332 τὸν
3463 4275 3692 4330 τυπικδν

391 4368 542 4429 dicat
571 4367 752 4424 Lucas
773 4369 1127 4440 evangelista.
1155 4369 1443 4428 Exstincto
1459 4368 1604 4424 enim
1624 4367 1864 4431 Herode,
1893 4366 1979 4439 qui

2097 4371 2270 4442 ἀμνὸν
2317 4373 2382 4442 τῇ
2437 4371 2518 4443 κβ¹
2560 4371 2656 4426 τοῦ
2688 4371 2832 4424 κατά
2869 4371 3176 4442 Ῥωμαίους
3210 4370 3456 4444 Μαρτίου
3499 4367 3687 4440 μηνὸς,

394 4459 635 4526 infantes
679 4461 1002 4528 sustulerat,
1037 4462 1091 4518 in
1123 4462 1244 4534 ejus
1279 4462 1420 4518 ﬁlios
1449 4477 1679 4536 regnum
1709 4471 1794 4517 est
1819 4461 1979 4516 devo-

2099 4467 2238 4537 αύτῇ
2267 4467 2333 4537 τῇ
2354 4465 2398 4498 ’⁷
2433 4465 2619 4537 ἡμέρᾳ
2647 4464 2935 4537 σελήνης²⁸
2971 4463 3204 4539 ἐχούσης
3251 4469 3318 4533 ιγ’
3346 4463 3468 4533 ὥρα
3495 4478 3690 4516 νυκτε-

395 4551 594 4618 lutum,
629 4563 691 4610 ut
719 4565 908 4628 narrat
928 4555 1222 4628 Iosephus,
1250 4555 1542 4627 factusque
1566 4562 1649 4610 est
1676 4570 1766 4610 rex
1788 4553 1979 4611 Iudaea

2099 4561 2220 4630 ρινῇ
2273 4564 2316 4612 ε’
2349 4560 2416 4628 τῇ
2471 4557 2866 4631 ἐπιφωσκούσῃ
2909 4559 2990 4620 είς
3025 4537 3220 4615 εἰκάδα
3251 4557 3522 4628 τετάρτην
3555 4552 3686 4624 (Η),

395 4644 728 4714 Archelaus,
759 4647 854 4717 qui
873 4663 1064 4726 annos
1101 4665 1160 4704 rx
1210 4647 1480 4720 regnavit.
1520 4647 1650 4702 Post
1687 4645 1833 4701 illius
1862 4661 1979 4702 νοτ(

2091 4652 2246 4714 ὄντος
2295 4647 2536 4722 Ἡρώδου
2565 4647 2661 4704 τοῦ
2676 4651 2722 4682 ²⁰
2752 4650 3057 4720 τετράρχου
3107 4648 3393 4718 βασιλέως,
3423 4647 3500 4710 ὡς
3543 4643 3693 4716 δηλοῖ

399 4751 658 4819 mortem,
688 4742 936 4816 Herodes
989 4745 1266 4802 tetrarcha
1315 4744 1439 4814 ejus
1468 4743 1638 4799 frater
1663 4741 1912 4812 regnavit
1938 4741 1979 4796 ir

2095 4744 2311 4808 Λουκᾶς
2325 4743 2370 4774 ³⁸)
2397 4743 2425 4796 ὁ
2454 4739 3274 4814 εὐαγγελιστής.Ἀπυθανόντος
3303 4739 3414 4812 γὰρ
3449 4735 3688 4810 Ἡρώδου

397 4835 616 4894 (ἱειίίιωο
642 4853 820 4903 annos
841 4854 991 4904 xxiv,
1018 4853 1191 4920 usque
1213 4838 1280 4895 ad
1302 4847 1536 4894 mortem
1567 4836 1796 4892 Tiberii.
1823 4835 1979 4892 Porri

2096 4838 2192 4896 τοῦ
2217 4838 2284 4892 τὰ
2312 4838 2484 4910 νήπια
2505 4835 2788 4902 ἀνελόντος
2813 4835 2846 4906 ἡ
2876 4833 3070 4889 τούτου
3111 4831 3413 4904 μετέπεσεν
3446 4827 3591 4902 ἀρχὴ
3612 4827 3693 4892 είς

1799 5015 2126 5076 DUCANGII
2186 5014 2416 5084 ΝΟἸΪᾹΙ.

472 5160 586 5249 (15)
629 5176 814 5249 Τοῦτο
839 5175 977 5249 ὄὲ-δῗ
1011 5171 1379 5249 Πάσχαζξῐίρ
1413 5188 1466 5249 I_v
1500 5171 1763 5249 Pascha'a
1797 5189 1979 5249 nume

2100 5186 2224 5249 eum
2260 5169 2348 5224 alii
2375 5185 2431 5249 ιιι
2460 5169 2723 5249 duntaxat
2745 5177 2966 5249 putent.
3000 5165 3133 5223 Vide
3164 5165 3383 5224 Henric.
3416 5164 3688 5222 Valesium

400 5239 492 5315 [at
514 5239 583 5304 ab
616 5247 774 5318 initio
807 5239 1480 5318 przedicationis__()hrist_i_:
1505 5258 1610 5312 qua
1638 5245 1691 5318 in
1719 5246 1991 5318 sententia
2101 5242 2168 5296 ad
2190 5241 2564 5318 Διιιιιιιξιοιᾏιιιι
2594 5239 2837 5318 Eusebii.

401 5308 618 5381 videtur
649 5308 821 5376 fuisse
867 5319 1140 5388 Eusebius
1194 5315 1288 5381 lib,
1333 5329 1349 5367 ι
1385 5308 1539 5378 ωδε(
1573 5317 1700 5382 ccci.
1752 5333 1872 5388 cap.
1903 5316 1979 5380 i01

2181 5311 2293 5383 (l4)
2339 5309 2654 5379 Τετάρτην.
2681 5309 2852 5366 ιιοιδι.
2887 5308 3110 5380 Τρίτην.

1713 5473 1952 5535 νΑιιΙίΕ
1999 5471 2407 5530 LECTIONES.

476 5621 521 5655 ¹⁹
541 5622 612 5678 ιθ¹
641 5619 886 5742 ετηφὲδος
921 5618 981 5674 Ρ.
1064 5617 1109 5650 ⁹⁰
1143 5625 1192 5689 η’
1222 5618 1316 5679 καί
1344 5626 1390 5672 κ’
1422 5618 1668 5689 ετηρίδος
1713 5615 1776 5670 Ρ.
1855 5613 1896 5646 ²¹
1931 5615 1958 5670 ὁ
1987 5609 2190 5697 Κύριος
2213 5608 2466 5680 ἀληθινὸς
2488 5607 2546 5665 Ρ.
2583 5609 2733 5692 sola.~
2795 5609 2838 5640 -'
2870 5608 3035 5678 670m.
3067 5605 3127 5661 Ρ.
3205 5609 3250 5638 ’³
3277 5607 3470 5690 οὕτως.
3501 5623 3582 5675 xt,
3604 5606 3690 5663 53.

479 5689 578 5742 τῆς
620 5707 730 5742 orn.
818 5731 830 5742 .
911 5689 954 5720 "
996 5688 1206 5742 ἕδεσθαι
1242 5686 1302 5742 Ρ.
1414 5691 1458 5722 ²⁶
1491 5688 1738 5742 ἐτέλεσεν
1781 5687 1844 5742 Π.
1949 5683 1991 5716 ²⁷
2027 5686 2162 5742 αυτῇ
2209 5681 2267 5735 δὲ
2312 5684 2376 5742 τῇ
2417 5679 2476 5732 Ρ.
2591 5673 2640 5711 ⁵⁸
2673 5696 2770 5742 της
2811 5678 3041 5742 σελήνης
3092 5677 3151 5732 l’.
3265 5681 3308 5709 ’9
3339 5695 3431 5732 του
3466 5694 3576 5742 om.
3624 5675 3690 5742 Β.

401 5695 446 5732 ι³
620 5673 886 5815 g'llj'h.”
911 5673 954 5720 '7'
996 5673 1206 5743 ἕδεσθᾶι
1242 5673 1302 5757 Ρ.
1414 5691 1458 5722 ²⁶
1491 5673 1738 5754 ἐξέλεξεν
1781 5687 1844 5742 li.
1949 5683 1991 5716 ²⁷
2027 5673 2267 5754 α’δτῇῗδὲ
2308 5673 2376 5752 ﬁt
2417 5673 2476 5732 Pr
2591 5673 2640 5711 n
2673 5679 2770 5758 τῆς
2811 5673 3041 5755 σελήνης
3092 5677 3151 5732 ν’
3265 5681 3308 5709 ’θ
3339 5679 3431 5732 τοῦ
3466 5673 3576 5744 om;
3624 5675 3690 5744 θ’

403 5765 446 5804 δ’
479 5800 493 5821 .
525 5779 624 5820 ουκ
668 5777 712 5826 ς.
747 5774 901 5826 χχιιι,
2645 5812 2652 5818 -
