3948 6422
374 248 483 312 539·
576 272 584 280 ·

1567 235 2007 306 CIIRONICON
2050 241 2458 304 PASCIIALE.

3551 240 3665 306 540

371 374 467 414 an.
493 374 547 414 ν.
568 372 709 412 non
738 363 794 412 et
821 373 911 413 nx
949 356 1162 434 imperii
1183 346 1386 413 Tiberii
1410 355 1663 422 Caesaris,
1691 355 1820 410 anni
1853 353 1962 408 ini-

2091 353 2188 406 ιίου
2246 355 2526 426 Καίσαρος
2576 355 2898 428 μοναρχίας,
2942 353 3119 428 ἀρχὴν
3159 352 3382 424 είληφδς
3429 349 3540 406 ἀπδ
3565 357 3664 407 κα¹

374 449 452 504 tio
481 457 702 520 sumpto
733 464 764 504 a
798 452 889 504 xi:
913 448 1116 505 mensis
1145 447 1343 515 Martii,
1373 447 1485 502 ind.
1512 464 1586 514 ιν,
1611 447 1828 518 quando
1856 445 1962 500 Do-

373 540 562 615 minus
604 549 796 596 noster
851 540 1015 596 Iesus
1074 538 1330 595 Christus
1390 538 1684 594 salutarem
1744 552 1965 591 crucem

376 635 526 690 ultro
570 633 760 698 subiit,
788 617 1048 688 inciderit
1084 632 1138 686 in
1170 649 1302 686 χχιιι
1346 629 1554 686 mensis
1591 630 1791 695 Martii,
1827 641 1880 685 et
1909 630 1966 684 in

375 725 521 782 diem
537 724 888 780 Parasceves.
936 725 1033 780 Die
1065 734 1246 779 autem
1282 721 1612 777 Parasceves
1644 720 1964 776 cruciﬁxum

375 815 546 874 fuisse
564 820 848 874 Dominum
865 817 1335 873 doceutdivinitus
1349 817 1611 886 inspirata
1623 816 1861 879 oracula,
1881 817 1969 872 die

377 911 586 967 scilicet
604 911 766 977 festo,
784 912 860 966 uti
879 911 1130 982 superius
1149 910 1350 964 dictum
1370 919 1472 964 est.
1493 910 1694 966 Tribus
1716 925 1844 984 ergo
1876 910 1971 965 Pa-

379 1003 588 1058 schalis
607 1003 780 1065 festis.
803 1013 1087 1074 postquam
1108 1003 1372 1056 Dominus
1385 1003 1695 1073 baptizatus
1711 1014 1789 1058 est
1801 1046 1816 1070 ,
1843 1021 1970 1060 exa-

379 1095 762 1166 ctis,anuoque
775 1095 1238 1166 quarto,Paschali
1253 1096 1520 1164 festo,pro
1535 1097 1691 1150 nobis
1707 1097 1970 1152 crueilixo

381 1185 614 1240 Domino
625 1189 910 1244 evidenter
921 1189 1230 1245 ostenditur
1257 1199 1399 1244 totos
1419 1191 1782 1261 tresinlegros
1797 1205 1972 1246 annos

381 1278 673 1334 salutarem
714 1281 1160 1351 praedicationem
1189 1284 1526 1347 exercuisse,
1558 1283 1786 1354 diesque
1832 1299 1972 1354 pra:-

382 1380 532 1426 terea
563 1389 741 1438 uxvr,
765 1389 828 1428 ac.
851 1376 1046 1428 horum
1079 1375 1298 1443 quidem
1329 1383 1459 1429 ante
1479 1375 1714 1446 primum
1747 1373 1971 1444 Pascha,

381 1479 528 1517 anno
575 1481 644 1518 xv
679 1464 892 1536 imperii
948 1465 1152 1521 Tiberii
1189 1466 1439 1532 Caesaris,
1465 1467 1672 1536 aliquot
1693 1481 1822 1521 vero
1849 1475 1976 1522 ante

383 1551 596 1607 Pascha
639 1554 804 1622 hujus
837 1555 1124 1622 praesentis
1169 1569 1258 1609 an.
1295 1571 1348 1608 v.
1387 1571 1548 1620 non,
1581 1570 1691 1624 quo
1739 1555 1976 1610 salutare

381 1641 592 1699 Pascha
605 1646 857 1718 contigit.
875 1646 1034 1712 Quod
1055 1656 1236 1702 autem
1255 1647 1543 1710 Dominus,
1557 1647 1854 1718 praedicam
1878 1663 1977 1718 per

386 1741 498 1788 tres
537 1749 714 1788 annos
763 1733 1076 1807 Evangelia,
1109 1735 1178 1790 ad
1213 1736 1576 1790 voluntariam
1613 1744 1670 1791 et
1709 1735 1978 1791 vivificam
2011 1726 2053 1782 Β

383 1840 601 1880 crucem
625 1827 860 1894 venerit,
894 1827 1056 1883 docet
1085 1828 1329 1898 lgnalius
1351 1829 1440 1884 ille
1468 1827 1643 1884 deifer
1669 1836 1724 1882 et
1752 1836 1978 1899 martyr,

384 1917 478 1986 qui
505 1917 732 1974 Joannis
762 1918 1019 1992 Theologi
1050 1921 1324 1990 genuinus
1351 1920 1660 1990 discipulus
1689 1919 1814 1986 fuit,
1850 1935 1980 1976 san-

385 2011 753 2084 ctissimeque
812 2014 1171 2070 Antiocheuae
1226 2015 1490 2069 Ecclesiae
1554 2015 1848 2085 episcOpus
1911 2015 1980 2072 ab

387 2104 653 2172 apostolis
675 2104 1027 2160 constitutus.
1059 2103 1108 2158 Is
1134 2103 1338 2174 quippe
1375 2103 1431 2158 iu
1463 2103 1704 2174 Epistula
1737 2103 1804 2157 ad
1825 2102 1981 2157 Tral-

387 2196 564 2252 lianos
594 2197 674 2252 sic
717 2199 884 2252 verbo
916 2205 1079 2252 tenus
1109 2197 1374 2268 scripsit:
1408 2215 1427 2249 ι
1471 2196 1610 2252 Vere
1645 2197 1851 2252 etenim
1887 2213 1983 2267 pe-

388 2286 534 2356 perit
579 2286 747 2342 Maria
789 2303 1010 2358 corpus,
1060 2287 1174 2344 Deo
1214 2287 1271 2342 in
1317 2304 1381 2343 ea
1420 2289 1722 2355 habitante,
1765 2299 1820 2346 et
1854 2306 1984 2347 vere

389 2385 555 2431 natus
583 2386 668 2432 est
695 2377 838 2433 Deus
868 2377 1111 2432 Verbum
1157 2393 1222 2432 ex
1255 2378 1512 2450 Virgine:
1555 2396 1756 2452 corpus
1784 2381 1984 2437 simili-

281 2501 285 2506 -
391 2477 478 2524 ter
500 2469 660 2525 nobis
687 2470 948 2541 passibile
991 2471 1111 2526 sine
1136 2481 1362 2540 peccato
1390 2471 1626 2526 induens
1655 2491 1668 2526 :
1695 2489 1824 2528 vere
1853 2489 1986 2529 con-

393 2570 587 2632 ceptus
615 2569 704 2616 est
732 2561 784 2616 in
813 2572 990 2626 utero,
1029 2571 1085 2618 et
1112 2563 1290 2617 factus
1314 2572 1398 2618 est
1421 2562 1477 2616 in
1508 2563 1668 2618 vulva
1715 2564 1826 2635 (qui
1861 2581 1984 2620 om-

391 2670 493 2710 nes
524 2654 776 2710 homines
804 2655 860 2708 in
891 2655 1049 2709 vulva
1079 2655 1274 2726 ﬁngit),
1294 2655 1536 2712 formans
1562 2667 1618 2712 et
1649 2657 1853 2714 iaciens
1881 2659 1985 2714 sibi

393 2761 594 2816 corpus
615 2761 682 2800 ex
707 2745 950 2817 Virgine,
979 2747 1098 2804 sine
1130 2749 1340 2804 semine
1366 2750 1576 2805 scilicet
1605 2759 1662 2806 et
1685 2761 1986 2807 consuetu-

393 2835 523 2891 dine
550 2837 690 2892 viri:
727 2847 1084 2909 portatusque
1118 2839 1172 2894 in
1215 2848 1392 2904 utero,
1434 2841 1576 2896 sicut
1612 2851 1668 2897 et
1699 2858 1799 2897 nos
1845 2852 1983 2898 tem-

394 2945 528 2998 pore
553 2932 750 2998 portati
781 2947 972 2986 sumus
996 2950 1010 2986 :
1041 2941 1097 2987 et
1127 2948 1252 2990 vere
1274 2933 1507 2990 laetatus
1535 2944 1638 3002 est,
1665 2945 1721 2990 et
1742 2938 1986 2993 nutritus

2071 447 2165 500 τοῦ
2207 449 2350 502 κατὰ
2386 449 2693 520 Ῥωμαίους
2739 449 2988 521 Μαρτίου
3023 449 3213 520 μηνὸς,
3246 447 3344 502 ινδ.
3371 445 3436 512 δ’,
3465 445 3593 501 καθ’
3630 445 3664 500 6

2071 544 2101 596 6
2127 540 2332 612 Κύριος
2381 541 2538 612 ἡμῶν
2577 542 2786 614 Ἰησοῦς
2832 545 2861 596 6
2895 543 2942 575 τ’
2993 542 3227 614 Χριστὸς
3269 541 3360 594 τὸν
3405 539 3665 594 ἑκούσιον

2073 630 2170 686 καὶ
2200 631 2462 696 ζωποιὸν
2509 634 2772 704 ὑπέμεινε
2803 635 3058 706 σταυρὸν,
3085 634 3324 704 ἔφθασεν
3349 635 3413 704 τῇ
3449 639 3535 702 κγ’
3561 630 3665 686 τοῦ

2074 725 2320 796 Μαρτίου
2375 727 2544 796 μηνὸς
2595 728 2688 782 καὶ
2747 730 2804 781 ἐν
2856 727 3039 800 ἡμέρᾳ
3093 729 3424 798 Παρασκευῇ
3457 725 3524 780 ’³.
3569 725 3666 804 Ἐν

2073 816 2258 888 ἡμέρᾳ
2287 817 2343 871 δέ
2381 821 2710 892 Παρασκευῇ
2739 821 2784 852 ’³
2819 820 3198 892 σταυρωθῆναι
3220 819 3310 873 τὸν
3353 818 3556 888 Κύριον
3578 817 3668 872 δι-

2075 908 2367 962 δάσκουσιν
2401 910 2470 963 τά
2496 909 2836 966 θεόπνευστα
2867 911 3045 980 λόγια,
3101 912 3158 963 ἐν
3207 913 3274 981 τῇ
3325 909 3420 964 τοῦ
3469 910 3670 980 Πάσχα

2077 1001 2262 1072 ἑορτῇ,
2295 1000 2477 1066 καθὼς
2504 1001 2815 1072 ἔμπροσθεν
2845 999 3082 1075 εἴρηται.
3119 1002 3299 1074 Τριῶν
3326 998 3418 1056 οὖν
3464 1002 3668 1072 Πάσχα

2081 1092 2219 1162 μετὰ
2264 1093 2326 1146 τὸ
2359 1093 2724 1164 βαπτισθῆναι
2769 1095 2860 1150 τὸν
2911 1095 3117 1167 Κύριον
3144 1093 3534 1160 τελεσθέντων,
3569 1094 3670 1148 καὶ

2077 1186 2136 1238 ἐν
2161 1185 2240 1256 τῷ
2273 1187 2520 1259 τετάρτῳ
2547 1187 2658 1242 ἔτει
2689 1189 2790 1260 τῆς
2810 1189 2856 1222 ⁷⁸
2890 1189 2987 1244 τοῦ
3033 1190 3228 1260 Πάσχα
3275 1188 3472 1259 ἑορτῆς
3523 1188 3670 1259 ὑπὲρ

2079 1276 2239 1348 ἡμῶν
2279 1278 2691 1348 σταυρωθέντος
2735 1279 2830 1335 τοῦ
2886 1280 3123 1353 Κυρίου,
3153 1280 3431 1334 δείκνυται
3476 1279 3676 1349 σαφῶς

2078 1370 2161 1422 ὅτι
2181 1369 2308 1440 τρία
2329 1369 2598 1443 ὁλόκληρα
2629 1371 2724 1441 ἔτη
2749 1372 2810 1425 τὸ
2835 1375 3101 1443 σωτήριον
3131 1371 3370 1436 ἐδίδαξεν
3400 1371 3674 1442 κήρυγμα

2081 1462 2176 1514 καὶ
2202 1461 2418 1532 ἡμέρας
2448 1462 2557 1530 ος’,
2591 1463 2744 1527 τινάς
2777 1463 2874 1534 μὲν
2909 1463 3090 1519 αὐτῶν
3137 1463 3244 1532 πρὸ
3274 1461 3368 1516 τοῦ
3401 1463 3592 1532 Πάσχα
3620 1461 3673 1494 ’⁸

2082 1549 2176 1604 τοῦ
2211 1551 2430 1623 πρώτου
2469 1553 2610 1606 κατὰ
2647 1553 2706 1606 τὸ
2731 1560 2790 1606 ιε’
2823 1553 2941 1618 έτος
2974 1555 3072 1623 τῆς
3105 1552 3360 1622 Τιϐερίου
3390 1551 3676 1621 Καίσαρος

2089 1645 2409 1716 μοναρχίας,
2441 1646 2594 1712 τινάς
2627 1648 2685 1702 δέ
2732 1647 2836 1719 πρὸ
2884 1647 2979 1700 τοῦ
3027 1646 3171 1702 κατά
3213 1647 3274 1700 τὸ
3323 1646 3497 1718 παρὸν
3549 1646 3676 1709 ἔτος

2083 1735 2224 1807 ,εφμ’
2260 1737 2550 1806 γεγονότος
2601 1738 2981 1809 σωτηριώδους
3015 1739 3230 1808 Πάσχα.
3263 1739 3386 1790 Ὅτι
3433 1737 3492 1790 δὲ
3517 1739 3676 1807 τρεῖς

2081 1829 2366 1892 ἐνιαυτοὺς
2383 1829 2630 1899 κηρύξας
2647 1830 2707 1883 τὸ
2729 1828 3062 1898 Εὐαγγέλιον
3079 1831 3106 1882 ὁ
3132 1828 3335 1900 Κύριος
3359 1828 3450 1882 ἐπὶ
3470 1827 3562 1880 τὸν
3584 1827 3676 1881 ἐκ·

2082 1919 2264 1972 ούσιον
2298 1921 2390 1974 καὶ
2417 1921 2680 1986 ζωοποιὸν
2701 1917 2832 1991 ἦλθε
2865 1921 3100 1992 σταυρὸν
3129 1920 3372 1974 διδάσκει
3390 1917 3678 1986 καὶΊγνά-

2082 2030 2195 2076 τιος
2229 2014 2256 2067 6
2285 2014 2544 2085 θεοφόρος
2565 2013 2660 2068 καὶ
2689 2014 2926 2085 μάρτυς,
2955 2016 2984 2069 6
3017 2013 3264 2068 Ἰωάννου
3291 2011 3385 2066 τοῦ
3419 2012 3678 2076 θεολόγου

2083 2109 2304 2178 γνήσιος
2339 2106 2590 2179 μαθητὴς
2613 2105 2873 2176 γεγονὼς,
2901 2107 3000 2177 τῆς
3026 2106 3082 2161 δέ
3103 2106 3162 2159 ἐν
3184 2105 3488 2177 ’Δντιοχεέα
3508 2106 3682 2174 ἁγιω-

2083 2201 2254 2270 τάτης
2285 2199 2614 2271 Ἐκκλησίας
2636 2199 2937 2264 ἐπίσκοπος
2965 2199 3071 2254 ὑπὸ
3087 2199 3196 2253 τῶν
3212 2198 3535 2254 ἀποστόλων
3560 2197 3676 2269 (55)

2085 2292 2470 2356 κατασταθείς.
2516 2293 2604 2346 Ἑν
2631 2295 2697 2363 τῇ
2733 2291 2873 2364 πρὸς
2903 2291 3274 2362 Τραλλιανοὺς
3303 2290 3485 2344 τοίνυν
3518 2290 3670 2344 Ἐπι-

2088 2384 2249 2455 στολῇ
2293 2382 2406 2453 (56)
2451 2382 2729 2454 γέγραφεν
2754 2384 2846 2436 ἐπὶ
2871 2382 3071 2450 λέξεως
3117 2381 3326 2446 οὕτως’
3364 2399 3384 2432 ί
3433 2379 3669 2450 Ἀληθῶς

2085 2473 2267 2528 τοίνυν
2297 2474 2559 2544 ἐγέννησε
2599 2474 2788 2544 Μαρία
2818 2473 2878 2527 τὸ
2914 2473 3075 2544 σῶμα
3105 2473 3238 2528 Θεὸν
3265 2473 3386 2544 ἕχον
3441 2471 3672 2534 ἔνοικον,

2087 2565 2181 2619 καὶ
2209 2564 2428 2636 άληθῶς
2457 2565 2722 2635 ἐγεννήθη
2749 2565 2779 2616 6
2809 2565 2982 2632 Λόγος
3015 2566 3082 2619 ἐκ
3109 2564 3211 2635 τῆς
3238 2564 3516 2636 Παρθένου
3555 2564 3680 2617 Μα-

2090 2655 2233 2728 ρίας,
2270 2654 2431 2724 σῶμα
2464 2653 2794 2724 ὁμοιοπαθὲς
2833 2652 2976 2726 ’ἡμῖν
3007 2653 3385 2724 ἠμφιεσμένος
3408 2652 3474 2706 ⁷⁸.
3519 2653 3682 2724 Ἀλη-

2089 2747 2198 2810 θῶς
2232 2746 2456 2816 γέγονεν
2484 2748 2540 2799 ἐν
2565 2745 2750 2818 μήτρᾳ
2769 2749 2798 2800 6
2822 2747 3032 2810 πάντας
3055 2745 3379 2817 ἀνθρώπους
3409 2746 3468 2799 ἐν
3497 2747 3686 2818 μήτρᾳ.

2088 2838 2454 2901 διαπλάττων,
2482 2838 2578 2892 καὶ
2611 2837 2869 2908 ἐποίησεν
2893 2835 3071 2908 ἐαυτῷ
3100 2835 3260 2906 σῶμα
3284 2835 3448 2906 222
3478 2837 3541 2888 ἐκ
3568 2835 3684 2890 τῶν

2089 2931 2188 3002 τῆς
2219 2929 2498 3002 Παρθένου
2527 2931 2886 3002 σπερμάτων,
2916 2927 3058 3000 πλὴν
3085 2929 3211 2984 ὅσον
3237 2927 3456 2998 ὁμιλίας
3488 2927 3690 2998 ἀνδρὸς

396 3019 540 3075 sicut
562 3036 684 3086 nos,
709 3031 764 3076 et
795 3023 918 3078 cibo
943 3031 999 3078 et
1035 3033 1169 3095 potu
1207 3026 1368 3081 sicuti
1398 3034 1454 3082 et
1482 3043 1586 3082 nos
1613 3043 1743 3082 usus
1771 3038 1892 3084 est:
1930 3038 1981 3084 et

2091 3023 2244 3078 ἄνευ.
2297 3021 2535 3093 Ἀληθῶς
2576 3021 2946 3093 ἐκυοφορήθη,
2993 3021 3070 3086 ὡς
3113 3021 3208 3076 καὶ
3257 3022 3445 3090 ἡμεῖς,
3475 3019 3690 3092 χρόνων

397 3113 617 3186 triginta
671 3131 845 3173 annos
873 3133 1041 3188 agens
1095 3118 1404 3188 baptizatus
1445 3132 1528 3175 est
1577 3137 1606 3175 a
1660 3121 1894 3188 Joanne,
1931 3123 1981 3178 in

2093 3115 2385 3188 περιόδοις,
2422 3115 2520 3169 καὶ
2545 3114 2761 3186 ἀληθῶς
2790 3113 3010 3187 ἐτέχθη,
3040 3115 3117 3178 ώς
3159 3115 3257 3169 καὶ
3289 3115 3472 3185 ἡμεῖς.
3518 3111 3686 3184 Ἄλη-

395 3205 628 3261 veritate
678 3217 735 3262 et
781 3223 891 3262 non
939 3210 994 3264 in
1037 3211 1459 3280 phantasmate:
1507 3223 1566 3269 et
1613 3214 1786 3269 tribus
1831 3217 1981 3271 annis

2092 3207 2202 3272 θῶς
2235 3207 2782 3280 ἐγαλακτοτροφήθη,
2827 3209 2922 3262 καὶ
2943 3208 3152 3279 τροφῆς
3177 3207 3366 3276 κοινῆς
3389 3207 3485 3262 καὶ
3511 3205 3687 3259 ποτοῦ

397 3295 718 3365 praedicavit
758 3297 1138 3369 Evangelium,
1183 3309 1239 3356 et
1276 3301 1407 3356 fecit
1449 3303 1601 3374 signa
1635 3313 1691 3358 et
1740 3305 1981 3376 prodigia

2097 3301 2384 3373 μετέσχεν,
2417 3300 2493 3364 ὡς
2533 3299 2630 3354 καὶ
2677 3301 2861 3372 ἡμεῖς,
2923 3301 3020 3354 καὶ
3068 3301 3221 3371 τρεῖς
3265 3299 3498 3363 δεκάδας
3542 3298 3687 3354 ἐτῶν

398 3403 586 3443 coram
623 3389 773 3446 falsis
800 3391 1006 3448 Judaeis
1035 3410 1047 3447 :
1080 3401 1135 3448 et
1165 3409 1194 3448 a
1228 3393 1399 3449 Pilato
1435 3395 1669 3466 praeside
1689 3397 1861 3466 judex
1903 3397 1981 3467 ju-

2093 3391 2557 3462 πολιτευσάμενος
2587 3389 2892 3461 ἐϐαπτίσθη
2924 3389 3030 3446 61:6
3064 3391 3310 3444 Ἰωάννου
3341 3388 3560 3460 άληθῶς
3587 3387 3687 3442 καὶ

399 3477 612 3534 dicatus
641 3489 746 3547 est,
780 3481 1081 3554 ﬂagellatus
1117 3495 1222 3552 est,
1251 3487 1498 3556 colaphis
1527 3504 1702 3544 caesus
1725 3499 1828 3554 est,
1861 3505 1981 3545 cons

2097 3486 2160 3539 οὐ
2181 3484 2424 3554 δοκήσει.
2449 3481 2561 3536 Καὶ
2594 3479 2644 3551 γ’
2673 3481 2957 3544 ἐνιαυτοὺς
2988 3480 3234 3552 κηρύξας
3262 3479 3324 3534 τὸ
3349 3478 3690 3549 Εὐαγγέλιον

401 3579 598 3639 sputus
629 3581 730 3634 est.
752 3574 1001 3642 spineam
1027 3591 1286 3632 coronam
1311 3595 1752 3652 purpureamque
1783 3592 1981 3638 vestem

2100 3577 2196 3632 καὶ
2246 3575 2480 3644 ποιήσας
2515 3575 2717 3644 σημεῖα
2749 3573 2844 3625 καὶ⁵
2877 3573 3082 3643 τέρατα
3112 3573 3218 3626 61:6
3245 3571 3357 3624 τῶν
3401 3570 3690 3639 ψευδοῖου-

401 3663 660 3732 portavit,
693 3667 1094 3723 condemnatus
1133 3677 1236 3734 est,
1265 3673 1558 3730 crucilixus
1589 3684 1674 3730 cst
1715 3691 1867 3738 vere,
1899 3691 1981 3730 se-

2099 3668 2268 3722 δαίων
2297 3667 2392 3720 καὶ
2439 3663 2674 3720 Πιλάτου
2697 3663 2965 3735 ήγεμόνος
2996 3667 3026 3718 6
3053 3664 3245 3734 κριτής
3301 3662 3518 3734 ἐκρίθη,
3550 3663 3692 3731 ἐμα-

403 3751 594 3822 pultus
619 3763 723 3820 est,
757 3765 814 3811 et
835 3759 1135 3814 resurrexit
1165 3777 1194 3814 a
1227 3763 1479 3818 mortuis.
1525 3783 1543 3816 ι

2097 3758 2338 3830 στιγώθη
2388 3755 2496 3811 ὑπὸ
2521 3756 2744 3823 δούλων,
2776 3757 2870 3810 ἐπὶ
2923 3756 3129 3830 κόρρης
3151 3754 3464 3826 ἐρραπίσθη
3500 3754 3568 3819 ⁷⁷,
3607 3754 3692 3806 ἐν-

405 3845 702 3918 επτύσϐηη
731 3848 1024 3904 ἀκάνθινον
1108 3853 1371 3920 στέφανον
1449 3856 1545 3910 καὶ
1613 3858 1933 3930 πορφυροῦν
2001 3857 2218 3930 ἱμάτιον
2299 3847 2581 3920 ἐφόρεσεν,
2650 3848 2980 3920 κατεκρίθη.
3063 3845 3384 3918 ἐσταυρώθη
3442 3843 3688 3916 ἀληθῶς.

404 3940 468 3994 06
505 3939 757 4012 δοκήσει,
807 3943 868 3997 o6
907 3945 1198 4017 φαντασίᾳ,
1233 3947 1335 4000 οὐκ
1366 3947 1573 4020 ἀπάτῃ.
1616 3951 1912 4006 Ἀπέθανεν
1944 3949 2180 4022 άληθῶς,
2219 3946 2314 4000 καὶ
2348 3943 2546 4014 ἐτάφη,
2581 3941 2677 3996 καλ⁸
2720 3941 2931 4030 ἠγέρθη
2979 3943 3045 3994 ἐκ
3079 3940 3188 3993 τῶν
3225 3937 3456 4010 νεκρῶν.
3495 3955 3514 3989 ι

479 4055 621 4113 Ecce
637 4067 838 4142 .aperte
877 4061 1104 4116 omnino
1143 4061 1266 4118 talis
1291 4078 1355 4118 ac
1385 4071 1570 4123 tantus
1599 4066 1854 4124 Ecclesiae
1896 4067 1998 4123 do-

2170 4063 2304 4118 Ἰδοὺ
2339 4059 2594 4131 φανερῶς
2619 4061 2647 4112 6
2677 4056 2918 4122 τοιοῦτος
2943 4058 3039 4112 καὶ
3067 4056 3390 4128 τηλικοῦτος
3421 4057 3522 4126 τῆς
3560 4054 3690 4108 Ἐκο

409 4156 530 4205 ctor
573 4150 815 4206 triennio
845 4167 880 4207 a
909 4153 1201 4210 Servatore
1242 4155 1598 4226 praedicatum
1641 4159 1981 4233 Evangeliun

2091 4155 2192 4226 κλη
2202 4155 2325 4217 σίας
2349 4151 2671 4215 διδάσκαλος
2689 4153 2842 4218 τρεῖς
2859 4151 3139 4214 ἐνιαυτοὺς
3159 4147 3397 4221 κηρῦξαι
3420 4147 3482 4200 τὸ
3508 4147 3687 4216 Εὐαγ-

411 4240 564 4296 dicit.

483 4332 586 4400 Qui
613 4348 744 4406 ergo
771 4335 1030 4392 adversus
1057 4347 1262 4394 sancta:
1290 4339 1572 4396 catholica:
1601 4351 1654 4396 et
1687 4339 2004 4412 apostolicae

413 4422 671 4482 Ecclesiae
695 4426 813 4484 dies
847 4427 1014 4484 festos
1034 4430 1152 4484 ausi
1185 4440 1313 4486 sunt
1341 4433 1614 4500 scribere,
1643 4433 2004 4503 quadriennio

415 4525 562 4582 toto,
591 4519 894 4591 diebusque
909 4521 1118 4592 aliquot
1137 4539 1169 4578 a
1187 4523 1418 4580 Domino
1451 4523 1802 4596 Evangelium
1833 4525 2004 4580 fuisse

413 4605 1000 4682 praedicatum,'sancto
1029 4616 1236 4672 deifero
1266 4618 1512 4689 martyri,
1549 4626 1606 4674 et
1642 4619 1812 4674 sacris
1833 4617 2004 4673 Litte-

412 4701 494 4760 ris
525 4705 798 4763 contraire
834 4707 1349 4780 deprehenduntur.

2026 4255 2072 4310 D
2099 4246 2280 4318 γέλιον
2305 4245 2398 4300 τὸν
2431 4245 2662 4315 Σωτῆρα
2685 4242 2855 4312 λέγει.

2182 4339 2246 4393 0i
2273 4336 2332 4392 δὲ
2391 4335 2534 4390 κατὰ
2561 4335 2671 4388 τῶν
2702 4334 2906 4406 ἑορτῶν
2936 4334 3034 4404 τῆς
3065 4333 3228 4402 ἁγίας
3256 4332 3351 4386 τοῦ
3377 4330 3516 4384 Θεοῦ
3555 4327 3692 4384 καθ-

2109 4427 2296 4499 ολικῆς
2323 4427 2419 4481 καὶ
2483 4425 2853 4496 άποστολικῆς
2894 4424 3224 4495 Ἐκκλησίας
3253 4421 3462 4494 γράψαι
3488 4420 3695 4491 τολμή-

2111 4533 2304 4581 σαντες
2345 4517 2620 4587 τέσσαρας
2664 4515 2948 4578 ἐνιαυτοὺς
2980 4513 3312 4585 ὁλοκλήρους
3345 4517 3442 4566 καὶ
3479 4511 3694 4583 ἡμέρας

2109 4610 2260 4673 τινάς
2283 4606 2520 4686 κηρῦξαι
2546 4607 2638 4660 τὸν
2664 4607 2871 4678 Κύριον
2894 4605 2954 4658 τὸ
2969 4605 3304 4674 Εὑαγγέλιον
3323 4605 3696 4674 ἀπεφήναντο,

2109 4701 2514 4772 ἐναντιούμενοι
2556 4699 2634 4770 τῷ
2673 4697 2892 4772 ῥηθέντι
2927 4696 3172 4769 θεοφόρῳ
3202 4698 3299 4752 καὶ
3339 4696 3581 4766 μάρτυρι
3603 4693 3698 4748 καὶ

2111 4795 2232 4858 ταῖς
2259 4793 2442 4862 ἁγίαις
2481 4793 2746 4864 Γραφαῖς.

1765 4947 2092 5008 DUCANC-ll
2131 4947 2362 5007 NOTAE.

490 5097 602 5168 (35)
653 5095 668 5116 '
682 5093 802 5168 Υπὸ
816 5093 979 5168 -τῶνμ
995 5093 1376 5168 ἀποστόλων.
1409 5091 1764 5168 §criptorum
1781 5098 2004 5168 senten-

419 5160 546 5232 tias,
585 5160 677 5238 qui
712 5166 772 5238 S.
815 5163 1078 5238 Ignatium
1107 5163 1177 5218 ab
1216 5162 1474 5238 apostolis
1513 5160 1817 5238 Antiochia:
1853 5160 2003 5238 ord_i_-
2053 5197 2058 5202 ι

419 5231 619 5298 ηοιιιιιὶ
649 5237 816 5292 fuisse
841 5231 1167 5304 episcopum
1199 5231 1488 5298 tradidere,
1527 5232 1712 5304 multis
1741 5231 2006 5304 expendit

421 5308 568 5369 idem
591 5302 902 5364 (Ζοιειειιίιιε
917 5306 983 5360 ad
1019 5303 1300 5360 Constitui.
1335 5312 1508 5372 αροει.
1544 5319 1665 5376 pag.
1694 5302 1818 5358 298.

2117 5085 2154 5164 '_
2183 5087 2295 5164 (τῳ
2333 5084 2690 5164 Ἐπιστοριῇ.
2727 5083 2969 5164 Epistola
3015 5082 3238 5164 scilicet.
3268 5080 3593 5164 interpolata
3629 5081 3702 5136 ad

2113 5155 2420 5285 'll'raltliianos
2458 5174 2524 5213 -n.
2553 5155 2660 5224 10,
2691 5155 2849 5228 cujus
2901 5155 3408 5225 interpretationem
3455 5161 3702 5208 veterem

2135 5246 2206 5286 nc
2273 5245 2448 5284 amus.

1713 5477 1950 5536 VARle
1981 5475 2390 5533 LECTIONES.

483 5603 544 5642 ’δ’
577 5605 606 5656 ὁ
633 5618 746 5658 om.
777 5599 838 5658 Ρ.
934 5601 980 5632 ⁷³
1010 5600 1366 5725 παθοασκευῆς
1435 5600 1519 5658 bis
1564 5601 1627 5654 P.

508 5676 675 5725 κόοης
704 5671 974 5725 ἐοαπίσθη
1011 5672 1051 5725 Ρ
1106 5711 1119 5725 .

427 5673 476 5709 ⁸³⁷
508 5676 675 5746 κόρης
704 5671 975 5749 ἑραπίσθη
1011 5671 1119 5725 PV.

1731 5600 1774 5631 7"
1803 5601 1901 5671 τῆς
1937 5615 2049 5654 om.
2079 5597 2144 5653 Π.

2247 5597 2294 5628 ⁷⁸
2335 5593 2550 5666 πρώτου
2596 5591 2690 5646 τοῦ
2741 5591 2934 5661 Πάσχα
2975 5587 3036 5644 Ρ.
3140 5589 3186 5620 "
3211 5586 3586 5660 ἠμφιεσμένον
3631 5583 3702 5643 Β.
