3948 6418
286 265 400 334 5U

1469 263 1912 329 CHRONICON
1959 267 2368 328 PASCHALE.

3449 266 3566 332 Mi

338 374 472 429 ὀτι
503 373 560 430 δὲ
603 377 753 446 τρεῖς
795 375 1074 438 ἐνιαυτοὺς
1099 375 1130 429 6
1169 375 1360 447 Σωτὴρ
1407 377 1613 443 ἐδίδαξε
1659 378 1720 432 τὸ
1750 379 1854 449 κή-

2035 375 2191 443 Quod
2235 392 2366 432 vero
2406 375 2666 432 Servator
2698 391 2798 449 per
2837 385 2951 436 tres
2985 393 3158 433 annos
3205 377 3561 450 Evangeiium

269 484 463 540 ρυγμα
489 466 765 522 δείκνυται
809 470 902 523 καὶ
945 467 1006 535 ἐξ
1056 469 1260 541 ἐτέρων
1307 471 1626 540 ἀναγκαίων
1663 470 1860 538 λόγων,

265 561 332 616 εκ
374 577 440 615 τε
491 560 604 616 τῶν
667 561 828 634 ίερῶν
902 562 1252 632 Εὐαγγελίων
1300 566 1396 617 καὶ
1449 563 1515 617 ὲκ
1575 563 1686 617 τῶν
1743 563 1862 618 Ἰω-

269 654 484 726 σήππῳ
526 653 605 726 τῷ
638 655 772 726 παρ’
809 655 1083 727 Ἑϐραίοις
1117 654 1266 727 σοφῷ
1303 655 1648 726 γραφέντων,
1679 655 1775 710 καί⁹
1803 656 1863 723 ἐξ

263 739 475 811 ὦν,,ῶς
507 747 834 818 πρόκειται,
876 750 904 800 6
943 747 1096 818 παρὰ
1145 749 1261 812 τοῖς
1289 746 1516 818 Ἕλλησι
1561 747 1863 818 χρονογρά-

269 857 366 910 φος
407 839 460 872 ⁷⁸
505 841 760 910 ἱστόρησε
804 841 1022 910 Φλέγων
1058 841 1086 893 ὁ
1116 839 1216 904 τὰς
1263 839 1636 910 Ὀλυμπιάδας
1685 839 1864 894 τεθει-

275 931 378 996 and);
407 931 460 966 ⁷⁵
493 931 606 1004 (57)
648 932 826 1000 λέγων
849 949 864 962 ο
895 952 915 984 ι
952 933 1044 1004 Τῷ
1084 933 1150 987 δὲ.
1185 933 1433 1004 τετάρτῳ
1475 932 1590 1004 ('68)
1624 931 1733 984 ἔτει
1765 931 1864 999 τῆς

274 1023 414 1093 63'“
443 1023 808 1094 Ὀλυμπιάδος
824 1022 1294 1094 ἐγένετοέκλειψις
1314 1023 1466 1093 ἡλίου
1492 1021 1721 1094 μεγίστη
1747 1019 1860 1074 τῶν

263 1116 634 1186 ἐγνωσμένων
676 1117 977 1188 πρότερον·
1011 1116 1106 1179 καὶ
1145 1116 1241 1183 νὺξ
1281 1115 1400 1188 ὥρα
1426 1115 1562 1186 ἓκτῃ
1592 1117 1692 1184 τῆς
1726 1113 1865 1184 ἠμέ-

266 1225 372 1277 ρας
409 1208 653 1276 ἐγένετο,
695 1207 839 1262 ὥστε
889 1209 984 1263 καὶ
1013 1208 1252 1279 ἀστέρας
1284 1210 1342 1260 έν
1366 1190 1580 1278 οὐρανῷ
1607 1207 1653 1238 ³⁸
1688 1207 1863 1276 φανῆ-

265 1318 379 1366 ναι,
445 1301 673 1372 σεισμός
701 1319 763 1355 τε
799 1302 970 1370 μέγας
999 1301 1141 1354 κατὰ
1180 1299 1434 1354 Βιθυνίαν
1473 1300 1766 1368 γενόμενος
1793 1298 1863 1352 τὰ

263 1395 448 1450 πολλὰ
487 1397 725 1460 Νικαίας
780 1395 1210 1466 κατεστρέψατο.
1251 1413 1270 1446 ι
1316 1392 1502 1448 Ταῦτα
1543 1393 1572 1446 6
1599 1392 1862 1462 δηλωθεὶς

263 1489 434 1559 ἀνὴρ.
492 1489 574 1543 Τά
615 1488 799 1559 μέντοι
833 1487 954 1558 ίερά
991 1487 1298 1556 Εὐαγγέλια
1327 1485 1596 1558 ἄρξασθαι
1627 1485 1718 1538 τὸν
1747 1483 1862 1538 Κύ-

267 1581 388 1652 ριόν
436 1597 573 1649 φασι
605 1580 702 1635 τοῦ
750 1579 1021 1653 σωτηρίου
1065 1579 1425 1649 κηρύγματος
1450 1577 1544 1629 ἐπὶ
1569 1577 1737 1628 Ἀννα
1759 1575 1860 1644 ἀρ·

267 1669 521 1742 κιερέως.
555 1672 938 1740 σταυρωθῆναι
968 1668 1024 1721 δὲ
1048 1669 1142 1721 ἐπὶ
1165 1666 1387 1734 Καῖάφα
1409 1665 1681 1734 λέγουσιν.
1723 1663 1782 1716 '0
1803 1661 1860 1714 δὲ

1965 468 2373 538 prmdicaverit,
2411 477 2562 537 patet
2589 479 2852 538 praeterea
2879 483 2945 524 ex
2970 469 3091 524 aliis
3117 469 3444 525 necessariis
3484 487 3562 524 ra-

1967 561 2211 615 tionibus
2241 570 2296 615 et
2324 563 2498 615 sacris
2521 559 2852 631 Evangeliis,
2881 571 2936 617 et
2961 577 3026 616 ex
3062 561 3280 632 scriptis
3307 561 3560 632 Josephi,

1963 652 2066 706 viri
2107 652 2252 707 inter
2275 651 2494 708 Judaeos
2520 653 2665 708 docti
2698 671 2713 708 :
2759 664 2924 721 atque
2953 655 3090 709 adeo
3115 669 3184 708 ex
3213 653 3279 708 iis
3300 693 3315 720 ,
3350 663 3407 708 ut
3435 662 3563 708 ante

1967 745 2176 800 dictum
2192 755 2276 800 est
2297 787 2311 814 ,
2343 761 2466 816 quae
2493 746 2636 801 inter
2672 746 2893 804 Graecos
2935 749 3302 818 ehronologos
3330 749 3564 802 celebris

1965 833 2208 906 Phlegon
2247 837 2528 904 narravit,
2563 839 2654 907 qui
2689 837 3069 909 Olympiadum
3113 842 3382 894 rationem
3423 855 3559 894 eon-

1967 927 2222 998 scripsit,
2263 928 2413 984 hisce
2462 931 2690 986 verbis:
2745 951 2764 982 ‹
2793 930 3001 996 Quarto
3036 942 3221 987 autem
3264 946 3411 986 anno
3457 946 3560 985 ccn

1965 1017 2298 1089 Olympiadis
2326 1037 2518 1092 magna
2539 1033 2592 1076 et
2614 1022 2847 1092 insignis
2870 1023 3014 1078 inter
3043 1039 3257 1089 omnes,
3286 1040 3408 1093 qua:
3433 1032 3561 1076 ante

1965 1125 2086 1164 eam
2119 1111 2466 1179 acciderant,
2493 1114 2726 1170 defectio
2765 1117 2897 1175 solis
2944 1117 3174 1188 contigit
3218 1137 3230 1172 :
3279 1117 3398 1173 dies
3424 1117 3560 1172 hora

1966 1214 2119 1260 sexta
2145 1207 2199 1260 in
2233 1209 2580 1263 tenebrosam
2611 1219 2829 1264 noctem
2861 1210 2934 1265 ita
2960 1226 3155 1266 versus
3177 1220 3278 1273 est,
3308 1220 3362 1265 ut
3390 1209 3560 1264 stellas

1966 1299 2022 1352 in
2053 1300 2193 1355 caelo
2223 1301 2353 1356 visa:
2382 1302 2492 1356 sint
2517 1343 2531 1366 ,
2573 1310 2839 1373 terraeque
2875 1313 3061 1358 motus
3091 1305 3146 1358 in
3173 1304 3422 1375 Bithynia
3470 1303 3562 1357 Ni-

1965 1405 2090 1446 caea:
2114 1391 2266 1447 urbis
2289 1394 2488 1448 multas
2519 1395 2666 1450 aedes
2693 1396 2978 1450 subvertit.
3009 1414 3028 1446 ι
3067 1395 3192 1452 Haec
3215 1394 3563 1466 supradictus

1963 1484 2068 1539 vir.
2094 1483 2344 1540 Salutare
2359 1487 2576 1556 quidem
2595 1488 3001 1557 przedicationis
3041 1503 3241 1542 munus
3271 1503 3300 1541 a
3336 1485 3561 1542 Christo

1963 1585 2226 1645 emptum,
2247 1575 2404 1631 Anna
2426 1578 2803 1646 pontiﬁcatum
2819 1579 3121 1644 obtinente,
3137 1578 3413 1634 Christum
3432 1594 3562 1633 vero

1965 1664 2288 1720 cruciﬁxum
2320 1668 2422 1721 sub
2451 1667 2656 1736 Caipha
2679 1710 2691 1730 ,
2725 1669 2923 1723 docent
2953 1684 3105 1722 sacra
3132 1667 3441 1737 Evangelia,
3465 1667 3562 1722 Jo-

273 1759 589 1832 Ίώσηππος
606 1763 664 1816 έν
676 1759 755 1832 τῷ
774 1767 844 1830 ιη’
861 1761 908 1794 ⁸³
921 1759 1023 1830 τῆς
1037 1757 1374 1826 Ἰουδαῖκῆς
1401 1755 1854 1827 Ἀρχαιολογία(-

1962 1757 2166 1827 sephus
2196 1775 2329 1812 vero
2345 1759 2444 1813 lib.
2464 1775 2600 1814 xvnt
2627 1759 2803 1828 Antiq.
2827 1759 3038 1814 Judaic.
3067 1759 3255 1813 scribit
3283 1769 3394 1814 tres
3420 1775 3561 1829 pon-

265 1850 382 1922 (39)
399 1853 607 1924 γράφει
623 1855 772 1924 τρεῖς
793 1854 1073 1925 ἀρχιερεῖς
1095 1851 1232 1922 μετά
1248 1851 1340 1904 τὸν
1356 1849 1616 1904 Ἀνναν³³
1635 1848 1856 1917 γεγονέ-

264 1942 688 2013 ναι,’ῐσμάηλον
707 1942 798 1997 τὸν
818 1942 912 1996 τοῦ
942 1943 1115 2013 Βαφεὶ
1137 1941 1272 2014 (40),
1297 1942 1396 1995 καὶ
1421 1937 1748 2010 Ἐλεάζαρον
1762 1938 1855 1992 τὸν

267 2034 356 2089 Iovi
396 2035 626 2090 ’Δνάνου
672 2035 722 2068 ⁸⁸
763 2034 901 2101 υίὸν,
931 2034 1026 2090 καὶ
1072 2035 1292 2105 Σίμωνα
1323 2032 1414 2087 τὸν
1439 2032 1532 2087 τοῦ
1575 2030 1856 2102 Καμαθεῖ,

270 2128 360 2186 ut
399 2129 526 2182 τότε
562 2127 680 2200 μετ’
712 2130 957 2192 ἐκείνους
988 2128 1078 2181 τὸν
1112 2127 1370 2197 Καϊάφαν
1401 2123 1666 2196 ἀρχιερέα
1696 2121 1857 2193 γενέ-

270 2219 408 2276 σθαι.
439 2219 750 2285 Ἰἰνιαύσιος
776 2221 821 2254 ³³
846 2221 902 2275 δὲ
925 2223 954 2274 6
979 2221 1079 2291 τῆς
1108 2220 1337 2274 ἑκάστου
1352 2215 1766 2290 ἀρχιερωσύνης
1787 2211 1856 2286 ἦν

253 2313 480 2385 χρόνος.
513 2313 607 2380 Ἐξ
635 2306 710 2370 ὧν
733 2311 897 2384 δῆλον
928 2313 1010 2367 ὅτι
1031 2315 1185 2384 τρεῖς
1215 2311 1498 2373 ἐνιαυτοὺς
1520 2307 1614 2364 τοῦ
1643 2309 1858 2380 Ἰσμαή-

249 2405 357 2459 λου
389 2405 491 2459 καὶ
509 2404 604 2459 τοῦ
639 2403 972 2476 Ἐλεαζάρου
1004 2405 1099 2458 καὶ
1130 2403 1226 2459 τοῦ
1256 2403 1504 2474 Σίμωνος
1527 2400 1858 2472 ὁλοκλήρους

249 2497 535 2568 ἐκήρυξεν
561 2499 590 2552 6
619 2497 812 2570 Σωτὴρ
833 2497 896 2550 τὸ
919 2495 1251 2565 Εὐαγγὲλιον
1271 2495 1375 2564 τῆς
1398 2493 1701 2565 βασιλείας,
1730 2493 1861 2564 ἡμέ-

250 2605 363 2658 ρας
400 2587 466 2641 δέ
508 2605 661 2652 τινας
690 2589 756 2642 ὲκ
809 2587 906 2641 τοῦ
935 2587 1122 2652 τέλους
1169 2587 1270 2658 τῆς
1319 2585 1731 2658 ἀρχιερωσύνης
1761 2585 1854 2638 τοῦ

252 2682 440 2736 ’Δννα
487 2683 583 2735 καὶ
632 2681 849 2754 ἡμέρας
905 2680 1058 2745 τινὰς
1114 2683 1179 2734 ἐκ
1224 2683 1324 2751 τῆς
1387 2678 1564 2750 ἀρχῆς
1610 2679 1708 2749 τῆς
1759 2679 1855 2733 τοῦ

1957 1848 2131 1905 tiﬁces
2155 1858 2279 1920 post
2314 1851 2524 1904 Annam
2554 1850 2721 1907 fuisse
2743 1893 2756 1914 ,
2784 1852 3062 1906 lsmaelem
3087 1851 3255 1921 Baphi
3288 1851 3371 1913 ιε’..
3399 1851 3559 1905 Elea-

1958 1958 2144 1997 zarum
2199 1942 2414 1996 Annani
2474 1939 2536 1996 F.
2587 1951 2642 1997 et
2693 1943 2972 1998 Simonem
3016 1942 3265 1996 Camathi
3319 1941 3403 2006 F.,
3437 1947 3561 2011 post

1957 2035 2060 2090 hos
2080 2044 2260 2089 autem
2287 2034 2551 2106 (Zaipham
2589 2035 2971 2106 pontiﬁcatqu
3003 2033 3326 2088 obtinuisse.
3357 2031 3560 2102 Singu-

1957 2129 2138 2184 lorum
2181 2145 2348 2200 porro
2379 2129 2546 2184 unius
2589 2128 2716 2182 anni
2767 2127 2870 2183 fuit
2903 2127 3269 2198 pontiﬁcatus.
3307 2127 3464 2182 Unde
3492 2126 3560 2181 li-

1955 2230 2086 2292 quet
2126 2222 2302 2278 tribus
2348 2224 2508 2277 annis
2569 2223 2798 2292 integris
2839 2222 3118 2288 Istnaelis,
3180 2221 3446 2288 Eleazari,
3496 2236 3562 2276 ac

1959 2311 2228 2378 Simonis,
2271 2311 2630 2384 Evangelium
2670 2313 2740 2368 de
2787 2328 2955 2384 regno
2986 2313 3194 2368 caelesti
3231 2312 3559 2383 praedicasse

1957 2402 2317 2469 Salvatorem,
2348 2413 2404 2458 et
2427 2404 2622 2459 diebus
2653 2404 2862 2474 aliquot
2906 2421 2974 2459 ex
3007 2404 3166 2459 initio
3200 2403 3556 2475 pontiﬁcatus

1957 2496 2200 2568 Caiphae.
2230 2497 2447 2553 Decima
2485 2509 2679 2568 quarta
2714 2497 2899 2567 igitur,
2933 2506 2992 2552 ut
3016 2513 3182 2568 supra
3213 2497 3418 2552 dictum
3449 2505 3557 2560 est,

1963 2589 2126 2661 primi
2161 2590 2366 2643 mensis
2395 2589 2537 2642 luna:
2563 2589 2710 2644 cruci
2738 2589 2932 2644 afﬁxus
2961 2598 3046 2644 est
3083 2589 3368 2655 Dominus,
3402 2598 3456 2642 et
3481 2588 3558 2644 fe-

1965 2681 2043 2734 ria
2071 2699 2123 2736 γι
2147 2677 2528 2736 hebdomadis.

247 2773 493 2845 Καῖάφα
541 2775 972 2847 ἀρχιερωσύνης.
1009 2774 1088 2846 Τῇ
1119 2772 1692 2843 τεσσαρεσκαιδεκάτῃ
1727 2769 1843 2838 οὖν,
1874 2772 1952 2838 ὡς
2004 2775 2313 2846 πρόκειται,
2343 2773 2438 2828 τοῦ
2473 2775 2691 2846 πρώτου
2741 2773 2908 2845 μηνὸς
2952 2775 3052 2844 τῆς
3101 2774 3332 2845 σελήνης
3364 2773 3560 2825 ἐσταυ-

253 2863 415 2936 ρώθη
443 2867 474 2920 6
501 2865 708 2938 Κύριος
745 2868 840 2921 καί
867 2869 925 2920 ἐν
960 2866 1142 2939 ἡμέρᾳ
1171 2865 1305 2937 ἕκτῃ
1339 2864 1438 2934 τῆς
1471 2863 1787 2934 ἑϐδομάδος.

325 2963 648 3018 Κάντεῦθεν
701 2961 976 3016 δείκνυται
1019 2963 1102 3016 ὅτι
1137 2961 1260 3016 καθ’
1295 2963 1362 3032 ἢν
1404 2963 1617 3033 ἡμέραν
1657 2961 1854 3014 ἔπλασε

2039 2961 2178 3017 Hinc
2205 2963 2413 3033 pariter
2449 2964 2714 3034 patescit,
2759 2964 2952 3018 eodem
2999 2963 3107 3026 die,
3143 2978 3254 3034 quo
3280 2961 3558 3017 hominem

249 3053 352 3110 τὸν
374 3053 664 3128 ἄνθρωπον
690 3055 852 3134 αὐτὸς
877 3055 906 3107 ὀ
931 3054 1184 3124 ἀληθινὸς
1212 3054 1346 3118 Θεὸς
1375 3054 1553 3125 ἡμῶν,
1582 3055 1744 3117 αὐτὸς
1767 3055 1858 3106 ἐπὶ

252 3140 547 3212 συντελείᾳ
589 3139 701 3194 τῶν
747 3140 960 3195 αἰώνων
994 3141 1156 3214 223
1203 3143 1526 3214 ἐσταυρώθη
1573 3144 1630 3195 ἐν
1673 3142 1858 3216 ἡμέρα

249 3233 398 3307 ἕκτῃ
429 3234 500 3288 δι’
527 3235 674 3306 ἡμᾶς
701 3233 830 3298 τοὺς
858 3234 919 3299 ἐξ
965 3235 1132 3290 αὐτοῦ
1162 3235 1268 3289 ὑπὸ
1313 3237 1412 3307 τὴν
1459 3236 1737 3306 ἀπόφασιν
1765 3234 1856 3288 τοῦ

251 3321 496 3378 θανάτου
527 3324 614 3378 διὰ
653 3325 752 3397 τὴν
778 3325 1055 3396 ἁμαρτίαν
1103 3329 1457 3398 γενομένους,
1491 3329 1582 3382 ἴνα
1609 3331 1741 3400 ἡμῖν
1780 3327 1859 3399 τῷ

249 3413 450 3487 οἰκείῳ
474 3415 635 3471 πάθει
661 3415 761 3487 τὴν
795 3401 1066 3471 ἀπάθειαν
1111 3419 1429 3488 χαρίσηται,
1460 3419 1604 3473 καθά
1635 3437 1801 3491 φησιν
1828 3423 1857 3476 6

253 3507 441 3578 μέγας
467 3506 744 3572 Βασίλειος
774 3507 908 3578 (41).
945 3509 1055 3562 Καὶ
1075 3511 1144 3580 τῇ
1185 3515 1257 3576 ις’
1287 3510 1424 3564 κατὰ
1452 3510 1710 3582 σελήνην,
1738 3513 1796 3565 ὲν

249 3600 317 3654 τὸ
357 3599 582 3673 δράγμα
639 3601 972 3673 προσέταξεν
997 3603 1043 3635 ⁸⁷
1075 3603 1104 3656 6
1145 3603 1288 3665 θεῖος
1329 3603 1493 3672 νόμος
1538 3585 1852 3675 προσφέρεέ

253 3693 387 3748 σθαι
406 3685 667 3765 ἀπαρχὴν
697 3693 986 3766 θερισμοῦ,
1020 3695 1117 3758 καὶ
1142 3697 1250 3768 πρὸ
1275 3695 1370 3749 τοῦ
1393 3696 1642 3749 ἐπελθεῖν
1670 3697 1716 3728 ⁸³
1735 3695 1857 3769 δρέ-

252 3799 432 3839 πανον
475 3783 565 3837 ἐπ’
608 3785 823 3857 ἀμητὸν
871 3784 1074 3854 ἀνέστη
1122 3787 1188 3840 ὲκ
1218 3786 1452 3857 νεκρῶν.
1489 3785 1714 3858 ἀπαρχὴ
1754 3787 1856 3857 τῆς

249 3875 682 3948 ἀνθρωπότητος
713 3875 1008 3947 γενόμενος
1037 3879 1066 3931 ὁ
1091 3878 1296 3946 Κύριος
1331 3875 1490 3948 ἡμῶν
1521 3878 1619 3930 καὶ
1661 3878 1855 3952 Σωτὴρ

246 3968 280 4023 6
305 3968 552 4039 Χριστὸς
587 3971 698 4038 πρὸ
741 3971 837 4026 τοῦ
882 3971 1132 4025 ἐπελθεῖν
1157 3971 1218 4025 τὸ
1255 3971 1355 4042 τῆς
1385 3971 1696 4036 συντελείας
1724 3972 1853 4042 δρέ-

247 4079 426 4119 πανον
477 4063 558 4134 τῷ
606 4063 813 4134 κόσμῳ.
858 4065 968 4118 Καὶ
1021 4062 1204 4126 καθὼς
1257 4065 1660 4137 προδιέγραψεν
1697 4066 1756 4118 ὲν
1783 4068 1850 4138 τῇ

246 4154 548 4226 προσφορᾷ
569 4152 664 4206 τοῦ
680 4151 995 4224 δράγματος
1013 4153 1111 4224 τῆς
1131 4153 1406 4223 ἀπαρχῆς,
1428 4151 1602 4217 οὕτως
1625 4152 1850 4224 ἀνέστη,

244 4246 680 4316 λυτρωσάμενος
733 4246 798 4298 ὲκ
846 4243 1054 4316 φθορᾶς
1086 4243 1186 4314 τὴν
1238 4245 1386 4316 ζωὴν
1430 4244 1615 4315 ἡμῶν.
1650 4245 1710 4299 ὲν
1739 4246 1784 4278 ³⁰

1963 3054 2094 3108 olim
2117 3053 2380 3109 formarat
2413 3071 2578 3110 verus
2609 3055 2752 3110 Deus
2781 3062 2987 3122 noster,
3015 3052 3266 3109 eumdem
3301 3051 3354 3104 in
3386 3066 3558 3106 saecu-

1963 3148 2142 3202 lorum
2174 3147 2695 3212 consummatione,
2742 3147 2831 3202 die
2879 3155 3064 3212 sexto,
3105 3143 3426 3200 cruciﬁxum
3461 3159 3558 3210 pro

1964 3243 2155 3310 nobis,
2207 3243 2300 3313 qui
2351 3259 2417 3298 ex
2442 3259 2508 3298 eo
2533 3242 2805 3314 procreati
2839 3258 2935 3312 per
2961 3225 3291 3297 sententiam
3331 3246 3558 3308 propter

1966 3343 2251 3406 peccatum
2281 3335 2443 3390 morti
2476 3335 2676 3390 addicti
2702 3335 3010 3400 fueramus,
3052 3341 3113 3388 ut
3137 3339 3312 3386 morte
3337 3331 3556 3384 suaim-

1963 3427 2384 3496 passibilitatem
2444 3427 2605 3481 nobis
2660 3433 3044 3496 compararet,
3091 3422 3557 3494 quemadmodum

1961 3517 2037 3572 ait
2069 3533 2298 3587 magnus
2348 3517 2604 3574 Basilius.
2644 3517 2708 3572 Et
2734 3527 2886 3573 sexta
2931 3517 3142 3572 decima
3167 3517 3294 3569 luna
3327 3514 3554 3578 mensis,

1959 3625 2065 3680 qua
2092 3610 2278 3665 divina
2324 3611 2412 3666 lex
2460 3611 2801 3682 manipulum
2849 3609 3215 3681 primitiarum
3260 3623 3326 3663 ex
3378 3623 3557 3662 messe

1959 3701 2148 3757 oﬂ‘erri
2183 3713 2540 3774 praeceperat,
2591 3713 2646 3758 et
2670 3712 2979 3773 antequam
3012 3702 3119 3758 falx
3161 3702 3472 3757 mitteretur
3498 3701 3555 3754 in

1959 3810 2220 3860 messem,
2262 3795 2504 3851 surrexit
2539 3812 2606 3852 ex
2646 3795 2880 3850 mortuis
2905 3835 2921 3860 ,
2970 3795 3023 3848 in
3055 3793 3326 3864 primitias
3379 3791 3556 3847 factus

1915 3929 1921 3936 .
1959 3887 2322 3944 humanitatis
2366 3888 2632 3943 Dominus
2668 3897 2858 3942 noster
2886 3898 2943 3942 et
2972 3885 3226 3941 Salvator
3275 3884 3552 3948 Christus,

1957 3989 2253 4050 antequam
2287 3978 2392 4034 falx
2418 3977 2908 4034 consummationis
2931 3978 2984 4032 in
3011 3977 3275 4031 mundum
3306 3975 3556 4030 mittere-

1959 4082 2067 4127 tur.
2105 4073 2172 4127 Et
2215 4071 2682 4142 quemadmodum
2718 4071 3128 4142 praescripserat
3165 4071 3219 4124 in
3273 4069 3553 4124 oblatione

1957 4165 2222 4236 manipuli
2263 4165 2656 4236 primitiarum,
2691 4164 2765 4218 ita
2806 4164 3102 4228 surrexit,
3127 4171 3334 4218 asserta
3363 4170 3552 4218 nostra

1955 4273 2022 4312 ex
2053 4257 2408 4328 corruptione
2435 4257 2568 4320 vita,
2597 4257 2650 4311 in
2679 4273 2784 4327 qua
2808 4256 3152 4328 manipulum
3182 4255 3552 4328 primitiarum

244 4339 637 4412 προσήνεγκεν
673 4337 737 4392 τδ
764 4337 988 4410 δράγμα
1015 4338 1116 4408 τῆς
1162 4339 1416 4411 ἀπαρχῆς
1447 4338 1545 4392 τοῦ
1573 4339 1846 4412 ἡμετέρου

1961 4352 2127 4407 nostri
2157 4351 2414 4407 fermenti
2437 4351 2635 4406 obtulit
2665 4351 2777 4406 Deo
2803 4351 2972 4416 Patri,
2997 4367 3065 4406 ex
3095 4359 3435 4406 mortuorum
3459 4364 3551 4403 re-

245 4431 578 4505 φυράματος
595 4431 674 4502 τῷ
697 4431 820 4502 Θεῷ
843 4431 938 4486 καὶ
959 4432 1136 4499 llath
1157 4433 1256 4503 τὴν
1276 4429 1337 4496 ἐξ
1358 4431 1712 4496 ἀναστάσεως
1737 4432 1847 4487 τῶν

242 4524 468 4597 νεκρῶν
497 4525 757 4598 ἀπαρχὴν
788 4523 933 4582 κατά
959 4523 1058 4588 τὰς
1089 4525 1182 4580 ὑπ’
1209 4523 1378 4578 αὐτοῦ
1407 4525 1536 4596 περὶ
1565 4523 1764 4579 ἑαυτοῦ
1798 4527 1846 4559 ⁹⁰

236 4616 662 4690 προῤῥηθείσας
686 4617 730 4650 ⁸³
763 4617 1008 4689 Γραφάς.

1956 4446 2302 4504 surreetione
2327 4444 2620 4516 primitias,
2651 4443 2954 4500 secundum
2975 4443 3045 4500 ab
3073 4459 3140 4502 eo
3156 4439 3555 4514 praeuuntiatas

1961 4537 2296 4608 Scripturas.
2514 4520 2524 4529 ’

1595 4817 1921 4876 DUCANGII
1952 4819 2179 4876 ΝΟΤᾹΞ.

321 4989 436 5061 ('57)
483 4986 768 5056 Τεθηκώς.
802 4989 941 5061 Hinc
969 4987 1318 5061 supplendus
1328 4985 1517 5061 hiatus
1552 4985 1716 5039 unius
1753 4992 1844 5040 aut

241 5055 481 5130 alterius
499 5061 652 5130 vocis
682 5055 826 5130 apud
859 5055 1159 5130 Euseb—ium
1194 5059 1250 5114 in
1279 5055 1488 5130 Chron.

324 5129 437 5202 (38)
473 5127 557 5202 Τῷ
576 5129 653 5202 eg
672 5125 950 5202 τετάρτῳ.
969 5129 1169 5202 Eadem
1197 5128 1361 5186 verba
1382 5125 1841 5202 atfertEusebius,

241 5209 306 5276 et
335 5197 578 5276 ex:eo_S.
612 5197 976 5276 Hieronymus
1005 5203 1061 5258 in
1089 5200 1318 5266 Chron.,
1342 5197 1501 5269 cujus
1531 5197 1718 5253 Latina
1753 5197 1842 5254 bic

243 5269 660 5343 descripsimus.

2031 4984 2140 5042 (59)
2183 4983 2288 5038 Ἐν
2314 4985 2394 5050 τῷ
2429 4991 2504 5056 ιη’
2531 4983 3002 5056 τῆςβιουδατκῆς
3027 4985 3191 5056 Ἀρχ.
3226 4981 3360 5056 Cap.
3383 4987 3438 5042 3.

2031 5057 2140 5125 (50)
2181 5056 2386 5122 Βαρεί.
2439 5055 2574 5111 \‘ide
2638 5055 2855 5112 Selden.
2903 5055 3048 5110 lib.t
3089 5055 3158 5111 de
3204 5055 3446 5113 success.
3491 5057 3546 5111 in

1954 5125 2148 5195 pontii.
2182 5125 2346 5195 Hebr.
2377 5142 2498 5195 cap.
2534 5127 2620 5180 Η.

1954 5265 1995 5319 ﬂ
2027 5194 2340 5319 (Ιιέἶέηξίιέθὰ
2367 5194 2560 5266 φησιν
2587 5201 2619 5251 ό
2644 5195 2834 5270 μέγας
2864 5197 3208 5264 Βασίλειος.
3245 5198 3369 5255 ΙΙωο
3399 5198 3545 5254 delet

2001 5283 2032 5319 ο
2180 5282 2231 5319 ιιι
2267 5303 2284 5319 .

2001 5274 2284 5323 olstenius.

1559 5432 1795 5490 νΑιιιΑῑ
1831 5432 2236 5493 LECTIONES.

324 5591 375 5628 η
401 5583 916 5662 χροωγράφοις-Ρ.
1012 5587 1064 5662 "_
1113 5589 1360 5662 τεθηκὼς
1400 5593 1510 5650 PV.
1613 5593 1661 5628 '°
1713 5611 1744 5650 σ

244 5665 266 5693 ¹¹
276 5666 300 5700 δ
342 5655 598 5717 ’Δῧνάνου
607 5655 615 5656 ί
624 5655 686 5710 Ρ.

1781 5603 1814 5652 ’.
1873 5597 1951 5652 03'
1979 5597 2043 5650 V.

785 5601 798 5648 ς
858 5594 916 5641 ι’.
1012 5594 1056 5619 ⁷⁷
1113 5594 1360 5662 τεθηκὼς
1400 5594 1510 5650 PV.
1613 5594 1661 5628 ⁸ο
1713 5594 1814 5664 οβ’.
1873 5597 2043 5667 οβ’γ.

785 5656 1110 5730 ξ’ίένιαυτὸς
1145 5661 1206 5715 P.
1299 5661 1348 5694 "
1377 5664 1470 5718 τοῦ
1509 5665 1698 5730 τέλους
1721 5696 1788 5707 —-
1830 5669 1894 5723 ἐκ
1937 5685 2048 5724 om.
2081 5668 2137 5722 l‘.

2149 5599 2192 5631 ⁸⁸
2223 5597 2300 5667 τῷ
2347 5597 2564 5669 οὖρανῷ
2597 5597 2658 5651 Ρ.
2761 5596 2939 5669 ⁸³-ιη’.
2973 5595 3026 5648 '5.
3065 5663 3073 5669 _
3122 5593 3168 5626 ⁸³
3208 5590 3374 5643 Ἅννα
3431 5585 3540 5646 PV.

2250 5655 2292 5701 “'7
2328 5655 2627 5739 προέταξεν
2674 5669 2738 5732 ll,
2791 5655 3022 5721 alterum
3064 5663 3117 5718 in
3183 5678 3255 5714 Ill.
3304 5675 3540 5731 ponens.

245 5734 297 5768 ⁸³
330 5729 587 5793 ἀπελθεῖν
617 5725 681 5782 Ρ.
759 5726 802 5758 ⁸⁵
837 5729 894 5780 ὲν
939 5743 1048 5784 unt.
1077 5727 1138 5786 P.
1216 5733 1261 5764 ⁹⁰
1297 5738 1424 5806 περὶ
1471 5725 1807 5794 ἐαυτοῦὶηη.
1855 5741 1914 5793 Ρ.
1995 5741 2038 5770 ⁹¹
2077 5725 2441 5814 προπθείσὶις
2472 5725 2579 5794 Pl".
