  <div class='ocr_page' id='page_1' title='image "/cluster/home/n/w/nwhite01/storage/ocr_20150623/92/coo.31924054869965/290.png"; bbox 0 0 3948 6412; ppageno 0'>
   <div class='ocr_carea' id='block_1_1' title="bbox 400 299 512 367">
    <p class='ocr_par' dir='ltr' id='par_1_1' title="bbox 400 299 512 367">
     <span class='ocr_line' id='line_1_1' title="bbox 400 299 512 367; baseline -0.018 0"><span class='ocrx_word' id='word_1_1' title='bbox 400 299 512 367; x_wconf 80' lang='lat'><strong>553</strong></span> 
     </span>
    </p>
   </div>
   <div class='ocr_carea' id='block_1_2' title="bbox 1595 292 2484 385">
    <p class='ocr_par' dir='ltr' id='par_1_2' title="bbox 1595 292 2484 385">
     <span class='ocr_line' id='line_1_2' title="bbox 1595 292 2484 385; baseline -0.012 -26"><span class='ocrx_word' id='word_1_2' title='bbox 1595 294 2040 385; x_wconf 64' lang='grc' dir='ltr'><strong>1(ΣΗΒΟΝΙΟΟΝ</strong></span> <span class='ocrx_word' id='word_1_3' title='bbox 2082 292 2484 352; x_wconf 80' lang='lat' dir='ltr'><strong>PASCIIALE.</strong></span> 
     </span>
    </p>
   </div>
   <div class='ocr_carea' id='block_1_3' title="bbox 3577 279 3680 344">
    <p class='ocr_par' dir='ltr' id='par_1_3' title="bbox 3577 279 3680 344">
     <span class='ocr_line' id='line_1_3' title="bbox 3577 279 3680 344; baseline -0.029 0"><span class='ocrx_word' id='word_1_4' title='bbox 3577 279 3680 344; x_wconf 63' lang='grc'><strong>554</strong></span> 
     </span>
    </p>
   </div>
   <div class='ocr_carea' id='block_1_4' title="bbox 315 389 2007 482">
    <p class='ocr_par' dir='ltr' id='par_1_4' title="bbox 315 405 1988 482">
     <span class='ocr_line' id='line_1_4' title="bbox 315 405 1988 482; baseline -0.005 -17"><span class='ocrx_word' id='word_1_5' title='bbox 315 407 322 412; x_wconf 70' lang='grc'><strong>”</strong></span> <span class='ocrx_word' id='word_1_6' title='bbox 403 427 599 466; x_wconf 82' lang='grc' dir='ltr'>στασιν</span> <span class='ocrx_word' id='word_1_7' title='bbox 647 407 816 464; x_wconf 78' lang='grc' dir='ltr'>αὐτοῦ</span> <span class='ocrx_word' id='word_1_8' title='bbox 858 409 1052 482; x_wconf 82' lang='grc' dir='ltr'>Πάσχα</span> <span class='ocrx_word' id='word_1_9' title='bbox 1083 407 1703 480; x_wconf 60' lang='grc' dir='ltr'>ὀνομάζειάναγκαίως</span> <span class='ocrx_word' id='word_1_10' title='bbox 1744 406 1834 460; x_wconf 77' lang='grc' dir='ltr'>διὰ</span> <span class='ocrx_word' id='word_1_11' title='bbox 1888 405 1988 473; x_wconf 76' lang='grc' dir='ltr'>τὴν</span> 
     </span>
    </p>
   </div>
   <div class='ocr_carea' id='block_1_5' title="bbox 2113 389 3681 482">
    <p class='ocr_par' dir='ltr' id='par_1_5' title="bbox 2113 389 3681 469">
     <span class='ocr_line' id='line_1_5' title="bbox 2113 389 3681 469; baseline -0.006 -16"><span class='ocrx_word' id='word_1_12' title='bbox 2113 416 2193 454; x_wconf 71' lang='lat' dir='ltr'><strong>ius</strong></span> <span class='ocrx_word' id='word_1_13' title='bbox 2237 408 2610 469; x_wconf 73' lang='lat' dir='ltr'><strong>opportunum</strong></span> <span class='ocrx_word' id='word_1_14' title='bbox 2641 405 2723 449; x_wconf 88' lang='lat' dir='ltr'><strong>est</strong></span> <span class='ocrx_word' id='word_1_15' title='bbox 2745 394 2809 448; x_wconf 90' lang='lat' dir='ltr'><strong>ad</strong></span> <span class='ocrx_word' id='word_1_16' title='bbox 2843 394 3140 448; x_wconf 87' lang='lat' dir='ltr'><strong>salutarem</strong></span> <span class='ocrx_word' id='word_1_17' title='bbox 3175 389 3526 462; x_wconf 85' lang='lat' dir='ltr'><strong>Baptismatis</strong></span> <span class='ocrx_word' id='word_1_18' title='bbox 3557 391 3681 445; x_wconf 78' lang='lat' dir='ltr'><strong>fon-</strong></span> 
     </span>
    </p>
   </div>
   <div class='ocr_carea' id='block_1_6' title="bbox 405 490 1990 573">
    <p class='ocr_par' dir='ltr' id='par_1_6' title="bbox 405 490 1990 573">
     <span class='ocr_line' id='line_1_6' title="bbox 405 490 1990 573; baseline -0.005 -17"><span class='ocrx_word' id='word_1_19' title='bbox 405 500 668 573; x_wconf 77' lang='grc' dir='ltr'><strong>ῥηθεῖσαν</strong></span> <span class='ocrx_word' id='word_1_20' title='bbox 694 490 893 568; x_wconf 73' lang='grc' dir='ltr'>αἰτίαν,</span> <span class='ocrx_word' id='word_1_21' title='bbox 918 504 966 556; x_wconf 86' lang='grc' dir='ltr'><strong>εί</strong></span> <span class='ocrx_word' id='word_1_22' title='bbox 991 504 1084 556; x_wconf 80' lang='grc' dir='ltr'><strong>καὶ</strong></span> <span class='ocrx_word' id='word_1_23' title='bbox 1112 503 1170 556; x_wconf 81' lang='grc' dir='ltr'>ὲν</span> <span class='ocrx_word' id='word_1_24' title='bbox 1190 502 1480 572; x_wconf 80' lang='grc' dir='ltr'>οίᾳδήποτε</span> <span class='ocrx_word' id='word_1_25' title='bbox 1504 499 1689 571; x_wconf 80' lang='grc' dir='ltr'>ἡμέρᾳ</span> <span class='ocrx_word' id='word_1_26' title='bbox 1714 499 1825 551; x_wconf 86' lang='grc' dir='ltr'><strong>τῶν</strong></span> <span class='ocrx_word' id='word_1_27' title='bbox 1849 495 1990 550; x_wconf 80' lang='grc' dir='ltr'>ἑπτά</span> 
     </span>
    </p>
   </div>
   <div class='ocr_carea' id='block_1_7' title="bbox 401 589 1993 666">
    <p class='ocr_par' dir='ltr' id='par_1_7' title="bbox 401 589 1993 666">
     <span class='ocr_line' id='line_1_7' title="bbox 401 589 1993 666; baseline -0.004 -18"><span class='ocrx_word' id='word_1_28' title='bbox 401 595 632 664; x_wconf 75' lang='grc' dir='ltr'>ἡμερῶν</span> <span class='ocrx_word' id='word_1_29' title='bbox 655 593 764 648; x_wconf 82' lang='grc' dir='ltr'><strong>τῶν</strong></span> <span class='ocrx_word' id='word_1_30' title='bbox 792 593 932 664; x_wconf 84' lang='grc' dir='ltr'><strong>μετά</strong></span> <span class='ocrx_word' id='word_1_31' title='bbox 960 591 1058 666; x_wconf 82' lang='grc' dir='ltr'>τὴν</span> <span class='ocrx_word' id='word_1_32' title='bbox 1107 591 1168 646; x_wconf 85' lang='grc' dir='ltr'>ιδ’</span> <span class='ocrx_word' id='word_1_33' title='bbox 1199 591 1294 646; x_wconf 80' lang='grc' dir='ltr'><strong>τοῦ</strong></span> <span class='ocrx_word' id='word_1_34' title='bbox 1327 593 1547 664; x_wconf 79' lang='grc' dir='ltr'><strong>πρώτου</strong></span> <span class='ocrx_word' id='word_1_35' title='bbox 1585 590 1755 661; x_wconf 85' lang='grc' dir='ltr'>μηνὸς</span> <span class='ocrx_word' id='word_1_36' title='bbox 1774 589 1876 660; x_wconf 78' lang='grc' dir='ltr'>τῆς</span> <span class='ocrx_word' id='word_1_37' title='bbox 1905 605 1993 641; x_wconf 86' lang='grc' dir='ltr'>σε·</span> 
     </span>
    </p>
   </div>
   <div class='ocr_carea' id='block_1_8' title="bbox 407 681 1994 754">
    <p class='ocr_par' dir='ltr' id='par_1_8' title="bbox 407 681 1994 754">
     <span class='ocr_line' id='line_1_8' title="bbox 407 681 1994 754; baseline -0.013 -5"><span class='ocrx_word' id='word_1_38' title='bbox 407 685 577 754; x_wconf 75' lang='grc' dir='ltr'>λήνης</span> <span class='ocrx_word' id='word_1_39' title='bbox 605 682 856 754; x_wconf 78' lang='grc' dir='ltr'>εὑρεθείη</span> <span class='ocrx_word' id='word_1_40' title='bbox 883 681 1024 754; x_wconf 76' lang='grc' dir='ltr'>αὕτη</span> <span class='ocrx_word' id='word_1_41' title='bbox 1051 723 1068 750; x_wconf 96' lang='grc'><strong>,</strong></span> <span class='ocrx_word' id='word_1_42' title='bbox 1097 682 1242 752; x_wconf 89' lang='grc' dir='ltr'>λέγω</span> <span class='ocrx_word' id='word_1_43' title='bbox 1269 681 1326 735; x_wconf 76' lang='grc' dir='ltr'>δὲ</span> <span class='ocrx_word' id='word_1_44' title='bbox 1356 683 1390 752; x_wconf 86' lang='grc' dir='ltr'><strong>ή</strong></span> <span class='ocrx_word' id='word_1_45' title='bbox 1425 681 1754 744; x_wconf 85' lang='grc' dir='ltr'>ἀνάστασις,</span> <span class='ocrx_word' id='word_1_46' title='bbox 1802 681 1994 748; x_wconf 80' lang='grc' dir='ltr'>ἑορτα-</span> 
     </span>
    </p>
   </div>
   <div class='ocr_carea' id='block_1_9' title="bbox 406 771 1991 847">
    <p class='ocr_par' dir='ltr' id='par_1_9' title="bbox 406 771 1991 847">
     <span class='ocr_line' id='line_1_9' title="bbox 406 771 1991 847; baseline -0.003 -19"><span class='ocrx_word' id='word_1_47' title='bbox 406 774 636 847; x_wconf 78' lang='grc' dir='ltr'>ζομένη.</span> <span class='ocrx_word' id='word_1_48' title='bbox 674 775 836 832; x_wconf 83' lang='grc' dir='ltr'>Ὅθεν</span> <span class='ocrx_word' id='word_1_49' title='bbox 867 775 1148 838; x_wconf 81' lang='grc' dir='ltr'>Βασίλειος</span> <span class='ocrx_word' id='word_1_50' title='bbox 1199 775 1228 827; x_wconf 84' lang='grc' dir='ltr'><strong>δ</strong></span> <span class='ocrx_word' id='word_1_51' title='bbox 1277 773 1452 846; x_wconf 81' lang='grc' dir='ltr'>μέγας</span> <span class='ocrx_word' id='word_1_52' title='bbox 1477 813 1492 837; x_wconf 91' lang='grc'><strong>,</strong></span> <span class='ocrx_word' id='word_1_53' title='bbox 1523 773 1552 826; x_wconf 86' lang='grc' dir='ltr'>ὁ</span> <span class='ocrx_word' id='word_1_54' title='bbox 1585 771 1932 842; x_wconf 78' lang='grc' dir='ltr'><strong>Καισαρείας</strong></span> <span class='ocrx_word' id='word_1_55' title='bbox 1948 771 1991 803; x_wconf 80' lang='grc'><strong>’⁵⁷</strong></span> 
     </span>
    </p>
   </div>
   <div class='ocr_carea' id='block_1_10' title="bbox 409 861 1994 935">
    <p class='ocr_par' dir='ltr' id='par_1_10' title="bbox 409 861 1994 935">
     <span class='ocr_line' id='line_1_10' title="bbox 409 861 1994 935; baseline -0.006 -13"><span class='ocrx_word' id='word_1_56' title='bbox 409 869 812 932; x_wconf 77' lang='grc' dir='ltr'><strong>Καππαδοκίας</strong></span> <span class='ocrx_word' id='word_1_57' title='bbox 857 868 1157 931; x_wconf 72' lang='grc' dir='ltr'><strong>ἐπίσκοπος</strong></span> <span class='ocrx_word' id='word_1_58' title='bbox 1205 865 1448 935; x_wconf 87' lang='grc' dir='ltr'>γεγονὼς</span> <span class='ocrx_word' id='word_1_59' title='bbox 1469 905 1485 930; x_wconf 88' lang='grc'><strong>,</strong></span> <span class='ocrx_word' id='word_1_60' title='bbox 1535 867 1594 918; x_wconf 81' lang='grc' dir='ltr'>ὲν</span> <span class='ocrx_word' id='word_1_61' title='bbox 1630 863 1710 934; x_wconf 83' lang='grc' dir='ltr'><strong>τῷ</strong></span> <span class='ocrx_word' id='word_1_62' title='bbox 1738 863 1884 932; x_wconf 87' lang='grc' dir='ltr'>λόγῳ</span> <span class='ocrx_word' id='word_1_63' title='bbox 1915 861 1994 932; x_wconf 79' lang='grc' dir='ltr'><strong>τῷ</strong></span> 
     </span>
    </p>
   </div>
   <div class='ocr_carea' id='block_1_11' title="bbox 413 957 2001 1032">
    <p class='ocr_par' dir='ltr' id='par_1_11' title="bbox 413 957 2001 1032">
     <span class='ocr_line' id='line_1_11' title="bbox 413 957 2001 1032; baseline 0.003 -20"><span class='ocrx_word' id='word_1_64' title='bbox 413 957 802 1032; x_wconf 69' lang='grc' dir='ltr'>προτρεπτικῷ</span> <span class='ocrx_word' id='word_1_65' title='bbox 831 961 912 1022; x_wconf 84' lang='grc' dir='ltr'><strong>είς</strong></span> <span class='ocrx_word' id='word_1_66' title='bbox 958 960 1022 1014; x_wconf 84' lang='grc' dir='ltr'>τὸ</span> <span class='ocrx_word' id='word_1_67' title='bbox 1048 961 1343 1027; x_wconf 84' lang='grc' dir='ltr'>Βάπτισμα</span> <span class='ocrx_word' id='word_1_68' title='bbox 1375 957 1589 1031; x_wconf 82' lang='grc' dir='ltr'><strong>μεγάλῃ</strong></span> <span class='ocrx_word' id='word_1_69' title='bbox 1611 958 1678 1026; x_wconf 82' lang='grc' dir='ltr'><strong>τῇ</strong></span> <span class='ocrx_word' id='word_1_70' title='bbox 1713 957 1865 1025; x_wconf 77' lang='grc' dir='ltr'>φωνῇ</span> <span class='ocrx_word' id='word_1_71' title='bbox 1897 970 2001 1022; x_wconf 82' lang='grc' dir='ltr'>κη·.</span> 
     </span>
    </p>
   </div>
   <div class='ocr_carea' id='block_1_12' title="bbox 351 1046 1998 1123">
    <p class='ocr_par' dir='ltr' id='par_1_12' title="bbox 351 1046 1998 1123">
     <span class='ocr_line' id='line_1_12' title="bbox 351 1046 1998 1123; baseline -0.005 -16"><span class='ocrx_word' id='word_1_72' title='bbox 351 1071 364 1082; x_wconf 85' lang='grc'>·</span> <span class='ocrx_word' id='word_1_73' title='bbox 411 1052 601 1123; x_wconf 88' lang='grc' dir='ltr'>ρύττει</span> <span class='ocrx_word' id='word_1_74' title='bbox 638 1052 811 1122; x_wconf 82' lang='grc' dir='ltr'>βοῶν·</span> <span class='ocrx_word' id='word_1_75' title='bbox 851 1071 870 1104; x_wconf 76' lang='grc' dir='ltr'><strong>ι</strong></span> <span class='ocrx_word' id='word_1_76' title='bbox 911 1053 1028 1116; x_wconf 82' lang='grc' dir='ltr'>Πᾶς</span> <span class='ocrx_word' id='word_1_77' title='bbox 1071 1051 1170 1123; x_wconf 80' lang='grc' dir='ltr'>μὲν</span> <span class='ocrx_word' id='word_1_78' title='bbox 1198 1047 1291 1106; x_wconf 82' lang='grc' dir='ltr'>οὖν</span> <span class='ocrx_word' id='word_1_79' title='bbox 1337 1050 1532 1122; x_wconf 86' lang='grc' dir='ltr'>χρόνος</span> <span class='ocrx_word' id='word_1_80' title='bbox 1569 1047 1854 1118; x_wconf 83' lang='grc' dir='ltr'>εὐκαιρίαν</span> <span class='ocrx_word' id='word_1_81' title='bbox 1887 1046 1998 1117; x_wconf 76' lang='grc' dir='ltr'>ἔχει</span> 
     </span>
    </p>
   </div>
   <div class='ocr_carea' id='block_1_13' title="bbox 413 1139 2000 1216">
    <p class='ocr_par' dir='ltr' id='par_1_13' title="bbox 413 1139 2000 1216">
     <span class='ocr_line' id='line_1_13' title="bbox 413 1139 2000 1216; baseline -0.003 -20"><span class='ocrx_word' id='word_1_82' title='bbox 413 1143 554 1214; x_wconf 73' lang='grc' dir='ltr'>πρὸς</span> <span class='ocrx_word' id='word_1_83' title='bbox 585 1143 684 1214; x_wconf 80' lang='grc' dir='ltr'>τὴν</span> <span class='ocrx_word' id='word_1_84' title='bbox 718 1143 806 1196; x_wconf 87' lang='grc' dir='ltr'><strong>διά</strong></span> <span class='ocrx_word' id='word_1_85' title='bbox 829 1143 922 1198; x_wconf 82' lang='grc' dir='ltr'>τοῦ</span> <span class='ocrx_word' id='word_1_86' title='bbox 953 1144 1328 1216; x_wconf 78' lang='grc' dir='ltr'><strong>βαπτίσματος</strong></span> <span class='ocrx_word' id='word_1_87' title='bbox 1357 1142 1656 1214; x_wconf 81' lang='grc' dir='ltr'>σωτηρίαν,</span> <span class='ocrx_word' id='word_1_88' title='bbox 1699 1141 1804 1195; x_wconf 79' lang='grc' dir='ltr'>κᾶν</span> <span class='ocrx_word' id='word_1_89' title='bbox 1831 1139 2000 1193; x_wconf 83' lang='grc' dir='ltr'>νύκτα</span> 
     </span>
    </p>
   </div>
   <div class='ocr_carea' id='block_1_14' title="bbox 410 1231 1994 1306">
    <p class='ocr_par' dir='ltr' id='par_1_14' title="bbox 410 1231 1994 1306">
     <span class='ocr_line' id='line_1_14' title="bbox 410 1231 1994 1306; baseline -0.003 -20"><span class='ocrx_word' id='word_1_90' title='bbox 410 1233 599 1305; x_wconf 78' lang='grc' dir='ltr'>εἴπῃς,</span> <span class='ocrx_word' id='word_1_91' title='bbox 633 1233 733 1288; x_wconf 79' lang='grc' dir='ltr'>κᾶν</span> <span class='ocrx_word' id='word_1_92' title='bbox 759 1234 994 1306; x_wconf 82' lang='grc' dir='ltr'>ἡμέραν,</span> <span class='ocrx_word' id='word_1_93' title='bbox 1027 1235 1130 1289; x_wconf 80' lang='grc' dir='ltr'>κᾶν</span> <span class='ocrx_word' id='word_1_94' title='bbox 1170 1234 1342 1306; x_wconf 83' lang='grc' dir='ltr'>ὥραν,</span> <span class='ocrx_word' id='word_1_95' title='bbox 1373 1233 1476 1288; x_wconf 78' lang='grc' dir='ltr'>κᾶν</span> <span class='ocrx_word' id='word_1_96' title='bbox 1513 1231 1748 1302; x_wconf 79' lang='grc' dir='ltr'>στιγμὴν</span> <span class='ocrx_word' id='word_1_97' title='bbox 1779 1231 1994 1302; x_wconf 82' lang='grc' dir='ltr'>χρόνου,</span> 
     </span>
    </p>
   </div>
   <div class='ocr_carea' id='block_1_15' title="bbox 413 1323 2004 1397">
    <p class='ocr_par' dir='ltr' id='par_1_15' title="bbox 413 1323 2004 1397">
     <span class='ocr_line' id='line_1_15' title="bbox 413 1323 2004 1397; baseline -0.001 -19"><span class='ocrx_word' id='word_1_98' title='bbox 413 1325 522 1379; x_wconf 74' lang='grc' dir='ltr'>κᾶν</span> <span class='ocrx_word' id='word_1_99' title='bbox 556 1325 619 1378; x_wconf 80' lang='grc' dir='ltr'>τὸ</span> <span class='ocrx_word' id='word_1_100' title='bbox 669 1323 1044 1397; x_wconf 83' lang='grc' dir='ltr'>βραχύτατον·</span> <span class='ocrx_word' id='word_1_101' title='bbox 1095 1325 1277 1397; x_wconf 85' lang='grc' dir='ltr'>πολλῷ</span> <span class='ocrx_word' id='word_1_102' title='bbox 1321 1327 1377 1380; x_wconf 82' lang='grc' dir='ltr'>δὲ</span> <span class='ocrx_word' id='word_1_103' title='bbox 1409 1326 1582 1395; x_wconf 89' lang='grc' dir='ltr'>δήπου</span> <span class='ocrx_word' id='word_1_104' title='bbox 1629 1324 1776 1387; x_wconf 80' lang='grc' dir='ltr'>εἰκὸς</span> <span class='ocrx_word' id='word_1_105' title='bbox 1815 1324 2004 1393; x_wconf 80' lang='grc' dir='ltr'>ὲπιτη·</span> 
     </span>
    </p>
   </div>
   <div class='ocr_carea' id='block_1_16' title="bbox 409 1412 2005 1488">
    <p class='ocr_par' dir='ltr' id='par_1_16' title="bbox 409 1412 2005 1488">
     <span class='ocr_line' id='line_1_16' title="bbox 409 1412 2005 1488; baseline -0.001 -20"><span class='ocrx_word' id='word_1_106' title='bbox 409 1415 690 1488; x_wconf 81' lang='grc' dir='ltr'>δειύτερον</span> <span class='ocrx_word' id='word_1_107' title='bbox 721 1412 864 1470; x_wconf 79' lang='grc' dir='ltr'>εῖναι</span> <span class='ocrx_word' id='word_1_108' title='bbox 887 1418 980 1470; x_wconf 86' lang='grc' dir='ltr'>τὸν</span> <span class='ocrx_word' id='word_1_109' title='bbox 1017 1419 1370 1472; x_wconf 86' lang='grc' dir='ltr'>οίκειὸτατον.</span> <span class='ocrx_word' id='word_1_110' title='bbox 1409 1417 1474 1470; x_wconf 90' lang='grc' dir='ltr'>Τί</span> <span class='ocrx_word' id='word_1_111' title='bbox 1497 1415 1542 1469; x_wconf 82' lang='grc' dir='ltr'>δ’</span> <span class='ocrx_word' id='word_1_112' title='bbox 1571 1413 1638 1470; x_wconf 83' lang='grc' dir='ltr'>ἂν</span> <span class='ocrx_word' id='word_1_113' title='bbox 1671 1415 1884 1484; x_wconf 87' lang='grc' dir='ltr'>γένοιτο</span> <span class='ocrx_word' id='word_1_114' title='bbox 1907 1415 2005 1484; x_wconf 83' lang='grc' dir='ltr'>τῆς</span> 
     </span>
    </p>
   </div>
   <div class='ocr_carea' id='block_1_17' title="bbox 411 1506 2003 1578">
    <p class='ocr_par' dir='ltr' id='par_1_17' title="bbox 411 1506 2003 1578">
     <span class='ocr_line' id='line_1_17' title="bbox 411 1506 2003 1578; baseline -0.002 -18"><span class='ocrx_word' id='word_1_115' title='bbox 411 1507 634 1577; x_wconf 79' lang='grc' dir='ltr'>ἡμέρας</span> <span class='ocrx_word' id='word_1_116' title='bbox 656 1507 747 1561; x_wconf 77' lang='grc' dir='ltr'><strong>τοῦ</strong></span> <span class='ocrx_word' id='word_1_117' title='bbox 779 1508 976 1578; x_wconf 81' lang='grc' dir='ltr'>Πάσχα</span> <span class='ocrx_word' id='word_1_118' title='bbox 999 1507 1426 1578; x_wconf 85' lang='grc' dir='ltr'>συγγενέστερον</span> <span class='ocrx_word' id='word_1_119' title='bbox 1449 1507 1583 1575; x_wconf 80' lang='grc' dir='ltr'>πρὸς</span> <span class='ocrx_word' id='word_1_120' title='bbox 1609 1506 1669 1559; x_wconf 81' lang='grc' dir='ltr'>τὸ</span> <span class='ocrx_word' id='word_1_121' title='bbox 1692 1506 2003 1577; x_wconf 75' lang='grc' dir='ltr'>βάπτισμα;</span> 
     </span>
    </p>
   </div>
   <div class='ocr_carea' id='block_1_18' title="bbox 425 1595 2004 1670">
    <p class='ocr_par' dir='ltr' id='par_1_18' title="bbox 425 1595 2004 1670">
     <span class='ocr_line' id='line_1_18' title="bbox 425 1595 2004 1670; baseline -0.001 -21"><span class='ocrx_word' id='word_1_122' title='bbox 425 1596 498 1648; x_wconf 87' lang='grc' dir='ltr'><strong><em>Ἥ</em></strong></span> <span class='ocrx_word' id='word_1_123' title='bbox 535 1597 635 1667; x_wconf 79' lang='grc' dir='ltr'>μὲν</span> <span class='ocrx_word' id='word_1_124' title='bbox 667 1597 776 1670; x_wconf 81' lang='grc' dir='ltr'><strong>γάρ</strong></span> <span class='ocrx_word' id='word_1_125' title='bbox 827 1597 1012 1669; x_wconf 88' lang='grc' dir='ltr'>ήμέρα</span> <span class='ocrx_word' id='word_1_126' title='bbox 1063 1595 1411 1670; x_wconf 84' lang='grc' dir='ltr'>μνημόσυνόν</span> <span class='ocrx_word' id='word_1_127' title='bbox 1451 1599 1599 1669; x_wconf 65' lang='grc' dir='ltr'>εστιν</span> <span class='ocrx_word' id='word_1_128' title='bbox 1629 1596 2004 1658; x_wconf 83' lang='grc' dir='ltr'>ἀναστάσεως,</span> 
     </span>
    </p>
   </div>
   <div class='ocr_carea' id='block_1_19' title="bbox 413 1683 2002 1759">
    <p class='ocr_par' dir='ltr' id='par_1_19' title="bbox 413 1683 2002 1759">
     <span class='ocr_line' id='line_1_19' title="bbox 413 1683 2002 1759; baseline 0.001 -21"><span class='ocrx_word' id='word_1_129' title='bbox 413 1686 481 1738; x_wconf 83' lang='grc' dir='ltr'>τὸ</span> <span class='ocrx_word' id='word_1_130' title='bbox 526 1683 584 1741; x_wconf 87' lang='grc' dir='ltr'>δὲ</span> <span class='ocrx_word' id='word_1_131' title='bbox 633 1687 917 1758; x_wconf 84' lang='grc' dir='ltr'>βάπτισμα</span> <span class='ocrx_word' id='word_1_132' title='bbox 948 1689 1180 1759; x_wconf 88' lang='grc' dir='ltr'>δύναμίς</span> <span class='ocrx_word' id='word_1_133' title='bbox 1215 1690 1331 1742; x_wconf 76' lang='grc' dir='ltr'>ἐστι</span> <span class='ocrx_word' id='word_1_134' title='bbox 1377 1688 1514 1758; x_wconf 75' lang='grc' dir='ltr'>πρὸς</span> <span class='ocrx_word' id='word_1_135' title='bbox 1557 1687 1656 1758; x_wconf 80' lang='grc' dir='ltr'>τὴν</span> <span class='ocrx_word' id='word_1_136' title='bbox 1687 1687 2002 1740; x_wconf 83' lang='grc' dir='ltr'>ἀνάστασιν.</span> 
     </span>
    </p>
   </div>
   <div class='ocr_carea' id='block_1_20' title="bbox 2092 483 3681 558">
    <p class='ocr_par' dir='ltr' id='par_1_20' title="bbox 2092 483 3681 558">
     <span class='ocr_line' id='line_1_20' title="bbox 2092 483 3681 558; baseline -0.005 -12"><span class='ocrx_word' id='word_1_137' title='bbox 2092 501 2201 546; x_wconf 89' lang='lat' dir='ltr'><strong>tem</strong></span> <span class='ocrx_word' id='word_1_138' title='bbox 2221 489 2628 558; x_wconf 80' lang='lat' dir='ltr'><strong>excipiendum,</strong></span> <span class='ocrx_word' id='word_1_139' title='bbox 2663 487 2777 542; x_wconf 83' lang='lat' dir='ltr'><strong>sive</strong></span> <span class='ocrx_word' id='word_1_140' title='bbox 2800 487 2942 540; x_wconf 76' lang='lat' dir='ltr'><strong>diem</strong></span> <span class='ocrx_word' id='word_1_141' title='bbox 2962 485 3133 548; x_wconf 87' lang='lat' dir='ltr'><strong>dicas,</strong></span> <span class='ocrx_word' id='word_1_142' title='bbox 3153 483 3266 538; x_wconf 78' lang='lat' dir='ltr'><strong>sive</strong></span> <span class='ocrx_word' id='word_1_143' title='bbox 3305 492 3540 549; x_wconf 87' lang='lat' dir='ltr'><strong>noctem,</strong></span> <span class='ocrx_word' id='word_1_144' title='bbox 3567 483 3681 538; x_wconf 75' lang='lat' dir='ltr'><strong>sive</strong></span> 
     </span>
    </p>
   </div>
   <div class='ocr_carea' id='block_1_21' title="bbox 2091 573 3683 646">
    <p class='ocr_par' dir='ltr' id='par_1_21' title="bbox 2091 573 3683 646">
     <span class='ocr_line' id='line_1_21' title="bbox 2091 573 3683 646; baseline -0.006 -11"><span class='ocrx_word' id='word_1_145' title='bbox 2091 582 2306 646; x_wconf 89' lang='lat' dir='ltr'><strong>horam,</strong></span> <span class='ocrx_word' id='word_1_146' title='bbox 2332 581 2449 634; x_wconf 79' lang='lat' dir='ltr'><strong>sive</strong></span> <span class='ocrx_word' id='word_1_147' title='bbox 2479 587 2836 640; x_wconf 77' lang='lat' dir='ltr'><strong>momentum,</strong></span> <span class='ocrx_word' id='word_1_148' title='bbox 2857 575 2971 630; x_wconf 82' lang='lat' dir='ltr'><strong>sive</strong></span> <span class='ocrx_word' id='word_1_149' title='bbox 2997 574 3141 644; x_wconf 90' lang='lat' dir='ltr'><strong>quod</strong></span> <span class='ocrx_word' id='word_1_150' title='bbox 3162 583 3437 628; x_wconf 81' lang='lat' dir='ltr'><strong>momento</strong></span> <span class='ocrx_word' id='word_1_151' title='bbox 3462 573 3683 628; x_wconf 75' lang='lat' dir='ltr'><strong>brevius</strong></span> 
     </span>
    </p>
   </div>
   <div class='ocr_carea' id='block_1_22' title="bbox 2090 667 3685 741">
    <p class='ocr_par' dir='ltr' id='par_1_22' title="bbox 2090 667 3685 741">
     <span class='ocr_line' id='line_1_22' title="bbox 2090 667 3685 741; baseline -0.006 -13"><span class='ocrx_word' id='word_1_152' title='bbox 2090 680 2212 728; x_wconf 91' lang='lat' dir='ltr'><strong>est:</strong></span> <span class='ocrx_word' id='word_1_153' title='bbox 2250 672 2346 726; x_wconf 91' lang='lat' dir='ltr'><strong>sed</strong></span> <span class='ocrx_word' id='word_1_154' title='bbox 2365 672 2491 741; x_wconf 85' lang='lat' dir='ltr'><strong>jure</strong></span> <span class='ocrx_word' id='word_1_155' title='bbox 2523 669 2882 725; x_wconf 88' lang='lat' dir='ltr'><strong>meritissimo</strong></span> <span class='ocrx_word' id='word_1_156' title='bbox 2906 667 3268 738; x_wconf 80' lang='lat' dir='ltr'><strong>opportunior</strong></span> <span class='ocrx_word' id='word_1_157' title='bbox 3287 675 3374 721; x_wconf 84' lang='lat' dir='ltr'><strong>est</strong></span> <span class='ocrx_word' id='word_1_158' title='bbox 3414 667 3529 721; x_wconf 89' lang='lat' dir='ltr'><strong>dies</strong></span> <span class='ocrx_word' id='word_1_159' title='bbox 3558 682 3685 735; x_wconf 88' lang='lat' dir='ltr'><strong>pro-</strong></span> 
     </span>
    </p>
   </div>
   <div class='ocr_carea' id='block_1_23' title="bbox 2093 745 3684 836">
    <p class='ocr_par' dir='ltr' id='par_1_23' title="bbox 2093 745 3684 836">
     <span class='ocr_line' id='line_1_23' title="bbox 2093 745 3684 836; baseline -0.005 -18"><span class='ocrx_word' id='word_1_160' title='bbox 2093 765 2249 836; x_wconf 79' lang='lat' dir='ltr'><strong>prius</strong></span> <span class='ocrx_word' id='word_1_161' title='bbox 2268 774 2316 820; x_wconf 89' lang='lat' dir='ltr'><strong>et</strong></span> <span class='ocrx_word' id='word_1_162' title='bbox 2337 765 2406 818; x_wconf 88' lang='lat' dir='ltr'><strong>ad</strong></span> <span class='ocrx_word' id='word_1_163' title='bbox 2421 779 2538 818; x_wconf 90' lang='lat' dir='ltr'><strong>eam</strong></span> <span class='ocrx_word' id='word_1_164' title='bbox 2567 779 2678 818; x_wconf 90' lang='lat' dir='ltr'><strong>rem</strong></span> <span class='ocrx_word' id='word_1_165' title='bbox 2702 763 3041 833; x_wconf 80' lang='lat' dir='ltr'><strong>designatus.</strong></span> <span class='ocrx_word' id='word_1_166' title='bbox 3069 750 3210 826; x_wconf 85' lang='lat' dir='ltr'><strong>Quid</strong></span> <span class='ocrx_word' id='word_1_167' title='bbox 3231 767 3412 814; x_wconf 89' lang='lat' dir='ltr'><strong>autem</strong></span> <span class='ocrx_word' id='word_1_168' title='bbox 3443 759 3530 813; x_wconf 90' lang='lat' dir='ltr'><strong>die</strong></span> <span class='ocrx_word' id='word_1_169' title='bbox 3554 745 3684 811; x_wconf 81' lang='lat' dir='ltr'><strong>Pas-</strong></span> 
     </span>
    </p>
   </div>
   <div class='ocr_carea' id='block_1_24' title="bbox 2095 848 3686 926">
    <p class='ocr_par' dir='ltr' id='par_1_24' title="bbox 2095 848 3686 926">
     <span class='ocr_line' id='line_1_24' title="bbox 2095 848 3686 926; baseline -0.008 -16"><span class='ocrx_word' id='word_1_170' title='bbox 2095 857 2213 910; x_wconf 70' lang='lat' dir='ltr'><strong>chm</strong></span> <span class='ocrx_word' id='word_1_171' title='bbox 2244 857 2530 926; x_wconf 83' lang='lat' dir='ltr'><strong>eognatius</strong></span> <span class='ocrx_word' id='word_1_172' title='bbox 2546 854 2612 908; x_wconf 90' lang='lat' dir='ltr'><strong>ad</strong></span> <span class='ocrx_word' id='word_1_173' title='bbox 2629 854 2963 922; x_wconf 78' lang='lat' dir='ltr'><strong>baptismum</strong></span> <span class='ocrx_word' id='word_1_174' title='bbox 2985 851 3008 904; x_wconf 89' lang='lat'><strong>?</strong></span> <span class='ocrx_word' id='word_1_175' title='bbox 3033 850 3158 904; x_wconf 58' lang='lat' dir='ltr'><strong>Haec</strong></span> <span class='ocrx_word' id='word_1_176' title='bbox 3174 848 3318 903; x_wconf 87' lang='lat' dir='ltr'><strong>enim</strong></span> <span class='ocrx_word' id='word_1_177' title='bbox 3339 848 3454 902; x_wconf 91' lang='lat' dir='ltr'><strong>dies</strong></span> <span class='ocrx_word' id='word_1_178' title='bbox 3481 853 3686 900; x_wconf 72' lang='lat' dir='ltr'><strong>momo-</strong></span> 
     </span>
    </p>
   </div>
   <div class='ocr_carea' id='block_1_25' title="bbox 2097 939 3687 1013">
    <p class='ocr_par' dir='ltr' id='par_1_25' title="bbox 2097 939 3687 1013">
     <span class='ocr_line' id='line_1_25' title="bbox 2097 939 3687 1013; baseline -0.008 -13"><span class='ocrx_word' id='word_1_179' title='bbox 2097 947 2177 1001; x_wconf 86' lang='lat' dir='ltr'><strong>ria</strong></span> <span class='ocrx_word' id='word_1_180' title='bbox 2208 955 2293 1002; x_wconf 89' lang='lat' dir='ltr'><strong>est</strong></span> <span class='ocrx_word' id='word_1_181' title='bbox 2331 945 2778 1001; x_wconf 85' lang='lat' dir='ltr'><strong>resurrectionis.</strong></span> <span class='ocrx_word' id='word_1_182' title='bbox 2823 943 3134 1013; x_wconf 89' lang='lat' dir='ltr'><strong>Baptismus</strong></span> <span class='ocrx_word' id='word_1_183' title='bbox 3181 950 3363 993; x_wconf 85' lang='lat' dir='ltr'><strong>autem</strong></span> <span class='ocrx_word' id='word_1_184' title='bbox 3403 939 3568 1008; x_wconf 83' lang='lat' dir='ltr'><strong>jauua</strong></span> <span class='ocrx_word' id='word_1_185' title='bbox 3605 945 3687 988; x_wconf 53' lang='lat' dir='ltr'><strong>est</strong></span> 
     </span>
    </p>
   </div>
   <div class='ocr_carea' id='block_1_26' title="bbox 2097 1030 3688 1104">
    <p class='ocr_par' dir='ltr' id='par_1_26' title="bbox 2097 1030 3688 1104">
     <span class='ocr_line' id='line_1_26' title="bbox 2097 1030 3688 1104; baseline -0.007 -13"><span class='ocrx_word' id='word_1_186' title='bbox 2097 1037 2165 1092; x_wconf 88' lang='lat' dir='ltr'><strong>ad</strong></span> <span class='ocrx_word' id='word_1_187' title='bbox 2190 1037 2669 1093; x_wconf 83' lang='lat' dir='ltr'><strong>resurrectionem.</strong></span> <span class='ocrx_word' id='word_1_188' title='bbox 2700 1035 3052 1104; x_wconf 83' lang='lat' dir='ltr'><strong>Recipiamus</strong></span> <span class='ocrx_word' id='word_1_189' title='bbox 3083 1049 3212 1104; x_wconf 81' lang='lat' dir='ltr'><strong>ergo</strong></span> <span class='ocrx_word' id='word_1_190' title='bbox 3233 1034 3318 1088; x_wconf 86' lang='lat' dir='ltr'><strong>his</strong></span> <span class='ocrx_word' id='word_1_191' title='bbox 3336 1030 3688 1085; x_wconf 87' lang='lat' dir='ltr'><strong>Paschalihus</strong></span> 
     </span>
    </p>
   </div>
   <div class='ocr_carea' id='block_1_27' title="bbox 2100 1121 3687 1199">
    <p class='ocr_par' dir='ltr' id='par_1_27' title="bbox 2100 1121 3687 1199">
     <span class='ocr_line' id='line_1_27' title="bbox 2100 1121 3687 1199; baseline -0.007 -16"><span class='ocrx_word' id='word_1_192' title='bbox 2100 1128 2253 1183; x_wconf 74' lang='lat' dir='ltr'><strong>feriis</strong></span> <span class='ocrx_word' id='word_1_193' title='bbox 2284 1127 2484 1199; x_wconf 83' lang='lat' dir='ltr'><strong>pignus</strong></span> <span class='ocrx_word' id='word_1_194' title='bbox 2520 1135 2576 1181; x_wconf 89' lang='lat' dir='ltr'><strong>et</strong></span> <span class='ocrx_word' id='word_1_195' title='bbox 2611 1127 2840 1197; x_wconf 80' lang='lat' dir='ltr'><strong>gratiam</strong></span> <span class='ocrx_word' id='word_1_196' title='bbox 2867 1125 3309 1180; x_wconf 89' lang='lat' dir='ltr'><strong>resurrectionis.</strong></span> <span class='ocrx_word' id='word_1_197' title='bbox 3341 1143 3359 1173; x_wconf 74' lang='grc' dir='ltr'><strong>ι</strong></span> <span class='ocrx_word' id='word_1_198' title='bbox 3397 1124 3462 1178; x_wconf 87' lang='lat' dir='ltr'><strong>Et</strong></span> <span class='ocrx_word' id='word_1_199' title='bbox 3482 1121 3687 1190; x_wconf 83' lang='lat' dir='ltr'><strong>Grego-</strong></span> 
     </span>
    </p>
   </div>
   <div class='ocr_carea' id='block_1_28' title="bbox 2100 1211 3689 1288">
    <p class='ocr_par' dir='ltr' id='par_1_28' title="bbox 2100 1211 3689 1288">
     <span class='ocr_line' id='line_1_28' title="bbox 2100 1211 3689 1288; baseline -0.006 -16"><span class='ocrx_word' id='word_1_200' title='bbox 2100 1217 2218 1272; x_wconf 85' lang='lat' dir='ltr'><strong>rius</strong></span> <span class='ocrx_word' id='word_1_201' title='bbox 2248 1217 2556 1288; x_wconf 83' lang='lat' dir='ltr'><strong>Theologus</strong></span> <span class='ocrx_word' id='word_1_202' title='bbox 2601 1217 2848 1270; x_wconf 82' lang='lat' dir='ltr'><strong>oratione</strong></span> <span class='ocrx_word' id='word_1_203' title='bbox 2879 1216 2934 1268; x_wconf 88' lang='lat' dir='ltr'><strong>in</strong></span> <span class='ocrx_word' id='word_1_204' title='bbox 2979 1214 3212 1279; x_wconf 84' lang='lat' dir='ltr'><strong>Pascha,</strong></span> <span class='ocrx_word' id='word_1_205' title='bbox 3246 1214 3404 1282; x_wconf 87' lang='lat' dir='ltr'><strong>cujus</strong></span> <span class='ocrx_word' id='word_1_206' title='bbox 3445 1212 3548 1266; x_wconf 89' lang='lat' dir='ltr'><strong>hoc</strong></span> <span class='ocrx_word' id='word_1_207' title='bbox 3584 1211 3689 1264; x_wconf 92' lang='lat' dir='ltr'><strong>ini-</strong></span> 
     </span>
    </p>
   </div>
   <div class='ocr_carea' id='block_1_29' title="bbox 2104 1301 3690 1376">
    <p class='ocr_par' dir='ltr' id='par_1_29' title="bbox 2104 1301 3690 1376">
     <span class='ocr_line' id='line_1_29' title="bbox 2104 1301 3690 1376; baseline -0.005 -14"><span class='ocrx_word' id='word_1_208' title='bbox 2104 1307 2239 1362; x_wconf 87' lang='lat' dir='ltr'><strong>tium</strong></span> <span class='ocrx_word' id='word_1_209' title='bbox 2269 1347 2284 1373; x_wconf 95' lang='lat'><strong>,</strong></span> <span class='ocrx_word' id='word_1_210' title='bbox 2317 1307 2420 1361; x_wconf 80' lang='grc' dir='ltr'><strong>«1η</strong></span> <span class='ocrx_word' id='word_1_211' title='bbox 2451 1307 2694 1362; x_wconf 85' lang='lat' dir='ltr'><strong>custodia</strong></span> <span class='ocrx_word' id='word_1_212' title='bbox 2726 1322 2846 1360; x_wconf 90' lang='lat' dir='ltr'><strong>mea</strong></span> <span class='ocrx_word' id='word_1_213' title='bbox 2879 1309 3035 1360; x_wconf 82' lang='lat' dir='ltr'><strong>stabo</strong></span> <span class='ocrx_word' id='word_1_214' title='bbox 3058 1346 3073 1370; x_wconf 91' lang='lat'><strong>,</strong></span> <span class='ocrx_word' id='word_1_215' title='bbox 3121 1304 3298 1376; x_wconf 88' lang='lat' dir='ltr'><strong>inquit</strong></span> <span class='ocrx_word' id='word_1_216' title='bbox 3319 1301 3538 1358; x_wconf 64' lang='lat' dir='ltr'><strong>divinus</strong></span> <span class='ocrx_word' id='word_1_217' title='bbox 3581 1301 3690 1354; x_wconf 83' lang='lat' dir='ltr'><strong>lla-</strong></span> 
     </span>
    </p>
   </div>
   <div class='ocr_carea' id='block_1_30' title="bbox 2105 1391 3686 1467">
    <p class='ocr_par' dir='ltr' id='par_1_30' title="bbox 2105 1391 3686 1467">
     <span class='ocr_line' id='line_1_30' title="bbox 2105 1391 3686 1467; baseline -0.005 -15"><span class='ocrx_word' id='word_1_218' title='bbox 2105 1399 2279 1452; x_wconf 89' lang='lat' dir='ltr'><strong>bacuc</strong></span> <span class='ocrx_word' id='word_1_219' title='bbox 2302 1439 2315 1460; x_wconf 95' lang='lat'><strong>,</strong></span> <span class='ocrx_word' id='word_1_220' title='bbox 2343 1415 2361 1447; x_wconf 76' lang='grc'><strong>»</strong></span> <span class='ocrx_word' id='word_1_221' title='bbox 2409 1395 2636 1451; x_wconf 82' lang='lat' dir='ltr'><strong>omnino</strong></span> <span class='ocrx_word' id='word_1_222' title='bbox 2684 1397 2896 1467; x_wconf 80' lang='lat' dir='ltr'><strong>gemina</strong></span> <span class='ocrx_word' id='word_1_223' title='bbox 2945 1396 3146 1459; x_wconf 90' lang='lat' dir='ltr'><strong>docet,</strong></span> <span class='ocrx_word' id='word_1_224' title='bbox 3198 1410 3322 1449; x_wconf 88' lang='lat' dir='ltr'><strong>cum</strong></span> <span class='ocrx_word' id='word_1_225' title='bbox 3356 1393 3426 1448; x_wconf 90' lang='lat' dir='ltr'><strong>ita</strong></span> <span class='ocrx_word' id='word_1_226' title='bbox 3456 1391 3686 1446; x_wconf 88' lang='lat' dir='ltr'><strong>scribit:</strong></span> 
     </span>
    </p>
   </div>
   <div class='ocr_carea' id='block_1_31' title="bbox 2111 1477 3689 1554">
    <p class='ocr_par' dir='ltr' id='par_1_31' title="bbox 2111 1477 3689 1554">
     <span class='ocr_line' id='line_1_31' title="bbox 2111 1477 3689 1554; baseline -0.003 -12"><span class='ocrx_word' id='word_1_227' title='bbox 2111 1509 2130 1542; x_wconf 86' lang='grc'><strong>‹</strong></span> <span class='ocrx_word' id='word_1_228' title='bbox 2162 1489 2366 1545; x_wconf 88' lang='lat' dir='ltr'><strong>Pascha</strong></span> <span class='ocrx_word' id='word_1_229' title='bbox 2399 1489 2636 1554; x_wconf 88' lang='lat' dir='ltr'><strong>Domini,</strong></span> <span class='ocrx_word' id='word_1_230' title='bbox 2667 1487 2898 1552; x_wconf 82' lang='lat' dir='ltr'><strong>Pascha,</strong></span> <span class='ocrx_word' id='word_1_231' title='bbox 2927 1488 3121 1542; x_wconf 88' lang='lat' dir='ltr'><strong>iterum</strong></span> <span class='ocrx_word' id='word_1_232' title='bbox 3155 1487 3275 1542; x_wconf 91' lang='lat' dir='ltr'><strong>dico</strong></span> <span class='ocrx_word' id='word_1_233' title='bbox 3323 1477 3548 1549; x_wconf 81' lang='lat' dir='ltr'><strong>Pascha,</strong></span> <span class='ocrx_word' id='word_1_234' title='bbox 3587 1485 3689 1539; x_wconf 91' lang='lat' dir='ltr'><strong>ho-</strong></span> 
     </span>
    </p>
   </div>
   <div class='ocr_carea' id='block_1_32' title="bbox 2108 1577 3688 1637">
    <p class='ocr_par' dir='ltr' id='par_1_32' title="bbox 2108 1577 3688 1637">
     <span class='ocr_line' id='line_1_32' title="bbox 2108 1577 3688 1637; baseline -0.004 -1"><span class='ocrx_word' id='word_1_235' title='bbox 2108 1598 2209 1637; x_wconf 89' lang='lat' dir='ltr'><strong>nor</strong></span> <span class='ocrx_word' id='word_1_236' title='bbox 2225 1590 2554 1637; x_wconf 67' lang='lat' dir='ltr'><strong>sacrosantze</strong></span> <span class='ocrx_word' id='word_1_237' title='bbox 2576 1580 2881 1634; x_wconf 88' lang='lat' dir='ltr'><strong>Trinitatis.</strong></span> <span class='ocrx_word' id='word_1_238' title='bbox 2911 1580 3024 1634; x_wconf 88' lang='lat' dir='ltr'><strong>Hoc</strong></span> <span class='ocrx_word' id='word_1_239' title='bbox 3059 1589 3143 1633; x_wconf 83' lang='lat' dir='ltr'><strong>est</strong></span> <span class='ocrx_word' id='word_1_240' title='bbox 3171 1577 3434 1632; x_wconf 83' lang='lat' dir='ltr'><strong>festorum</strong></span> <span class='ocrx_word' id='word_1_241' title='bbox 3467 1577 3688 1637; x_wconf 79' lang='lat' dir='ltr'><strong>festum,</strong></span> 
     </span>
    </p>
   </div>
   <div class='ocr_carea' id='block_1_33' title="bbox 2109 1669 3693 1740">
    <p class='ocr_par' dir='ltr' id='par_1_33' title="bbox 2109 1669 3693 1740">
     <span class='ocr_line' id='line_1_33' title="bbox 2109 1669 3693 1740; baseline -0.004 -12"><span class='ocrx_word' id='word_1_242' title='bbox 2109 1681 2164 1728; x_wconf 91' lang='lat' dir='ltr'><strong>et</strong></span> <span class='ocrx_word' id='word_1_243' title='bbox 2195 1673 2484 1728; x_wconf 86' lang='lat' dir='ltr'><strong>celebritas</strong></span> <span class='ocrx_word' id='word_1_244' title='bbox 2514 1672 2894 1726; x_wconf 88' lang='lat' dir='ltr'><strong>celebritatum</strong></span> <span class='ocrx_word' id='word_1_245' title='bbox 2924 1713 2937 1736; x_wconf 93' lang='lat'><strong>,</strong></span> <span class='ocrx_word' id='word_1_246' title='bbox 2973 1677 3128 1726; x_wconf 90' lang='lat' dir='ltr'><strong>tanto</strong></span> <span class='ocrx_word' id='word_1_247' title='bbox 3172 1669 3396 1740; x_wconf 87' lang='lat' dir='ltr'><strong>reliquis</strong></span> <span class='ocrx_word' id='word_1_248' title='bbox 3439 1669 3693 1722; x_wconf 83' lang='lat' dir='ltr'><strong>omnibus</strong></span> 
     </span>
    </p>
   </div>
   <div class='ocr_carea' id='block_1_34' title="bbox 427 1751 2007 1851">
    <p class='ocr_par' dir='ltr' id='par_1_34' title="bbox 427 1775 2002 1851">
     <span class='ocr_line' id='line_1_34' title="bbox 427 1775 2002 1851; baseline 0 -21"><span class='ocrx_word' id='word_1_249' title='bbox 427 1775 522 1832; x_wconf 85' lang='grc' dir='ltr'><strong>Ἐν</strong></span> <span class='ocrx_word' id='word_1_250' title='bbox 549 1781 729 1831; x_wconf 84' lang='grc' dir='ltr'>τοίνυν</span> <span class='ocrx_word' id='word_1_251' title='bbox 755 1782 818 1850; x_wconf 81' lang='grc' dir='ltr'><strong>τῇ</strong></span> <span class='ocrx_word' id='word_1_252' title='bbox 851 1779 1210 1851; x_wconf 85' lang='grc' dir='ltr'>ἀναστασίμῳ</span> <span class='ocrx_word' id='word_1_253' title='bbox 1235 1778 1336 1850; x_wconf 82' lang='grc' dir='ltr'>τῆς</span> <span class='ocrx_word' id='word_1_254' title='bbox 1386 1779 1741 1842; x_wconf 80' lang='grc' dir='ltr'>ἀναστάσεως</span> <span class='ocrx_word' id='word_1_255' title='bbox 1773 1778 1870 1848; x_wconf 78' lang='grc' dir='ltr'>τὴν</span> <span class='ocrx_word' id='word_1_256' title='bbox 1903 1777 2002 1848; x_wconf 78' lang='grc' dir='ltr'>χά·</span> 
     </span>
    </p>
   </div>
   <div class='ocr_carea' id='block_1_35' title="bbox 2113 1751 3690 1851">
    <p class='ocr_par' dir='ltr' id='par_1_35' title="bbox 2113 1755 3690 1834">
     <span class='ocr_line' id='line_1_35' title="bbox 2113 1755 3690 1834; baseline -0.004 -14"><span class='ocrx_word' id='word_1_257' title='bbox 2113 1781 2216 1821; x_wconf 94' lang='lat' dir='ltr'><strong>non</strong></span> <span class='ocrx_word' id='word_1_258' title='bbox 2241 1767 2497 1819; x_wconf 86' lang='lat' dir='ltr'><strong>humanis</strong></span> <span class='ocrx_word' id='word_1_259' title='bbox 2525 1773 2734 1820; x_wconf 88' lang='lat' dir='ltr'><strong>tantum</strong></span> <span class='ocrx_word' id='word_1_260' title='bbox 2760 1776 2815 1820; x_wconf 88' lang='lat' dir='ltr'><strong>et</strong></span> <span class='ocrx_word' id='word_1_261' title='bbox 2840 1766 2909 1820; x_wconf 90' lang='lat' dir='ltr'><strong>ab</strong></span> <span class='ocrx_word' id='word_1_262' title='bbox 2945 1764 3260 1820; x_wconf 84' lang='lat' dir='ltr'><strong>hominibus</strong></span> <span class='ocrx_word' id='word_1_263' title='bbox 3295 1755 3571 1834; x_wconf 73' lang='lat' dir='ltr'><strong>proiectis,</strong></span> <span class='ocrx_word' id='word_1_264' title='bbox 3597 1763 3690 1815; x_wconf 83' lang='lat' dir='ltr'><strong>sed</strong></span> 
     </span>
    </p>
   </div>
   <div class='ocr_carea' id='block_1_36' title="bbox 430 1868 2000 1942">
    <p class='ocr_par' dir='ltr' id='par_1_36' title="bbox 430 1868 2000 1942">
     <span class='ocr_line' id='line_1_36' title="bbox 430 1868 2000 1942; baseline 0.001 -21"><span class='ocrx_word' id='word_1_265' title='bbox 430 1886 520 1938; x_wconf 82' lang='grc' dir='ltr'><strong>ριν</strong></span> <span class='ocrx_word' id='word_1_266' title='bbox 552 1868 962 1940; x_wconf 80' lang='grc' dir='ltr'>ὑποδεξώμεθα.</span> <span class='ocrx_word' id='word_1_267' title='bbox 992 1889 1012 1923; x_wconf 72' lang='grc' dir='ltr'><strong>ι</strong></span> <span class='ocrx_word' id='word_1_268' title='bbox 1041 1872 1152 1925; x_wconf 77' lang='grc' dir='ltr'><strong>Καὶ</strong></span> <span class='ocrx_word' id='word_1_269' title='bbox 1177 1868 1479 1942; x_wconf 86' lang='grc' dir='ltr'>Γρηγόριος</span> <span class='ocrx_word' id='word_1_270' title='bbox 1503 1869 1560 1923; x_wconf 86' lang='grc' dir='ltr'>δὲ</span> <span class='ocrx_word' id='word_1_271' title='bbox 1595 1871 1622 1922; x_wconf 83' lang='grc' dir='ltr'>ὁ</span> <span class='ocrx_word' id='word_1_272' title='bbox 1647 1869 1910 1938; x_wconf 84' lang='grc' dir='ltr'>Θεολόγος</span> <span class='ocrx_word' id='word_1_273' title='bbox 1942 1872 2000 1923; x_wconf 84' lang='grc' dir='ltr'>ὲν</span> 
     </span>
    </p>
   </div>
   <div class='ocr_carea' id='block_1_37' title="bbox 411 1956 2000 2032">
    <p class='ocr_par' dir='ltr' id='par_1_37' title="bbox 411 1956 2000 2032">
     <span class='ocr_line' id='line_1_37' title="bbox 411 1956 2000 2032; baseline 0.001 -20"><span class='ocrx_word' id='word_1_274' title='bbox 411 1959 499 2030; x_wconf 79' lang='grc' dir='ltr'>τῷ</span> <span class='ocrx_word' id='word_1_275' title='bbox 526 1963 609 2023; x_wconf 88' lang='grc' dir='ltr'><strong>εἰς</strong></span> <span class='ocrx_word' id='word_1_276' title='bbox 633 1961 696 2012; x_wconf 81' lang='grc' dir='ltr'>τὸ</span> <span class='ocrx_word' id='word_1_277' title='bbox 729 1961 924 2031; x_wconf 87' lang='grc' dir='ltr'>Πάσχα</span> <span class='ocrx_word' id='word_1_278' title='bbox 955 1961 1120 2032; x_wconf 85' lang='grc' dir='ltr'>λόγῳ,</span> <span class='ocrx_word' id='word_1_279' title='bbox 1149 1956 1212 2014; x_wconf 71' lang='grc' dir='ltr'><strong>οὗ</strong></span> <span class='ocrx_word' id='word_1_280' title='bbox 1239 1963 1272 2032; x_wconf 82' lang='grc' dir='ltr'><strong>ἡ</strong></span> <span class='ocrx_word' id='word_1_281' title='bbox 1302 1962 1443 2032; x_wconf 85' lang='grc' dir='ltr'>ἀρχή</span> <span class='ocrx_word' id='word_1_282' title='bbox 1468 1976 1480 1989; x_wconf 92' lang='grc'><strong>·</strong></span> <span class='ocrx_word' id='word_1_283' title='bbox 1513 1977 1532 2011; x_wconf 80' lang='grc' dir='ltr'><strong>ι</strong></span> <span class='ocrx_word' id='word_1_284' title='bbox 1555 1959 1679 2014; x_wconf 78' lang='grc' dir='ltr'><strong>Ἐπὶ</strong></span> <span class='ocrx_word' id='word_1_285' title='bbox 1703 1961 1802 2032; x_wconf 83' lang='grc' dir='ltr'>τῆς</span> <span class='ocrx_word' id='word_1_286' title='bbox 1829 1961 2000 2030; x_wconf 84' lang='grc' dir='ltr'>φυλα-</span> 
     </span>
    </p>
   </div>
   <div class='ocr_carea' id='block_1_38' title="bbox 415 2051 1997 2125">
    <p class='ocr_par' dir='ltr' id='par_1_38' title="bbox 415 2051 1997 2125">
     <span class='ocr_line' id='line_1_38' title="bbox 415 2051 1997 2125; baseline -0.009 -9"><span class='ocrx_word' id='word_1_287' title='bbox 415 2053 524 2122; x_wconf 83' lang='grc' dir='ltr'><strong>κῆς</strong></span> <span class='ocrx_word' id='word_1_288' title='bbox 554 2070 656 2122; x_wconf 86' lang='grc' dir='ltr'><strong>μου</strong></span> <span class='ocrx_word' id='word_1_289' title='bbox 685 2055 978 2124; x_wconf 78' lang='grc' dir='ltr'>στήσομαι,</span> <span class='ocrx_word' id='word_1_290' title='bbox 1009 2055 1174 2125; x_wconf 66' lang='grc' dir='ltr'>φησιν</span> <span class='ocrx_word' id='word_1_291' title='bbox 1206 2055 1234 2108; x_wconf 75' lang='grc' dir='ltr'>ὁ</span> <span class='ocrx_word' id='word_1_292' title='bbox 1270 2054 1557 2117; x_wconf 81' lang='grc' dir='ltr'>θεσπέσιος</span> <span class='ocrx_word' id='word_1_293' title='bbox 1593 2051 1941 2123; x_wconf 79' lang='grc' dir='ltr'>Ἀμϐακοὺμ,</span> <span class='ocrx_word' id='word_1_294' title='bbox 1979 2070 1997 2102; x_wconf 75' lang='grc' dir='ltr'><strong>ι</strong></span> 
     </span>
    </p>
   </div>
   <div class='ocr_carea' id='block_1_39' title="bbox 412 2127 2006 2224">
    <p class='ocr_par' dir='ltr' id='par_1_39' title="bbox 412 2127 2006 2224">
     <span class='ocr_line' id='line_1_39' title="bbox 412 2127 2006 2224; baseline 0 -28"><span class='ocrx_word' id='word_1_295' title='bbox 412 2145 492 2198; x_wconf 77' lang='grc' dir='ltr'>τὰ</span> <span class='ocrx_word' id='word_1_296' title='bbox 526 2145 886 2215; x_wconf 82' lang='grc' dir='ltr'>παραπλήσια</span> <span class='ocrx_word' id='word_1_297' title='bbox 915 2145 1180 2212; x_wconf 84' lang='grc' dir='ltr'>διδάσκει,</span> <span class='ocrx_word' id='word_1_298' title='bbox 1208 2143 1438 2217; x_wconf 78' lang='grc' dir='ltr'>γράφων</span> <span class='ocrx_word' id='word_1_299' title='bbox 1469 2127 1574 2198; x_wconf 75' lang='grc' dir='ltr'><strong>ὧδέ</strong></span> <span class='ocrx_word' id='word_1_300' title='bbox 1604 2160 1742 2207; x_wconf 76' lang='grc' dir='ltr'>πωςο</span> <span class='ocrx_word' id='word_1_301' title='bbox 1769 2162 1788 2195; x_wconf 70' lang='grc' dir='ltr'><strong>ι</strong></span> <span class='ocrx_word' id='word_1_302' title='bbox 1812 2143 2006 2224; x_wconf 75' lang='grc' dir='ltr'>Πάσχα</span> 
     </span>
    </p>
   </div>
   <div class='ocr_carea' id='block_1_40' title="bbox 415 2230 2008 2306">
    <p class='ocr_par' dir='ltr' id='par_1_40' title="bbox 415 2230 2008 2306">
     <span class='ocr_line' id='line_1_40' title="bbox 415 2230 2008 2306; baseline 0.001 -20"><span class='ocrx_word' id='word_1_303' title='bbox 415 2230 657 2306; x_wconf 80' lang='grc' dir='ltr'>Κυρίου,</span> <span class='ocrx_word' id='word_1_304' title='bbox 702 2236 896 2306; x_wconf 88' lang='grc' dir='ltr'>Πάσχα</span> <span class='ocrx_word' id='word_1_305' title='bbox 920 2277 935 2301; x_wconf 94' lang='grc'><strong>,</strong></span> <span class='ocrx_word' id='word_1_306' title='bbox 964 2235 1060 2290; x_wconf 74' lang='grc' dir='ltr'>καὶ</span> <span class='ocrx_word' id='word_1_307' title='bbox 1111 2232 1274 2291; x_wconf 88' lang='grc' dir='ltr'>πάλιν</span> <span class='ocrx_word' id='word_1_308' title='bbox 1313 2236 1444 2306; x_wconf 76' lang='grc' dir='ltr'><strong>ἐρῶ,</strong></span> <span class='ocrx_word' id='word_1_309' title='bbox 1472 2236 1687 2306; x_wconf 82' lang='grc' dir='ltr'>Πάσχα,</span> <span class='ocrx_word' id='word_1_310' title='bbox 1732 2233 1867 2306; x_wconf 83' lang='grc' dir='ltr'>τιμὴ</span> <span class='ocrx_word' id='word_1_311' title='bbox 1909 2234 2008 2304; x_wconf 78' lang='grc' dir='ltr'>τῆς</span> 
     </span>
    </p>
   </div>
   <div class='ocr_carea' id='block_1_41' title="bbox 417 2322 2071 2400">
    <p class='ocr_par' dir='ltr' id='par_1_41' title="bbox 417 2322 2071 2400">
     <span class='ocr_line' id='line_1_41' title="bbox 417 2322 2071 2400; baseline -0.001 -20"><span class='ocrx_word' id='word_1_312' title='bbox 417 2326 590 2395; x_wconf 77' lang='grc' dir='ltr'>ἁγίας</span> <span class='ocrx_word' id='word_1_313' title='bbox 625 2326 876 2396; x_wconf 86' lang='grc' dir='ltr'>Τριάδος.</span> <span class='ocrx_word' id='word_1_314' title='bbox 913 2327 1062 2398; x_wconf 76' lang='grc' dir='ltr'><strong>Αὕτη</strong></span> <span class='ocrx_word' id='word_1_315' title='bbox 1103 2327 1309 2398; x_wconf 80' lang='grc' dir='ltr'>ἑορτῶν</span> <span class='ocrx_word' id='word_1_316' title='bbox 1337 2329 1469 2398; x_wconf 77' lang='grc' dir='ltr'>ἡμῖν</span> <span class='ocrx_word' id='word_1_317' title='bbox 1515 2326 1678 2400; x_wconf 77' lang='grc' dir='ltr'>ἑορτὴ</span> <span class='ocrx_word' id='word_1_318' title='bbox 1727 2328 1823 2380; x_wconf 68' lang='grc' dir='ltr'>καὶ</span> <span class='ocrx_word' id='word_1_319' title='bbox 1869 2341 2009 2379; x_wconf 82' lang='grc' dir='ltr'>παν·</span> <span class='ocrx_word' id='word_1_320' title='bbox 2066 2322 2071 2326; x_wconf 74' lang='grc'><em>’</em></span> 
     </span>
    </p>
   </div>
   <div class='ocr_carea' id='block_1_42' title="bbox 415 2417 2010 2490">
    <p class='ocr_par' dir='ltr' id='par_1_42' title="bbox 415 2417 2010 2490">
     <span class='ocr_line' id='line_1_42' title="bbox 415 2417 2010 2490; baseline -0.001 -18"><span class='ocrx_word' id='word_1_321' title='bbox 415 2417 681 2490; x_wconf 86' lang='grc' dir='ltr'>ηγύρεων</span> <span class='ocrx_word' id='word_1_322' title='bbox 725 2419 1059 2490; x_wconf 83' lang='grc' dir='ltr'>πανήγυρις,</span> <span class='ocrx_word' id='word_1_323' title='bbox 1092 2418 1349 2472; x_wconf 80' lang='grc' dir='ltr'>τοσοῦτον</span> <span class='ocrx_word' id='word_1_324' title='bbox 1398 2418 1771 2490; x_wconf 76' lang='grc' dir='ltr'>ὑπεραίρουσα</span> <span class='ocrx_word' id='word_1_325' title='bbox 1809 2417 1870 2471; x_wconf 85' lang='grc' dir='ltr'>οὐ</span> <span class='ocrx_word' id='word_1_326' title='bbox 1909 2417 2010 2481; x_wconf 85' lang='grc' dir='ltr'><strong>τάς</strong></span> 
     </span>
    </p>
   </div>
   <div class='ocr_carea' id='block_1_43' title="bbox 417 2499 2007 2583">
    <p class='ocr_par' dir='ltr' id='par_1_43' title="bbox 417 2499 2007 2583">
     <span class='ocr_line' id='line_1_43' title="bbox 417 2499 2007 2583; baseline -0.001 -19"><span class='ocrx_word' id='word_1_327' title='bbox 417 2509 782 2582; x_wconf 80' lang='grc' dir='ltr'>ἀνθρωπικὰς</span> <span class='ocrx_word' id='word_1_328' title='bbox 817 2499 978 2582; x_wconf 70' lang='grc' dir='ltr'>μονον</span> <span class='ocrx_word' id='word_1_329' title='bbox 1007 2511 1102 2564; x_wconf 77' lang='grc' dir='ltr'>καὶ</span> <span class='ocrx_word' id='word_1_330' title='bbox 1131 2512 1305 2582; x_wconf 73' lang='grc' dir='ltr'>χαμαὶ</span> <span class='ocrx_word' id='word_1_331' title='bbox 1343 2511 1730 2583; x_wconf 70' lang='grc' dir='ltr'>ὲρχομέναςδθ,</span> <span class='ocrx_word' id='word_1_332' title='bbox 1764 2509 1881 2564; x_wconf 69' lang='grc' dir='ltr'>ἀλλ’</span> <span class='ocrx_word' id='word_1_333' title='bbox 1907 2509 2007 2580; x_wconf 72' lang='grc' dir='ltr'><strong>ήδη</strong></span> 
     </span>
    </p>
   </div>
   <div class='ocr_carea' id='block_1_44' title="bbox 419 2601 2004 2674">
    <p class='ocr_par' dir='ltr' id='par_1_44' title="bbox 419 2601 2004 2674">
     <span class='ocr_line' id='line_1_44' title="bbox 419 2601 2004 2674; baseline -0.002 -17"><span class='ocrx_word' id='word_1_334' title='bbox 419 2605 524 2657; x_wconf 70' lang='grc' dir='ltr'>καὶ</span> <span class='ocrx_word' id='word_1_335' title='bbox 575 2604 672 2666; x_wconf 81' lang='grc' dir='ltr'><strong>τὰς</strong></span> <span class='ocrx_word' id='word_1_336' title='bbox 717 2603 883 2656; x_wconf 81' lang='grc' dir='ltr'>αὐτοῦ</span> <span class='ocrx_word' id='word_1_337' title='bbox 923 2603 1164 2674; x_wconf 79' lang='grc' dir='ltr'>Χριστοῦ</span> <span class='ocrx_word' id='word_1_338' title='bbox 1212 2603 1308 2658; x_wconf 75' lang='grc' dir='ltr'>καὶ</span> <span class='ocrx_word' id='word_1_339' title='bbox 1351 2603 1439 2658; x_wconf 76' lang='grc' dir='ltr'><strong>ἐπ’</strong></span> <span class='ocrx_word' id='word_1_340' title='bbox 1465 2601 1616 2674; x_wconf 80' lang='grc' dir='ltr'>αὐτῷ</span> <span class='ocrx_word' id='word_1_341' title='bbox 1652 2601 2004 2672; x_wconf 81' lang='grc' dir='ltr'>τελουμένας,</span> 
     </span>
    </p>
   </div>
   <div class='ocr_carea' id='block_1_45' title="bbox 420 2690 2010 2770">
    <p class='ocr_par' dir='ltr' id='par_1_45' title="bbox 420 2690 2010 2770">
     <span class='ocr_line' id='line_1_45' title="bbox 420 2690 2010 2770; baseline -0.002 -22"><span class='ocrx_word' id='word_1_342' title='bbox 420 2694 555 2748; x_wconf 82' lang='grc' dir='ltr'>ὅσον</span> <span class='ocrx_word' id='word_1_343' title='bbox 599 2693 886 2766; x_wconf 75' lang='grc' dir='ltr'>ἀστέρος⁴⁹</span> <span class='ocrx_word' id='word_1_344' title='bbox 935 2695 1106 2766; x_wconf 74' lang='grc' dir='ltr'>ἥλιος.</span> <span class='ocrx_word' id='word_1_345' title='bbox 1156 2695 1312 2767; x_wconf 83' lang='grc' dir='ltr'>Καλὴ</span> <span class='ocrx_word' id='word_1_346' title='bbox 1357 2693 1457 2766; x_wconf 82' lang='grc' dir='ltr'>μὲν</span> <span class='ocrx_word' id='word_1_347' title='bbox 1490 2692 1596 2770; x_wconf 15' lang='grc' dir='ltr'>οὖν,</span> <span class='ocrx_word' id='word_1_348' title='bbox 1631 2695 1724 2748; x_wconf 71' lang='grc' dir='ltr'>καὶ</span> <span class='ocrx_word' id='word_1_349' title='bbox 1753 2695 1786 2765; x_wconf 83' lang='grc' dir='ltr'><strong>ἡ</strong></span> <span class='ocrx_word' id='word_1_350' title='bbox 1815 2694 1944 2765; x_wconf 84' lang='grc' dir='ltr'>χθὲς</span> <span class='ocrx_word' id='word_1_351' title='bbox 1962 2690 2010 2725; x_wconf 78' lang='grc'><strong>⁸⁸</strong></span> 
     </span>
    </p>
   </div>
   <div class='ocr_carea' id='block_1_46' title="bbox 425 2772 2037 2858">
    <p class='ocr_par' dir='ltr' id='par_1_46' title="bbox 425 2772 2037 2858">
     <span class='ocr_line' id='line_1_46' title="bbox 425 2772 2037 2858; baseline 0 -20"><span class='ocrx_word' id='word_1_352' title='bbox 425 2787 570 2856; x_wconf 79' lang='grc' dir='ltr'>ἡμῖν</span> <span class='ocrx_word' id='word_1_353' title='bbox 618 2784 1006 2857; x_wconf 78' lang='grc' dir='ltr'>λαμπροφορία</span> <span class='ocrx_word' id='word_1_354' title='bbox 1038 2782 1132 2840; x_wconf 71' lang='grc' dir='ltr'>καὶ</span> <span class='ocrx_word' id='word_1_355' title='bbox 1178 2785 1532 2856; x_wconf 84' lang='grc' dir='ltr'>φωταγωγία,</span> <span class='ocrx_word' id='word_1_356' title='bbox 1569 2787 1636 2858; x_wconf 82' lang='grc' dir='ltr'>ἣν</span> <span class='ocrx_word' id='word_1_357' title='bbox 1681 2785 1787 2856; x_wconf 76' lang='grc' dir='ltr'>ἰδίᾳ</span> <span class='ocrx_word' id='word_1_358' title='bbox 1821 2803 1880 2838; x_wconf 89' lang='grc' dir='ltr'><strong>τε</strong></span> <span class='ocrx_word' id='word_1_359' title='bbox 1913 2772 2037 2840; x_wconf 61' lang='grc' dir='ltr'>κάλ’</span> 
     </span>
    </p>
   </div>
   <div class='ocr_carea' id='block_1_47' title="bbox 421 2876 2014 2949">
    <p class='ocr_par' dir='ltr' id='par_1_47' title="bbox 421 2876 2014 2949">
     <span class='ocr_line' id='line_1_47' title="bbox 421 2876 2014 2949; baseline 0 -19"><span class='ocrx_word' id='word_1_360' title='bbox 421 2877 670 2948; x_wconf 74' lang='grc' dir='ltr'>δημοσίᾳ</span> <span class='ocrx_word' id='word_1_361' title='bbox 699 2878 1211 2949; x_wconf 71' lang='grc' dir='ltr'>συνεστησάμεθαδι</span> <span class='ocrx_word' id='word_1_362' title='bbox 1241 2879 1350 2932; x_wconf 81' lang='grc' dir='ltr'>πᾶν</span> <span class='ocrx_word' id='word_1_363' title='bbox 1389 2879 1546 2948; x_wconf 87' lang='grc' dir='ltr'>γένος</span> <span class='ocrx_word' id='word_1_364' title='bbox 1593 2876 1898 2948; x_wconf 83' lang='grc' dir='ltr'>ἀνθρώπων</span> <span class='ocrx_word' id='word_1_365' title='bbox 1931 2894 2014 2948; x_wconf 92' lang='grc' dir='ltr'>μι-</span> 
     </span>
    </p>
   </div>
   <div class='ocr_carea' id='block_1_48' title="bbox 2108 1853 3697 1929">
    <p class='ocr_par' dir='ltr' id='par_1_48' title="bbox 2108 1853 3697 1929">
     <span class='ocr_line' id='line_1_48' title="bbox 2108 1853 3697 1929; baseline -0.004 -17"><span class='ocrx_word' id='word_1_366' title='bbox 2108 1858 2242 1929; x_wconf 89' lang='lat' dir='ltr'><strong>ipsis</strong></span> <span class='ocrx_word' id='word_1_367' title='bbox 2263 1855 2466 1912; x_wconf 88' lang='lat' dir='ltr'><strong>Christi</strong></span> <span class='ocrx_word' id='word_1_368' title='bbox 2499 1857 2651 1912; x_wconf 80' lang='lat' dir='ltr'><strong>festis</strong></span> <span class='ocrx_word' id='word_1_369' title='bbox 2684 1858 2878 1914; x_wconf 86' lang='lat' dir='ltr'><strong>diebus</strong></span> <span class='ocrx_word' id='word_1_370' title='bbox 2909 1858 3133 1920; x_wconf 89' lang='lat' dir='ltr'><strong>clarius,</strong></span> <span class='ocrx_word' id='word_1_371' title='bbox 3161 1865 3370 1926; x_wconf 89' lang='lat' dir='ltr'><strong>quanto</strong></span> <span class='ocrx_word' id='word_1_372' title='bbox 3401 1854 3481 1910; x_wconf 91' lang='lat' dir='ltr'><strong>sol</strong></span> <span class='ocrx_word' id='word_1_373' title='bbox 3512 1853 3697 1908; x_wconf 88' lang='lat' dir='ltr'><strong>stellas</strong></span> 
     </span>
    </p>
   </div>
   <div class='ocr_carea' id='block_1_49' title="bbox 2107 1947 3694 2020">
    <p class='ocr_par' dir='ltr' id='par_1_49' title="bbox 2107 1947 3694 2020">
     <span class='ocr_line' id='line_1_49' title="bbox 2107 1947 3694 2020; baseline -0.003 -17"><span class='ocrx_word' id='word_1_374' title='bbox 2107 1959 2335 2020; x_wconf 89' lang='lat' dir='ltr'><strong>superat</strong></span> <span class='ocrx_word' id='word_1_375' title='bbox 2359 1949 2626 2004; x_wconf 80' lang='lat' dir='ltr'><strong>claritate.</strong></span> <span class='ocrx_word' id='word_1_376' title='bbox 2655 1949 2884 2004; x_wconf 88' lang='lat' dir='ltr'><strong>lllustris</strong></span> <span class='ocrx_word' id='word_1_377' title='bbox 2913 1950 3132 2020; x_wconf 81' lang='lat' dir='ltr'><strong>quidem</strong></span> <span class='ocrx_word' id='word_1_378' title='bbox 3167 1948 3329 2004; x_wconf 90' lang='lat' dir='ltr'><strong>nobis</strong></span> <span class='ocrx_word' id='word_1_379' title='bbox 3359 1957 3413 2001; x_wconf 91' lang='lat' dir='ltr'><strong>et</strong></span> <span class='ocrx_word' id='word_1_380' title='bbox 3441 1947 3694 2001; x_wconf 87' lang='lat' dir='ltr'><strong>hesterna</strong></span> 
     </span>
    </p>
   </div>
   <div class='ocr_carea' id='block_1_50' title="bbox 2106 2038 3700 2112">
    <p class='ocr_par' dir='ltr' id='par_1_50' title="bbox 2106 2038 3700 2112">
     <span class='ocr_line' id='line_1_50' title="bbox 2106 2038 3700 2112; baseline -0.003 -16"><span class='ocrx_word' id='word_1_381' title='bbox 2106 2041 2199 2096; x_wconf 79' lang='lat' dir='ltr'><strong>lux</strong></span> <span class='ocrx_word' id='word_1_382' title='bbox 2235 2041 2394 2112; x_wconf 89' lang='lat' dir='ltr'><strong>plena</strong></span> <span class='ocrx_word' id='word_1_383' title='bbox 2424 2041 2692 2096; x_wconf 87' lang='lat' dir='ltr'><strong>luminum</strong></span> <span class='ocrx_word' id='word_1_384' title='bbox 2727 2049 2784 2098; x_wconf 86' lang='lat' dir='ltr'><strong>et</strong></span> <span class='ocrx_word' id='word_1_385' title='bbox 2819 2043 3166 2096; x_wconf 88' lang='lat' dir='ltr'><strong>lucernarum</strong></span> <span class='ocrx_word' id='word_1_386' title='bbox 3205 2055 3341 2110; x_wconf 89' lang='lat' dir='ltr'><strong>quas</strong></span> <span class='ocrx_word' id='word_1_387' title='bbox 3369 2038 3700 2110; x_wconf 79' lang='lat' dir='ltr'><strong>gestavimus</strong></span> 
     </span>
    </p>
   </div>
   <div class='ocr_carea' id='block_1_51' title="bbox 2109 2122 3698 2206">
    <p class='ocr_par' dir='ltr' id='par_1_51' title="bbox 2109 2122 3698 2206">
     <span class='ocr_line' id='line_1_51' title="bbox 2109 2122 3698 2206; baseline -0.003 -19"><span class='ocrx_word' id='word_1_388' title='bbox 2109 2133 2242 2198; x_wconf 79' lang='lat' dir='ltr'><strong>fuit,</strong></span> <span class='ocrx_word' id='word_1_389' title='bbox 2279 2149 2439 2203; x_wconf 88' lang='lat' dir='ltr'><strong>quam</strong></span> <span class='ocrx_word' id='word_1_390' title='bbox 2468 2133 2686 2204; x_wconf 86' lang='lat' dir='ltr'><strong>publice</strong></span> <span class='ocrx_word' id='word_1_391' title='bbox 2719 2136 3080 2206; x_wconf 86' lang='lat' dir='ltr'><strong>privatimque</strong></span> <span class='ocrx_word' id='word_1_392' title='bbox 3112 2147 3305 2189; x_wconf 87' lang='lat' dir='ltr'><strong>omnes</strong></span> <span class='ocrx_word' id='word_1_393' title='bbox 3341 2122 3510 2202; x_wconf 75' lang='lat' dir='ltr'><strong>prope</strong></span> <span class='ocrx_word' id='word_1_394' title='bbox 3549 2145 3698 2184; x_wconf 91' lang='lat' dir='ltr'><strong>mor-</strong></span> 
     </span>
    </p>
   </div>
   <div class='ocr_carea' id='block_1_52' title="bbox 2112 2223 3699 2298">
    <p class='ocr_par' dir='ltr' id='par_1_52' title="bbox 2112 2223 3699 2298">
     <span class='ocr_line' id='line_1_52' title="bbox 2112 2223 3699 2298; baseline -0.001 -21"><span class='ocrx_word' id='word_1_395' title='bbox 2112 2224 2266 2290; x_wconf 88' lang='lat' dir='ltr'><strong>tales,</strong></span> <span class='ocrx_word' id='word_1_396' title='bbox 2314 2234 2370 2279; x_wconf 88' lang='lat' dir='ltr'><strong>et</strong></span> <span class='ocrx_word' id='word_1_397' title='bbox 2407 2240 2601 2282; x_wconf 82' lang='lat' dir='ltr'><strong>omnes</strong></span> <span class='ocrx_word' id='word_1_398' title='bbox 2652 2227 2896 2282; x_wconf 88' lang='lat' dir='ltr'><strong>omnium</strong></span> <span class='ocrx_word' id='word_1_399' title='bbox 2934 2227 3262 2298; x_wconf 80' lang='lat' dir='ltr'><strong>dignitatum</strong></span> <span class='ocrx_word' id='word_1_400' title='bbox 3293 2224 3517 2278; x_wconf 91' lang='lat' dir='ltr'><strong>ordines</strong></span> <span class='ocrx_word' id='word_1_401' title='bbox 3544 2223 3699 2293; x_wconf 88' lang='lat' dir='ltr'><strong>pulsa</strong></span> 
     </span>
    </p>
   </div>
   <div class='ocr_carea' id='block_1_53' title="bbox 2111 2315 3701 2388">
    <p class='ocr_par' dir='ltr' id='par_1_53' title="bbox 2111 2315 3701 2388">
     <span class='ocr_line' id='line_1_53' title="bbox 2111 2315 3701 2388; baseline -0.001 -18"><span class='ocrx_word' id='word_1_402' title='bbox 2111 2315 2292 2371; x_wconf 89' lang='lat' dir='ltr'><strong>crebis</strong></span> <span class='ocrx_word' id='word_1_403' title='bbox 2321 2317 2538 2387; x_wconf 76' lang='lat' dir='ltr'><strong>ignibus</strong></span> <span class='ocrx_word' id='word_1_404' title='bbox 2573 2327 2756 2384; x_wconf 91' lang='lat' dir='ltr'><strong>nocte,</strong></span> <span class='ocrx_word' id='word_1_405' title='bbox 2787 2319 3116 2388; x_wconf 82' lang='lat' dir='ltr'><strong>peregimus,</strong></span> <span class='ocrx_word' id='word_1_406' title='bbox 3153 2317 3246 2372; x_wconf 78' lang='lat' dir='ltr'><strong>lux</strong></span> <span class='ocrx_word' id='word_1_407' title='bbox 3273 2317 3496 2386; x_wconf 88' lang='lat' dir='ltr'><strong>inquam</strong></span> <span class='ocrx_word' id='word_1_408' title='bbox 3520 2317 3701 2386; x_wconf 76' lang='lat' dir='ltr'><strong>magni</strong></span> 
     </span>
    </p>
   </div>
   <div class='ocr_carea' id='block_1_54' title="bbox 2113 2409 3702 2482">
    <p class='ocr_par' dir='ltr' id='par_1_54' title="bbox 2113 2409 3702 2482">
     <span class='ocr_line' id='line_1_54' title="bbox 2113 2409 3702 2482; baseline -0.002 -20"><span class='ocrx_word' id='word_1_409' title='bbox 2113 2409 2256 2463; x_wconf 92' lang='lat' dir='ltr'><strong>illius</strong></span> <span class='ocrx_word' id='word_1_410' title='bbox 2297 2410 2428 2464; x_wconf 88' lang='lat' dir='ltr'><strong>solis</strong></span> <span class='ocrx_word' id='word_1_411' title='bbox 2464 2411 2688 2477; x_wconf 86' lang='lat' dir='ltr'><strong>umbra,</strong></span> <span class='ocrx_word' id='word_1_412' title='bbox 2723 2419 2876 2465; x_wconf 90' lang='lat' dir='ltr'><strong>tanto</strong></span> <span class='ocrx_word' id='word_1_413' title='bbox 2899 2411 3072 2482; x_wconf 84' lang='lat' dir='ltr'><strong>magis</strong></span> <span class='ocrx_word' id='word_1_414' title='bbox 3094 2410 3287 2465; x_wconf 85' lang='lat' dir='ltr'><strong>umbra</strong></span> <span class='ocrx_word' id='word_1_415' title='bbox 3307 2449 3322 2471; x_wconf 87' lang='lat'><strong>,</strong></span> <span class='ocrx_word' id='word_1_416' title='bbox 3359 2417 3564 2478; x_wconf 89' lang='lat' dir='ltr'><strong>quanto</strong></span> <span class='ocrx_word' id='word_1_417' title='bbox 3595 2424 3702 2462; x_wconf 72' lang='lat' dir='ltr'><strong>ca:-</strong></span> 
     </span>
    </p>
   </div>
   <div class='ocr_carea' id='block_1_55' title="bbox 2114 2491 3706 2557">
    <p class='ocr_par' dir='ltr' id='par_1_55' title="bbox 2114 2491 3706 2557">
     <span class='ocr_line' id='line_1_55' title="bbox 2114 2491 3706 2557; baseline -0.001 -4"><span class='ocrx_word' id='word_1_418' title='bbox 2114 2491 2226 2554; x_wconf 87' lang='lat' dir='ltr'><strong>ium</strong></span> <span class='ocrx_word' id='word_1_419' title='bbox 2265 2499 2430 2555; x_wconf 89' lang='lat' dir='ltr'><strong>altius</strong></span> <span class='ocrx_word' id='word_1_420' title='bbox 2475 2505 2644 2556; x_wconf 84' lang='lat' dir='ltr'><strong>totum</strong></span> <span class='ocrx_word' id='word_1_421' title='bbox 2693 2507 2962 2557; x_wconf 86' lang='lat' dir='ltr'><strong>terrarum</strong></span> <span class='ocrx_word' id='word_1_422' title='bbox 2991 2491 3181 2557; x_wconf 82' lang='lat' dir='ltr'><strong>orbem</strong></span> <span class='ocrx_word' id='word_1_423' title='bbox 3212 2491 3328 2556; x_wconf 87' lang='lat' dir='ltr'><strong>suis</strong></span> <span class='ocrx_word' id='word_1_424' title='bbox 3365 2500 3706 2554; x_wconf 77' lang='lat' dir='ltr'><strong>ornamentis</strong></span> 
     </span>
    </p>
   </div>
   <div class='ocr_carea' id='block_1_56' title="bbox 2114 2591 3706 2663">
    <p class='ocr_par' dir='ltr' id='par_1_56' title="bbox 2114 2591 3706 2663">
     <span class='ocr_line' id='line_1_56' title="bbox 2114 2591 3706 2663; baseline 0 -19"><span class='ocrx_word' id='word_1_425' title='bbox 2114 2591 2372 2658; x_wconf 88' lang='lat' dir='ltr'><strong>illustrat,</strong></span> <span class='ocrx_word' id='word_1_426' title='bbox 2399 2602 2714 2663; x_wconf 90' lang='lat' dir='ltr'><strong>quantoque</strong></span> <span class='ocrx_word' id='word_1_427' title='bbox 2743 2594 2946 2649; x_wconf 87' lang='lat' dir='ltr'><strong>clarius</strong></span> <span class='ocrx_word' id='word_1_428' title='bbox 2966 2595 3097 2648; x_wconf 90' lang='lat' dir='ltr'><strong>illud</strong></span> <span class='ocrx_word' id='word_1_429' title='bbox 3123 2593 3329 2659; x_wconf 90' lang='lat' dir='ltr'><strong>lumen,</strong></span> <span class='ocrx_word' id='word_1_430' title='bbox 3347 2593 3493 2662; x_wconf 90' lang='lat' dir='ltr'><strong>quod</strong></span> <span class='ocrx_word' id='word_1_431' title='bbox 3519 2605 3706 2660; x_wconf 85' lang='lat' dir='ltr'><strong>supra-</strong></span> 
     </span>
    </p>
   </div>
   <div class='ocr_carea' id='block_1_57' title="bbox 2116 2683 3705 2755">
    <p class='ocr_par' dir='ltr' id='par_1_57' title="bbox 2116 2683 3705 2755">
     <span class='ocr_line' id='line_1_57' title="bbox 2116 2683 3705 2755; baseline -0.001 -18"><span class='ocrx_word' id='word_1_432' title='bbox 2116 2683 2338 2742; x_wconf 70' lang='lat' dir='ltr'><strong>c&#39;teles&#39;te</strong></span> <span class='ocrx_word' id='word_1_433' title='bbox 2363 2690 2469 2751; x_wconf 88' lang='lat' dir='ltr'><strong>est,</strong></span> <span class='ocrx_word' id='word_1_434' title='bbox 2496 2694 2550 2740; x_wconf 89' lang='lat' dir='ltr'><strong>et</strong></span> <span class='ocrx_word' id='word_1_435' title='bbox 2583 2685 2636 2739; x_wconf 94' lang='lat' dir='ltr'><strong>in</strong></span> <span class='ocrx_word' id='word_1_436' title='bbox 2663 2685 2887 2755; x_wconf 66' lang='lat' dir='ltr'><strong>angi-lis,</strong></span> <span class='ocrx_word' id='word_1_437' title='bbox 2915 2694 2970 2740; x_wconf 93' lang='lat' dir='ltr'><strong>et</strong></span> <span class='ocrx_word' id='word_1_438' title='bbox 2999 2685 3053 2739; x_wconf 94' lang='lat' dir='ltr'><strong>in</strong></span> <span class='ocrx_word' id='word_1_439' title='bbox 3082 2685 3199 2754; x_wconf 90' lang='lat' dir='ltr'><strong>ipsa</strong></span> <span class='ocrx_word' id='word_1_440' title='bbox 3223 2684 3524 2744; x_wconf 85' lang='lat' dir='ltr'><strong>Trinitate,</strong></span> <span class='ocrx_word' id='word_1_441' title='bbox 3552 2687 3705 2752; x_wconf 79' lang='lat' dir='ltr'><strong>aqua</strong></span> 
     </span>
    </p>
   </div>
   <div class='ocr_carea' id='block_1_58' title="bbox 2118 2777 3706 2849">
    <p class='ocr_par' dir='ltr' id='par_1_58' title="bbox 2118 2777 3706 2849">
     <span class='ocr_line' id='line_1_58' title="bbox 2118 2777 3706 2849; baseline -0.002 -16"><span class='ocrx_word' id='word_1_442' title='bbox 2118 2778 2376 2849; x_wconf 88' lang='lat' dir='ltr'><strong>splendor</strong></span> <span class='ocrx_word' id='word_1_443' title='bbox 2407 2779 2589 2834; x_wconf 88' lang='lat' dir='ltr'><strong>omnis</strong></span> <span class='ocrx_word' id='word_1_444' title='bbox 2625 2779 2774 2835; x_wconf 82' lang='lat' dir='ltr'><strong>velut</strong></span> <span class='ocrx_word' id='word_1_445' title='bbox 2804 2795 2871 2834; x_wconf 79' lang='lat' dir='ltr'><strong>ex</strong></span> <span class='ocrx_word' id='word_1_446' title='bbox 2911 2789 3121 2835; x_wconf 69' lang='lat' dir='ltr'><strong>aeterno</strong></span> <span class='ocrx_word' id='word_1_447' title='bbox 3153 2778 3305 2834; x_wconf 81' lang='lat' dir='ltr'><strong>fonte</strong></span> <span class='ocrx_word' id='word_1_448' title='bbox 3331 2777 3552 2832; x_wconf 78' lang='lat' dir='ltr'><strong>luminis</strong></span> <span class='ocrx_word' id='word_1_449' title='bbox 3595 2781 3706 2831; x_wconf 76' lang='lat' dir='ltr'><strong>tra-</strong></span> 
     </span>
    </p>
   </div>
   <div class='ocr_carea' id='block_1_59' title="bbox 2116 2869 3704 2942">
    <p class='ocr_par' dir='ltr' id='par_1_59' title="bbox 2116 2869 3704 2942">
     <span class='ocr_line' id='line_1_59' title="bbox 2116 2869 3704 2942; baseline -0.004 -15"><span class='ocrx_word' id='word_1_450' title='bbox 2116 2869 2267 2927; x_wconf 87' lang='lat' dir='ltr'><strong>hitur</strong></span> <span class='ocrx_word' id='word_1_451' title='bbox 2312 2871 2732 2942; x_wconf 87' lang='lat' dir='ltr'><strong>decerpiturque</strong></span> <span class='ocrx_word' id='word_1_452' title='bbox 2784 2872 3010 2928; x_wconf 90' lang='lat' dir='ltr'><strong>relucet.</strong></span> <span class='ocrx_word' id='word_1_453' title='bbox 3070 2870 3390 2926; x_wconf 67' lang='lat' dir='ltr'><strong>Prmclarior</strong></span> <span class='ocrx_word' id='word_1_454' title='bbox 3442 2879 3572 2940; x_wconf 78' lang='lat' dir='ltr'><strong>ergo</strong></span> <span class='ocrx_word' id='word_1_455' title='bbox 3613 2869 3704 2922; x_wconf 79' lang='lat' dir='ltr'><strong>lux</strong></span> 
     </span>
    </p>
   </div>
   <div class='ocr_carea' id='block_1_60' title="bbox 423 2953 2007 3036">
    <p class='ocr_par' dir='ltr' id='par_1_60' title="bbox 423 2953 2007 3036">
     <span class='ocr_line' id='line_1_60' title="bbox 423 2953 2007 3036; baseline -0.002 -17"><span class='ocrx_word' id='word_1_456' title='bbox 423 2963 571 3036; x_wconf 81' lang='grc' dir='ltr'>κροῢ</span> <span class='ocrx_word' id='word_1_457' title='bbox 588 2966 634 2998; x_wconf 77' lang='grc'><strong><em>⁸²</em></strong></span> <span class='ocrx_word' id='word_1_458' title='bbox 665 2965 760 3020; x_wconf 74' lang='grc' dir='ltr'>καὶ</span> <span class='ocrx_word' id='word_1_459' title='bbox 805 2953 934 3033; x_wconf 79' lang='grc' dir='ltr'>ἀξία</span> <span class='ocrx_word' id='word_1_460' title='bbox 962 2968 1113 3020; x_wconf 83' lang='grc' dir='ltr'>πᾶσα</span> <span class='ocrx_word' id='word_1_461' title='bbox 1137 3004 1152 3030; x_wconf 95' lang='grc'><strong>,</strong></span> <span class='ocrx_word' id='word_1_462' title='bbox 1177 2953 1393 3036; x_wconf 83' lang='grc' dir='ltr'>δαψιλεῖ</span> <span class='ocrx_word' id='word_1_463' title='bbox 1417 2963 1496 3036; x_wconf 85' lang='grc' dir='ltr'><strong>τῷ</strong></span> <span class='ocrx_word' id='word_1_464' title='bbox 1527 2966 1661 3036; x_wconf 74' lang='grc' dir='ltr'>πυρὶ</span> <span class='ocrx_word' id='word_1_465' title='bbox 1701 2963 1801 3034; x_wconf 78' lang='grc' dir='ltr'>τὴν</span> <span class='ocrx_word' id='word_1_466' title='bbox 1843 2962 2007 3016; x_wconf 85' lang='grc' dir='ltr'>νύκτα</span> 
     </span>
    </p>
   </div>
   <div class='ocr_carea' id='block_1_61' title="bbox 2113 2953 3704 3036">
    <p class='ocr_par' dir='ltr' id='par_1_61' title="bbox 2118 2955 3704 3034">
     <span class='ocr_line' id='line_1_61' title="bbox 2118 2955 3704 3034; baseline -0.003 -16"><span class='ocrx_word' id='word_1_467' title='bbox 2118 2963 2403 3029; x_wconf 90' lang='lat' dir='ltr'><strong>hodierna,</strong></span> <span class='ocrx_word' id='word_1_468' title='bbox 2423 2963 2567 3034; x_wconf 89' lang='lat' dir='ltr'><strong>quod</strong></span> <span class='ocrx_word' id='word_1_469' title='bbox 2599 2965 2852 3019; x_wconf 84' lang='lat' dir='ltr'><strong>hesterna</strong></span> <span class='ocrx_word' id='word_1_470' title='bbox 2883 2963 3162 3020; x_wconf 75' lang='lat' dir='ltr'><strong>hodierna:</strong></span> <span class='ocrx_word' id='word_1_471' title='bbox 3188 2963 3344 3034; x_wconf 85' lang='lat' dir='ltr'><strong>quasi</strong></span> <span class='ocrx_word' id='word_1_472' title='bbox 3375 2955 3566 3018; x_wconf 86' lang='lat' dir='ltr'><strong>nuntia</strong></span> <span class='ocrx_word' id='word_1_473' title='bbox 3589 2961 3704 3015; x_wconf 76' lang='lat' dir='ltr'><strong>fue-</strong></span> 
     </span>
    </p>
   </div>
   <div class='ocr_carea' id='block_1_62' title="bbox 424 3054 2007 3137">
    <p class='ocr_par' dir='ltr' id='par_1_62' title="bbox 424 3055 2007 3128">
     <span class='ocr_line' id='line_1_62' title="bbox 424 3055 2007 3128; baseline -0.001 -16"><span class='ocrx_word' id='word_1_474' title='bbox 424 3057 930 3128; x_wconf 74' lang='grc' dir='ltr'>καταφωτίζοντες,</span> <span class='ocrx_word' id='word_1_475' title='bbox 967 3059 1061 3113; x_wconf 75' lang='grc' dir='ltr'><strong>καὶ</strong></span> <span class='ocrx_word' id='word_1_476' title='bbox 1084 3056 1179 3111; x_wconf 81' lang='grc' dir='ltr'><strong>τοῦ</strong></span> <span class='ocrx_word' id='word_1_477' title='bbox 1209 3057 1448 3128; x_wconf 86' lang='grc' dir='ltr'>μεγάλου</span> <span class='ocrx_word' id='word_1_478' title='bbox 1477 3055 1655 3126; x_wconf 75' lang='grc' dir='ltr'>φωτὸς</span> <span class='ocrx_word' id='word_1_479' title='bbox 1695 3055 2007 3119; x_wconf 82' lang='grc' dir='ltr'>ἀντίτυπος,</span> 
     </span>
    </p>
   </div>
   <div class='ocr_carea' id='block_1_63' title="bbox 2113 3054 3705 3137">
    <p class='ocr_par' dir='ltr' id='par_1_63' title="bbox 2120 3054 3705 3128">
     <span class='ocr_line' id='line_1_63' title="bbox 2120 3054 3705 3128; baseline -0.001 -18"><span class='ocrx_word' id='word_1_480' title='bbox 2120 3057 2221 3122; x_wconf 91' lang='lat' dir='ltr'><strong>rit,</strong></span> <span class='ocrx_word' id='word_1_481' title='bbox 2253 3065 2309 3112; x_wconf 89' lang='lat' dir='ltr'><strong>et</strong></span> <span class='ocrx_word' id='word_1_482' title='bbox 2349 3054 2516 3112; x_wconf 85' lang='lat' dir='ltr'><strong>veluti</strong></span> <span class='ocrx_word' id='word_1_483' title='bbox 2549 3073 2784 3113; x_wconf 90' lang='lat' dir='ltr'><strong>nascens</strong></span> <span class='ocrx_word' id='word_1_484' title='bbox 2818 3054 3055 3128; x_wconf 89' lang='lat' dir='ltr'><strong>primum</strong></span> <span class='ocrx_word' id='word_1_485' title='bbox 3107 3058 3292 3128; x_wconf 82' lang='lat' dir='ltr'><strong>jubar,</strong></span> <span class='ocrx_word' id='word_1_486' title='bbox 3335 3064 3392 3111; x_wconf 88' lang='lat' dir='ltr'><strong>et</strong></span> <span class='ocrx_word' id='word_1_487' title='bbox 3432 3064 3705 3126; x_wconf 68' lang='lat' dir='ltr'><strong>prmcepta</strong></span> 
     </span>
    </p>
   </div>
   <div class='ocr_carea' id='block_1_64' title="bbox 426 3145 2007 3221">
    <p class='ocr_par' dir='ltr' id='par_1_64' title="bbox 426 3145 2007 3219">
     <span class='ocr_line' id='line_1_64' title="bbox 426 3145 2007 3219; baseline -0.001 -19"><span class='ocrx_word' id='word_1_488' title='bbox 426 3147 560 3201; x_wconf 80' lang='grc' dir='ltr'>ὅσον</span> <span class='ocrx_word' id='word_1_489' title='bbox 589 3165 647 3200; x_wconf 86' lang='grc' dir='ltr'><strong>τε</strong></span> <span class='ocrx_word' id='word_1_490' title='bbox 676 3147 906 3219; x_wconf 74' lang='grc' dir='ltr'>οὐρανὸς</span> <span class='ocrx_word' id='word_1_491' title='bbox 938 3146 1147 3202; x_wconf 77' lang='grc' dir='ltr'>ἄνωθεν</span> <span class='ocrx_word' id='word_1_492' title='bbox 1179 3147 1496 3218; x_wconf 53' lang='grc' dir='ltr'>φνρυκτωρεῖ</span> <span class='ocrx_word' id='word_1_493' title='bbox 1522 3146 1728 3216; x_wconf 73' lang='grc' dir='ltr'>κόσμον</span> <span class='ocrx_word' id='word_1_494' title='bbox 1757 3145 1876 3199; x_wconf 84' lang='grc' dir='ltr'>ὅλον</span> <span class='ocrx_word' id='word_1_495' title='bbox 1916 3145 2007 3200; x_wconf 85' lang='grc' dir='ltr'>αύ-</span> 
     </span>
    </p>
   </div>
   <div class='ocr_carea' id='block_1_65' title="bbox 2113 3145 3706 3221">
    <p class='ocr_par' dir='ltr' id='par_1_65' title="bbox 2115 3147 3706 3221">
     <span class='ocr_line' id='line_1_65' title="bbox 2115 3147 3706 3221; baseline -0.003 -17"><span class='ocrx_word' id='word_1_496' title='bbox 2115 3149 2361 3220; x_wconf 68' lang='lat' dir='ltr'><strong>qumdam</strong></span> <span class='ocrx_word' id='word_1_497' title='bbox 2396 3148 2558 3204; x_wconf 83' lang='lat' dir='ltr'><strong>futuri</strong></span> <span class='ocrx_word' id='word_1_498' title='bbox 2589 3150 2976 3221; x_wconf 89' lang='lat' dir='ltr'><strong>sequentisque</strong></span> <span class='ocrx_word' id='word_1_499' title='bbox 3019 3150 3144 3205; x_wconf 75' lang='lat' dir='ltr'><strong>l‘esti</strong></span> <span class='ocrx_word' id='word_1_500' title='bbox 3189 3150 3402 3204; x_wconf 70' lang='lat' dir='ltr'><strong>lmtitia.</strong></span> <span class='ocrx_word' id='word_1_501' title='bbox 3433 3147 3706 3202; x_wconf 86' lang='lat' dir='ltr'><strong>llodierrta</strong></span> 
     </span>
    </p>
   </div>
   <div class='ocr_carea' id='block_1_66' title="bbox 426 3237 2007 3314">
    <p class='ocr_par' dir='ltr' id='par_1_66' title="bbox 426 3237 2007 3310">
     <span class='ocr_line' id='line_1_66' title="bbox 426 3237 2007 3310; baseline 0.001 -19"><span class='ocrx_word' id='word_1_502' title='bbox 426 3240 618 3310; x_wconf 77' lang='grc' dir='ltr'>γάζων</span> <span class='ocrx_word' id='word_1_503' title='bbox 642 3243 759 3304; x_wconf 87' lang='grc' dir='ltr'>τοῖς</span> <span class='ocrx_word' id='word_1_504' title='bbox 789 3241 920 3310; x_wconf 87' lang='grc' dir='ltr'>παρ’</span> <span class='ocrx_word' id='word_1_505' title='bbox 951 3237 1148 3293; x_wconf 81' lang='grc' dir='ltr'>ἑαυτοῦ</span> <span class='ocrx_word' id='word_1_506' title='bbox 1182 3237 1407 3292; x_wconf 83' lang='grc' dir='ltr'>κάλλεσι</span> <span class='ocrx_word' id='word_1_507' title='bbox 1433 3238 1530 3290; x_wconf 77' lang='grc' dir='ltr'>καὶ</span> <span class='ocrx_word' id='word_1_508' title='bbox 1563 3239 1687 3290; x_wconf 85' lang='grc' dir='ltr'>ὅσον</span> <span class='ocrx_word' id='word_1_509' title='bbox 1711 3237 2007 3310; x_wconf 83' lang='grc' dir='ltr'>ὑπερουρά-</span> 
     </span>
    </p>
   </div>
   <div class='ocr_carea' id='block_1_67' title="bbox 2113 3237 3707 3314">
    <p class='ocr_par' dir='ltr' id='par_1_67' title="bbox 2117 3241 3707 3314">
     <span class='ocr_line' id='line_1_67' title="bbox 2117 3241 3707 3314; baseline -0.002 -19"><span class='ocrx_word' id='word_1_510' title='bbox 2117 3257 2248 3296; x_wconf 78' lang='lat' dir='ltr'><strong>vero</strong></span> <span class='ocrx_word' id='word_1_511' title='bbox 2277 3241 2366 3296; x_wconf 90' lang='lat' dir='ltr'><strong>die</strong></span> <span class='ocrx_word' id='word_1_512' title='bbox 2394 3242 2573 3312; x_wconf 83' lang='lat' dir='ltr'><strong>ipsum</strong></span> <span class='ocrx_word' id='word_1_513' title='bbox 2609 3243 2947 3314; x_wconf 76' lang='lat' dir='ltr'><strong>resurgentis</strong></span> <span class='ocrx_word' id='word_1_514' title='bbox 2975 3241 3179 3297; x_wconf 89' lang='lat' dir='ltr'><strong>Christi</strong></span> <span class='ocrx_word' id='word_1_515' title='bbox 3207 3241 3545 3312; x_wconf 89' lang='lat' dir='ltr'><strong>triumphum</strong></span> <span class='ocrx_word' id='word_1_516' title='bbox 3577 3253 3707 3310; x_wconf 78' lang='lat' dir='ltr'><strong>aga-</strong></span> 
     </span>
    </p>
   </div>
   <div class='ocr_carea' id='block_1_68' title="bbox 428 3327 2007 3405">
    <p class='ocr_par' dir='ltr' id='par_1_68' title="bbox 428 3327 2007 3402">
     <span class='ocr_line' id='line_1_68' title="bbox 428 3327 2007 3402; baseline -0.002 -17"><span class='ocrx_word' id='word_1_517' title='bbox 428 3349 547 3387; x_wconf 83' lang='grc' dir='ltr'>νιον</span> <span class='ocrx_word' id='word_1_518' title='bbox 594 3331 652 3385; x_wconf 80' lang='grc' dir='ltr'>εν</span> <span class='ocrx_word' id='word_1_519' title='bbox 696 3349 754 3384; x_wconf 90' lang='grc' dir='ltr'><strong>τε</strong></span> <span class='ocrx_word' id='word_1_520' title='bbox 792 3332 1048 3400; x_wconf 84' lang='grc' dir='ltr'>ἀγγέλοις</span> <span class='ocrx_word' id='word_1_521' title='bbox 1078 3333 1144 3400; x_wconf 83' lang='grc' dir='ltr'>τῇ</span> <span class='ocrx_word' id='word_1_522' title='bbox 1196 3328 1391 3402; x_wconf 83' lang='grc' dir='ltr'>πρώτῃ</span> <span class='ocrx_word' id='word_1_523' title='bbox 1419 3329 1655 3398; x_wconf 74' lang='grc' dir='ltr'>φωτεινῇ</span> <span class='ocrx_word' id='word_1_524' title='bbox 1685 3327 1848 3396; x_wconf 79' lang='grc' dir='ltr'>φύσει</span> <span class='ocrx_word' id='word_1_525' title='bbox 1880 3329 2007 3398; x_wconf 83' lang='grc' dir='ltr'>μετό</span> 
     </span>
    </p>
   </div>
   <div class='ocr_carea' id='block_1_69' title="bbox 2113 3327 3708 3405">
    <p class='ocr_par' dir='ltr' id='par_1_69' title="bbox 2117 3332 3708 3405">
     <span class='ocr_line' id='line_1_69' title="bbox 2117 3332 3708 3405; baseline -0.002 -19"><span class='ocrx_word' id='word_1_526' title='bbox 2117 3348 2270 3397; x_wconf 89' lang='lat' dir='ltr'><strong>mus,</strong></span> <span class='ocrx_word' id='word_1_527' title='bbox 2306 3349 2419 3387; x_wconf 89' lang='lat' dir='ltr'><strong>non</strong></span> <span class='ocrx_word' id='word_1_528' title='bbox 2449 3343 2727 3404; x_wconf 87' lang='lat' dir='ltr'><strong>speratum</strong></span> <span class='ocrx_word' id='word_1_529' title='bbox 2775 3333 3010 3405; x_wconf 89' lang='lat' dir='ltr'><strong>amplius</strong></span> <span class='ocrx_word' id='word_1_530' title='bbox 3040 3337 3134 3388; x_wconf 83' lang='lat' dir='ltr'><strong>aut</strong></span> <span class='ocrx_word' id='word_1_531' title='bbox 3165 3340 3568 3404; x_wconf 73' lang='lat' dir='ltr'><strong>exspectatum,</strong></span> <span class='ocrx_word' id='word_1_532' title='bbox 3611 3332 3708 3384; x_wconf 86' lang='lat' dir='ltr'><strong>sed</strong></span> 
     </span>
    </p>
   </div>
   <div class='ocr_carea' id='block_1_70' title="bbox 427 3419 2007 3497">
    <p class='ocr_par' dir='ltr' id='par_1_70' title="bbox 427 3419 2007 3494">
     <span class='ocr_line' id='line_1_70' title="bbox 427 3419 2007 3494; baseline -0.004 -17"><span class='ocrx_word' id='word_1_533' title='bbox 427 3425 534 3494; x_wconf 75' lang='grc' dir='ltr'>’τὴν</span> <span class='ocrx_word' id='word_1_534' title='bbox 563 3423 793 3494; x_wconf 82' lang='grc' dir='ltr'>πρώτην</span> <span class='ocrx_word' id='word_1_535' title='bbox 822 3423 886 3477; x_wconf 82' lang='grc' dir='ltr'>τὸ</span> <span class='ocrx_word' id='word_1_536' title='bbox 911 3423 1123 3475; x_wconf 80' lang='grc' dir='ltr'>ἐκεῖθεν</span> <span class='ocrx_word' id='word_1_537' title='bbox 1145 3419 1591 3490; x_wconf 81' lang='grc' dir='ltr'>καταυγάζεσθαι</span> <span class='ocrx_word' id='word_1_538' title='bbox 1609 3419 1678 3482; x_wconf 84' lang='grc'><strong>⁸³,</strong></span> <span class='ocrx_word' id='word_1_539' title='bbox 1702 3419 1795 3472; x_wconf 80' lang='grc' dir='ltr'>καὶ</span> <span class='ocrx_word' id='word_1_540' title='bbox 1814 3419 1937 3471; x_wconf 85' lang='grc' dir='ltr'>ὅσον</span> <span class='ocrx_word' id='word_1_541' title='bbox 1963 3421 2007 3471; x_wconf 60' lang='grc' dir='ltr'><strong>ὲκ.</strong></span> 
     </span>
    </p>
   </div>
   <div class='ocr_carea' id='block_1_71' title="bbox 2113 3419 3708 3497">
    <p class='ocr_par' dir='ltr' id='par_1_71' title="bbox 2118 3420 3708 3497">
     <span class='ocr_line' id='line_1_71' title="bbox 2118 3420 3708 3497; baseline -0.002 -19"><span class='ocrx_word' id='word_1_542' title='bbox 2118 3431 2478 3492; x_wconf 69' lang='lat' dir='ltr'><strong>praesentem,</strong></span> <span class='ocrx_word' id='word_1_543' title='bbox 2528 3436 2813 3497; x_wconf 88' lang='lat' dir='ltr'><strong>totumque</strong></span> <span class='ocrx_word' id='word_1_544' title='bbox 2871 3427 2939 3480; x_wconf 84' lang='lat' dir='ltr'><strong>ad</strong></span> <span class='ocrx_word' id='word_1_545' title='bbox 3001 3441 3059 3482; x_wconf 88' lang='lat' dir='ltr'><strong>se</strong></span> <span class='ocrx_word' id='word_1_546' title='bbox 3123 3425 3387 3481; x_wconf 88' lang='lat' dir='ltr'><strong>mundum</strong></span> <span class='ocrx_word' id='word_1_547' title='bbox 3431 3420 3708 3479; x_wconf 71' lang='lat' dir='ltr'><strong>anﬂﬂtcn-</strong></span> 
     </span>
    </p>
   </div>
   <div class='ocr_carea' id='block_1_72' title="bbox 428 3503 3260 3587">
    <p class='ocr_par' dir='ltr' id='par_1_72' title="bbox 428 3503 3260 3587">
     <span class='ocr_line' id='line_1_72' title="bbox 428 3503 3260 3587; baseline 0 -22"><span class='ocrx_word' id='word_1_548' title='bbox 428 3515 500 3584; x_wconf 84' lang='grc' dir='ltr'>τῇ</span> <span class='ocrx_word' id='word_1_549' title='bbox 537 3513 750 3584; x_wconf 84' lang='grc' dir='ltr'>Τριάδι,</span> <span class='ocrx_word' id='word_1_550' title='bbox 793 3513 923 3584; x_wconf 82' lang='grc' dir='ltr'>παρ’</span> <span class='ocrx_word' id='word_1_551' title='bbox 949 3507 1018 3584; x_wconf 78' lang='grc' dir='ltr'>ἧς</span> <span class='ocrx_word' id='word_1_552' title='bbox 1045 3513 1159 3582; x_wconf 83' lang='grc' dir='ltr'>φῶς</span> <span class='ocrx_word' id='word_1_553' title='bbox 1193 3511 1340 3566; x_wconf 73' lang='grc' dir='ltr'>ἅπαν</span> <span class='ocrx_word' id='word_1_554' title='bbox 1378 3511 1712 3580; x_wconf 86' lang='grc' dir='ltr'>συνέστηκεν</span> <span class='ocrx_word' id='word_1_555' title='bbox 1739 3508 1796 3576; x_wconf 79' lang='grc' dir='ltr'>ἐξ</span> <span class='ocrx_word' id='word_1_556' title='bbox 1826 3503 2022 3580; x_wconf 80' lang='grc' dir='ltr'>ἀμερί-</span> <span class='ocrx_word' id='word_1_557' title='bbox 2123 3523 2251 3570; x_wconf 86' lang='lat' dir='ltr'><strong>tem.</strong></span> <span class='ocrx_word' id='word_1_558' title='bbox 2283 3535 2302 3568; x_wconf 76' lang='grc' dir='ltr'><strong>ι</strong></span> <span class='ocrx_word' id='word_1_559' title='bbox 3252 3579 3260 3587; x_wconf 88' lang='lat'><em>_</em></span> 
     </span>
    </p>
   </div>
   <div class='ocr_carea' id='block_1_73' title="bbox 431 3598 3711 3682">
    <p class='ocr_par' dir='ltr' id='par_1_73' title="bbox 431 3598 3711 3682">
     <span class='ocr_line' id='line_1_73' title="bbox 431 3598 3711 3682; baseline 0.005 -27"><span class='ocrx_word' id='word_1_560' title='bbox 431 3620 564 3656; x_wconf 87' lang='grc' dir='ltr'>στου</span> <span class='ocrx_word' id='word_1_561' title='bbox 601 3605 782 3674; x_wconf 77' lang='grc' dir='ltr'>φωτὸς</span> <span class='ocrx_word' id='word_1_562' title='bbox 833 3603 1194 3675; x_wconf 76' lang='grc' dir='ltr'>μεριζόμενον</span> <span class='ocrx_word' id='word_1_563' title='bbox 1237 3604 1331 3658; x_wconf 80' lang='grc' dir='ltr'>καὶ</span> <span class='ocrx_word' id='word_1_564' title='bbox 1379 3602 1738 3673; x_wconf 85' lang='grc' dir='ltr'>τεμνόμενον.</span> <span class='ocrx_word' id='word_1_565' title='bbox 1784 3599 2036 3654; x_wconf 84' lang='grc' dir='ltr'>Καλλίων</span> <span class='ocrx_word' id='word_1_566' title='bbox 2075 3604 2132 3657; x_wconf 80' lang='grc' dir='ltr'>δὲ</span> <span class='ocrx_word' id='word_1_567' title='bbox 2179 3610 2212 3676; x_wconf 81' lang='grc' dir='ltr'><strong>ή</strong></span> <span class='ocrx_word' id='word_1_568' title='bbox 2257 3609 2502 3680; x_wconf 85' lang='grc' dir='ltr'>σήμερον</span> <span class='ocrx_word' id='word_1_569' title='bbox 2539 3611 2635 3662; x_wconf 78' lang='grc' dir='ltr'>καὶ</span> <span class='ocrx_word' id='word_1_570' title='bbox 2681 3610 3148 3682; x_wconf 78' lang='grc' dir='ltr'>περιφανεστέρα,</span> <span class='ocrx_word' id='word_1_571' title='bbox 3192 3609 3316 3662; x_wconf 79' lang='grc' dir='ltr'>ὅσον</span> <span class='ocrx_word' id='word_1_572' title='bbox 3339 3609 3384 3641; x_wconf 70' lang='grc'><strong>⁸*</strong></span> <span class='ocrx_word' id='word_1_573' title='bbox 3416 3608 3544 3680; x_wconf 74' lang='grc' dir='ltr'>χθὲς</span> <span class='ocrx_word' id='word_1_574' title='bbox 3609 3598 3711 3677; x_wconf 71' lang='grc' dir='ltr'>μὲν</span> 
     </span>
    </p>
   </div>
   <div class='ocr_carea' id='block_1_74' title="bbox 432 3689 3714 3773">
    <p class='ocr_par' dir='ltr' id='par_1_74' title="bbox 432 3689 3714 3773">
     <span class='ocr_line' id='line_1_74' title="bbox 432 3689 3714 3773; baseline 0.002 -25"><span class='ocrx_word' id='word_1_575' title='bbox 432 3697 750 3766; x_wconf 64' lang='grc' dir='ltr'>πρόδρομον</span> <span class='ocrx_word' id='word_1_576' title='bbox 782 3691 848 3766; x_wconf 77' lang='grc' dir='ltr'>ἦν</span> <span class='ocrx_word' id='word_1_577' title='bbox 879 3693 973 3748; x_wconf 83' lang='grc' dir='ltr'><strong>τοῦ</strong></span> <span class='ocrx_word' id='word_1_578' title='bbox 1032 3695 1270 3763; x_wconf 84' lang='grc' dir='ltr'>μεγάλου</span> <span class='ocrx_word' id='word_1_579' title='bbox 1325 3693 1502 3764; x_wconf 77' lang='grc' dir='ltr'>φωτὸς</span> <span class='ocrx_word' id='word_1_580' title='bbox 1551 3689 1913 3760; x_wconf 79' lang='grc' dir='ltr'>ἀνιστάμενον</span> <span class='ocrx_word' id='word_1_581' title='bbox 1963 3691 2027 3744; x_wconf 83' lang='grc' dir='ltr'>τὸ</span> <span class='ocrx_word' id='word_1_582' title='bbox 2050 3693 2166 3762; x_wconf 83' lang='grc' dir='ltr'><strong>φῶς</strong></span> <span class='ocrx_word' id='word_1_583' title='bbox 2195 3697 2292 3750; x_wconf 82' lang='grc' dir='ltr'>καὶ</span> <span class='ocrx_word' id='word_1_584' title='bbox 2323 3693 2436 3752; x_wconf 75' lang='grc' dir='ltr'>οἷον</span> <span class='ocrx_word' id='word_1_585' title='bbox 2499 3701 2809 3773; x_wconf 84' lang='grc' dir='ltr'>εὐφροσύνη</span> <span class='ocrx_word' id='word_1_586' title='bbox 2859 3717 2942 3764; x_wconf 89' lang='grc' dir='ltr'><strong>τις</strong></span> <span class='ocrx_word' id='word_1_587' title='bbox 2965 3699 3306 3772; x_wconf 83' lang='grc' dir='ltr'>προεόρτιος.</span> <span class='ocrx_word' id='word_1_588' title='bbox 3365 3699 3614 3769; x_wconf 82' lang='grc' dir='ltr'>Σήμερον</span> <span class='ocrx_word' id='word_1_589' title='bbox 3652 3694 3714 3749; x_wconf 78' lang='grc' dir='ltr'>δὲ</span> 
     </span>
    </p>
   </div>
   <div class='ocr_carea' id='block_1_75' title="bbox 429 3777 3713 3863">
    <p class='ocr_par' dir='ltr' id='par_1_75' title="bbox 429 3777 3713 3863">
     <span class='ocr_line' id='line_1_75' title="bbox 429 3777 3713 3863; baseline -0.001 -30"><span class='ocrx_word' id='word_1_590' title='bbox 429 3783 534 3853; x_wconf 80' lang='grc' dir='ltr'>τὴν</span> <span class='ocrx_word' id='word_1_591' title='bbox 555 3785 856 3837; x_wconf 80' lang='grc' dir='ltr'>ἀνάστασιν</span> <span class='ocrx_word' id='word_1_592' title='bbox 879 3781 1052 3852; x_wconf 75' lang='grc' dir='ltr'>αὐτὴν</span> <span class='ocrx_word' id='word_1_593' title='bbox 1083 3779 1414 3854; x_wconf 79' lang='grc' dir='ltr'>ἑορτάζομεν</span> <span class='ocrx_word' id='word_1_594' title='bbox 1467 3779 1650 3834; x_wconf 78' lang='grc' dir='ltr'>οὐκέτι</span> <span class='ocrx_word' id='word_1_595' title='bbox 1695 3777 2080 3852; x_wconf 69' lang='grc' dir='ltr'>ἐλπιζομένην,</span> <span class='ocrx_word' id='word_1_596' title='bbox 2127 3784 2242 3838; x_wconf 80' lang='grc' dir='ltr'>ἀλλ’</span> <span class='ocrx_word' id='word_1_597' title='bbox 2291 3787 2394 3860; x_wconf 73' lang='grc' dir='ltr'>ἤδη</span> <span class='ocrx_word' id='word_1_598' title='bbox 2426 3791 2804 3863; x_wconf 79' lang='grc' dir='ltr'>γεγενημένην</span> <span class='ocrx_word' id='word_1_599' title='bbox 2849 3791 2944 3846; x_wconf 72' lang='grc' dir='ltr'><strong>καὶ</strong></span> <span class='ocrx_word' id='word_1_600' title='bbox 2975 3792 3180 3862; x_wconf 72' lang='grc' dir='ltr'>κόσμον</span> <span class='ocrx_word' id='word_1_601' title='bbox 3210 3791 3330 3844; x_wconf 76' lang='grc' dir='ltr'>ὅλον</span> <span class='ocrx_word' id='word_1_602' title='bbox 3363 3791 3531 3861; x_wconf 68' lang='grc' dir='ltr'><strong>ἑαυτῇ</strong></span> <span class='ocrx_word' id='word_1_603' title='bbox 3582 3805 3713 3841; x_wconf 74' lang='grc' dir='ltr'><strong>συν-</strong></span> 
     </span>
    </p>
   </div>
   <div class='ocr_carea' id='block_1_76' title="bbox 433 3876 886 3946">
    <p class='ocr_par' dir='ltr' id='par_1_76' title="bbox 433 3876 886 3946">
     <span class='ocr_line' id='line_1_76' title="bbox 433 3876 886 3946; baseline -0.011 -14"><span class='ocrx_word' id='word_1_604' title='bbox 433 3879 680 3946; x_wconf 77' lang='grc' dir='ltr'>όγουσαν</span> <span class='ocrx_word' id='word_1_605' title='bbox 696 3876 763 3928; x_wconf 77' lang='grc'><strong>⁵⁸.</strong></span> <span class='ocrx_word' id='word_1_606' title='bbox 805 3893 823 3927; x_wconf 77' lang='grc' dir='ltr'><strong>ι</strong></span> <span class='ocrx_word' id='word_1_607' title='bbox 881 3884 886 3888; x_wconf 84' lang='grc'><em>’</em></span> 
     </span>
    </p>
   </div>
   <div class='ocr_carea' id='block_1_77' title="bbox 519 3960 2023 4040">
    <p class='ocr_par' dir='ltr' id='par_1_77' title="bbox 519 3960 2023 4040">
     <span class='ocr_line' id='line_1_77' title="bbox 519 3960 2023 4040; baseline -0.003 -14"><span class='ocrx_word' id='word_1_608' title='bbox 519 3973 616 4026; x_wconf 85' lang='grc' dir='ltr'>Ἐκ</span> <span class='ocrx_word' id='word_1_609' title='bbox 646 3971 755 4024; x_wconf 84' lang='grc' dir='ltr'><strong>τῶν</strong></span> <span class='ocrx_word' id='word_1_610' title='bbox 783 3970 943 4040; x_wconf 77' lang='grc' dir='ltr'>ἱερῶν</span> <span class='ocrx_word' id='word_1_611' title='bbox 967 3969 1144 4024; x_wconf 86' lang='grc' dir='ltr'>τοίνυν</span> <span class='ocrx_word' id='word_1_612' title='bbox 1169 3969 1264 4022; x_wconf 76' lang='grc' dir='ltr'>καὶ</span> <span class='ocrx_word' id='word_1_613' title='bbox 1295 3960 1670 4023; x_wconf 85' lang='grc' dir='ltr'>θεοπνεύστων</span> <span class='ocrx_word' id='word_1_614' title='bbox 1699 3967 1898 4038; x_wconf 85' lang='grc' dir='ltr'>λογίων</span> <span class='ocrx_word' id='word_1_615' title='bbox 1927 3969 2023 4022; x_wconf 73' lang='grc' dir='ltr'>καὶ</span> 
     </span>
    </p>
   </div>
   <div class='ocr_carea' id='block_1_78' title="bbox 431 4060 2021 4134">
    <p class='ocr_par' dir='ltr' id='par_1_78' title="bbox 431 4060 2021 4134">
     <span class='ocr_line' id='line_1_78' title="bbox 431 4060 2021 4134; baseline -0.003 -16"><span class='ocrx_word' id='word_1_616' title='bbox 431 4067 544 4119; x_wconf 79' lang='grc' dir='ltr'><strong>τῶν</strong></span> <span class='ocrx_word' id='word_1_617' title='bbox 593 4065 759 4117; x_wconf 85' lang='grc' dir='ltr'>ὁσίων</span> <span class='ocrx_word' id='word_1_618' title='bbox 805 4065 903 4134; x_wconf 82' lang='grc' dir='ltr'>τῆς</span> <span class='ocrx_word' id='word_1_619' title='bbox 944 4062 1271 4132; x_wconf 85' lang='grc' dir='ltr'>Ἐκκλησίας</span> <span class='ocrx_word' id='word_1_620' title='bbox 1313 4062 1651 4116; x_wconf 86' lang='grc' dir='ltr'>διδασκάλων</span> <span class='ocrx_word' id='word_1_621' title='bbox 1681 4060 1794 4132; x_wconf 82' lang='lat'><strong>(60)</strong></span> <span class='ocrx_word' id='word_1_622' title='bbox 1849 4061 2021 4115; x_wconf 81' lang='grc' dir='ltr'>ταῦτα</span> 
     </span>
    </p>
   </div>
   <div class='ocr_carea' id='block_1_79' title="bbox 435 4153 2020 4228">
    <p class='ocr_par' dir='ltr' id='par_1_79' title="bbox 435 4153 2020 4228">
     <span class='ocr_line' id='line_1_79' title="bbox 435 4153 2020 4228; baseline -0.003 -16"><span class='ocrx_word' id='word_1_623' title='bbox 435 4158 628 4228; x_wconf 77' lang='grc' dir='ltr'>σαφῶς</span> <span class='ocrx_word' id='word_1_624' title='bbox 671 4156 1013 4227; x_wconf 80' lang='grc' dir='ltr'>διδαχθέντες</span> <span class='ocrx_word' id='word_1_625' title='bbox 1063 4154 1202 4226; x_wconf 77' lang='grc' dir='ltr'>μετὰ</span> <span class='ocrx_word' id='word_1_626' title='bbox 1251 4153 1567 4226; x_wconf 75' lang='grc' dir='ltr'>παρρησίας</span> <span class='ocrx_word' id='word_1_627' title='bbox 1613 4157 1665 4208; x_wconf 81' lang='grc' dir='ltr'>οἱ</span> <span class='ocrx_word' id='word_1_628' title='bbox 1712 4157 1810 4226; x_wconf 82' lang='grc' dir='ltr'>τῆς</span> <span class='ocrx_word' id='word_1_629' title='bbox 1855 4154 2020 4223; x_wconf 87' lang='grc' dir='ltr'>ἀγίας</span> 
     </span>
    </p>
   </div>
   <div class='ocr_carea' id='block_1_80' title="bbox 434 4245 2016 4319">
    <p class='ocr_par' dir='ltr' id='par_1_80' title="bbox 434 4245 2016 4319">
     <span class='ocr_line' id='line_1_80' title="bbox 434 4245 2016 4319; baseline -0.002 -18"><span class='ocrx_word' id='word_1_630' title='bbox 434 4247 732 4319; x_wconf 81' lang='grc' dir='ltr'>καθολικῆς</span> <span class='ocrx_word' id='word_1_631' title='bbox 779 4246 876 4300; x_wconf 70' lang='grc' dir='ltr'>καὶ</span> <span class='ocrx_word' id='word_1_632' title='bbox 925 4245 1293 4315; x_wconf 80' lang='grc' dir='ltr'>άποστολικῆς</span> <span class='ocrx_word' id='word_1_633' title='bbox 1345 4245 1673 4316; x_wconf 82' lang='grc' dir='ltr'>Ἐκκλησίας</span> <span class='ocrx_word' id='word_1_634' title='bbox 1731 4245 2016 4314; x_wconf 84' lang='grc' dir='ltr'>λέγωμεν·</span> 
     </span>
    </p>
   </div>
   <div class='ocr_carea' id='block_1_81' title="bbox 2199 3963 3710 4042">
    <p class='ocr_par' dir='ltr' id='par_1_81' title="bbox 2199 3963 3710 4042">
     <span class='ocr_line' id='line_1_81' title="bbox 2199 3963 3710 4042; baseline 0.007 -20"><span class='ocrx_word' id='word_1_635' title='bbox 2199 3971 2244 4022; x_wconf 78' lang='grc' dir='ltr'><strong>Α</strong></span> <span class='ocrx_word' id='word_1_636' title='bbox 2274 3971 2441 4026; x_wconf 89' lang='lat' dir='ltr'><strong>sacris</strong></span> <span class='ocrx_word' id='word_1_637' title='bbox 2471 3963 2632 4042; x_wconf 89' lang='lat' dir='ltr'><strong>igitur</strong></span> <span class='ocrx_word' id='word_1_638' title='bbox 2659 3973 2715 4027; x_wconf 83' lang='lat' dir='ltr'><strong>et</strong></span> <span class='ocrx_word' id='word_1_639' title='bbox 2743 3987 2774 4026; x_wconf 92' lang='lat' dir='ltr'><strong>a</strong></span> <span class='ocrx_word' id='word_1_640' title='bbox 2807 3969 2920 4028; x_wconf 88' lang='lat' dir='ltr'><strong>Deo</strong></span> <span class='ocrx_word' id='word_1_641' title='bbox 2947 3972 3166 4028; x_wconf 89' lang='lat' dir='ltr'><strong>dictatis</strong></span> <span class='ocrx_word' id='word_1_642' title='bbox 3189 3973 3442 4039; x_wconf 85' lang='lat' dir='ltr'><strong>oraculis,</strong></span> <span class='ocrx_word' id='word_1_643' title='bbox 3476 3976 3710 4032; x_wconf 36' lang='lat' dir='ltr'><strong>sanctise</strong></span> 
     </span>
    </p>
   </div>
   <div class='ocr_carea' id='block_1_82' title="bbox 2129 4063 3712 4138">
    <p class='ocr_par' dir='ltr' id='par_1_82' title="bbox 2129 4063 3712 4138">
     <span class='ocr_line' id='line_1_82' title="bbox 2129 4063 3712 4138; baseline 0.006 -22"><span class='ocrx_word' id='word_1_644' title='bbox 2129 4077 2234 4132; x_wconf 88' lang='lat' dir='ltr'><strong>que</strong></span> <span class='ocrx_word' id='word_1_645' title='bbox 2268 4063 2522 4118; x_wconf 61' lang='lat' dir='ltr'><strong>Ecclesia:</strong></span> <span class='ocrx_word' id='word_1_646' title='bbox 2548 4064 2863 4120; x_wconf 91' lang='lat' dir='ltr'><strong>doctoribus</strong></span> <span class='ocrx_word' id='word_1_647' title='bbox 2900 4067 3017 4120; x_wconf 65' lang='lat' dir='ltr'><strong>haec</strong></span> <span class='ocrx_word' id='word_1_648' title='bbox 3045 4065 3190 4120; x_wconf 88' lang='lat' dir='ltr'><strong>clare</strong></span> <span class='ocrx_word' id='word_1_649' title='bbox 3221 4066 3420 4132; x_wconf 87' lang='lat' dir='ltr'><strong>edocti,</strong></span> <span class='ocrx_word' id='word_1_650' title='bbox 3445 4078 3712 4138; x_wconf 89' lang='lat' dir='ltr'><strong>quotquot</strong></span> 
     </span>
    </p>
   </div>
   <div class='ocr_carea' id='block_1_83' title="bbox 2128 4157 3711 4227">
    <p class='ocr_par' dir='ltr' id='par_1_83' title="bbox 2128 4157 3711 4227">
     <span class='ocr_line' id='line_1_83' title="bbox 2128 4157 3711 4227; baseline 0.004 -17"><span class='ocrx_word' id='word_1_651' title='bbox 2128 4170 2195 4210; x_wconf 82' lang='lat' dir='ltr'><strong>ex</strong></span> <span class='ocrx_word' id='word_1_652' title='bbox 2226 4163 2412 4212; x_wconf 90' lang='lat' dir='ltr'><strong>sancta</strong></span> <span class='ocrx_word' id='word_1_653' title='bbox 2441 4157 2707 4212; x_wconf 89' lang='lat' dir='ltr'><strong>catholica</strong></span> <span class='ocrx_word' id='word_1_654' title='bbox 2739 4165 2794 4211; x_wconf 86' lang='lat' dir='ltr'><strong>et</strong></span> <span class='ocrx_word' id='word_1_655' title='bbox 2830 4157 3126 4227; x_wconf 88' lang='lat' dir='ltr'><strong>apostolica</strong></span> <span class='ocrx_word' id='word_1_656' title='bbox 3157 4172 3345 4212; x_wconf 88' lang='lat' dir='ltr'><strong>sumus</strong></span> <span class='ocrx_word' id='word_1_657' title='bbox 3372 4157 3611 4214; x_wconf 84' lang='lat' dir='ltr'><strong>Ecclesia</strong></span> <span class='ocrx_word' id='word_1_658' title='bbox 3645 4162 3711 4216; x_wconf 85' lang='lat' dir='ltr'><strong>li-</strong></span> 
     </span>
    </p>
   </div>
   <div class='ocr_carea' id='block_1_84' title="bbox 2127 4248 3710 4320">
    <p class='ocr_par' dir='ltr' id='par_1_84' title="bbox 2127 4248 3710 4320">
     <span class='ocr_line' id='line_1_84' title="bbox 2127 4248 3710 4320; baseline 0.003 -17"><span class='ocrx_word' id='word_1_659' title='bbox 2127 4249 2258 4304; x_wconf 81' lang='lat' dir='ltr'><strong>bere</strong></span> <span class='ocrx_word' id='word_1_660' title='bbox 2281 4249 2546 4314; x_wconf 89' lang='lat' dir='ltr'><strong>dicamus,</strong></span> <span class='ocrx_word' id='word_1_661' title='bbox 2585 4267 2605 4300; x_wconf 74' lang='grc' dir='ltr'><strong>ι</strong></span> <span class='ocrx_word' id='word_1_662' title='bbox 2636 4248 2844 4305; x_wconf 86' lang='lat' dir='ltr'><strong>Pascha</strong></span> <span class='ocrx_word' id='word_1_663' title='bbox 2872 4259 3118 4304; x_wconf 87' lang='lat' dir='ltr'><strong>nostrum</strong></span> <span class='ocrx_word' id='word_1_664' title='bbox 3151 4264 3250 4320; x_wconf 90' lang='lat' dir='ltr'><strong>pro</strong></span> <span class='ocrx_word' id='word_1_665' title='bbox 3276 4250 3432 4306; x_wconf 88' lang='lat' dir='ltr'><strong>nobis</strong></span> <span class='ocrx_word' id='word_1_666' title='bbox 3461 4251 3710 4306; x_wconf 87' lang='lat' dir='ltr'><strong>immola-</strong></span> 
     </span>
    </p>
   </div>
   <div class='ocr_carea' id='block_1_85' title="bbox 435 4337 2007 4414">
    <p class='ocr_par' dir='ltr' id='par_1_85' title="bbox 435 4337 2007 4412">
     <span class='ocr_line' id='line_1_85' title="bbox 435 4337 2007 4412; baseline -0.015 -15"><span class='ocrx_word' id='word_1_667' title='bbox 435 4341 606 4412; x_wconf 73' lang='lat'><strong>229</strong></span> <span class='ocrx_word' id='word_1_668' title='bbox 639 4361 657 4392; x_wconf 77' lang='grc' dir='ltr'>σ</span> <span class='ocrx_word' id='word_1_669' title='bbox 690 4340 765 4392; x_wconf 87' lang='grc' dir='ltr'><strong>Τὺ</strong></span> <span class='ocrx_word' id='word_1_670' title='bbox 803 4339 998 4410; x_wconf 87' lang='grc' dir='ltr'>Πάσχα</span> <span class='ocrx_word' id='word_1_671' title='bbox 1014 4339 1060 4372; x_wconf 80' lang='grc'><strong><em>⁵⁸</em></strong></span> <span class='ocrx_word' id='word_1_672' title='bbox 1085 4338 1244 4410; x_wconf 79' lang='grc' dir='ltr'>ἡμῶν</span> <span class='ocrx_word' id='word_1_673' title='bbox 1280 4338 1420 4409; x_wconf 81' lang='grc' dir='ltr'>ὑπὲρ</span> <span class='ocrx_word' id='word_1_674' title='bbox 1451 4337 1610 4408; x_wconf 81' lang='grc' dir='ltr'>ἡμῶν</span> <span class='ocrx_word' id='word_1_675' title='bbox 1645 4337 1810 4408; x_wconf 80' lang='grc' dir='ltr'>ἐτύθη</span> <span class='ocrx_word' id='word_1_676' title='bbox 1830 4338 1874 4369; x_wconf 77' lang='grc'><strong>⁵⁷</strong></span> <span class='ocrx_word' id='word_1_677' title='bbox 1926 4337 2007 4390; x_wconf 59' lang='grc' dir='ltr'>και</span> 
     </span>
    </p>
   </div>
   <div class='ocr_carea' id='block_1_86' title="bbox 2113 4337 3710 4414">
    <p class='ocr_par' dir='ltr' id='par_1_86' title="bbox 2132 4340 3710 4414">
     <span class='ocr_line' id='line_1_86' title="bbox 2132 4340 3710 4414; baseline 0.004 -22"><span class='ocrx_word' id='word_1_678' title='bbox 2132 4347 2218 4395; x_wconf 90' lang='lat' dir='ltr'><strong>tus</strong></span> <span class='ocrx_word' id='word_1_679' title='bbox 2247 4349 2330 4395; x_wconf 91' lang='lat' dir='ltr'><strong>est</strong></span> <span class='ocrx_word' id='word_1_680' title='bbox 2357 4340 2629 4405; x_wconf 87' lang='lat' dir='ltr'><strong>Christus,</strong></span> <span class='ocrx_word' id='word_1_681' title='bbox 2667 4349 2722 4394; x_wconf 86' lang='lat' dir='ltr'><strong>et</strong></span> <span class='ocrx_word' id='word_1_682' title='bbox 2754 4341 3067 4395; x_wconf 77' lang='lat' dir='ltr'><strong>resurrexit.</strong></span> <span class='ocrx_word' id='word_1_683' title='bbox 3111 4359 3130 4391; x_wconf 77' lang='grc' dir='ltr'><strong>ι</strong></span> <span class='ocrx_word' id='word_1_684' title='bbox 3165 4340 3228 4396; x_wconf 85' lang='grc' dir='ltr'>Ει</span> <span class='ocrx_word' id='word_1_685' title='bbox 3268 4341 3473 4396; x_wconf 87' lang='lat' dir='ltr'><strong>Pascha</strong></span> <span class='ocrx_word' id='word_1_686' title='bbox 3517 4344 3710 4414; x_wconf 85' lang='lat' dir='ltr'><strong>appel-</strong></span> 
     </span>
    </p>
   </div>
   <div class='ocr_carea' id='block_1_87' title="bbox 441 4429 2028 4504">
    <p class='ocr_par' dir='ltr' id='par_1_87' title="bbox 441 4429 2028 4504">
     <span class='ocr_line' id='line_1_87' title="bbox 441 4429 2028 4504; baseline -0.003 -18"><span class='ocrx_word' id='word_1_687' title='bbox 441 4435 645 4503; x_wconf 83' lang='grc' dir='ltr'>άνέστη</span> <span class='ocrx_word' id='word_1_688' title='bbox 669 4433 922 4504; x_wconf 82' lang='grc' dir='ltr'>Χριστός.</span> <span class='ocrx_word' id='word_1_689' title='bbox 957 4451 974 4482; x_wconf 76' lang='grc' dir='ltr'><strong>ι</strong></span> <span class='ocrx_word' id='word_1_690' title='bbox 1010 4431 1124 4485; x_wconf 72' lang='grc' dir='ltr'><strong>Καὶ</strong></span> <span class='ocrx_word' id='word_1_691' title='bbox 1141 4431 1348 4502; x_wconf 77' lang='grc' dir='ltr'>«Πάσχα</span> <span class='ocrx_word' id='word_1_692' title='bbox 1383 4430 1748 4500; x_wconf 81' lang='grc' dir='ltr'>ὀνομάζομεν,</span> <span class='ocrx_word' id='word_1_693' title='bbox 1781 4429 1856 4489; x_wconf 81' lang='grc' dir='ltr'>ὡς</span> <span class='ocrx_word' id='word_1_694' title='bbox 1885 4432 2028 4482; x_wconf 79' lang='grc' dir='ltr'>ἀνω-</span> 
     </span>
    </p>
   </div>
   <div class='ocr_carea' id='block_1_88' title="bbox 434 4521 2024 4596">
    <p class='ocr_par' dir='ltr' id='par_1_88' title="bbox 434 4521 2024 4596">
     <span class='ocr_line' id='line_1_88' title="bbox 434 4521 2024 4596; baseline -0.004 -17"><span class='ocrx_word' id='word_1_695' title='bbox 434 4525 644 4596; x_wconf 79' lang='grc' dir='ltr'>τέρω⁸⁸</span> <span class='ocrx_word' id='word_1_696' title='bbox 680 4524 938 4596; x_wconf 83' lang='grc' dir='ltr'>εἴρηται,</span> <span class='ocrx_word' id='word_1_697' title='bbox 987 4525 1080 4577; x_wconf 84' lang='grc' dir='ltr'>τὸν</span> <span class='ocrx_word' id='word_1_698' title='bbox 1123 4524 1356 4577; x_wconf 90' lang='grc' dir='ltr'>θάνατον</span> <span class='ocrx_word' id='word_1_699' title='bbox 1401 4521 1497 4575; x_wconf 81' lang='grc' dir='ltr'><strong>τοῦ</strong></span> <span class='ocrx_word' id='word_1_700' title='bbox 1541 4523 1750 4594; x_wconf 85' lang='grc' dir='ltr'>Κυρίου</span> <span class='ocrx_word' id='word_1_701' title='bbox 1788 4522 1882 4574; x_wconf 81' lang='grc' dir='ltr'>καὶ</span> <span class='ocrx_word' id='word_1_702' title='bbox 1925 4521 2024 4592; x_wconf 76' lang='grc' dir='ltr'>τὴν</span> 
     </span>
    </p>
   </div>
   <div class='ocr_carea' id='block_1_89' title="bbox 434 4618 760 4671">
    <p class='ocr_par' dir='ltr' id='par_1_89' title="bbox 434 4618 760 4671">
     <span class='ocr_line' id='line_1_89' title="bbox 434 4618 760 4671; baseline 0 0"><span class='ocrx_word' id='word_1_703' title='bbox 434 4618 760 4671; x_wconf 78' lang='grc' dir='ltr'>ἀνάστασιν.</span> 
     </span>
    </p>
   </div>
   <div class='ocr_carea' id='block_1_90' title="bbox 510 4704 2047 4786">
    <p class='ocr_par' dir='ltr' id='par_1_90' title="bbox 510 4704 2047 4786">
     <span class='ocr_line' id='line_1_90' title="bbox 510 4704 2047 4786; baseline -0.005 -22"><span class='ocrx_word' id='word_1_704' title='bbox 510 4707 643 4764; x_wconf 81' lang='grc' dir='ltr'>Εἶτα</span> <span class='ocrx_word' id='word_1_705' title='bbox 684 4709 887 4777; x_wconf 78' lang='grc' dir='ltr'>γνῶναι</span> <span class='ocrx_word' id='word_1_706' title='bbox 925 4704 1241 4780; x_wconf 77' lang='grc' dir='ltr'>βουλόμενοι</span> <span class='ocrx_word' id='word_1_707' title='bbox 1275 4708 1368 4762; x_wconf 76' lang='grc' dir='ltr'>καὶ</span> <span class='ocrx_word' id='word_1_708' title='bbox 1405 4709 1505 4780; x_wconf 81' lang='grc' dir='ltr'>τὴν</span> <span class='ocrx_word' id='word_1_709' title='bbox 1551 4707 1612 4761; x_wconf 84' lang='grc' dir='ltr'>ιδ’</span> <span class='ocrx_word' id='word_1_710' title='bbox 1655 4706 1749 4760; x_wconf 83' lang='grc' dir='ltr'>τοῦ</span> <span class='ocrx_word' id='word_1_711' title='bbox 1801 4705 2047 4786; x_wconf 40' lang='grc' dir='ltr'>πρώτου.</span> 
     </span>
    </p>
   </div>
   <div class='ocr_carea' id='block_1_91' title="bbox 2126 4429 3710 4500">
    <p class='ocr_par' dir='ltr' id='par_1_91' title="bbox 2126 4429 3710 4500">
     <span class='ocr_line' id='line_1_91' title="bbox 2126 4429 3710 4500; baseline 0.004 -17"><span class='ocrx_word' id='word_1_712' title='bbox 2126 4431 2320 4494; x_wconf 90' lang='lat' dir='ltr'><strong>lamus,</strong></span> <span class='ocrx_word' id='word_1_713' title='bbox 2352 4441 2410 4483; x_wconf 91' lang='lat' dir='ltr'><strong>ut</strong></span> <span class='ocrx_word' id='word_1_714' title='bbox 2431 4445 2594 4500; x_wconf 88' lang='lat' dir='ltr'><strong>supra</strong></span> <span class='ocrx_word' id='word_1_715' title='bbox 2621 4429 2829 4484; x_wconf 85' lang='lat' dir='ltr'><strong>dictum</strong></span> <span class='ocrx_word' id='word_1_716' title='bbox 2859 4440 2963 4496; x_wconf 88' lang='lat' dir='ltr'><strong>est,</strong></span> <span class='ocrx_word' id='word_1_717' title='bbox 2997 4442 3225 4486; x_wconf 88' lang='lat' dir='ltr'><strong>mortem</strong></span> <span class='ocrx_word' id='word_1_718' title='bbox 3257 4431 3469 4488; x_wconf 91' lang='lat' dir='ltr'><strong>Domini</strong></span> <span class='ocrx_word' id='word_1_719' title='bbox 3507 4443 3563 4488; x_wconf 89' lang='lat' dir='ltr'><strong>et</strong></span> <span class='ocrx_word' id='word_1_720' title='bbox 3603 4432 3710 4489; x_wconf 77' lang='lat' dir='ltr'><strong>Rc-</strong></span> 
     </span>
    </p>
   </div>
   <div class='ocr_carea' id='block_1_92' title="bbox 2126 4523 2541 4577">
    <p class='ocr_par' dir='ltr' id='par_1_92' title="bbox 2126 4523 2541 4577">
     <span class='ocr_line' id='line_1_92' title="bbox 2126 4523 2541 4577; baseline -0.005 -1"><span class='ocrx_word' id='word_1_721' title='bbox 2126 4523 2541 4577; x_wconf 87' lang='lat' dir='ltr'><strong>surrectioncm.</strong></span> 
     </span>
    </p>
   </div>
   <div class='ocr_carea' id='block_1_93' title="bbox 2191 4705 3707 4780">
    <p class='ocr_par' dir='ltr' id='par_1_93' title="bbox 2191 4705 3707 4780">
     <span class='ocr_line' id='line_1_93' title="bbox 2191 4705 3707 4780; baseline 0.004 -21"><span class='ocrx_word' id='word_1_722' title='bbox 2191 4706 2359 4760; x_wconf 87' lang='lat' dir='ltr'><strong>Porro</strong></span> <span class='ocrx_word' id='word_1_723' title='bbox 2407 4707 2451 4759; x_wconf 92' lang='lat' dir='ltr'><strong>si</strong></span> <span class='ocrx_word' id='word_1_724' title='bbox 2504 4705 2736 4763; x_wconf 80' lang='lat' dir='ltr'><strong>velimus</strong></span> <span class='ocrx_word' id='word_1_725' title='bbox 2774 4723 2936 4762; x_wconf 90' lang='lat' dir='ltr'><strong>nosse</strong></span> <span class='ocrx_word' id='word_1_726' title='bbox 2974 4707 3240 4763; x_wconf 85' lang='lat' dir='ltr'><strong>decimam</strong></span> <span class='ocrx_word' id='word_1_727' title='bbox 3264 4717 3514 4779; x_wconf 89' lang='lat' dir='ltr'><strong>quartam</strong></span> <span class='ocrx_word' id='word_1_728' title='bbox 3545 4709 3707 4780; x_wconf 88' lang='lat' dir='ltr'><strong>primi</strong></span> 
     </span>
    </p>
   </div>
   <div class='ocr_carea' id='block_1_94' title="bbox 436 4793 2007 4880">
    <p class='ocr_par' dir='ltr' id='par_1_94' title="bbox 436 4793 2007 4880">
     <span class='ocr_line' id='line_1_94' title="bbox 436 4793 2007 4880; baseline -0.001 -32"><span class='ocrx_word' id='word_1_729' title='bbox 436 4797 609 4868; x_wconf 80' lang='grc' dir='ltr'>μηνὸς</span> <span class='ocrx_word' id='word_1_730' title='bbox 627 4795 728 4866; x_wconf 78' lang='grc' dir='ltr'>τῆς</span> <span class='ocrx_word' id='word_1_731' title='bbox 747 4797 979 4869; x_wconf 86' lang='grc' dir='ltr'>σελήνης</span> <span class='ocrx_word' id='word_1_732' title='bbox 1003 4796 1066 4848; x_wconf 75' lang='grc' dir='ltr'>τὸ</span> <span class='ocrx_word' id='word_1_733' title='bbox 1083 4797 1214 4850; x_wconf 84' lang='grc' dir='ltr'>πότε</span> <span class='ocrx_word' id='word_1_734' title='bbox 1234 4795 1469 4880; x_wconf 56' lang='grc' dir='ltr'>ἔφθασεν</span> <span class='ocrx_word' id='word_1_735' title='bbox 1493 4795 1657 4866; x_wconf 72' lang='grc' dir='ltr'>αὕτη,</span> <span class='ocrx_word' id='word_1_736' title='bbox 1674 4796 1740 4849; x_wconf 80' lang='grc' dir='ltr'><strong>τά</strong></span> <span class='ocrx_word' id='word_1_737' title='bbox 1765 4812 1844 4865; x_wconf 37' lang='lat' dir='ltr'><strong>lego</strong></span> <span class='ocrx_word' id='word_1_738' title='bbox 1853 4793 1904 4865; x_wconf 85' lang='grc' dir='ltr'>μ’</span> <span class='ocrx_word' id='word_1_739' title='bbox 1921 4793 2007 4864; x_wconf 64' lang='grc' dir='ltr'><strong>ἔτη</strong></span> 
     </span>
    </p>
   </div>
   <div class='ocr_carea' id='block_1_95' title="bbox 2113 4793 3709 4880">
    <p class='ocr_par' dir='ltr' id='par_1_95' title="bbox 2118 4799 3709 4868">
     <span class='ocr_line' id='line_1_95' title="bbox 2118 4799 3709 4868; baseline 0.004 -18"><span class='ocrx_word' id='word_1_740' title='bbox 2118 4799 2321 4852; x_wconf 88' lang='lat' dir='ltr'><strong>mensis</strong></span> <span class='ocrx_word' id='word_1_741' title='bbox 2359 4799 2523 4863; x_wconf 64' lang='lat' dir='ltr'><strong>lunae,</strong></span> <span class='ocrx_word' id='word_1_742' title='bbox 2563 4808 2618 4852; x_wconf 81' lang='lat' dir='ltr'><strong>et</strong></span> <span class='ocrx_word' id='word_1_743' title='bbox 2643 4800 2861 4868; x_wconf 89' lang='lat' dir='ltr'><strong>quando</strong></span> <span class='ocrx_word' id='word_1_744' title='bbox 2903 4799 2988 4852; x_wconf 89' lang='lat' dir='ltr'><strong>illa</strong></span> <span class='ocrx_word' id='word_1_745' title='bbox 3018 4801 3236 4866; x_wconf 87' lang='lat' dir='ltr'><strong>accidit,</strong></span> <span class='ocrx_word' id='word_1_746' title='bbox 3278 4817 3453 4857; x_wconf 87' lang='lat' dir='ltr'><strong>annos</strong></span> <span class='ocrx_word' id='word_1_747' title='bbox 3494 4819 3543 4857; x_wconf 72' lang='grc' dir='ltr'>ν.</span> <span class='ocrx_word' id='word_1_748' title='bbox 3569 4818 3709 4858; x_wconf 72' lang='lat' dir='ltr'><strong>unm.</strong></span> 
     </span>
    </p>
   </div>
   <div class='ocr_carea' id='block_1_96' title="bbox 1768 4971 2366 5030">
    <p class='ocr_par' dir='ltr' id='par_1_96' title="bbox 1768 4971 2366 5030">
     <span class='ocr_line' id='line_1_96' title="bbox 1768 4971 2366 5030; baseline -0.002 -1"><span class='ocrx_word' id='word_1_749' title='bbox 1768 4971 2094 5030; x_wconf 81' lang='lat' dir='ltr'><strong>DUCANGII</strong></span> <span class='ocrx_word' id='word_1_750' title='bbox 2133 4973 2366 5030; x_wconf 75' lang='grc' dir='ltr'><strong>ΝΟΤᾸΞ.</strong></span> 
     </span>
    </p>
   </div>
   <div class='ocr_carea' id='block_1_97' title="bbox 509 5127 2007 5206">
    <p class='ocr_par' dir='ltr' id='par_1_97' title="bbox 509 5127 2007 5206">
     <span class='ocr_line' id='line_1_97' title="bbox 509 5127 2007 5206; baseline 0.003 -18"><span class='ocrx_word' id='word_1_751' title='bbox 509 5133 622 5206; x_wconf 81' lang='lat'><strong>(60)</strong></span> <span class='ocrx_word' id='word_1_752' title='bbox 664 5135 770 5190; x_wconf 80' lang='lat' dir='ltr'><strong>Kal</strong></span> <span class='ocrx_word' id='word_1_753' title='bbox 813 5133 932 5188; x_wconf 82' lang='grc' dir='ltr'><strong>τ’ῶν</strong></span> <span class='ocrx_word' id='word_1_754' title='bbox 959 5138 1145 5193; x_wconf 78' lang='grc' dir='ltr'>ὁσίων</span> <span class='ocrx_word' id='word_1_755' title='bbox 1173 5135 1283 5206; x_wconf 80' lang='grc' dir='ltr'>τῆς</span> <span class='ocrx_word' id='word_1_756' title='bbox 1324 5127 1482 5192; x_wconf 75' lang='grc' dir='ltr'>Ἐκκ.</span> <span class='ocrx_word' id='word_1_757' title='bbox 1522 5136 1760 5192; x_wconf 79' lang='grc' dir='ltr'>διδασκ.</span> <span class='ocrx_word' id='word_1_758' title='bbox 1797 5138 1924 5194; x_wconf 70' lang='lat' dir='ltr'><strong>Haec</strong></span> <span class='ocrx_word' id='word_1_759' title='bbox 1950 5138 2007 5192; x_wconf 72' lang='lat' dir='ltr'><strong>de</strong></span> 
     </span>
    </p>
   </div>
   <div class='ocr_carea' id='block_1_98' title="bbox 2113 5127 2772 5206">
    <p class='ocr_par' dir='ltr' id='par_1_98' title="bbox 2113 5135 2772 5192">
     <span class='ocr_line' id='line_1_98' title="bbox 2113 5135 2772 5192; baseline 0.002 -2"><span class='ocrx_word' id='word_1_760' title='bbox 2113 5143 2148 5190; x_wconf 86' lang='grc' dir='ltr'><strong>ιι</strong></span> <span class='ocrx_word' id='word_1_761' title='bbox 2181 5137 2235 5190; x_wconf 92' lang='lat' dir='ltr'><strong>in</strong></span> <span class='ocrx_word' id='word_1_762' title='bbox 2271 5135 2534 5192; x_wconf 85' lang='lat' dir='ltr'><strong>llolstenii</strong></span> <span class='ocrx_word' id='word_1_763' title='bbox 2567 5137 2772 5192; x_wconf 87' lang='lat' dir='ltr'><strong>codice.</strong></span> 
     </span>
    </p>
   </div>
   <div class='ocr_carea' id='block_1_99' title="bbox 1743 5323 2425 5382">
    <p class='ocr_par' dir='ltr' id='par_1_99' title="bbox 1743 5323 2425 5382">
     <span class='ocr_line' id='line_1_99' title="bbox 1743 5323 2425 5382; baseline 0.004 -5"><span class='ocrx_word' id='word_1_764' title='bbox 1743 5323 1979 5378; x_wconf 70' lang='lat' dir='ltr'><strong>VARl/E</strong></span> <span class='ocrx_word' id='word_1_765' title='bbox 2021 5324 2425 5382; x_wconf 79' lang='lat' dir='ltr'><strong>LECTIONES.</strong></span> 
     </span>
    </p>
   </div>
   <div class='ocr_carea' id='block_1_100' title="bbox 505 5473 3706 5565">
    <p class='ocr_par' dir='ltr' id='par_1_100' title="bbox 505 5473 3706 5565">
     <span class='ocr_line' id='line_1_100' title="bbox 505 5473 3706 5565; baseline 0.006 -36"><span class='ocrx_word' id='word_1_766' title='bbox 505 5476 554 5565; x_wconf 57' lang='lat' dir='ltr'><strong>‘j</strong></span> <span class='ocrx_word' id='word_1_767' title='bbox 579 5479 1014 5565; x_wconf 52' lang='grc' dir='ltr'>δ’Καισαρείας.</span> <span class='ocrx_word' id='word_1_768' title='bbox 1041 5482 1390 5565; x_wconf 45' lang='grc' dir='ltr'>’Καισαρείας</span> <span class='ocrx_word' id='word_1_769' title='bbox 1417 5483 1493 5564; x_wconf 64' lang='grc'><strong>1³.</strong></span> <span class='ocrx_word' id='word_1_770' title='bbox 1581 5473 1636 5565; x_wconf 54' lang='grc' dir='ltr'><strong>εξ</strong></span> <span class='ocrx_word' id='word_1_771' title='bbox 1665 5489 1840 5565; x_wconf 75' lang='grc' dir='ltr'>χαμαὶ</span> <span class='ocrx_word' id='word_1_772' title='bbox 1863 5488 2208 5565; x_wconf 57' lang='grc' dir='ltr'><strong>Δἐρχομένας.</strong></span> <span class='ocrx_word' id='word_1_773' title='bbox 2260 5487 2508 5565; x_wconf 72' lang='lat' dir='ltr'><strong>Imitatur</strong></span> <span class='ocrx_word' id='word_1_774' title='bbox 2555 5487 2768 5565; x_wconf 71' lang='lat' dir='ltr'><strong>epicum</strong></span> <span class='ocrx_word' id='word_1_775' title='bbox 2794 5560 2806 5565; x_wconf 87' lang='lat'><strong>_</strong></span> <span class='ocrx_word' id='word_1_776' title='bbox 2857 5490 3033 5565; x_wconf 79' lang='grc' dir='ltr'>χαμαὶ</span> <span class='ocrx_word' id='word_1_777' title='bbox 3070 5491 3706 5565; x_wconf 44' lang='grc' dir='ltr'>ἐρχόμενοι-ἀνθρωττοι.</span> 
     </span>
    </p>
   </div>
   <div class='ocr_carea' id='block_1_101' title="bbox 429 5549 3708 5634">
    <p class='ocr_par' dir='ltr' id='par_1_101' title="bbox 429 5549 3708 5634">
     <span class='ocr_line' id='line_1_101' title="bbox 429 5549 3708 5634; baseline 0.005 -33"><span class='ocrx_word' id='word_1_778' title='bbox 521 5549 751 5634; x_wconf 76' lang='grc' dir='ltr'>ἀστέρος</span> <span class='ocrx_word' id='word_1_779' title='bbox 781 5549 888 5634; x_wconf 57' lang='grc' dir='ltr'><strong>ΡΥ.</strong></span> <span class='ocrx_word' id='word_1_780' title='bbox 922 5551 1163 5634; x_wconf 63' lang='grc' dir='ltr'>ἀστέρας</span> <span class='ocrx_word' id='word_1_781' title='bbox 1205 5549 1501 5634; x_wconf 66' lang='lat' dir='ltr'><strong>Gregorius</strong></span> <span class='ocrx_word' id='word_1_782' title='bbox 1528 5559 1641 5634; x_wconf 52' lang='lat' dir='ltr'><strong>Eoi.</strong></span> <span class='ocrx_word' id='word_1_783' title='bbox 1667 5549 1826 5634; x_wconf 45' lang='grc' dir='ltr'><strong>[βυ.</strong></span> <span class='ocrx_word' id='word_1_784' title='bbox 1861 5549 2097 5634; x_wconf 47' lang='grc' dir='ltr'>8-ίῗίίξρι1.</span> <span class='ocrx_word' id='word_1_785' title='bbox 2145 5549 2484 5634; x_wconf 62' lang='lat' dir='ltr'><strong>Benedicﬁn.</strong></span> <span class='ocrx_word' id='word_1_786' title='bbox 2509 5629 2533 5634; x_wconf 80' lang='lat'>_</span> <span class='ocrx_word' id='word_1_787' title='bbox 2575 5549 2621 5591; x_wconf 81' lang='grc'><strong>¹’⁹</strong></span> <span class='ocrx_word' id='word_1_788' title='bbox 2661 5562 2754 5634; x_wconf 70' lang='grc' dir='ltr'>καὶ</span> <span class='ocrx_word' id='word_1_789' title='bbox 2783 5549 2998 5634; x_wconf 52' lang='grc' dir='ltr'>ή-ξξθές.</span> <span class='ocrx_word' id='word_1_790' title='bbox 3035 5549 3327 5634; x_wconf 19' lang='grc' dir='ltr'>λκὲὶηήχθὲς</span> <span class='ocrx_word' id='word_1_791' title='bbox 3363 5563 3447 5629; x_wconf 76' lang='grc' dir='ltr'><strong>ν..</strong></span> <span class='ocrx_word' id='word_1_792' title='bbox 3475 5549 3602 5634; x_wconf 69' lang='grc' dir='ltr'>χῗιὲς</span> <span class='ocrx_word' id='word_1_793' title='bbox 3643 5566 3708 5618; x_wconf 84' lang='lat' dir='ltr'><strong>P.</strong></span> 
     </span>
    </p>
   </div>
   <div class='ocr_carea' id='block_1_102' title="bbox 432 5620 3704 5704">
    <p class='ocr_par' dir='ltr' id='par_1_102' title="bbox 432 5620 3704 5704">
     <span class='ocr_line' id='line_1_102' title="bbox 432 5620 3704 5704; baseline 0.007 -35"><span class='ocrx_word' id='word_1_794' title='bbox 527 5620 990 5704; x_wconf 40' lang='grc' dir='ltr'>σμνὲστάμεθςκ</span> <span class='ocrx_word' id='word_1_795' title='bbox 1065 5620 1112 5653; x_wconf 64' lang='lat'>1&quot;</span> <span class='ocrx_word' id='word_1_796' title='bbox 1152 5620 1498 5704; x_wconf 57' lang='grc' dir='ltr'>μικροῦδείγ</span> <span class='ocrx_word' id='word_1_797' title='bbox 1528 5627 1612 5704; x_wconf 87' lang='lat' dir='ltr'><strong>P._</strong></span> <span class='ocrx_word' id='word_1_798' title='bbox 1669 5620 2140 5704; x_wconf 54' lang='lat' dir='ltr'><strong>&quot;_3¢&amp;_zau~{d§sra_t</strong></span> <span class='ocrx_word' id='word_1_799' title='bbox 2177 5644 2248 5682; x_wconf 90' lang='lat' dir='ltr'><strong>m.</strong></span> <span class='ocrx_word' id='word_1_800' title='bbox 2284 5627 2344 5682; x_wconf 81' lang='grc'><strong>1).</strong></span> <span class='ocrx_word' id='word_1_801' title='bbox 2425 5629 2468 5659; x_wconf 71' lang='grc'><strong>’³</strong></span> <span class='ocrx_word' id='word_1_802' title='bbox 2507 5629 2650 5684; x_wconf 84' lang='grc' dir='ltr'>ὅσον.</span> <span class='ocrx_word' id='word_1_803' title='bbox 2683 5620 3134 5704; x_wconf 60' lang='grc' dir='ltr'>ὃσῳῖἷὶρέοτίιιε.</span> <span class='ocrx_word' id='word_1_804' title='bbox 3190 5620 3257 5665; x_wconf 66' lang='grc' dir='ltr'><strong>’ῗδ</strong></span> <span class='ocrx_word' id='word_1_805' title='bbox 3291 5620 3600 5703; x_wconf 67' lang='grc' dir='ltr'>συνάγᾶἶοσᾶ</span> <span class='ocrx_word' id='word_1_806' title='bbox 3637 5634 3704 5695; x_wconf 73' lang='lat' dir='ltr'><strong>V.</strong></span> 
     </span>
    </p>
   </div>
   <div class='ocr_carea' id='block_1_103' title="bbox 430 5683 3452 5768">
    <p class='ocr_par' dir='ltr' id='par_1_103' title="bbox 430 5683 3452 5768">
     <span class='ocr_line' id='line_1_103' title="bbox 430 5683 3452 5768; baseline -0.019 -8"><span class='ocrx_word' id='word_1_807' title='bbox 430 5688 480 5722; x_wconf 72' lang='lat'><strong><em>“</em></strong></span> <span class='ocrx_word' id='word_1_808' title='bbox 521 5689 583 5740; x_wconf 69' lang='grc' dir='ltr'>τὸ</span> <span class='ocrx_word' id='word_1_809' title='bbox 622 5683 828 5758; x_wconf 51' lang='lat' dir='ltr'><strong>“i330-</strong></span> <span class='ocrx_word' id='word_1_810' title='bbox 863 5690 879 5743; x_wconf 90' lang='grc' dir='ltr'><strong>Ι</strong></span> <span class='ocrx_word' id='word_1_811' title='bbox 911 5691 1036 5746; x_wconf 82' lang='lat' dir='ltr'><strong>Cor.</strong></span> <span class='ocrx_word' id='word_1_812' title='bbox 1065 5707 1116 5756; x_wconf 77' lang='grc' dir='ltr'><strong>ν,</strong></span> <span class='ocrx_word' id='word_1_813' title='bbox 1152 5683 1204 5746; x_wconf 79' lang='grc'><strong>7.</strong></span> <span class='ocrx_word' id='word_1_814' title='bbox 1261 5683 1326 5724; x_wconf 72' lang='grc'><strong>’³⁷</strong></span> <span class='ocrx_word' id='word_1_815' title='bbox 1367 5693 1530 5766; x_wconf 69' lang='grc' dir='ltr'>ἐούθη</span> <span class='ocrx_word' id='word_1_816' title='bbox 1572 5699 1637 5750; x_wconf 75' lang='grc' dir='ltr'>Ρ,</span> <span class='ocrx_word' id='word_1_817' title='bbox 1713 5694 1759 5731; x_wconf 72' lang='lat' dir='ltr'><strong>ss</strong></span> <span class='ocrx_word' id='word_1_818' title='bbox 1799 5683 2071 5768; x_wconf 61' lang='grc' dir='ltr'><strong>ἀνώξερον</strong></span> <span class='ocrx_word' id='word_1_819' title='bbox 2115 5700 2176 5752; x_wconf 45' lang='grc' dir='ltr'><strong>ι).</strong></span> <span class='ocrx_word' id='word_1_820' title='bbox 2611 5683 2646 5684; x_wconf 47' lang='grc' dir='ltr'><em>η</em></span> <span class='ocrx_word' id='word_1_821' title='bbox 2765 5683 2775 5700; x_wconf 86' lang='grc' dir='ltr'><strong>ι</strong></span> <span class='ocrx_word' id='word_1_822' title='bbox 2837 5683 2886 5685; x_wconf 50' lang='grc' dir='ltr'>ε-</span> 
     </span>
    </p>
   </div>
   <div class='ocr_carea' id='block_1_104' title="bbox 639 5781 3385 5860">
    <p class='ocr_par' dir='ltr' id='par_1_104' title="bbox 639 5781 3385 5860">
     <span class='ocr_line' id='line_1_104' title="bbox 639 5781 3385 5860; baseline 0.006 -18"><span class='ocrx_word' id='word_1_823' title='bbox 639 5784 911 5846; x_wconf 60' lang='grc' dir='ltr'>ΡΑτιιοιι.</span> <span class='ocrx_word' id='word_1_824' title='bbox 943 5787 1059 5845; x_wconf 86' lang='lat' dir='ltr'><strong>Gn.</strong></span> <span class='ocrx_word' id='word_1_825' title='bbox 1092 5784 1266 5848; x_wconf 80' lang='lat' dir='ltr'><strong>XCII.</strong></span> <span class='ocrx_word' id='word_1_826' title='bbox 3099 5781 3105 5787; x_wconf 50' lang='grc'><em>’</em></span> <span class='ocrx_word' id='word_1_827' title='bbox 3317 5799 3385 5860; x_wconf 87' lang='lat'><strong>18</strong></span> 
     </span>
    </p>
   </div>
  </div>
