3948 6420
403 313 508 378 567

1605 343 2043 410 CHRONICON
2075 353 2479 418 PASCHALE.

406 427 539 485 Αδ-
1709 456 1816 525 [0L
1842 459 1958 528 um.

473 517 560 569 6|.
594 535 690 569 vn.
733 520 852 569 lml-
903 542 980 569 m_
1046 528 1203 569 tum
1257 545 1304 569 nl
1361 537 1672 569 'r.......-:.---._

2095 463 2133 516 Α
2146 463 2229 518 .C'
2915 488 2954 569 '_
3418 487 3662 569 [0|.Iph.]

473 517 560 572 6|.
594 535 690 575 vu.
732 520 852 580 Ind.
901 542 984 582 ιιι.
1045 528 1203 587 Lacio
1256 545 1304 590 et
1361 537 1673 608 Turpiliano
1709 517 1723 525 ’
1865 517 1882 528 ⁸
1977 517 1988 532 Ι
2020 517 2065 522 ἡ
2167 517 2256 610 θιί.
2289 575 2342 612 x.
2376 558 2492 614 lnd.
2527 577 2600 615 vr.
2633 561 2821 618 Crasso
2851 575 2899 620 et
2933 567 3096 624 Basso
3121 588 3252 627 coss.
3419 517 3484 634 ll:

540 627 675 669 coss.
1408 666 1411 670 -
1749 639 1799 693 1.
1827 641 1952 700 210.

2164 645 2254 701 65.
2286 663 2360 702 x1.
2393 647 2512 704 Iud.
2542 668 2637 710 γιι.
2672 652 2836 708 Helva
2859 663 2906 709 et
2939 656 3146 713 Vestino
3175 677 3304 718 coss.
3511 671 3627 727 ΞΗ.

970 710 1109 768 cex
1129 715 1418 790 Olympias.
2641 743 2805 800 ccxr
2836 710 3133 820 Olympios.

469 794 558 849 62.
590 813 709 853 vnl.
748 798 867 856 Ind.
902 817 979 858 Iv.
1017 803 1188 862 Mario
1215 818 1262 864 el
1286 811 1440 868 Gallo
1470 832 1602 874 coss.
1742 821 1801 878 2.

469 887 534 914 ...ι
587 905 638 914 ,,,
698 890 792 914 .__.
845 909 880 914 __
939 893 1062 914 n1,
1130 906 1142 914 .
1179 899 1216 914 η
1327 903 1338 914 -

2161 827 2249 885 66.
2286 847 2381 885 xu.
2415 831 2536 888 Ind.
2573 794 2958 892 Vlll.w7:6_le;i:0
2985 794 3196 914 £1,12qu
3227 860 3358 902 coss.
3432 847 3488 905 2.

467 887 555 942 65.
586 905 660 943 lx.
698 890 814 948 lnd.
845 909 898 948 γ.
928 893 1068 964 Rufo
1093 906 1142 952 et
1170 899 1367 972 Regulo
1393 921 1526 962 coss.
1744 914 1797 968 5.

400 1036 413 1052 .
449 1037 463 1050 .
497 1036 512 1051 .
548 1009 605 1054 et
654 987 865 1060 miserit
905 1021 1054 1072 eum,
1090 1010 1184 1078 qui
1216 1016 1630 1092 praeordinatus
1669 1031 1755 1078 est
1805 1026 1982 1092 vobis,

392 1088 578 1145 Jesum
609 1091 910 1165 Christum,
939 1115 1101 1168 quem
1141 1088 1354 1173 oportet
1377 1109 1600 1178 quidem
1634 1115 1834 1172 cwlum
1858 1088 1983 1174 sus;

393 1185 576 1254 cipere
615 1190 886 1258 usque-in
918 1201 1164 1264 tempora
1209 1201 1574 1260 restitutionis
1615 1210 1883 1276 onmium,
1913 1213 1982 1270 de

391 1291 500 1342 quo
541 1276 755 1335 locutus
799 1290 883 1337 est
935 1285 1077 1342 Deus
1109 1305 1207 1358 per
1235 1309 1296 1348 os
1331 1305 1646 1354 sanctorum
1683 1316 1908 1360 suorum
1950 1321 1979 1360 a

2087 1032 2250 1108 234
2275 1076 2288 1090 .
2399 1040 2492 1092 καὶ
2513 1041 2807 1116 ἀποστείλῃ
2827 1045 2848 1078 ³
2888 1046 2984 1100 τὸν
3005 1057 3523 1126 προκεχειρισμένον
3545 1061 3666 1133 ὑμῖν

2099 1124 2304 1213 Ἰησοῦν
2335 1129 2590 1199 Χριστὸν,
2628 1134 2688 1186 ὃν
2719 1133 2802 1188 δεῖ
2842 1137 3070 1209 οὐρανὸν
3118 1142 3220 1214 μὲν
3247 1124 3502 1210 δέξασθαι
3543 1124 3664 1224 ἄγρι

2083 1218 2289 1288 χρόνων
2318 1220 2823 1292 ἀποκαταστάσεως
2845 1231 3085 1295 πάντων,
3107 1226 3182 1288 ὧν
3209 1235 3470 1309 ἐλάλησεν
3493 1243 3521 1296 6
3539 1218 3664 1310 Θεδς

2080 1308 2168 1362 διὰ
2219 1311 2490 1382 στόματος
2531 1317 2748 1372 πάντων
2794 1321 2902 1375 τῶν
2947 1320 3122 1392 ἄγίων
3152 1329 3246 1381 ἀπ’
3283 1331 3479 1400 αἰῶνος
3504 1337 3660 1392 αὐτοῦ

390 1367 589 1424 sarculo
633 1374 1048 1443 prophetarum.
1087 1381 1335 1441 Meminit
1381 1390 1528 1444 enim
1579 1392 1710 1448 dicti
1759 1395 1958 1453 Mosaic

391 1457 532 1491 illinc
573 1479 584 1490 .
625 1481 642 1491 .
683 1463 949 1491 n..-_:-__
983 1487 1094 1491 ___,
1129 1474 1142 1491 ι
1204 1485 1215 1491 -
1481 1482 1492 1491 .
1557 1485 1605 1491 -.
1741 1488 1752 1491 -
1781 1488 1791 1491 _
1867 1490 1878 1491 γ

2320 1367 2331 1382 ,
2469 1367 2486 1378 ,
2805 1367 2897 1375 -.η
2947 1367 2983 1376 .-
3030 1367 3118 1378 ..η
3152 1367 3231 1381 υ...
3283 1367 3450 1386 υιιιιννυ
3504 1367 3660 1392 uuwu

2081 1401 2396 1472 προφητῶν.
2440 1405 2550 1459 Καὶ
2585 1408 2862 1480 μέμνηται
2903 1367 3009 1483 τῆς⁸
3065 1418 3318 1487 χρήσεως
3350 1367 3664 1491 Μωῦσέωςδ

389 1457 534 1514 illius
572 1479 584 1514 :
625 1481 642 1512 ε
683 1463 952 1530 Quoniam
983 1474 1314 1543 prophetam
1349 1482 1823 1564 suscitabit_vobis
1867 1490 1978 1546 Do-

385 1549 570 1604 minus
599 1551 761 1609 Deus.
801 1575 820 1607 ι
849 1556 916 1614 Ει
964 1577 1184 1619 rursum
1234 1566 1400 1625 infert
1432 1588 1445 1624 :
1477 1590 1495 1622 ι
1534 1571 1600 1628 Ει
1622 1559 1814 1634 omnes
1843 1596 1974 1650 pro-

2077 1491 2177 1543 τό⁵
2203 1509 2217 1522 ·
2257 1511 2274 1544 ι
2305 1494 2600 1568 Προφήτην
2642 1500 2772 1569 ὑμῖν
2817 1504 3115 1576 ἀναστήσει
3159 1509 3365 1582 Κύριος
3395 1515 3423 1566 ό
3452 1515 3598 1580 Θεός.
3637 1537 3654 1570 ι

2079 1581 2189 1634 Καὶ
2240 1583 2438 1638 πάλιν⁶
2468 1587 2755 1660 ἐπιφέρει’
2787 1585 2816 1643 ‹’
2840 1593 2949 1646 Καὶ
2983 1595 3186 1660 πάντες
3218 1581 3276 1652 δὲ
3317 1601 3367 1652 οἱ
3397 1603 3656 1675 προφῆται

386 1639 565 1708 phetae
617 1660 649 1699 a
697 1645 917 1706 Samuel
961 1661 1018 1708 et
1068 1655 1352 1729 deinceps,
1398 1663 1491 1732 qui
1531 1663 1696 1721 locuti
1729 1639 1878 1736 sunt,
1920 1682 1962 1728 et

2077 1673 2186 1728 ἀπὸ
2231 1676 2483 1749 Σαμουὴλ
2533 1639 2784 1736 κάλιτῶν
2831 1685 3085 1756 καθεξῆς,
3119 1639 3234 1743 ὅσοι
3279 1639 3657 1764 ἐλάληέαἳνΙκαὶ

381 1734 855 1794 annuntiaverunt
898 1742 1014 1800 dics
1059 1747 1216 1804 istos.
1247 1751 1354 1809 Vos
1384 1757 1517 1812 estis
1546 1758 1640 1812 ﬁlii
1672 1734 1972 1833 propheta-

385 1840 525 1892 rum,
557 1838 612 1884 et
640 1837 972 1903 testamenti,
1007 1843 1152 1910 quod
1195 1843 1464 1916 disposuit
1493 1851 1636 1909 Deus
1679 1855 1748 1910 ad
1788 1866 1974 1927 patres

382 1928 613 1988 vestros,
641 1923 832 1982 dicens
857 1928 926 1984 ad
957 1931 1234 1992 Abraham
1268 1957 1282 1993 :
1316 1941 1383 1996 Et
1413 1941 1470 2005 in
1505 1947 1716 2005 semine
1753 1923 1846 2005 tuo
1875 1952 1974 2008 be-

380 2011 710 2070 nedicentur
749 2033 944 2077 omnes
986 2025 1240 2084 nationes
1289 2041 1469 2090 terrae.
1520 2035 1687 2096 Vobis
1733 2042 1972 2110 primum

385 2099 527 2158 Deus
555 2108 827 2166 suscitans
874 2113 1043 2168 lilium
1079 2131 1240 2177 suum
1287 2123 1588 2183 misiteum
1634 2129 1971 2190 benedicen-

381 2203 490 2250 tem
529 2200 705 2268 vobis,
754 2211 815 2260 ut
837 2217 1125 2282 convertat
1163 2227 1224 2268 se
1255 2219 1635 2291 unusquisque
1665 2233 1906 2282 vestrum
1939 2246 1969 2284 a

378 2288 623 2357 nequitia
678 2307 798 2350 sua.
837 2315 856 2348 ι
891 2297 1160 2359 Omnibus
1209 2305 1297 2362 his
1349 2288 1581 2367 testatur
1633 2315 1830 2375 beatus
1864 2319 1970 2385 Pe-

379 2389 516 2446 trus,
557 2383 632 2438 uti
676 2395 732 2441 et
778 2393 1126 2463 evangelista:
1168 2407 1224 2452 et
1272 2414 1466 2459 omnes
1515 2409 1800 2484 propheta:
1853 2413 1968 2470 haec

375 2473 558 2528 ontnia
589 2479 975 2551 prmdixerunt,
1003 2489 1148 2557 quod
1176 2489 1322 2547 Deus
1351 2473 1653 2553 secundum
1673 2505 1966 2572 quemdam

375 2570 579 2618 statum
613 2581 819 2624 novum
883 2573 1096 2642 fecerit,
1130 2586 1185 2634 et
1225 2579 1376 2648 facit,
1407 2600 1570 2655 quem
1599 2570 1710 2658 per_
1735 2607 1799 2649 os
1841 2611 1962 2652 om-

373 2651 524 2710 nium
554 2661 943 2728 prophetarum
973 2674 1384 2738 praenuntiavit.
1418 2651 1617 2750 Neque
1648 2691 1777 2742 ante
1817 2687 1964 2748 hunc

371 2757 594 2816 statum,
643 2754 808 2821 alium
859 2759 1102 2817 futurum
1137 2779 1277 2834 esse,
1319 2784 1500 2841 neque
1547 2787 1672 2846 post
1713 2775 1960 2842 futurum

371 2841 488 2903 [ore
513 2845 679 2902 alium
703 2849 1020 2922 declaravit,
1049 2859 1144 2914 sed
1173 2875 1298 2916 cum
1323 2841 1577 2924 omnibus
1598 2874 1882 2944 prophetis
1906 2888 1963 2935 et

368 2937 630 3002 apostolis
655 2941 755 2996 hos
784 2943 922 3004 duos
952 2947 1096 3004 solos
1122 2952 1519 3026 pronuntiavit,
1565 2961 1712 3020 hunc
1737 2967 1966 3040 inquam,

367 3024 476 3105 iam
501 3043 852 3110 prmsentem,
881 3047 936 3094 et
962 3049 1087 3119 post
1125 3043 1291 3112 hunc,
1328 3047 1482 3104 illum
1505 3024 1785 3121 Vl'luturum.

761 3313 840 3370 De
871 3328 1053 3374 sancto
1087 3321 1258 3379 Paulo
1302 3330 1560 3399 apostolo.

439 3397 548 3454 Iste
605 3413 690 3459 est
740 3405 828 3462 ille
882 3425 1112 3483 magnus
1177 3397 1458 3488 apostolus
1503 3423 1742 3496 Paulus,
1789 3433 1957 3490 coele-

367 3495 531 3577 stiu’m
560 3499 840 3569 cepiarum
871 3503 1090 3572 ductor,
1121 3510 1214 3580 qui
1254 3513 1309 3566 in
1342 3515 1525 3586 seipso
1546 3495 1824 3578 Christum
1856 3526 1956 3581 ha-

366 3587 463 3642 bet
486 3585 821 3663 loquentem,
857 3598 948 3668 qui
994 3601 1246 3670 stigmata
1270 3585 1472 3664 Christi
1511 3611 1567 3666 in
1598 3629 1828 3686 corpore
1855 3634 1956 3676 suo

373 3681 710 3754 .;ir,cuml'ert,
758 3704 987 3762 magnus
1023 3692 1280 3754 Ecclesia:
1317 3700 1528 3770 doctor,
1583 3681 1958 3776 qui'inﬁnitas

368 3784 578 3831 mortes
605 3779 850 3848 quotidie
872 3799 972 3852 pro
1003 3787 1249 3846 Ecclesia
1272 3794 1530 3862 sustinet,
1562 3798 1656 3867 qui
1695 3799 1957 3871 gloriatur

367 3865 422 3918 in
477 3867 708 3926 Domino
733 3882 789 3928 et
838 3873 896 3928 in
935 3875 1346 3938 inﬁrmitatibus
1393 3887 1529 3950 suis,
1579 3865 1674 3958 qui
1699 3865 1954 3962 vgratiam

301 3986 306 3993 -
365 3958 580 4024 Christi.
620 3962 675 4016 in
722 3980 780 4020 se
820 3965 1276 4028 eilervescentem
1325 3975 1512 4046 habet,
1573 3981 1665 4050 qui
1709 3985 1954 4040 omnium

365 4053 611 4121 gentium
670 4056 876 4129 linguis.
925 4061 1203 4133 loquitur,
1267 4071 1540 4138 quondam
1607 4086 1951 4147 persecutor,

367 4157 515 4204 nunc
557 4153 740 4207 autem
785 4151 1221 4218 persecutionem
1253 4172 1478 4235 passus,
1516 4162 1790 4230 quondam
1823 4181 1954 4236 pec.-

365 4243 535 4301 rator,
593 4252 742 4293 nunc
813 4251 998 4296 autem
1083 4245 1516 4306 misericordiam
1589 4267 1950 4326 consecutus,

363 4335 554 4396 raptus
575 4329 645 4384 ad
682 4332 904 4388 tertium
931 4335 1151 4404 cadum,
1185 4347 1242 4394 et
1273 4356 1489 4398 rursum
1521 4344 1576 4399 in
1617 4349 1950 4417 paradisum,

362 4419 656 4476 verborum
702 4439 1030 4484 arcanorum
1067 4430 1302 4500 auditor,
1353 4435 1716 4506 spiritualium
1751 4441 1954 4512 gratia-

2006 1811 2046 1869 Β
2077 1767 2448 1837 κατήγγειλαν
2495 1769 2595 1834 τὰς
2637 1772 2853 1844 ἡμέρας
2899 1777 3350 1869 ταύταςςΥμεῖς
3395 1785 3518 1838 ἐστε
3560 1788 3658 1840 υἱοὶ

2079 1858 2188 1912 τῶν
2215 1861 2510 1932 προφητῶν
2547 1864 2644 1926 καὶ
2685 1866 2788 1937 τῆς
2833 1867 3099 1940 διαθήκης
3128 1867 3196 1942 ἦς
3228 1873 3438 1928 διέθετο
3476 1877 3504 1929 6
3533 1877 3657 1943 Θεὸς

2079 1951 2216 2032 πρὸς
2265 1955 2392 2018 τοὺς
2443 1957 2687 2028 πατέρας
2737 1960 2916 2031 ὑμῶν,
2962 1962 3136 2032 λέγων
3188 1967 3330 2037 πρὸς
3369 1969 3652 2042 Ἁϐραάμ·

2077 2025 2186 2098 Ka‘t
2222 2045 2282 2098 ἐν
2309 2045 2388 2117 τῷ
2422 2025 2702 2119 σπέρματί
2733 2025 2826 2114 σου
2861 2025 3387 2129 ἐνευλογηθήσονται
3412 2025 3650 2118 πάσαιυαε

2077 2139 2305 2210 πατριαὶ
2325 2139 2422 2211 τῆς
2447 2141 2571 2213 γῆς.
2590 2141 2752 2214 Ὑμῖν
2777 2145 2992 2216 πρῶτον
3019 2151 3048 2203 6
3074 2150 3207 2213 Θεὸς
3235 2151 3549 2226 ἀναστήσας
3570 2155 3655 2210 τὸν

2075 2231 2250 2284 Παῖδα
2301 2232 2470 2286 αὑτοῦ
2519 2234 2844 2290 ἀπέστειλεν
2877 2238 3042 2294 αὐτὸν
3079 2241 3412 2309 εὐλογοῦντα
3441 2245 3579 2316 ὑμᾶς
3601 2248 3654 2301 ἐν

2070 2322 2151 2393 τῷ
2178 2324 2547 2395 ἀποστρέφειν
2572 2325 2803 2386 ἕκαστον
2836 2329 2976 2383 ἀπὸν
3005 2331 3116 2390 τῶν
3147 2335 3429 2406 πονηριῶν
3454 2336 3646 2408 ὑμῶν.»

2073 2412 2298 2478 Τούτοις
2345 2416 2480 2468 πᾶσι
2520 2420 2790 2488 μαρτυρεί
2817 2417 2946 2476 καὶθ
2987 2421 3016 2474 6
3053 2421 3404 2498 μακαρίτης⁹
3435 2423 3650 2495 Πέτρος,

2071 2505 2262 2578 ὥσπερ
2291 2507 2386 2560 καὶ
2415 2509 2464 2560 οξ
2497 2509 2908 2577 εὐαγγελισταὶ,
2938 2513 3034 2566 καὶ
3059 2513 3141 2566 ὅτι
3173 2515 3380 2580 πάντες
3399 2515 3508 2568 οἱ¹⁰
3531 2531 3652 2586 προ-

2071 2597 2239 2666 φῆται
2270 2600 2750 2672 προκατήγγειλαν
2776 2603 2956 2657 πάντα.
2984 2603 3182 2669 ταῦτα,
3208 2606 3296 2660 ὅτι
3329 2607 3358 2660 6
3383 2607 3515 2670 Θεὸς
3536 2607 3649 2660 δευ-

2066 2689 2232 2761 τέραν
2263 2689 2388 2744 τινὰ
2419 2670 2755 2746 κατάστασιν
2784 2693 2975 2764 καινὴν
3009 2695 3323 2768 πεποίηκεν
3362 2699 3457 2751 καὶ
3493 2699 3647 2763 ποιεῖ,

2065 2782 2133 2853 ῆν
2179 2781 2273 2835 καὶ
2321 2783 2790 2854 προκατήγγειλεν
2835 2783 2926 2837 διὰ
2955 2785 3240 2856 ⁴στόματος
3289 2787 3510 2841 πάντων
3551 2787 3652 2841 τῶν

2066 2875 2381 2948 προφητῶν.
2413 2877 2522 2930 Καὶ
2563 2877 2687 2930 οὔτε
2733 2876 2838 2952 πρὸ
2885 2877 3090 2947 ταύτης
3139 2879 3240 2949 τῆς
3273 2879 3652 2946 καταστάσεως

2064 2963 2218 3022 εἶπεν
2246 2969 2441 3039 ἐτέραν
2474 2966 2614 3024 εἶναι
2648 2967 2773 3022 οὔτε
2806 2965 2946 3041 μετὰ
2983 2969 3082 3042 τὴν
3117 2970 3428 3042 μέλλουσαν
3469 2973 3650 3044 ἑτέραν

2063 3058 2406 3130 ἀπεφήνατο,
2443 3059 2585 3112 ἀλλὰ
2632 3059 2772 3128 μετά
2816 3059 3039 3114 πάντων
3087 3060 3196 3114 τῶν
3235 3061 3538 3134 προφητῶν
3563 3062 3652 3117 καὶ

1987 3189 2030 3246 c
2067 3149 2384 3203 ἀποστόλων
2411 3148 2504 3203 δύο
2540 3149 2701 3224 μόνον
2725 3149 2964 3219 ἐξεῖπεν,
2985 3149 3192 3224 ταύτην
3216 3153 3318 3208 καὶ
3347 3153 3448 3236 τὴν
3467 3155 3508 3186 “
3533 3153 3651 3227 μέλ-

2063 3240 2286 3306 λουσαν,

2384 3334 2488 3399 Εἰς
2527 3332 2776 3388 Παῦλον
2814 3333 2920 3388 τὸν
2955 3335 3340 3390 ἀπόστολον.

2131 3413 2300 3490 Οὗτος
2325 3425 2352 3478 6
2380 3425 2557 3496 μέγας
2586 3423 2797 3488 Παῦλος
2827 3427 2857 3479 6
2889 3425 3207 3495 ἀπόστολος,
3229 3428 3258 3480 6
3278 3427 3384 3500 τῆς
3406 3427 3648 3501 οὐρανίου

2060 3516 2344 3586 φάλαγγος
2376 3515 2696 3589 ταξιάρχης,
2729 3518 2758 3569 6
2785 3519 2844 3572 ἐν
2873 3517 3050 3590 ἐαυτῷ
3083 3517 3222 3589 ἔχων
3251 3521 3370 3575 ’τὸν
3415 3508 3648 3593 Χριστὸν

2059 3605 2343 3674 λαλοῦντα,
2375 3609 2402 3662 6
2425 3607 2496 3660 τά
2531 3607 2806 3678 στίγματα
2830 3608 2926 3662 τοῦ
2967 3609 3206 3682 Χριστοῦ
3237 3611 3301 3665 ἐν
3328 3611 3406 3683 τῷ
3443 3611 3649 3684 σώματι

2060 3693 2402 3773 περιφέρων,
2441 3701 2470 3754 6
2521 3700 2694 3771 μέγας
2743 3699 3063 3765 διδάσκαλος
3105 3701 3206 3772 τῆς
3242 3699 3644 3775 Ἐκκλησίας,ό

2063 3795 2290 3867 μυρίους
2315 3796 2578 3861 θανάτους
2604 3797 2728 3850 καθ’
2755 3797 2994 3869 ἑκάστην
3022 3799 3164 3870 ὑπὲρ
3191 3798 3298 3869 τῆς
3327 3801 3648 3872 Ἐκκλησίας

2059 3890 2368 3961 ὑπομένων,
2396 3891 2426 3942 6
2457 3891 2515 3942 ἐν
2545 3891 2736 3961 Κυρίῳ
2770 3889 3126 3962 καυχώμενος
3177 3895 3269 3944 καὶ
3327 3895 3450 3956 ταῖς
3497 3892 3647 3954 ἰδίαις

2057 3981 2220 4052 235
2248 3982 2574 4048 ἀσθενείαις,
2607 3985 2635 4036 6
2666 3983 2764 4054 τήν
2795 3985 2954 4054 χάριν
2981 3981 3073 4036 τοῦ
3114 3984 3356 4053 Χριστοῦ
3387 3986 3446 4039 ἐν
3476 3983 3647 4053 ἐαυτῷ

2059 4075 2330 4148 βρύουσαν
2358 4076 2516 4148 ἔχων,
2544 4077 2574 4128 6
2601 4075 2877 4144 γλώσσαις
2897 4078 2940 4108 ¹¹
2969 4077 3148 4132 λαλῶν
3194 4079 3332 4132 πᾶσι
3364 4080 3476 4142 τοῖς
3505 4077 3644 4130 ἔθνε-

2059 4187 2162 4236 σιν,
2189 4172 2218 4224 6
2241 4169 2371 4223 ποτέ
2398 4153 2654 4240 διώκτιῖς,
2679 4169 2777 4224 νῦν
2795 4169 2852 4224 δὲ
2877 4169 3232 4239 διωκόμενος,
3255 4171 3285 4224 6
3316 4169 3446 4224 ποτέ
3466 4170 3642 4240 ἀμαρ-

2056 4262 2247 4328 τωλὸς,
2275 4263 2372 4317 νῦν
2418 4261 2476 4316 δέ
2507 4262 2831 4333 ἠλεημένος,
2870 4263 2900 4317 6
2931 4262 3038 4327 ἕως
3065 4264 3249 4334 τρίτου
3285 4263 3519 4336 οὐρανοῦ
3547 4263 3641 4333 ἁρ-

2058 4355 2256 4426 παγεὶς
2285 4355 2380 4409 καὶ
2411 4355 2575 4408 πάλιν
2605 4356 2687 4419 εἷς
2713 4355 2804 4409 τὸν
2827 4356 2872 4387 ⁸³
2903 4355 3255 4425 παράδεισον,
3279 4359 3310 4410 6
3340 4356 3450 4410 τῶν
3477 4356 3644 4426 άῤῥή·

2057 4465 2168 4503 των
2199 4446 2460 4520 ῥημάτων
2501 4447 2798 4520 ἀκουστὴς,
2831 4450 2860 4501 6
2898 4448 3008 4502 τῶν
3057 4449 3448 4519 πνευματικῶν
3491 4464 3643 4518 χαρι-

364 4531 486 4570 rum
529 4517 847 4591 designatus
900 4524 1090 4593 iudex,
1141 4543 1374 4600 magnus
1429 4536 1796 4602 canonarcha,
1849 4554 1946 4592 seu

2068 4517 2285 4612 ςμάτων
2308 4541 2636 4612 κεκριμένος
2663 4517 2948 4612 δικαστὴς,
2974 4543 3004 4596 6
3039 4517 3212 4612 μέγας
3241 4517 3584 4612 κανονάργης
3601 4539 3642 4572 ¹⁴

361 4621 687 4680 praecentor,
721 4631 786 4670 ac
817 4631 1084 4686 superans
1115 4621 1350 4692 reliquos
1377 4625 1636 4683 Ecclesia:
1678 4631 1948 4688 doctores.

360 4701 582 4770 Paulus,
628 4710 787 4778 cujus
820 4711 1079 4776 salutatio
1121 4714 1177 4768 in
1217 4717 1475 4772 onmibus
1517 4720 1764 4790 epistolis
1807 4725 1955 4780 velut

361 4795 502 4868 signi
533 4798 676 4862 loco,
705 4801 892 4859 Gratia
921 4806 1141 4863 Domini
1175 4817 1278 4864 est.
1314 4805 1660 4884 llic'semper
1689 4816 1743 4870 in
1771 4819 1951 4872 omni-

361 4889 465 4946 bus
488 4893 758 4962 epistolis,
823 4899 994 4955 veluti
1037 4902 1150 4971 jam
1187 4903 1362 4958 altero
1411 4905 1534 4961 vitae
1583 4907 1756 4964 beata:
1807 4921 1951 4967 statu

359 4979 658 5050 frueretur,
717 4989 1150 5050 exsultabundus
1197 5007 1252 5050 et
1305 5008 1490 5052 certus
1516 4999 1647 5074 agit,
1684 5012 1741 5056 et
1784 5003 1952 5058 veluti

360 5080 522 5141 (cum
575 5077 821 5151 Christo)
883 5079 1302 5143 consurrexerit
1348 5105 1413 5144 ac
1452 5091 1800 5159 \consederit,
1861 5093 1946 5146 di-

358 5183 492 5224 cens
525 5187 539 5224 :
574 5189 592 5222 ι
641 5171 702 5226 ιιι
739 5175 1056 5233 cmlestibus
1095 5181 1212 5262 spei
1252 5181 1364 5236 dati
1414 5200 1636 5252 sumus;
1689 5207 1709 5266 ρ
1753 5197 1809 5243 et
1842 5188 1948 5255 alia

2053 4635 2149 4688 καὶ
2188 4633 2534 4705 ὑπερϐαίνων
2575 4635 2702 4698 τοὺς
2750 4633 2973 4698 λοιποὺς
3014 4635 3372 4699 διδασκάλους
3402 4635 3502 4706 τῆς
3523 4634 3641 4687 Ἐκο

2053 4727 2283 4798 κλησίας
2333 4726 2566 4792 Παῦλος,
2608 4722 2670 4782 οῦ
2719 4727 2808 4780 ό¹⁵
2851 4729 3144 4798 ἀσπασμὸς
3189 4731 3249 4784 ἐν
3291 4731 3497 4795 πάσαις
3525 4729 3642 4792 ταῖς

2053 4822 2370 4884 ἐπιστολαῖς
2388 4819 2575 4886 αὐτοῦ,
2594 4819 2670 4884 ὡς
2703 4822 2762 4874 ἐν
2788 4819 2941 4885 τάξει
2965 4821 3216 4892 σημείου,
3251 4823 3284 4894 ἡ
3307 4823 3470 4892 χάρις
3493 4821 3636 4874 ἐστὶν

2051 4913 2145 4966 τοῦ
2173 4912 2405 4984 Κυρίου,
2433 4903 2588 4975 οὗτος
2622 4911 2852 4966 καθόλου
2894 4912 2954 4964 ἐν
2988 4913 3189 4976 πάσαις
3229 4915 3351 4978 ταῖς
3379 4909 3570 4965 ἐαυτοῦ
3597 4909 3638 4940 ¹⁶

2061 5003 2396 5068 ἐπιστολαῖς,
2433 5003 2508 5066 ὡς
2543 5003 2644 5074 ἤδη
2679 5003 2970 5074 γενόμενος
3005 5005 3065 5056 ἐν
3093 5006 3160 5074 τῇ
3209 5003 3440 5073 δευτέρᾳ
3474 5017 3636 5055 κατα-

2059 5096 2268 5161 στάσει,
2304 5095 2558 5166 γεγηθὼς
2597 5096 2690 5150 καὶ
2725 5095 3000 5160 πεποιθὼς
3037 5096 3286 5161 διατελεῖ,
3323 5095 3635 5165 συνήγειρεν

2054 5190 2150 5244 καὶ
2201 5187 2575 5254 συνεκάθισεν,
2608 5187 2930 5258 φάσκων¹⁷·
2970 5189 3092 5253 ιἙν
3135 5189 3248 5254 τοῖς
3293 5183 3633 5260 ἐπουρανίοις

1665 5367 1898 5423 VARIAS
1927 5361 2335 5428 LECTIONES.

483 5497 504 5530 ³
534 5499 974 5574 καὶγά-ποστείλῃ.
1029 5502 1150 5558 Act.
1183 5519 1264 5574 ψ,
1297 5503 1388 5574 2ο.

359 5565 514 5634 ὑμῶν
546 5570 739 5625 ἀπὸΡ.
809 5572 832 5604 ⁸
889 5565 983 5626 κᾶὶ
1042 5589 1156 5627 om.
1200 5565 1262 5628 P.

337 5638 606 5719 .vt'ieahuh
636 5641 948 5719 μακαρίτης
969 5641 1261 5719 _De_ntle_ius
1288 5638 1601 5719 inP'r‘oreni.
1653 5638 1818 5719 Resp.

455 5708 496 5740 ιι
523 5711 616 5783 καὶ
640 5708 766 5783 τήν.
800 5708 860 5764 δέ
897 5708 992 5766 καὶ
1020 5713 1118 5783 τὴν
1153 5714 1214 5768 Ρ.
1325 5717 1367 5746 ¹¹
1394 5716 1646 5783 γλώσσας
1690 5719 1752 5774 Ρ.

362 5776 578 5838 ἑαυτοῦ.
604 5776 768 5836 αὑτοῦ
795 5783 853 5838 l‘.
931 5776 1235 5855 ¹⁷φάσκιον.
1275 5776 1475 5861 Ephes.
1511 5805 1570 5859 ιι,
1605 5791 1656 5846 6.

1357 5569 1379 5600 ο
1409 5579 1676 5647 μακάριος
1708 5577 1767 5632 Ρ.
1807 5569 1972 5633 Cani.
2006 5595 2060 5647 p.
2094 5578 2183 5634 88.
2212 5569 2373 5660 C,.D,
2519 5577 2738 5660 A."295.
2771 5576 2865 5678 ὦ),
2899 5578 3025 5632 297.
3069 5574 3148 5676 Β..
3171 5572 3490 5682 Fallitur'de

1366 5645 1601 5702 Promm.
1653 5649 1818 5718 Resp.
1858 5651 1924 5702 ad
1955 5649 2126 5718 Boy|.,
2154 5664 2206 5716 p.
2235 5650 2353 5713 1.59,
2385 5648 2505 5703 160.
2542 5649 2688 5718 Lips.
2789 5717 2804 5718 ί
2839 5665 2921 5718 οτι
2947 5647 3144 5718 πάντες
3170 5646 3240 5698 οἱ.
3272 5661 3320 5718 ο.
3344 5658 3536 5718 παντες
3573 5679 3617 5718 _.

1831 5722 1876 5752 ³³
1902 5720 1990 5774 τὸν
2023 5737 2132 5776 out.
2161 5721 2219 5777 Ρ.

2302 5722 2342 5752 “
2377 5720 2553 5776 κανὼν
2579 5711 2752 5790 ἀρχῆς
2787 5717 2898 5773 RV.
3014 5717 3056 5749 "
3087 5717 3115 5770 ὁ
3143 5731 3249 5772 om.
3277 5713 3333 5768 Ρ.
3409 5711 3450 5744 ¹⁶
3509 5713 3616 5772 ταῖς
