3948 6408
1475 351 1912 420 CHRONICON
1945 349 2350 410 PASCIIALE.

3459 348 3567 412 57-0

276 472 376 527 καὶ
423 473 492 542 τῇ
536 469 714 524 ἑλπίδι
756 466 1126 540 ἐσώθημενίθ,
1154 487 1172 519 ι
1209 467 1304 522 καὶ
1349 467 1484 522 ἄλλα
1517 464 1686 536 μυρία
1710 461 1745 515 ἃ
1775 460 1866 514 νῦν

1975 458 2185 512 inﬁnita
2206 498 2220 522 ,
2253 472 2374 526 quae
2411 469 2558 510 nunc
2599 469 3035 520 commemorare
3073 456 3218 511 haud
3253 469 3564 528 promptum

271 561 600 632 καταλέγειν
629 562 730 615 οὐκ
756 562 999 632 εὐχερές.
1016 559 1207 615 Ἐνίων
1231 560 1287 613 δὲ
1327 556 1777 631 μνημονεύσομεν
1796 554 1860 617 η,

272 656 363 709 ῖνα
393 656 472 726 μὴ
497 655 587 707 τὸν
609 654 769 722 λόγον
796 653 1150 724 μηκύνωμεν.
1169 651 1334 720 Λέγει
1357 650 1538 703 τοίνυν
1559 649 1617 700 ἐν
1634 650 1700 718 τῇ
1726 645 1865 715 πρὸς

271 743 602 814 Κορινθίους
653 743 847 816 πρώτῃ
865 745 910 776 ²⁰
946 743 1235 814 Ἐπιστολῇ
1285 741 1492 806 οὕτως·
1534 761 1552 791 ι
1583 741 1644 792 El
1699 741 1756 790 ἐν
1794 739 1859 807 τῇ

271 837 389 909 ζωῇ
411 835 589 908 ταύτῃ
615 837 674 888 ἐν
703 835 926 907 Χριστῷ
951 835 1246 906 ἠλπικότες
1275 835 1444 905 ἐσμὲν
1477 832 1672 904 μόνον,-
1692 830 1861 884 ἐλεει-

269 929 486 997 νότεροι
544 927 764 980 πάντων
815 925 1120 997 ἀνθρώπων
1175 926 1365 996 ἐσμέν.
1415 944 1434 975 ι
1499 921 1662 975 Ἀλλὰ
1716 920 1858 986 τιν,

269 1021 481 1084 Παῦλε,
517 1019 656 1090 μετὰ
700 1019 800 1090 τὴν
832 1018 1068 1073 ἐνταῦθα
1101 1018 1248 1088 ζωὴν
1274 1017 1435 1071 ποίαν
1465 1013 1631 1084 ἄλλην
1673 1012 1863 1075 ἐλπίδα

269 1111 624 1182 ἐλπίξωμεν;
673 1110 804 1176 Ναὶ,
839 1110 1027 1182 φησὶν,
1060 1111 1176 1164 ἔστι
1224 1127 1308 1174 τις
1349 1108 1618 1180 κρείττων
1643 1107 1689 1138 ²¹
1721 1103 1856 1173 ζωὴ,

273 1202 475 1274 ἰσχυρὰ
523 1203 618 1256 καὶ
667 1202 942 1272 οὐράνιος,
976 1202 1097 1272 μεθ’
1125 1203 1288 1269 ὅρκου
1330 1199 1484 1270 παρὰ
1514 1196 1651 1250 Θεοῦ
1683 1199 1858 1264 ἐπαγ-

274 1295 600 1365 γελλομένη.
635 1295 834 1366 Φησὶ²³
856 1295 998 1364 γάρ·
1042 1293 1163 1346 «Ἐν
1190 1285 1234 1360 ᾧ
1257 1290 1644 1362 περισσότερον
1675 1286 1860 1358 βουλό-

273 1406 439 1458 μενος
469 1391 499 1442 ὁ
524 1388 656 1451 Θεὸς
693 1385 982 1451 ἐνδεῖξαιίδ
1017 1389 1130 1449 τοῖς
1173 1383 1530 1455 κληρονόμοις
1553 1383 1655 1452 τῆς
1690 1383 1862 1449 ἐπαγ-

265 1481 464 1550 γελίας
491 1482 555 1534 τδ
577 1480 915 1552 ἀμετάθετον
939 1479 1038 1550 τῆς
1070 1478 1269 1548 βουλῆς
1296 1475 1463 1531 αὐτοῦ
1505 1472 1860 1544 ἐμεσίτευσεν

266 1574 445 1644 ὅρκῳ,
473 1573 564 1626 ἵνα
607 1573 697 1626 διὰ
742 1571 836 1626 δύο
878 1572 1228 1644 πραγμάτων
1271 1566 1646 1640 ἀμεταθέτων,
1677 1565 1736 1619 ἐν
1779 1557 1860 1628 οἷς

267 1665 540 1718 ἀδύνατον
568 1663 877 1733 ψεύσασθαι
926 1666 1020 1716 τὸν
1061 1661 1216 1726 Θεὸν,
1251 1657 1478 1730 ἰσχυρὰν
1511 1655 1859 1726 παράκλησιν

267 1755 493 1826 ἔχωμεν
520 1757 568 1810 οί
600 1755 1014 1826 καταφυγόντες
1040 1753 1315 1825 κρατῆσαι
1353 1751 1454 1822 τῆς
1490 1746 1860 1819 προκειμένης

267 1845 512 1912 ἐλπίδος,
553 1846 622 1917 ἢν
658 1845 736 1910 ὡς
766 1845 1015 1918 ἄγκυραν
1050 1845 1250 1914 ἔχομεν
1289 1842 1389 1914 τῆς
1435 1839 1614 1909 ψυχῆς
1643 1836 1862 1908 ἀσφαλῆ

266 1953 332 1990 τε
358 1937 459 1991 καὶ
484 1936 713 2008 βεβαίαν
732 1937 827 1992 καὶ
853 1935 1246 2008 εἰσερχομένην
1277 1935 1358 1997 είς
1385 1933 1448 1986 τὸ
1478 1931 1747 2002 ἐσώτερον
1772 1928 1866 1983 τοῦ

267 2029 792 2100 καταπετάσματος,
825 2029 960 2082 ὅπου
998 2027 1306 2098 πρόδρομος
1335 2023 1476 2095 ὑπὲρ
1499 2021 1656 2095 ἡμῶν
1687 2020 1868 2092 εἰσῆλ-

269 2119 367 2174 θεν
393 2119 606 2192 Ἰησοῦς
652 2121 800 2174 κατὰ
850 2120 948 2191 τὴν
1001 2117 1154 2183 τάξιν
1187 2115 1528 2188 Μελχισεδὲκ
1576 2113 1869 2186 ἀρχιερεὺς

267 2211 570 2281 γενόμενος
595 2214 676 2276 είς
702 2211 794 2265 τὸν
822 2211 1016 2265 αἰῶνα.
1049 2229 1070 2262 ι

347 2303 464 2356 Kal
494 2303 657 2358 πάλιν
674 2304 750 2336 ⁸⁸·
791 2323 810 2355 ι
839 2301 1207 2368 Γινώσκοντες
1233 2302 1378 2374 ἔχειν
1411 2301 1556 2373 ὑμᾶς
1582 2297 1869 2370 κρείττονα

271 2393 518 2466 ὓπαρξιν
562 2395 658 2448 καὶ
704 2393 994 2465 μένουσαν.
1026 2411 1044 2444 ι
1092 2395 1206 2448 Kal
1249 2393 1502 2448 πάλιν²⁶⁶
1541 2410 1560 2443 ι
1592 2387 1684 2442 Διὸ
1715 2387 1870 2458 βασι-

270 2486 434 2542 λείαν
475 2485 772 2540 ἀσάλευτον
822 2485 1366 2557 παραλαμϐάνοντες.
1399 2502 1418 2537 ι
1454 2483 1566 2538 Καὶ
1601 2483 1763 2538 πάλιν
1783 2482 1827 2514 ⁸⁷
1849 2497 1866 2514 ⁸

277 2599 299 2632 ι
334 2580 411 2635 ού
446 2579 558 2648 γὰρ
587 2578 784 2650 ἔχομεν
809 2572 913 2632 ὧδε
950 2579 1220 2650 μένουσαν
1247 2577 1422 2642 πόλιν,
1452 2577 1588 2632 ἀλλὰ
1615 2575 1713 2647 τὴν
1743 2563 1871 2648 μέλ-

269 2659 480 2727 λουσαν
499 2673 886 2745 ἐπιζητοῦμεν.
916 2691 936 2724 ι
959 2673 1072 2726 Kal
1089 2672 1135 2705 ³⁸
1156 2671 1315 2726 πάλιν
1336 2672 1381 2704 ³⁸
1401 2687 1465 2748 δι
1489 2671 1736 2741 Παράγει
1757 2669 1868 2742 γὰρ

269 2765 338 2818 τὸ
362 2765 555 2835 σχῆμα
605 2762 700 2817 τοῦ
752 2764 968 2836 κόσμου
1016 2763 1234 2819 τούτου.
1269 2783 1289 2816 ι
1324 2764 1436 2818 Καὶ
1463 2762 1628 2817 πάλιν
1644 2762 1690 2794 ⁸ο
1711 2775 1725 2790 ⁸
1761 2780 1780 2813 ι
1803 2761 1869 2814 Ἢ

267 2853 336 2908 δὲ
366 2851 622 2907 εὐσέϐεια
647 2853 787 2924 πρὸς
821 2853 1000 2909 πάντα
1025 2853 1302 2924 ὠφέλιμός
1329 2854 1498 2920 ἐστιν,
1530 2849 1869 2920 ἐπαγγελίαν

269 2943 482 3014 ἔχουσα
519 2941 665 3012 ζωῆς
694 2943 791 3012 τῆς
820 2943 917 3000 νῦν
947 2944 1044 2998 καὶ
1069 2944 1169 3014 τῆς
1199 2941 1520 3013 μελλούσης.
1552 2959 1573 2992 ι
1608 2940 1717 2996 Kal
1759 2939 1868 2994 πά-

268 3035 414 3088 λιν³¹
447 3051 461 3066 ·
499 3034 796 3106 ι’Δδελφοὶ,
827 3035 940 3106 ἐγὼ
967 3034 1203 3107 ἐμαυτὸν
1235 3033 1391 3088 οῦπω
1419 3033 1706 3104 λογίζομαι
1733 3049 1868 3085 κατ-

1967 561 2070 606 est.
2122 548 2502 616 Quorumdam
2548 556 2734 603 tamen
2763 549 3106 604 mentionem
3160 549 3445 616 faciemus,
3492 567 3566 608 ne

1966 653 2278 696 sermonem
2312 637 2716 708 protrahamus.
2749 635 2952 692 Scribit
2995 653 3128 708 ergo
3161 638 3215 692 in
3257 638 3502 708 Epistola
3537 656 3554 695 ι

1965 731 2033 786 ad
2077 730 2396 786 Corinthios
2429 729 2484 783 in
2523 731 2641 784 haec
2679 729 2847 787 verba
2877 747 2892 783 :
2928 749 2946 780 ι
2981 728 3040 783 Si
3073 729 3128 783 in
3159 729 3270 784 vita
3308 731 3407 785 hac
3438 747 3563 801 spe-

1965 831 2151 876 rantes
2212 823 2269 876 in
2307 821 2528 876 Christo
2589 836 2783 876 sumus
2829 828 3086 884 tantum,
3135 821 3565 878 miserabiliores

1964 913 2222 968 omnibus
2274 913 2589 968 hominibus
2641 927 2850 968 sumus.
2893 931 2912 964 ι
2972 913 3079 968 Sed
3117 914 3303 980 enim,
3357 915 3562 980 Paule,

1964 1017 2089 1078 post
2140 1008 2282 1062 hanc
2334 1009 2526 1075 vitam,
2588 1025 2712 1079 quae
2765 1025 2894 1080 spes
2945 1009 3052 1062 alia
3107 1010 3378 1078 speranda
3441 1010 3563 1064 est?

1971 1115 1991 1148 ι
2033 1097 2194 1160 Sane,
2233 1097 2433 1166 inquit,
2472 1097 2669 1152 melior
2704 1098 2816 1152 vita
2849 1081 3037 1162 restat,
3082 1097 3236 1151 ﬁrma
3282 1106 3340 1152 et
3374 1098 3563 1154 coeles-

1963 1188 2054 1252 tis,
2078 1187 2438 1259 jurejurando
2467 1187 2625 1243 nobis
2661 1205 2692 1242 a
2721 1189 2833 1242 Deo
2855 1189 3152 1258 promissa.
3191 1186 3334 1241 Dicit
3356 1187 3508 1242 enim
3542 1203 3556 1240 :

1970 1279 2032 1333 lu
2061 1294 2171 1348 quo
2199 1275 2567 1334 abundantius
2602 1280 2792 1334 volens
2828 1280 2972 1333 Deus
3005 1278 3300 1332 ostendere
3325 1275 3561 1332 haaredi-

1962 1372 2066 1426 bus
2109 1371 2492 1441 promissionis
2521 1371 2958 1425 immobilitatem
2990 1369 3203 1424 consilii
3248 1369 3354 1430 sui,
3385 1369 3562 1424 inter-

1962 1464 2150 1534 posuit
2195 1463 2606 1534 jusjurandum,
2655 1471 2716 1515 ut
2764 1477 2862 1532 per
2901 1462 3038 1515 duas
3092 1476 3180 1514 res
3229 1460 3556 1528 immobiles,

1963 1559 2020 1612 in
2075 1557 2274 1628 quibus
2327 1554 2669 1625 impossibile
2721 1564 2804 1608 est
2858 1553 3079 1608 mentiri
3136 1553 3305 1606 Deum
3359 1551 3558 1606 fortem

1961 1649 2394 1704 consolationem
2424 1646 2748 1716 habeamus,
2770 1645 2862 1714 qui
2888 1643 3254 1713 confugimus,
3273 1645 3338 1699 ad
3371 1654 3559 1698 tenen-

1963 1743 2089 1798 dam
2122 1740 2459 1812 propositam
2487 1753 2660 1808 spem,
2694 1753 2856 1808 quam
2883 1737 3027 1790 sicut
3055 1737 3354 1790 anchoram
3387 1736 3558 1791 babe-

1969 1847 2092 1886 mus
2129 1830 2346 1893 animae,
2379 1836 2674 1898 tutamque,
2701 1842 2766 1880 ac
2808 1826 3018 1880 ﬁrmam
3062 1835 3117 1880 et
3156 1826 3557 1896 ingredientem

1969 1923 2026 1978 in
2081 1921 2314 1978 interius
2362 1920 2672 1985 velaminis,
2724 1919 2818 1973 ubi
2880 1934 3187 1988 pmcursor
3239 1934 3338 1988 pro
3395 1917 3559 1974 nobis

1970 2010 2220 2065 introivit
2273 2009 2434 2064 Jesus
2491 2007 2794 2062 secundum
2844 2007 3095 2062 ordinem
3155 2007 3557 2076 Melchisedec,

1969 2101 2220 2159 Pontifex
2246 2101 2422 2156 factus
2453 2101 2508 2156 in
2531 2109 2818 2156 teter-num.
2851 2118 2872 2150 ι

2041 2311 2110 2367 Et
2135 2324 2352 2366 rursum
2388 2328 2400 2363 :
2445 2328 2463 2360 ι
2499 2306 2748 2363 Scientes
2772 2305 2978 2360 habere
3003 2319 3098 2360 vos
3122 2306 3400 2360 meliorem
3426 2308 3559 2361 sub-

1971 2399 2232 2458 stantiam
2294 2406 2350 2452 et
2391 2404 2831 2468 permanentem.
2883 2414 2902 2447 ι
2948 2397 3016 2449 Ει
3061 2397 3262 2450 iterum
3311 2414 3324 2450 :
3370 2415 3387 2449 ι
3420 2395 3559 2462 Qua-

1969 2502 2198 2565 propter
2238 2506 2467 2562 regnum
2516 2488 2800 2544 immobile
2841 2489 3200 2558 accipientes.
3258 2507 3276 2540 »
3323 2490 3390 2544 Et
3438 2506 3561 2545 rur-

1936 2643 1940 2646 ,
1971 2598 2092 2646 sum
2128 2600 2141 2636 :
2188 2601 2208 2634 ι
2244 2581 2369 2635 Non
2408 2579 2556 2634 enim
2585 2578 2853 2636 habemus
2895 2577 2984 2631 bic
3021 2585 3334 2632 manentem
3363 2577 3560 2632 civita-

1973 2683 2104 2738 tem,
2137 2675 2231 2728 sed
2279 2673 2519 2727 futuram
2559 2669 2912 2740 inquirimus.
2958 2667 3199 2723 Rursum
3237 2686 3250 2722 :
3301 2687 3320 2720 ι
3367 2667 3553 2724 Pietas

1969 2765 2040 2820 ad
2077 2763 2262 2820 omnia
2307 2761 2458 2816 utilis
2491 2767 2596 2826 est,
2644 2775 2768 2830 qua:
2822 2757 3246 2830 promissionem
3293 2757 3460 2813 habet
3503 2766 3560 2813 et

1968 2855 2260 2928 praesentis
2305 2855 2434 2908 vitae
2487 2861 2544 2908 et
2581 2852 2802 2908 futuraa.
2840 2871 2860 2904 ι
2911 2851 3152 2907 Rursum
3192 2871 3207 2906 :
3247 2873 3267 2904 ι
3316 2852 3556 2916 Fratres,

1969 2964 2071 3022 ego
2099 2947 2374 3019 meipsum
2409 2961 2522 3001 non
2562 2946 2804 3002 arbitror
2841 2947 3348 3017 comprehendisse,
3385 2961 3559 3001 unum

1970 3053 2179 3107 autem,
2215 3057 2340 3112 quae
2386 3039 2610 3111 quidem
2657 3047 2804 3094 retro
2833 3038 3196 3105 'Obliviscens,
3228 3038 3296 3094 ad
3335 3053 3401 3093 ea
3427 3051 3561 3094 vero

271 3127 584 3198 ειληφέναι,
635 3126 692 3181 ἐν
733 3126 811 3194 δὲ,
859 3125 931 3181 τὰ
980 3127 1082 3198 μὲν
1128 3125 1305 3180 ὀπίσω
1353 3123 1866 3196 ἐπιλανθανόμενος,

1972 3151 2094 3209 qua:
2127 3144 2259 3192 sunt
2299 3135 2482 3206 priora
2511 3139 2767 3188 extentus
2799 3173 2814 3197 ,
2844 3130 2914 3186 ad
2957 3146 3186 3201 scopum
3221 3131 3556 3186 destinatum

270 3223 390 3286 τοῖς
423 3221 483 3274 δὲ
525 3219 839 3292 ἔμπροσθεν
887 3219 1356 3290 ἐπεκτεινόμενος,
1386 3217 1528 3272 κατὰ
1561 3217 1762 3272 σκοπὸν
1789 3216 1870 3270 δι-

272 3313 409 3366 ώκω
425 3312 472 3344 “
497 3313 580 3376 εἰς
601 3312 663 3365 τὸ
698 3311 953 3384 βραϐεῖον
975 3311 1075 3382 τῆς
1098 3313 1211 3366 ἂνω
1238 3312 1487 3383 κλήσεως
1511 3309 1606 3365 τοῦ
1635 3309 1772 3365 Θεοῦ
1809 3311 1869 3363 ἐν

272 3401 506 3474 Χριστῷ
537 3401 901 3474 ’1ησοῦ.⁴’οσοι
933 3397 1027 3456 οὗν
1052 3399 1274 3469 τέλειοι,
1308 3401 1469 3456 τοῦτο
1502 3402 1808 3472 φρονῶμεν.
1843 3419 1864 3453 ι

273 3495 390 3548 Kal
438 3493 604 3549 πάλιν
621 3494 668 3526 ³³
687 3509 704 3524 ο
735 3513 754 3547 ι
776 3493 964 3567 Ἦμῶν
1012 3494 1072 3548 δὲ
1110 3493 1173 3548 τὸ
1207 3493 1505 3566 πολίτευμα
1535 3495 1594 3548 ἐν
1621 3494 1870 3565 οὐρανοῖς

272 3587 540 3660 ὑπάρχει,
572 3586 632 3652 ἐξ
671 3579 734 3641 οὗ
777 3587 873 3642 καὶ
923 3587 1161 3658 Σωτῆρα
1203 3585 1620 3658 ἀπεκδεχόμεθα
1665 3585 1872 3656 Κύριον

285 3679 521 3752 Ἰησοῦν,
546 3679 607 3744 ὃς
653 3679 1124 3751 μετασχηματίσει
1167 3679 1231 3734 τὸ
1270 3677 1432 3755 σῶμα
1474 3679 1574 3750 τῆς
1601 3676 1871 3732 ταπεινώ-

276 3789 418 3836 σεως
463 3771 626 3844 ἡμῶν
671 3773 752 3835 είς
795 3772 857 3824 τὸ
887 3770 1142 3840 γενέσθαι
1173 3769 1378 3824 adeo“
1428 3769 1753 3841 σύμμορφον
1789 3768 1870 3840 τῷ

277 3864 498 3936 σώματι
517 3863 563 3896 ³⁵
592 3867 694 3934 τῆς
720 3863 881 3934 δόξης
919 3863 1108 3918 αὑτοῦ.
1145 3883 1164 3914 ι
1196 3863 1308 3918 Καὶ
1341 3862 1503 3917 πάλιν
1525 3863 1569 3894 ³⁸
1590 3878 1604 3892 ⁸
1645 3880 1662 3913 ι
1693 3863 1871 3932 Προσ-

275 3957 561 4029 δεχόμενοι
593 3955 694 4028 τὴν
728 3955 1002 4030 μακαρίαν
1031 3946 1222 4008 ἐλπίδα
1269 3956 1364 4010 καὶ
1404 3955 1727 4024 ἐπιφάνειαν
1767 3952 1870 4024 τῆς

274 4051 436 4122 δόξης
487 4049 653 4122 236
697 4048 790 4102 τοῦ
843 4049 1079 4120 μεγάλου
1123 4047 1260 4102 Θεοῦ
1294 4049 1390 4102 καὶ
1416 4048 1668 4119 Σωτῆρος
1711 4045 1871 4118 ἡμῶν

291 4142 470 4214 Ἰησοῦ
504 4141 772 4214 Χριστοῦ.
805 4162 825 4195 ι
864 4144 974 4196 Kal
1021 4142 1183 4196 πάλιν
1201 4142 1244 4175 ⁸⁷
1265 4159 1280 4172 ’
1319 4160 1337 4193 ι
1371 4143 1434 4195 El
1465 4139 1560 4195 οὖν
1602 4140 1870 4212 συνηγέρ-

278 4232 410 4302 θητε
440 4229 520 4302 τῷ
549 4231 796 4302 Χριστῷ,
820 4231 891 4285 τὰ
919 4231 1031 4286 ἄνω
1061 4231 1295 4302 ζητεῖτε,
1317 4224 1379 4284 οὗ
1407 4234 1436 4285 ὁ
1465 4230 1701 4303 Χριστός
1721 4231 1870 4283 ἐστιν

277 4325 334 4376 ἐν
361 4323 517 4394 δεξιᾷ
563 4322 658 4377 τοῦ
688 4323 825 4376 Θεοῦ
871 4322 1182 4394 καθήμενος
1205 4339 1218 4353 ·
1248 4322 1319 4376 τὰ
1350 4322 1462 4376 ἄνω
1491 4323 1762 4392 φρονεῖτε,
1794 4319 1870 4391 μὴ

279 4414 347 4469 τὰ
394 4415 490 4468 ἐπὶ
535 4417 636 4484 τῆς
673 4415 799 4486 γῆς.
832 4433 851 4466 ι
903 4416 1015 4468 Καὶ
1047 4413 1210 4468 πάλιν
1230 4414 1273 4444 ³⁸
1295 4429 1308 4444 ο
1345 4431 1364 4462 ι
1396 4411 1568 4465 Τοῦτο
1597 4411 1706 4482 γὰρ
1739 4411 1868 4480 ὑμῖν

1973 3244 2274 3302 persequor
2307 3227 2374 3282 ad
2417 3226 2668 3283 bravium
2708 3240 2962 3295 supernae
3002 3224 3309 3279 vocationis
3357 3222 3452 3279 Dei
3501 3223 3560 3278 in

1971 3319 2193 3374 Christo
2228 3317 2382 3372 Jesu.
2409 3315 2734 3385 Quicunque
2764 3329 2895 3384 ergo
2924 3328 3116 3369 sumus
3157 3312 3411 3384 perfecti,
3455 3312 3562 3368 hoc

1973 3409 2296 3467 sentiamus.
2335 3427 2354 3460 ι
2387 3408 2452 3463 Et
2489 3421 2707 3462 rursum
2753 3423 2766 3459 :
2805 3425 2823 3458 ι
2875 3404 3068 3459 Nostra
3101 3413 3288 3458 autem
3320 3419 3562 3458 conver-

1972 3503 2110 3558 satio
2141 3503 2198 3556 in
2223 3500 2374 3557 caelis
2399 3508 2502 3566 est,
2537 3499 2682 3554 unde
2709 3497 2876 3553 etiam
2906 3496 3244 3553 Salvatorem
3271 3504 3562 3567 exspecta-

1971 3611 2096 3652 mus
2118 3577 2409 3650 Dominum
2439 3593 2650 3658 Iesum,
2677 3591 2769 3662 qui
2803 3591 3123 3646 reformabit
3153 3605 3354 3660 corpus
3377 3591 3563 3645 humi-

1970 3686 2142 3742 litatis
2167 3695 2372 3740 nostrae
2397 3684 2801 3756 conﬁguratum
2829 3682 3045 3751 corpori
3069 3682 3338 3738 claritatis
3361 3697 3497 3737 suae.
3537 3703 3556 3734 ι

1972 3777 2256 3833 Etiterum
2286 3793 2298 3828 :
2347 3795 2367 3827 ι
2399 3773 2794 3844 Exspcctautes
2825 3773 3040 3828 beatam
3065 3788 3239 3842 spem,
3271 3782 3326 3828 et
3349 3773 3563 3828 revela-

1973 3870 2179 3924 tionem
2214 3866 2398 3938 gloriae
2421 3865 2599 3934 magni
2637 3863 2754 3930 Dei,
2780 3872 2837 3917 et
2875 3861 3174 3917 Salvatoris
3218 3862 3400 3928 nostri
3428 3861 3563 3917 Jesu

1971 3958 2198 4014 Christi.
2251 3976 2270 4008 ι
2323 3957 2392 4010 Et
2439 3970 2657 4011 rursum
2701 3972 2715 4009 :
2771 3973 2790 4006 ι
2847 3953 2904 4008 Si
2949 3970 3080 4025 ergo
3128 3956 3565 4010 consurrexistis

1971 4066 2095 4106 cum
2121 4047 2338 4104 Christo
2363 4061 2483 4118 qua
2503 4061 2719 4100 sursum
2746 4054 2875 4100 sunt
2899 4045 3145 4116 quatrite,
3173 4045 3266 4099 ubi
3301 4045 3564 4101 Christus
3640 4077 3649 4084 -

1971 4141 2132 4196 estin
2157 4142 2382 4196 dextera
2413 4139 2508 4194 Dei
2528 4139 2764 4218 sedens,
2797 4155 2919 4208 qua:
2948 4153 3166 4192 sursum
3200 4147 3330 4192 sunt
3364 4139 3561 4209 sapite,

1971 4250 2083 4289 non
2107 4250 2227 4303 qua!
2252 4249 2418 4303 super
2457 4241 2676 4286 terram.
2721 4235 2744 4284 ί
2775 4231 2841 4286 Et
2872 4231 2980 4284 alio
3015 4228 3140 4285 loco
3177 4249 3188 4284 :
3221 4249 3239 4280 ι
3273 4228 3387 4284 lloc
3415 4230 3561 4284 enim

1971 4325 2130 4380 vobis
2159 4324 2392 4379 dicimus
2423 4323 2480 4376 in
2512 4323 2684 4377 verbo
2715 4321 2962 4386 Domini,
2993 4323 3139 4392 quod
3176 4337 3276 4376 nos
3298 4321 3394 4390 qui
3424 4321 3562 4376 vivi-

1973 4433 2115 4479 mus,
2147 4417 2241 4486 qui
2277 4414 2480 4469 residui
2515 4429 2708 4470 sumus
2732 4413 2788 4467 in
2835 4414 3130 4468 adventum
3185 4412 3423 4476 Domini,
3450 4428 3560 4466 non
3599 4454 3609 4464 .

278 4505 514 4577 λέγομεν
540 4507 599 4560 ἐν
621 4507 767 4578 λόγῳ
794 4507 1022 4592 Κυρίου,
1048 4508 1130 4560 ὅτι
1159 4509 1320 4578 ἡμεῖς
1343 4507 1392 4559 οἱ
1415 4506 1618 4571 ζῶντες
1642 4507 1692 4558 οἱ
1717 4522 1866 4575 περι-

1974 4506 2370 4579 ρτεενεηὶειιιυε
2415 4521 2510 4560 eos
2556 4505 2652 4574 qui
2699 4503 3062 4558 dormierunt.
3107 4501 3379 4567 Quoniam
3445 4502 3563 4570 ipse

279 4599 593 4670 λειπόμενοι
637 4601 718 4663 είς
767 4599 867 4670 τὴν
911 4599 1216 4670 παρουσίαν
1267 4598 1362 4652 τοῦ
1417 4598 1647 4670 Κυρίου,
1677 4598 1739 4651 ού
1795 4598 1870 4668 μὴ

279 4690 566 4760 φθάσομεν
595 4690 722 4752 τοὺς
751 4688 1136 4760 κοιμηθέντας,
1165 4689 1249 4742 ὅτι
1275 4689 1438 4752 αὐτὸς
1469 4689 1555 4740 ό⁸⁹
1587 4689 1792 4761 Κύριος
1814 4689 1872 4740 ἐν

280 4783 638 4854 κελεύσματι,
684 4782 744 4834 έν
795 4783 948 4852 φωνῇ
1003 4779 1346 4852 ἀρχαγγέλου
1395 4780 1492 4834 καὶ
1525 4784 1582 4834 ἐν
1610 4780 1872 4848 σάλπιγγι

279 4875 417 4930 Θεοῦ
470 4874 843 4942 καταϐήσεται
883 4873 992 4928 ἀπὸ
1037 4872 1292 4944 ούρανοῦ,
1328 4873 1424 4926 καὶ
1476 4873 1525 4926 οἱ
1576 4874 1758 4943 νεκροὶ
1813 4873 1873 4925 ἐν

280 4967 507 5040 Χριστῷ
552 4967 942 5038 ἐγερθήσονται
969 4967 1206 5037 πρῶτον,
1236 4965 1428 5018 ἔπειτα
1459 4966 1620 5036 ἡμεῖς
1647 4967 1696 5018 οἱ
1730 4964 1872 5029 ζῶν-

278 5078 370 5126 τες
399 5063 452 5114 οἱ
481 5059 929 5131 περιλειπόμενοι
970 5059 1087 5130 ἆμα
1131 5060 1316 5134 αὐτοῖς
1347 5059 1788 5130 ἁρπαγησόμεθα
1815 5061 1873 5115 ἐν

1975 4599 2238 4655 Dominus
2268 4599 2322 4653 in
2353 4599 2536 4669 jussu,
2565 4598 2622 4651 in
2653 4612 2787 4651 voce
2828 4595 3165 4664 archangeli,
3219 4594 3272 4646 in
3304 4593 3433 4647 tuba
3468 4591 3564 4646 Dei

1971 4691 2269 4746 descendet
2295 4690 2364 4744 de
2395 4690 2554 4753 caelo,
2591 4697 2648 4744 et
2690 4687 2780 4758 qui
2826 4686 3033 4742 mortui
3068 4686 3120 4740 in
3151 4685 3378 4740 Christo
3411 4694 3562 4750 sunt,

1971 4791 2264 4852 exsurgcnt
2295 4780 2556 4850 primum,
2607 4779 2807 4834 deinde
2856 4794 2976 4842 nos,
3031 4777 3123 4848 qui
3167 4777 3426 4840 vivimus.
3472 4779 3565 4847 qui

1974 4871 2355 4940 relinquimur,
2385 4869 2548 4925 simul
2565 4884 2689 4924 cum
2721 4867 2853 4938 ipsis
2884 4869 3160 4938 rapientur
3189 4867 3244 4920 in
3284 4867 3479 4931 nubes,
3513 4868 3566 4920 in

1973 4978 2263 5019 occursum
2299 4960 2514 5016 Domini
2557 4959 2611 5014 in
2653 4975 2801 5020 aera,
2831 4967 2887 5013 et
2927 4959 3008 5014 sic
3039 4974 3260 5030 semper
3297 4975 3424 5014 cum
3459 4961 3562 5014 Do-

1973 5057 2124 5113 mino
2153 5056 2384 5112 erimus.
2416 5037 2606 5125 Itaque
2635 5053 3000 5108 consolamini
3025 5052 3263 5109 invicem
3297 5051 3353 5107 in
3391 5052 3568 5108 verbis

1585 5243 1820 5300 VARUE
1854 5241 2266 5299 LECTIONES.

345 5404 387 5436 “'
410 5403 676 5478 ἐδόθημεν
817 5404 878 5478 :9
908 5402 1542 5478 μνέημονεύιςωμενιδν,Δ⁸
1585 5406 1630 5436 ⁸ο
1657 5405 1867 5478 πρώτῃ.
1894 5422 1982 5470 xv,
2015 5405 2135 5478 I9.”
2162 5405 2205 5436 "
2228 5403 2309 5478 τί.
2335 5403 2479 5478 ref.

451 5475 497 5506 “
521 5473 786 5538 ἐπιδεῖξαι
817 5473 876 5528 Ρ.
911 5473 920 5476 ⁷
952 5477 998 5507 ³⁵
1026 5473 1212 5530 πάλιν.
1253 5473 1307 5538 Χ,
1333 5477 1424 5531 51.
1499 5475 1545 5507 ²⁶
1575 5473 1759 5530 πάλιν.
1794 5473 1892 5540 xli,
1922 5478 2012 5530 ‘28.
2089 5476 2135 5507 ³⁷
2167 5475 2352 5528 πάλιν.
2391 5473 2557 5529 Hebr.
2597 5473 2720 5539 xm,
2751 5474 2836 5528 M.

455 5547 501 5578 ’³
535 5546 717 5600 πάλιν.
749 5544 767 5598 l
804 5546 932 5599 Cor.
965 5562 1061 5602 vlt.
1091 5546 1181 5600 51.
1287 5546 1332 5577 ³ο
1361 5545 1545 5600 πάλιν.
1573 5547 1590 5600 1
1623 5547 1870 5602 Timoth.
1907 5562 1982 5602 Iv.
2012 5547 2066 5600 8.
2208 5546 2251 5576 ³¹
2286 5544 2470 5598 πάλιν.
2511 5545 2747 5602 Philipp.
2783 5560 2836 5597 ιιι

285 5477 374 5530 l7.
451 5477 497 5506 “
521 5477 786 5538 ἐπιδεῖξαι
817 5477 876 5528 Ρ.
952 5477 998 5507 ³⁵
1029 5477 1181 5527 πάλιι

283 5547 345 5601 1³.
455 5547 501 5578 ’³
535 5546 717 5600 πάλιν.
749 5544 767 5598 l
804 5546 932 5599 Cor.
965 5562 1061 5612 vlt,
1091 5546 1181 5600 5|.

2557 5404 2604 5434 "
2630 5401 2870 5475 κρείττω
2898 5401 2983 5475 V._
3038 5398 3274 5475 ’³φησί.
3304 5398 3473 5475 llebr.
3507 5415 3562 5458 ν.

2941 5471 2986 5504 ³⁸
3017 5471 3115 5525 καὶ
3139 5470 3212 5511 -ὲ-
3236 5470 3426 5522 τούτου
3457 5484 3567 5523 om.

2208 5546 2251 5576 ³¹
2286 5544 2470 5598 πάλιν.
2511 5537 2747 5614 Philipp.
2783 5560 2866 5609 ιιι,
2899 5543 2984 5597 l3.
3081 5541 3130 5614 ξ’
3157 5537 3371 5614 διόξξιῳν
3401 5539 3465 5591 “-

284 5618 330 5650 ³³
364 5616 548 5671 πάλιν.
579 5617 668 5670 ‘20.
747 5615 789 5686 ἓξ
813 5616 962 5686 αὐτῷ
997 5589 1061 5670 li:
1139 5617 1183 5648 ³⁵
1219 5615 1296 5685 τῷ
1328 5615 1543 5685 σώματι
1576 5634 1686 5672 om.
1719 5589 2066 5685 l’,.addil,n‘t’.'
2100 5615 2190 5670 R.’
2243 5617 2288 5649 ³⁸
2317 5617 2500 5672 πάλιν.
2538 5589 2734 5680 Titini,
2774 5589 2866 5669 15.⁷
2948 5614 2992 5646 ³⁷
3023 5611 3202 5666 πάλιν.
3235 5610 3445 5665 Coloss.
3483 5625 3567 5676 ut,

285 5690 339 5743 1.
404 5689 462 5734 -³⁸
486 5688 668 5742 πάλιν.
695 5687 713 5742 l
737 5685 1032 5752 Thcssz,
1069 5687 1153 5742 13.
1233 5690 1275 5719 ³⁹
1301 5690 1326 5741 ὁ
1354 5705 1460 5742 υηι.
1491 5688 1548 5742 l’.
