  <div class='ocr_page' id='page_1' title='image "/cluster/home/n/w/nwhite01/storage/ocr_20150623/92/coo.31924054869965/301.png"; bbox 0 0 3948 6478; ppageno 0'>
   <div class='ocr_carea' id='block_1_1' title="bbox 511 343 618 407">
    <p class='ocr_par' dir='ltr' id='par_1_1' title="bbox 511 343 618 407">
     <span class='ocr_line' id='line_1_1' title="bbox 511 343 618 407; baseline 0 -1"><span class='ocrx_word' id='word_1_1' title='bbox 511 343 618 407; x_wconf 68' lang='grc' dir='ltr'><strong>ξιἹῦ</strong></span> 
     </span>
    </p>
   </div>
   <div class='ocr_carea' id='block_1_2' title="bbox 1714 289 3769 416">
    <p class='ocr_par' dir='ltr' id='par_1_2' title="bbox 1714 289 3769 416">
     <span class='ocr_line' id='line_1_2' title="bbox 1714 289 3769 416; baseline 0 -13"><span class='ocrx_word' id='word_1_2' title='bbox 1714 332 2154 402; x_wconf 81' lang='lat' dir='ltr'><strong>CHRONICON</strong></span> <span class='ocrx_word' id='word_1_3' title='bbox 2189 333 2602 396; x_wconf 76' lang='lat' dir='ltr'><strong>PASCHALE.</strong></span> <span class='ocrx_word' id='word_1_4' title='bbox 3123 301 3126 303; x_wconf 61' lang='grc'><strong>’</strong></span> <span class='ocrx_word' id='word_1_5' title='bbox 3443 313 3448 318; x_wconf 82' lang='grc'><em>’</em></span> <span class='ocrx_word' id='word_1_6' title='bbox 3675 347 3769 416; x_wconf 71' lang='lat'><strong>575</strong></span> 
     </span>
    </p>
   </div>
   <div class='ocr_carea' id='block_1_3' title="bbox 510 441 2110 529">
    <p class='ocr_par' dir='ltr' id='par_1_3' title="bbox 510 451 2106 524">
     <span class='ocr_line' id='line_1_3' title="bbox 510 451 2106 524; baseline -0.004 -14"><span class='ocrx_word' id='word_1_7' title='bbox 510 468 707 510; x_wconf 88' lang='lat' dir='ltr'><strong>omnes</strong></span> <span class='ocrx_word' id='word_1_8' title='bbox 743 453 1047 524; x_wconf 66' lang='lat' dir='ltr'><strong>prophetae,</strong></span> <span class='ocrx_word' id='word_1_9' title='bbox 1081 458 1138 508; x_wconf 87' lang='lat' dir='ltr'><strong>et</strong></span> <span class='ocrx_word' id='word_1_10' title='bbox 1179 453 1463 509; x_wconf 86' lang='lat' dir='ltr'><strong>hominum</strong></span> <span class='ocrx_word' id='word_1_11' title='bbox 1495 451 1852 522; x_wconf 78' lang='lat' dir='ltr'><strong>antiquiores,</strong></span> <span class='ocrx_word' id='word_1_12' title='bbox 1904 451 1972 506; x_wconf 90' lang='lat' dir='ltr'><strong>de</strong></span> <span class='ocrx_word' id='word_1_13' title='bbox 2009 455 2106 522; x_wconf 84' lang='lat' dir='ltr'><strong>&#39;ge-</strong></span> 
     </span>
    </p>
   </div>
   <div class='ocr_carea' id='block_1_4' title="bbox 2214 441 3759 529">
    <p class='ocr_par' dir='ltr' id='par_1_4' title="bbox 2215 441 3759 529">
     <span class='ocr_line' id='line_1_4' title="bbox 2215 441 3759 529; baseline 0.005 -34"><span class='ocrx_word' id='word_1_14' title='bbox 2215 442 2311 496; x_wconf 81' lang='grc' dir='ltr'>καὶ</span> <span class='ocrx_word' id='word_1_15' title='bbox 2349 443 2608 511; x_wconf 82' lang='grc' dir='ltr'>γενέσθαι</span> <span class='ocrx_word' id='word_1_16' title='bbox 2636 441 2976 516; x_wconf 83' lang='grc' dir='ltr'><strong>ἀφθάρτους,</strong></span> <span class='ocrx_word' id='word_1_17' title='bbox 3005 445 3102 500; x_wconf 81' lang='grc' dir='ltr'>καὶ</span> <span class='ocrx_word' id='word_1_18' title='bbox 3143 444 3464 514; x_wconf 78' lang='grc' dir='ltr'><strong>ἀθανάτους,</strong></span> <span class='ocrx_word' id='word_1_19' title='bbox 3491 450 3583 506; x_wconf 51' lang='grc' dir='ltr'><strong>καὶ⁸</strong></span> <span class='ocrx_word' id='word_1_20' title='bbox 3618 455 3759 529; x_wconf 74' lang='grc' dir='ltr'>ἀτρι..</span> 
     </span>
    </p>
   </div>
   <div class='ocr_carea' id='block_1_5' title="bbox 514 541 2107 614">
    <p class='ocr_par' dir='ltr' id='par_1_5' title="bbox 514 541 2107 614">
     <span class='ocr_line' id='line_1_5' title="bbox 514 541 2107 614; baseline -0.003 -14"><span class='ocrx_word' id='word_1_21' title='bbox 514 546 668 600; x_wconf 91' lang='lat' dir='ltr'><strong>mino</strong></span> <span class='ocrx_word' id='word_1_22' title='bbox 711 545 819 600; x_wconf 90' lang='lat' dir='ltr'><strong>hoc</strong></span> <span class='ocrx_word' id='word_1_23' title='bbox 868 552 1011 599; x_wconf 82' lang='lat' dir='ltr'><strong>Statu</strong></span> <span class='ocrx_word' id='word_1_24' title='bbox 1056 543 1323 600; x_wconf 76' lang='lat' dir='ltr'><strong>duntaxat</strong></span> <span class='ocrx_word' id='word_1_25' title='bbox 1360 544 1656 614; x_wconf 89' lang='lat' dir='ltr'><strong>loquuntur</strong></span> <span class='ocrx_word' id='word_1_26' title='bbox 1681 586 1700 610; x_wconf 92' lang='lat'><strong>,</strong></span> <span class='ocrx_word' id='word_1_27' title='bbox 1741 557 1846 598; x_wconf 90' lang='lat' dir='ltr'><strong>nec</strong></span> <span class='ocrx_word' id='word_1_28' title='bbox 1879 541 2107 597; x_wconf 76' lang='lat' dir='ltr'><strong>alterius</strong></span> 
     </span>
    </p>
   </div>
   <div class='ocr_carea' id='block_1_6' title="bbox 509 631 2107 702">
    <p class='ocr_par' dir='ltr' id='par_1_6' title="bbox 509 631 2107 702">
     <span class='ocr_line' id='line_1_6' title="bbox 509 631 2107 702; baseline -0.004 -10"><span class='ocrx_word' id='word_1_29' title='bbox 509 636 842 702; x_wconf 85' lang='lat' dir='ltr'><strong>meminere,</strong></span> <span class='ocrx_word' id='word_1_30' title='bbox 897 633 993 690; x_wconf 89' lang='lat' dir='ltr'><strong>sed</strong></span> <span class='ocrx_word' id='word_1_31' title='bbox 1035 635 1136 690; x_wconf 91' lang='lat' dir='ltr'><strong>hos</strong></span> <span class='ocrx_word' id='word_1_32' title='bbox 1177 635 1316 690; x_wconf 89' lang='lat' dir='ltr'><strong>duos</strong></span> <span class='ocrx_word' id='word_1_33' title='bbox 1364 642 1575 690; x_wconf 92' lang='lat' dir='ltr'><strong>tantum</strong></span> <span class='ocrx_word' id='word_1_34' title='bbox 1627 642 1801 688; x_wconf 87' lang='lat' dir='ltr'><strong>status</strong></span> <span class='ocrx_word' id='word_1_35' title='bbox 1838 631 2107 702; x_wconf 60' lang='lat' dir='ltr'><strong>praedica-</strong></span> 
     </span>
    </p>
   </div>
   <div class='ocr_carea' id='block_1_7' title="bbox 513 723 2108 798">
    <p class='ocr_par' dir='ltr' id='par_1_7' title="bbox 513 723 2108 798">
     <span class='ocr_line' id='line_1_7' title="bbox 513 723 2108 798; baseline -0.004 -15"><span class='ocrx_word' id='word_1_36' title='bbox 513 739 661 798; x_wconf 88' lang='lat' dir='ltr'><strong>runt,</strong></span> <span class='ocrx_word' id='word_1_37' title='bbox 702 743 766 784; x_wconf 89' lang='lat' dir='ltr'><strong>ac</strong></span> <span class='ocrx_word' id='word_1_38' title='bbox 797 727 867 784; x_wconf 88' lang='lat' dir='ltr'><strong>de</strong></span> <span class='ocrx_word' id='word_1_39' title='bbox 900 727 966 782; x_wconf 89' lang='lat' dir='ltr'><strong>iis</strong></span> <span class='ocrx_word' id='word_1_40' title='bbox 1013 727 1372 798; x_wconf 87' lang='lat' dir='ltr'><strong>scripserunt.</strong></span> <span class='ocrx_word' id='word_1_41' title='bbox 1406 726 1596 795; x_wconf 85' lang='lat' dir='ltr'><strong>Neque</strong></span> <span class='ocrx_word' id='word_1_42' title='bbox 1627 725 1662 779; x_wconf 90' lang='lat' dir='ltr'><strong>ii</strong></span> <span class='ocrx_word' id='word_1_43' title='bbox 1702 725 1888 788; x_wconf 87' lang='lat' dir='ltr'><strong>modo,</strong></span> <span class='ocrx_word' id='word_1_44' title='bbox 1921 723 2018 778; x_wconf 87' lang='lat' dir='ltr'><strong>sed</strong></span> <span class='ocrx_word' id='word_1_45' title='bbox 2052 730 2108 777; x_wconf 89' lang='lat' dir='ltr'><strong>et</strong></span> 
     </span>
    </p>
   </div>
   <div class='ocr_carea' id='block_1_8' title="bbox 513 819 2108 890">
    <p class='ocr_par' dir='ltr' id='par_1_8' title="bbox 513 819 2108 890">
     <span class='ocr_line' id='line_1_8' title="bbox 513 819 2108 890; baseline -0.003 -13"><span class='ocrx_word' id='word_1_46' title='bbox 513 822 798 887; x_wconf 88' lang='lat' dir='ltr'><strong>Dominus,</strong></span> <span class='ocrx_word' id='word_1_47' title='bbox 825 823 953 878; x_wconf 90' lang='lat' dir='ltr'><strong>dum</strong></span> <span class='ocrx_word' id='word_1_48' title='bbox 985 824 1038 877; x_wconf 91' lang='lat' dir='ltr'><strong>in</strong></span> <span class='ocrx_word' id='word_1_49' title='bbox 1073 823 1280 880; x_wconf 92' lang='lat' dir='ltr'><strong>mundo</strong></span> <span class='ocrx_word' id='word_1_50' title='bbox 1308 831 1637 887; x_wconf 81' lang='lat' dir='ltr'><strong>versaretur,</strong></span> <span class='ocrx_word' id='word_1_51' title='bbox 1675 821 1904 890; x_wconf 84' lang='lat' dir='ltr'><strong>ejusque</strong></span> <span class='ocrx_word' id='word_1_52' title='bbox 1938 819 2108 873; x_wconf 86' lang='lat' dir='ltr'><strong>disci-</strong></span> 
     </span>
    </p>
   </div>
   <div class='ocr_carea' id='block_1_9' title="bbox 511 906 2105 985">
    <p class='ocr_par' dir='ltr' id='par_1_9' title="bbox 511 906 2105 985">
     <span class='ocr_line' id='line_1_9' title="bbox 511 906 2105 985; baseline -0.006 -16"><span class='ocrx_word' id='word_1_53' title='bbox 511 914 648 985; x_wconf 83' lang='lat' dir='ltr'><strong>puli,</strong></span> <span class='ocrx_word' id='word_1_54' title='bbox 675 915 1016 985; x_wconf 74' lang='lat' dir='ltr'><strong>evangelistze</strong></span> <span class='ocrx_word' id='word_1_55' title='bbox 1044 921 1100 968; x_wconf 85' lang='lat' dir='ltr'><strong>et</strong></span> <span class='ocrx_word' id='word_1_56' title='bbox 1142 913 1407 984; x_wconf 81' lang='lat' dir='ltr'><strong>apostoli,</strong></span> <span class='ocrx_word' id='word_1_57' title='bbox 1465 911 1602 964; x_wconf 86' lang='lat' dir='ltr'><strong>nihil</strong></span> <span class='ocrx_word' id='word_1_58' title='bbox 1653 908 1798 964; x_wconf 83' lang='lat' dir='ltr'><strong>aliud</strong></span> <span class='ocrx_word' id='word_1_59' title='bbox 1840 906 2105 978; x_wconf 54' lang='lat' dir='ltr'><strong>praedicam</strong></span> 
     </span>
    </p>
   </div>
   <div class='ocr_carea' id='block_1_10' title="bbox 514 997 2106 1076">
    <p class='ocr_par' dir='ltr' id='par_1_10' title="bbox 514 997 2106 1076">
     <span class='ocr_line' id='line_1_10' title="bbox 514 997 2106 1076; baseline -0.007 -16"><span class='ocrx_word' id='word_1_60' title='bbox 514 1014 664 1070; x_wconf 84' lang='lat' dir='ltr'><strong>runt,</strong></span> <span class='ocrx_word' id='word_1_61' title='bbox 693 1020 855 1076; x_wconf 91' lang='lat' dir='ltr'><strong>quam</strong></span> <span class='ocrx_word' id='word_1_62' title='bbox 887 1005 1046 1058; x_wconf 91' lang='lat' dir='ltr'><strong>binos</strong></span> <span class='ocrx_word' id='word_1_63' title='bbox 1075 1005 1208 1060; x_wconf 89' lang='lat' dir='ltr'><strong>istos</strong></span> <span class='ocrx_word' id='word_1_64' title='bbox 1239 1003 1492 1071; x_wconf 82' lang='lat' dir='ltr'><strong>solosque</strong></span> <span class='ocrx_word' id='word_1_65' title='bbox 1517 1009 1714 1056; x_wconf 88' lang='lat' dir='ltr'><strong>status.</strong></span> <span class='ocrx_word' id='word_1_66' title='bbox 1743 997 1945 1068; x_wconf 85' lang='lat' dir='ltr'><strong>Ecquis</strong></span> <span class='ocrx_word' id='word_1_67' title='bbox 1975 1012 2106 1066; x_wconf 88' lang='lat' dir='ltr'><strong>ergo</strong></span> 
     </span>
    </p>
   </div>
   <div class='ocr_carea' id='block_1_11' title="bbox 511 1094 2106 1165">
    <p class='ocr_par' dir='ltr' id='par_1_11' title="bbox 511 1094 2106 1165">
     <span class='ocr_line' id='line_1_11' title="bbox 511 1094 2106 1165; baseline -0.005 -15"><span class='ocrx_word' id='word_1_68' title='bbox 511 1095 773 1165; x_wconf 86' lang='lat' dir='ltr'><strong>deinceps</strong></span> <span class='ocrx_word' id='word_1_69' title='bbox 813 1095 918 1150; x_wconf 89' lang='lat' dir='ltr'><strong>ﬁde</strong></span> <span class='ocrx_word' id='word_1_70' title='bbox 945 1105 1146 1159; x_wconf 84' lang='lat' dir='ltr'><strong>careat,</strong></span> <span class='ocrx_word' id='word_1_71' title='bbox 1185 1094 1412 1162; x_wconf 82' lang='lat' dir='ltr'><strong>haecque</strong></span> <span class='ocrx_word' id='word_1_72' title='bbox 1452 1106 1574 1147; x_wconf 90' lang='lat' dir='ltr'><strong>esse</strong></span> <span class='ocrx_word' id='word_1_73' title='bbox 1619 1106 1749 1146; x_wconf 86' lang='lat' dir='ltr'><strong>vera</strong></span> <span class='ocrx_word' id='word_1_74' title='bbox 1789 1105 1902 1155; x_wconf 82' lang='lat' dir='ltr'><strong>npn</strong></span> <span class='ocrx_word' id='word_1_75' title='bbox 1935 1101 2106 1158; x_wconf 84' lang='lat' dir='ltr'><strong>agno-</strong></span> 
     </span>
    </p>
   </div>
   <div class='ocr_carea' id='block_1_12' title="bbox 514 1183 2104 1259">
    <p class='ocr_par' dir='ltr' id='par_1_12' title="bbox 514 1183 2104 1259">
     <span class='ocr_line' id='line_1_12' title="bbox 514 1183 2104 1259; baseline -0.004 -18"><span class='ocrx_word' id='word_1_76' title='bbox 514 1186 668 1241; x_wconf 87' lang='lat' dir='ltr'><strong>seat?</strong></span> <span class='ocrx_word' id='word_1_77' title='bbox 688 1186 821 1253; x_wconf 84' lang='lat' dir='ltr'><strong>Quis</strong></span> <span class='ocrx_word' id='word_1_78' title='bbox 836 1203 946 1240; x_wconf 91' lang='lat' dir='ltr'><strong>non</strong></span> <span class='ocrx_word' id='word_1_79' title='bbox 968 1195 1282 1240; x_wconf 85' lang='lat' dir='ltr'><strong>revereatur</strong></span> <span class='ocrx_word' id='word_1_80' title='bbox 1306 1193 1512 1240; x_wconf 86' lang='lat' dir='ltr'><strong>tantam</strong></span> <span class='ocrx_word' id='word_1_81' title='bbox 1534 1183 1951 1259; x_wconf 70' lang='lat' dir='ltr'><strong>praedictionum</strong></span> <span class='ocrx_word' id='word_1_82' title='bbox 1975 1195 2104 1250; x_wconf 92' lang='lat' dir='ltr'><strong>pro-</strong></span> 
     </span>
    </p>
   </div>
   <div class='ocr_carea' id='block_1_13' title="bbox 514 1275 2104 1349">
    <p class='ocr_par' dir='ltr' id='par_1_13' title="bbox 514 1275 2104 1349">
     <span class='ocr_line' id='line_1_13' title="bbox 514 1275 2104 1349; baseline -0.004 -15"><span class='ocrx_word' id='word_1_83' title='bbox 514 1280 803 1349; x_wconf 86' lang='lat' dir='ltr'><strong>phetarum</strong></span> <span class='ocrx_word' id='word_1_84' title='bbox 856 1278 1070 1332; x_wconf 86' lang='lat' dir='ltr'><strong>turbam</strong></span> <span class='ocrx_word' id='word_1_85' title='bbox 1111 1292 1410 1347; x_wconf 86' lang='lat' dir='ltr'><strong>earumque</strong></span> <span class='ocrx_word' id='word_1_86' title='bbox 1441 1276 1694 1332; x_wconf 85' lang='lat' dir='ltr'><strong>eventus?</strong></span> <span class='ocrx_word' id='word_1_87' title='bbox 1749 1275 1843 1330; x_wconf 84' lang='lat' dir='ltr'><strong>sed</strong></span> <span class='ocrx_word' id='word_1_88' title='bbox 1887 1283 1942 1329; x_wconf 88' lang='lat' dir='ltr'><strong>et</strong></span> <span class='ocrx_word' id='word_1_89' title='bbox 1986 1281 2104 1328; x_wconf 86' lang='lat' dir='ltr'><strong>tur-</strong></span> 
     </span>
    </p>
   </div>
   <div class='ocr_carea' id='block_1_14' title="bbox 514 1387 2101 1462">
    <p class='ocr_par' dir='ltr' id='par_1_14' title="bbox 514 1387 2101 1462">
     <span class='ocr_line' id='line_1_14' title="bbox 514 1387 2101 1462; baseline -0.003 -17"><span class='ocrx_word' id='word_1_90' title='bbox 514 1391 637 1445; x_wconf 85' lang='lat' dir='ltr'><strong>bam</strong></span> <span class='ocrx_word' id='word_1_91' title='bbox 713 1391 993 1462; x_wconf 88' lang='lat' dir='ltr'><strong>signorum</strong></span> <span class='ocrx_word' id='word_1_92' title='bbox 1058 1391 1469 1462; x_wconf 81' lang='lat' dir='ltr'><strong>prodigiorum,</strong></span> <span class='ocrx_word' id='word_1_93' title='bbox 1535 1405 1600 1445; x_wconf 88' lang='lat' dir='ltr'><strong>ac</strong></span> <span class='ocrx_word' id='word_1_94' title='bbox 1677 1387 2101 1451; x_wconf 85' lang='lat' dir='ltr'><strong>miraculorum,</strong></span> 
     </span>
    </p>
   </div>
   <div class='ocr_carea' id='block_1_15' title="bbox 513 1479 2100 1554">
    <p class='ocr_par' dir='ltr' id='par_1_15' title="bbox 513 1479 2100 1554">
     <span class='ocr_line' id='line_1_15' title="bbox 513 1479 2100 1554; baseline -0.004 -16"><span class='ocrx_word' id='word_1_95' title='bbox 513 1483 792 1554; x_wconf 85' lang='lat' dir='ltr'><strong>ipsiusque</strong></span> <span class='ocrx_word' id='word_1_96' title='bbox 839 1492 1152 1538; x_wconf 88' lang='lat' dir='ltr'><strong>sanctorum</strong></span> <span class='ocrx_word' id='word_1_97' title='bbox 1198 1483 1468 1548; x_wconf 88' lang='lat' dir='ltr'><strong>omnium,</strong></span> <span class='ocrx_word' id='word_1_98' title='bbox 1515 1497 1580 1536; x_wconf 86' lang='lat' dir='ltr'><strong>ac</strong></span> <span class='ocrx_word' id='word_1_99' title='bbox 1609 1480 1825 1536; x_wconf 87' lang='lat' dir='ltr'><strong>Domini</strong></span> <span class='ocrx_word' id='word_1_100' title='bbox 1875 1479 2100 1545; x_wconf 87' lang='lat' dir='ltr'><strong>Christi,</strong></span> 
     </span>
    </p>
   </div>
   <div class='ocr_carea' id='block_1_16' title="bbox 510 1569 2104 1644">
    <p class='ocr_par' dir='ltr' id='par_1_16' title="bbox 510 1569 2104 1644">
     <span class='ocr_line' id='line_1_16' title="bbox 510 1569 2104 1644; baseline -0.003 -15"><span class='ocrx_word' id='word_1_101' title='bbox 510 1582 568 1629; x_wconf 89' lang='lat' dir='ltr'><strong>et</strong></span> <span class='ocrx_word' id='word_1_102' title='bbox 611 1573 732 1643; x_wconf 88' lang='lat' dir='ltr'><strong>ejus</strong></span> <span class='ocrx_word' id='word_1_103' title='bbox 763 1573 1133 1644; x_wconf 88' lang='lat' dir='ltr'><strong>apostolorum</strong></span> <span class='ocrx_word' id='word_1_104' title='bbox 1168 1573 1294 1629; x_wconf 77' lang='lat' dir='ltr'><strong>vitae</strong></span> <span class='ocrx_word' id='word_1_105' title='bbox 1339 1573 1631 1638; x_wconf 90' lang='lat' dir='ltr'><strong>rationem,</strong></span> <span class='ocrx_word' id='word_1_106' title='bbox 1662 1572 1757 1627; x_wconf 91' lang='lat' dir='ltr'><strong>sed</strong></span> <span class='ocrx_word' id='word_1_107' title='bbox 1804 1578 1860 1626; x_wconf 89' lang='lat' dir='ltr'><strong>et</strong></span> <span class='ocrx_word' id='word_1_108' title='bbox 1901 1569 2104 1626; x_wconf 86' lang='lat' dir='ltr'><strong>veteris</strong></span> 
     </span>
    </p>
   </div>
   <div class='ocr_carea' id='block_1_17' title="bbox 511 1661 2106 1730">
    <p class='ocr_par' dir='ltr' id='par_1_17' title="bbox 511 1661 2106 1730">
     <span class='ocr_line' id='line_1_17' title="bbox 511 1661 2106 1730; baseline -0.004 -8"><span class='ocrx_word' id='word_1_109' title='bbox 511 1667 678 1722; x_wconf 89' lang='lat' dir='ltr'><strong>etiam</strong></span> <span class='ocrx_word' id='word_1_110' title='bbox 717 1682 781 1721; x_wconf 90' lang='lat' dir='ltr'><strong>ac</strong></span> <span class='ocrx_word' id='word_1_111' title='bbox 829 1667 956 1721; x_wconf 90' lang='lat' dir='ltr'><strong>novi</strong></span> <span class='ocrx_word' id='word_1_112' title='bbox 999 1665 1220 1720; x_wconf 68' lang='lat' dir='ltr'><strong>finderis</strong></span> <span class='ocrx_word' id='word_1_113' title='bbox 1263 1665 1728 1720; x_wconf 85' lang='lat' dir='ltr'><strong>consensionem?</strong></span> <span class='ocrx_word' id='word_1_114' title='bbox 1768 1662 1875 1730; x_wconf 82' lang='lat' dir='ltr'><strong>Qui</strong></span> <span class='ocrx_word' id='word_1_115' title='bbox 1927 1678 1994 1717; x_wconf 82' lang='lat' dir='ltr'><strong>ex</strong></span> <span class='ocrx_word' id='word_1_116' title='bbox 2039 1661 2106 1716; x_wconf 92' lang='lat' dir='ltr'><strong>iis</strong></span> 
     </span>
    </p>
   </div>
   <div class='ocr_carea' id='block_1_18' title="bbox 513 1753 2102 1828">
    <p class='ocr_par' dir='ltr' id='par_1_18' title="bbox 513 1753 2102 1828">
     <span class='ocr_line' id='line_1_18' title="bbox 513 1753 2102 1828; baseline -0.003 -16"><span class='ocrx_word' id='word_1_117' title='bbox 513 1757 810 1813; x_wconf 88' lang='lat' dir='ltr'><strong>rotundum</strong></span> <span class='ocrx_word' id='word_1_118' title='bbox 857 1773 978 1812; x_wconf 90' lang='lat' dir='ltr'><strong>esse</strong></span> <span class='ocrx_word' id='word_1_119' title='bbox 1026 1757 1225 1812; x_wconf 87' lang='lat' dir='ltr'><strong>coelum</strong></span> <span class='ocrx_word' id='word_1_120' title='bbox 1270 1756 1390 1812; x_wconf 90' lang='lat' dir='ltr'><strong>aliis</strong></span> <span class='ocrx_word' id='word_1_121' title='bbox 1442 1757 1732 1828; x_wconf 79' lang='lat' dir='ltr'><strong>exposuit,</strong></span> <span class='ocrx_word' id='word_1_122' title='bbox 1779 1756 1867 1811; x_wconf 87' lang='lat' dir='ltr'><strong>vel</strong></span> <span class='ocrx_word' id='word_1_123' title='bbox 1909 1753 2102 1809; x_wconf 90' lang='lat' dir='ltr'><strong>mundi</strong></span> 
     </span>
    </p>
   </div>
   <div class='ocr_carea' id='block_1_19' title="bbox 515 1847 2103 1922">
    <p class='ocr_par' dir='ltr' id='par_1_19' title="bbox 515 1847 2103 1922">
     <span class='ocr_line' id='line_1_19' title="bbox 515 1847 2103 1922; baseline -0.004 -17"><span class='ocrx_word' id='word_1_124' title='bbox 515 1850 672 1906; x_wconf 88' lang='lat' dir='ltr'><strong>istius</strong></span> <span class='ocrx_word' id='word_1_125' title='bbox 701 1848 1194 1922; x_wconf 81' lang='lat' dir='ltr'><strong>praeexsistentiam</strong></span> <span class='ocrx_word' id='word_1_126' title='bbox 1217 1847 1550 1918; x_wconf 57' lang='lat' dir='ltr'><strong>praedicavit,</strong></span> <span class='ocrx_word' id='word_1_127' title='bbox 1578 1847 1665 1902; x_wconf 88' lang='lat' dir='ltr'><strong>vel</strong></span> <span class='ocrx_word' id='word_1_128' title='bbox 1683 1855 1950 1902; x_wconf 67' lang='lat' dir='ltr'><strong>aeternum</strong></span> <span class='ocrx_word' id='word_1_129' title='bbox 1979 1859 2103 1900; x_wconf 91' lang='lat' dir='ltr'><strong>esse</strong></span> 
     </span>
    </p>
   </div>
   <div class='ocr_carea' id='block_1_20' title="bbox 513 1937 2104 2017">
    <p class='ocr_par' dir='ltr' id='par_1_20' title="bbox 513 1937 2104 2017">
     <span class='ocr_line' id='line_1_20' title="bbox 513 1937 2104 2017; baseline -0.004 -22"><span class='ocrx_word' id='word_1_130' title='bbox 513 1939 779 1995; x_wconf 89' lang='lat' dir='ltr'><strong>mundum</strong></span> <span class='ocrx_word' id='word_1_131' title='bbox 811 1937 1209 2017; x_wconf 86' lang='lat' dir='ltr'><strong>deﬁnivit,_aut</strong></span> <span class='ocrx_word' id='word_1_132' title='bbox 1230 1952 1522 2008; x_wconf 88' lang='lat' dir='ltr'><strong>corporum</strong></span> <span class='ocrx_word' id='word_1_133' title='bbox 1567 1945 1882 1992; x_wconf 89' lang='lat' dir='ltr'><strong>nostrorum</strong></span> <span class='ocrx_word' id='word_1_134' title='bbox 1918 1951 2104 1991; x_wconf 88' lang='lat' dir='ltr'><strong>resur-</strong></span> 
     </span>
    </p>
   </div>
   <div class='ocr_carea' id='block_1_21' title="bbox 516 2027 2107 2100">
    <p class='ocr_par' dir='ltr' id='par_1_21' title="bbox 516 2027 2107 2100">
     <span class='ocr_line' id='line_1_21' title="bbox 516 2027 2107 2100; baseline -0.002 -15"><span class='ocrx_word' id='word_1_135' title='bbox 516 2031 823 2087; x_wconf 87' lang='lat' dir='ltr'><strong>rectionem</strong></span> <span class='ocrx_word' id='word_1_136' title='bbox 871 2029 1220 2100; x_wconf 84' lang='lat' dir='ltr'><strong>improbavit,</strong></span> <span class='ocrx_word' id='word_1_137' title='bbox 1280 2031 1366 2085; x_wconf 90' lang='lat' dir='ltr'><strong>vel</strong></span> <span class='ocrx_word' id='word_1_138' title='bbox 1419 2029 1622 2084; x_wconf 87' lang='lat' dir='ltr'><strong>Christi</strong></span> <span class='ocrx_word' id='word_1_139' title='bbox 1669 2027 2107 2085; x_wconf 86' lang='lat' dir='ltr'><strong>incarnationem</strong></span> 
     </span>
    </p>
   </div>
   <div class='ocr_carea' id='block_1_22' title="bbox 513 2119 2108 2191">
    <p class='ocr_par' dir='ltr' id='par_1_22' title="bbox 513 2119 2108 2191">
     <span class='ocr_line' id='line_1_22' title="bbox 513 2119 2108 2191; baseline -0.003 -14"><span class='ocrx_word' id='word_1_140' title='bbox 513 2131 801 2191; x_wconf 86' lang='lat' dir='ltr'><strong>actamque</strong></span> <span class='ocrx_word' id='word_1_141' title='bbox 843 2121 899 2176; x_wconf 91' lang='lat' dir='ltr'><strong>in</strong></span> <span class='ocrx_word' id='word_1_142' title='bbox 945 2121 1150 2176; x_wconf 91' lang='lat' dir='ltr'><strong>mundo</strong></span> <span class='ocrx_word' id='word_1_143' title='bbox 1179 2121 1369 2185; x_wconf 86' lang='lat' dir='ltr'><strong>vitam,</strong></span> <span class='ocrx_word' id='word_1_144' title='bbox 1407 2122 1663 2191; x_wconf 84' lang='lat' dir='ltr'><strong>virosque</strong></span> <span class='ocrx_word' id='word_1_145' title='bbox 1691 2120 1874 2190; x_wconf 90' lang='lat' dir='ltr'><strong>justos</strong></span> <span class='ocrx_word' id='word_1_146' title='bbox 1907 2119 2108 2174; x_wconf 71' lang='lat' dir='ltr'><strong>cmlum</strong></span> 
     </span>
    </p>
   </div>
   <div class='ocr_carea' id='block_1_23' title="bbox 514 2211 2110 2284">
    <p class='ocr_par' dir='ltr' id='par_1_23' title="bbox 514 2211 2110 2284">
     <span class='ocr_line' id='line_1_23' title="bbox 514 2211 2110 2284; baseline -0.001 -16"><span class='ocrx_word' id='word_1_147' title='bbox 514 2214 786 2284; x_wconf 85' lang='lat' dir='ltr'><strong>petituros</strong></span> <span class='ocrx_word' id='word_1_148' title='bbox 829 2213 1050 2284; x_wconf 83' lang='lat' dir='ltr'><strong>negavit</strong></span> <span class='ocrx_word' id='word_1_149' title='bbox 1083 2231 1096 2268; x_wconf 90' lang='lat'>:</span> <span class='ocrx_word' id='word_1_150' title='bbox 1144 2228 1336 2268; x_wconf 88' lang='lat' dir='ltr'><strong>verum</strong></span> <span class='ocrx_word' id='word_1_151' title='bbox 1371 2227 1482 2268; x_wconf 92' lang='lat' dir='ltr'><strong>uno</strong></span> <span class='ocrx_word' id='word_1_152' title='bbox 1517 2212 1685 2269; x_wconf 89' lang='lat' dir='ltr'><strong>veluti</strong></span> <span class='ocrx_word' id='word_1_153' title='bbox 1725 2211 1877 2268; x_wconf 89' lang='lat' dir='ltr'><strong>ducti</strong></span> <span class='ocrx_word' id='word_1_154' title='bbox 1923 2211 2110 2267; x_wconf 91' lang='lat' dir='ltr'><strong>divino</strong></span> 
     </span>
    </p>
   </div>
   <div class='ocr_carea' id='block_1_24' title="bbox 525 2303 2109 2378">
    <p class='ocr_par' dir='ltr' id='par_1_24' title="bbox 525 2303 2109 2378">
     <span class='ocr_line' id='line_1_24' title="bbox 525 2303 2109 2378; baseline -0.001 -18"><span class='ocrx_word' id='word_1_155' title='bbox 525 2305 760 2378; x_wconf 83' lang='lat' dir='ltr'><strong>Spiritu,</strong></span> <span class='ocrx_word' id='word_1_156' title='bbox 793 2306 986 2362; x_wconf 88' lang='lat' dir='ltr'><strong>eadem</strong></span> <span class='ocrx_word' id='word_1_157' title='bbox 1016 2320 1210 2362; x_wconf 90' lang='lat' dir='ltr'><strong>omnes</strong></span> <span class='ocrx_word' id='word_1_158' title='bbox 1241 2315 1357 2362; x_wconf 90' lang='lat' dir='ltr'><strong>tum</strong></span> <span class='ocrx_word' id='word_1_159' title='bbox 1389 2306 1671 2376; x_wconf 88' lang='lat' dir='ltr'><strong>operibus,</strong></span> <span class='ocrx_word' id='word_1_160' title='bbox 1699 2315 1814 2360; x_wconf 90' lang='lat' dir='ltr'><strong>tum</strong></span> <span class='ocrx_word' id='word_1_161' title='bbox 1839 2303 2109 2361; x_wconf 85' lang='lat' dir='ltr'><strong>sermoni-</strong></span> 
     </span>
    </p>
   </div>
   <div class='ocr_carea' id='block_1_25' title="bbox 517 2394 2108 2469">
    <p class='ocr_par' dir='ltr' id='par_1_25' title="bbox 517 2394 2108 2469">
     <span class='ocr_line' id='line_1_25' title="bbox 517 2394 2108 2469; baseline -0.003 -16"><span class='ocrx_word' id='word_1_162' title='bbox 517 2398 642 2463; x_wconf 88' lang='lat' dir='ltr'><strong>bus,</strong></span> <span class='ocrx_word' id='word_1_163' title='bbox 673 2397 789 2452; x_wconf 87' lang='lat' dir='ltr'><strong>sive</strong></span> <span class='ocrx_word' id='word_1_164' title='bbox 814 2395 1003 2469; x_wconf 89' lang='lat' dir='ltr'><strong>ﬁguris</strong></span> <span class='ocrx_word' id='word_1_165' title='bbox 1034 2396 1498 2466; x_wconf 72' lang='lat' dir='ltr'><strong>praenuntiarunt,</strong></span> <span class='ocrx_word' id='word_1_166' title='bbox 1531 2396 1828 2466; x_wconf 89' lang='lat' dir='ltr'><strong>cunctique</strong></span> <span class='ocrx_word' id='word_1_167' title='bbox 1857 2395 1926 2450; x_wconf 90' lang='lat' dir='ltr'><strong>ad</strong></span> <span class='ocrx_word' id='word_1_168' title='bbox 1953 2394 2108 2450; x_wconf 90' lang='lat' dir='ltr'><strong>futu-</strong></span> 
     </span>
    </p>
   </div>
   <div class='ocr_carea' id='block_1_26' title="bbox 517 2486 2107 2559">
    <p class='ocr_par' dir='ltr' id='par_1_26' title="bbox 517 2486 2107 2559">
     <span class='ocr_line' id='line_1_26' title="bbox 517 2486 2107 2559; baseline 0 -16"><span class='ocrx_word' id='word_1_169' title='bbox 517 2505 641 2543; x_wconf 90' lang='lat' dir='ltr'><strong>rum</strong></span> <span class='ocrx_word' id='word_1_170' title='bbox 681 2503 970 2558; x_wconf 80' lang='lat' dir='ltr'><strong>respexere</strong></span> <span class='ocrx_word' id='word_1_171' title='bbox 999 2495 1224 2543; x_wconf 90' lang='lat' dir='ltr'><strong>statum.</strong></span> <span class='ocrx_word' id='word_1_172' title='bbox 1264 2487 1373 2543; x_wconf 92' lang='lat' dir='ltr'><strong>Sed</strong></span> <span class='ocrx_word' id='word_1_173' title='bbox 1395 2495 1451 2544; x_wconf 91' lang='lat' dir='ltr'><strong>et</strong></span> <span class='ocrx_word' id='word_1_174' title='bbox 1478 2487 1594 2559; x_wconf 90' lang='lat' dir='ltr'><strong>ipse</strong></span> <span class='ocrx_word' id='word_1_175' title='bbox 1620 2487 1890 2543; x_wconf 89' lang='lat' dir='ltr'><strong>Dominus</strong></span> <span class='ocrx_word' id='word_1_176' title='bbox 1911 2486 2107 2544; x_wconf 84' lang='lat' dir='ltr'><strong>Chris-</strong></span> 
     </span>
    </p>
   </div>
   <div class='ocr_carea' id='block_1_27' title="bbox 517 2579 2111 2652">
    <p class='ocr_par' dir='ltr' id='par_1_27' title="bbox 517 2579 2111 2652">
     <span class='ocr_line' id='line_1_27' title="bbox 517 2579 2111 2652; baseline -0.003 -16"><span class='ocrx_word' id='word_1_177' title='bbox 517 2591 607 2636; x_wconf 90' lang='lat' dir='ltr'><strong>tus</strong></span> <span class='ocrx_word' id='word_1_178' title='bbox 638 2581 691 2635; x_wconf 92' lang='lat' dir='ltr'><strong>in</strong></span> <span class='ocrx_word' id='word_1_179' title='bbox 728 2580 1028 2652; x_wconf 83' lang='lat' dir='ltr'><strong>evangeliis</strong></span> <span class='ocrx_word' id='word_1_180' title='bbox 1067 2581 1304 2646; x_wconf 88' lang='lat' dir='ltr'><strong>indicat,</strong></span> <span class='ocrx_word' id='word_1_181' title='bbox 1346 2581 1441 2650; x_wconf 91' lang='lat' dir='ltr'><strong>qui</strong></span> <span class='ocrx_word' id='word_1_182' title='bbox 1481 2580 1802 2651; x_wconf 86' lang='lat' dir='ltr'><strong>potissimus</strong></span> <span class='ocrx_word' id='word_1_183' title='bbox 1839 2579 1907 2634; x_wconf 91' lang='lat' dir='ltr'><strong>ad</strong></span> <span class='ocrx_word' id='word_1_184' title='bbox 1941 2579 2111 2634; x_wconf 89' lang='lat' dir='ltr'><strong>vitam</strong></span> 
     </span>
    </p>
   </div>
   <div class='ocr_carea' id='block_1_28' title="bbox 515 2671 2114 2742">
    <p class='ocr_par' dir='ltr' id='par_1_28' title="bbox 515 2671 2114 2742">
     <span class='ocr_line' id='line_1_28' title="bbox 515 2671 2114 2742; baseline -0.001 -15"><span class='ocrx_word' id='word_1_185' title='bbox 515 2672 630 2728; x_wconf 87' lang='lat' dir='ltr'><strong>sint</strong></span> <span class='ocrx_word' id='word_1_186' title='bbox 676 2671 982 2738; x_wconf 88' lang='lat' dir='ltr'><strong>reversuri,</strong></span> <span class='ocrx_word' id='word_1_187' title='bbox 1029 2671 1271 2742; x_wconf 80' lang='lat' dir='ltr'><strong>perfecte</strong></span> <span class='ocrx_word' id='word_1_188' title='bbox 1317 2671 1529 2727; x_wconf 89' lang='lat' dir='ltr'><strong>scilicet</strong></span> <span class='ocrx_word' id='word_1_189' title='bbox 1567 2672 1726 2742; x_wconf 84' lang='lat' dir='ltr'><strong>justi,</strong></span> <span class='ocrx_word' id='word_1_190' title='bbox 1791 2671 1995 2740; x_wconf 85' lang='lat' dir='ltr'><strong>medii,</strong></span> <span class='ocrx_word' id='word_1_191' title='bbox 2056 2679 2114 2727; x_wconf 89' lang='lat' dir='ltr'><strong>et</strong></span> 
     </span>
    </p>
   </div>
   <div class='ocr_carea' id='block_1_29' title="bbox 518 2763 2113 2836">
    <p class='ocr_par' dir='ltr' id='par_1_29' title="bbox 518 2763 2113 2836">
     <span class='ocr_line' id='line_1_29' title="bbox 518 2763 2113 2836; baseline 0.001 -18"><span class='ocrx_word' id='word_1_192' title='bbox 518 2765 689 2836; x_wconf 89' lang='lat' dir='ltr'><strong>impii.</strong></span> <span class='ocrx_word' id='word_1_193' title='bbox 719 2765 798 2820; x_wconf 83' lang='lat' dir='ltr'><strong>Ac</strong></span> <span class='ocrx_word' id='word_1_194' title='bbox 824 2765 894 2820; x_wconf 89' lang='lat' dir='ltr'><strong>de</strong></span> <span class='ocrx_word' id='word_1_195' title='bbox 926 2764 1172 2836; x_wconf 83' lang='lat' dir='ltr'><strong>perfecte</strong></span> <span class='ocrx_word' id='word_1_196' title='bbox 1199 2765 1364 2835; x_wconf 90' lang='lat' dir='ltr'><strong>justis</strong></span> <span class='ocrx_word' id='word_1_197' title='bbox 1393 2765 1638 2835; x_wconf 90' lang='lat' dir='ltr'><strong>quidem,</strong></span> <span class='ocrx_word' id='word_1_198' title='bbox 1670 2763 1840 2820; x_wconf 86' lang='lat' dir='ltr'><strong>veluti</strong></span> <span class='ocrx_word' id='word_1_199' title='bbox 1863 2778 1990 2818; x_wconf 92' lang='lat' dir='ltr'><strong>cum</strong></span> <span class='ocrx_word' id='word_1_200' title='bbox 2015 2778 2113 2820; x_wconf 85' lang='lat' dir='ltr'><strong>eos</strong></span> 
     </span>
    </p>
   </div>
   <div class='ocr_carea' id='block_1_30' title="bbox 518 2857 2110 2930">
    <p class='ocr_par' dir='ltr' id='par_1_30' title="bbox 518 2857 2110 2930">
     <span class='ocr_line' id='line_1_30' title="bbox 518 2857 2110 2930; baseline -0.001 -16"><span class='ocrx_word' id='word_1_201' title='bbox 518 2860 588 2916; x_wconf 89' lang='lat' dir='ltr'><strong>ad</strong></span> <span class='ocrx_word' id='word_1_202' title='bbox 617 2874 677 2915; x_wconf 90' lang='lat' dir='ltr'><strong>se</strong></span> <span class='ocrx_word' id='word_1_203' title='bbox 709 2867 918 2925; x_wconf 84' lang='lat' dir='ltr'><strong>evocat,</strong></span> <span class='ocrx_word' id='word_1_204' title='bbox 951 2859 1172 2930; x_wconf 64' lang='lat' dir='ltr'><strong>dicensj:</strong></span> <span class='ocrx_word' id='word_1_205' title='bbox 1215 2878 1234 2911; x_wconf 74' lang='grc' dir='ltr'><strong>ι</strong></span> <span class='ocrx_word' id='word_1_206' title='bbox 1271 2857 1464 2915; x_wconf 84' lang='lat' dir='ltr'><strong>Venite</strong></span> <span class='ocrx_word' id='word_1_207' title='bbox 1489 2858 1763 2915; x_wconf 85' lang='lat' dir='ltr'><strong>benedicti</strong></span> <span class='ocrx_word' id='word_1_208' title='bbox 1783 2858 1956 2929; x_wconf 85' lang='lat' dir='ltr'><strong>patris</strong></span> <span class='ocrx_word' id='word_1_209' title='bbox 1982 2859 2110 2926; x_wconf 80' lang='lat' dir='ltr'><strong>mei,</strong></span> 
     </span>
    </p>
   </div>
   <div class='ocr_carea' id='block_1_31' title="bbox 520 2951 2112 3024">
    <p class='ocr_par' dir='ltr' id='par_1_31' title="bbox 520 2951 2112 3024">
     <span class='ocr_line' id='line_1_31' title="bbox 520 2951 2112 3024; baseline -0.001 -16"><span class='ocrx_word' id='word_1_210' title='bbox 520 2953 785 3024; x_wconf 88' lang='lat' dir='ltr'><strong>percipite</strong></span> <span class='ocrx_word' id='word_1_211' title='bbox 810 2967 1038 3024; x_wconf 81' lang='lat' dir='ltr'><strong>regnum</strong></span> <span class='ocrx_word' id='word_1_212' title='bbox 1067 2951 1213 3022; x_wconf 89' lang='lat' dir='ltr'><strong>quod</strong></span> <span class='ocrx_word' id='word_1_213' title='bbox 1240 2961 1490 3022; x_wconf 89' lang='lat' dir='ltr'><strong>paratum</strong></span> <span class='ocrx_word' id='word_1_214' title='bbox 1524 2963 1610 3008; x_wconf 90' lang='lat' dir='ltr'><strong>est</strong></span> <span class='ocrx_word' id='word_1_215' title='bbox 1636 2953 1794 3008; x_wconf 87' lang='lat' dir='ltr'><strong>vobis</strong></span> <span class='ocrx_word' id='word_1_216' title='bbox 1841 2968 1872 3008; x_wconf 90' lang='lat' dir='ltr'><strong>a</strong></span> <span class='ocrx_word' id='word_1_217' title='bbox 1901 2951 2112 3010; x_wconf 88' lang='lat' dir='ltr'><strong>consti-</strong></span> 
     </span>
    </p>
   </div>
   <div class='ocr_carea' id='block_1_32' title="bbox 520 3043 2114 3116">
    <p class='ocr_par' dir='ltr' id='par_1_32' title="bbox 520 3043 2114 3116">
     <span class='ocr_line' id='line_1_32' title="bbox 520 3043 2114 3116; baseline -0.003 -14"><span class='ocrx_word' id='word_1_218' title='bbox 520 3048 736 3102; x_wconf 90' lang='lat' dir='ltr'><strong>tutione</strong></span> <span class='ocrx_word' id='word_1_219' title='bbox 774 3047 986 3102; x_wconf 89' lang='lat' dir='ltr'><strong>mundi.</strong></span> <span class='ocrx_word' id='word_1_220' title='bbox 1031 3064 1050 3097; x_wconf 72' lang='grc' dir='ltr'><strong>ι</strong></span> <span class='ocrx_word' id='word_1_221' title='bbox 1083 3045 1158 3101; x_wconf 87' lang='lat' dir='ltr'><strong>De</strong></span> <span class='ocrx_word' id='word_1_222' title='bbox 1189 3045 1374 3116; x_wconf 91' lang='lat' dir='ltr'><strong>impiis</strong></span> <span class='ocrx_word' id='word_1_223' title='bbox 1410 3060 1564 3112; x_wconf 91' lang='lat' dir='ltr'><strong>vero,</strong></span> <span class='ocrx_word' id='word_1_224' title='bbox 1599 3045 1767 3100; x_wconf 86' lang='lat' dir='ltr'><strong>veluti</strong></span> <span class='ocrx_word' id='word_1_225' title='bbox 1795 3061 1827 3100; x_wconf 90' lang='lat' dir='ltr'><strong>a</strong></span> <span class='ocrx_word' id='word_1_226' title='bbox 1875 3043 2114 3101; x_wconf 87' lang='lat' dir='ltr'><strong>sinistris</strong></span> 
     </span>
    </p>
   </div>
   <div class='ocr_carea' id='block_1_33' title="bbox 519 3136 2186 3220">
    <p class='ocr_par' dir='ltr' id='par_1_33' title="bbox 519 3136 2186 3220">
     <span class='ocr_line' id='line_1_33' title="bbox 519 3136 2186 3220; baseline -0.002 -26"><span class='ocrx_word' id='word_1_227' title='bbox 519 3138 733 3208; x_wconf 82' lang='lat' dir='ltr'><strong>positis,</strong></span> <span class='ocrx_word' id='word_1_228' title='bbox 773 3137 850 3192; x_wconf 85' lang='lat' dir='ltr'><strong>ait</strong></span> <span class='ocrx_word' id='word_1_229' title='bbox 888 3153 902 3190; x_wconf 90' lang='lat'><strong>:</strong></span> <span class='ocrx_word' id='word_1_230' title='bbox 942 3157 961 3190; x_wconf 85' lang='grc'><strong>‹</strong></span> <span class='ocrx_word' id='word_1_231' title='bbox 1011 3136 1272 3192; x_wconf 79' lang='lat' dir='ltr'><strong>Recedite</strong></span> <span class='ocrx_word' id='word_1_232' title='bbox 1305 3152 1337 3191; x_wconf 90' lang='lat' dir='ltr'><strong>a</strong></span> <span class='ocrx_word' id='word_1_233' title='bbox 1369 3152 1470 3192; x_wconf 87' lang='lat' dir='ltr'><strong>.me</strong></span> <span class='ocrx_word' id='word_1_234' title='bbox 1511 3137 1786 3194; x_wconf 88' lang='lat' dir='ltr'><strong>maledicti</strong></span> <span class='ocrx_word' id='word_1_235' title='bbox 1826 3137 1882 3192; x_wconf 91' lang='lat' dir='ltr'><strong>in</strong></span> <span class='ocrx_word' id='word_1_236' title='bbox 1930 3137 2110 3208; x_wconf 88' lang='lat' dir='ltr'><strong>ignem</strong></span> <span class='ocrx_word' id='word_1_237' title='bbox 2137 3159 2186 3220; x_wconf 66' lang='grc' dir='ltr'><strong>ρ</strong></span> 
     </span>
    </p>
   </div>
   <div class='ocr_carea' id='block_1_34' title="bbox 517 3226 2105 3302">
    <p class='ocr_par' dir='ltr' id='par_1_34' title="bbox 517 3226 2105 3302">
     <span class='ocr_line' id='line_1_34' title="bbox 517 3226 2105 3302; baseline -0.003 -19"><span class='ocrx_word' id='word_1_238' title='bbox 517 3236 807 3294; x_wconf 71' lang='lat' dir='ltr'><strong>aeternum,</strong></span> <span class='ocrx_word' id='word_1_239' title='bbox 845 3227 940 3300; x_wconf 87' lang='lat' dir='ltr'><strong>qui</strong></span> <span class='ocrx_word' id='word_1_240' title='bbox 973 3235 1198 3298; x_wconf 89' lang='lat' dir='ltr'><strong>paratus</strong></span> <span class='ocrx_word' id='word_1_241' title='bbox 1221 3236 1308 3282; x_wconf 90' lang='lat' dir='ltr'><strong>est</strong></span> <span class='ocrx_word' id='word_1_242' title='bbox 1331 3226 1558 3302; x_wconf 74' lang='lat' dir='ltr'><strong>diabolo</strong></span> <span class='ocrx_word' id='word_1_243' title='bbox 1583 3236 1640 3282; x_wconf 90' lang='lat' dir='ltr'><strong>et</strong></span> <span class='ocrx_word' id='word_1_244' title='bbox 1670 3228 1877 3300; x_wconf 82' lang='lat' dir='ltr'><strong>angelis</strong></span> <span class='ocrx_word' id='word_1_245' title='bbox 1902 3228 2045 3299; x_wconf 91' lang='lat' dir='ltr'><strong>ejus.</strong></span> <span class='ocrx_word' id='word_1_246' title='bbox 2084 3245 2105 3279; x_wconf 75' lang='grc' dir='ltr'><strong>ι</strong></span> 
     </span>
    </p>
   </div>
   <div class='ocr_carea' id='block_1_35' title="bbox 517 3319 2111 3390">
    <p class='ocr_par' dir='ltr' id='par_1_35' title="bbox 517 3319 2111 3390">
     <span class='ocr_line' id='line_1_35' title="bbox 517 3319 2111 3390; baseline 0 -14"><span class='ocrx_word' id='word_1_247' title='bbox 517 3320 688 3387; x_wconf 83' lang='lat' dir='ltr'><strong>Quasi</strong></span> <span class='ocrx_word' id='word_1_248' title='bbox 724 3320 887 3385; x_wconf 89' lang='lat' dir='ltr'><strong>dicat,</strong></span> <span class='ocrx_word' id='word_1_249' title='bbox 916 3335 982 3374; x_wconf 92' lang='lat' dir='ltr'><strong>ac</strong></span> <span class='ocrx_word' id='word_1_250' title='bbox 1010 3319 1178 3390; x_wconf 90' lang='lat' dir='ltr'><strong>justis</strong></span> <span class='ocrx_word' id='word_1_251' title='bbox 1207 3319 1426 3390; x_wconf 90' lang='lat' dir='ltr'><strong>quidem</strong></span> <span class='ocrx_word' id='word_1_252' title='bbox 1458 3337 1472 3374; x_wconf 87' lang='lat'><strong>:</strong></span> <span class='ocrx_word' id='word_1_253' title='bbox 1511 3319 1766 3389; x_wconf 87' lang='lat' dir='ltr'><strong>Sursum,</strong></span> <span class='ocrx_word' id='word_1_254' title='bbox 1805 3321 1863 3374; x_wconf 92' lang='lat' dir='ltr'><strong>in</strong></span> <span class='ocrx_word' id='word_1_255' title='bbox 1909 3320 2111 3376; x_wconf 65' lang='lat' dir='ltr'><strong>caelum</strong></span> 
     </span>
    </p>
   </div>
   <div class='ocr_carea' id='block_1_36' title="bbox 521 3409 2113 3482">
    <p class='ocr_par' dir='ltr' id='par_1_36' title="bbox 521 3409 2113 3482">
     <span class='ocr_line' id='line_1_36' title="bbox 521 3409 2113 3482; baseline 0 -16"><span class='ocrx_word' id='word_1_256' title='bbox 521 3411 750 3467; x_wconf 87' lang='lat' dir='ltr'><strong>interius</strong></span> <span class='ocrx_word' id='word_1_257' title='bbox 782 3411 948 3481; x_wconf 89' lang='lat' dir='ltr'><strong>hujus</strong></span> <span class='ocrx_word' id='word_1_258' title='bbox 974 3411 1119 3480; x_wconf 88' lang='lat' dir='ltr'><strong>quod</strong></span> <span class='ocrx_word' id='word_1_259' title='bbox 1145 3409 1360 3466; x_wconf 88' lang='lat' dir='ltr'><strong>videtur</strong></span> <span class='ocrx_word' id='word_1_260' title='bbox 1388 3410 1745 3467; x_wconf 88' lang='lat' dir='ltr'><strong>ﬁrmamenti.</strong></span> <span class='ocrx_word' id='word_1_261' title='bbox 1785 3411 1976 3482; x_wconf 80' lang='lat' dir='ltr'><strong>lmpiis</strong></span> <span class='ocrx_word' id='word_1_262' title='bbox 2011 3427 2113 3467; x_wconf 90' lang='lat' dir='ltr'><strong>au-</strong></span> 
     </span>
    </p>
   </div>
   <div class='ocr_carea' id='block_1_37' title="bbox 523 3502 2114 3575">
    <p class='ocr_par' dir='ltr' id='par_1_37' title="bbox 523 3502 2114 3575">
     <span class='ocr_line' id='line_1_37' title="bbox 523 3502 2114 3575; baseline 0.002 -18"><span class='ocrx_word' id='word_1_263' title='bbox 523 3512 665 3568; x_wconf 88' lang='lat' dir='ltr'><strong>tem;</strong></span> <span class='ocrx_word' id='word_1_264' title='bbox 701 3502 868 3568; x_wconf 85' lang='lat' dir='ltr'><strong>Infra,</strong></span> <span class='ocrx_word' id='word_1_265' title='bbox 897 3502 1042 3558; x_wconf 89' lang='lat' dir='ltr'><strong>circa</strong></span> <span class='ocrx_word' id='word_1_266' title='bbox 1085 3509 1310 3569; x_wconf 85' lang='lat' dir='ltr'><strong>terram,</strong></span> <span class='ocrx_word' id='word_1_267' title='bbox 1343 3503 1439 3558; x_wconf 90' lang='lat' dir='ltr'><strong>ubi</strong></span> <span class='ocrx_word' id='word_1_268' title='bbox 1469 3512 1524 3559; x_wconf 91' lang='lat' dir='ltr'><strong>et</strong></span> <span class='ocrx_word' id='word_1_269' title='bbox 1559 3503 1808 3560; x_wconf 87' lang='lat' dir='ltr'><strong>diabolus</strong></span> <span class='ocrx_word' id='word_1_270' title='bbox 1835 3503 2114 3575; x_wconf 88' lang='lat' dir='ltr'><strong>projectus</strong></span> 
     </span>
    </p>
   </div>
   <div class='ocr_carea' id='block_1_38' title="bbox 522 3594 2112 3666">
    <p class='ocr_par' dir='ltr' id='par_1_38' title="bbox 522 3594 2112 3666">
     <span class='ocr_line' id='line_1_38' title="bbox 522 3594 2112 3666; baseline 0.001 -16"><span class='ocrx_word' id='word_1_271' title='bbox 522 3603 625 3651; x_wconf 86' lang='lat' dir='ltr'><strong>est.</strong></span> <span class='ocrx_word' id='word_1_272' title='bbox 660 3595 734 3651; x_wconf 90' lang='lat' dir='ltr'><strong>Ut</strong></span> <span class='ocrx_word' id='word_1_273' title='bbox 768 3609 932 3666; x_wconf 92' lang='lat' dir='ltr'><strong>porro</strong></span> <span class='ocrx_word' id='word_1_274' title='bbox 961 3595 1267 3650; x_wconf 91' lang='lat' dir='ltr'><strong>mediorum</strong></span> <span class='ocrx_word' id='word_1_275' title='bbox 1300 3596 1484 3651; x_wconf 92' lang='lat' dir='ltr'><strong>locum</strong></span> <span class='ocrx_word' id='word_1_276' title='bbox 1531 3594 1891 3666; x_wconf 89' lang='lat' dir='ltr'><strong>inquiramns</strong></span> <span class='ocrx_word' id='word_1_277' title='bbox 1927 3610 2112 3666; x_wconf 72' lang='lat' dir='ltr'><strong>operae</strong></span> 
     </span>
    </p>
   </div>
   <div class='ocr_carea' id='block_1_39' title="bbox 523 3687 2112 3760">
    <p class='ocr_par' dir='ltr' id='par_1_39' title="bbox 523 3687 2112 3760">
     <span class='ocr_line' id='line_1_39' title="bbox 523 3687 2112 3760; baseline 0.001 -19"><span class='ocrx_word' id='word_1_278' title='bbox 523 3687 758 3758; x_wconf 88' lang='lat' dir='ltr'><strong>pretium</strong></span> <span class='ocrx_word' id='word_1_279' title='bbox 790 3695 892 3742; x_wconf 88' lang='lat' dir='ltr'><strong>est.</strong></span> <span class='ocrx_word' id='word_1_280' title='bbox 930 3687 1019 3741; x_wconf 84' lang='lat' dir='ltr'><strong>Ait</strong></span> <span class='ocrx_word' id='word_1_281' title='bbox 1044 3687 1208 3760; x_wconf 83' lang='lat' dir='ltr'><strong>igitur</strong></span> <span class='ocrx_word' id='word_1_282' title='bbox 1243 3687 1298 3742; x_wconf 90' lang='lat' dir='ltr'><strong>in</strong></span> <span class='ocrx_word' id='word_1_283' title='bbox 1328 3688 1587 3759; x_wconf 87' lang='lat' dir='ltr'><strong>parabola</strong></span> <span class='ocrx_word' id='word_1_284' title='bbox 1617 3687 1686 3744; x_wconf 90' lang='lat' dir='ltr'><strong>de</strong></span> <span class='ocrx_word' id='word_1_285' title='bbox 1712 3688 1905 3744; x_wconf 89' lang='lat' dir='ltr'><strong>decem</strong></span> <span class='ocrx_word' id='word_1_286' title='bbox 1946 3688 2112 3760; x_wconf 89' lang='lat' dir='ltr'><strong>virgi-</strong></span> 
     </span>
    </p>
   </div>
   <div class='ocr_carea' id='block_1_40' title="bbox 524 3779 2116 3852">
    <p class='ocr_par' dir='ltr' id='par_1_40' title="bbox 524 3779 2116 3852">
     <span class='ocr_line' id='line_1_40' title="bbox 524 3779 2116 3852; baseline 0.003 -20"><span class='ocrx_word' id='word_1_287' title='bbox 524 3779 706 3843; x_wconf 86' lang='lat' dir='ltr'><strong>nibus,</strong></span> <span class='ocrx_word' id='word_1_288' title='bbox 761 3779 1003 3848; x_wconf 91' lang='lat' dir='ltr'><strong>quinque</strong></span> <span class='ocrx_word' id='word_1_289' title='bbox 1044 3779 1346 3849; x_wconf 87' lang='lat' dir='ltr'><strong>prudentes</strong></span> <span class='ocrx_word' id='word_1_290' title='bbox 1391 3795 1518 3834; x_wconf 90' lang='lat' dir='ltr'><strong>cum</strong></span> <span class='ocrx_word' id='word_1_291' title='bbox 1576 3795 1780 3850; x_wconf 88' lang='lat' dir='ltr'><strong>sponso</strong></span> <span class='ocrx_word' id='word_1_292' title='bbox 1837 3783 2116 3852; x_wconf 82' lang='lat' dir='ltr'><strong>ingressas</strong></span> 
     </span>
    </p>
   </div>
   <div class='ocr_carea' id='block_1_41' title="bbox 476 3871 2115 3943">
    <p class='ocr_par' dir='ltr' id='par_1_41' title="bbox 476 3871 2115 3943">
     <span class='ocr_line' id='line_1_41' title="bbox 476 3871 2115 3943; baseline 0.001 -17"><span class='ocrx_word' id='word_1_293' title='bbox 476 3929 480 3933; x_wconf 93' lang='lat'><strong>_</strong></span> <span class='ocrx_word' id='word_1_294' title='bbox 524 3886 646 3926; x_wconf 87' lang='lat' dir='ltr'><strong>esse</strong></span> <span class='ocrx_word' id='word_1_295' title='bbox 695 3871 750 3924; x_wconf 90' lang='lat' dir='ltr'><strong>in</strong></span> <span class='ocrx_word' id='word_1_296' title='bbox 781 3871 1100 3938; x_wconf 87' lang='lat' dir='ltr'><strong>thalamum,</strong></span> <span class='ocrx_word' id='word_1_297' title='bbox 1146 3871 1252 3925; x_wconf 91' lang='lat' dir='ltr'><strong>hoc</strong></span> <span class='ocrx_word' id='word_1_298' title='bbox 1293 3871 1455 3924; x_wconf 90' lang='lat' dir='ltr'><strong>estin</strong></span> <span class='ocrx_word' id='word_1_299' title='bbox 1495 3871 1716 3939; x_wconf 74' lang='lat' dir='ltr'><strong>coelum,</strong></span> <span class='ocrx_word' id='word_1_300' title='bbox 1763 3873 2115 3943; x_wconf 89' lang='lat' dir='ltr'><strong>quandoqui-</strong></span> 
     </span>
    </p>
   </div>
   <div class='ocr_carea' id='block_1_42' title="bbox 523 3957 2116 4036">
    <p class='ocr_par' dir='ltr' id='par_1_42' title="bbox 523 3957 2116 4036">
     <span class='ocr_line' id='line_1_42' title="bbox 523 3957 2116 4036; baseline 0.002 -19"><span class='ocrx_word' id='word_1_301' title='bbox 523 3963 648 4017; x_wconf 86' lang='lat' dir='ltr'><strong>dem</strong></span> <span class='ocrx_word' id='word_1_302' title='bbox 681 3963 1049 4034; x_wconf 84' lang='lat' dir='ltr'><strong>virginitatem</strong></span> <span class='ocrx_word' id='word_1_303' title='bbox 1094 3971 1149 4018; x_wconf 92' lang='lat' dir='ltr'><strong>et</strong></span> <span class='ocrx_word' id='word_1_304' title='bbox 1187 3961 1639 4031; x_wconf 89' lang='lat' dir='ltr'><strong>miscricordiam,</strong></span> <span class='ocrx_word' id='word_1_305' title='bbox 1673 3964 1826 4020; x_wconf 88' lang='lat' dir='ltr'><strong>velut</strong></span> <span class='ocrx_word' id='word_1_306' title='bbox 1869 3957 2116 4036; x_wconf 58' lang='lat' dir='ltr'><strong>prddené</strong></span> 
     </span>
    </p>
   </div>
   <div class='ocr_carea' id='block_1_43' title="bbox 525 4055 2114 4126">
    <p class='ocr_par' dir='ltr' id='par_1_43' title="bbox 525 4055 2114 4126">
     <span class='ocr_line' id='line_1_43' title="bbox 525 4055 2114 4126; baseline 0.001 -18"><span class='ocrx_word' id='word_1_307' title='bbox 525 4065 610 4110; x_wconf 89' lang='lat' dir='ltr'><strong>tes</strong></span> <span class='ocrx_word' id='word_1_308' title='bbox 633 4055 866 4126; x_wconf 85' lang='lat' dir='ltr'><strong>elegere.</strong></span> <span class='ocrx_word' id='word_1_309' title='bbox 917 4055 1102 4110; x_wconf 73' lang='lat' dir='ltr'><strong>Fatuae</strong></span> <span class='ocrx_word' id='word_1_310' title='bbox 1139 4063 1346 4122; x_wconf 87' lang='lat' dir='ltr'><strong>autem,</strong></span> <span class='ocrx_word' id='word_1_311' title='bbox 1373 4056 1588 4126; x_wconf 87' lang='lat' dir='ltr'><strong>inquit,</strong></span> <span class='ocrx_word' id='word_1_312' title='bbox 1621 4057 1798 4112; x_wconf 90' lang='lat' dir='ltr'><strong>altero</strong></span> <span class='ocrx_word' id='word_1_313' title='bbox 1844 4057 2114 4112; x_wconf 85' lang='lat' dir='ltr'><strong>duntaxat</strong></span> 
     </span>
    </p>
   </div>
   <div class='ocr_carea' id='block_1_44' title="bbox 525 4148 2116 4220">
    <p class='ocr_par' dir='ltr' id='par_1_44' title="bbox 525 4148 2116 4220">
     <span class='ocr_line' id='line_1_44' title="bbox 525 4148 2116 4220; baseline 0.002 -18"><span class='ocrx_word' id='word_1_314' title='bbox 525 4148 720 4212; x_wconf 87' lang='lat' dir='ltr'><strong>electo,</strong></span> <span class='ocrx_word' id='word_1_315' title='bbox 753 4149 926 4202; x_wconf 83' lang='lat' dir='ltr'><strong>altero</strong></span> <span class='ocrx_word' id='word_1_316' title='bbox 968 4162 1102 4203; x_wconf 89' lang='lat' dir='ltr'><strong>vero</strong></span> <span class='ocrx_word' id='word_1_317' title='bbox 1143 4148 1415 4220; x_wconf 85' lang='lat' dir='ltr'><strong>neglecto,</strong></span> <span class='ocrx_word' id='word_1_318' title='bbox 1446 4165 1702 4204; x_wconf 90' lang='lat' dir='ltr'><strong>mansere</strong></span> <span class='ocrx_word' id='word_1_319' title='bbox 1742 4159 1896 4204; x_wconf 81' lang='lat' dir='ltr'><strong>extra</strong></span> <span class='ocrx_word' id='word_1_320' title='bbox 1942 4151 2116 4205; x_wconf 90' lang='lat' dir='ltr'><strong>thala-</strong></span> 
     </span>
    </p>
   </div>
   <div class='ocr_carea' id='block_1_45' title="bbox 526 4239 2110 4312">
    <p class='ocr_par' dir='ltr' id='par_1_45' title="bbox 526 4239 2110 4312">
     <span class='ocr_line' id='line_1_45' title="bbox 526 4239 2110 4312; baseline 0.001 -18"><span class='ocrx_word' id='word_1_321' title='bbox 526 4255 702 4304; x_wconf 88' lang='lat' dir='ltr'><strong>mum,</strong></span> <span class='ocrx_word' id='word_1_322' title='bbox 731 4239 987 4310; x_wconf 87' lang='lat' dir='ltr'><strong>forcsque</strong></span> <span class='ocrx_word' id='word_1_323' title='bbox 1017 4240 1266 4296; x_wconf 77' lang='lat' dir='ltr'><strong>occlusas</strong></span> <span class='ocrx_word' id='word_1_324' title='bbox 1289 4256 1563 4312; x_wconf 87' lang='lat' dir='ltr'><strong>reperere,</strong></span> <span class='ocrx_word' id='word_1_325' title='bbox 1591 4241 1776 4297; x_wconf 89' lang='lat' dir='ltr'><strong>audita</strong></span> <span class='ocrx_word' id='word_1_326' title='bbox 1797 4243 1910 4298; x_wconf 83' lang='lat' dir='ltr'><strong>hac</strong></span> <span class='ocrx_word' id='word_1_327' title='bbox 1942 4258 2074 4298; x_wconf 89' lang='lat' dir='ltr'><strong>voce</strong></span> <span class='ocrx_word' id='word_1_328' title='bbox 2099 4259 2110 4296; x_wconf 94' lang='lat'><strong>:</strong></span> 
     </span>
    </p>
   </div>
   <div class='ocr_carea' id='block_1_46' title="bbox 531 4330 2114 4406">
    <p class='ocr_par' dir='ltr' id='par_1_46' title="bbox 531 4330 2114 4406">
     <span class='ocr_line' id='line_1_46' title="bbox 531 4330 2114 4406; baseline 0.006 -26"><span class='ocrx_word' id='word_1_329' title='bbox 531 4350 551 4380; x_wconf 75' lang='grc' dir='ltr'>σ</span> <span class='ocrx_word' id='word_1_330' title='bbox 585 4330 844 4386; x_wconf 80' lang='lat' dir='ltr'><strong>Recedite</strong></span> <span class='ocrx_word' id='word_1_331' title='bbox 877 4347 907 4386; x_wconf 89' lang='lat' dir='ltr'><strong>a</strong></span> <span class='ocrx_word' id='word_1_332' title='bbox 937 4347 1045 4399; x_wconf 87' lang='lat' dir='ltr'><strong>me,</strong></span> <span class='ocrx_word' id='word_1_333' title='bbox 1076 4333 1264 4389; x_wconf 90' lang='lat' dir='ltr'><strong>nescio</strong></span> <span class='ocrx_word' id='word_1_334' title='bbox 1290 4349 1422 4388; x_wconf 91' lang='lat' dir='ltr'><strong>vos:</strong></span> <span class='ocrx_word' id='word_1_335' title='bbox 1452 4351 1471 4384; x_wconf 76' lang='grc' dir='ltr'><strong>ι</strong></span> <span class='ocrx_word' id='word_1_336' title='bbox 1521 4349 1698 4404; x_wconf 91' lang='lat' dir='ltr'><strong>neque</strong></span> <span class='ocrx_word' id='word_1_337' title='bbox 1743 4335 1955 4406; x_wconf 89' lang='lat' dir='ltr'><strong>ingredi</strong></span> <span class='ocrx_word' id='word_1_338' title='bbox 1986 4351 2114 4406; x_wconf 86' lang='lat' dir='ltr'><strong>per-</strong></span> 
     </span>
    </p>
   </div>
   <div class='ocr_carea' id='block_1_47' title="bbox 526 4423 2114 4498">
    <p class='ocr_par' dir='ltr' id='par_1_47' title="bbox 526 4423 2114 4498">
     <span class='ocr_line' id='line_1_47' title="bbox 526 4423 2114 4498; baseline 0.004 -21"><span class='ocrx_word' id='word_1_339' title='bbox 526 4423 725 4490; x_wconf 81' lang='lat' dir='ltr'><strong>missae,</strong></span> <span class='ocrx_word' id='word_1_340' title='bbox 756 4440 936 4495; x_wconf 88' lang='lat' dir='ltr'><strong>neque</strong></span> <span class='ocrx_word' id='word_1_341' title='bbox 964 4441 1087 4480; x_wconf 92' lang='lat' dir='ltr'><strong>cum</strong></span> <span class='ocrx_word' id='word_1_342' title='bbox 1117 4425 1300 4498; x_wconf 88' lang='lat' dir='ltr'><strong>impiis</strong></span> <span class='ocrx_word' id='word_1_343' title='bbox 1325 4427 1595 4482; x_wconf 74' lang='lat' dir='ltr'><strong>damnata:</strong></span> <span class='ocrx_word' id='word_1_344' title='bbox 1643 4436 1801 4490; x_wconf 86' lang='lat' dir='ltr'><strong>sunt.</strong></span> <span class='ocrx_word' id='word_1_345' title='bbox 1831 4427 1926 4482; x_wconf 89' lang='lat' dir='ltr'><strong>sed</strong></span> <span class='ocrx_word' id='word_1_346' title='bbox 1951 4443 2114 4483; x_wconf 88' lang='lat' dir='ltr'><strong>man-</strong></span> 
     </span>
    </p>
   </div>
   <div class='ocr_carea' id='block_1_48' title="bbox 2219 530 3758 612">
    <p class='ocr_par' dir='ltr' id='par_1_48' title="bbox 2219 530 3758 612">
     <span class='ocr_line' id='line_1_48' title="bbox 2219 530 3758 612; baseline 0.014 -31"><span class='ocrx_word' id='word_1_347' title='bbox 2219 547 2410 597; x_wconf 89' lang='grc' dir='ltr'>πτους,</span> <span class='ocrx_word' id='word_1_348' title='bbox 2457 531 2521 584; x_wconf 85' lang='grc' dir='ltr'><strong>τὸ</strong></span> <span class='ocrx_word' id='word_1_349' title='bbox 2557 531 2616 586; x_wconf 82' lang='grc' dir='ltr'>δὲ</span> <span class='ocrx_word' id='word_1_350' title='bbox 2659 534 3034 606; x_wconf 80' lang='grc' dir='ltr'><strong>προτιμᾶσθαι</strong></span> <span class='ocrx_word' id='word_1_351' title='bbox 3082 535 3283 608; x_wconf 77' lang='grc' dir='ltr'>ἐτέρων</span> <span class='ocrx_word' id='word_1_352' title='bbox 3312 538 3373 592; x_wconf 85' lang='grc' dir='ltr'><strong>ού</strong></span> <span class='ocrx_word' id='word_1_353' title='bbox 3605 545 3758 612; x_wconf 89' lang='grc' dir='ltr'>τοῦτο,</span> 
     </span>
    </p>
   </div>
   <div class='ocr_carea' id='block_1_49' title="bbox 2217 620 3762 696">
    <p class='ocr_par' dir='ltr' id='par_1_49' title="bbox 2217 620 3762 696">
     <span class='ocr_line' id='line_1_49' title="bbox 2217 620 3762 696; baseline 0.012 -23"><span class='ocrx_word' id='word_1_354' title='bbox 2217 620 2334 674; x_wconf 84' lang='grc' dir='ltr'>ἀλλ’</span> <span class='ocrx_word' id='word_1_355' title='bbox 2365 623 2654 694; x_wconf 81' lang='grc' dir='ltr'>ἑτοιμασία</span> <span class='ocrx_word' id='word_1_356' title='bbox 2703 625 2798 679; x_wconf 84' lang='grc' dir='ltr'><strong>τοῦ</strong></span> <span class='ocrx_word' id='word_1_357' title='bbox 2833 626 2970 681; x_wconf 88' lang='grc' dir='ltr'>Θεοῦ</span> <span class='ocrx_word' id='word_1_358' title='bbox 3001 628 3115 693; x_wconf 79' lang='grc' dir='ltr'>τοῖς</span> <span class='ocrx_word' id='word_1_359' title='bbox 3145 629 3326 696; x_wconf 83' lang='grc' dir='ltr'>καλῶς</span> <span class='ocrx_word' id='word_1_360' title='bbox 3359 633 3660 691; x_wconf 84' lang='grc' dir='ltr'>πιστεύουσι</span> <span class='ocrx_word' id='word_1_361' title='bbox 3685 641 3762 695; x_wconf 75' lang='grc' dir='ltr'>καὶ</span> 
     </span>
    </p>
   </div>
   <div class='ocr_carea' id='block_1_50' title="bbox 2218 709 3765 797">
    <p class='ocr_par' dir='ltr' id='par_1_50' title="bbox 2218 709 3765 797">
     <span class='ocr_line' id='line_1_50' title="bbox 2218 709 3765 797; baseline 0.014 -35"><span class='ocrx_word' id='word_1_362' title='bbox 2218 709 2469 781; x_wconf 81' lang='grc' dir='ltr'>βιώσασι.</span> <span class='ocrx_word' id='word_1_363' title='bbox 2504 713 2674 768; x_wconf 84' lang='grc' dir='ltr'>Πάλιν</span> <span class='ocrx_word' id='word_1_364' title='bbox 2724 716 2833 786; x_wconf 83' lang='grc' dir='ltr'><strong>γὰρ</strong></span> <span class='ocrx_word' id='word_1_365' title='bbox 2869 717 3018 788; x_wconf 84' lang='grc' dir='ltr'><strong>λέγει</strong></span> <span class='ocrx_word' id='word_1_366' title='bbox 3051 719 3101 752; x_wconf 71' lang='grc'>⁷⁸</span> <span class='ocrx_word' id='word_1_367' title='bbox 3129 721 3160 774; x_wconf 81' lang='grc' dir='ltr'><strong>ὁ</strong></span> <span class='ocrx_word' id='word_1_368' title='bbox 3185 720 3389 793; x_wconf 80' lang='grc' dir='ltr'>Κύριος</span> <span class='ocrx_word' id='word_1_369' title='bbox 3426 738 3442 756; x_wconf 84' lang='grc'><strong>·</strong></span> <span class='ocrx_word' id='word_1_370' title='bbox 3482 743 3503 777; x_wconf 76' lang='grc' dir='ltr'><strong>ι</strong></span> <span class='ocrx_word' id='word_1_371' title='bbox 3536 727 3705 797; x_wconf 88' lang='grc' dir='ltr'>Δεῦτε,</span> <span class='ocrx_word' id='word_1_372' title='bbox 3723 733 3765 785; x_wconf 86' lang='lat' dir='ltr'><strong>oi</strong></span> 
     </span>
    </p>
   </div>
   <div class='ocr_carea' id='block_1_51' title="bbox 2216 803 3764 895">
    <p class='ocr_par' dir='ltr' id='par_1_51' title="bbox 2216 803 3764 895">
     <span class='ocr_line' id='line_1_51' title="bbox 2216 803 3764 895; baseline 0.016 -41"><span class='ocrx_word' id='word_1_373' title='bbox 2216 803 2574 876; x_wconf 78' lang='grc' dir='ltr'><strong>εὐλογημένοι</strong></span> <span class='ocrx_word' id='word_1_374' title='bbox 2609 807 2704 862; x_wconf 89' lang='grc' dir='ltr'><strong>τοῦ</strong></span> <span class='ocrx_word' id='word_1_375' title='bbox 2761 809 2977 882; x_wconf 83' lang='grc' dir='ltr'><strong>Πατρός</strong></span> <span class='ocrx_word' id='word_1_376' title='bbox 3026 829 3153 882; x_wconf 82' lang='grc' dir='ltr'>μου,</span> <span class='ocrx_word' id='word_1_377' title='bbox 3209 813 3646 888; x_wconf 79' lang='grc' dir='ltr'><strong>κληρονομήσατε</strong></span> <span class='ocrx_word' id='word_1_378' title='bbox 3684 822 3764 895; x_wconf 80' lang='grc' dir='ltr'><strong>τήν</strong></span> 
     </span>
    </p>
   </div>
   <div class='ocr_carea' id='block_1_52' title="bbox 2215 895 3763 986">
    <p class='ocr_par' dir='ltr' id='par_1_52' title="bbox 2215 895 3763 986">
     <span class='ocr_line' id='line_1_52' title="bbox 2215 895 3763 986; baseline 0.014 -41"><span class='ocrx_word' id='word_1_379' title='bbox 2215 895 2626 970; x_wconf 78' lang='grc' dir='ltr'>ἡτοιμασμένην</span> <span class='ocrx_word' id='word_1_380' title='bbox 2647 899 2776 970; x_wconf 80' lang='grc' dir='ltr'>ύμῖν</span> <span class='ocrx_word' id='word_1_381' title='bbox 2805 899 3112 971; x_wconf 84' lang='grc' dir='ltr'>βασιλείαν·</span> <span class='ocrx_word' id='word_1_382' title='bbox 3144 922 3164 957; x_wconf 71' lang='grc' dir='ltr'><strong>ι</strong></span> <span class='ocrx_word' id='word_1_383' title='bbox 3195 905 3289 960; x_wconf 76' lang='grc' dir='ltr'>καὶ</span> <span class='ocrx_word' id='word_1_384' title='bbox 3311 907 3441 960; x_wconf 83' lang='grc' dir='ltr'>πότε</span> <span class='ocrx_word' id='word_1_385' title='bbox 3461 909 3763 986; x_wconf 78' lang='grc' dir='ltr'>ήτοιμάσθη</span> 
     </span>
    </p>
   </div>
   <div class='ocr_carea' id='block_1_53' title="bbox 2217 988 3765 1069">
    <p class='ocr_par' dir='ltr' id='par_1_53' title="bbox 2217 988 3765 1069">
     <span class='ocr_line' id='line_1_53' title="bbox 2217 988 3765 1069; baseline 0.016 -32"><span class='ocrx_word' id='word_1_386' title='bbox 2217 988 2404 1057; x_wconf 68' lang='grc' dir='ltr'>φησιν,</span> <span class='ocrx_word' id='word_1_387' title='bbox 2440 1007 2458 1040; x_wconf 75' lang='grc' dir='ltr'><strong>ι</strong></span> <span class='ocrx_word' id='word_1_388' title='bbox 2488 990 2598 1046; x_wconf 82' lang='grc' dir='ltr'><strong>ἀπὸ</strong></span> <span class='ocrx_word' id='word_1_389' title='bbox 2624 993 2932 1066; x_wconf 89' lang='grc' dir='ltr'>καταϐολῆς</span> <span class='ocrx_word' id='word_1_390' title='bbox 2955 997 3166 1067; x_wconf 85' lang='grc' dir='ltr'>κόσμου</span> <span class='ocrx_word' id='word_1_391' title='bbox 3188 1017 3207 1051; x_wconf 74' lang='grc' dir='ltr'><strong>ι</strong></span> <span class='ocrx_word' id='word_1_392' title='bbox 3241 1001 3578 1069; x_wconf 83' lang='grc' dir='ltr'>προσειπὼν.</span> <span class='ocrx_word' id='word_1_393' title='bbox 3617 1004 3672 1058; x_wconf 86' lang='lat'><strong>&#39;0</strong></span> <span class='ocrx_word' id='word_1_394' title='bbox 3691 1025 3765 1062; x_wconf 88' lang='grc' dir='ltr'>κο-</span> 
     </span>
    </p>
   </div>
   <div class='ocr_carea' id='block_1_54' title="bbox 2217 1082 3764 1164">
    <p class='ocr_par' dir='ltr' id='par_1_54' title="bbox 2217 1082 3764 1164">
     <span class='ocr_line' id='line_1_54' title="bbox 2217 1082 3764 1164; baseline 0.016 -34"><span class='ocrx_word' id='word_1_395' title='bbox 2217 1082 2539 1152; x_wconf 78' lang='grc' dir='ltr'>σμογράφος</span> <span class='ocrx_word' id='word_1_396' title='bbox 2582 1085 2762 1140; x_wconf 90' lang='grc' dir='ltr'>τοίνυν</span> <span class='ocrx_word' id='word_1_397' title='bbox 2798 1089 3042 1159; x_wconf 84' lang='grc' dir='ltr'>Μωῦσῆς</span> <span class='ocrx_word' id='word_1_398' title='bbox 3083 1090 3178 1144; x_wconf 79' lang='grc' dir='ltr'>καὶ</span> <span class='ocrx_word' id='word_1_399' title='bbox 3228 1093 3278 1144; x_wconf 78' lang='grc' dir='ltr'>οἱ</span> <span class='ocrx_word' id='word_1_400' title='bbox 3304 1093 3349 1125; x_wconf 82' lang='grc'><strong>⁷⁸</strong></span> <span class='ocrx_word' id='word_1_401' title='bbox 3381 1089 3555 1148; x_wconf 77' lang='grc' dir='ltr'>λοιποὶ</span> <span class='ocrx_word' id='word_1_402' title='bbox 3596 1098 3764 1164; x_wconf 85' lang='grc' dir='ltr'>πάντες</span> 
     </span>
    </p>
   </div>
   <div class='ocr_carea' id='block_1_55' title="bbox 2217 1170 3764 1254">
    <p class='ocr_par' dir='ltr' id='par_1_55' title="bbox 2217 1170 3764 1254">
     <span class='ocr_line' id='line_1_55' title="bbox 2217 1170 3764 1254; baseline 0.016 -35"><span class='ocrx_word' id='word_1_403' title='bbox 2217 1170 2496 1240; x_wconf 81' lang='grc' dir='ltr'>προφῆται</span> <span class='ocrx_word' id='word_1_404' title='bbox 2526 1175 2622 1228; x_wconf 79' lang='grc' dir='ltr'>καὶ</span> <span class='ocrx_word' id='word_1_405' title='bbox 2659 1176 2878 1248; x_wconf 82' lang='grc' dir='ltr'>ἀρχαῖοι</span> <span class='ocrx_word' id='word_1_406' title='bbox 2915 1179 3194 1252; x_wconf 79' lang='grc' dir='ltr'>ἀνθρωττοι</span> <span class='ocrx_word' id='word_1_407' title='bbox 3239 1183 3370 1254; x_wconf 71' lang='grc' dir='ltr'>περὶ</span> <span class='ocrx_word' id='word_1_408' title='bbox 3411 1184 3520 1238; x_wconf 85' lang='grc' dir='ltr'>τῶν</span> <span class='ocrx_word' id='word_1_409' title='bbox 3549 1186 3635 1240; x_wconf 91' lang='grc' dir='ltr'><strong>δύο</strong></span> <span class='ocrx_word' id='word_1_410' title='bbox 3661 1190 3764 1244; x_wconf 88' lang='grc' dir='ltr'>τού-</span> 
     </span>
    </p>
   </div>
   <div class='ocr_carea' id='block_1_56' title="bbox 2214 1265 3764 1351">
    <p class='ocr_par' dir='ltr' id='par_1_56' title="bbox 2214 1265 3764 1351">
     <span class='ocr_line' id='line_1_56' title="bbox 2214 1265 3764 1351; baseline 0.015 -41"><span class='ocrx_word' id='word_1_411' title='bbox 2214 1273 2321 1351; x_wconf 85' lang='grc' dir='ltr'><strong>των</strong></span> <span class='ocrx_word' id='word_1_412' title='bbox 2356 1265 2748 1320; x_wconf 83' lang='grc' dir='ltr'>καταστάσεων</span> <span class='ocrx_word' id='word_1_413' title='bbox 2777 1269 2874 1322; x_wconf 78' lang='grc' dir='ltr'><strong>καὶ</strong></span> <span class='ocrx_word' id='word_1_414' title='bbox 2913 1271 3092 1340; x_wconf 66' lang='grc' dir='ltr'>μόνων</span> <span class='ocrx_word' id='word_1_415' title='bbox 3113 1271 3162 1336; x_wconf 65' lang='grc'><strong>7⁸</strong></span> <span class='ocrx_word' id='word_1_416' title='bbox 3193 1273 3462 1340; x_wconf 78' lang='grc' dir='ltr'><strong>εἰπόντες,</strong></span> <span class='ocrx_word' id='word_1_417' title='bbox 3486 1277 3577 1330; x_wconf 81' lang='grc' dir='ltr'><strong>καὶ</strong></span> <span class='ocrx_word' id='word_1_418' title='bbox 3601 1279 3764 1351; x_wconf 83' lang='grc' dir='ltr'>ἑτέρας</span> 
     </span>
    </p>
   </div>
   <div class='ocr_carea' id='block_1_57' title="bbox 2216 1349 3764 1442">
    <p class='ocr_par' dir='ltr' id='par_1_57' title="bbox 2216 1349 3764 1442">
     <span class='ocr_line' id='line_1_57' title="bbox 2216 1349 3764 1442; baseline 0.016 -41"><span class='ocrx_word' id='word_1_419' title='bbox 2216 1349 2293 1420; x_wconf 84' lang='grc' dir='ltr'>μὴ</span> <span class='ocrx_word' id='word_1_420' title='bbox 2328 1355 2830 1424; x_wconf 78' lang='grc' dir='ltr'>μνημονεύσαντες,</span> <span class='ocrx_word' id='word_1_421' title='bbox 2876 1361 3016 1416; x_wconf 87' lang='grc' dir='ltr'><strong>ἀλλά</strong></span> <span class='ocrx_word' id='word_1_422' title='bbox 3061 1362 3270 1428; x_wconf 86' lang='grc' dir='ltr'>ταύτας</span> <span class='ocrx_word' id='word_1_423' title='bbox 3319 1365 3478 1436; x_wconf 75' lang='grc' dir='ltr'>μόνον</span> <span class='ocrx_word' id='word_1_424' title='bbox 3525 1349 3764 1442; x_wconf 79' lang='grc' dir='ltr'>προκηρύ-</span> 
     </span>
    </p>
   </div>
   <div class='ocr_carea' id='block_1_58' title="bbox 2216 1442 3762 1526">
    <p class='ocr_par' dir='ltr' id='par_1_58' title="bbox 2216 1442 3762 1526">
     <span class='ocr_line' id='line_1_58' title="bbox 2216 1442 3762 1526; baseline 0.014 -32"><span class='ocrx_word' id='word_1_425' title='bbox 2216 1442 2408 1507; x_wconf 79' lang='grc' dir='ltr'>Εαντες</span> <span class='ocrx_word' id='word_1_426' title='bbox 2444 1447 2540 1499; x_wconf 79' lang='grc' dir='ltr'>καὶ</span> <span class='ocrx_word' id='word_1_427' title='bbox 2565 1451 3040 1523; x_wconf 75' lang='grc' dir='ltr'>συγγραψάμενοι,</span> <span class='ocrx_word' id='word_1_428' title='bbox 3090 1456 3154 1509; x_wconf 84' lang='grc' dir='ltr'><strong>οὐ</strong></span> <span class='ocrx_word' id='word_1_429' title='bbox 3193 1455 3356 1526; x_wconf 89' lang='grc' dir='ltr'>μόνον</span> <span class='ocrx_word' id='word_1_430' title='bbox 3387 1457 3466 1524; x_wconf 77' lang='grc' dir='ltr'><strong>δὲ,</strong></span> <span class='ocrx_word' id='word_1_431' title='bbox 3487 1458 3614 1514; x_wconf 84' lang='grc' dir='ltr'><strong>ἀλλά</strong></span> <span class='ocrx_word' id='word_1_432' title='bbox 3637 1463 3762 1517; x_wconf 77' lang='grc' dir='ltr'>καὶὸ</span> 
     </span>
    </p>
   </div>
   <div class='ocr_carea' id='block_1_59' title="bbox 2214 1533 3764 1623">
    <p class='ocr_par' dir='ltr' id='par_1_59' title="bbox 2214 1533 3764 1623">
     <span class='ocr_line' id='line_1_59' title="bbox 2214 1533 3764 1623; baseline 0.014 -36"><span class='ocrx_word' id='word_1_433' title='bbox 2214 1533 2429 1606; x_wconf 84' lang='grc' dir='ltr'>Κύριος</span> <span class='ocrx_word' id='word_1_434' title='bbox 2469 1543 2869 1611; x_wconf 85' lang='grc' dir='ltr'>παραγεγονὼς</span> <span class='ocrx_word' id='word_1_435' title='bbox 2903 1545 2999 1600; x_wconf 78' lang='grc' dir='ltr'>καὶ</span> <span class='ocrx_word' id='word_1_436' title='bbox 3051 1547 3102 1600; x_wconf 77' lang='lat' dir='ltr'><strong>oi</strong></span> <span class='ocrx_word' id='word_1_437' title='bbox 3129 1549 3325 1603; x_wconf 90' lang='grc' dir='ltr'>τούτου</span> <span class='ocrx_word' id='word_1_438' title='bbox 3364 1549 3595 1621; x_wconf 75' lang='grc' dir='ltr'>μαθηταὶ</span> <span class='ocrx_word' id='word_1_439' title='bbox 3629 1555 3764 1623; x_wconf 82' lang='grc' dir='ltr'>εὐαγ-</span> 
     </span>
    </p>
   </div>
   <div class='ocr_carea' id='block_1_60' title="bbox 2207 1623 3762 1714">
    <p class='ocr_par' dir='ltr' id='par_1_60' title="bbox 2207 1623 3762 1714">
     <span class='ocr_line' id='line_1_60' title="bbox 2207 1623 3762 1714; baseline 0.016 -40"><span class='ocrx_word' id='word_1_440' title='bbox 2207 1623 2465 1692; x_wconf 69' lang='grc' dir='ltr'>ςγελισταὶ</span> <span class='ocrx_word' id='word_1_441' title='bbox 2495 1628 2592 1680; x_wconf 71' lang='grc' dir='ltr'>καὶ</span> <span class='ocrx_word' id='word_1_442' title='bbox 2616 1631 2907 1687; x_wconf 85' lang='grc' dir='ltr'>ἀπόστολοι</span> <span class='ocrx_word' id='word_1_443' title='bbox 2933 1636 3088 1689; x_wconf 82' lang='grc' dir='ltr'>οὐδὲν</span> <span class='ocrx_word' id='word_1_444' title='bbox 3129 1637 3320 1709; x_wconf 75' lang='grc' dir='ltr'>ἕτερον</span> <span class='ocrx_word' id='word_1_445' title='bbox 3347 1641 3660 1714; x_wconf 75' lang='grc' dir='ltr'>ἐκήρυξανῆ</span> <span class='ocrx_word' id='word_1_446' title='bbox 3683 1646 3762 1709; x_wconf 81' lang='grc' dir='ltr'>τὰς</span> 
     </span>
    </p>
   </div>
   <div class='ocr_carea' id='block_1_61' title="bbox 2212 1715 3760 1798">
    <p class='ocr_par' dir='ltr' id='par_1_61' title="bbox 2212 1715 3760 1798">
     <span class='ocr_line' id='line_1_61' title="bbox 2212 1715 3760 1798; baseline 0.014 -30"><span class='ocrx_word' id='word_1_447' title='bbox 2212 1715 2307 1769; x_wconf 91' lang='grc' dir='ltr'><strong>δύο</strong></span> <span class='ocrx_word' id='word_1_448' title='bbox 2334 1717 2544 1785; x_wconf 88' lang='grc' dir='ltr'>ταύτας</span> <span class='ocrx_word' id='word_1_449' title='bbox 2567 1724 2662 1790; x_wconf 78' lang='grc' dir='ltr'><strong>καὶ</strong></span> <span class='ocrx_word' id='word_1_450' title='bbox 2689 1725 2860 1796; x_wconf 88' lang='grc' dir='ltr'>μόνας</span> <span class='ocrx_word' id='word_1_451' title='bbox 2901 1729 3292 1796; x_wconf 80' lang='grc' dir='ltr'>καταστάσεις.</span> <span class='ocrx_word' id='word_1_452' title='bbox 3319 1733 3417 1798; x_wconf 83' lang='grc' dir='ltr'><strong>Τίς</strong></span> <span class='ocrx_word' id='word_1_453' title='bbox 3449 1733 3524 1788; x_wconf 79' lang='grc' dir='ltr'>ἔτι</span> <span class='ocrx_word' id='word_1_454' title='bbox 3555 1735 3760 1792; x_wconf 80' lang='grc' dir='ltr'>λείπεται</span> 
     </span>
    </p>
   </div>
   <div class='ocr_carea' id='block_1_62' title="bbox 2135 1803 3760 1898">
    <p class='ocr_par' dir='ltr' id='par_1_62' title="bbox 2135 1803 3760 1898">
     <span class='ocr_line' id='line_1_62' title="bbox 2135 1803 3760 1898; baseline 0.017 -39"><span class='ocrx_word' id='word_1_455' title='bbox 2135 1803 2178 1859; x_wconf 88' lang='grc' dir='ltr'><strong>Β</strong></span> <span class='ocrx_word' id='word_1_456' title='bbox 2206 1807 2445 1898; x_wconf 86' lang='grc' dir='ltr'>πίστεως</span> <span class='ocrx_word' id='word_1_457' title='bbox 2473 1812 2550 1878; x_wconf 85' lang='grc' dir='ltr'><strong>ὡς</strong></span> <span class='ocrx_word' id='word_1_458' title='bbox 2572 1815 2657 1870; x_wconf 85' lang='grc' dir='ltr'>ὅτι</span> <span class='ocrx_word' id='word_1_459' title='bbox 2690 1819 2865 1873; x_wconf 88' lang='grc' dir='ltr'>ταῦτα</span> <span class='ocrx_word' id='word_1_460' title='bbox 2894 1820 2997 1875; x_wconf 87' lang='grc' dir='ltr'><strong>ούκ</strong></span> <span class='ocrx_word' id='word_1_461' title='bbox 3044 1823 3185 1878; x_wconf 68' lang='grc' dir='ltr'>εἰσιν</span> <span class='ocrx_word' id='word_1_462' title='bbox 3217 1825 3398 1898; x_wconf 80' lang='grc' dir='ltr'>ἀληθῆ</span> <span class='ocrx_word' id='word_1_463' title='bbox 3420 1841 3435 1891; x_wconf 92' lang='lat'><strong>;</strong></span> <span class='ocrx_word' id='word_1_464' title='bbox 3460 1826 3550 1890; x_wconf 87' lang='grc' dir='ltr'>Τίς</span> <span class='ocrx_word' id='word_1_465' title='bbox 3582 1824 3670 1883; x_wconf 86' lang='grc' dir='ltr'><strong>ὁύκ</strong></span> <span class='ocrx_word' id='word_1_466' title='bbox 3692 1831 3760 1886; x_wconf 80' lang='grc' dir='ltr'><strong>ὲν-</strong></span> 
     </span>
    </p>
   </div>
   <div class='ocr_carea' id='block_1_63' title="bbox 2208 1923 3760 2007">
    <p class='ocr_par' dir='ltr' id='par_1_63' title="bbox 2208 1923 3760 2007">
     <span class='ocr_line' id='line_1_63' title="bbox 2208 1923 3760 2007; baseline 0.015 -33"><span class='ocrx_word' id='word_1_467' title='bbox 2208 1923 2553 1994; x_wconf 90' lang='grc' dir='ltr'>τραπήσεται</span> <span class='ocrx_word' id='word_1_468' title='bbox 2573 1926 2666 1980; x_wconf 77' lang='grc' dir='ltr'><strong>τὸν</strong></span> <span class='ocrx_word' id='word_1_469' title='bbox 2698 1927 2857 2000; x_wconf 80' lang='grc' dir='ltr'>δχλον</span> <span class='ocrx_word' id='word_1_470' title='bbox 2885 1931 2996 1984; x_wconf 84' lang='grc' dir='ltr'>τῶν</span> <span class='ocrx_word' id='word_1_471' title='bbox 3019 1935 3408 2007; x_wconf 77' lang='grc' dir='ltr'>προρρήσεων,</span> <span class='ocrx_word' id='word_1_472' title='bbox 3431 1936 3529 2002; x_wconf 86' lang='grc' dir='ltr'><strong>τάς</strong></span> <span class='ocrx_word' id='word_1_473' title='bbox 3547 1939 3760 2007; x_wconf 72' lang='grc' dir='ltr'>ἐκϐάσεις</span> 
     </span>
    </p>
   </div>
   <div class='ocr_carea' id='block_1_64' title="bbox 2209 2015 3760 2100">
    <p class='ocr_par' dir='ltr' id='par_1_64' title="bbox 2209 2015 3760 2100">
     <span class='ocr_line' id='line_1_64' title="bbox 2209 2015 3760 2100; baseline 0.013 -32"><span class='ocrx_word' id='word_1_474' title='bbox 2209 2015 2320 2070; x_wconf 86' lang='grc' dir='ltr'>τῶν</span> <span class='ocrx_word' id='word_1_475' title='bbox 2346 2019 2698 2090; x_wconf 84' lang='grc' dir='ltr'>προφητειῶν</span> <span class='ocrx_word' id='word_1_476' title='bbox 2717 2022 2787 2086; x_wconf 88' lang='lat'><strong>&quot;,</strong></span> <span class='ocrx_word' id='word_1_477' title='bbox 2817 2023 2916 2078; x_wconf 77' lang='grc' dir='ltr'><strong>τὸν</strong></span> <span class='ocrx_word' id='word_1_478' title='bbox 2945 2025 3102 2097; x_wconf 83' lang='grc' dir='ltr'>ϐχλον</span> <span class='ocrx_word' id='word_1_479' title='bbox 3137 2028 3250 2083; x_wconf 84' lang='grc' dir='ltr'>τῶν</span> <span class='ocrx_word' id='word_1_480' title='bbox 3280 2031 3541 2100; x_wconf 85' lang='grc' dir='ltr'>σημείων,</span> <span class='ocrx_word' id='word_1_481' title='bbox 3569 2032 3654 2086; x_wconf 82' lang='grc' dir='ltr'>καὶ</span> <span class='ocrx_word' id='word_1_482' title='bbox 3672 2034 3760 2090; x_wconf 84' lang='grc' dir='ltr'><strong>τῶν</strong></span> 
     </span>
    </p>
   </div>
   <div class='ocr_carea' id='block_1_65' title="bbox 2210 2111 3762 2198">
    <p class='ocr_par' dir='ltr' id='par_1_65' title="bbox 2210 2111 3762 2198">
     <span class='ocr_line' id='line_1_65' title="bbox 2210 2111 3762 2198; baseline 0.013 -34"><span class='ocrx_word' id='word_1_483' title='bbox 2210 2111 2556 2182; x_wconf 81' lang='grc' dir='ltr'>παραδόξων,</span> <span class='ocrx_word' id='word_1_484' title='bbox 2588 2116 2825 2172; x_wconf 74' lang='grc' dir='ltr'>καὶτῶν</span> <span class='ocrx_word' id='word_1_485' title='bbox 2849 2118 3166 2192; x_wconf 82' lang='grc' dir='ltr'>θαυμάτων,</span> <span class='ocrx_word' id='word_1_486' title='bbox 3193 2123 3371 2197; x_wconf 77' lang='grc' dir='ltr'>αὐτὴν</span> <span class='ocrx_word' id='word_1_487' title='bbox 3403 2124 3501 2198; x_wconf 80' lang='grc' dir='ltr'><strong>τήν</strong></span> <span class='ocrx_word' id='word_1_488' title='bbox 3529 2127 3762 2186; x_wconf 81' lang='grc' dir='ltr'>πολιτείαν</span> 
     </span>
    </p>
   </div>
   <div class='ocr_carea' id='block_1_66' title="bbox 2210 2206 3762 2293">
    <p class='ocr_par' dir='ltr' id='par_1_66' title="bbox 2210 2206 3762 2293">
     <span class='ocr_line' id='line_1_66' title="bbox 2210 2206 3762 2293; baseline 0.013 -35"><span class='ocrx_word' id='word_1_489' title='bbox 2210 2206 2432 2261; x_wconf 84' lang='grc' dir='ltr'>πάντων</span> <span class='ocrx_word' id='word_1_490' title='bbox 2471 2207 2584 2264; x_wconf 89' lang='grc' dir='ltr'>τῶν</span> <span class='ocrx_word' id='word_1_491' title='bbox 2612 2209 2785 2280; x_wconf 88' lang='grc' dir='ltr'>ἀγίων</span> <span class='ocrx_word' id='word_1_492' title='bbox 2825 2213 2922 2266; x_wconf 77' lang='grc' dir='ltr'><strong>καὶ</strong></span> <span class='ocrx_word' id='word_1_493' title='bbox 2971 2214 3067 2269; x_wconf 92' lang='grc' dir='ltr'><strong>τοῦ</strong></span> <span class='ocrx_word' id='word_1_494' title='bbox 3125 2217 3405 2273; x_wconf 85' lang='grc' dir='ltr'>Δεσπότου</span> <span class='ocrx_word' id='word_1_495' title='bbox 3445 2221 3662 2293; x_wconf 74' lang='grc' dir='ltr'>Χριστοῦ</span> <span class='ocrx_word' id='word_1_496' title='bbox 3687 2225 3762 2278; x_wconf 75' lang='grc' dir='ltr'><strong>καὶ</strong></span> 
     </span>
    </p>
   </div>
   <div class='ocr_carea' id='block_1_67' title="bbox 2209 2297 3762 2385">
    <p class='ocr_par' dir='ltr' id='par_1_67' title="bbox 2209 2297 3762 2385">
     <span class='ocr_line' id='line_1_67' title="bbox 2209 2297 3762 2385; baseline 0.012 -33"><span class='ocrx_word' id='word_1_497' title='bbox 2209 2297 2322 2353; x_wconf 87' lang='grc' dir='ltr'>τῶν</span> <span class='ocrx_word' id='word_1_498' title='bbox 2348 2301 2514 2354; x_wconf 84' lang='grc' dir='ltr'>αὑτοῦ</span> <span class='ocrx_word' id='word_1_499' title='bbox 2549 2303 2896 2374; x_wconf 87' lang='grc' dir='ltr'>ἀποστόλων,</span> <span class='ocrx_word' id='word_1_500' title='bbox 2928 2307 3029 2380; x_wconf 84' lang='grc' dir='ltr'><strong>τὴν</strong></span> <span class='ocrx_word' id='word_1_501' title='bbox 3075 2312 3406 2380; x_wconf 83' lang='grc' dir='ltr'>συμφωνίαν</span> <span class='ocrx_word' id='word_1_502' title='bbox 3433 2314 3530 2385; x_wconf 88' lang='grc' dir='ltr'><strong>τῆς</strong></span> <span class='ocrx_word' id='word_1_503' title='bbox 3555 2315 3762 2380; x_wconf 82' lang='grc' dir='ltr'>Παλαιᾶς</span> 
     </span>
    </p>
   </div>
   <div class='ocr_carea' id='block_1_68' title="bbox 2210 2389 3763 2474">
    <p class='ocr_par' dir='ltr' id='par_1_68' title="bbox 2210 2389 3763 2474">
     <span class='ocr_line' id='line_1_68' title="bbox 2210 2389 3763 2474; baseline 0.01 -32"><span class='ocrx_word' id='word_1_504' title='bbox 2210 2389 2307 2457; x_wconf 73' lang='grc' dir='ltr'><strong>καὶ</strong></span> <span class='ocrx_word' id='word_1_505' title='bbox 2335 2391 2548 2462; x_wconf 82' lang='grc' dir='ltr'>Καινῆς</span> <span class='ocrx_word' id='word_1_506' title='bbox 2565 2391 2840 2466; x_wconf 87' lang='grc' dir='ltr'>Διαθήκης</span> <span class='ocrx_word' id='word_1_507' title='bbox 2864 2411 2879 2461; x_wconf 91' lang='lat'><strong>;</strong></span> <span class='ocrx_word' id='word_1_508' title='bbox 2909 2395 3006 2460; x_wconf 91' lang='grc' dir='ltr'><strong>Τίς</strong></span> <span class='ocrx_word' id='word_1_509' title='bbox 3026 2395 3086 2464; x_wconf 74' lang='grc' dir='ltr'><strong>ἐξ</strong></span> <span class='ocrx_word' id='word_1_510' title='bbox 3105 2397 3293 2453; x_wconf 83' lang='grc' dir='ltr'>αὐτῶν</span> <span class='ocrx_word' id='word_1_511' title='bbox 3318 2399 3634 2473; x_wconf 86' lang='grc' dir='ltr'>διεφώνησεν</span> <span class='ocrx_word' id='word_1_512' title='bbox 3652 2403 3763 2474; x_wconf 77' lang='grc' dir='ltr'>πρὸς</span> 
     </span>
    </p>
   </div>
   <div class='ocr_carea' id='block_1_69' title="bbox 2211 2481 3761 2564">
    <p class='ocr_par' dir='ltr' id='par_1_69' title="bbox 2211 2481 3761 2564">
     <span class='ocr_line' id='line_1_69' title="bbox 2211 2481 3761 2564; baseline 0.008 -29"><span class='ocrx_word' id='word_1_513' title='bbox 2211 2481 2339 2546; x_wconf 82' lang='grc' dir='ltr'>τοὺς</span> <span class='ocrx_word' id='word_1_514' title='bbox 2373 2482 2570 2546; x_wconf 83' lang='grc' dir='ltr'>ἀλλους</span> <span class='ocrx_word' id='word_1_515' title='bbox 2593 2485 2914 2556; x_wconf 75' lang='grc' dir='ltr'>σφαιροειδῆ</span> <span class='ocrx_word' id='word_1_516' title='bbox 2953 2485 3054 2541; x_wconf 80' lang='grc' dir='ltr'>τὸν</span> <span class='ocrx_word' id='word_1_517' title='bbox 3074 2487 3309 2560; x_wconf 76' lang='grc' dir='ltr'>οὐρανὸν</span> <span class='ocrx_word' id='word_1_518' title='bbox 3335 2490 3710 2564; x_wconf 74' lang='grc' dir='ltr'>ἐξηγησάμενος</span> <span class='ocrx_word' id='word_1_519' title='bbox 3733 2492 3761 2564; x_wconf 74' lang='grc' dir='ltr'>ἢ</span> 
     </span>
    </p>
   </div>
   <div class='ocr_carea' id='block_1_70' title="bbox 2214 2575 3766 2656">
    <p class='ocr_par' dir='ltr' id='par_1_70' title="bbox 2214 2575 3766 2656">
     <span class='ocr_line' id='line_1_70' title="bbox 2214 2575 3766 2656; baseline 0.007 -27"><span class='ocrx_word' id='word_1_520' title='bbox 2214 2575 2624 2649; x_wconf 66' lang='grc' dir='ltr'><strong>ιπροίῖπαρξινη</strong></span> <span class='ocrx_word' id='word_1_521' title='bbox 2652 2578 2846 2632; x_wconf 88' lang='grc' dir='ltr'>τούτου</span> <span class='ocrx_word' id='word_1_522' title='bbox 2870 2577 2967 2634; x_wconf 90' lang='grc' dir='ltr'><strong>τοῦ</strong></span> <span class='ocrx_word' id='word_1_523' title='bbox 3000 2580 3211 2654; x_wconf 87' lang='grc' dir='ltr'>κόσμου</span> <span class='ocrx_word' id='word_1_524' title='bbox 3262 2583 3542 2656; x_wconf 73' lang='grc' dir='ltr'>ἐκήρυξεν,</span> <span class='ocrx_word' id='word_1_525' title='bbox 3569 2585 3602 2656; x_wconf 77' lang='grc' dir='ltr'>ἢ</span> <span class='ocrx_word' id='word_1_526' title='bbox 3627 2585 3766 2639; x_wconf 64' lang='grc' dir='ltr'>ἀίδιον</span> 
     </span>
    </p>
   </div>
   <div class='ocr_carea' id='block_1_71' title="bbox 2215 2665 3765 2750">
    <p class='ocr_par' dir='ltr' id='par_1_71' title="bbox 2215 2665 3765 2750">
     <span class='ocr_line' id='line_1_71' title="bbox 2215 2665 3765 2750; baseline 0.006 -26"><span class='ocrx_word' id='word_1_527' title='bbox 2215 2665 2355 2726; x_wconf 80' lang='grc' dir='ltr'>εῖναι</span> <span class='ocrx_word' id='word_1_528' title='bbox 2388 2671 2482 2726; x_wconf 83' lang='grc' dir='ltr'><strong>τὸν</strong></span> <span class='ocrx_word' id='word_1_529' title='bbox 2537 2671 2742 2745; x_wconf 87' lang='grc' dir='ltr'>κόσμον</span> <span class='ocrx_word' id='word_1_530' title='bbox 2775 2675 3119 2748; x_wconf 87' lang='grc' dir='ltr'>ἀπεφήνατο,</span> <span class='ocrx_word' id='word_1_531' title='bbox 3153 2676 3185 2748; x_wconf 73' lang='grc' dir='ltr'>ἢ</span> <span class='ocrx_word' id='word_1_532' title='bbox 3227 2677 3469 2750; x_wconf 79' lang='grc' dir='ltr'>ἠθέτησε</span> <span class='ocrx_word' id='word_1_533' title='bbox 3501 2679 3544 2712; x_wconf 72' lang='grc' dir='ltr'><strong>τ’</strong></span> <span class='ocrx_word' id='word_1_534' title='bbox 3565 2679 3655 2750; x_wconf 81' lang='grc' dir='ltr'>τὴν</span> <span class='ocrx_word' id='word_1_535' title='bbox 3680 2678 3765 2750; x_wconf 79' lang='grc' dir='ltr'>τῶν</span> 
     </span>
    </p>
   </div>
   <div class='ocr_carea' id='block_1_72' title="bbox 2216 2745 3764 2841">
    <p class='ocr_par' dir='ltr' id='par_1_72' title="bbox 2216 2745 3764 2841">
     <span class='ocr_line' id='line_1_72' title="bbox 2216 2745 3764 2841; baseline 0.003 -23"><span class='ocrx_word' id='word_1_536' title='bbox 2216 2750 2490 2834; x_wconf 79' lang='grc' dir='ltr'>σώμάτων</span> <span class='ocrx_word' id='word_1_537' title='bbox 2538 2764 2698 2836; x_wconf 87' lang='grc' dir='ltr'>ἡμῶν</span> <span class='ocrx_word' id='word_1_538' title='bbox 2745 2745 3104 2839; x_wconf 82' lang='grc' dir='ltr'>ἀνάστασινῆ</span> <span class='ocrx_word' id='word_1_539' title='bbox 3303 2745 3405 2824; x_wconf 34' lang='grc' dir='ltr'>διὰ-</span> <span class='ocrx_word' id='word_1_540' title='bbox 3436 2769 3527 2824; x_wconf 90' lang='grc' dir='ltr'><strong>τοῦ</strong></span> <span class='ocrx_word' id='word_1_541' title='bbox 3565 2745 3764 2841; x_wconf 72' lang='grc' dir='ltr'>Χριστοῦ</span> 
     </span>
    </p>
   </div>
   <div class='ocr_carea' id='block_1_73' title="bbox 2213 2857 3766 2934">
    <p class='ocr_par' dir='ltr' id='par_1_73' title="bbox 2213 2857 3766 2934">
     <span class='ocr_line' id='line_1_73' title="bbox 2213 2857 3766 2934; baseline 0.004 -24"><span class='ocrx_word' id='word_1_542' title='bbox 2213 2857 2520 2930; x_wconf 82' lang='grc' dir='ltr'>γενομένην</span> <span class='ocrx_word' id='word_1_543' title='bbox 2556 2859 2876 2930; x_wconf 84' lang='grc' dir='ltr'>οίκονομίαν</span> <span class='ocrx_word' id='word_1_544' title='bbox 2919 2859 3016 2916; x_wconf 91' lang='grc' dir='ltr'><strong>τοῦ</strong></span> <span class='ocrx_word' id='word_1_545' title='bbox 3045 2861 3382 2934; x_wconf 74' lang='grc' dir='ltr'>ἀνέρχεσθαι</span> <span class='ocrx_word' id='word_1_546' title='bbox 3405 2863 3531 2928; x_wconf 76' lang='grc' dir='ltr'>τοὺς</span> <span class='ocrx_word' id='word_1_547' title='bbox 3564 2863 3766 2926; x_wconf 82' lang='grc' dir='ltr'>δικαίους</span> 
     </span>
    </p>
   </div>
   <div class='ocr_carea' id='block_1_74' title="bbox 2215 2948 3768 3023">
    <p class='ocr_par' dir='ltr' id='par_1_74' title="bbox 2215 2948 3768 3023">
     <span class='ocr_line' id='line_1_74' title="bbox 2215 2948 3768 3023; baseline 0.004 -20"><span class='ocrx_word' id='word_1_548' title='bbox 2215 2948 2538 3020; x_wconf 81' lang='grc' dir='ltr'>ἀνθρώπους</span> <span class='ocrx_word' id='word_1_549' title='bbox 2590 2950 2673 3014; x_wconf 81' lang='grc' dir='ltr'><strong>είς</strong></span> <span class='ocrx_word' id='word_1_550' title='bbox 2710 2950 2804 3004; x_wconf 83' lang='grc' dir='ltr'><strong>τὸν</strong></span> <span class='ocrx_word' id='word_1_551' title='bbox 2857 2951 3123 3023; x_wconf 85' lang='grc' dir='ltr'>οὐρανόν;</span> <span class='ocrx_word' id='word_1_552' title='bbox 3168 2953 3340 3008; x_wconf 81' lang='grc' dir='ltr'>Ἀλλὰ</span> <span class='ocrx_word' id='word_1_553' title='bbox 3391 2955 3586 3020; x_wconf 89' lang='grc' dir='ltr'>πάντες</span> <span class='ocrx_word' id='word_1_554' title='bbox 3623 2955 3688 3019; x_wconf 83' lang='grc' dir='ltr'>ὡς</span> <span class='ocrx_word' id='word_1_555' title='bbox 3720 2953 3768 3021; x_wconf 74' lang='grc' dir='ltr'>ἐξ</span> 
     </span>
    </p>
   </div>
   <div class='ocr_carea' id='block_1_75' title="bbox 2217 3038 3766 3116">
    <p class='ocr_par' dir='ltr' id='par_1_75' title="bbox 2217 3038 3766 3116">
     <span class='ocr_line' id='line_1_75' title="bbox 2217 3038 3766 3116; baseline 0.004 -24"><span class='ocrx_word' id='word_1_556' title='bbox 2217 3038 2335 3104; x_wconf 83' lang='grc' dir='ltr'>ένός</span> <span class='ocrx_word' id='word_1_557' title='bbox 2366 3039 2514 3093; x_wconf 88' lang='grc' dir='ltr'>θείου</span> <span class='ocrx_word' id='word_1_558' title='bbox 2543 3040 2868 3112; x_wconf 88' lang='grc' dir='ltr'>Πνεύματος</span> <span class='ocrx_word' id='word_1_559' title='bbox 2913 3042 3322 3116; x_wconf 75' lang='grc' dir='ltr'>ποδηγούμενω</span> <span class='ocrx_word' id='word_1_560' title='bbox 3347 3045 3417 3102; x_wconf 84' lang='grc' dir='ltr'>τὰ</span> <span class='ocrx_word' id='word_1_561' title='bbox 3446 3045 3579 3102; x_wconf 80' lang='grc' dir='ltr'>αὐτὰ</span> <span class='ocrx_word' id='word_1_562' title='bbox 3612 3047 3694 3100; x_wconf 82' lang='grc' dir='ltr'>καὶ</span> <span class='ocrx_word' id='word_1_563' title='bbox 3713 3045 3766 3098; x_wconf 80' lang='grc' dir='ltr'>δι’</span> 
     </span>
    </p>
   </div>
   <div class='ocr_carea' id='block_1_76' title="bbox 2215 3131 3769 3212">
    <p class='ocr_par' dir='ltr' id='par_1_76' title="bbox 2215 3131 3769 3212">
     <span class='ocr_line' id='line_1_76' title="bbox 2215 3131 3769 3212; baseline 0.003 -26"><span class='ocrx_word' id='word_1_564' title='bbox 2215 3131 2396 3203; x_wconf 68' lang='grc' dir='ltr'>ἔργων</span> <span class='ocrx_word' id='word_1_565' title='bbox 2421 3132 2518 3187; x_wconf 76' lang='grc' dir='ltr'>καὶ</span> <span class='ocrx_word' id='word_1_566' title='bbox 2541 3131 2632 3187; x_wconf 84' lang='grc' dir='ltr'>διὰ</span> <span class='ocrx_word' id='word_1_567' title='bbox 2671 3133 2848 3202; x_wconf 90' lang='grc' dir='ltr'>λόγων</span> <span class='ocrx_word' id='word_1_568' title='bbox 2875 3135 2998 3206; x_wconf 86' lang='grc' dir='ltr'>ήτοι</span> <span class='ocrx_word' id='word_1_569' title='bbox 3035 3137 3224 3192; x_wconf 83' lang='grc' dir='ltr'>τύπων</span> <span class='ocrx_word' id='word_1_570' title='bbox 3259 3139 3654 3212; x_wconf 85' lang='grc' dir='ltr'>προεμήνυσαν,</span> <span class='ocrx_word' id='word_1_571' title='bbox 3693 3138 3769 3192; x_wconf 80' lang='grc' dir='ltr'><strong>καὶ</strong></span> 
     </span>
    </p>
   </div>
   <div class='ocr_carea' id='block_1_77' title="bbox 2219 3197 3895 3304">
    <p class='ocr_par' dir='ltr' id='par_1_77' title="bbox 2219 3197 3895 3304">
     <span class='ocr_line' id='line_1_77' title="bbox 2219 3197 3895 3304; baseline 0.007 -26"><span class='ocrx_word' id='word_1_572' title='bbox 2219 3197 2422 3290; x_wconf 76' lang='grc' dir='ltr'>πάντες</span> <span class='ocrx_word' id='word_1_573' title='bbox 2445 3227 2526 3290; x_wconf 85' lang='grc' dir='ltr'><strong>είς</strong></span> <span class='ocrx_word' id='word_1_574' title='bbox 2544 3225 2642 3296; x_wconf 82' lang='grc' dir='ltr'>τὴν</span> <span class='ocrx_word' id='word_1_575' title='bbox 2669 3197 2972 3297; x_wconf 72' lang='grc' dir='ltr'>μέλλουσαν</span> <span class='ocrx_word' id='word_1_576' title='bbox 2999 3197 3346 3286; x_wconf 66' lang='grc' dir='ltr'>κατάστασίν</span> <span class='ocrx_word' id='word_1_577' title='bbox 3373 3197 3654 3304; x_wconf 58' lang='grc' dir='ltr'>ἀφόρῶσιν;</span> <span class='ocrx_word' id='word_1_578' title='bbox 3679 3230 3768 3286; x_wconf 68' lang='grc' dir='ltr'><strong>Καὶ</strong></span> <span class='ocrx_word' id='word_1_579' title='bbox 3883 3197 3895 3290; x_wconf 42' lang='grc' dir='ltr'><strong>ί</strong></span> 
     </span>
    </p>
   </div>
   <div class='ocr_carea' id='block_1_78' title="bbox 2217 3315 3780 3394">
    <p class='ocr_par' dir='ltr' id='par_1_78' title="bbox 2217 3315 3780 3394">
     <span class='ocr_line' id='line_1_78' title="bbox 2217 3315 3780 3394; baseline 0.003 -24"><span class='ocrx_word' id='word_1_580' title='bbox 2217 3315 2383 3380; x_wconf 80' lang='grc' dir='ltr'>αὐτὸς</span> <span class='ocrx_word' id='word_1_581' title='bbox 2409 3316 2468 3370; x_wconf 80' lang='grc' dir='ltr'>δὲ</span> <span class='ocrx_word' id='word_1_582' title='bbox 2499 3317 2529 3370; x_wconf 87' lang='grc' dir='ltr'><strong>ό</strong></span> <span class='ocrx_word' id='word_1_583' title='bbox 2555 3318 2837 3390; x_wconf 81' lang='grc' dir='ltr'>Δεσπότης</span> <span class='ocrx_word' id='word_1_584' title='bbox 2889 3321 3126 3392; x_wconf 81' lang='grc' dir='ltr'>Χριστὸς</span> <span class='ocrx_word' id='word_1_585' title='bbox 3153 3323 3212 3376; x_wconf 82' lang='grc' dir='ltr'><strong>έν</strong></span> <span class='ocrx_word' id='word_1_586' title='bbox 3254 3324 3606 3394; x_wconf 84' lang='grc' dir='ltr'>Εὐαγγελίοις</span> <span class='ocrx_word' id='word_1_587' title='bbox 3647 3323 3780 3394; x_wconf 68' lang='grc' dir='ltr'>δηλοῑι</span> 
     </span>
    </p>
   </div>
   <div class='ocr_carea' id='block_1_79' title="bbox 2215 3402 3770 3482">
    <p class='ocr_par' dir='ltr' id='par_1_79' title="bbox 2215 3402 3770 3482">
     <span class='ocr_line' id='line_1_79' title="bbox 2215 3402 3770 3482; baseline 0.002 -22"><span class='ocrx_word' id='word_1_588' title='bbox 2215 3407 2277 3463; x_wconf 87' lang='grc' dir='ltr'>ὲν</span> <span class='ocrx_word' id='word_1_589' title='bbox 2306 3402 2388 3472; x_wconf 79' lang='grc' dir='ltr'>οἷς</span> <span class='ocrx_word' id='word_1_590' title='bbox 2415 3406 2703 3478; x_wconf 83' lang='grc' dir='ltr'>μέλλουσιν</span> <span class='ocrx_word' id='word_1_591' title='bbox 2725 3410 3163 3482; x_wconf 85' lang='grc' dir='ltr'>ἀναστρέφεσθαι</span> <span class='ocrx_word' id='word_1_592' title='bbox 3189 3413 3240 3466; x_wconf 87' lang='grc' dir='ltr'>οἱ</span> <span class='ocrx_word' id='word_1_593' title='bbox 3272 3414 3470 3468; x_wconf 86' lang='grc' dir='ltr'>τέλειοι</span> <span class='ocrx_word' id='word_1_594' title='bbox 3493 3413 3673 3468; x_wconf 89' lang='grc' dir='ltr'>δίκαιοι</span> <span class='ocrx_word' id='word_1_595' title='bbox 3693 3410 3770 3467; x_wconf 67' lang='grc' dir='ltr'><strong>καὶ</strong></span> 
     </span>
    </p>
   </div>
   <div class='ocr_carea' id='block_1_80' title="bbox 2217 3499 3769 3577">
    <p class='ocr_par' dir='ltr' id='par_1_80' title="bbox 2217 3499 3769 3577">
     <span class='ocr_line' id='line_1_80' title="bbox 2217 3499 3769 3577; baseline 0.001 -25"><span class='ocrx_word' id='word_1_596' title='bbox 2217 3499 2266 3553; x_wconf 80' lang='grc' dir='ltr'>οἱ</span> <span class='ocrx_word' id='word_1_597' title='bbox 2303 3499 2462 3571; x_wconf 80' lang='grc' dir='ltr'>μέσοι</span> <span class='ocrx_word' id='word_1_598' title='bbox 2498 3501 2592 3554; x_wconf 67' lang='grc' dir='ltr'><strong>καλ⁸</strong></span> <span class='ocrx_word' id='word_1_599' title='bbox 2619 3501 2670 3554; x_wconf 79' lang='grc' dir='ltr'>οἱ</span> <span class='ocrx_word' id='word_1_600' title='bbox 2701 3500 2940 3567; x_wconf 84' lang='grc' dir='ltr'>ἀσεϐεῖς.</span> <span class='ocrx_word' id='word_1_601' title='bbox 2978 3503 3091 3558; x_wconf 78' lang='grc' dir='ltr'><strong>Καὶ</strong></span> <span class='ocrx_word' id='word_1_602' title='bbox 3137 3504 3277 3576; x_wconf 74' lang='grc' dir='ltr'>περὶ</span> <span class='ocrx_word' id='word_1_603' title='bbox 3327 3504 3426 3577; x_wconf 80' lang='grc' dir='ltr'><strong>μὲν</strong></span> <span class='ocrx_word' id='word_1_604' title='bbox 3461 3503 3566 3560; x_wconf 87' lang='grc' dir='ltr'>τῶν</span> <span class='ocrx_word' id='word_1_605' title='bbox 3583 3503 3769 3558; x_wconf 83' lang='grc' dir='ltr'>δικαίων</span> 
     </span>
    </p>
   </div>
   <div class='ocr_carea' id='block_1_81' title="bbox 2215 3592 3769 3669">
    <p class='ocr_par' dir='ltr' id='par_1_81' title="bbox 2215 3592 3769 3669">
     <span class='ocr_line' id='line_1_81' title="bbox 2215 3592 3769 3669; baseline 0.002 -23"><span class='ocrx_word' id='word_1_606' title='bbox 2215 3593 2326 3647; x_wconf 85' lang='grc' dir='ltr'>τῶν</span> <span class='ocrx_word' id='word_1_607' title='bbox 2365 3592 2612 3660; x_wconf 84' lang='grc' dir='ltr'>τελείων,</span> <span class='ocrx_word' id='word_1_608' title='bbox 2667 3593 2744 3659; x_wconf 84' lang='grc' dir='ltr'>ὡς</span> <span class='ocrx_word' id='word_1_609' title='bbox 2783 3595 2914 3649; x_wconf 84' lang='grc' dir='ltr'>ὅταν</span> <span class='ocrx_word' id='word_1_610' title='bbox 2971 3597 3372 3669; x_wconf 81' lang='grc' dir='ltr'>προσκαλεῖται</span> <span class='ocrx_word' id='word_1_611' title='bbox 3429 3599 3616 3662; x_wconf 78' lang='grc' dir='ltr'>αὐτοὺς</span> <span class='ocrx_word' id='word_1_612' title='bbox 3660 3597 3769 3668; x_wconf 85' lang='grc' dir='ltr'>πρὸς</span> 
     </span>
    </p>
   </div>
   <div class='ocr_carea' id='block_1_82' title="bbox 2217 3684 3767 3763">
    <p class='ocr_par' dir='ltr' id='par_1_82' title="bbox 2217 3684 3767 3763">
     <span class='ocr_line' id='line_1_82' title="bbox 2217 3684 3767 3763; baseline 0.001 -24"><span class='ocrx_word' id='word_1_613' title='bbox 2217 3685 2412 3740; x_wconf 79' lang='grc' dir='ltr'>ἑαυτὸν</span> <span class='ocrx_word' id='word_1_614' title='bbox 2441 3684 2624 3754; x_wconf 90' lang='grc' dir='ltr'>λέγων</span> <span class='ocrx_word' id='word_1_615' title='bbox 2648 3703 2663 3718; x_wconf 71' lang='grc' dir='ltr'><strong>ο</strong></span> <span class='ocrx_word' id='word_1_616' title='bbox 2695 3705 2714 3737; x_wconf 74' lang='grc' dir='ltr'><strong>ι</strong></span> <span class='ocrx_word' id='word_1_617' title='bbox 2748 3687 2936 3754; x_wconf 83' lang='grc' dir='ltr'>Δεῦτε,</span> <span class='ocrx_word' id='word_1_618' title='bbox 2979 3691 3029 3742; x_wconf 79' lang='grc' dir='ltr'><strong>οἱ</strong></span> <span class='ocrx_word' id='word_1_619' title='bbox 3071 3689 3436 3763; x_wconf 83' lang='grc' dir='ltr'>εὐλογημένοι</span> <span class='ocrx_word' id='word_1_620' title='bbox 3471 3691 3560 3745; x_wconf 88' lang='grc' dir='ltr'><strong>τοῦ</strong></span> <span class='ocrx_word' id='word_1_621' title='bbox 3590 3686 3767 3758; x_wconf 81' lang='grc' dir='ltr'>Πατρός</span> 
     </span>
    </p>
   </div>
   <div class='ocr_carea' id='block_1_83' title="bbox 2221 3777 3768 3854">
    <p class='ocr_par' dir='ltr' id='par_1_83' title="bbox 2221 3777 3768 3854">
     <span class='ocr_line' id='line_1_83' title="bbox 2221 3777 3768 3854; baseline -0.001 -23"><span class='ocrx_word' id='word_1_622' title='bbox 2221 3794 2344 3848; x_wconf 87' lang='grc' dir='ltr'>μου,</span> <span class='ocrx_word' id='word_1_623' title='bbox 2379 3777 2833 3850; x_wconf 84' lang='grc' dir='ltr'>κληρονομήσατε</span> <span class='ocrx_word' id='word_1_624' title='bbox 2886 3779 2987 3852; x_wconf 82' lang='grc' dir='ltr'>τὴν</span> <span class='ocrx_word' id='word_1_625' title='bbox 3033 3781 3455 3854; x_wconf 82' lang='grc' dir='ltr'>ἡτοιμασμένην</span> <span class='ocrx_word' id='word_1_626' title='bbox 3486 3783 3608 3854; x_wconf 82' lang='grc' dir='ltr'>ύμῖν</span> <span class='ocrx_word' id='word_1_627' title='bbox 3641 3779 3768 3851; x_wconf 82' lang='grc' dir='ltr'>βασι-</span> 
     </span>
    </p>
   </div>
   <div class='ocr_carea' id='block_1_84' title="bbox 2217 3869 3766 3946">
    <p class='ocr_par' dir='ltr' id='par_1_84' title="bbox 2217 3869 3766 3946">
     <span class='ocr_line' id='line_1_84' title="bbox 2217 3869 3766 3946; baseline -0.002 -20"><span class='ocrx_word' id='word_1_628' title='bbox 2217 3873 2368 3927; x_wconf 88' lang='grc' dir='ltr'>λείαν</span> <span class='ocrx_word' id='word_1_629' title='bbox 2397 3872 2506 3927; x_wconf 82' lang='grc' dir='ltr'><strong>ἀπὸ</strong></span> <span class='ocrx_word' id='word_1_630' title='bbox 2535 3872 2846 3944; x_wconf 82' lang='grc' dir='ltr'>καταϐολῆς</span> <span class='ocrx_word' id='word_1_631' title='bbox 2873 3875 3108 3944; x_wconf 88' lang='grc' dir='ltr'>κόσμου.</span> <span class='ocrx_word' id='word_1_632' title='bbox 3140 3893 3160 3928; x_wconf 70' lang='grc' dir='ltr'><strong>ι</strong></span> <span class='ocrx_word' id='word_1_633' title='bbox 3203 3877 3343 3946; x_wconf 75' lang='grc' dir='ltr'>Περὶ</span> <span class='ocrx_word' id='word_1_634' title='bbox 3369 3876 3427 3929; x_wconf 86' lang='grc' dir='ltr'>δὲ</span> <span class='ocrx_word' id='word_1_635' title='bbox 3445 3875 3549 3928; x_wconf 89' lang='grc' dir='ltr'>τῶν</span> <span class='ocrx_word' id='word_1_636' title='bbox 3566 3869 3766 3931; x_wconf 85' lang='grc' dir='ltr'>ἀσεϐῶν.</span> 
     </span>
    </p>
   </div>
   <div class='ocr_carea' id='block_1_85' title="bbox 2218 3961 3766 4038">
    <p class='ocr_par' dir='ltr' id='par_1_85' title="bbox 2218 3961 3766 4038">
     <span class='ocr_line' id='line_1_85' title="bbox 2218 3961 3766 4038; baseline -0.003 -20"><span class='ocrx_word' id='word_1_637' title='bbox 2218 3965 2294 4028; x_wconf 83' lang='grc' dir='ltr'>ὡς</span> <span class='ocrx_word' id='word_1_638' title='bbox 2324 3965 2454 4019; x_wconf 83' lang='grc' dir='ltr'>ὅταν</span> <span class='ocrx_word' id='word_1_639' title='bbox 2475 3967 2594 4028; x_wconf 66' lang='grc' dir='ltr'>τοῖς</span> <span class='ocrx_word' id='word_1_640' title='bbox 2623 3964 2682 4030; x_wconf 78' lang='grc' dir='ltr'>ἐξ</span> <span class='ocrx_word' id='word_1_641' title='bbox 2711 3965 3010 4036; x_wconf 87' lang='grc' dir='ltr'>εὐωνύμων</span> <span class='ocrx_word' id='word_1_642' title='bbox 3031 3965 3180 4035; x_wconf 81' lang='grc' dir='ltr'>λέγει</span> <span class='ocrx_word' id='word_1_643' title='bbox 3207 3967 3256 4000; x_wconf 78' lang='grc' dir='ltr'><strong>⁸ο</strong></span> <span class='ocrx_word' id='word_1_644' title='bbox 3279 3984 3294 3999; x_wconf 89' lang='grc'><strong>·</strong></span> <span class='ocrx_word' id='word_1_645' title='bbox 3327 3987 3346 4019; x_wconf 70' lang='grc' dir='ltr'><strong>ι</strong></span> <span class='ocrx_word' id='word_1_646' title='bbox 3383 3965 3668 4038; x_wconf 81' lang='grc' dir='ltr'>Πορεύεσθε</span> <span class='ocrx_word' id='word_1_647' title='bbox 3693 3961 3766 4016; x_wconf 81' lang='grc' dir='ltr'>ἀπ’</span> 
     </span>
    </p>
   </div>
   <div class='ocr_carea' id='block_1_86' title="bbox 2218 4051 3768 4132">
    <p class='ocr_par' dir='ltr' id='par_1_86' title="bbox 2218 4051 3768 4132">
     <span class='ocr_line' id='line_1_86' title="bbox 2218 4051 3768 4132; baseline -0.003 -22"><span class='ocrx_word' id='word_1_648' title='bbox 2218 4054 2378 4127; x_wconf 79' lang='grc' dir='ltr'>ἐμοῦ,</span> <span class='ocrx_word' id='word_1_649' title='bbox 2409 4057 2461 4109; x_wconf 77' lang='grc' dir='ltr'>οἱ</span> <span class='ocrx_word' id='word_1_650' title='bbox 2493 4057 2888 4128; x_wconf 83' lang='grc' dir='ltr'>κατηραμένοι,</span> <span class='ocrx_word' id='word_1_651' title='bbox 2915 4059 2994 4122; x_wconf 86' lang='grc' dir='ltr'><strong>είς</strong></span> <span class='ocrx_word' id='word_1_652' title='bbox 3015 4058 3181 4129; x_wconf 77' lang='lat'><strong>239</strong></span> <span class='ocrx_word' id='word_1_653' title='bbox 3202 4059 3266 4113; x_wconf 82' lang='grc' dir='ltr'><strong>τὸ</strong></span> <span class='ocrx_word' id='word_1_654' title='bbox 3289 4061 3400 4132; x_wconf 83' lang='grc' dir='ltr'><strong>πῦρ</strong></span> <span class='ocrx_word' id='word_1_655' title='bbox 3425 4059 3482 4113; x_wconf 82' lang='grc' dir='ltr'>τὺ</span> <span class='ocrx_word' id='word_1_656' title='bbox 3505 4056 3699 4112; x_wconf 79' lang='grc' dir='ltr'>αἰώνιον</span> <span class='ocrx_word' id='word_1_657' title='bbox 3720 4051 3768 4106; x_wconf 85' lang='grc' dir='ltr'>τὺ</span> 
     </span>
    </p>
   </div>
   <div class='ocr_carea' id='block_1_87' title="bbox 2219 4147 3763 4222">
    <p class='ocr_par' dir='ltr' id='par_1_87' title="bbox 2219 4147 3763 4222">
     <span class='ocr_line' id='line_1_87' title="bbox 2219 4147 3763 4222; baseline -0.002 -19"><span class='ocrx_word' id='word_1_658' title='bbox 2219 4149 2627 4220; x_wconf 77' lang='grc' dir='ltr'>ἡτοιμασμένον</span> <span class='ocrx_word' id='word_1_659' title='bbox 2651 4149 2730 4221; x_wconf 84' lang='grc' dir='ltr'>τῷ</span> <span class='ocrx_word' id='word_1_660' title='bbox 2755 4149 2989 4221; x_wconf 82' lang='grc' dir='ltr'>διαϐόλῳ</span> <span class='ocrx_word' id='word_1_661' title='bbox 3019 4151 3115 4204; x_wconf 69' lang='grc' dir='ltr'>καὶ</span> <span class='ocrx_word' id='word_1_662' title='bbox 3138 4153 3249 4215; x_wconf 87' lang='grc' dir='ltr'>τοῖς</span> <span class='ocrx_word' id='word_1_663' title='bbox 3272 4151 3521 4222; x_wconf 86' lang='grc' dir='ltr'>ἀγγέλοις</span> <span class='ocrx_word' id='word_1_664' title='bbox 3547 4147 3692 4202; x_wconf 86' lang='grc' dir='ltr'>αὑτοῦ</span> <span class='ocrx_word' id='word_1_665' title='bbox 3713 4159 3726 4176; x_wconf 78' lang='grc'><strong><em>⁸</em></strong></span> <span class='ocrx_word' id='word_1_666' title='bbox 3747 4161 3763 4194; x_wconf 71' lang='grc' dir='ltr'><strong>ι</strong></span> 
     </span>
    </p>
   </div>
   <div class='ocr_carea' id='block_1_88' title="bbox 2220 4236 3768 4312">
    <p class='ocr_par' dir='ltr' id='par_1_88' title="bbox 2220 4236 3768 4312">
     <span class='ocr_line' id='line_1_88' title="bbox 2220 4236 3768 4312; baseline -0.003 -20"><span class='ocrx_word' id='word_1_667' title='bbox 2220 4240 2308 4294; x_wconf 78' lang='grc' dir='ltr'>ἵνα</span> <span class='ocrx_word' id='word_1_668' title='bbox 2339 4241 2468 4312; x_wconf 76' lang='grc' dir='ltr'>εἴπῃ</span> <span class='ocrx_word' id='word_1_669' title='bbox 2501 4242 2613 4304; x_wconf 87' lang='grc' dir='ltr'>τοῖς</span> <span class='ocrx_word' id='word_1_670' title='bbox 2655 4241 2755 4312; x_wconf 80' lang='grc' dir='ltr'><strong>μὲν</strong></span> <span class='ocrx_word' id='word_1_671' title='bbox 2785 4240 3019 4305; x_wconf 85' lang='grc' dir='ltr'>δικαίοις</span> <span class='ocrx_word' id='word_1_672' title='bbox 3055 4257 3068 4272; x_wconf 78' lang='grc'><strong><em>⁸</em></strong></span> <span class='ocrx_word' id='word_1_673' title='bbox 3117 4243 3268 4298; x_wconf 74' lang='grc' dir='ltr'>Ἀνω</span> <span class='ocrx_word' id='word_1_674' title='bbox 3319 4245 3398 4308; x_wconf 87' lang='grc' dir='ltr'>εἰς</span> <span class='ocrx_word' id='word_1_675' title='bbox 3448 4243 3538 4296; x_wconf 81' lang='grc' dir='ltr'><strong>τὸν</strong></span> <span class='ocrx_word' id='word_1_676' title='bbox 3573 4236 3768 4306; x_wconf 72' lang='grc' dir='ltr'>οὐρανὸν</span> 
     </span>
    </p>
   </div>
   <div class='ocr_carea' id='block_1_89' title="bbox 2217 4328 3769 4406">
    <p class='ocr_par' dir='ltr' id='par_1_89' title="bbox 2217 4328 3769 4406">
     <span class='ocr_line' id='line_1_89' title="bbox 2217 4328 3769 4406; baseline 0.002 -21"><span class='ocrx_word' id='word_1_677' title='bbox 2217 4331 2488 4404; x_wconf 76' lang='grc' dir='ltr'>ἐσώτερον</span> <span class='ocrx_word' id='word_1_678' title='bbox 2521 4331 2715 4386; x_wconf 83' lang='grc' dir='ltr'>τούτου</span> <span class='ocrx_word' id='word_1_679' title='bbox 2760 4331 2856 4386; x_wconf 89' lang='grc' dir='ltr'><strong>τοῦ</strong></span> <span class='ocrx_word' id='word_1_680' title='bbox 2899 4333 3181 4406; x_wconf 77' lang='grc' dir='ltr'>ὁρωμένου</span> <span class='ocrx_word' id='word_1_681' title='bbox 3231 4335 3602 4406; x_wconf 81' lang='grc' dir='ltr'>στερεώματος</span> <span class='ocrx_word' id='word_1_682' title='bbox 3627 4347 3640 4360; x_wconf 89' lang='grc'><strong>·</strong></span> <span class='ocrx_word' id='word_1_683' title='bbox 3675 4328 3769 4388; x_wconf 81' lang='grc' dir='ltr'>τοῖς</span> 
     </span>
    </p>
   </div>
   <div class='ocr_carea' id='block_1_90' title="bbox 2216 4419 3768 4498">
    <p class='ocr_par' dir='ltr' id='par_1_90' title="bbox 2216 4419 3768 4498">
     <span class='ocr_line' id='line_1_90' title="bbox 2216 4419 3768 4498; baseline -0.005 -21"><span class='ocrx_word' id='word_1_684' title='bbox 2216 4423 2273 4478; x_wconf 78' lang='grc' dir='ltr'>δὲ</span> <span class='ocrx_word' id='word_1_685' title='bbox 2307 4425 2529 4480; x_wconf 84' lang='grc' dir='ltr'>ἀσεϐέσι</span> <span class='ocrx_word' id='word_1_686' title='bbox 2560 4441 2575 4454; x_wconf 76' lang='grc' dir='ltr'><strong>ο</strong></span> <span class='ocrx_word' id='word_1_687' title='bbox 2614 4425 2795 4480; x_wconf 82' lang='grc' dir='ltr'>Κάτω-</span> <span class='ocrx_word' id='word_1_688' title='bbox 2827 4425 2956 4496; x_wconf 71' lang='grc' dir='ltr'>περὶ</span> <span class='ocrx_word' id='word_1_689' title='bbox 2985 4424 3236 4498; x_wconf 82' lang='grc' dir='ltr'>τὴν-γῆν,</span> <span class='ocrx_word' id='word_1_690' title='bbox 3275 4425 3404 4480; x_wconf 76' lang='grc' dir='ltr'>ἔνθα</span> <span class='ocrx_word' id='word_1_691' title='bbox 3442 4425 3532 4479; x_wconf 78' lang='grc' dir='ltr'><strong>καὶ</strong></span> <span class='ocrx_word' id='word_1_692' title='bbox 3561 4424 3588 4474; x_wconf 84' lang='grc' dir='ltr'>ὁ</span> <span class='ocrx_word' id='word_1_693' title='bbox 3616 4419 3768 4474; x_wconf 79' lang='grc' dir='ltr'>διάϐο-</span> 
     </span>
    </p>
   </div>
   <div class='ocr_carea' id='block_1_91' title="bbox 525 4508 2110 4590">
    <p class='ocr_par' dir='ltr' id='par_1_91' title="bbox 525 4517 2110 4590">
     <span class='ocr_line' id='line_1_91' title="bbox 525 4517 2110 4590; baseline 0.003 -20"><span class='ocrx_word' id='word_1_694' title='bbox 525 4530 648 4570; x_wconf 85' lang='lat' dir='ltr'><strong>sere</strong></span> <span class='ocrx_word' id='word_1_695' title='bbox 671 4523 828 4571; x_wconf 82' lang='lat' dir='ltr'><strong>extra</strong></span> <span class='ocrx_word' id='word_1_696' title='bbox 863 4517 1184 4572; x_wconf 89' lang='lat' dir='ltr'><strong>thalamum.</strong></span> <span class='ocrx_word' id='word_1_697' title='bbox 1233 4517 1324 4574; x_wconf 92' lang='lat' dir='ltr'><strong>Sic</strong></span> <span class='ocrx_word' id='word_1_698' title='bbox 1350 4519 1512 4589; x_wconf 86' lang='lat' dir='ltr'><strong>igitur</strong></span> <span class='ocrx_word' id='word_1_699' title='bbox 1535 4519 1914 4589; x_wconf 81' lang='lat' dir='ltr'><strong>unusquisque</strong></span> <span class='ocrx_word' id='word_1_700' title='bbox 1933 4519 2110 4590; x_wconf 89' lang='lat' dir='ltr'><strong>justo-</strong></span> 
     </span>
    </p>
   </div>
   <div class='ocr_carea' id='block_1_92' title="bbox 2214 4508 3768 4590">
    <p class='ocr_par' dir='ltr' id='par_1_92' title="bbox 2218 4514 3768 4589">
     <span class='ocr_line' id='line_1_92' title="bbox 2218 4514 3768 4589; baseline -0.006 -17"><span class='ocrx_word' id='word_1_701' title='bbox 2218 4519 2312 4582; x_wconf 91' lang='grc' dir='ltr'><strong>λος</strong></span> <span class='ocrx_word' id='word_1_702' title='bbox 2343 4516 2676 4589; x_wconf 80' lang='grc' dir='ltr'>κατερρίφη.</span> <span class='ocrx_word' id='word_1_703' title='bbox 2713 4516 2917 4574; x_wconf 79' lang='grc' dir='ltr'>Λοιπὸν</span> <span class='ocrx_word' id='word_1_704' title='bbox 2947 4515 3059 4570; x_wconf 78' lang='grc' dir='ltr'>τῶν</span> <span class='ocrx_word' id='word_1_705' title='bbox 3108 4517 3291 4589; x_wconf 87' lang='grc' dir='ltr'>μέσων</span> <span class='ocrx_word' id='word_1_706' title='bbox 3325 4517 3534 4587; x_wconf 85' lang='grc' dir='ltr'>ἀνάγκη</span> <span class='ocrx_word' id='word_1_707' title='bbox 3568 4514 3768 4584; x_wconf 79' lang='grc' dir='ltr'>ζητῆσαι</span> 
     </span>
    </p>
   </div>
   <div class='ocr_carea' id='block_1_93' title="bbox 527 4608 2118 4680">
    <p class='ocr_par' dir='ltr' id='par_1_93' title="bbox 527 4608 2118 4680">
     <span class='ocr_line' id='line_1_93' title="bbox 527 4608 2118 4680; baseline 0.003 -20"><span class='ocrx_word' id='word_1_708' title='bbox 527 4622 647 4660; x_wconf 92' lang='lat' dir='ltr'><strong>rum</strong></span> <span class='ocrx_word' id='word_1_709' title='bbox 699 4616 864 4662; x_wconf 73' lang='lat' dir='ltr'><strong>rectae</strong></span> <span class='ocrx_word' id='word_1_710' title='bbox 893 4623 958 4662; x_wconf 88' lang='lat' dir='ltr'><strong>ac</strong></span> <span class='ocrx_word' id='word_1_711' title='bbox 999 4609 1226 4664; x_wconf 63' lang='lat' dir='ltr'><strong>sincerae</strong></span> <span class='ocrx_word' id='word_1_712' title='bbox 1255 4608 1378 4664; x_wconf 89' lang='lat' dir='ltr'><strong>ﬁdei</strong></span> <span class='ocrx_word' id='word_1_713' title='bbox 1420 4610 1717 4680; x_wconf 60' lang='lat' dir='ltr'><strong>probatque</strong></span> <span class='ocrx_word' id='word_1_714' title='bbox 1756 4611 1904 4675; x_wconf 79' lang='lat' dir='ltr'><strong>vitae,</strong></span> <span class='ocrx_word' id='word_1_715' title='bbox 1946 4611 2118 4666; x_wconf 90' lang='lat' dir='ltr'><strong>libere</strong></span> 
     </span>
    </p>
   </div>
   <div class='ocr_carea' id='block_1_94' title="bbox 527 4697 2118 4770">
    <p class='ocr_par' dir='ltr' id='par_1_94' title="bbox 527 4697 2118 4770">
     <span class='ocr_line' id='line_1_94' title="bbox 527 4697 2118 4770; baseline 0.005 -21"><span class='ocrx_word' id='word_1_716' title='bbox 527 4711 758 4766; x_wconf 86' lang='lat' dir='ltr'><strong>regnum</strong></span> <span class='ocrx_word' id='word_1_717' title='bbox 801 4697 1129 4769; x_wconf 89' lang='lat' dir='ltr'><strong>ingreditur.</strong></span> <span class='ocrx_word' id='word_1_718' title='bbox 1166 4697 1240 4754; x_wconf 92' lang='lat' dir='ltr'><strong>lis</strong></span> <span class='ocrx_word' id='word_1_719' title='bbox 1289 4715 1422 4754; x_wconf 91' lang='lat' dir='ltr'><strong>vero</strong></span> <span class='ocrx_word' id='word_1_720' title='bbox 1474 4701 1732 4770; x_wconf 83' lang='lat' dir='ltr'><strong>Oppositi,</strong></span> <span class='ocrx_word' id='word_1_721' title='bbox 1779 4701 1873 4770; x_wconf 90' lang='lat' dir='ltr'><strong>qui</strong></span> <span class='ocrx_word' id='word_1_722' title='bbox 1919 4701 2118 4757; x_wconf 92' lang='lat' dir='ltr'><strong>horum</strong></span> 
     </span>
    </p>
   </div>
   <div class='ocr_carea' id='block_1_95' title="bbox 527 4787 2118 4865">
    <p class='ocr_par' dir='ltr' id='par_1_95' title="bbox 527 4787 2118 4865">
     <span class='ocr_line' id='line_1_95' title="bbox 527 4787 2118 4865; baseline 0.006 -25"><span class='ocrx_word' id='word_1_723' title='bbox 527 4787 666 4841; x_wconf 91' lang='lat' dir='ltr'><strong>nihil</strong></span> <span class='ocrx_word' id='word_1_724' title='bbox 695 4789 919 4865; x_wconf 73' lang='lat' dir='ltr'><strong>habent,</strong></span> <span class='ocrx_word' id='word_1_725' title='bbox 970 4805 1149 4860; x_wconf 90' lang='lat' dir='ltr'><strong>neque</strong></span> <span class='ocrx_word' id='word_1_726' title='bbox 1183 4799 1389 4845; x_wconf 88' lang='lat' dir='ltr'><strong>rectam</strong></span> <span class='ocrx_word' id='word_1_727' title='bbox 1436 4792 1635 4856; x_wconf 86' lang='lat' dir='ltr'><strong>fidem,</strong></span> <span class='ocrx_word' id='word_1_728' title='bbox 1679 4808 1862 4862; x_wconf 88' lang='lat' dir='ltr'><strong>neque</strong></span> <span class='ocrx_word' id='word_1_729' title='bbox 1905 4803 2118 4850; x_wconf 87' lang='lat' dir='ltr'><strong>rectam</strong></span> 
     </span>
    </p>
   </div>
   <div class='ocr_carea' id='block_1_96' title="bbox 527 4879 2118 4954">
    <p class='ocr_par' dir='ltr' id='par_1_96' title="bbox 527 4879 2118 4954">
     <span class='ocr_line' id='line_1_96' title="bbox 527 4879 2118 4954; baseline 0.006 -22"><span class='ocrx_word' id='word_1_730' title='bbox 527 4879 694 4934; x_wconf 88' lang='lat' dir='ltr'><strong>vitam</strong></span> <span class='ocrx_word' id='word_1_731' title='bbox 739 4897 862 4936; x_wconf 90' lang='lat' dir='ltr'><strong>cum</strong></span> <span class='ocrx_word' id='word_1_732' title='bbox 917 4883 1135 4940; x_wconf 92' lang='lat' dir='ltr'><strong>diabolo</strong></span> <span class='ocrx_word' id='word_1_733' title='bbox 1173 4883 1317 4940; x_wconf 89' lang='lat' dir='ltr'><strong>circa</strong></span> <span class='ocrx_word' id='word_1_734' title='bbox 1365 4892 1566 4940; x_wconf 88' lang='lat' dir='ltr'><strong>terram</strong></span> <span class='ocrx_word' id='word_1_735' title='bbox 1615 4885 1964 4942; x_wconf 89' lang='lat' dir='ltr'><strong>damnantur.</strong></span> <span class='ocrx_word' id='word_1_736' title='bbox 2012 4887 2118 4954; x_wconf 83' lang='lat' dir='ltr'><strong>Qui</strong></span> 
     </span>
    </p>
   </div>
   <div class='ocr_carea' id='block_1_97' title="bbox 529 4973 2111 5046">
    <p class='ocr_par' dir='ltr' id='par_1_97' title="bbox 529 4973 2111 5046">
     <span class='ocr_line' id='line_1_97' title="bbox 529 4973 2111 5046; baseline 0.006 -22"><span class='ocrx_word' id='word_1_737' title='bbox 529 4986 693 5040; x_wconf 87' lang='lat' dir='ltr'><strong>porro</strong></span> <span class='ocrx_word' id='word_1_738' title='bbox 721 4973 950 5028; x_wconf 89' lang='lat' dir='ltr'><strong>alterum</strong></span> <span class='ocrx_word' id='word_1_739' title='bbox 992 4975 1218 5042; x_wconf 89' lang='lat' dir='ltr'><strong>habent,</strong></span> <span class='ocrx_word' id='word_1_740' title='bbox 1253 4977 1486 5032; x_wconf 89' lang='lat' dir='ltr'><strong>alterum</strong></span> <span class='ocrx_word' id='word_1_741' title='bbox 1527 4988 1710 5033; x_wconf 89' lang='lat' dir='ltr'><strong>autem</strong></span> <span class='ocrx_word' id='word_1_742' title='bbox 1739 4995 1853 5034; x_wconf 90' lang='lat' dir='ltr'><strong>non</strong></span> <span class='ocrx_word' id='word_1_743' title='bbox 1887 4981 2111 5046; x_wconf 87' lang='lat' dir='ltr'><strong>habent,</strong></span> 
     </span>
    </p>
   </div>
   <div class='ocr_carea' id='block_1_98' title="bbox 529 5065 2122 5137">
    <p class='ocr_par' dir='ltr' id='par_1_98' title="bbox 529 5065 2122 5137">
     <span class='ocr_line' id='line_1_98' title="bbox 529 5065 2122 5137; baseline 0.006 -21"><span class='ocrx_word' id='word_1_744' title='bbox 529 5065 802 5134; x_wconf 87' lang='lat' dir='ltr'><strong>mediique</strong></span> <span class='ocrx_word' id='word_1_745' title='bbox 833 5068 1238 5137; x_wconf 84' lang='lat' dir='ltr'><strong>quodammodo</strong></span> <span class='ocrx_word' id='word_1_746' title='bbox 1286 5078 1436 5136; x_wconf 85' lang='lat' dir='ltr'><strong>sunt,</strong></span> <span class='ocrx_word' id='word_1_747' title='bbox 1473 5081 1626 5126; x_wconf 80' lang='lat' dir='ltr'><strong>extra</strong></span> <span class='ocrx_word' id='word_1_748' title='bbox 1658 5071 1962 5126; x_wconf 88' lang='lat' dir='ltr'><strong>thalamum</strong></span> <span class='ocrx_word' id='word_1_749' title='bbox 1997 5087 2122 5126; x_wconf 87' lang='lat' dir='ltr'><strong>ma-</strong></span> 
     </span>
    </p>
   </div>
   <div class='ocr_carea' id='block_1_99' title="bbox 531 5158 2121 5231">
    <p class='ocr_par' dir='ltr' id='par_1_99' title="bbox 531 5158 2121 5231">
     <span class='ocr_line' id='line_1_99' title="bbox 531 5158 2121 5231; baseline 0.008 -23"><span class='ocrx_word' id='word_1_750' title='bbox 531 5171 662 5211; x_wconf 75' lang='lat' dir='ltr'><strong>nere</strong></span> <span class='ocrx_word' id='word_1_751' title='bbox 703 5158 984 5226; x_wconf 85' lang='lat' dir='ltr'><strong>jubentur,</strong></span> <span class='ocrx_word' id='word_1_752' title='bbox 1039 5161 1144 5216; x_wconf 90' lang='lat' dir='ltr'><strong>hoc</strong></span> <span class='ocrx_word' id='word_1_753' title='bbox 1189 5171 1274 5217; x_wconf 89' lang='lat' dir='ltr'><strong>est</strong></span> <span class='ocrx_word' id='word_1_754' title='bbox 1311 5162 1738 5218; x_wconf 89' lang='lat' dir='ltr'><strong>ﬁrmamentum.</strong></span> <span class='ocrx_word' id='word_1_755' title='bbox 1791 5164 1924 5231; x_wconf 66' lang='lat' dir='ltr'><strong>Quae</strong></span> <span class='ocrx_word' id='word_1_756' title='bbox 1988 5180 2121 5221; x_wconf 89' lang='lat' dir='ltr'><strong>vero</strong></span> 
     </span>
    </p>
   </div>
   <div class='ocr_carea' id='block_1_100' title="bbox 531 5241 2124 5325">
    <p class='ocr_par' dir='ltr' id='par_1_100' title="bbox 531 5241 2124 5325">
     <span class='ocr_line' id='line_1_100' title="bbox 531 5241 2124 5325; baseline 0.011 -28"><span class='ocrx_word' id='word_1_757' title='bbox 531 5245 642 5301; x_wconf 83' lang='lat' dir='ltr'><strong>sint</strong></span> <span class='ocrx_word' id='word_1_758' title='bbox 671 5247 940 5304; x_wconf 89' lang='lat' dir='ltr'><strong>bonorum</strong></span> <span class='ocrx_word' id='word_1_759' title='bbox 985 5251 1066 5306; x_wconf 87' lang='lat' dir='ltr'><strong>vel</strong></span> <span class='ocrx_word' id='word_1_760' title='bbox 1109 5241 1505 5322; x_wconf 84' lang='lat' dir='ltr'><strong>suppliciorum</strong></span> <span class='ocrx_word' id='word_1_761' title='bbox 1543 5270 1767 5325; x_wconf 85' lang='lat' dir='ltr'><strong>genera,</strong></span> <span class='ocrx_word' id='word_1_762' title='bbox 1808 5256 1897 5311; x_wconf 82' lang='lat' dir='ltr'><strong>vix</strong></span> <span class='ocrx_word' id='word_1_763' title='bbox 1938 5265 2024 5314; x_wconf 83' lang='lat' dir='ltr'><strong>est</strong></span> <span class='ocrx_word' id='word_1_764' title='bbox 2061 5265 2124 5314; x_wconf 85' lang='lat' dir='ltr'><strong>ut</strong></span> 
     </span>
    </p>
   </div>
   <div class='ocr_carea' id='block_1_101' title="bbox 1918 5363 2120 5403">
    <p class='ocr_par' dir='ltr' id='par_1_101' title="bbox 1918 5363 2120 5403">
     <span class='ocr_line' id='line_1_101' title="bbox 1918 5363 2120 5403; baseline 0.015 -3"><span class='ocrx_word' id='word_1_765' title='bbox 1918 5367 1931 5400; x_wconf 72' lang='grc' dir='ltr'><strong>ε</strong></span> <span class='ocrx_word' id='word_1_766' title='bbox 1994 5363 2120 5403; x_wconf 89' lang='lat' dir='ltr'><strong>cum</strong></span> 
     </span>
    </p>
   </div>
   <div class='ocr_carea' id='block_1_102' title="bbox 532 5342 1858 5414">
    <p class='ocr_par' dir='ltr' id='par_1_102' title="bbox 532 5342 1858 5414">
     <span class='ocr_line' id='line_1_102' title="bbox 532 5342 1858 5414; baseline 0.008 -22"><span class='ocrx_word' id='word_1_767' title='bbox 532 5352 696 5396; x_wconf 85' lang='lat' dir='ltr'><strong>nosse</strong></span> <span class='ocrx_word' id='word_1_768' title='bbox 749 5342 1047 5411; x_wconf 86' lang='lat' dir='ltr'><strong>possimus,</strong></span> <span class='ocrx_word' id='word_1_769' title='bbox 1096 5344 1202 5398; x_wconf 90' lang='lat' dir='ltr'><strong>nisi</strong></span> <span class='ocrx_word' id='word_1_770' title='bbox 1261 5345 1482 5414; x_wconf 87' lang='lat' dir='ltr'><strong>ipsimet</strong></span> <span class='ocrx_word' id='word_1_771' title='bbox 1539 5347 1858 5402; x_wconf 89' lang='lat' dir='ltr'><strong>intersimus</strong></span> 
     </span>
    </p>
   </div>
   <div class='ocr_carea' id='block_1_103' title="bbox 2216 4599 3767 4679">
    <p class='ocr_par' dir='ltr' id='par_1_103' title="bbox 2216 4599 3767 4679">
     <span class='ocr_line' id='line_1_103' title="bbox 2216 4599 3767 4679; baseline -0.008 -17"><span class='ocrx_word' id='word_1_772' title='bbox 2216 4609 2310 4662; x_wconf 83' lang='grc' dir='ltr'><strong>τὸν</strong></span> <span class='ocrx_word' id='word_1_773' title='bbox 2334 4607 2501 4661; x_wconf 87' lang='grc' dir='ltr'>τόπον</span> <span class='ocrx_word' id='word_1_774' title='bbox 2527 4623 2544 4640; x_wconf 77' lang='grc' dir='ltr'><strong>ο</strong></span> <span class='ocrx_word' id='word_1_775' title='bbox 2569 4605 2718 4676; x_wconf 86' lang='grc' dir='ltr'>λέγει</span> <span class='ocrx_word' id='word_1_776' title='bbox 2749 4607 2930 4660; x_wconf 79' lang='grc' dir='ltr'>τοίνυν</span> <span class='ocrx_word' id='word_1_777' title='bbox 2957 4607 3014 4659; x_wconf 82' lang='grc' dir='ltr'>ὲν</span> <span class='ocrx_word' id='word_1_778' title='bbox 3048 4608 3115 4678; x_wconf 81' lang='grc' dir='ltr'>τῇ</span> <span class='ocrx_word' id='word_1_779' title='bbox 3149 4607 3434 4679; x_wconf 78' lang='grc' dir='ltr'>παραϐολῇ</span> <span class='ocrx_word' id='word_1_780' title='bbox 3459 4607 3504 4641; x_wconf 73' lang='grc' dir='ltr'>ει</span> <span class='ocrx_word' id='word_1_781' title='bbox 3535 4604 3636 4658; x_wconf 85' lang='grc' dir='ltr'>τῶν</span> <span class='ocrx_word' id='word_1_782' title='bbox 3658 4599 3767 4653; x_wconf 82' lang='grc' dir='ltr'>δέκα</span> 
     </span>
    </p>
   </div>
   <div class='ocr_carea' id='block_1_104' title="bbox 2217 4687 3767 4772">
    <p class='ocr_par' dir='ltr' id='par_1_104' title="bbox 2217 4687 3767 4772">
     <span class='ocr_line' id='line_1_104' title="bbox 2217 4687 3767 4772; baseline -0.008 -19"><span class='ocrx_word' id='word_1_783' title='bbox 2217 4700 2510 4772; x_wconf 87' lang='grc' dir='ltr'>παρθένων</span> <span class='ocrx_word' id='word_1_784' title='bbox 2533 4699 2612 4764; x_wconf 85' lang='grc' dir='ltr'><strong>ὡς</strong></span> <span class='ocrx_word' id='word_1_785' title='bbox 2649 4699 2706 4752; x_wconf 86' lang='grc' dir='ltr'>αἱ</span> <span class='ocrx_word' id='word_1_786' title='bbox 2739 4699 2902 4752; x_wconf 87' lang='grc' dir='ltr'>πέντε</span> <span class='ocrx_word' id='word_1_787' title='bbox 2927 4699 3184 4771; x_wconf 86' lang='grc' dir='ltr'>φρόνιμοι</span> <span class='ocrx_word' id='word_1_788' title='bbox 3239 4698 3485 4770; x_wconf 81' lang='grc' dir='ltr'>εἰσῆλθον</span> <span class='ocrx_word' id='word_1_789' title='bbox 3525 4694 3650 4766; x_wconf 83' lang='grc' dir='ltr'>μετὰ</span> <span class='ocrx_word' id='word_1_790' title='bbox 3690 4687 3767 4743; x_wconf 87' lang='grc' dir='ltr'><strong>τοῦ</strong></span> 
     </span>
    </p>
   </div>
   <div class='ocr_carea' id='block_1_105' title="bbox 2216 4779 3767 4863">
    <p class='ocr_par' dir='ltr' id='par_1_105' title="bbox 2216 4779 3767 4863">
     <span class='ocr_line' id='line_1_105' title="bbox 2216 4779 3767 4863; baseline -0.01 -15"><span class='ocrx_word' id='word_1_791' title='bbox 2216 4792 2455 4863; x_wconf 81' lang='grc' dir='ltr'>νυμφίου</span> <span class='ocrx_word' id='word_1_792' title='bbox 2475 4792 2556 4854; x_wconf 84' lang='grc' dir='ltr'><strong>είς</strong></span> <span class='ocrx_word' id='word_1_793' title='bbox 2583 4790 2674 4845; x_wconf 61' lang='grc' dir='ltr'><strong>τὸν</strong></span> <span class='ocrx_word' id='word_1_794' title='bbox 2697 4808 2758 4844; x_wconf 90' lang='grc' dir='ltr'><strong>νυ</strong></span> <span class='ocrx_word' id='word_1_795' title='bbox 2769 4789 2984 4862; x_wconf 79' lang='grc' dir='ltr'>μφῶνα,</span> <span class='ocrx_word' id='word_1_796' title='bbox 3012 4790 3312 4854; x_wconf 86' lang='grc' dir='ltr'>τουτέστιν,</span> <span class='ocrx_word' id='word_1_797' title='bbox 3341 4791 3421 4852; x_wconf 82' lang='grc' dir='ltr'><strong>εἰς</strong></span> <span class='ocrx_word' id='word_1_798' title='bbox 3440 4787 3530 4840; x_wconf 80' lang='grc' dir='ltr'><strong>τὸν</strong></span> <span class='ocrx_word' id='word_1_799' title='bbox 3550 4779 3767 4854; x_wconf 79' lang='grc' dir='ltr'>οὐρανὸν,</span> 
     </span>
    </p>
   </div>
   <div class='ocr_carea' id='block_1_106' title="bbox 2217 4877 3768 4957">
    <p class='ocr_par' dir='ltr' id='par_1_106' title="bbox 2217 4877 3768 4957">
     <span class='ocr_line' id='line_1_106' title="bbox 2217 4877 3768 4957; baseline -0.007 -18"><span class='ocrx_word' id='word_1_800' title='bbox 2217 4885 2517 4957; x_wconf 70' lang='grc' dir='ltr'>ἐπειδήπερ</span> <span class='ocrx_word' id='word_1_801' title='bbox 2551 4885 2648 4939; x_wconf 75' lang='grc' dir='ltr'>καὶ</span> <span class='ocrx_word' id='word_1_802' title='bbox 2693 4885 2795 4956; x_wconf 81' lang='grc' dir='ltr'>τὴν</span> <span class='ocrx_word' id='word_1_803' title='bbox 2842 4882 3178 4956; x_wconf 88' lang='grc' dir='ltr'>παρθενείαν</span> <span class='ocrx_word' id='word_1_804' title='bbox 3223 4883 3268 4917; x_wconf 77' lang='grc'><strong>⁸⁸</strong></span> <span class='ocrx_word' id='word_1_805' title='bbox 3301 4883 3397 4937; x_wconf 78' lang='grc' dir='ltr'><strong>καὶ</strong></span> <span class='ocrx_word' id='word_1_806' title='bbox 3443 4881 3539 4951; x_wconf 82' lang='grc' dir='ltr'>τὴν</span> <span class='ocrx_word' id='word_1_807' title='bbox 3566 4877 3768 4946; x_wconf 70' lang='grc' dir='ltr'>ἐλεημοο</span> 
     </span>
    </p>
   </div>
   <div class='ocr_carea' id='block_1_107' title="bbox 2227 4965 3766 5050">
    <p class='ocr_par' dir='ltr' id='par_1_107' title="bbox 2227 4965 3766 5050">
     <span class='ocr_line' id='line_1_107' title="bbox 2227 4965 3766 5050; baseline -0.005 -19"><span class='ocrx_word' id='word_1_808' title='bbox 2227 4978 2396 5050; x_wconf 86' lang='grc' dir='ltr'>σύνην</span> <span class='ocrx_word' id='word_1_809' title='bbox 2421 4977 2498 5039; x_wconf 82' lang='grc' dir='ltr'><strong>ὡς</strong></span> <span class='ocrx_word' id='word_1_810' title='bbox 2519 4975 2777 5047; x_wconf 88' lang='grc' dir='ltr'>φρόνιμοι</span> <span class='ocrx_word' id='word_1_811' title='bbox 2809 4975 3159 5040; x_wconf 73' lang='grc' dir='ltr'>ἐπελέξαντο.</span> <span class='ocrx_word' id='word_1_812' title='bbox 3185 4976 3250 5028; x_wconf 79' lang='grc' dir='ltr'>Αἱ</span> <span class='ocrx_word' id='word_1_813' title='bbox 3279 4975 3336 5028; x_wconf 83' lang='grc' dir='ltr'>δὲ</span> <span class='ocrx_word' id='word_1_814' title='bbox 3379 4972 3576 5042; x_wconf 76' lang='grc' dir='ltr'>μωραὶ,</span> <span class='ocrx_word' id='word_1_815' title='bbox 3605 4965 3766 5036; x_wconf 64' lang='grc' dir='ltr'>φησὶν,</span> 
     </span>
    </p>
   </div>
   <div class='ocr_carea' id='block_1_108' title="bbox 2219 5061 3764 5138">
    <p class='ocr_par' dir='ltr' id='par_1_108' title="bbox 2219 5061 3764 5138">
     <span class='ocr_line' id='line_1_108' title="bbox 2219 5061 3764 5138; baseline -0.007 -14"><span class='ocrx_word' id='word_1_816' title='bbox 2219 5070 2280 5124; x_wconf 76' lang='grc' dir='ltr'><strong>τὸ</strong></span> <span class='ocrx_word' id='word_1_817' title='bbox 2304 5068 2362 5122; x_wconf 78' lang='grc' dir='ltr'>ἓν</span> <span class='ocrx_word' id='word_1_818' title='bbox 2387 5067 2805 5138; x_wconf 83' lang='grc' dir='ltr'>ὲπιλεξάμεναι,</span> <span class='ocrx_word' id='word_1_819' title='bbox 2838 5066 2935 5120; x_wconf 88' lang='grc' dir='ltr'><strong>τοῦ</strong></span> <span class='ocrx_word' id='word_1_820' title='bbox 2969 5066 3026 5120; x_wconf 83' lang='grc' dir='ltr'>δὲ</span> <span class='ocrx_word' id='word_1_821' title='bbox 3064 5066 3254 5138; x_wconf 77' lang='grc' dir='ltr'>ἐτέρου</span> <span class='ocrx_word' id='word_1_822' title='bbox 3295 5061 3764 5132; x_wconf 67' lang='grc' dir='ltr'>καταφρονήσασαι,</span> 
     </span>
    </p>
   </div>
   <div class='ocr_carea' id='block_1_109' title="bbox 2220 5146 3766 5232">
    <p class='ocr_par' dir='ltr' id='par_1_109' title="bbox 2220 5146 3766 5232">
     <span class='ocr_line' id='line_1_109' title="bbox 2220 5146 3766 5232; baseline -0.005 -17"><span class='ocrx_word' id='word_1_823' title='bbox 2220 5162 2446 5232; x_wconf 84' lang='grc' dir='ltr'>έμειναν</span> <span class='ocrx_word' id='word_1_824' title='bbox 2477 5159 2584 5226; x_wconf 80' lang='grc' dir='ltr'><strong>ἔξω</strong></span> <span class='ocrx_word' id='word_1_825' title='bbox 2613 5159 2708 5214; x_wconf 90' lang='grc' dir='ltr'><strong>τοῦ</strong></span> <span class='ocrx_word' id='word_1_826' title='bbox 2744 5157 3060 5230; x_wconf 82' lang='grc' dir='ltr'>νυμφῶνος,</span> <span class='ocrx_word' id='word_1_827' title='bbox 3104 5155 3496 5226; x_wconf 85' lang='grc' dir='ltr'>κεκλεισμένην</span> <span class='ocrx_word' id='word_1_828' title='bbox 3539 5146 3766 5222; x_wconf 78' lang='grc' dir='ltr'>εὑροῦσαι</span> 
     </span>
    </p>
   </div>
   <div class='ocr_carea' id='block_1_110' title="bbox 2219 5233 3763 5326">
    <p class='ocr_par' dir='ltr' id='par_1_110' title="bbox 2219 5233 3763 5326">
     <span class='ocr_line' id='line_1_110' title="bbox 2219 5233 3763 5326; baseline -0.006 -20"><span class='ocrx_word' id='word_1_829' title='bbox 2219 5255 2319 5326; x_wconf 81' lang='grc' dir='ltr'>τὴν</span> <span class='ocrx_word' id='word_1_830' title='bbox 2351 5253 2525 5324; x_wconf 89' lang='grc' dir='ltr'>θύραν</span> <span class='ocrx_word' id='word_1_831' title='bbox 2552 5252 2648 5306; x_wconf 78' lang='grc' dir='ltr'>καὶ</span> <span class='ocrx_word' id='word_1_832' title='bbox 2682 5250 2992 5306; x_wconf 87' lang='grc' dir='ltr'>ἀκούσασαι</span> <span class='ocrx_word' id='word_1_833' title='bbox 3017 5267 3031 5283; x_wconf 78' lang='grc' dir='ltr'><strong><em>ο</em></strong></span> <span class='ocrx_word' id='word_1_834' title='bbox 3067 5270 3086 5302; x_wconf 73' lang='grc' dir='ltr'><strong>ι</strong></span> <span class='ocrx_word' id='word_1_835' title='bbox 3133 5248 3428 5304; x_wconf 82' lang='grc' dir='ltr'>Ἀπέλθατε</span> <span class='ocrx_word' id='word_1_836' title='bbox 3455 5246 3500 5278; x_wconf 72' lang='grc'><strong>⁸³</strong></span> <span class='ocrx_word' id='word_1_837' title='bbox 3520 5242 3608 5297; x_wconf 83' lang='grc' dir='ltr'>ἀπ’</span> <span class='ocrx_word' id='word_1_838' title='bbox 3627 5233 3763 5309; x_wconf 70' lang='grc' dir='ltr'><strong>ἐμοῦι</strong></span> 
     </span>
    </p>
   </div>
   <div class='ocr_carea' id='block_1_111' title="bbox 2219 5327 3764 5415">
    <p class='ocr_par' dir='ltr' id='par_1_111' title="bbox 2219 5327 3764 5415">
     <span class='ocr_line' id='line_1_111' title="bbox 2219 5327 3764 5415; baseline -0.014 -15"><span class='ocrx_word' id='word_1_839' title='bbox 2219 5347 2320 5400; x_wconf 87' lang='grc' dir='ltr'>οὑκ</span> <span class='ocrx_word' id='word_1_840' title='bbox 2355 5343 2474 5399; x_wconf 82' lang='grc' dir='ltr'>οἶδα</span> <span class='ocrx_word' id='word_1_841' title='bbox 2503 5345 2668 5415; x_wconf 83' lang='grc' dir='ltr'>ὑμᾶς,</span> <span class='ocrx_word' id='word_1_842' title='bbox 2707 5363 2726 5398; x_wconf 76' lang='grc' dir='ltr'><strong>ι</strong></span> <span class='ocrx_word' id='word_1_843' title='bbox 2751 5343 2877 5398; x_wconf 78' lang='grc' dir='ltr'>οῦτε</span> <span class='ocrx_word' id='word_1_844' title='bbox 2906 5343 3171 5398; x_wconf 72' lang='grc' dir='ltr'>εἰσελθεῖν</span> <span class='ocrx_word' id='word_1_845' title='bbox 3198 5338 3640 5412; x_wconf 87' lang='grc' dir='ltr'>συγχωρηθεῖσαι,</span> <span class='ocrx_word' id='word_1_846' title='bbox 3660 5327 3764 5383; x_wconf 76' lang='grc' dir='ltr'>οὔτε</span> 
     </span>
    </p>
   </div>
   <div class='ocr_carea' id='block_1_112' title="bbox 1829 5549 2520 5608">
    <p class='ocr_par' dir='ltr' id='par_1_112' title="bbox 1829 5549 2520 5608">
     <span class='ocr_line' id='line_1_112' title="bbox 1829 5549 2520 5608; baseline 0.003 -4"><span class='ocrx_word' id='word_1_847' title='bbox 1829 5549 2068 5606; x_wconf 76' lang='lat' dir='ltr'><strong>VABUE</strong></span> <span class='ocrx_word' id='word_1_848' title='bbox 2107 5549 2520 5608; x_wconf 83' lang='lat' dir='ltr'><strong>LECTIONES.</strong></span> 
     </span>
    </p>
   </div>
   <div class='ocr_carea' id='block_1_113' title="bbox 609 5705 3760 5816">
    <p class='ocr_par' dir='ltr' id='par_1_113' title="bbox 609 5705 3760 5816">
     <span class='ocr_line' id='line_1_113' title="bbox 609 5705 3760 5816; baseline 0.001 -36"><span class='ocrx_word' id='word_1_849' title='bbox 609 5727 658 5761; x_wconf 58' lang='grc' dir='ltr'><strong>τε</strong></span> <span class='ocrx_word' id='word_1_850' title='bbox 684 5725 1124 5816; x_wconf 49' lang='grc' dir='ltr'>λέγειίριινέςό-ί.</span> <span class='ocrx_word' id='word_1_851' title='bbox 1200 5729 1250 5816; x_wconf 67' lang='lat'><strong>7:</strong></span> <span class='ocrx_word' id='word_1_852' title='bbox 1272 5730 1456 5816; x_wconf 35' lang='lat' dir='ltr'><strong>diem.</strong></span> <span class='ocrx_word' id='word_1_853' title='bbox 1487 5727 1549 5816; x_wconf 54' lang='grc' dir='ltr'><strong>Ρ..</strong></span> <span class='ocrx_word' id='word_1_854' title='bbox 1629 5730 1672 5761; x_wconf 72' lang='grc'><strong>⁷⁸</strong></span> <span class='ocrx_word' id='word_1_855' title='bbox 1703 5729 1860 5816; x_wconf 67' lang='grc' dir='ltr'>μόνον</span> <span class='ocrx_word' id='word_1_856' title='bbox 2034 5731 2078 5761; x_wconf 88' lang='grc'><strong>⁷⁷</strong></span> <span class='ocrx_word' id='word_1_857' title='bbox 2098 5730 2403 5816; x_wconf 47' lang='grc' dir='ltr'>ἐπροφητῷν</span> <span class='ocrx_word' id='word_1_858' title='bbox 2419 5729 2481 5785; x_wconf 82' lang='grc' dir='ltr'><strong>Ρ.</strong></span> <span class='ocrx_word' id='word_1_859' title='bbox 2559 5730 2606 5762; x_wconf 80' lang='grc'><strong>⁷³</strong></span> <span class='ocrx_word' id='word_1_860' title='bbox 2633 5727 2770 5800; x_wconf 73' lang='grc' dir='ltr'>πρὸς</span> <span class='ocrx_word' id='word_1_861' title='bbox 2793 5725 3028 5800; x_wconf 80' lang='grc' dir='ltr'>ῦπαρξιν</span> <span class='ocrx_word' id='word_1_862' title='bbox 3050 5727 3116 5782; x_wconf 74' lang='grc' dir='ltr'><strong>Β.</strong></span> <span class='ocrx_word' id='word_1_863' title='bbox 3194 5728 3240 5761; x_wconf 72' lang='grc'><strong>⁷⁸</strong></span> <span class='ocrx_word' id='word_1_864' title='bbox 3259 5723 3483 5798; x_wconf 73' lang='grc' dir='ltr'>ἠθέτηκε</span> <span class='ocrx_word' id='word_1_865' title='bbox 3505 5717 3558 5776; x_wconf 71' lang='grc' dir='ltr'><strong>Γ·</strong></span> <span class='ocrx_word' id='word_1_866' title='bbox 3626 5705 3760 5761; x_wconf 48' lang='lat' dir='ltr'><strong>an“</strong></span> 
     </span>
    </p>
   </div>
   <div class='ocr_carea' id='block_1_114' title="bbox 543 5798 1830 5873">
    <p class='ocr_par' dir='ltr' id='par_1_114' title="bbox 543 5798 1830 5873">
     <span class='ocr_line' id='line_1_114' title="bbox 543 5798 1830 5873; baseline 0.004 -23"><span class='ocrx_word' id='word_1_867' title='bbox 543 5813 650 5868; x_wconf 90' lang='grc' dir='ltr'>γει.</span> <span class='ocrx_word' id='word_1_868' title='bbox 672 5815 796 5866; x_wconf 79' lang='lat' dir='ltr'><strong>xxv,</strong></span> <span class='ocrx_word' id='word_1_869' title='bbox 827 5800 913 5855; x_wconf 65' lang='lat' dir='ltr'><strong>4i.</strong></span> <span class='ocrx_word' id='word_1_870' title='bbox 991 5798 1036 5830; x_wconf 71' lang='grc' dir='ltr'><strong>δι</strong></span> <span class='ocrx_word' id='word_1_871' title='bbox 1066 5799 1370 5870; x_wconf 79' lang='grc' dir='ltr'>παραϐολῇ.</span> <span class='ocrx_word' id='word_1_872' title='bbox 1392 5799 1582 5873; x_wconf 67' lang='lat' dir='ltr'><strong>Matth.</strong></span> <span class='ocrx_word' id='word_1_873' title='bbox 1631 5816 1752 5866; x_wconf 74' lang='lat' dir='ltr'><strong>xxv,</strong></span> <span class='ocrx_word' id='word_1_874' title='bbox 1783 5803 1830 5855; x_wconf 84' lang='grc' dir='ltr'><strong>Ι.</strong></span> 
     </span>
    </p>
   </div>
   <div class='ocr_carea' id='block_1_115' title="bbox 1908 5800 2370 5870">
    <p class='ocr_par' dir='ltr' id='par_1_115' title="bbox 1908 5800 2370 5870">
     <span class='ocr_line' id='line_1_115' title="bbox 1908 5800 2370 5870; baseline 0.002 -16"><span class='ocrx_word' id='word_1_875' title='bbox 1908 5803 1951 5833; x_wconf 69' lang='grc'><strong>⁸³</strong></span> <span class='ocrx_word' id='word_1_876' title='bbox 1980 5800 2275 5870; x_wconf 76' lang='grc' dir='ltr'>παρθενίαν</span> <span class='ocrx_word' id='word_1_877' title='bbox 2312 5801 2370 5856; x_wconf 81' lang='grc' dir='ltr'><strong>Ρ.</strong></span> 
     </span>
    </p>
   </div>
  </div>
