  <div class='ocr_page' id='page_1' title='image "/cluster/home/n/w/nwhite01/storage/ocr_20150623/92/coo.31924054869965/306.png"; bbox 0 0 3948 6430; ppageno 0'>
   <div class='ocr_carea' id='block_1_1' title="bbox 303 303 410 367">
    <p class='ocr_par' dir='ltr' id='par_1_1' title="bbox 303 303 410 367">
     <span class='ocr_line' id='line_1_1' title="bbox 303 303 410 367; baseline 0 0"><span class='ocrx_word' id='word_1_1' title='bbox 303 303 410 367; x_wconf 66' lang='grc' dir='ltr'>ἔιθ5</span> 
     </span>
    </p>
   </div>
   <div class='ocr_carea' id='block_1_2' title="bbox 1486 240 2383 363">
    <p class='ocr_par' dir='ltr' id='par_1_2' title="bbox 1486 240 2383 363">
     <span class='ocr_line' id='line_1_2' title="bbox 1486 240 2383 363; baseline -0.009 1"><span class='ocrx_word' id='word_1_2' title='bbox 1486 299 1926 363; x_wconf 81' lang='lat' dir='ltr'><strong>CHRONICON</strong></span> <span class='ocrx_word' id='word_1_3' title='bbox 1975 240 2383 360; x_wconf 61' lang='grc' dir='ltr'>ΡΑδεΗλιΕ.</span> 
     </span>
    </p>
   </div>
   <div class='ocr_carea' id='block_1_3' title="bbox 3464 289 3570 357">
    <p class='ocr_par' dir='ltr' id='par_1_3' title="bbox 3464 289 3570 357">
     <span class='ocr_line' id='line_1_3' title="bbox 3464 289 3570 357; baseline 0 0"><span class='ocrx_word' id='word_1_4' title='bbox 3464 289 3570 357; x_wconf 80' lang='lat'><strong>586</strong></span> 
     </span>
    </p>
   </div>
   <div class='ocr_carea' id='block_1_4' title="bbox 302 404 1897 485">
    <p class='ocr_par' dir='ltr' id='par_1_4' title="bbox 302 410 1878 485">
     <span class='ocr_line' id='line_1_4' title="bbox 302 410 1878 485; baseline -0.001 -19"><span class='ocrx_word' id='word_1_5' title='bbox 302 415 400 484; x_wconf 69' lang='grc' dir='ltr'>τὴν</span> <span class='ocrx_word' id='word_1_6' title='bbox 420 411 468 444; x_wconf 66' lang='grc' dir='ltr'>δι</span> <span class='ocrx_word' id='word_1_7' title='bbox 500 410 654 482; x_wconf 77' lang='grc' dir='ltr'>ίσχῖιν</span> <span class='ocrx_word' id='word_1_8' title='bbox 703 411 898 483; x_wconf 81' lang='grc' dir='ltr'>αὐτῆς.</span> <span class='ocrx_word' id='word_1_9' title='bbox 937 413 1133 468; x_wconf 79' lang='grc' dir='ltr'>Καίτοι</span> <span class='ocrx_word' id='word_1_10' title='bbox 1165 411 1215 466; x_wconf 80' lang='grc' dir='ltr'><strong>εἰ</strong></span> <span class='ocrx_word' id='word_1_11' title='bbox 1244 411 1339 467; x_wconf 77' lang='grc' dir='ltr'>καὶ</span> <span class='ocrx_word' id='word_1_12' title='bbox 1381 410 1443 466; x_wconf 80' lang='grc' dir='ltr'><strong>τὺ</strong></span> <span class='ocrx_word' id='word_1_13' title='bbox 1476 413 1577 484; x_wconf 82' lang='grc' dir='ltr'>τῆς</span> <span class='ocrx_word' id='word_1_14' title='bbox 1613 411 1878 485; x_wconf 72' lang='grc' dir='ltr'><strong>ἐργασίας</strong></span> 
     </span>
    </p>
   </div>
   <div class='ocr_carea' id='block_1_5' title="bbox 2001 404 3572 485">
    <p class='ocr_par' dir='ltr' id='par_1_5' title="bbox 2001 404 3572 481">
     <span class='ocr_line' id='line_1_5' title="bbox 2001 404 3572 481; baseline -0.002 -16"><span class='ocrx_word' id='word_1_15' title='bbox 2001 425 2119 481; x_wconf 59' lang='lat' dir='ltr'><strong>lpus</strong></span> <span class='ocrx_word' id='word_1_16' title='bbox 2169 411 2365 464; x_wconf 78' lang='lat' dir='ltr'><strong>habeat</strong></span> <span class='ocrx_word' id='word_1_17' title='bbox 2409 406 2642 464; x_wconf 76' lang='lat' dir='ltr'><strong>subinde</strong></span> <span class='ocrx_word' id='word_1_18' title='bbox 2686 419 2867 476; x_wconf 73' lang='lat' dir='ltr'><strong>opera:</strong></span> <span class='ocrx_word' id='word_1_19' title='bbox 2911 404 3186 469; x_wconf 84' lang='lat' dir='ltr'><strong>fructum,</strong></span> <span class='ocrx_word' id='word_1_20' title='bbox 3223 411 3408 460; x_wconf 86' lang='lat' dir='ltr'><strong>tamen</strong></span> <span class='ocrx_word' id='word_1_21' title='bbox 3450 406 3572 476; x_wconf 78' lang='lat' dir='ltr'><strong>ipso</strong></span> 
     </span>
    </p>
   </div>
   <div class='ocr_carea' id='block_1_6' title="bbox 301 495 1886 574">
    <p class='ocr_par' dir='ltr' id='par_1_6' title="bbox 301 495 1886 574">
     <span class='ocr_line' id='line_1_6' title="bbox 301 495 1886 574; baseline 0 -20"><span class='ocrx_word' id='word_1_22' title='bbox 301 501 583 554; x_wconf 72' lang='grc' dir='ltr'>ἄπαυστον</span> <span class='ocrx_word' id='word_1_23' title='bbox 609 495 724 572; x_wconf 72' lang='grc' dir='ltr'><strong>εἷχὲ</strong></span> <span class='ocrx_word' id='word_1_24' title='bbox 745 518 870 556; x_wconf 84' lang='grc' dir='ltr'>τινα</span> <span class='ocrx_word' id='word_1_25' title='bbox 896 502 1132 574; x_wconf 74' lang='grc' dir='ltr'>καρπὸν,</span> <span class='ocrx_word' id='word_1_26' title='bbox 1148 502 1318 567; x_wconf 77' lang='grc' dir='ltr'>αὐτὸς</span> <span class='ocrx_word' id='word_1_27' title='bbox 1347 503 1376 555; x_wconf 89' lang='lat'><strong>6</strong></span> <span class='ocrx_word' id='word_1_28' title='bbox 1403 503 1564 565; x_wconf 85' lang='grc' dir='ltr'>πόνος</span> <span class='ocrx_word' id='word_1_29' title='bbox 1593 500 1886 572; x_wconf 70' lang='grc' dir='ltr'>οὑῖμετρία</span> 
     </span>
    </p>
   </div>
   <div class='ocr_carea' id='block_1_7' title="bbox 303 590 1887 666">
    <p class='ocr_par' dir='ltr' id='par_1_7' title="bbox 303 590 1887 666">
     <span class='ocr_line' id='line_1_7' title="bbox 303 590 1887 666; baseline 0 -21"><span class='ocrx_word' id='word_1_30' title='bbox 303 590 539 661; x_wconf 81' lang='grc' dir='ltr'>βάσανος</span> <span class='ocrx_word' id='word_1_31' title='bbox 569 590 648 663; x_wconf 82' lang='grc' dir='ltr'><strong>τῷ</strong></span> <span class='ocrx_word' id='word_1_32' title='bbox 675 591 764 646; x_wconf 77' lang='grc' dir='ltr'>ἀεὶ</span> <span class='ocrx_word' id='word_1_33' title='bbox 794 593 1238 666; x_wconf 77' lang='grc' dir='ltr'>κατατεινομὲνῳ</span> <span class='ocrx_word' id='word_1_34' title='bbox 1259 593 1353 648; x_wconf 83' lang='grc' dir='ltr'>καὶ</span> <span class='ocrx_word' id='word_1_35' title='bbox 1385 593 1658 648; x_wconf 79' lang='grc' dir='ltr'><strong>κοπιῶντι</strong></span> <span class='ocrx_word' id='word_1_36' title='bbox 1684 609 1698 624; x_wconf 80' lang='grc' dir='ltr'><strong>ο</strong></span> <span class='ocrx_word' id='word_1_37' title='bbox 1731 595 1887 646; x_wconf 79' lang='grc' dir='ltr'>ἐπει-</span> 
     </span>
    </p>
   </div>
   <div class='ocr_carea' id='block_1_8' title="bbox 301 680 1888 756">
    <p class='ocr_par' dir='ltr' id='par_1_8' title="bbox 301 680 1888 756">
     <span class='ocr_line' id='line_1_8' title="bbox 301 680 1888 756; baseline 0.001 -22"><span class='ocrx_word' id='word_1_38' title='bbox 301 681 363 753; x_wconf 74' lang='grc' dir='ltr'>δὴ</span> <span class='ocrx_word' id='word_1_39' title='bbox 393 680 455 735; x_wconf 79' lang='grc' dir='ltr'>δὲ</span> <span class='ocrx_word' id='word_1_40' title='bbox 475 682 572 736; x_wconf 81' lang='grc' dir='ltr'>καὶ</span> <span class='ocrx_word' id='word_1_41' title='bbox 596 683 631 752; x_wconf 76' lang='grc' dir='ltr'>ἡ</span> <span class='ocrx_word' id='word_1_42' title='bbox 665 683 895 754; x_wconf 76' lang='grc' dir='ltr'>ἐργασία</span> <span class='ocrx_word' id='word_1_43' title='bbox 923 684 1202 749; x_wconf 75' lang='grc' dir='ltr'><strong>ἄπαυστος</strong></span> <span class='ocrx_word' id='word_1_44' title='bbox 1239 683 1336 739; x_wconf 62' lang='grc' dir='ltr'><strong>καί⁵</strong></span> <span class='ocrx_word' id='word_1_45' title='bbox 1376 685 1628 756; x_wconf 78' lang='grc' dir='ltr'>ἄκαρπος</span> <span class='ocrx_word' id='word_1_46' title='bbox 1673 687 1706 756; x_wconf 83' lang='grc' dir='ltr'><strong>ἡ</strong></span> <span class='ocrx_word' id='word_1_47' title='bbox 1759 682 1888 755; x_wconf 74' lang='grc' dir='ltr'>περὶ</span> 
     </span>
    </p>
   </div>
   <div class='ocr_carea' id='block_1_9' title="bbox 300 768 1885 844">
    <p class='ocr_par' dir='ltr' id='par_1_9' title="bbox 300 768 1885 844">
     <span class='ocr_line' id='line_1_9' title="bbox 300 768 1885 844; baseline 0 -22"><span class='ocrx_word' id='word_1_48' title='bbox 300 771 404 840; x_wconf 81' lang='grc' dir='ltr'>γῆν</span> <span class='ocrx_word' id='word_1_49' title='bbox 423 769 792 843; x_wconf 79' lang='grc' dir='ltr'><strong>ταλαιπωρία,</strong></span> <span class='ocrx_word' id='word_1_50' title='bbox 822 773 856 842; x_wconf 84' lang='grc' dir='ltr'><strong>ἡ</strong></span> <span class='ocrx_word' id='word_1_51' title='bbox 887 772 1137 844; x_wconf 83' lang='grc' dir='ltr'><strong>ἀκαρπία</strong></span> <span class='ocrx_word' id='word_1_52' title='bbox 1165 770 1274 826; x_wconf 86' lang='grc' dir='ltr'><strong>τῶν</strong></span> <span class='ocrx_word' id='word_1_53' title='bbox 1299 771 1498 826; x_wconf 87' lang='grc' dir='ltr'>πόνων.</span> <span class='ocrx_word' id='word_1_54' title='bbox 1527 769 1762 824; x_wconf 86' lang='grc' dir='ltr'>Στένων</span> <span class='ocrx_word' id='word_1_55' title='bbox 1786 768 1885 824; x_wconf 77' lang='grc' dir='ltr'><strong>καί</strong></span> 
     </span>
    </p>
   </div>
   <div class='ocr_carea' id='block_1_10' title="bbox 297 859 1888 932">
    <p class='ocr_par' dir='ltr' id='par_1_10' title="bbox 297 859 1888 932">
     <span class='ocr_line' id='line_1_10' title="bbox 297 859 1888 932; baseline -0.003 -18"><span class='ocrx_word' id='word_1_56' title='bbox 297 861 533 930; x_wconf 75' lang='grc' dir='ltr'>τρέμων</span> <span class='ocrx_word' id='word_1_57' title='bbox 560 860 677 930; x_wconf 74' lang='grc' dir='ltr'><strong>ἔσῃ</strong></span> <span class='ocrx_word' id='word_1_58' title='bbox 709 861 810 915; x_wconf 76' lang='grc' dir='ltr'><strong>ἐπὶ</strong></span> <span class='ocrx_word' id='word_1_59' title='bbox 843 861 954 930; x_wconf 82' lang='grc' dir='ltr'>τῆς</span> <span class='ocrx_word' id='word_1_60' title='bbox 977 861 1116 932; x_wconf 78' lang='grc' dir='ltr'>γῆς.</span> <span class='ocrx_word' id='word_1_61' title='bbox 1169 861 1274 915; x_wconf 88' lang='grc' dir='ltr'><strong>Δύο</strong></span> <span class='ocrx_word' id='word_1_62' title='bbox 1321 861 1665 931; x_wconf 80' lang='grc' dir='ltr'><strong>προσέθηκεν</strong></span> <span class='ocrx_word' id='word_1_63' title='bbox 1717 859 1888 922; x_wconf 78' lang='grc' dir='ltr'>ἄλλας</span> 
     </span>
    </p>
   </div>
   <div class='ocr_carea' id='block_1_11' title="bbox 300 951 1887 1026">
    <p class='ocr_par' dir='ltr' id='par_1_11' title="bbox 300 951 1887 1026">
     <span class='ocr_line' id='line_1_11' title="bbox 300 951 1887 1026; baseline -0.002 -19"><span class='ocrx_word' id='word_1_64' title='bbox 300 955 421 1018; x_wconf 84' lang='grc' dir='ltr'>ταῖς</span> <span class='ocrx_word' id='word_1_65' title='bbox 450 953 621 1024; x_wconf 80' lang='grc' dir='ltr'>τρισὶ,</span> <span class='ocrx_word' id='word_1_66' title='bbox 668 955 974 1026; x_wconf 81' lang='grc' dir='ltr'>στεναγμὸν</span> <span class='ocrx_word' id='word_1_67' title='bbox 1021 955 1248 1026; x_wconf 84' lang='grc' dir='ltr'>διηνεκῆ</span> <span class='ocrx_word' id='word_1_68' title='bbox 1280 954 1374 1008; x_wconf 80' lang='grc' dir='ltr'>καὶ</span> <span class='ocrx_word' id='word_1_69' title='bbox 1407 955 1608 1026; x_wconf 79' lang='grc' dir='ltr'><strong>τρόμον</strong></span> <span class='ocrx_word' id='word_1_70' title='bbox 1651 951 1748 1007; x_wconf 77' lang='grc' dir='ltr'><strong>τοῦ</strong></span> <span class='ocrx_word' id='word_1_71' title='bbox 1779 951 1887 1004; x_wconf 81' lang='grc' dir='ltr'><strong>σώ-</strong></span> 
     </span>
    </p>
   </div>
   <div class='ocr_carea' id='block_1_12' title="bbox 301 1041 1890 1117">
    <p class='ocr_par' dir='ltr' id='par_1_12' title="bbox 301 1041 1890 1117">
     <span class='ocr_line' id='line_1_12' title="bbox 301 1041 1890 1117; baseline -0.004 -17"><span class='ocrx_word' id='word_1_72' title='bbox 301 1062 498 1117; x_wconf 83' lang='grc' dir='ltr'>ματος,</span> <span class='ocrx_word' id='word_1_73' title='bbox 519 1045 612 1099; x_wconf 79' lang='grc' dir='ltr'><strong>τὸν</strong></span> <span class='ocrx_word' id='word_1_74' title='bbox 645 1045 710 1098; x_wconf 82' lang='grc' dir='ltr'>ὲκ</span> <span class='ocrx_word' id='word_1_75' title='bbox 733 1046 832 1117; x_wconf 79' lang='grc' dir='ltr'>τῆς</span> <span class='ocrx_word' id='word_1_76' title='bbox 867 1044 1050 1117; x_wconf 81' lang='grc' dir='ltr'><strong>ἰσχύος</strong></span> <span class='ocrx_word' id='word_1_77' title='bbox 1088 1043 1395 1115; x_wconf 82' lang='grc' dir='ltr'>στηριγμδν</span> <span class='ocrx_word' id='word_1_78' title='bbox 1437 1043 1548 1098; x_wconf 84' lang='grc' dir='ltr'><strong>τῶν</strong></span> <span class='ocrx_word' id='word_1_79' title='bbox 1575 1043 1761 1114; x_wconf 81' lang='grc' dir='ltr'>μελῶν</span> <span class='ocrx_word' id='word_1_80' title='bbox 1788 1041 1890 1096; x_wconf 87' lang='grc' dir='ltr'>οὐκ</span> 
     </span>
    </p>
   </div>
   <div class='ocr_carea' id='block_1_13' title="bbox 296 1123 1889 1210">
    <p class='ocr_par' dir='ltr' id='par_1_13' title="bbox 296 1123 1889 1210">
     <span class='ocr_line' id='line_1_13' title="bbox 296 1123 1889 1210; baseline -0.001 -20"><span class='ocrx_word' id='word_1_81' title='bbox 296 1139 559 1210; x_wconf 80' lang='grc' dir='ltr'>ἑχόντων.</span> <span class='ocrx_word' id='word_1_82' title='bbox 607 1123 829 1209; x_wconf 78' lang='grc' dir='ltr'>Ἐπειδὴ</span> <span class='ocrx_word' id='word_1_83' title='bbox 877 1136 987 1208; x_wconf 86' lang='grc' dir='ltr'><strong>γὰρ</strong></span> <span class='ocrx_word' id='word_1_84' title='bbox 1013 1136 1210 1200; x_wconf 82' lang='grc' dir='ltr'>’κακῶς</span> <span class='ocrx_word' id='word_1_85' title='bbox 1241 1138 1516 1208; x_wconf 77' lang='grc' dir='ltr'>ἐχρήσατο</span> <span class='ocrx_word' id='word_1_86' title='bbox 1555 1139 1622 1208; x_wconf 83' lang='grc' dir='ltr'><strong>τῇ</strong></span> <span class='ocrx_word' id='word_1_87' title='bbox 1659 1135 1889 1208; x_wconf 80' lang='grc' dir='ltr'>δυνάμει</span> 
     </span>
    </p>
   </div>
   <div class='ocr_carea' id='block_1_14' title="bbox 300 1227 1890 1302">
    <p class='ocr_par' dir='ltr' id='par_1_14' title="bbox 300 1227 1890 1302">
     <span class='ocr_line' id='line_1_14' title="bbox 300 1227 1890 1302; baseline -0.004 -16"><span class='ocrx_word' id='word_1_88' title='bbox 300 1231 396 1286; x_wconf 70' lang='grc' dir='ltr'>τοῦ</span> <span class='ocrx_word' id='word_1_89' title='bbox 431 1229 709 1301; x_wconf 83' lang='grc' dir='ltr'>σώματος,</span> <span class='ocrx_word' id='word_1_90' title='bbox 741 1229 992 1302; x_wconf 80' lang='grc' dir='ltr'>ὑφῃρὲοη</span> <span class='ocrx_word' id='word_1_91' title='bbox 1040 1229 1208 1284; x_wconf 80' lang='grc' dir='ltr'>αὐτοῦ</span> <span class='ocrx_word' id='word_1_92' title='bbox 1239 1227 1268 1281; x_wconf 81' lang='lat'><strong>6</strong></span> <span class='ocrx_word' id='word_1_93' title='bbox 1296 1229 1472 1294; x_wconf 80' lang='grc' dir='ltr'>τόνος,</span> <span class='ocrx_word' id='word_1_94' title='bbox 1502 1227 1644 1282; x_wconf 84' lang='grc' dir='ltr'>ὥστε</span> <span class='ocrx_word' id='word_1_95' title='bbox 1683 1227 1890 1282; x_wconf 84' lang='grc' dir='ltr'>κλονεῖ-</span> 
     </span>
    </p>
   </div>
   <div class='ocr_carea' id='block_1_15' title="bbox 303 1319 1889 1394">
    <p class='ocr_par' dir='ltr' id='par_1_15' title="bbox 303 1319 1889 1394">
     <span class='ocr_line' id='line_1_15' title="bbox 303 1319 1889 1394; baseline -0.003 -17"><span class='ocrx_word' id='word_1_96' title='bbox 303 1324 427 1377; x_wconf 87' lang='grc' dir='ltr'>σθαι</span> <span class='ocrx_word' id='word_1_97' title='bbox 454 1322 620 1376; x_wconf 82' lang='grc' dir='ltr'>αὐτὸν</span> <span class='ocrx_word' id='word_1_98' title='bbox 646 1321 744 1376; x_wconf 73' lang='grc' dir='ltr'>καὶ</span> <span class='ocrx_word' id='word_1_99' title='bbox 769 1321 1186 1386; x_wconf 83' lang='grc' dir='ltr'>κατασείεσθαι,</span> <span class='ocrx_word' id='word_1_100' title='bbox 1223 1319 1349 1376; x_wconf 78' lang='grc' dir='ltr'>οὔτε</span> <span class='ocrx_word' id='word_1_101' title='bbox 1397 1321 1564 1394; x_wconf 74' lang='grc' dir='ltr'>ἄρτον</span> <span class='ocrx_word' id='word_1_102' title='bbox 1589 1319 1889 1390; x_wconf 77' lang='grc' dir='ltr'>δυνάμενον</span> 
     </span>
    </p>
   </div>
   <div class='ocr_carea' id='block_1_16' title="bbox 301 1411 1886 1486">
    <p class='ocr_par' dir='ltr' id='par_1_16' title="bbox 301 1411 1886 1486">
     <span class='ocr_line' id='line_1_16' title="bbox 301 1411 1886 1486; baseline -0.003 -18"><span class='ocrx_word' id='word_1_103' title='bbox 301 1414 636 1485; x_wconf 81' lang='grc' dir='ltr'>προσφέρειν</span> <span class='ocrx_word' id='word_1_104' title='bbox 665 1413 868 1485; x_wconf 79' lang='grc' dir='ltr'><strong>ῥᾳδίως</strong></span> <span class='ocrx_word' id='word_1_105' title='bbox 901 1413 948 1445; x_wconf 63' lang='grc' dir='ltr'><strong>δ’</strong></span> <span class='ocrx_word' id='word_1_106' title='bbox 975 1412 1056 1483; x_wconf 87' lang='grc' dir='ltr'>τῷ</span> <span class='ocrx_word' id='word_1_107' title='bbox 1073 1415 1328 1486; x_wconf 88' lang='grc' dir='ltr'>στόματι,</span> <span class='ocrx_word' id='word_1_108' title='bbox 1366 1411 1491 1466; x_wconf 79' lang='grc' dir='ltr'>οὔτε</span> <span class='ocrx_word' id='word_1_109' title='bbox 1521 1411 1686 1466; x_wconf 85' lang='grc' dir='ltr'>ποτὸν</span> <span class='ocrx_word' id='word_1_110' title='bbox 1717 1427 1886 1481; x_wconf 87' lang='grc' dir='ltr'>προσ-</span> 
     </span>
    </p>
   </div>
   <div class='ocr_carea' id='block_1_17' title="bbox 295 1503 1890 1577">
    <p class='ocr_par' dir='ltr' id='par_1_17' title="bbox 295 1503 1890 1577">
     <span class='ocr_line' id='line_1_17' title="bbox 295 1503 1890 1577; baseline -0.001 -19"><span class='ocrx_word' id='word_1_111' title='bbox 295 1505 572 1576; x_wconf 81' lang='grc' dir='ltr'>κομίζειν,</span> <span class='ocrx_word' id='word_1_112' title='bbox 625 1508 728 1577; x_wconf 81' lang='grc' dir='ltr'>τῆς</span> <span class='ocrx_word' id='word_1_113' title='bbox 762 1506 1009 1576; x_wconf 83' lang='grc' dir='ltr'>πονηρὰς</span> <span class='ocrx_word' id='word_1_114' title='bbox 1046 1506 1252 1576; x_wconf 80' lang='grc' dir='ltr'>χειρὸς,</span> <span class='ocrx_word' id='word_1_115' title='bbox 1321 1504 1461 1577; x_wconf 86' lang='grc' dir='ltr'>μετὰ</span> <span class='ocrx_word' id='word_1_116' title='bbox 1507 1505 1610 1574; x_wconf 77' lang='grc' dir='ltr'>τὴν</span> <span class='ocrx_word' id='word_1_117' title='bbox 1667 1503 1890 1558; x_wconf 79' lang='grc' dir='ltr'>ἀνοσίαν</span> 
     </span>
    </p>
   </div>
   <div class='ocr_carea' id='block_1_18' title="bbox 296 1595 1890 1668">
    <p class='ocr_par' dir='ltr' id='par_1_18' title="bbox 296 1595 1890 1668">
     <span class='ocr_line' id='line_1_18' title="bbox 296 1595 1890 1668; baseline -0.002 -18"><span class='ocrx_word' id='word_1_118' title='bbox 296 1597 525 1667; x_wconf 80' lang='grc' dir='ltr'>πρᾶξιν,</span> <span class='ocrx_word' id='word_1_119' title='bbox 549 1595 677 1650; x_wconf 77' lang='grc' dir='ltr'>οὔτε</span> <span class='ocrx_word' id='word_1_120' title='bbox 698 1598 821 1662; x_wconf 83' lang='grc' dir='ltr'>ταῖς</span> <span class='ocrx_word' id='word_1_121' title='bbox 845 1597 1006 1660; x_wconf 79' lang='grc' dir='ltr'><strong>ἰδίαις</strong></span> <span class='ocrx_word' id='word_1_122' title='bbox 1027 1598 1124 1652; x_wconf 74' lang='grc' dir='ltr'>καὶ</span> <span class='ocrx_word' id='word_1_123' title='bbox 1143 1597 1476 1668; x_wconf 82' lang='grc' dir='ltr'>ἀναγκαίαις</span> <span class='ocrx_word' id='word_1_124' title='bbox 1505 1596 1552 1628; x_wconf 67' lang='grc'>⁸³</span> <span class='ocrx_word' id='word_1_125' title='bbox 1567 1595 1664 1650; x_wconf 84' lang='grc' dir='ltr'><strong>τοῦ</strong></span> <span class='ocrx_word' id='word_1_126' title='bbox 1695 1595 1890 1666; x_wconf 83' lang='grc' dir='ltr'>σώμα-</span> 
     </span>
    </p>
   </div>
   <div class='ocr_carea' id='block_1_19' title="bbox 289 1687 1888 1761">
    <p class='ocr_par' dir='ltr' id='par_1_19' title="bbox 289 1687 1888 1761">
     <span class='ocr_line' id='line_1_19' title="bbox 289 1687 1888 1761; baseline -0.001 -19"><span class='ocrx_word' id='word_1_127' title='bbox 289 1707 392 1754; x_wconf 72' lang='grc' dir='ltr'><strong>τος</strong></span> <span class='ocrx_word' id='word_1_128' title='bbox 435 1689 648 1760; x_wconf 86' lang='grc' dir='ltr'>χρείαις</span> <span class='ocrx_word' id='word_1_129' title='bbox 675 1688 864 1742; x_wconf 79' lang='grc' dir='ltr'>λοιπὸν</span> <span class='ocrx_word' id='word_1_130' title='bbox 889 1689 1350 1761; x_wconf 78' lang='grc' dir='ltr'>ἐξυπηρετεϊσθαι</span> <span class='ocrx_word' id='word_1_131' title='bbox 1406 1687 1888 1760; x_wconf 74' lang='grc' dir='ltr'>συγχωρουμένης.</span> 
     </span>
    </p>
   </div>
   <div class='ocr_carea' id='block_1_20' title="bbox 1988 493 3569 571">
    <p class='ocr_par' dir='ltr' id='par_1_20' title="bbox 1988 493 3569 571">
     <span class='ocr_line' id='line_1_20' title="bbox 1988 493 3569 571; baseline -0.004 -17"><span class='ocrx_word' id='word_1_132' title='bbox 1988 499 2143 554; x_wconf 90' lang='lat' dir='ltr'><strong>labor</strong></span> <span class='ocrx_word' id='word_1_133' title='bbox 2199 499 2476 571; x_wconf 87' lang='lat' dir='ltr'><strong>ingentem</strong></span> <span class='ocrx_word' id='word_1_134' title='bbox 2530 495 2692 551; x_wconf 71' lang='lat' dir='ltr'><strong>affert</strong></span> <span class='ocrx_word' id='word_1_135' title='bbox 2755 493 3062 549; x_wconf 77' lang='lat' dir='ltr'><strong>molestiam</strong></span> <span class='ocrx_word' id='word_1_136' title='bbox 3121 501 3197 548; x_wconf 59' lang='lat' dir='ltr'><strong>et&#39;</strong></span> <span class='ocrx_word' id='word_1_137' title='bbox 3233 494 3569 550; x_wconf 79' lang='lat' dir='ltr'><strong>tormentum</strong></span> 
     </span>
    </p>
   </div>
   <div class='ocr_carea' id='block_1_21' title="bbox 1990 586 3571 657">
    <p class='ocr_par' dir='ltr' id='par_1_21' title="bbox 1990 586 3571 657">
     <span class='ocr_line' id='line_1_21' title="bbox 1990 586 3571 657; baseline -0.001 -15"><span class='ocrx_word' id='word_1_138' title='bbox 1990 601 2209 657; x_wconf 85' lang='lat' dir='ltr'><strong>semper</strong></span> <span class='ocrx_word' id='word_1_139' title='bbox 2247 586 2510 652; x_wconf 89' lang='lat' dir='ltr'><strong>distento,</strong></span> <span class='ocrx_word' id='word_1_140' title='bbox 2539 599 2758 654; x_wconf 84' lang='lat' dir='ltr'><strong>semper</strong></span> <span class='ocrx_word' id='word_1_141' title='bbox 2789 593 3058 654; x_wconf 90' lang='lat' dir='ltr'><strong>occupato</strong></span> <span class='ocrx_word' id='word_1_142' title='bbox 3085 595 3141 638; x_wconf 89' lang='lat' dir='ltr'><strong>et</strong></span> <span class='ocrx_word' id='word_1_143' title='bbox 3181 598 3460 653; x_wconf 81' lang='lat' dir='ltr'><strong>nunquam</strong></span> <span class='ocrx_word' id='word_1_144' title='bbox 3501 586 3571 640; x_wconf 75' lang='lat' dir='ltr'><strong>ab</strong></span> 
     </span>
    </p>
   </div>
   <div class='ocr_carea' id='block_1_22' title="bbox 1989 673 3574 749">
    <p class='ocr_par' dir='ltr' id='par_1_22' title="bbox 1989 673 3574 749">
     <span class='ocr_line' id='line_1_22' title="bbox 1989 673 3574 749; baseline -0.002 -16"><span class='ocrx_word' id='word_1_145' title='bbox 1989 693 2158 749; x_wconf 87' lang='lat' dir='ltr'><strong>opere</strong></span> <span class='ocrx_word' id='word_1_146' title='bbox 2185 676 2442 732; x_wconf 83' lang='lat' dir='ltr'><strong>cessanti.</strong></span> <span class='ocrx_word' id='word_1_147' title='bbox 2468 675 2576 731; x_wconf 87' lang='lat' dir='ltr'><strong>Sed</strong></span> <span class='ocrx_word' id='word_1_148' title='bbox 2608 684 2664 730; x_wconf 92' lang='lat' dir='ltr'><strong>tu</strong></span> <span class='ocrx_word' id='word_1_149' title='bbox 2695 689 2823 730; x_wconf 89' lang='lat' dir='ltr'><strong>cum</strong></span> <span class='ocrx_word' id='word_1_150' title='bbox 2845 673 3050 744; x_wconf 87' lang='lat' dir='ltr'><strong>ingenti</strong></span> <span class='ocrx_word' id='word_1_151' title='bbox 3073 673 3259 728; x_wconf 89' lang='lat' dir='ltr'><strong>labore</strong></span> <span class='ocrx_word' id='word_1_152' title='bbox 3281 673 3419 727; x_wconf 80' lang='lat' dir='ltr'><strong>nihil</strong></span> <span class='ocrx_word' id='word_1_153' title='bbox 3445 689 3574 744; x_wconf 90' lang='lat' dir='ltr'><strong>pro-</strong></span> 
     </span>
    </p>
   </div>
   <div class='ocr_carea' id='block_1_23' title="bbox 1990 763 3572 839">
    <p class='ocr_par' dir='ltr' id='par_1_23' title="bbox 1990 763 3572 839">
     <span class='ocr_line' id='line_1_23' title="bbox 1990 763 3572 839; baseline -0.003 -15"><span class='ocrx_word' id='word_1_154' title='bbox 1990 769 2281 829; x_wconf 72' lang='lat' dir='ltr'><strong>ﬁcicsmrc</strong></span> <span class='ocrx_word' id='word_1_155' title='bbox 2312 783 2494 839; x_wconf 77' lang='lat' dir='ltr'><strong>opera:</strong></span> <span class='ocrx_word' id='word_1_156' title='bbox 2520 766 2759 837; x_wconf 77' lang='lat' dir='ltr'><strong>pretium</strong></span> <span class='ocrx_word' id='word_1_157' title='bbox 2794 764 2980 829; x_wconf 88' lang='lat' dir='ltr'><strong>facies,</strong></span> <span class='ocrx_word' id='word_1_158' title='bbox 3004 779 3109 819; x_wconf 90' lang='lat' dir='ltr'><strong>nec</strong></span> <span class='ocrx_word' id='word_1_159' title='bbox 3133 763 3372 818; x_wconf 81' lang='lat' dir='ltr'><strong>fructum</strong></span> <span class='ocrx_word' id='word_1_160' title='bbox 3404 765 3572 820; x_wconf 88' lang='lat' dir='ltr'><strong>ullum</strong></span> 
     </span>
    </p>
   </div>
   <div class='ocr_carea' id='block_1_24' title="bbox 1991 854 3576 926">
    <p class='ocr_par' dir='ltr' id='par_1_24' title="bbox 1991 854 3576 926">
     <span class='ocr_line' id='line_1_24' title="bbox 1991 854 3576 926; baseline 0 -18"><span class='ocrx_word' id='word_1_161' title='bbox 1991 855 2316 926; x_wconf 86' lang='lat' dir='ltr'><strong>reportabis.</strong></span> <span class='ocrx_word' id='word_1_162' title='bbox 2382 854 2612 925; x_wconf 81' lang='lat' dir='ltr'><strong>Insuper</strong></span> <span class='ocrx_word' id='word_1_163' title='bbox 2653 869 2860 924; x_wconf 78' lang='lat' dir='ltr'><strong>gemens</strong></span> <span class='ocrx_word' id='word_1_164' title='bbox 2904 863 2952 907; x_wconf 81' lang='lat' dir='ltr'><strong>et</strong></span> <span class='ocrx_word' id='word_1_165' title='bbox 3001 861 3227 908; x_wconf 79' lang='lat' dir='ltr'><strong>tremens</strong></span> <span class='ocrx_word' id='word_1_166' title='bbox 3270 855 3374 910; x_wconf 72' lang='lat' dir='ltr'><strong>eris</strong></span> <span class='ocrx_word' id='word_1_167' title='bbox 3418 871 3576 923; x_wconf 79' lang='lat' dir='ltr'><strong>super</strong></span> 
     </span>
    </p>
   </div>
   <div class='ocr_carea' id='block_1_25' title="bbox 1993 942 3574 1015">
    <p class='ocr_par' dir='ltr' id='par_1_25' title="bbox 1993 942 3574 1015">
     <span class='ocr_line' id='line_1_25' title="bbox 1993 942 3574 1015; baseline 0.001 -17"><span class='ocrx_word' id='word_1_168' title='bbox 1993 955 2209 999; x_wconf 81' lang='lat' dir='ltr'><strong>terram.</strong></span> <span class='ocrx_word' id='word_1_169' title='bbox 2249 944 2394 1001; x_wconf 90' lang='lat' dir='ltr'><strong>Duas</strong></span> <span class='ocrx_word' id='word_1_170' title='bbox 2431 943 2683 1015; x_wconf 78' lang='lat' dir='ltr'><strong>adjunxit</strong></span> <span class='ocrx_word' id='word_1_171' title='bbox 2719 943 2856 997; x_wconf 90' lang='lat' dir='ltr'><strong>alias</strong></span> <span class='ocrx_word' id='word_1_172' title='bbox 2894 957 3085 1012; x_wconf 87' lang='lat' dir='ltr'><strong>poenas</strong></span> <span class='ocrx_word' id='word_1_173' title='bbox 3122 942 3318 1009; x_wconf 79' lang='lat' dir='ltr'><strong>tribus,</strong></span> <span class='ocrx_word' id='word_1_174' title='bbox 3359 944 3574 1000; x_wconf 81' lang='lat' dir='ltr'><strong>assidua</strong></span> 
     </span>
    </p>
   </div>
   <div class='ocr_carea' id='block_1_26' title="bbox 1991 1034 3578 1106">
    <p class='ocr_par' dir='ltr' id='par_1_26' title="bbox 1991 1034 3578 1106">
     <span class='ocr_line' id='line_1_26' title="bbox 1991 1034 3578 1106; baseline -0.002 -14"><span class='ocrx_word' id='word_1_175' title='bbox 1991 1035 2246 1106; x_wconf 78' lang='lat' dir='ltr'><strong>suSpiria,</strong></span> <span class='ocrx_word' id='word_1_176' title='bbox 2269 1044 2325 1090; x_wconf 89' lang='lat' dir='ltr'><strong>et</strong></span> <span class='ocrx_word' id='word_1_177' title='bbox 2352 1035 2599 1106; x_wconf 89' lang='lat' dir='ltr'><strong>corporis</strong></span> <span class='ocrx_word' id='word_1_178' title='bbox 2623 1044 2938 1100; x_wconf 87' lang='lat' dir='ltr'><strong>tremorem,</strong></span> <span class='ocrx_word' id='word_1_179' title='bbox 2960 1034 3160 1088; x_wconf 86' lang='lat' dir='ltr'><strong>amissa</strong></span> <span class='ocrx_word' id='word_1_180' title='bbox 3183 1035 3578 1098; x_wconf 83' lang='lat' dir='ltr'><strong>membrorum,</strong></span> 
     </span>
    </p>
   </div>
   <div class='ocr_carea' id='block_1_27' title="bbox 1993 1127 3583 1199">
    <p class='ocr_par' dir='ltr' id='par_1_27' title="bbox 1993 1127 3583 1199">
     <span class='ocr_line' id='line_1_27' title="bbox 1993 1127 3583 1199; baseline -0.001 -17"><span class='ocrx_word' id='word_1_181' title='bbox 1993 1144 2156 1199; x_wconf 87' lang='lat' dir='ltr'><strong>quam</strong></span> <span class='ocrx_word' id='word_1_182' title='bbox 2193 1143 2258 1182; x_wconf 77' lang='lat' dir='ltr'><strong>ex</strong></span> <span class='ocrx_word' id='word_1_183' title='bbox 2287 1127 2610 1183; x_wconf 82' lang='lat' dir='ltr'><strong>fortitudine</strong></span> <span class='ocrx_word' id='word_1_184' title='bbox 2648 1142 2744 1182; x_wconf 88' lang='lat' dir='ltr'><strong>seu</strong></span> <span class='ocrx_word' id='word_1_185' title='bbox 2772 1127 2971 1182; x_wconf 82' lang='lat' dir='ltr'><strong>robore</strong></span> <span class='ocrx_word' id='word_1_186' title='bbox 3002 1127 3370 1195; x_wconf 87' lang='lat' dir='ltr'><strong>accipiebant.</strong></span> <span class='ocrx_word' id='word_1_187' title='bbox 3408 1127 3583 1190; x_wconf 76' lang='lat' dir='ltr'><strong>firmi-</strong></span> 
     </span>
    </p>
   </div>
   <div class='ocr_carea' id='block_1_28' title="bbox 1992 1221 3580 1292">
    <p class='ocr_par' dir='ltr' id='par_1_28' title="bbox 1992 1221 3580 1292">
     <span class='ocr_line' id='line_1_28' title="bbox 1992 1221 3580 1292; baseline -0.002 -13"><span class='ocrx_word' id='word_1_188' title='bbox 1992 1223 2202 1279; x_wconf 80' lang='lat' dir='ltr'><strong>tudine.</strong></span> <span class='ocrx_word' id='word_1_189' title='bbox 2245 1221 2382 1278; x_wconf 89' lang='lat' dir='ltr'><strong>Cum</strong></span> <span class='ocrx_word' id='word_1_190' title='bbox 2421 1221 2568 1277; x_wconf 88' lang='lat' dir='ltr'><strong>enim</strong></span> <span class='ocrx_word' id='word_1_191' title='bbox 2616 1221 2863 1292; x_wconf 85' lang='lat' dir='ltr'><strong>corporis</strong></span> <span class='ocrx_word' id='word_1_192' title='bbox 2907 1221 3119 1276; x_wconf 89' lang='lat' dir='ltr'><strong>viribus</strong></span> <span class='ocrx_word' id='word_1_193' title='bbox 3163 1222 3369 1276; x_wconf 91' lang='lat' dir='ltr'><strong>abusus</strong></span> <span class='ocrx_word' id='word_1_194' title='bbox 3410 1232 3580 1284; x_wconf 87' lang='lat' dir='ltr'><strong>esset,</strong></span> 
     </span>
    </p>
   </div>
   <div class='ocr_carea' id='block_1_29' title="bbox 1991 1313 3582 1385">
    <p class='ocr_par' dir='ltr' id='par_1_29' title="bbox 1991 1313 3582 1385">
     <span class='ocr_line' id='line_1_29' title="bbox 1991 1313 3582 1385; baseline -0.001 -15"><span class='ocrx_word' id='word_1_195' title='bbox 1991 1330 2196 1370; x_wconf 74' lang='lat' dir='ltr'><strong>nervus</strong></span> <span class='ocrx_word' id='word_1_196' title='bbox 2224 1315 2294 1370; x_wconf 86' lang='lat' dir='ltr'><strong>ab</strong></span> <span class='ocrx_word' id='word_1_197' title='bbox 2323 1315 2414 1369; x_wconf 88' lang='lat' dir='ltr'><strong>illo</strong></span> <span class='ocrx_word' id='word_1_198' title='bbox 2438 1313 2628 1380; x_wconf 88' lang='lat' dir='ltr'><strong>cessit,</strong></span> <span class='ocrx_word' id='word_1_199' title='bbox 2662 1323 2722 1369; x_wconf 87' lang='lat' dir='ltr'><strong>ut</strong></span> <span class='ocrx_word' id='word_1_200' title='bbox 2743 1324 2984 1385; x_wconf 83' lang='lat' dir='ltr'><strong>paveret,</strong></span> <span class='ocrx_word' id='word_1_201' title='bbox 3011 1323 3067 1368; x_wconf 90' lang='lat' dir='ltr'><strong>et</strong></span> <span class='ocrx_word' id='word_1_202' title='bbox 3095 1315 3314 1370; x_wconf 85' lang='lat' dir='ltr'><strong>assidua</strong></span> <span class='ocrx_word' id='word_1_203' title='bbox 3344 1315 3582 1384; x_wconf 87' lang='lat' dir='ltr'><strong>quadam</strong></span> 
     </span>
    </p>
   </div>
   <div class='ocr_carea' id='block_1_30' title="bbox 1993 1405 3585 1479">
    <p class='ocr_par' dir='ltr' id='par_1_30' title="bbox 1993 1405 3585 1479">
     <span class='ocr_line' id='line_1_30' title="bbox 1993 1405 3585 1479; baseline -0.001 -16"><span class='ocrx_word' id='word_1_204' title='bbox 1993 1407 2358 1479; x_wconf 85' lang='lat' dir='ltr'><strong>trepidatione</strong></span> <span class='ocrx_word' id='word_1_205' title='bbox 2403 1415 2814 1474; x_wconf 86' lang='lat' dir='ltr'><strong>concuteretur,</strong></span> <span class='ocrx_word' id='word_1_206' title='bbox 2853 1407 2930 1461; x_wconf 91' lang='lat' dir='ltr'><strong>uti</strong></span> <span class='ocrx_word' id='word_1_207' title='bbox 2970 1421 3074 1461; x_wconf 90' lang='lat' dir='ltr'><strong>nec</strong></span> <span class='ocrx_word' id='word_1_208' title='bbox 3111 1405 3296 1462; x_wconf 89' lang='lat' dir='ltr'><strong>cibum</strong></span> <span class='ocrx_word' id='word_1_209' title='bbox 3339 1415 3460 1462; x_wconf 90' lang='lat' dir='ltr'><strong>tuto</strong></span> <span class='ocrx_word' id='word_1_210' title='bbox 3498 1408 3585 1462; x_wconf 87' lang='lat' dir='ltr'><strong>ori</strong></span> 
     </span>
    </p>
   </div>
   <div class='ocr_carea' id='block_1_31' title="bbox 1993 1497 3582 1571">
    <p class='ocr_par' dir='ltr' id='par_1_31' title="bbox 1993 1497 3582 1571">
     <span class='ocr_line' id='line_1_31' title="bbox 1993 1497 3582 1571; baseline -0.003 -15"><span class='ocrx_word' id='word_1_211' title='bbox 1993 1502 2308 1567; x_wconf 85' lang='lat' dir='ltr'><strong>admovere,</strong></span> <span class='ocrx_word' id='word_1_212' title='bbox 2329 1515 2435 1556; x_wconf 89' lang='lat' dir='ltr'><strong>nec</strong></span> <span class='ocrx_word' id='word_1_213' title='bbox 2453 1509 2664 1571; x_wconf 78' lang='lat' dir='ltr'><strong>gestare</strong></span> <span class='ocrx_word' id='word_1_214' title='bbox 2687 1498 2942 1570; x_wconf 75' lang='lat' dir='ltr'><strong>poculum</strong></span> <span class='ocrx_word' id='word_1_215' title='bbox 2965 1497 3084 1553; x_wconf 88' lang='lat' dir='ltr'><strong>sine</strong></span> <span class='ocrx_word' id='word_1_216' title='bbox 3113 1507 3351 1553; x_wconf 85' lang='lat' dir='ltr'><strong>tremore</strong></span> <span class='ocrx_word' id='word_1_217' title='bbox 3378 1506 3582 1568; x_wconf 84' lang='lat' dir='ltr'><strong>posset,</strong></span> 
     </span>
    </p>
   </div>
   <div class='ocr_carea' id='block_1_32' title="bbox 1993 1589 3584 1664">
    <p class='ocr_par' dir='ltr' id='par_1_32' title="bbox 1993 1589 3584 1664">
     <span class='ocr_line' id='line_1_32' title="bbox 1993 1589 3584 1664; baseline -0.003 -15"><span class='ocrx_word' id='word_1_218' title='bbox 1993 1610 2161 1650; x_wconf 89' lang='lat' dir='ltr'><strong>manu</strong></span> <span class='ocrx_word' id='word_1_219' title='bbox 2204 1592 2392 1664; x_wconf 85' lang='lat' dir='ltr'><strong>impia,</strong></span> <span class='ocrx_word' id='word_1_220' title='bbox 2434 1601 2558 1664; x_wconf 86' lang='lat' dir='ltr'><strong>post</strong></span> <span class='ocrx_word' id='word_1_221' title='bbox 2602 1591 2830 1662; x_wconf 84' lang='lat' dir='ltr'><strong>impium</strong></span> <span class='ocrx_word' id='word_1_222' title='bbox 2875 1598 2932 1646; x_wconf 86' lang='lat' dir='ltr'><strong>et</strong></span> <span class='ocrx_word' id='word_1_223' title='bbox 2979 1590 3308 1662; x_wconf 85' lang='lat' dir='ltr'><strong>parricidale</strong></span> <span class='ocrx_word' id='word_1_224' title='bbox 3355 1589 3584 1652; x_wconf 87' lang='lat' dir='ltr'><strong>factum,</strong></span> 
     </span>
    </p>
   </div>
   <div class='ocr_carea' id='block_1_33' title="bbox 1995 1681 3589 1755">
    <p class='ocr_par' dir='ltr' id='par_1_33' title="bbox 1995 1681 3589 1755">
     <span class='ocr_line' id='line_1_33' title="bbox 1995 1681 3589 1755; baseline -0.004 -13"><span class='ocrx_word' id='word_1_225' title='bbox 1995 1702 2153 1742; x_wconf 85' lang='lat' dir='ltr'><strong>usum</strong></span> <span class='ocrx_word' id='word_1_226' title='bbox 2175 1685 2504 1741; x_wconf 71' lang='lat' dir='ltr'><strong>necessariae</strong></span> <span class='ocrx_word' id='word_1_227' title='bbox 2525 1684 2770 1755; x_wconf 85' lang='lat' dir='ltr'><strong>corporis</strong></span> <span class='ocrx_word' id='word_1_228' title='bbox 2791 1682 3054 1738; x_wconf 88' lang='lat' dir='ltr'><strong>functioni</strong></span> <span class='ocrx_word' id='word_1_229' title='bbox 3080 1682 3442 1738; x_wconf 88' lang='lat' dir='ltr'><strong>subducente.</strong></span> <span class='ocrx_word' id='word_1_230' title='bbox 3466 1681 3589 1736; x_wconf 81' lang='lat' dir='ltr'><strong>Alia</strong></span> 
     </span>
    </p>
   </div>
   <div class='ocr_carea' id='block_1_34' title="bbox 299 1772 1897 1853">
    <p class='ocr_par' dir='ltr' id='par_1_34' title="bbox 299 1777 1891 1853">
     <span class='ocr_line' id='line_1_34' title="bbox 299 1777 1891 1853; baseline -0.001 -21"><span class='ocrx_word' id='word_1_231' title='bbox 299 1779 478 1850; x_wconf 72' lang='grc' dir='ltr'>Ἄλλη</span> <span class='ocrx_word' id='word_1_232' title='bbox 505 1779 769 1851; x_wconf 82' lang='grc' dir='ltr'>τιμωρία,</span> <span class='ocrx_word' id='word_1_233' title='bbox 787 1779 955 1853; x_wconf 65' lang='grc'><strong>244,</strong></span> <span class='ocrx_word' id='word_1_234' title='bbox 979 1780 1047 1852; x_wconf 81' lang='grc' dir='ltr'>ἢν</span> <span class='ocrx_word' id='word_1_235' title='bbox 1073 1779 1300 1846; x_wconf 75' lang='grc' dir='ltr'>αὐτὸς·“</span> <span class='ocrx_word' id='word_1_236' title='bbox 1321 1779 1674 1849; x_wconf 77' lang='grc' dir='ltr'>ἀπεκάλυψεν</span> <span class='ocrx_word' id='word_1_237' title='bbox 1695 1781 1724 1832; x_wconf 89' lang='lat'><strong>6</strong></span> <span class='ocrx_word' id='word_1_238' title='bbox 1750 1777 1891 1832; x_wconf 82' lang='grc' dir='ltr'>Κάῖν</span> 
     </span>
    </p>
   </div>
   <div class='ocr_carea' id='block_1_35' title="bbox 2001 1772 3590 1853">
    <p class='ocr_par' dir='ltr' id='par_1_35' title="bbox 2001 1772 3590 1850">
     <span class='ocr_line' id='line_1_35' title="bbox 2001 1772 3590 1850; baseline -0.003 -18"><span class='ocrx_word' id='word_1_239' title='bbox 2001 1792 2160 1850; x_wconf 76' lang='lat' dir='ltr'><strong>poena</strong></span> <span class='ocrx_word' id='word_1_240' title='bbox 2209 1786 2318 1842; x_wconf 84' lang='lat' dir='ltr'><strong>est,</strong></span> <span class='ocrx_word' id='word_1_241' title='bbox 2357 1791 2520 1848; x_wconf 90' lang='lat' dir='ltr'><strong>quam</strong></span> <span class='ocrx_word' id='word_1_242' title='bbox 2575 1775 2814 1847; x_wconf 82' lang='lat' dir='ltr'><strong>prodidit</strong></span> <span class='ocrx_word' id='word_1_243' title='bbox 2851 1773 3078 1844; x_wconf 88' lang='lat' dir='ltr'><strong>Cainus,</strong></span> <span class='ocrx_word' id='word_1_244' title='bbox 3119 1789 3242 1830; x_wconf 91' lang='lat' dir='ltr'><strong>cum</strong></span> <span class='ocrx_word' id='word_1_245' title='bbox 3291 1774 3429 1830; x_wconf 79' lang='lat' dir='ltr'><strong>dixit</strong></span> <span class='ocrx_word' id='word_1_246' title='bbox 3471 1793 3486 1830; x_wconf 88' lang='lat'><strong>:</strong></span> <span class='ocrx_word' id='word_1_247' title='bbox 3527 1772 3590 1828; x_wconf 78' lang='lat' dir='ltr'><strong>Si</strong></span> 
     </span>
    </p>
   </div>
   <div class='ocr_carea' id='block_1_36' title="bbox 295 1868 1896 1944">
    <p class='ocr_par' dir='ltr' id='par_1_36' title="bbox 295 1868 1896 1944">
     <span class='ocr_line' id='line_1_36' title="bbox 295 1868 1896 1944; baseline -0.001 -18"><span class='ocrx_word' id='word_1_248' title='bbox 295 1872 476 1927; x_wconf 74' lang='grc' dir='ltr'>εἰπών</span> <span class='ocrx_word' id='word_1_249' title='bbox 502 1889 516 1904; x_wconf 88' lang='grc'><strong>·</strong></span> <span class='ocrx_word' id='word_1_250' title='bbox 564 1873 635 1928; x_wconf 80' lang='lat' dir='ltr'><strong>El</strong></span> <span class='ocrx_word' id='word_1_251' title='bbox 665 1872 988 1940; x_wconf 72' lang='grc' dir='ltr'>ἐκϐάλλεις</span> <span class='ocrx_word' id='word_1_252' title='bbox 1013 1872 1062 1906; x_wconf 69' lang='grc'><strong>⁸⁸</strong></span> <span class='ocrx_word' id='word_1_253' title='bbox 1091 1889 1167 1944; x_wconf 85' lang='grc' dir='ltr'><strong>με</strong></span> <span class='ocrx_word' id='word_1_254' title='bbox 1189 1872 1308 1928; x_wconf 87' lang='grc' dir='ltr'>νῦν</span> <span class='ocrx_word' id='word_1_255' title='bbox 1337 1872 1456 1926; x_wconf 82' lang='grc' dir='ltr'>ἀπὸ</span> <span class='ocrx_word' id='word_1_256' title='bbox 1480 1870 1592 1939; x_wconf 80' lang='grc' dir='ltr'>τῆς</span> <span class='ocrx_word' id='word_1_257' title='bbox 1623 1870 1760 1941; x_wconf 76' lang='grc' dir='ltr'>τῆς,</span> <span class='ocrx_word' id='word_1_258' title='bbox 1795 1868 1896 1924; x_wconf 80' lang='grc' dir='ltr'><strong>καί</strong></span> 
     </span>
    </p>
   </div>
   <div class='ocr_carea' id='block_1_37' title="bbox 288 1962 1895 2034">
    <p class='ocr_par' dir='ltr' id='par_1_37' title="bbox 288 1962 1895 2034">
     <span class='ocr_line' id='line_1_37' title="bbox 288 1962 1895 2034; baseline -0.002 -15"><span class='ocrx_word' id='word_1_259' title='bbox 288 1963 422 2020; x_wconf 74' lang='grc' dir='ltr'>ἀπὸ</span> <span class='ocrx_word' id='word_1_260' title='bbox 451 1963 562 2018; x_wconf 81' lang='grc' dir='ltr'>τοῦ</span> <span class='ocrx_word' id='word_1_261' title='bbox 593 1962 935 2034; x_wconf 69' lang='grc' dir='ltr'><strong>προσώπουι</strong></span> <span class='ocrx_word' id='word_1_262' title='bbox 949 1978 1068 2020; x_wconf 86' lang='grc' dir='ltr'>σου</span> <span class='ocrx_word' id='word_1_263' title='bbox 1095 1963 1492 2034; x_wconf 79' lang='grc' dir='ltr'>κρυϐήσομαι.</span> <span class='ocrx_word' id='word_1_264' title='bbox 1522 1963 1588 2016; x_wconf 87' lang='grc' dir='ltr'><strong>Ἠ</strong></span> <span class='ocrx_word' id='word_1_265' title='bbox 1619 1962 1895 2034; x_wconf 81' lang='grc' dir='ltr'>βαρυτάτη</span> 
     </span>
    </p>
   </div>
   <div class='ocr_carea' id='block_1_38' title="bbox 295 2044 1897 2127">
    <p class='ocr_par' dir='ltr' id='par_1_38' title="bbox 295 2044 1897 2127">
     <span class='ocr_line' id='line_1_38' title="bbox 295 2044 1897 2127; baseline -0.002 -17"><span class='ocrx_word' id='word_1_266' title='bbox 295 2053 530 2118; x_wconf 83' lang='grc' dir='ltr'>κόλασις</span> <span class='ocrx_word' id='word_1_267' title='bbox 550 2056 664 2118; x_wconf 83' lang='grc' dir='ltr'>τοῖς</span> <span class='ocrx_word' id='word_1_268' title='bbox 692 2053 1070 2127; x_wconf 81' lang='grc' dir='ltr'>σωφρονοῦσιν</span> <span class='ocrx_word' id='word_1_269' title='bbox 1096 2057 1125 2108; x_wconf 89' lang='lat'><strong>6</strong></span> <span class='ocrx_word' id='word_1_270' title='bbox 1148 2055 1258 2109; x_wconf 83' lang='grc' dir='ltr'>ἀπὸ</span> <span class='ocrx_word' id='word_1_271' title='bbox 1285 2044 1425 2108; x_wconf 73' lang='grc' dir='ltr'>Θεοῦ</span> <span class='ocrx_word' id='word_1_272' title='bbox 1452 2053 1754 2127; x_wconf 86' lang='grc' dir='ltr'>χωρισμός.</span> <span class='ocrx_word' id='word_1_273' title='bbox 1784 2053 1897 2109; x_wconf 84' lang='lat' dir='ltr'><strong>Kal</strong></span> 
     </span>
    </p>
   </div>
   <div class='ocr_carea' id='block_1_39' title="bbox 291 2142 1896 2218">
    <p class='ocr_par' dir='ltr' id='par_1_39' title="bbox 291 2142 1896 2218">
     <span class='ocr_line' id='line_1_39' title="bbox 291 2142 1896 2218; baseline -0.001 -17"><span class='ocrx_word' id='word_1_274' title='bbox 291 2148 500 2210; x_wconf 72' lang='grc' dir='ltr'>ἐσται,</span> <span class='ocrx_word' id='word_1_275' title='bbox 529 2146 717 2218; x_wconf 81' lang='grc' dir='ltr'>φησὶν,</span> <span class='ocrx_word' id='word_1_276' title='bbox 741 2143 865 2212; x_wconf 79' lang='grc' dir='ltr'>πᾶς</span> <span class='ocrx_word' id='word_1_277' title='bbox 921 2147 954 2200; x_wconf 85' lang='lat' dir='ltr'><strong>d</strong></span> <span class='ocrx_word' id='word_1_278' title='bbox 991 2145 1291 2214; x_wconf 77' lang='grc' dir='ltr'>εὑρίσκων</span> <span class='ocrx_word' id='word_1_279' title='bbox 1312 2160 1414 2214; x_wconf 77' lang='grc' dir='ltr'><strong>με,</strong></span> <span class='ocrx_word' id='word_1_280' title='bbox 1441 2142 1769 2200; x_wconf 76' lang='grc' dir='ltr'>ἀποκτενεῖ</span> <span class='ocrx_word' id='word_1_281' title='bbox 1797 2160 1896 2214; x_wconf 76' lang='grc' dir='ltr'><strong>με.</strong></span> 
     </span>
    </p>
   </div>
   <div class='ocr_carea' id='block_1_40' title="bbox 294 2234 1901 2306">
    <p class='ocr_par' dir='ltr' id='par_1_40' title="bbox 294 2234 1901 2306">
     <span class='ocr_line' id='line_1_40' title="bbox 294 2234 1901 2306; baseline -0.001 -15"><span class='ocrx_word' id='word_1_282' title='bbox 294 2237 536 2302; x_wconf 75' lang='grc' dir='ltr'>Εἰκάζει</span> <span class='ocrx_word' id='word_1_283' title='bbox 589 2239 679 2290; x_wconf 75' lang='grc' dir='ltr'><strong>ὲκ⁷</strong></span> <span class='ocrx_word' id='word_1_284' title='bbox 721 2235 818 2290; x_wconf 81' lang='grc' dir='ltr'><strong>τοῦ</strong></span> <span class='ocrx_word' id='word_1_285' title='bbox 878 2234 1178 2291; x_wconf 77' lang='grc' dir='ltr'>ἀκολούθου</span> <span class='ocrx_word' id='word_1_286' title='bbox 1226 2235 1337 2290; x_wconf 85' lang='grc' dir='ltr'><strong>τῶν</strong></span> <span class='ocrx_word' id='word_1_287' title='bbox 1399 2236 1776 2306; x_wconf 79' lang='grc' dir='ltr'>προαγόντων.</span> <span class='ocrx_word' id='word_1_288' title='bbox 1834 2235 1901 2289; x_wconf 65' lang='lat' dir='ltr'><strong>El</strong></span> 
     </span>
    </p>
   </div>
   <div class='ocr_carea' id='block_1_41' title="bbox 289 2325 1899 2400">
    <p class='ocr_par' dir='ltr' id='par_1_41' title="bbox 289 2325 1899 2400">
     <span class='ocr_line' id='line_1_41' title="bbox 289 2325 1899 2400; baseline -0.001 -16"><span class='ocrx_word' id='word_1_289' title='bbox 289 2328 417 2384; x_wconf 79' lang='grc' dir='ltr'>ἀπὸ</span> <span class='ocrx_word' id='word_1_290' title='bbox 458 2331 562 2400; x_wconf 81' lang='grc' dir='ltr'>τῆς</span> <span class='ocrx_word' id='word_1_291' title='bbox 594 2328 701 2398; x_wconf 86' lang='grc' dir='ltr'>γῆς</span> <span class='ocrx_word' id='word_1_292' title='bbox 729 2326 1166 2398; x_wconf 57' lang='grc' dir='ltr'>ἐκϐέϐλημαιδθ,</span> <span class='ocrx_word' id='word_1_293' title='bbox 1199 2329 1249 2381; x_wconf 83' lang='grc' dir='ltr'>εἱ</span> <span class='ocrx_word' id='word_1_294' title='bbox 1296 2327 1406 2380; x_wconf 80' lang='grc' dir='ltr'>ἀπὸ</span> <span class='ocrx_word' id='word_1_295' title='bbox 1456 2327 1552 2381; x_wconf 79' lang='grc' dir='ltr'>τοῦ</span> <span class='ocrx_word' id='word_1_296' title='bbox 1605 2325 1899 2399; x_wconf 84' lang='grc' dir='ltr'>προσώπου</span> 
     </span>
    </p>
   </div>
   <div class='ocr_carea' id='block_1_42' title="bbox 293 2417 1898 2491">
    <p class='ocr_par' dir='ltr' id='par_1_42' title="bbox 293 2417 1898 2491">
     <span class='ocr_line' id='line_1_42' title="bbox 293 2417 1898 2491; baseline -0.001 -17"><span class='ocrx_word' id='word_1_297' title='bbox 293 2438 402 2474; x_wconf 86' lang='grc' dir='ltr'><strong>σου</strong></span> <span class='ocrx_word' id='word_1_298' title='bbox 459 2419 836 2491; x_wconf 80' lang='grc' dir='ltr'>κρυϐήσομαι,</span> <span class='ocrx_word' id='word_1_299' title='bbox 883 2418 1132 2473; x_wconf 84' lang='grc' dir='ltr'>λείπεται</span> <span class='ocrx_word' id='word_1_300' title='bbox 1157 2418 1266 2473; x_wconf 83' lang='grc' dir='ltr'>ἀπὸ</span> <span class='ocrx_word' id='word_1_301' title='bbox 1301 2418 1504 2484; x_wconf 82' lang='grc' dir='ltr'>παντὸς</span> <span class='ocrx_word' id='word_1_302' title='bbox 1533 2417 1898 2490; x_wconf 81' lang='grc' dir='ltr'>ἀναιρεῖσθαι.</span> 
     </span>
    </p>
   </div>
   <div class='ocr_carea' id='block_1_43' title="bbox 296 2505 1902 2582">
    <p class='ocr_par' dir='ltr' id='par_1_43' title="bbox 296 2505 1902 2582">
     <span class='ocr_line' id='line_1_43' title="bbox 296 2505 1902 2582; baseline 0 -20"><span class='ocrx_word' id='word_1_303' title='bbox 296 2511 370 2563; x_wconf 86' lang='grc' dir='ltr'><strong>Τί</strong></span> <span class='ocrx_word' id='word_1_304' title='bbox 396 2505 495 2563; x_wconf 79' lang='grc' dir='ltr'>οὖν</span> <span class='ocrx_word' id='word_1_305' title='bbox 523 2511 552 2563; x_wconf 98' lang='lat'><strong>6</strong></span> <span class='ocrx_word' id='word_1_306' title='bbox 579 2509 822 2582; x_wconf 78' lang='grc' dir='ltr'>Κύριο;;</span> <span class='ocrx_word' id='word_1_307' title='bbox 855 2510 980 2580; x_wconf 83' lang='grc' dir='ltr'><strong>Οὐχ</strong></span> <span class='ocrx_word' id='word_1_308' title='bbox 1009 2509 1218 2577; x_wconf 74' lang='grc' dir='ltr'>οὕτως·</span> <span class='ocrx_word' id='word_1_309' title='bbox 1250 2509 1363 2564; x_wconf 82' lang='grc' dir='ltr'>ἀλλ’</span> <span class='ocrx_word' id='word_1_310' title='bbox 1385 2509 1542 2564; x_wconf 79' lang='grc' dir='ltr'>ἔθετο</span> <span class='ocrx_word' id='word_1_311' title='bbox 1567 2511 1792 2581; x_wconf 82' lang='grc' dir='ltr'>σημεῖον</span> <span class='ocrx_word' id='word_1_312' title='bbox 1814 2508 1902 2563; x_wconf 73' lang='grc' dir='ltr'><strong>ἐπ’</strong></span> 
     </span>
    </p>
   </div>
   <div class='ocr_carea' id='block_1_44' title="bbox 291 2597 1903 2674">
    <p class='ocr_par' dir='ltr' id='par_1_44' title="bbox 291 2597 1903 2674">
     <span class='ocr_line' id='line_1_44' title="bbox 291 2597 1903 2674; baseline 0.001 -20"><span class='ocrx_word' id='word_1_313' title='bbox 291 2601 493 2654; x_wconf 78' lang='grc' dir='ltr'>αὐτόν·</span> <span class='ocrx_word' id='word_1_314' title='bbox 526 2599 728 2671; x_wconf 77' lang='grc' dir='ltr'>ἑϐδόμη</span> <span class='ocrx_word' id='word_1_315' title='bbox 763 2597 904 2670; x_wconf 78' lang='grc' dir='ltr'>αὕτη</span> <span class='ocrx_word' id='word_1_316' title='bbox 936 2601 1198 2672; x_wconf 88' lang='grc' dir='ltr'>τιμωρία,</span> <span class='ocrx_word' id='word_1_317' title='bbox 1221 2601 1284 2656; x_wconf 84' lang='grc' dir='ltr'>τὸ</span> <span class='ocrx_word' id='word_1_318' title='bbox 1315 2601 1453 2674; x_wconf 83' lang='grc' dir='ltr'>μηδὲ</span> <span class='ocrx_word' id='word_1_319' title='bbox 1487 2601 1532 2634; x_wconf 77' lang='lat'><strong>&quot;</strong></span> <span class='ocrx_word' id='word_1_320' title='bbox 1561 2600 1903 2674; x_wconf 75' lang='grc' dir='ltr'>κρύπτεσθαι</span> 
     </span>
    </p>
   </div>
   <div class='ocr_carea' id='block_1_45' title="bbox 294 2688 1904 2766">
    <p class='ocr_par' dir='ltr' id='par_1_45' title="bbox 294 2688 1904 2766">
     <span class='ocr_line' id='line_1_45' title="bbox 294 2688 1904 2766; baseline 0.002 -23"><span class='ocrx_word' id='word_1_321' title='bbox 294 2691 404 2762; x_wconf 82' lang='grc' dir='ltr'><strong>τὴν</strong></span> <span class='ocrx_word' id='word_1_322' title='bbox 433 2691 730 2762; x_wconf 83' lang='grc' dir='ltr'>τιμωρίαν,</span> <span class='ocrx_word' id='word_1_323' title='bbox 766 2688 901 2745; x_wconf 83' lang='grc' dir='ltr'>ἀλλὰ</span> <span class='ocrx_word' id='word_1_324' title='bbox 932 2693 1148 2764; x_wconf 85' lang='grc' dir='ltr'>σημείῳ</span> <span class='ocrx_word' id='word_1_325' title='bbox 1181 2695 1437 2766; x_wconf 86' lang='grc' dir='ltr'>προδήλῳ</span> <span class='ocrx_word' id='word_1_326' title='bbox 1459 2693 1596 2748; x_wconf 82' lang='grc' dir='ltr'>πᾶσι</span> <span class='ocrx_word' id='word_1_327' title='bbox 1619 2693 1668 2726; x_wconf 68' lang='grc'>⁸⁸</span> <span class='ocrx_word' id='word_1_328' title='bbox 1700 2709 1904 2766; x_wconf 84' lang='grc' dir='ltr'>προκε-</span> 
     </span>
    </p>
   </div>
   <div class='ocr_carea' id='block_1_46' title="bbox 295 2772 1902 2858">
    <p class='ocr_par' dir='ltr' id='par_1_46' title="bbox 295 2772 1902 2858">
     <span class='ocr_line' id='line_1_46' title="bbox 295 2772 1902 2858; baseline -0.001 -18"><span class='ocrx_word' id='word_1_329' title='bbox 295 2772 586 2856; x_wconf 81' lang='grc' dir='ltr'>κηρῦχθαι</span> <span class='ocrx_word' id='word_1_330' title='bbox 608 2785 696 2838; x_wconf 78' lang='grc' dir='ltr'>ὅτι</span> <span class='ocrx_word' id='word_1_331' title='bbox 727 2777 898 2850; x_wconf 74' lang='grc' dir='ltr'>Οὗτός</span> <span class='ocrx_word' id='word_1_332' title='bbox 919 2787 1070 2840; x_wconf 77' lang='grc' dir='ltr'>ἐστιν</span> <span class='ocrx_word' id='word_1_333' title='bbox 1117 2788 1146 2840; x_wconf 93' lang='lat'><strong>6</strong></span> <span class='ocrx_word' id='word_1_334' title='bbox 1179 2785 1288 2839; x_wconf 82' lang='grc' dir='ltr'><strong>τῶν</strong></span> <span class='ocrx_word' id='word_1_335' title='bbox 1319 2786 1551 2841; x_wconf 87' lang='grc' dir='ltr'>ἀνοσίων</span> <span class='ocrx_word' id='word_1_336' title='bbox 1589 2785 1768 2858; x_wconf 75' lang='grc' dir='ltr'>ἔργων</span> <span class='ocrx_word' id='word_1_337' title='bbox 1804 2785 1902 2857; x_wconf 88' lang='grc' dir='ltr'>δη-</span> 
     </span>
    </p>
   </div>
   <div class='ocr_carea' id='block_1_47' title="bbox 298 2875 1904 2948">
    <p class='ocr_par' dir='ltr' id='par_1_47' title="bbox 298 2875 1904 2948">
     <span class='ocr_line' id='line_1_47' title="bbox 298 2875 1904 2948; baseline 0.001 -20"><span class='ocrx_word' id='word_1_338' title='bbox 298 2876 597 2947; x_wconf 83' lang='grc' dir='ltr'>μιουργός.</span> <span class='ocrx_word' id='word_1_339' title='bbox 633 2877 746 2930; x_wconf 78' lang='grc' dir='ltr'><strong>Καὶ</strong></span> <span class='ocrx_word' id='word_1_340' title='bbox 779 2876 888 2948; x_wconf 84' lang='grc' dir='ltr'>γὰρ</span> <span class='ocrx_word' id='word_1_341' title='bbox 915 2875 994 2947; x_wconf 84' lang='grc' dir='ltr'>τῷ</span> <span class='ocrx_word' id='word_1_342' title='bbox 1017 2878 1064 2909; x_wconf 81' lang='grc'><strong>⁶⁹</strong></span> <span class='ocrx_word' id='word_1_343' title='bbox 1090 2875 1268 2948; x_wconf 81' lang='grc' dir='ltr'>ὀρθῶς</span> <span class='ocrx_word' id='word_1_344' title='bbox 1289 2877 1626 2948; x_wconf 85' lang='grc' dir='ltr'>λογιζομένῳ</span> <span class='ocrx_word' id='word_1_345' title='bbox 1659 2877 1704 2909; x_wconf 64' lang='grc' dir='ltr'><strong>ε⁰</strong></span> <span class='ocrx_word' id='word_1_346' title='bbox 1739 2877 1904 2948; x_wconf 80' lang='grc' dir='ltr'>βαρυ-</span> 
     </span>
    </p>
   </div>
   <div class='ocr_carea' id='block_1_48' title="bbox 293 2956 1916 3038">
    <p class='ocr_par' dir='ltr' id='par_1_48' title="bbox 293 2956 1916 3038">
     <span class='ocr_line' id='line_1_48' title="bbox 293 2956 1916 3038; baseline 0.01 -18"><span class='ocrx_word' id='word_1_347' title='bbox 293 2967 449 3029; x_wconf 74' lang='grc' dir='ltr'>τάτη</span> <span class='ocrx_word' id='word_1_348' title='bbox 481 2965 759 3020; x_wconf 79' lang='grc' dir='ltr'>κολάσεων</span> <span class='ocrx_word' id='word_1_349' title='bbox 811 2964 1066 3037; x_wconf 77' lang='grc' dir='ltr'>αἰσχύνη,</span> <span class='ocrx_word' id='word_1_350' title='bbox 1115 2967 1182 3038; x_wconf 84' lang='grc' dir='ltr'>ἢν</span> <span class='ocrx_word' id='word_1_351' title='bbox 1231 2967 1324 3019; x_wconf 77' lang='grc' dir='ltr'>καὶ</span> <span class='ocrx_word' id='word_1_352' title='bbox 1358 2967 1489 3035; x_wconf 80' lang='grc' dir='ltr'>περὶ</span> <span class='ocrx_word' id='word_1_353' title='bbox 1518 2967 1620 3036; x_wconf 80' lang='grc' dir='ltr'><strong>τῆς</strong></span> <span class='ocrx_word' id='word_1_354' title='bbox 1669 2956 1916 3038; x_wconf 66' lang='grc' dir='ltr'>κρίσεωέ</span> 
     </span>
    </p>
   </div>
   <div class='ocr_carea' id='block_1_49' title="bbox 293 3049 1903 3130">
    <p class='ocr_par' dir='ltr' id='par_1_49' title="bbox 293 3049 1903 3130">
     <span class='ocr_line' id='line_1_49' title="bbox 293 3049 1903 3130; baseline -0.001 -19"><span class='ocrx_word' id='word_1_355' title='bbox 293 3056 720 3130; x_wconf 79' lang='grc' dir='ltr'>μεμαθήκαμεν</span> <span class='ocrx_word' id='word_1_356' title='bbox 761 3057 844 3112; x_wconf 81' lang='grc' dir='ltr'>ὅτι</span> <span class='ocrx_word' id='word_1_357' title='bbox 871 3057 914 3088; x_wconf 84' lang='grc'><strong>⁸¹</strong></span> <span class='ocrx_word' id='word_1_358' title='bbox 970 3049 1133 3112; x_wconf 75' lang='grc' dir='ltr'>Οὗτοι</span> <span class='ocrx_word' id='word_1_359' title='bbox 1171 3057 1574 3128; x_wconf 71' lang='grc' dir='ltr'>ἀναστήσονται</span> <span class='ocrx_word' id='word_1_360' title='bbox 1623 3059 1702 3122; x_wconf 86' lang='grc' dir='ltr'><strong>είς</strong></span> <span class='ocrx_word' id='word_1_361' title='bbox 1757 3055 1903 3128; x_wconf 80' lang='grc' dir='ltr'>ζωὴν</span> 
     </span>
    </p>
   </div>
   <div class='ocr_carea' id='block_1_50' title="bbox 287 3143 1900 3222">
    <p class='ocr_par' dir='ltr' id='par_1_50' title="bbox 287 3143 1900 3222">
     <span class='ocr_line' id='line_1_50' title="bbox 287 3143 1900 3222; baseline 0 -18"><span class='ocrx_word' id='word_1_362' title='bbox 287 3150 535 3204; x_wconf 72' lang='grc' dir='ltr'>αἰώνιον</span> <span class='ocrx_word' id='word_1_363' title='bbox 575 3151 670 3204; x_wconf 76' lang='grc' dir='ltr'>καὶ</span> <span class='ocrx_word' id='word_1_364' title='bbox 717 3143 865 3204; x_wconf 79' lang='grc' dir='ltr'>οὗτοι</span> <span class='ocrx_word' id='word_1_365' title='bbox 905 3151 986 3214; x_wconf 83' lang='grc' dir='ltr'><strong>είς</strong></span> <span class='ocrx_word' id='word_1_366' title='bbox 1022 3151 1286 3222; x_wconf 77' lang='grc' dir='ltr'>αἰσχύνην</span> <span class='ocrx_word' id='word_1_367' title='bbox 1311 3149 1407 3204; x_wconf 69' lang='grc' dir='ltr'>καὶ</span> <span class='ocrx_word' id='word_1_368' title='bbox 1433 3150 1738 3222; x_wconf 81' lang='grc' dir='ltr'>ὀνειδισμὸν</span> <span class='ocrx_word' id='word_1_369' title='bbox 1765 3150 1900 3204; x_wconf 84' lang='grc' dir='ltr'><strong>αἰώ-</strong></span> 
     </span>
    </p>
   </div>
   <div class='ocr_carea' id='block_1_51' title="bbox 293 3227 1903 3315">
    <p class='ocr_par' dir='ltr' id='par_1_51' title="bbox 293 3227 1903 3315">
     <span class='ocr_line' id='line_1_51' title="bbox 293 3227 1903 3315; baseline -0.001 -17"><span class='ocrx_word' id='word_1_370' title='bbox 293 3261 448 3298; x_wconf 85' lang='grc' dir='ltr'>νιον.</span> <span class='ocrx_word' id='word_1_371' title='bbox 496 3241 810 3296; x_wconf 83' lang='grc' dir='ltr'>Ἀκολουθεί</span> <span class='ocrx_word' id='word_1_372' title='bbox 851 3241 1028 3313; x_wconf 86' lang='grc' dir='ltr'>τούτῳ</span> <span class='ocrx_word' id='word_1_373' title='bbox 1083 3241 1305 3314; x_wconf 79' lang='grc' dir='ltr'>ζήτημα</span> <span class='ocrx_word' id='word_1_374' title='bbox 1346 3227 1610 3314; x_wconf 76' lang='grc' dir='ltr'>συγγενὲς</span> <span class='ocrx_word' id='word_1_375' title='bbox 1659 3241 1722 3296; x_wconf 76' lang='grc' dir='ltr'>τὸ</span> <span class='ocrx_word' id='word_1_376' title='bbox 1753 3243 1903 3315; x_wconf 80' lang='grc' dir='ltr'>ποιρά</span> 
     </span>
    </p>
   </div>
   <div class='ocr_carea' id='block_1_52' title="bbox 294 3329 1906 3405">
    <p class='ocr_par' dir='ltr' id='par_1_52' title="bbox 294 3329 1906 3405">
     <span class='ocr_line' id='line_1_52' title="bbox 294 3329 1906 3405; baseline 0.002 -20"><span class='ocrx_word' id='word_1_377' title='bbox 294 3331 405 3386; x_wconf 73' lang='grc' dir='ltr'>οεοῦ</span> <span class='ocrx_word' id='word_1_378' title='bbox 464 3332 660 3403; x_wconf 82' lang='grc' dir='ltr'>Λάμεχ</span> <span class='ocrx_word' id='word_1_379' title='bbox 711 3333 832 3395; x_wconf 85' lang='grc' dir='ltr'>ταῖς</span> <span class='ocrx_word' id='word_1_380' title='bbox 879 3329 1126 3400; x_wconf 72' lang='grc' dir='ltr'>γυναιξὶν</span> <span class='ocrx_word' id='word_1_381' title='bbox 1176 3333 1501 3404; x_wconf 70' lang='grc' dir='ltr'>εἰρημένον*</span> <span class='ocrx_word' id='word_1_382' title='bbox 1532 3334 1666 3388; x_wconf 81' lang='grc' dir='ltr'>Ὅτι</span> <span class='ocrx_word' id='word_1_383' title='bbox 1713 3333 1906 3405; x_wconf 77' lang='grc' dir='ltr'>ἄνδρα</span> 
     </span>
    </p>
   </div>
   <div class='ocr_carea' id='block_1_53' title="bbox 285 3415 1904 3496">
    <p class='ocr_par' dir='ltr' id='par_1_53' title="bbox 285 3415 1904 3496">
     <span class='ocr_line' id='line_1_53' title="bbox 285 3415 1904 3496; baseline -0.001 -16"><span class='ocrx_word' id='word_1_384' title='bbox 285 3423 644 3480; x_wconf 72' lang='grc' dir='ltr'>ἀπέκτεινα</span> <span class='ocrx_word' id='word_1_385' title='bbox 698 3423 803 3494; x_wconf 36' lang='grc' dir='ltr'>,καί</span> <span class='ocrx_word' id='word_1_386' title='bbox 862 3425 1196 3479; x_wconf 74' lang='grc' dir='ltr'>νεανίσκον</span> <span class='ocrx_word' id='word_1_387' title='bbox 1252 3425 1298 3457; x_wconf 78' lang='grc'><strong>⁸³</strong></span> <span class='ocrx_word' id='word_1_388' title='bbox 1330 3442 1344 3456; x_wconf 93' lang='grc'><strong>·</strong></span> <span class='ocrx_word' id='word_1_389' title='bbox 1376 3415 1508 3480; x_wconf 70' lang='grc' dir='ltr'>’τὸν</span> <span class='ocrx_word' id='word_1_390' title='bbox 1564 3425 1756 3496; x_wconf 79' lang='grc' dir='ltr'>ἄνδρα</span> <span class='ocrx_word' id='word_1_391' title='bbox 1815 3429 1904 3493; x_wconf 69' lang='grc' dir='ltr'>εἰς</span> 
     </span>
    </p>
   </div>
   <div class='ocr_carea' id='block_1_54' title="bbox 295 3513 1904 3586">
    <p class='ocr_par' dir='ltr' id='par_1_54' title="bbox 295 3513 1904 3586">
     <span class='ocr_line' id='line_1_54' title="bbox 295 3513 1904 3586; baseline 0.001 -16"><span class='ocrx_word' id='word_1_392' title='bbox 295 3515 547 3586; x_wconf 77' lang='grc' dir='ltr'>τραῦμα</span> <span class='ocrx_word' id='word_1_393' title='bbox 580 3515 680 3570; x_wconf 78' lang='grc' dir='ltr'>καὶ</span> <span class='ocrx_word' id='word_1_394' title='bbox 710 3515 1040 3582; x_wconf 75' lang='grc' dir='ltr'>νεανίσκον</span> <span class='ocrx_word' id='word_1_395' title='bbox 1070 3515 1117 3548; x_wconf 82' lang='grc'><strong>⁵³</strong></span> <span class='ocrx_word' id='word_1_396' title='bbox 1158 3518 1250 3582; x_wconf 85' lang='grc' dir='ltr'><strong>είς</strong></span> <span class='ocrx_word' id='word_1_397' title='bbox 1279 3515 1564 3584; x_wconf 74' lang='grc' dir='ltr'>μώλωπα.</span> <span class='ocrx_word' id='word_1_398' title='bbox 1601 3516 1765 3572; x_wconf 82' lang='grc' dir='ltr'>Ἀλλο</span> <span class='ocrx_word' id='word_1_399' title='bbox 1808 3513 1904 3572; x_wconf 78' lang='grc' dir='ltr'>οὖν</span> 
     </span>
    </p>
   </div>
   <div class='ocr_carea' id='block_1_55' title="bbox 295 3604 1906 3679">
    <p class='ocr_par' dir='ltr' id='par_1_55' title="bbox 295 3604 1906 3679">
     <span class='ocr_line' id='line_1_55' title="bbox 295 3604 1906 3679; baseline 0.002 -20"><span class='ocrx_word' id='word_1_400' title='bbox 295 3605 562 3677; x_wconf 78' lang='grc' dir='ltr'>τραῦμα,</span> <span class='ocrx_word' id='word_1_401' title='bbox 607 3607 707 3660; x_wconf 81' lang='grc' dir='ltr'>καὶ</span> <span class='ocrx_word' id='word_1_402' title='bbox 737 3605 868 3660; x_wconf 78' lang='grc' dir='ltr'>ἄλλο</span> <span class='ocrx_word' id='word_1_403' title='bbox 919 3604 1147 3676; x_wconf 78' lang='grc' dir='ltr'>μῶλωψ,</span> <span class='ocrx_word' id='word_1_404' title='bbox 1181 3607 1276 3660; x_wconf 77' lang='grc' dir='ltr'><strong>καὶ</strong></span> <span class='ocrx_word' id='word_1_405' title='bbox 1299 3606 1428 3660; x_wconf 81' lang='grc' dir='ltr'>ἄλλο</span> <span class='ocrx_word' id='word_1_406' title='bbox 1455 3606 1614 3679; x_wconf 79' lang='grc' dir='ltr'>ἀνὴρ,</span> <span class='ocrx_word' id='word_1_407' title='bbox 1646 3608 1743 3662; x_wconf 82' lang='grc' dir='ltr'>καὶ</span> <span class='ocrx_word' id='word_1_408' title='bbox 1773 3609 1906 3664; x_wconf 75' lang='grc' dir='ltr'>ἄλλο</span> 
     </span>
    </p>
   </div>
   <div class='ocr_carea' id='block_1_56' title="bbox 295 3693 1904 3765">
    <p class='ocr_par' dir='ltr' id='par_1_56' title="bbox 295 3693 1904 3765">
     <span class='ocr_line' id='line_1_56' title="bbox 295 3693 1904 3765; baseline 0.004 -19"><span class='ocrx_word' id='word_1_409' title='bbox 295 3694 619 3757; x_wconf 82' lang='grc' dir='ltr'>νεανίσκος.</span> <span class='ocrx_word' id='word_1_410' title='bbox 648 3695 858 3748; x_wconf 78' lang='grc' dir='ltr'>’Ὀτιιεί</span> <span class='ocrx_word' id='word_1_411' title='bbox 887 3695 952 3746; x_wconf 80' lang='grc' dir='ltr'>ἐκ</span> <span class='ocrx_word' id='word_1_412' title='bbox 980 3695 1126 3748; x_wconf 84' lang='grc' dir='ltr'>Κάῖν</span> <span class='ocrx_word' id='word_1_413' title='bbox 1173 3693 1514 3765; x_wconf 81' lang='grc' dir='ltr'>ὲκδεδίκηται</span> <span class='ocrx_word' id='word_1_414' title='bbox 1553 3695 1804 3764; x_wconf 78' lang='grc' dir='ltr'>ἑπτάκις,</span> <span class='ocrx_word' id='word_1_415' title='bbox 1838 3699 1904 3752; x_wconf 78' lang='grc' dir='ltr'>ἐκ</span> 
     </span>
    </p>
   </div>
   <div class='ocr_carea' id='block_1_57' title="bbox 299 3780 1904 3852">
    <p class='ocr_par' dir='ltr' id='par_1_57' title="bbox 299 3780 1904 3852">
     <span class='ocr_line' id='line_1_57' title="bbox 299 3780 1904 3852; baseline 0.003 -18"><span class='ocrx_word' id='word_1_416' title='bbox 299 3782 368 3834; x_wconf 83' lang='grc' dir='ltr'>δὲ</span> <span class='ocrx_word' id='word_1_417' title='bbox 419 3781 616 3852; x_wconf 84' lang='grc' dir='ltr'>Λάμεχ</span> <span class='ocrx_word' id='word_1_418' title='bbox 661 3780 1126 3852; x_wconf 72' lang='grc' dir='ltr'>ἑϐδομηκοντάκις</span> <span class='ocrx_word' id='word_1_419' title='bbox 1172 3780 1334 3846; x_wconf 76' lang='grc' dir='ltr'>ἑπτὰ,</span> <span class='ocrx_word' id='word_1_420' title='bbox 1391 3783 1750 3852; x_wconf 87' lang='grc' dir='ltr'>τετρακοσίας</span> <span class='ocrx_word' id='word_1_421' title='bbox 1808 3786 1904 3839; x_wconf 77' lang='grc' dir='ltr'>καὶ</span> 
     </span>
    </p>
   </div>
   <div class='ocr_carea' id='block_1_58' title="bbox 299 3868 1901 3944">
    <p class='ocr_par' dir='ltr' id='par_1_58' title="bbox 299 3868 1901 3944">
     <span class='ocr_line' id='line_1_58' title="bbox 299 3868 1901 3944; baseline 0.004 -22"><span class='ocrx_word' id='word_1_422' title='bbox 299 3871 642 3941; x_wconf 69' lang='grc' dir='ltr'>ἐνενήκοντα</span> <span class='ocrx_word' id='word_1_423' title='bbox 681 3868 728 3902; x_wconf 68' lang='grc'><strong>⁵⁸</strong></span> <span class='ocrx_word' id='word_1_424' title='bbox 787 3871 1058 3941; x_wconf 84' lang='grc' dir='ltr'>τιμωρίας</span> <span class='ocrx_word' id='word_1_425' title='bbox 1104 3871 1386 3942; x_wconf 81' lang='grc' dir='ltr'>ὑποσχεῖν,</span> <span class='ocrx_word' id='word_1_426' title='bbox 1443 3874 1493 3925; x_wconf 82' lang='grc' dir='ltr'><strong>εί</strong></span> <span class='ocrx_word' id='word_1_427' title='bbox 1546 3873 1622 3944; x_wconf 83' lang='grc' dir='ltr'>μὴ</span> <span class='ocrx_word' id='word_1_428' title='bbox 1663 3873 1901 3942; x_wconf 77' lang='grc' dir='ltr'>δίκαιος,</span> 
     </span>
    </p>
   </div>
   <div class='ocr_carea' id='block_1_59' title="bbox 299 3945 1902 4033">
    <p class='ocr_par' dir='ltr' id='par_1_59' title="bbox 299 3961 1902 4033">
     <span class='ocr_line' id='line_1_59' title="bbox 299 3961 1902 4033; baseline 0.004 -19"><span class='ocrx_word' id='word_1_429' title='bbox 299 3963 475 4032; x_wconf 77' lang='grc' dir='ltr'>εἴπερ</span> <span class='ocrx_word' id='word_1_430' title='bbox 513 3961 700 4014; x_wconf 87' lang='grc' dir='ltr'>δικαία</span> <span class='ocrx_word' id='word_1_431' title='bbox 731 3961 826 4014; x_wconf 81' lang='grc' dir='ltr'><strong>τοῦ</strong></span> <span class='ocrx_word' id='word_1_432' title='bbox 869 3961 1006 4015; x_wconf 80' lang='grc' dir='ltr'>Θεοῦ</span> <span class='ocrx_word' id='word_1_433' title='bbox 1045 3963 1079 4033; x_wconf 79' lang='grc' dir='ltr'><strong>ἡ</strong></span> <span class='ocrx_word' id='word_1_434' title='bbox 1121 3962 1302 4033; x_wconf 88' lang='grc' dir='ltr'>κρίσις</span> <span class='ocrx_word' id='word_1_435' title='bbox 1331 3964 1426 4017; x_wconf 74' lang='grc' dir='ltr'><strong>ἐπὶ</strong></span> <span class='ocrx_word' id='word_1_436' title='bbox 1451 3963 1544 4017; x_wconf 87' lang='grc' dir='ltr'>τοῦ</span> <span class='ocrx_word' id='word_1_437' title='bbox 1571 3966 1734 4030; x_wconf 76' lang='grc' dir='ltr'>Κάῖν,</span> <span class='ocrx_word' id='word_1_438' title='bbox 1761 3965 1902 4020; x_wconf 82' lang='grc' dir='ltr'>ὥστε</span> 
     </span>
    </p>
   </div>
   <div class='ocr_carea' id='block_1_60' title="bbox 305 4053 1904 4130">
    <p class='ocr_par' dir='ltr' id='par_1_60' title="bbox 305 4053 1904 4130">
     <span class='ocr_line' id='line_1_60' title="bbox 305 4053 1904 4130; baseline 0.003 -23"><span class='ocrx_word' id='word_1_439' title='bbox 305 4053 458 4108; x_wconf 76' lang='grc' dir='ltr'>ἑπτὰ</span> <span class='ocrx_word' id='word_1_440' title='bbox 491 4054 656 4108; x_wconf 79' lang='grc' dir='ltr'>αὐτὸν</span> <span class='ocrx_word' id='word_1_441' title='bbox 690 4053 952 4125; x_wconf 84' lang='grc' dir='ltr'>παρέχειν</span> <span class='ocrx_word' id='word_1_442' title='bbox 980 4053 1081 4118; x_wconf 86' lang='grc' dir='ltr'>τὰς</span> <span class='ocrx_word' id='word_1_443' title='bbox 1107 4053 1392 4119; x_wconf 82' lang='grc' dir='ltr'>κολάσεις·</span> <span class='ocrx_word' id='word_1_444' title='bbox 1431 4057 1460 4110; x_wconf 90' lang='lat'><strong>6</strong></span> <span class='ocrx_word' id='word_1_445' title='bbox 1511 4057 1610 4126; x_wconf 84' lang='grc' dir='ltr'>μὲν</span> <span class='ocrx_word' id='word_1_446' title='bbox 1653 4057 1764 4130; x_wconf 82' lang='grc' dir='ltr'><strong>γὰρ</strong></span> <span class='ocrx_word' id='word_1_447' title='bbox 1793 4057 1904 4112; x_wconf 87' lang='grc' dir='ltr'><strong>ὥσ-</strong></span> 
     </span>
    </p>
   </div>
   <div class='ocr_carea' id='block_1_61' title="bbox 305 4145 1907 4219">
    <p class='ocr_par' dir='ltr' id='par_1_61' title="bbox 305 4145 1907 4219">
     <span class='ocr_line' id='line_1_61' title="bbox 305 4145 1907 4219; baseline 0.002 -20"><span class='ocrx_word' id='word_1_448' title='bbox 305 4163 422 4219; x_wconf 86' lang='grc' dir='ltr'><strong>περ</strong></span> <span class='ocrx_word' id='word_1_449' title='bbox 461 4146 507 4178; x_wconf 78' lang='lat'>”</span> <span class='ocrx_word' id='word_1_450' title='bbox 553 4147 654 4199; x_wconf 85' lang='grc' dir='ltr'>οὐκ</span> <span class='ocrx_word' id='word_1_451' title='bbox 702 4145 908 4218; x_wconf 77' lang='grc' dir='ltr'>ἔμαθεν</span> <span class='ocrx_word' id='word_1_452' title='bbox 953 4147 1088 4217; x_wconf 84' lang='grc' dir='ltr'>παρ’</span> <span class='ocrx_word' id='word_1_453' title='bbox 1108 4145 1270 4201; x_wconf 80' lang='grc' dir='ltr'>ἄλλου</span> <span class='ocrx_word' id='word_1_454' title='bbox 1308 4146 1370 4200; x_wconf 82' lang='grc' dir='ltr'>τὸ</span> <span class='ocrx_word' id='word_1_455' title='bbox 1419 4146 1689 4216; x_wconf 85' lang='grc' dir='ltr'>φονεύειν,</span> <span class='ocrx_word' id='word_1_456' title='bbox 1731 4148 1907 4213; x_wconf 80' lang='grc' dir='ltr'>οὕτως</span> 
     </span>
    </p>
   </div>
   <div class='ocr_carea' id='block_1_62' title="bbox 1997 1868 3588 1941">
    <p class='ocr_par' dir='ltr' id='par_1_62' title="bbox 1997 1868 3588 1941">
     <span class='ocr_line' id='line_1_62' title="bbox 1997 1868 3588 1941; baseline -0.002 -17"><span class='ocrx_word' id='word_1_457' title='bbox 1997 1871 2148 1941; x_wconf 74' lang='lat' dir='ltr'><strong>ejicis</strong></span> <span class='ocrx_word' id='word_1_458' title='bbox 2177 1885 2260 1924; x_wconf 75' lang='lat' dir='ltr'><strong>me</strong></span> <span class='ocrx_word' id='word_1_459' title='bbox 2287 1869 2442 1923; x_wconf 68' lang='lat' dir='ltr'><strong>hodie</strong></span> <span class='ocrx_word' id='word_1_460' title='bbox 2467 1884 2501 1921; x_wconf 88' lang='lat' dir='ltr'><strong>a</strong></span> <span class='ocrx_word' id='word_1_461' title='bbox 2536 1868 2673 1940; x_wconf 78' lang='lat' dir='ltr'><strong>facie</strong></span> <span class='ocrx_word' id='word_1_462' title='bbox 2711 1876 2889 1933; x_wconf 71' lang='lat' dir='ltr'><strong>terrm,</strong></span> <span class='ocrx_word' id='word_1_463' title='bbox 2917 1877 2967 1922; x_wconf 81' lang='lat' dir='ltr'><strong>et</strong></span> <span class='ocrx_word' id='word_1_464' title='bbox 2989 1885 3022 1921; x_wconf 89' lang='lat' dir='ltr'><strong>a</strong></span> <span class='ocrx_word' id='word_1_465' title='bbox 3061 1868 3199 1939; x_wconf 79' lang='lat' dir='ltr'><strong>{acie</strong></span> <span class='ocrx_word' id='word_1_466' title='bbox 3237 1877 3330 1922; x_wconf 81' lang='lat' dir='ltr'><strong>tua</strong></span> <span class='ocrx_word' id='word_1_467' title='bbox 3363 1868 3588 1922; x_wconf 73' lang='lat' dir='ltr'><strong>abscon-</strong></span> 
     </span>
    </p>
   </div>
   <div class='ocr_carea' id='block_1_63' title="bbox 1999 1959 3587 2031">
    <p class='ocr_par' dir='ltr' id='par_1_63' title="bbox 1999 1959 3587 2031">
     <span class='ocr_line' id='line_1_63' title="bbox 1999 1959 3587 2031; baseline -0.002 -14"><span class='ocrx_word' id='word_1_468' title='bbox 1999 1963 2119 2017; x_wconf 86' lang='lat' dir='ltr'><strong>dar.</strong></span> <span class='ocrx_word' id='word_1_469' title='bbox 2177 1961 2570 2018; x_wconf 83' lang='lat' dir='ltr'><strong>Gravissimum</strong></span> <span class='ocrx_word' id='word_1_470' title='bbox 2631 1960 2736 2016; x_wconf 88' lang='lat' dir='ltr'><strong>hoc</strong></span> <span class='ocrx_word' id='word_1_471' title='bbox 2793 1959 3122 2031; x_wconf 84' lang='lat' dir='ltr'><strong>supplicium</strong></span> <span class='ocrx_word' id='word_1_472' title='bbox 3187 1960 3587 2030; x_wconf 82' lang='lat' dir='ltr'><strong>prudentibus,</strong></span> 
     </span>
    </p>
   </div>
   <div class='ocr_carea' id='block_1_64' title="bbox 1999 2049 3590 2125">
    <p class='ocr_par' dir='ltr' id='par_1_64' title="bbox 1999 2049 3590 2125">
     <span class='ocr_line' id='line_1_64' title="bbox 1999 2049 3590 2125; baseline -0.003 -17"><span class='ocrx_word' id='word_1_473' title='bbox 1999 2053 2221 2125; x_wconf 86' lang='lat' dir='ltr'><strong>repulsa</strong></span> <span class='ocrx_word' id='word_1_474' title='bbox 2261 2069 2293 2108; x_wconf 83' lang='lat' dir='ltr'><strong>a</strong></span> <span class='ocrx_word' id='word_1_475' title='bbox 2327 2052 2465 2109; x_wconf 87' lang='lat' dir='ltr'><strong>facie</strong></span> <span class='ocrx_word' id='word_1_476' title='bbox 2494 2062 2552 2108; x_wconf 91' lang='lat' dir='ltr'><strong>et</strong></span> <span class='ocrx_word' id='word_1_477' title='bbox 2597 2059 2896 2122; x_wconf 86' lang='lat' dir='ltr'><strong>conspectu</strong></span> <span class='ocrx_word' id='word_1_478' title='bbox 2945 2049 3061 2106; x_wconf 88' lang='lat' dir='ltr'><strong>Dei.</strong></span> <span class='ocrx_word' id='word_1_479' title='bbox 3112 2050 3178 2104; x_wconf 83' lang='lat' dir='ltr'><strong>Et</strong></span> <span class='ocrx_word' id='word_1_480' title='bbox 3217 2052 3339 2116; x_wconf 82' lang='lat' dir='ltr'><strong>erit,</strong></span> <span class='ocrx_word' id='word_1_481' title='bbox 3385 2051 3590 2122; x_wconf 84' lang='lat' dir='ltr'><strong>inquit,</strong></span> 
     </span>
    </p>
   </div>
   <div class='ocr_carea' id='block_1_65' title="bbox 2001 2142 3596 2216">
    <p class='ocr_par' dir='ltr' id='par_1_65' title="bbox 2001 2142 3596 2216">
     <span class='ocr_line' id='line_1_65' title="bbox 2001 2142 3596 2216; baseline -0.001 -16"><span class='ocrx_word' id='word_1_482' title='bbox 2001 2146 2174 2200; x_wconf 78' lang='lat' dir='ltr'><strong>omnis</strong></span> <span class='ocrx_word' id='word_1_483' title='bbox 2216 2146 2306 2216; x_wconf 86' lang='lat' dir='ltr'><strong>qui</strong></span> <span class='ocrx_word' id='word_1_484' title='bbox 2347 2160 2428 2200; x_wconf 74' lang='lat' dir='ltr'><strong>me</strong></span> <span class='ocrx_word' id='word_1_485' title='bbox 2473 2145 2750 2207; x_wconf 79' lang='lat' dir='ltr'><strong>invenerit.</strong></span> <span class='ocrx_word' id='word_1_486' title='bbox 2789 2142 2986 2216; x_wconf 70' lang='lat' dir='ltr'><strong>occidet</strong></span> <span class='ocrx_word' id='word_1_487' title='bbox 3043 2160 3148 2198; x_wconf 85' lang='lat' dir='ltr'><strong>me.</strong></span> <span class='ocrx_word' id='word_1_488' title='bbox 3199 2143 3487 2215; x_wconf 69' lang='lat' dir='ltr'><strong>Coniectat</strong></span> <span class='ocrx_word' id='word_1_489' title='bbox 3525 2160 3596 2200; x_wconf 82' lang='lat' dir='ltr'><strong>ex</strong></span> 
     </span>
    </p>
   </div>
   <div class='ocr_carea' id='block_1_66' title="bbox 2001 2234 3595 2310">
    <p class='ocr_par' dir='ltr' id='par_1_66' title="bbox 2001 2234 3595 2310">
     <span class='ocr_line' id='line_1_66' title="bbox 2001 2234 3595 2310; baseline 0 -18"><span class='ocrx_word' id='word_1_490' title='bbox 2001 2237 2281 2310; x_wconf 78' lang='lat' dir='ltr'><strong>prioribus</strong></span> <span class='ocrx_word' id='word_1_491' title='bbox 2310 2237 2512 2307; x_wconf 71' lang='lat' dir='ltr'><strong>pmnis,</strong></span> <span class='ocrx_word' id='word_1_492' title='bbox 2547 2245 2961 2293; x_wconf 85' lang='lat' dir='ltr'><strong>consecuturas.</strong></span> <span class='ocrx_word' id='word_1_493' title='bbox 2999 2234 3055 2292; x_wconf 89' lang='lat' dir='ltr'><strong>Si</strong></span> <span class='ocrx_word' id='word_1_494' title='bbox 3091 2236 3246 2306; x_wconf 83' lang='lat' dir='ltr'><strong>ejicis</strong></span> <span class='ocrx_word' id='word_1_495' title='bbox 3275 2252 3363 2292; x_wconf 87' lang='lat' dir='ltr'><strong>me</strong></span> <span class='ocrx_word' id='word_1_496' title='bbox 3395 2252 3424 2292; x_wconf 90' lang='lat' dir='ltr'><strong>a</strong></span> <span class='ocrx_word' id='word_1_497' title='bbox 3451 2235 3595 2292; x_wconf 82' lang='lat' dir='ltr'><strong>facie</strong></span> 
     </span>
    </p>
   </div>
   <div class='ocr_carea' id='block_1_67' title="bbox 2002 2326 3593 2399">
    <p class='ocr_par' dir='ltr' id='par_1_67' title="bbox 2002 2326 3593 2399">
     <span class='ocr_line' id='line_1_67' title="bbox 2002 2326 3593 2399; baseline -0.001 -14"><span class='ocrx_word' id='word_1_498' title='bbox 2002 2338 2186 2395; x_wconf 63' lang='lat' dir='ltr'><strong>terrae,</strong></span> <span class='ocrx_word' id='word_1_499' title='bbox 2218 2328 2264 2384; x_wconf 90' lang='lat' dir='ltr'><strong>si</strong></span> <span class='ocrx_word' id='word_1_500' title='bbox 2299 2343 2330 2383; x_wconf 89' lang='lat' dir='ltr'><strong>a</strong></span> <span class='ocrx_word' id='word_1_501' title='bbox 2355 2327 2499 2384; x_wconf 77' lang='lat' dir='ltr'><strong>facie</strong></span> <span class='ocrx_word' id='word_1_502' title='bbox 2537 2336 2628 2384; x_wconf 90' lang='lat' dir='ltr'><strong>tua</strong></span> <span class='ocrx_word' id='word_1_503' title='bbox 2663 2342 2752 2383; x_wconf 87' lang='lat' dir='ltr'><strong>me</strong></span> <span class='ocrx_word' id='word_1_504' title='bbox 2777 2327 3016 2398; x_wconf 89' lang='lat' dir='ltr'><strong>repellis,</strong></span> <span class='ocrx_word' id='word_1_505' title='bbox 3048 2326 3180 2398; x_wconf 88' lang='lat' dir='ltr'><strong>quid</strong></span> <span class='ocrx_word' id='word_1_506' title='bbox 3202 2339 3456 2399; x_wconf 89' lang='lat' dir='ltr'><strong>superest</strong></span> <span class='ocrx_word' id='word_1_507' title='bbox 3481 2327 3593 2384; x_wconf 88' lang='lat' dir='ltr'><strong>nisi</strong></span> 
     </span>
    </p>
   </div>
   <div class='ocr_carea' id='block_1_68' title="bbox 2004 2419 3596 2493">
    <p class='ocr_par' dir='ltr' id='par_1_68' title="bbox 2004 2419 3596 2493">
     <span class='ocr_line' id='line_1_68' title="bbox 2004 2419 3596 2493; baseline -0.001 -16"><span class='ocrx_word' id='word_1_508' title='bbox 2004 2428 2072 2477; x_wconf 89' lang='lat' dir='ltr'><strong>ut.</strong></span> <span class='ocrx_word' id='word_1_509' title='bbox 2098 2421 2438 2492; x_wconf 89' lang='lat' dir='ltr'><strong>proscriptus</strong></span> <span class='ocrx_word' id='word_1_510' title='bbox 2463 2437 2496 2476; x_wconf 89' lang='lat' dir='ltr'><strong>a</strong></span> <span class='ocrx_word' id='word_1_511' title='bbox 2527 2419 2726 2491; x_wconf 84' lang='lat' dir='ltr'><strong>quovis</strong></span> <span class='ocrx_word' id='word_1_512' title='bbox 2746 2420 2950 2491; x_wconf 79' lang='lat' dir='ltr'><strong>possim</strong></span> <span class='ocrx_word' id='word_1_513' title='bbox 2980 2419 3132 2474; x_wconf 87' lang='lat' dir='ltr'><strong>tolli?</strong></span> <span class='ocrx_word' id='word_1_514' title='bbox 3156 2419 3298 2486; x_wconf 88' lang='lat' dir='ltr'><strong>Quid</strong></span> <span class='ocrx_word' id='word_1_515' title='bbox 3323 2436 3454 2493; x_wconf 83' lang='lat' dir='ltr'><strong>ergo</strong></span> <span class='ocrx_word' id='word_1_516' title='bbox 3486 2421 3596 2476; x_wconf 81' lang='lat' dir='ltr'><strong>Do-</strong></span> 
     </span>
    </p>
   </div>
   <div class='ocr_carea' id='block_1_69' title="bbox 2003 2511 3598 2584">
    <p class='ocr_par' dir='ltr' id='par_1_69' title="bbox 2003 2511 3598 2584">
     <span class='ocr_line' id='line_1_69' title="bbox 2003 2511 3598 2584; baseline 0.001 -18"><span class='ocrx_word' id='word_1_517' title='bbox 2003 2511 2190 2568; x_wconf 89' lang='lat' dir='ltr'><strong>minus</strong></span> <span class='ocrx_word' id='word_1_518' title='bbox 2217 2530 2229 2566; x_wconf 92' lang='lat'>:</span> <span class='ocrx_word' id='word_1_519' title='bbox 2259 2511 2381 2567; x_wconf 87' lang='lat' dir='ltr'><strong>Non</strong></span> <span class='ocrx_word' id='word_1_520' title='bbox 2401 2513 2478 2566; x_wconf 75' lang='lat' dir='ltr'><strong>ita</strong></span> <span class='ocrx_word' id='word_1_521' title='bbox 2499 2527 2519 2566; x_wconf 90' lang='lat'><strong><em>:</em></strong></span> <span class='ocrx_word' id='word_1_522' title='bbox 2546 2511 2642 2567; x_wconf 91' lang='lat' dir='ltr'><strong>sed</strong></span> <span class='ocrx_word' id='word_1_523' title='bbox 2663 2511 2846 2582; x_wconf 82' lang='lat' dir='ltr'><strong>p&#39;osuit</strong></span> <span class='ocrx_word' id='word_1_524' title='bbox 2870 2513 3088 2584; x_wconf 83' lang='lat' dir='ltr'><strong>signum</strong></span> <span class='ocrx_word' id='word_1_525' title='bbox 3113 2511 3167 2566; x_wconf 83' lang='lat' dir='ltr'><strong>in</strong></span> <span class='ocrx_word' id='word_1_526' title='bbox 3199 2512 3292 2567; x_wconf 87' lang='lat' dir='ltr'><strong>illo</strong></span> <span class='ocrx_word' id='word_1_527' title='bbox 3325 2531 3339 2566; x_wconf 90' lang='lat'><strong>:</strong></span> <span class='ocrx_word' id='word_1_528' title='bbox 3365 2513 3598 2582; x_wconf 81' lang='lat' dir='ltr'><strong>septima</strong></span> 
     </span>
    </p>
   </div>
   <div class='ocr_carea' id='block_1_70' title="bbox 2004 2601 3595 2674">
    <p class='ocr_par' dir='ltr' id='par_1_70' title="bbox 2004 2601 3595 2674">
     <span class='ocr_line' id='line_1_70' title="bbox 2004 2601 3595 2674; baseline -0.002 -14"><span class='ocrx_word' id='word_1_529' title='bbox 2004 2604 2126 2660; x_wconf 67' lang='lat' dir='ltr'><strong>haec</strong></span> <span class='ocrx_word' id='word_1_530' title='bbox 2177 2613 2262 2660; x_wconf 89' lang='lat' dir='ltr'><strong>est</strong></span> <span class='ocrx_word' id='word_1_531' title='bbox 2315 2619 2500 2674; x_wconf 77' lang='lat' dir='ltr'><strong>poma.</strong></span> <span class='ocrx_word' id='word_1_532' title='bbox 2554 2601 2714 2670; x_wconf 79' lang='lat' dir='ltr'><strong>Quo’d</strong></span> <span class='ocrx_word' id='word_1_533' title='bbox 2771 2611 2955 2659; x_wconf 89' lang='lat' dir='ltr'><strong>autem</strong></span> <span class='ocrx_word' id='word_1_534' title='bbox 3015 2603 3422 2659; x_wconf 82' lang='lat' dir='ltr'><strong>animadversio</strong></span> <span class='ocrx_word' id='word_1_535' title='bbox 3481 2620 3595 2658; x_wconf 88' lang='lat' dir='ltr'><strong>non</strong></span> 
     </span>
    </p>
   </div>
   <div class='ocr_carea' id='block_1_71' title="bbox 2001 2693 3598 2766">
    <p class='ocr_par' dir='ltr' id='par_1_71' title="bbox 2001 2693 3598 2766">
     <span class='ocr_line' id='line_1_71' title="bbox 2001 2693 3598 2766; baseline -0.004 -11"><span class='ocrx_word' id='word_1_536' title='bbox 2001 2697 2241 2764; x_wconf 83' lang='lat' dir='ltr'><strong>occulta,</strong></span> <span class='ocrx_word' id='word_1_537' title='bbox 2269 2697 2369 2754; x_wconf 87' lang='lat' dir='ltr'><strong>sed</strong></span> <span class='ocrx_word' id='word_1_538' title='bbox 2394 2705 2586 2766; x_wconf 89' lang='lat' dir='ltr'><strong>aperto</strong></span> <span class='ocrx_word' id='word_1_539' title='bbox 2607 2695 2765 2766; x_wconf 84' lang='lat' dir='ltr'><strong>signo</strong></span> <span class='ocrx_word' id='word_1_540' title='bbox 2789 2693 3153 2766; x_wconf 76' lang='lat' dir='ltr'><strong>praenuntiata</strong></span> <span class='ocrx_word' id='word_1_541' title='bbox 3176 2694 3270 2762; x_wconf 90' lang='lat' dir='ltr'><strong>sit,</strong></span> <span class='ocrx_word' id='word_1_542' title='bbox 3305 2695 3598 2750; x_wconf 77' lang='lat' dir='ltr'><strong>ltuucesse</strong></span> 
     </span>
    </p>
   </div>
   <div class='ocr_carea' id='block_1_72' title="bbox 2004 2782 3592 2859">
    <p class='ocr_par' dir='ltr' id='par_1_72' title="bbox 2004 2782 3592 2859">
     <span class='ocr_line' id='line_1_72' title="bbox 2004 2782 3592 2859; baseline -0.005 -15"><span class='ocrx_word' id='word_1_543' title='bbox 2004 2803 2204 2859; x_wconf 89' lang='lat' dir='ltr'><strong>nempe</strong></span> <span class='ocrx_word' id='word_1_544' title='bbox 2225 2787 2377 2842; x_wconf 89' lang='lat' dir='ltr'><strong>illum</strong></span> <span class='ocrx_word' id='word_1_545' title='bbox 2401 2785 2900 2842; x_wconf 87' lang='lat' dir='ltr'><strong>consceleratorum</strong></span> <span class='ocrx_word' id='word_1_546' title='bbox 2917 2782 3186 2840; x_wconf 84' lang='lat' dir='ltr'><strong>factorum</strong></span> <span class='ocrx_word' id='word_1_547' title='bbox 3210 2783 3592 2848; x_wconf 84' lang='lat' dir='ltr'><strong>architectum,</strong></span> 
     </span>
    </p>
   </div>
   <div class='ocr_carea' id='block_1_73' title="bbox 2007 2863 3596 2952">
    <p class='ocr_par' dir='ltr' id='par_1_73' title="bbox 2007 2863 3596 2952">
     <span class='ocr_line' id='line_1_73' title="bbox 2007 2863 3596 2952; baseline -0.004 -17"><span class='ocrx_word' id='word_1_548' title='bbox 2007 2879 2318 2952; x_wconf 84' lang='lat' dir='ltr'><strong>sapientum</strong></span> <span class='ocrx_word' id='word_1_549' title='bbox 2358 2878 2590 2950; x_wconf 80' lang='lat' dir='ltr'><strong>judicio,</strong></span> <span class='ocrx_word' id='word_1_550' title='bbox 2640 2863 2926 2948; x_wconf 63' lang='lat' dir='ltr'><strong>plenarum</strong></span> <span class='ocrx_word' id='word_1_551' title='bbox 2972 2877 3218 2932; x_wconf 89' lang='lat' dir='ltr'><strong>omnium</strong></span> <span class='ocrx_word' id='word_1_552' title='bbox 3270 2877 3596 2948; x_wconf 79' lang='lat' dir='ltr'><strong>gravissima</strong></span> 
     </span>
    </p>
   </div>
   <div class='ocr_carea' id='block_1_74' title="bbox 2006 2953 3598 3044">
    <p class='ocr_par' dir='ltr' id='par_1_74' title="bbox 2006 2953 3598 3044">
     <span class='ocr_line' id='line_1_74' title="bbox 2006 2953 3598 3044; baseline -0.006 -15"><span class='ocrx_word' id='word_1_553' title='bbox 2006 2980 2094 3028; x_wconf 86' lang='lat' dir='ltr'><strong>est</strong></span> <span class='ocrx_word' id='word_1_554' title='bbox 2121 2971 2194 3028; x_wconf 89' lang='lat' dir='ltr'><strong>ob</strong></span> <span class='ocrx_word' id='word_1_555' title='bbox 2221 2969 2600 3044; x_wconf 74' lang='lat' dir='ltr'><strong>ignominiam,</strong></span> <span class='ocrx_word' id='word_1_556' title='bbox 2631 2953 2794 3039; x_wconf 71' lang='lat' dir='ltr'><strong>quani</strong></span> <span class='ocrx_word' id='word_1_557' title='bbox 2816 2981 2886 3022; x_wconf 83' lang='lat' dir='ltr'><strong>ex</strong></span> <span class='ocrx_word' id='word_1_558' title='bbox 2920 2965 3112 3022; x_wconf 88' lang='lat' dir='ltr'><strong>ultimo</strong></span> <span class='ocrx_word' id='word_1_559' title='bbox 3139 2982 3360 3038; x_wconf 81' lang='lat' dir='ltr'><strong>quoque</strong></span> <span class='ocrx_word' id='word_1_560' title='bbox 3387 2966 3598 3037; x_wconf 85' lang='lat' dir='ltr'><strong>judicio</strong></span> 
     </span>
    </p>
   </div>
   <div class='ocr_carea' id='block_1_75' title="bbox 2012 3057 3598 3135">
    <p class='ocr_par' dir='ltr' id='par_1_75' title="bbox 2012 3057 3598 3135">
     <span class='ocr_line' id='line_1_75' title="bbox 2012 3057 3598 3135; baseline -0.006 -14"><span class='ocrx_word' id='word_1_561' title='bbox 2012 3063 2328 3121; x_wconf 82' lang='lat' dir='ltr'><strong>existimare</strong></span> <span class='ocrx_word' id='word_1_562' title='bbox 2360 3075 2675 3135; x_wconf 86' lang='lat' dir='ltr'><strong>possumus,</strong></span> <span class='ocrx_word' id='word_1_563' title='bbox 2704 3059 2925 3132; x_wconf 88' lang='lat' dir='ltr'><strong>quando</strong></span> <span class='ocrx_word' id='word_1_564' title='bbox 2954 3060 3010 3114; x_wconf 90' lang='lat' dir='ltr'><strong>hi</strong></span> <span class='ocrx_word' id='word_1_565' title='bbox 3035 3068 3325 3130; x_wconf 77' lang='lat' dir='ltr'><strong>resin-gent</strong></span> <span class='ocrx_word' id='word_1_566' title='bbox 3351 3059 3404 3113; x_wconf 88' lang='lat' dir='ltr'><strong>in</strong></span> <span class='ocrx_word' id='word_1_567' title='bbox 3433 3057 3598 3112; x_wconf 69' lang='lat' dir='ltr'><strong>vitam</strong></span> 
     </span>
    </p>
   </div>
   <div class='ocr_carea' id='block_1_76' title="bbox 2013 3151 3598 3226">
    <p class='ocr_par' dir='ltr' id='par_1_76' title="bbox 2013 3151 3598 3226">
     <span class='ocr_line' id='line_1_76' title="bbox 2013 3151 3598 3226; baseline -0.004 -14"><span class='ocrx_word' id='word_1_568' title='bbox 2013 3164 2298 3222; x_wconf 73' lang='lat' dir='ltr'><strong>retemam,</strong></span> <span class='ocrx_word' id='word_1_569' title='bbox 2339 3163 2398 3210; x_wconf 89' lang='lat' dir='ltr'><strong>et</strong></span> <span class='ocrx_word' id='word_1_570' title='bbox 2437 3153 2514 3209; x_wconf 88' lang='lat' dir='ltr'><strong>illi</strong></span> <span class='ocrx_word' id='word_1_571' title='bbox 2546 3153 2604 3208; x_wconf 91' lang='lat' dir='ltr'><strong>in</strong></span> <span class='ocrx_word' id='word_1_572' title='bbox 2642 3152 3000 3226; x_wconf 78' lang='lat' dir='ltr'><strong>ignominiam</strong></span> <span class='ocrx_word' id='word_1_573' title='bbox 3037 3151 3449 3222; x_wconf 75' lang='lat' dir='ltr'><strong>sempiternam.</strong></span> <span class='ocrx_word' id='word_1_574' title='bbox 3496 3151 3598 3206; x_wconf 75' lang='lat' dir='ltr'><strong>Se-</strong></span> 
     </span>
    </p>
   </div>
   <div class='ocr_carea' id='block_1_77' title="bbox 2011 3240 3599 3318">
    <p class='ocr_par' dir='ltr' id='par_1_77' title="bbox 2011 3240 3599 3318">
     <span class='ocr_line' id='line_1_77' title="bbox 2011 3240 3599 3318; baseline -0.005 -16"><span class='ocrx_word' id='word_1_575' title='bbox 2011 3247 2201 3318; x_wconf 87' lang='lat' dir='ltr'><strong>quitur</strong></span> <span class='ocrx_word' id='word_1_576' title='bbox 2221 3245 2348 3302; x_wconf 88' lang='lat' dir='ltr'><strong>huic</strong></span> <span class='ocrx_word' id='word_1_577' title='bbox 2377 3259 2588 3300; x_wconf 86' lang='lat' dir='ltr'><strong>annexa</strong></span> <span class='ocrx_word' id='word_1_578' title='bbox 2608 3240 2858 3315; x_wconf 82' lang='lat' dir='ltr'><strong>quaestio,</strong></span> <span class='ocrx_word' id='word_1_579' title='bbox 2878 3243 3008 3314; x_wconf 84' lang='lat' dir='ltr'><strong>quid</strong></span> <span class='ocrx_word' id='word_1_580' title='bbox 3026 3242 3098 3298; x_wconf 87' lang='lat' dir='ltr'><strong>sit</strong></span> <span class='ocrx_word' id='word_1_581' title='bbox 3122 3241 3266 3312; x_wconf 87' lang='lat' dir='ltr'><strong>quod</strong></span> <span class='ocrx_word' id='word_1_582' title='bbox 3291 3240 3599 3296; x_wconf 85' lang='lat' dir='ltr'><strong>Lamecbus</strong></span> 
     </span>
    </p>
   </div>
   <div class='ocr_carea' id='block_1_78' title="bbox 2011 3330 3601 3402">
    <p class='ocr_par' dir='ltr' id='par_1_78' title="bbox 2011 3330 3601 3402">
     <span class='ocr_line' id='line_1_78' title="bbox 2011 3330 3601 3402; baseline -0.006 -11"><span class='ocrx_word' id='word_1_583' title='bbox 2011 3335 2274 3391; x_wconf 81' lang='lat' dir='ltr'><strong>uxoribus</strong></span> <span class='ocrx_word' id='word_1_584' title='bbox 2309 3333 2422 3390; x_wconf 89' lang='lat' dir='ltr'><strong>suis</strong></span> <span class='ocrx_word' id='word_1_585' title='bbox 2460 3333 2598 3388; x_wconf 72' lang='lat' dir='ltr'><strong>dixit</strong></span> <span class='ocrx_word' id='word_1_586' title='bbox 2641 3349 2656 3388; x_wconf 89' lang='lat'><strong>:</strong></span> <span class='ocrx_word' id='word_1_587' title='bbox 2705 3330 2969 3398; x_wconf 80' lang='lat' dir='ltr'><strong>Quoniam</strong></span> <span class='ocrx_word' id='word_1_588' title='bbox 3020 3331 3193 3385; x_wconf 72' lang='lat' dir='ltr'><strong>virum</strong></span> <span class='ocrx_word' id='word_1_589' title='bbox 3241 3330 3499 3402; x_wconf 64' lang='lat' dir='ltr'><strong>interfeci.</strong></span> <span class='ocrx_word' id='word_1_590' title='bbox 3550 3340 3601 3382; x_wconf 78' lang='lat' dir='ltr'><strong>et</strong></span> 
     </span>
    </p>
   </div>
   <div class='ocr_carea' id='block_1_79' title="bbox 2007 3421 3598 3498">
    <p class='ocr_par' dir='ltr' id='par_1_79' title="bbox 2007 3421 3598 3498">
     <span class='ocr_line' id='line_1_79' title="bbox 2007 3421 3598 3498; baseline -0.004 -16"><span class='ocrx_word' id='word_1_591' title='bbox 2007 3427 2255 3498; x_wconf 75' lang='lat' dir='ltr'><strong>juvenem</strong></span> <span class='ocrx_word' id='word_1_592' title='bbox 2300 3427 2358 3480; x_wconf 78' lang='lat' dir='ltr'><strong>in</strong></span> <span class='ocrx_word' id='word_1_593' title='bbox 2398 3427 2635 3490; x_wconf 76' lang='lat' dir='ltr'><strong>livorem.</strong></span> <span class='ocrx_word' id='word_1_594' title='bbox 2690 3423 2852 3480; x_wconf 83' lang='lat' dir='ltr'><strong>Aliud</strong></span> <span class='ocrx_word' id='word_1_595' title='bbox 2895 3438 3028 3494; x_wconf 77' lang='lat' dir='ltr'><strong>ergo</strong></span> <span class='ocrx_word' id='word_1_596' title='bbox 3081 3423 3302 3489; x_wconf 87' lang='lat' dir='ltr'><strong>vulnus,</strong></span> <span class='ocrx_word' id='word_1_597' title='bbox 3353 3431 3410 3478; x_wconf 85' lang='lat' dir='ltr'><strong>et</strong></span> <span class='ocrx_word' id='word_1_598' title='bbox 3456 3421 3598 3476; x_wconf 84' lang='lat' dir='ltr'><strong>aliud</strong></span> 
     </span>
    </p>
   </div>
   <div class='ocr_carea' id='block_1_80' title="bbox 2013 3513 3602 3585">
    <p class='ocr_par' dir='ltr' id='par_1_80' title="bbox 2013 3513 3602 3585">
     <span class='ocr_line' id='line_1_80' title="bbox 2013 3513 3602 3585; baseline -0.002 -13"><span class='ocrx_word' id='word_1_599' title='bbox 2013 3517 2173 3585; x_wconf 81' lang='lat' dir='ltr'><strong>livor,</strong></span> <span class='ocrx_word' id='word_1_600' title='bbox 2203 3525 2259 3572; x_wconf 90' lang='lat' dir='ltr'><strong>et</strong></span> <span class='ocrx_word' id='word_1_601' title='bbox 2289 3516 2438 3572; x_wconf 89' lang='lat' dir='ltr'><strong>aliud</strong></span> <span class='ocrx_word' id='word_1_602' title='bbox 2474 3517 2582 3583; x_wconf 88' lang='lat' dir='ltr'><strong>vir,</strong></span> <span class='ocrx_word' id='word_1_603' title='bbox 2615 3525 2671 3572; x_wconf 85' lang='lat' dir='ltr'><strong>et</strong></span> <span class='ocrx_word' id='word_1_604' title='bbox 2699 3515 2846 3572; x_wconf 89' lang='lat' dir='ltr'><strong>aliud</strong></span> <span class='ocrx_word' id='word_1_605' title='bbox 2879 3515 3224 3572; x_wconf 86' lang='lat' dir='ltr'><strong>adolescens.</strong></span> <span class='ocrx_word' id='word_1_606' title='bbox 3261 3514 3420 3582; x_wconf 85' lang='lat' dir='ltr'><strong>Quod</strong></span> <span class='ocrx_word' id='word_1_607' title='bbox 3450 3513 3497 3570; x_wconf 93' lang='lat' dir='ltr'><strong>si</strong></span> <span class='ocrx_word' id='word_1_608' title='bbox 3529 3515 3602 3569; x_wconf 91' lang='lat' dir='ltr'><strong>ob</strong></span> 
     </span>
    </p>
   </div>
   <div class='ocr_carea' id='block_1_81' title="bbox 2013 3607 3601 3681">
    <p class='ocr_par' dir='ltr' id='par_1_81' title="bbox 2013 3607 3601 3681">
     <span class='ocr_line' id='line_1_81' title="bbox 2013 3607 3601 3681; baseline -0.004 -15"><span class='ocrx_word' id='word_1_609' title='bbox 2013 3609 2244 3666; x_wconf 89' lang='lat' dir='ltr'><strong>Cainum</strong></span> <span class='ocrx_word' id='word_1_610' title='bbox 2289 3609 2628 3680; x_wconf 80' lang='lat' dir='ltr'><strong>septemplex</strong></span> <span class='ocrx_word' id='word_1_611' title='bbox 2657 3623 2822 3681; x_wconf 77' lang='lat' dir='ltr'><strong>poma</strong></span> <span class='ocrx_word' id='word_1_612' title='bbox 2853 3609 3073 3664; x_wconf 83' lang='lat' dir='ltr'><strong>decreta</strong></span> <span class='ocrx_word' id='word_1_613' title='bbox 3110 3616 3215 3674; x_wconf 88' lang='lat' dir='ltr'><strong>est,</strong></span> <span class='ocrx_word' id='word_1_614' title='bbox 3247 3621 3314 3664; x_wconf 79' lang='lat' dir='ltr'><strong>ex</strong></span> <span class='ocrx_word' id='word_1_615' title='bbox 3343 3607 3601 3664; x_wconf 85' lang='lat' dir='ltr'><strong>Lamechi</strong></span> 
     </span>
    </p>
   </div>
   <div class='ocr_carea' id='block_1_82' title="bbox 2014 3689 3600 3771">
    <p class='ocr_par' dir='ltr' id='par_1_82' title="bbox 2014 3689 3600 3771">
     <span class='ocr_line' id='line_1_82' title="bbox 2014 3689 3600 3771; baseline -0.003 -15"><span class='ocrx_word' id='word_1_616' title='bbox 2014 3700 2165 3756; x_wconf 56' lang='lat' dir='ltr'><strong>caede</strong></span> <span class='ocrx_word' id='word_1_617' title='bbox 2190 3689 2502 3771; x_wconf 74' lang='lat' dir='ltr'><strong>septuagies</strong></span> <span class='ocrx_word' id='word_1_618' title='bbox 2523 3707 2752 3770; x_wconf 83' lang='lat' dir='ltr'><strong>septena</strong></span> <span class='ocrx_word' id='word_1_619' title='bbox 2779 3699 3110 3754; x_wconf 90' lang='lat' dir='ltr'><strong>decernetur</strong></span> <span class='ocrx_word' id='word_1_620' title='bbox 3141 3717 3154 3753; x_wconf 91' lang='lat'><strong>:</strong></span> <span class='ocrx_word' id='word_1_621' title='bbox 3192 3699 3236 3754; x_wconf 95' lang='lat' dir='ltr'><strong>si</strong></span> <span class='ocrx_word' id='word_1_622' title='bbox 3269 3694 3471 3768; x_wconf 81' lang='lat' dir='ltr'><strong>impius</strong></span> <span class='ocrx_word' id='word_1_623' title='bbox 3491 3697 3600 3752; x_wconf 84' lang='lat' dir='ltr'><strong>fuit</strong></span> 
     </span>
    </p>
   </div>
   <div class='ocr_carea' id='block_1_83' title="bbox 2013 3789 3601 3862">
    <p class='ocr_par' dir='ltr' id='par_1_83' title="bbox 2013 3789 3601 3862">
     <span class='ocr_line' id='line_1_83' title="bbox 2013 3789 3601 3862; baseline -0.004 -16"><span class='ocrx_word' id='word_1_624' title='bbox 2013 3791 2237 3856; x_wconf 84' lang='lat' dir='ltr'><strong>Cainus,</strong></span> <span class='ocrx_word' id='word_1_625' title='bbox 2269 3791 2313 3846; x_wconf 91' lang='lat' dir='ltr'><strong>si</strong></span> <span class='ocrx_word' id='word_1_626' title='bbox 2350 3790 2502 3862; x_wconf 90' lang='lat' dir='ltr'><strong>pium</strong></span> <span class='ocrx_word' id='word_1_627' title='bbox 2533 3799 2589 3846; x_wconf 90' lang='lat' dir='ltr'><strong>et</strong></span> <span class='ocrx_word' id='word_1_628' title='bbox 2617 3805 2836 3860; x_wconf 69' lang='lat' dir='ltr'><strong>aequum</strong></span> <span class='ocrx_word' id='word_1_629' title='bbox 2872 3789 3138 3860; x_wconf 86' lang='lat' dir='ltr'><strong>judicium</strong></span> <span class='ocrx_word' id='word_1_630' title='bbox 3179 3789 3274 3845; x_wconf 81' lang='lat' dir='ltr'><strong>Dei</strong></span> <span class='ocrx_word' id='word_1_631' title='bbox 3302 3790 3370 3845; x_wconf 87' lang='lat' dir='ltr'><strong>de</strong></span> <span class='ocrx_word' id='word_1_632' title='bbox 3407 3791 3601 3852; x_wconf 79' lang='lat' dir='ltr'><strong>Caino,</strong></span> 
     </span>
    </p>
   </div>
   <div class='ocr_carea' id='block_1_84' title="bbox 2015 3881 3605 3954">
    <p class='ocr_par' dir='ltr' id='par_1_84' title="bbox 2015 3881 3605 3954">
     <span class='ocr_line' id='line_1_84' title="bbox 2015 3881 3605 3954; baseline 0 -16"><span class='ocrx_word' id='word_1_633' title='bbox 2015 3891 2076 3939; x_wconf 92' lang='lat' dir='ltr'><strong>ut</strong></span> <span class='ocrx_word' id='word_1_634' title='bbox 2119 3882 2550 3954; x_wconf 83' lang='lat' dir='ltr'><strong>septemgemina</strong></span> <span class='ocrx_word' id='word_1_635' title='bbox 2588 3897 2750 3953; x_wconf 88' lang='lat' dir='ltr'><strong>poena</strong></span> <span class='ocrx_word' id='word_1_636' title='bbox 2784 3881 3138 3953; x_wconf 81' lang='lat' dir='ltr'><strong>plecteretur,</strong></span> <span class='ocrx_word' id='word_1_637' title='bbox 3170 3883 3218 3938; x_wconf 84' lang='lat' dir='ltr'><strong>is</strong></span> <span class='ocrx_word' id='word_1_638' title='bbox 3263 3882 3408 3937; x_wconf 90' lang='lat' dir='ltr'><strong>cnim</strong></span> <span class='ocrx_word' id='word_1_639' title='bbox 3451 3883 3605 3938; x_wconf 90' lang='lat' dir='ltr'><strong>nullo</strong></span> 
     </span>
    </p>
   </div>
   <div class='ocr_carea' id='block_1_85' title="bbox 2013 3975 3602 4046">
    <p class='ocr_par' dir='ltr' id='par_1_85' title="bbox 2013 3975 3602 4046">
     <span class='ocr_line' id='line_1_85' title="bbox 2013 3975 3602 4046; baseline -0.001 -15"><span class='ocrx_word' id='word_1_640' title='bbox 2013 3975 2270 4046; x_wconf 76' lang='lat' dir='ltr'><strong>exemplo</strong></span> <span class='ocrx_word' id='word_1_641' title='bbox 2309 3975 2515 4032; x_wconf 71' lang='lat' dir='ltr'><strong>caedem</strong></span> <span class='ocrx_word' id='word_1_642' title='bbox 2560 3975 2893 4046; x_wconf 78' lang='lat' dir='ltr'><strong>designavit,</strong></span> <span class='ocrx_word' id='word_1_643' title='bbox 2945 3975 3049 4032; x_wconf 86' lang='lat' dir='ltr'><strong>iste</strong></span> <span class='ocrx_word' id='word_1_644' title='bbox 3092 3991 3222 4031; x_wconf 74' lang='lat' dir='ltr'><strong>vero</strong></span> <span class='ocrx_word' id='word_1_645' title='bbox 3263 3975 3400 4032; x_wconf 78' lang='lat' dir='ltr'><strong>vidit</strong></span> <span class='ocrx_word' id='word_1_646' title='bbox 3436 3976 3602 4030; x_wconf 84' lang='lat' dir='ltr'><strong>etiam</strong></span> 
     </span>
    </p>
   </div>
   <div class='ocr_carea' id='block_1_86' title="bbox 2014 4066 3605 4138">
    <p class='ocr_par' dir='ltr' id='par_1_86' title="bbox 2014 4066 3605 4138">
     <span class='ocr_line' id='line_1_86' title="bbox 2014 4066 3605 4138; baseline 0.001 -17"><span class='ocrx_word' id='word_1_647' title='bbox 2014 4067 2340 4138; x_wconf 83' lang='lat' dir='ltr'><strong>parricidam</strong></span> <span class='ocrx_word' id='word_1_648' title='bbox 2380 4081 2601 4138; x_wconf 75' lang='lat' dir='ltr'><strong>pcenam</strong></span> <span class='ocrx_word' id='word_1_649' title='bbox 2653 4066 2912 4122; x_wconf 87' lang='lat' dir='ltr'><strong>subiisse.</strong></span> <span class='ocrx_word' id='word_1_650' title='bbox 2965 4067 3080 4138; x_wconf 83' lang='lat' dir='ltr'><strong>Ego</strong></span> <span class='ocrx_word' id='word_1_651' title='bbox 3119 4083 3254 4122; x_wconf 85' lang='lat' dir='ltr'><strong>vero</strong></span> <span class='ocrx_word' id='word_1_652' title='bbox 3298 4069 3368 4123; x_wconf 87' lang='lat' dir='ltr'><strong>ob</strong></span> <span class='ocrx_word' id='word_1_653' title='bbox 3415 4069 3605 4124; x_wconf 89' lang='lat' dir='ltr'><strong>oculos</strong></span> 
     </span>
    </p>
   </div>
   <div class='ocr_carea' id='block_1_87' title="bbox 2014 4157 3606 4229">
    <p class='ocr_par' dir='ltr' id='par_1_87' title="bbox 2014 4157 3606 4229">
     <span class='ocr_line' id='line_1_87' title="bbox 2014 4157 3606 4229; baseline 0.001 -16"><span class='ocrx_word' id='word_1_654' title='bbox 2014 4157 2151 4214; x_wconf 89' lang='lat' dir='ltr'><strong>mihi</strong></span> <span class='ocrx_word' id='word_1_655' title='bbox 2178 4166 2486 4212; x_wconf 85' lang='lat' dir='ltr'><strong>versantem</strong></span> <span class='ocrx_word' id='word_1_656' title='bbox 2521 4157 2709 4212; x_wconf 81' lang='lat' dir='ltr'><strong>videre</strong></span> <span class='ocrx_word' id='word_1_657' title='bbox 2739 4173 2958 4228; x_wconf 86' lang='lat' dir='ltr'><strong>semper</strong></span> <span class='ocrx_word' id='word_1_658' title='bbox 2987 4157 3176 4212; x_wconf 82' lang='lat' dir='ltr'><strong>videor</strong></span> <span class='ocrx_word' id='word_1_659' title='bbox 3205 4168 3514 4229; x_wconf 76' lang='lat' dir='ltr'><strong>gementem</strong></span> <span class='ocrx_word' id='word_1_660' title='bbox 3551 4171 3606 4214; x_wconf 85' lang='lat' dir='ltr'><strong>et</strong></span> 
     </span>
    </p>
   </div>
   <div class='ocr_carea' id='block_1_88' title="bbox 305 4233 1897 4322">
    <p class='ocr_par' dir='ltr' id='par_1_88' title="bbox 305 4233 1897 4314">
     <span class='ocr_line' id='line_1_88' title="bbox 305 4233 1897 4314; baseline 0.003 -21"><span class='ocrx_word' id='word_1_661' title='bbox 305 4238 439 4293; x_wconf 75' lang='grc' dir='ltr'>οὐδὲ</span> <span class='ocrx_word' id='word_1_662' title='bbox 463 4237 510 4270; x_wconf 85' lang='grc'><strong><em>⁸⁸</em></strong></span> <span class='ocrx_word' id='word_1_663' title='bbox 559 4233 702 4293; x_wconf 76' lang='grc' dir='ltr'>εἶδεν</span> <span class='ocrx_word' id='word_1_664' title='bbox 744 4238 1020 4310; x_wconf 76' lang='grc' dir='ltr'>τιμωρίαν</span> <span class='ocrx_word' id='word_1_665' title='bbox 1049 4239 1322 4311; x_wconf 82' lang='grc' dir='ltr'>ὑπέχοντα</span> <span class='ocrx_word' id='word_1_666' title='bbox 1347 4243 1636 4314; x_wconf 72' lang='grc' dir='ltr'>φονευτήν.</span> <span class='ocrx_word' id='word_1_667' title='bbox 1683 4241 1823 4312; x_wconf 86' lang='grc' dir='ltr'><strong>Ἐγὼ</strong></span> <span class='ocrx_word' id='word_1_668' title='bbox 1849 4243 1897 4298; x_wconf 83' lang='grc' dir='ltr'>δὲ</span> 
     </span>
    </p>
   </div>
   <div class='ocr_carea' id='block_1_89' title="bbox 2001 4233 3604 4322">
    <p class='ocr_par' dir='ltr' id='par_1_89' title="bbox 2017 4248 3604 4322">
     <span class='ocr_line' id='line_1_89' title="bbox 2017 4248 3604 4322; baseline 0.002 -16"><span class='ocrx_word' id='word_1_669' title='bbox 2017 4258 2344 4306; x_wconf 88' lang='lat' dir='ltr'><strong>trementem</strong></span> <span class='ocrx_word' id='word_1_670' title='bbox 2377 4248 2632 4318; x_wconf 89' lang='lat' dir='ltr'><strong>Cainum,</strong></span> <span class='ocrx_word' id='word_1_671' title='bbox 2659 4251 3097 4322; x_wconf 86' lang='lat' dir='ltr'><strong>immensamque</strong></span> <span class='ocrx_word' id='word_1_672' title='bbox 3123 4250 3217 4306; x_wconf 91' lang='lat' dir='ltr'><strong>Dei</strong></span> <span class='ocrx_word' id='word_1_673' title='bbox 3246 4251 3384 4308; x_wconf 89' lang='lat' dir='ltr'><strong>iram</strong></span> <span class='ocrx_word' id='word_1_674' title='bbox 3415 4263 3472 4308; x_wconf 90' lang='lat' dir='ltr'><strong>et</strong></span> <span class='ocrx_word' id='word_1_675' title='bbox 3503 4253 3604 4308; x_wconf 91' lang='lat' dir='ltr'><strong>fu-</strong></span> 
     </span>
    </p>
   </div>
   <div class='ocr_carea' id='block_1_90' title="bbox 308 4329 1897 4416">
    <p class='ocr_par' dir='ltr' id='par_1_90' title="bbox 308 4329 1897 4406">
     <span class='ocr_line' id='line_1_90' title="bbox 308 4329 1897 4406; baseline 0.002 -21"><span class='ocrx_word' id='word_1_676' title='bbox 308 4333 375 4385; x_wconf 79' lang='grc' dir='ltr'>ὲν</span> <span class='ocrx_word' id='word_1_677' title='bbox 407 4329 715 4404; x_wconf 73' lang='grc' dir='ltr'>ὀφθαλμοῖς</span> <span class='ocrx_word' id='word_1_678' title='bbox 745 4329 888 4401; x_wconf 75' lang='grc' dir='ltr'>ἔχων</span> <span class='ocrx_word' id='word_1_679' title='bbox 913 4330 1010 4384; x_wconf 80' lang='grc' dir='ltr'>-τδν</span> <span class='ocrx_word' id='word_1_680' title='bbox 1046 4331 1303 4386; x_wconf 77' lang='grc' dir='ltr'>στένοντα</span> <span class='ocrx_word' id='word_1_681' title='bbox 1349 4333 1443 4386; x_wconf 76' lang='grc' dir='ltr'>καὶ</span> <span class='ocrx_word' id='word_1_682' title='bbox 1479 4333 1774 4406; x_wconf 80' lang='grc' dir='ltr'>τρέμοντα,</span> <span class='ocrx_word' id='word_1_683' title='bbox 1811 4337 1897 4390; x_wconf 71' lang='grc' dir='ltr'><strong>καῖ</strong></span> 
     </span>
    </p>
   </div>
   <div class='ocr_carea' id='block_1_91' title="bbox 2001 4329 3604 4416">
    <p class='ocr_par' dir='ltr' id='par_1_91' title="bbox 2017 4345 3604 4416">
     <span class='ocr_line' id='line_1_91' title="bbox 2017 4345 3604 4416; baseline -0.001 -15"><span class='ocrx_word' id='word_1_684' title='bbox 2017 4360 2220 4412; x_wconf 89' lang='lat' dir='ltr'><strong>rorem,</strong></span> <span class='ocrx_word' id='word_1_685' title='bbox 2268 4360 2374 4400; x_wconf 86' lang='lat' dir='ltr'><strong>nec</strong></span> <span class='ocrx_word' id='word_1_686' title='bbox 2419 4353 2598 4400; x_wconf 88' lang='lat' dir='ltr'><strong>tamen</strong></span> <span class='ocrx_word' id='word_1_687' title='bbox 2651 4345 2906 4416; x_wconf 80' lang='lat' dir='ltr'><strong>exemplo</strong></span> <span class='ocrx_word' id='word_1_688' title='bbox 2947 4359 3142 4415; x_wconf 89' lang='lat' dir='ltr'><strong>sapere</strong></span> <span class='ocrx_word' id='word_1_689' title='bbox 3179 4345 3343 4400; x_wconf 81' lang='lat' dir='ltr'><strong>didici</strong></span> <span class='ocrx_word' id='word_1_690' title='bbox 3389 4363 3402 4400; x_wconf 91' lang='lat'><strong>:</strong></span> <span class='ocrx_word' id='word_1_691' title='bbox 3457 4346 3604 4400; x_wconf 87' lang='lat' dir='ltr'><strong>unde</strong></span> 
     </span>
    </p>
   </div>
   <div class='ocr_carea' id='block_1_92' title="bbox 308 4420 1897 4511">
    <p class='ocr_par' dir='ltr' id='par_1_92' title="bbox 308 4420 1897 4497">
     <span class='ocr_line' id='line_1_92' title="bbox 308 4420 1897 4497; baseline 0.004 -23"><span class='ocrx_word' id='word_1_692' title='bbox 308 4422 377 4474; x_wconf 73' lang='grc' dir='ltr'>τὸ</span> <span class='ocrx_word' id='word_1_693' title='bbox 422 4421 658 4493; x_wconf 82' lang='grc' dir='ltr'>μέγεθος</span> <span class='ocrx_word' id='word_1_694' title='bbox 697 4421 799 4493; x_wconf 82' lang='grc' dir='ltr'>τῆς</span> <span class='ocrx_word' id='word_1_695' title='bbox 830 4420 1002 4493; x_wconf 83' lang='grc' dir='ltr'>ὀργῆς</span> <span class='ocrx_word' id='word_1_696' title='bbox 1031 4421 1126 4475; x_wconf 83' lang='grc' dir='ltr'>τοῦ</span> <span class='ocrx_word' id='word_1_697' title='bbox 1171 4421 1328 4489; x_wconf 81' lang='grc' dir='ltr'>Θεοῦ,</span> <span class='ocrx_word' id='word_1_698' title='bbox 1363 4423 1463 4476; x_wconf 84' lang='grc' dir='ltr'>οὐκ</span> <span class='ocrx_word' id='word_1_699' title='bbox 1493 4425 1897 4497; x_wconf 71' lang='grc' dir='ltr'>ὲσωφρονίσθηι</span> 
     </span>
    </p>
   </div>
   <div class='ocr_carea' id='block_1_93' title="bbox 2001 4420 3601 4511">
    <p class='ocr_par' dir='ltr' id='par_1_93' title="bbox 2016 4437 3601 4511">
     <span class='ocr_line' id='line_1_93' title="bbox 2016 4437 3601 4511; baseline -0.002 -16"><span class='ocrx_word' id='word_1_700' title='bbox 2016 4439 2214 4511; x_wconf 86' lang='lat' dir='ltr'><strong>dignus</strong></span> <span class='ocrx_word' id='word_1_701' title='bbox 2243 4453 2363 4494; x_wconf 91' lang='lat' dir='ltr'><strong>sum</strong></span> <span class='ocrx_word' id='word_1_702' title='bbox 2391 4438 2804 4510; x_wconf 75' lang='lat' dir='ltr'><strong>quadringentis</strong></span> <span class='ocrx_word' id='word_1_703' title='bbox 2830 4439 3123 4508; x_wconf 82' lang='lat' dir='ltr'><strong>nonaginta</strong></span> <span class='ocrx_word' id='word_1_704' title='bbox 3147 4437 3338 4508; x_wconf 79' lang='lat' dir='ltr'><strong>plagis.</strong></span> <span class='ocrx_word' id='word_1_705' title='bbox 3368 4438 3601 4503; x_wconf 76' lang='lat' dir='ltr'><strong>Quidam</strong></span> 
     </span>
    </p>
   </div>
   <div class='ocr_carea' id='block_1_94' title="bbox 309 4485 1897 4614">
    <p class='ocr_par' dir='ltr' id='par_1_94' title="bbox 309 4485 1897 4588">
     <span class='ocr_line' id='line_1_94' title="bbox 309 4485 1897 4588; baseline 0.005 -22"><span class='ocrx_word' id='word_1_706' title='bbox 309 4512 394 4584; x_wconf 81' lang='grc' dir='ltr'><strong>τῷ</strong></span> <span class='ocrx_word' id='word_1_707' title='bbox 422 4485 829 4584; x_wconf 38' lang='grc' dir='ltr'>*ὑποδείγματα</span> <span class='ocrx_word' id='word_1_708' title='bbox 863 4485 1002 4570; x_wconf 48' lang='grc' dir='ltr'>’ὅθεν</span> <span class='ocrx_word' id='word_1_709' title='bbox 1047 4513 1198 4582; x_wconf 77' lang='grc' dir='ltr'>ἄξιός</span> <span class='ocrx_word' id='word_1_710' title='bbox 1245 4485 1361 4586; x_wconf 76' lang='grc' dir='ltr'>εἰμι</span> <span class='ocrx_word' id='word_1_711' title='bbox 1408 4485 1768 4588; x_wconf 74' lang='grc' dir='ltr'>τετρακοσίας</span> <span class='ocrx_word' id='word_1_712' title='bbox 1807 4485 1897 4574; x_wconf 69' lang='grc' dir='ltr'>καὶ</span> 
     </span>
    </p>
   </div>
   <div class='ocr_carea' id='block_1_95' title="bbox 2001 4485 3604 4614">
    <p class='ocr_par' dir='ltr' id='par_1_95' title="bbox 2010 4485 3604 4602">
     <span class='ocr_line' id='line_1_95' title="bbox 2017 4485 3601 4511; baseline -0.002 -1"><span class='ocrx_word' id='word_1_713' title='bbox 2017 4485 2213 4511; x_wconf 74' lang='grc' dir='ltr'><strong>“·ο”*·’</strong></span> <span class='ocrx_word' id='word_1_714' title='bbox 2244 4485 2363 4494; x_wconf 74' lang='grc'><strong>”“¹“’“’</strong></span> <span class='ocrx_word' id='word_1_715' title='bbox 2393 4485 2803 4510; x_wconf 65' lang='grc' dir='ltr'><strong>“Ι“““*““’“””ζ““’”““”</strong></span> <span class='ocrx_word' id='word_1_716' title='bbox 2830 4485 3123 4508; x_wconf 65' lang='grc' dir='ltr'><strong>’“⁷’“““ῠ“““”</strong></span> <span class='ocrx_word' id='word_1_717' title='bbox 3147 4485 3338 4508; x_wconf 69' lang='lat' dir='ltr'><strong>l&#39;&quot;&#39;D&quot;&#39;</strong></span> <span class='ocrx_word' id='word_1_718' title='bbox 3376 4485 3601 4503; x_wconf 64' lang='lat'><strong>3“&quot;&quot;&quot;&quot;&#39;</strong></span> 
     </span>
     <span class='ocr_line' id='line_1_96' title="bbox 2010 4530 3604 4602; baseline 0 -15"><span class='ocrx_word' id='word_1_719' title='bbox 2010 4542 2194 4587; x_wconf 89' lang='lat' dir='ltr'><strong>tamen</strong></span> <span class='ocrx_word' id='word_1_720' title='bbox 2216 4530 2282 4586; x_wconf 91' lang='lat' dir='ltr'><strong>ad</strong></span> <span class='ocrx_word' id='word_1_721' title='bbox 2309 4530 2688 4600; x_wconf 84' lang='lat' dir='ltr'><strong>hujuscemodi</strong></span> <span class='ocrx_word' id='word_1_722' title='bbox 2708 4531 2976 4586; x_wconf 85' lang='lat' dir='ltr'><strong>rationem</strong></span> <span class='ocrx_word' id='word_1_723' title='bbox 3004 4531 3278 4602; x_wconf 80' lang='lat' dir='ltr'><strong>progressi</strong></span> <span class='ocrx_word' id='word_1_724' title='bbox 3303 4541 3454 4594; x_wconf 89' lang='lat' dir='ltr'><strong>sunt,</strong></span> <span class='ocrx_word' id='word_1_725' title='bbox 3480 4548 3604 4601; x_wconf 70' lang='lat' dir='ltr'><strong>qua:</strong></span> 
     </span>
    </p>
   </div>
   <div class='ocr_carea' id='block_1_96' title="bbox 313 4602 1897 4692">
    <p class='ocr_par' dir='ltr' id='par_1_96' title="bbox 313 4602 1897 4681">
     <span class='ocr_line' id='line_1_97' title="bbox 313 4602 1897 4681; baseline 0.006 -26"><span class='ocrx_word' id='word_1_726' title='bbox 313 4605 648 4675; x_wconf 72' lang='grc' dir='ltr'>ἐνενήκοντα</span> <span class='ocrx_word' id='word_1_727' title='bbox 677 4602 724 4636; x_wconf 67' lang='grc'><strong>⁵⁸</strong></span> <span class='ocrx_word' id='word_1_728' title='bbox 753 4603 940 4658; x_wconf 82' lang='grc' dir='ltr'>δοῦναι</span> <span class='ocrx_word' id='word_1_729' title='bbox 964 4603 1238 4669; x_wconf 81' lang='grc' dir='ltr'>κολάσεις.</span> <span class='ocrx_word' id='word_1_730' title='bbox 1271 4607 1446 4660; x_wconf 84' lang='grc' dir='ltr'>Ἔνιοι</span> <span class='ocrx_word' id='word_1_731' title='bbox 1480 4607 1540 4660; x_wconf 69' lang='grc' dir='ltr'>δὲ</span> <span class='ocrx_word' id='word_1_732' title='bbox 1572 4608 1707 4681; x_wconf 70' lang='grc' dir='ltr'>πρὸς</span> <span class='ocrx_word' id='word_1_733' title='bbox 1732 4610 1897 4664; x_wconf 83' lang='grc' dir='ltr'>τοιοῦ-</span> 
     </span>
    </p>
   </div>
   <div class='ocr_carea' id='block_1_97' title="bbox 2001 4602 3601 4692">
    <p class='ocr_par' dir='ltr' id='par_1_97' title="bbox 2006 4618 3601 4692">
     <span class='ocr_line' id='line_1_98' title="bbox 2006 4618 3601 4692; baseline 0 -18"><span class='ocrx_word' id='word_1_734' title='bbox 2006 4618 2229 4692; x_wconf 88' lang='lat' dir='ltr'><strong>quidem</strong></span> <span class='ocrx_word' id='word_1_735' title='bbox 2247 4619 2318 4674; x_wconf 88' lang='lat' dir='ltr'><strong>ab</strong></span> <span class='ocrx_word' id='word_1_736' title='bbox 2343 4619 2716 4675; x_wconf 88' lang='lat' dir='ltr'><strong>ecclesiastica</strong></span> <span class='ocrx_word' id='word_1_737' title='bbox 2735 4619 2986 4674; x_wconf 79' lang='lat' dir='ltr'><strong>doctrina</strong></span> <span class='ocrx_word' id='word_1_738' title='bbox 3019 4618 3244 4674; x_wconf 90' lang='lat' dir='ltr'><strong>minime</strong></span> <span class='ocrx_word' id='word_1_739' title='bbox 3274 4629 3357 4674; x_wconf 77' lang='lat' dir='ltr'><strong>est</strong></span> <span class='ocrx_word' id='word_1_740' title='bbox 3375 4620 3553 4675; x_wconf 84' lang='lat' dir='ltr'><strong>aliena</strong></span> <span class='ocrx_word' id='word_1_741' title='bbox 3585 4637 3601 4674; x_wconf 88' lang='lat'><strong>:</strong></span> 
     </span>
    </p>
   </div>
   <div class='ocr_carea' id='block_1_98' title="bbox 311 4695 1897 4781">
    <p class='ocr_par' dir='ltr' id='par_1_98' title="bbox 311 4695 1897 4772">
     <span class='ocr_line' id='line_1_99' title="bbox 311 4695 1897 4772; baseline 0.004 -23"><span class='ocrx_word' id='word_1_742' title='bbox 311 4713 410 4750; x_wconf 81' lang='grc' dir='ltr'><strong>τον</strong></span> <span class='ocrx_word' id='word_1_743' title='bbox 437 4695 708 4768; x_wconf 81' lang='grc' dir='ltr'>ὥρμησαν</span> <span class='ocrx_word' id='word_1_744' title='bbox 737 4695 914 4766; x_wconf 87' lang='grc' dir='ltr'>λόγον,</span> <span class='ocrx_word' id='word_1_745' title='bbox 949 4697 1050 4750; x_wconf 83' lang='grc' dir='ltr'>οὐκ</span> <span class='ocrx_word' id='word_1_746' title='bbox 1089 4696 1366 4770; x_wconf 77' lang='grc' dir='ltr'>ἀπᾴδοντα</span> <span class='ocrx_word' id='word_1_747' title='bbox 1395 4697 1490 4754; x_wconf 84' lang='grc' dir='ltr'>τοῦ</span> <span class='ocrx_word' id='word_1_748' title='bbox 1527 4701 1897 4772; x_wconf 75' lang='grc' dir='ltr'>ἐκκλησιαστιι</span> 
     </span>
    </p>
   </div>
   <div class='ocr_carea' id='block_1_99' title="bbox 2001 4695 3607 4781">
    <p class='ocr_par' dir='ltr' id='par_1_99' title="bbox 2008 4709 3607 4781">
     <span class='ocr_line' id='line_1_100' title="bbox 2008 4709 3607 4781; baseline -0.001 -15"><span class='ocrx_word' id='word_1_749' title='bbox 2008 4726 2039 4766; x_wconf 88' lang='lat' dir='ltr'><strong>a</strong></span> <span class='ocrx_word' id='word_1_750' title='bbox 2070 4709 2244 4766; x_wconf 80' lang='lat' dir='ltr'><strong>Caino</strong></span> <span class='ocrx_word' id='word_1_751' title='bbox 2272 4723 2472 4780; x_wconf 89' lang='lat' dir='ltr'><strong>nempe</strong></span> <span class='ocrx_word' id='word_1_752' title='bbox 2509 4725 2683 4780; x_wconf 90' lang='lat' dir='ltr'><strong>usque</strong></span> <span class='ocrx_word' id='word_1_753' title='bbox 2715 4710 2780 4764; x_wconf 85' lang='lat' dir='ltr'><strong>ad</strong></span> <span class='ocrx_word' id='word_1_754' title='bbox 2813 4709 3098 4764; x_wconf 75' lang='lat' dir='ltr'><strong>diluvium-</strong></span> <span class='ocrx_word' id='word_1_755' title='bbox 3128 4719 3338 4778; x_wconf 89' lang='lat' dir='ltr'><strong>septem</strong></span> <span class='ocrx_word' id='word_1_756' title='bbox 3375 4726 3607 4781; x_wconf 84' lang='lat' dir='ltr'><strong>genera-</strong></span> 
     </span>
    </p>
   </div>
   <div class='ocr_carea' id='block_1_100' title="bbox 313 4787 1897 4874">
    <p class='ocr_par' dir='ltr' id='par_1_100' title="bbox 313 4787 1897 4859">
     <span class='ocr_line' id='line_1_101' title="bbox 313 4787 1897 4859; baseline 0.006 -17"><span class='ocrx_word' id='word_1_757' title='bbox 313 4787 417 4843; x_wconf 78' lang='grc' dir='ltr'>κοῦ</span> <span class='ocrx_word' id='word_1_758' title='bbox 448 4788 741 4859; x_wconf 86' lang='grc' dir='ltr'>δόγματος,</span> <span class='ocrx_word' id='word_1_759' title='bbox 768 4789 850 4842; x_wconf 82' lang='grc' dir='ltr'>ὅτι</span> <span class='ocrx_word' id='word_1_760' title='bbox 898 4787 1008 4844; x_wconf 77' lang='grc' dir='ltr'>ἀπὸ</span> <span class='ocrx_word' id='word_1_761' title='bbox 1049 4789 1143 4844; x_wconf 81' lang='grc' dir='ltr'><strong>τοῦ</strong></span> <span class='ocrx_word' id='word_1_762' title='bbox 1187 4790 1328 4846; x_wconf 82' lang='grc' dir='ltr'>Κάῖν</span> <span class='ocrx_word' id='word_1_763' title='bbox 1373 4792 1480 4858; x_wconf 78' lang='grc' dir='ltr'>ἓως</span> <span class='ocrx_word' id='word_1_764' title='bbox 1505 4794 1600 4848; x_wconf 82' lang='grc' dir='ltr'><strong>τοῦ</strong></span> <span class='ocrx_word' id='word_1_765' title='bbox 1631 4796 1897 4851; x_wconf 85' lang='grc' dir='ltr'>κατακλυ-</span> 
     </span>
    </p>
   </div>
   <div class='ocr_carea' id='block_1_101' title="bbox 2001 4787 3604 4874">
    <p class='ocr_par' dir='ltr' id='par_1_101' title="bbox 2011 4801 3604 4874">
     <span class='ocr_line' id='line_1_102' title="bbox 2011 4801 3604 4874; baseline 0 -16"><span class='ocrx_word' id='word_1_766' title='bbox 2011 4802 2192 4859; x_wconf 88' lang='lat' dir='ltr'><strong>tiones</strong></span> <span class='ocrx_word' id='word_1_767' title='bbox 2219 4802 2576 4874; x_wconf 67' lang='lat' dir='ltr'><strong>praeteriisse,</strong></span> <span class='ocrx_word' id='word_1_768' title='bbox 2609 4811 2666 4858; x_wconf 90' lang='lat' dir='ltr'><strong>et</strong></span> <span class='ocrx_word' id='word_1_769' title='bbox 2701 4803 2829 4858; x_wconf 89' lang='lat' dir='ltr'><strong>inde</strong></span> <span class='ocrx_word' id='word_1_770' title='bbox 2862 4801 3150 4857; x_wconf 82' lang='lat' dir='ltr'><strong>confestim</strong></span> <span class='ocrx_word' id='word_1_771' title='bbox 3190 4803 3352 4858; x_wconf 87' lang='lat' dir='ltr'><strong>terris</strong></span> <span class='ocrx_word' id='word_1_772' title='bbox 3383 4819 3604 4874; x_wconf 72' lang='lat' dir='ltr'><strong>pmnam</strong></span> 
     </span>
    </p>
   </div>
   <div class='ocr_carea' id='block_1_102' title="bbox 315 4878 1897 4966">
    <p class='ocr_par' dir='ltr' id='par_1_102' title="bbox 315 4878 1897 4962">
     <span class='ocr_line' id='line_1_103' title="bbox 315 4878 1897 4962; baseline 0.006 -28"><span class='ocrx_word' id='word_1_773' title='bbox 315 4878 465 4950; x_wconf 83' lang='grc' dir='ltr'>σμοῦ</span> <span class='ocrx_word' id='word_1_774' title='bbox 496 4879 639 4934; x_wconf 79' lang='grc' dir='ltr'>ἑπτὰ</span> <span class='ocrx_word' id='word_1_775' title='bbox 662 4879 1104 4952; x_wconf 85' lang='grc' dir='ltr'>παρεληλύθασιν</span> <span class='ocrx_word' id='word_1_776' title='bbox 1149 4883 1336 4952; x_wconf 87' lang='grc' dir='ltr'>γενεαί</span> <span class='ocrx_word' id='word_1_777' title='bbox 1358 4900 1372 4914; x_wconf 76' lang='grc' dir='ltr'><strong>ο</strong></span> <span class='ocrx_word' id='word_1_778' title='bbox 1401 4886 1497 4938; x_wconf 75' lang='grc' dir='ltr'><strong>καὶ</strong></span> <span class='ocrx_word' id='word_1_779' title='bbox 1528 4887 1734 4952; x_wconf 81' lang='grc' dir='ltr'>εὐθέως</span> <span class='ocrx_word' id='word_1_780' title='bbox 1771 4889 1897 4962; x_wconf 77' lang='grc' dir='ltr'>ἐπη-</span> 
     </span>
    </p>
   </div>
   <div class='ocr_carea' id='block_1_103' title="bbox 2001 4878 3608 4966">
    <p class='ocr_par' dir='ltr' id='par_1_103' title="bbox 2017 4893 3608 4966">
     <span class='ocr_line' id='line_1_104' title="bbox 2017 4893 3608 4966; baseline -0.001 -16"><span class='ocrx_word' id='word_1_781' title='bbox 2017 4903 2246 4966; x_wconf 81' lang='lat' dir='ltr'><strong>propter</strong></span> <span class='ocrx_word' id='word_1_782' title='bbox 2283 4895 2530 4950; x_wconf 90' lang='lat' dir='ltr'><strong>omnium</strong></span> <span class='ocrx_word' id='word_1_783' title='bbox 2577 4901 2930 4966; x_wconf 79' lang='lat' dir='ltr'><strong>peccatorum</strong></span> <span class='ocrx_word' id='word_1_784' title='bbox 2967 4893 3334 4950; x_wconf 76' lang='lat' dir='ltr'><strong>colluvionem</strong></span> <span class='ocrx_word' id='word_1_785' title='bbox 3375 4904 3430 4950; x_wconf 90' lang='lat' dir='ltr'><strong>ct</strong></span> <span class='ocrx_word' id='word_1_786' title='bbox 3471 4911 3608 4950; x_wconf 84' lang='lat' dir='ltr'><strong>cou-</strong></span> 
     </span>
    </p>
   </div>
   <div class='ocr_carea' id='block_1_104' title="bbox 317 4973 1897 5058">
    <p class='ocr_par' dir='ltr' id='par_1_104' title="bbox 317 4973 1897 5052">
     <span class='ocr_line' id='line_1_105' title="bbox 317 4973 1897 5052; baseline 0.008 -26"><span class='ocrx_word' id='word_1_787' title='bbox 317 4973 490 5044; x_wconf 81' lang='grc' dir='ltr'>νέχθη</span> <span class='ocrx_word' id='word_1_788' title='bbox 515 4975 582 5044; x_wconf 79' lang='grc' dir='ltr'>τῇ</span> <span class='ocrx_word' id='word_1_789' title='bbox 614 4975 685 5044; x_wconf 83' lang='grc' dir='ltr'><strong>γῇ</strong></span> <span class='ocrx_word' id='word_1_790' title='bbox 704 4975 738 5044; x_wconf 83' lang='grc' dir='ltr'>ἡ</span> <span class='ocrx_word' id='word_1_791' title='bbox 769 4973 1011 5045; x_wconf 89' lang='grc' dir='ltr'>τιμωρία</span> <span class='ocrx_word' id='word_1_792' title='bbox 1033 4973 1124 5028; x_wconf 81' lang='grc' dir='ltr'>διὰ</span> <span class='ocrx_word' id='word_1_793' title='bbox 1155 4973 1216 5028; x_wconf 81' lang='lat'><strong>16</strong></span> <span class='ocrx_word' id='word_1_794' title='bbox 1241 4975 1443 5047; x_wconf 82' lang='grc' dir='ltr'>πολλὴν</span> <span class='ocrx_word' id='word_1_795' title='bbox 1469 4979 1726 5046; x_wconf 80' lang='grc' dir='ltr'>γενέσθαι</span> <span class='ocrx_word' id='word_1_796' title='bbox 1751 4983 1897 5052; x_wconf 72' lang='grc' dir='ltr'>χύσιι</span> 
     </span>
    </p>
   </div>
   <div class='ocr_carea' id='block_1_105' title="bbox 2001 4973 3610 5058">
    <p class='ocr_par' dir='ltr' id='par_1_105' title="bbox 2021 4986 3610 5058">
     <span class='ocr_line' id='line_1_106' title="bbox 2021 4986 3610 5058; baseline -0.001 -17"><span class='ocrx_word' id='word_1_797' title='bbox 2021 4987 2292 5042; x_wconf 80' lang='lat' dir='ltr'><strong>fusionem</strong></span> <span class='ocrx_word' id='word_1_798' title='bbox 2319 4986 2542 5042; x_wconf 89' lang='lat' dir='ltr'><strong>illatam.</strong></span> <span class='ocrx_word' id='word_1_799' title='bbox 2577 4987 2833 5042; x_wconf 79' lang='lat' dir='ltr'><strong>Lameclii</strong></span> <span class='ocrx_word' id='word_1_800' title='bbox 2865 5002 3029 5058; x_wconf 89' lang='lat' dir='ltr'><strong>porro</strong></span> <span class='ocrx_word' id='word_1_801' title='bbox 3059 4986 3318 5042; x_wconf 90' lang='lat' dir='ltr'><strong>delictum</strong></span> <span class='ocrx_word' id='word_1_802' title='bbox 3353 4987 3420 5042; x_wconf 91' lang='lat' dir='ltr'><strong>ad</strong></span> <span class='ocrx_word' id='word_1_803' title='bbox 3451 5003 3610 5042; x_wconf 79' lang='lat' dir='ltr'><strong>cura-</strong></span> 
     </span>
    </p>
   </div>
   <div class='ocr_carea' id='block_1_106' title="bbox 316 5065 1897 5151">
    <p class='ocr_par' dir='ltr' id='par_1_106' title="bbox 316 5065 1897 5144">
     <span class='ocr_line' id='line_1_107' title="bbox 316 5065 1897 5144; baseline 0.008 -27"><span class='ocrx_word' id='word_1_804' title='bbox 316 5065 420 5136; x_wconf 83' lang='grc' dir='ltr'>τῆς</span> <span class='ocrx_word' id='word_1_805' title='bbox 449 5065 752 5136; x_wconf 69' lang='grc' dir='ltr'>ἁμαρτίας.</span> <span class='ocrx_word' id='word_1_806' title='bbox 775 5065 850 5120; x_wconf 85' lang='grc' dir='ltr'>Τὺ</span> <span class='ocrx_word' id='word_1_807' title='bbox 897 5066 955 5121; x_wconf 86' lang='grc' dir='ltr'>δὲ</span> <span class='ocrx_word' id='word_1_808' title='bbox 986 5067 1294 5139; x_wconf 81' lang='grc' dir='ltr'>ἁμάρτημα</span> <span class='ocrx_word' id='word_1_809' title='bbox 1315 5067 1413 5123; x_wconf 83' lang='grc' dir='ltr'>τοῦ</span> <span class='ocrx_word' id='word_1_810' title='bbox 1443 5071 1637 5144; x_wconf 85' lang='grc' dir='ltr'>Λάμεχ</span> <span class='ocrx_word' id='word_1_811' title='bbox 1657 5074 1716 5127; x_wconf 88' lang='grc' dir='ltr'><strong>ού</strong></span> <span class='ocrx_word' id='word_1_812' title='bbox 1742 5091 1897 5130; x_wconf 86' lang='grc' dir='ltr'>κατα-</span> 
     </span>
    </p>
   </div>
   <div class='ocr_carea' id='block_1_107' title="bbox 2001 5065 3604 5151">
    <p class='ocr_par' dir='ltr' id='par_1_107' title="bbox 2025 5077 3604 5151">
     <span class='ocr_line' id='line_1_108' title="bbox 2025 5077 3604 5151; baseline 0 -17"><span class='ocrx_word' id='word_1_813' title='bbox 2025 5079 2227 5135; x_wconf 90' lang='lat' dir='ltr'><strong>tionem</strong></span> <span class='ocrx_word' id='word_1_814' title='bbox 2259 5079 2590 5151; x_wconf 85' lang='lat' dir='ltr'><strong>cataclysmo</strong></span> <span class='ocrx_word' id='word_1_815' title='bbox 2625 5095 2730 5134; x_wconf 89' lang='lat' dir='ltr'><strong>non</strong></span> <span class='ocrx_word' id='word_1_816' title='bbox 2770 5078 3068 5150; x_wconf 88' lang='lat' dir='ltr'><strong>indigebat,</strong></span> <span class='ocrx_word' id='word_1_817' title='bbox 3104 5079 3198 5134; x_wconf 89' lang='lat' dir='ltr'><strong>scd</strong></span> <span class='ocrx_word' id='word_1_818' title='bbox 3230 5078 3320 5133; x_wconf 84' lang='lat' dir='ltr'><strong>illo</strong></span> <span class='ocrx_word' id='word_1_819' title='bbox 3360 5077 3478 5148; x_wconf 88' lang='lat' dir='ltr'><strong>ipso</strong></span> <span class='ocrx_word' id='word_1_820' title='bbox 3513 5080 3604 5150; x_wconf 85' lang='lat' dir='ltr'><strong>qui</strong></span> 
     </span>
    </p>
   </div>
   <div class='ocr_carea' id='block_1_108' title="bbox 318 5156 1897 5242">
    <p class='ocr_par' dir='ltr' id='par_1_108' title="bbox 318 5156 1897 5233">
     <span class='ocr_line' id='line_1_109' title="bbox 318 5156 1897 5233; baseline 0.009 -23"><span class='ocrx_word' id='word_1_821' title='bbox 318 5156 574 5227; x_wconf 84' lang='grc' dir='ltr'>κλυσμοῦ</span> <span class='ocrx_word' id='word_1_822' title='bbox 613 5157 788 5213; x_wconf 88' lang='grc' dir='ltr'>δεῖται</span> <span class='ocrx_word' id='word_1_823' title='bbox 809 5158 947 5233; x_wconf 81' lang='grc' dir='ltr'>πρὸς</span> <span class='ocrx_word' id='word_1_824' title='bbox 977 5158 1296 5232; x_wconf 86' lang='grc' dir='ltr'>θεραπείαν,</span> <span class='ocrx_word' id='word_1_825' title='bbox 1323 5160 1625 5218; x_wconf 82' lang='grc' dir='ltr'>ἁλλάὐτοῦ</span> <span class='ocrx_word' id='word_1_826' title='bbox 1680 5166 1776 5220; x_wconf 80' lang='grc' dir='ltr'>τοῦ</span> <span class='ocrx_word' id='word_1_827' title='bbox 1831 5170 1897 5224; x_wconf 68' lang='grc' dir='ltr'>αι</span> 
     </span>
    </p>
   </div>
   <div class='ocr_carea' id='block_1_109' title="bbox 2001 5156 2711 5242">
    <p class='ocr_par' dir='ltr' id='par_1_109' title="bbox 2021 5171 2711 5242">
     <span class='ocr_line' id='line_1_110' title="bbox 2021 5171 2711 5242; baseline -0.004 -15"><span class='ocrx_word' id='word_1_828' title='bbox 2021 5171 2160 5227; x_wconf 83' lang='lat' dir='ltr'><strong>t&#39;ollit</strong></span> <span class='ocrx_word' id='word_1_829' title='bbox 2187 5181 2410 5242; x_wconf 85' lang='lat' dir='ltr'><strong>peccata</strong></span> <span class='ocrx_word' id='word_1_830' title='bbox 2443 5172 2652 5230; x_wconf 92' lang='lat' dir='ltr'><strong>mundi.</strong></span> <span class='ocrx_word' id='word_1_831' title='bbox 2693 5192 2711 5224; x_wconf 73' lang='grc' dir='ltr'><strong>ι</strong></span> 
     </span>
    </p>
   </div>
   <div class='ocr_carea' id='block_1_110' title="bbox 251 5248 1374 5325">
    <p class='ocr_par' dir='ltr' id='par_1_110' title="bbox 251 5248 1374 5325">
     <span class='ocr_line' id='line_1_111' title="bbox 251 5248 1374 5325; baseline 0.004 -22"><span class='ocrx_word' id='word_1_832' title='bbox 251 5291 255 5294; x_wconf 87' lang='grc'><strong>.</strong></span> <span class='ocrx_word' id='word_1_833' title='bbox 323 5266 510 5323; x_wconf 60' lang='lat' dir='ltr'><strong>pano;</strong></span> <span class='ocrx_word' id='word_1_834' title='bbox 542 5250 640 5323; x_wconf 76' lang='grc' dir='ltr'>τὴν</span> <span class='ocrx_word' id='word_1_835' title='bbox 671 5248 946 5324; x_wconf 75' lang='grc' dir='ltr'>ἁμαρτίαν</span> <span class='ocrx_word' id='word_1_836' title='bbox 977 5253 1072 5308; x_wconf 80' lang='grc' dir='ltr'>τοῦ</span> <span class='ocrx_word' id='word_1_837' title='bbox 1098 5253 1324 5325; x_wconf 86' lang='grc' dir='ltr'>κόσμου.</span> <span class='ocrx_word' id='word_1_838' title='bbox 1355 5273 1374 5308; x_wconf 83' lang='grc' dir='ltr'><strong>ι</strong></span> 
     </span>
    </p>
   </div>
   <div class='ocr_carea' id='block_1_111' title="bbox 1633 5421 2305 5483">
    <p class='ocr_par' dir='ltr' id='par_1_111' title="bbox 1633 5421 2305 5483">
     <span class='ocr_line' id='line_1_112' title="bbox 1633 5421 2305 5483; baseline 0.001 -4"><span class='ocrx_word' id='word_1_839' title='bbox 1633 5421 1872 5480; x_wconf 65' lang='lat' dir='ltr'><strong>VARIIE</strong></span> <span class='ocrx_word' id='word_1_840' title='bbox 1902 5425 2305 5483; x_wconf 70' lang='lat' dir='ltr'><strong>LECTiONES.</strong></span> 
     </span>
    </p>
   </div>
   <div class='ocr_carea' id='block_1_112' title="bbox 325 5502 3605 5628">
    <p class='ocr_par' dir='ltr' id='par_1_112' title="bbox 325 5502 3605 5628">
     <span class='ocr_line' id='line_1_113' title="bbox 325 5502 3605 5628; baseline -0.002 -51"><span class='ocrx_word' id='word_1_841' title='bbox 325 5575 372 5607; x_wconf 49' lang='grc' dir='ltr'><strong>ι.</strong></span> <span class='ocrx_word' id='word_1_842' title='bbox 395 5503 442 5588; x_wconf 56' lang='grc' dir='ltr'><strong>ξι</strong></span> <span class='ocrx_word' id='word_1_843' title='bbox 471 5502 572 5587; x_wconf 58' lang='lat' dir='ltr'><strong>ﬁ&#39;l&quot;,</strong></span> <span class='ocrx_word' id='word_1_844' title='bbox 603 5519 711 5560; x_wconf 77' lang='lat' dir='ltr'><strong>Om-</strong></span> <span class='ocrx_word' id='word_1_845' title='bbox 745 5505 805 5560; x_wconf 77' lang='grc' dir='ltr'><strong>Ρ·</strong></span> <span class='ocrx_word' id='word_1_846' title='bbox 883 5504 1182 5628; x_wconf 69' lang='grc' dir='ltr'>⁵²6ραδίως;</span> <span class='ocrx_word' id='word_1_847' title='bbox 1213 5509 1387 5574; x_wconf 76' lang='grc' dir='ltr'>ἀδεῶς</span> <span class='ocrx_word' id='word_1_848' title='bbox 1415 5513 1476 5568; x_wconf 91' lang='grc' dir='ltr'>Ρ.</span> <span class='ocrx_word' id='word_1_849' title='bbox 1553 5514 1600 5548; x_wconf 71' lang='lat'>”</span> <span class='ocrx_word' id='word_1_850' title='bbox 1630 5517 1956 5584; x_wconf 84' lang='grc' dir='ltr'>ἀναγκαίοις</span> <span class='ocrx_word' id='word_1_851' title='bbox 2003 5519 2062 5577; x_wconf 79' lang='grc' dir='ltr'>Ρ.</span> <span class='ocrx_word' id='word_1_852' title='bbox 2111 5521 2379 5586; x_wconf 82' lang='grc' dir='ltr'>ἀνάγκαις</span> <span class='ocrx_word' id='word_1_853' title='bbox 2433 5521 2498 5575; x_wconf 76' lang='grc' dir='ltr'>Π.</span> <span class='ocrx_word' id='word_1_854' title='bbox 2577 5519 2622 5552; x_wconf 67' lang='grc'><strong>’⁸⁵</strong></span> <span class='ocrx_word' id='word_1_855' title='bbox 2655 5521 2815 5586; x_wconf 73' lang='grc' dir='ltr'>αύτδς</span> <span class='ocrx_word' id='word_1_856' title='bbox 2843 5536 2955 5576; x_wconf 91' lang='lat' dir='ltr'><strong>om.</strong></span> <span class='ocrx_word' id='word_1_857' title='bbox 3001 5517 3064 5574; x_wconf 78' lang='grc' dir='ltr'>Ρ.</span> <span class='ocrx_word' id='word_1_858' title='bbox 3108 5574 3112 5578; x_wconf 76' lang='grc'><strong>,</strong></span> <span class='ocrx_word' id='word_1_859' title='bbox 3170 5521 3213 5552; x_wconf 67' lang='grc'><strong>⁸⁵</strong></span> <span class='ocrx_word' id='word_1_860' title='bbox 3239 5518 3508 5590; x_wconf 61' lang='lat' dir='ltr'><strong>exeam;</strong></span> <span class='ocrx_word' id='word_1_861' title='bbox 3540 5517 3605 5574; x_wconf 84' lang='lat' dir='ltr'><strong>V.</strong></span> 
     </span>
     <span class='ocr_line' id='line_1_114' title="bbox 401 5563 3605 5628; baseline 0 -1"><span class='ocrx_word' id='word_1_862' title='bbox 401 5574 640 5628; x_wconf 73' lang='grc' dir='ltr'>εκϐἐίιλτι</span> <span class='ocrx_word' id='word_1_863' title='bbox 676 5593 742 5628; x_wconf 80' lang='grc' dir='ltr'><strong>με</strong></span> <span class='ocrx_word' id='word_1_864' title='bbox 770 5577 836 5628; x_wconf 73' lang='grc' dir='ltr'><strong>ν.</strong></span> <span class='ocrx_word' id='word_1_865' title='bbox 866 5577 932 5628; x_wconf 75' lang='grc' dir='ltr'>ὲκ</span> <span class='ocrx_word' id='word_1_866' title='bbox 972 5563 1208 5628; x_wconf 55' lang='lat' dir='ltr'><strong>esum:</strong></span> <span class='ocrx_word' id='word_1_867' title='bbox 1243 5597 1310 5628; x_wconf 77' lang='grc' dir='ltr'><strong>ιιε</strong></span> <span class='ocrx_word' id='word_1_868' title='bbox 1345 5581 1403 5628; x_wconf 82' lang='lat' dir='ltr'><strong>P-</strong></span> <span class='ocrx_word' id='word_1_869' title='bbox 1439 5586 1455 5602; x_wconf 88' lang='lat'>&#39;</span> <span class='ocrx_word' id='word_1_870' title='bbox 1479 5588 1524 5619; x_wconf 69' lang='grc' dir='ltr'>ιτ</span> <span class='ocrx_word' id='word_1_871' title='bbox 1556 5586 1628 5628; x_wconf 60' lang='lat' dir='ltr'><strong>mh</strong></span> <span class='ocrx_word' id='word_1_872' title='bbox 1656 5589 1711 5628; x_wconf 62' lang='lat' dir='ltr'><strong>na</strong></span> <span class='ocrx_word' id='word_1_873' title='bbox 1746 5587 1784 5628; x_wconf 87' lang='lat' dir='ltr'><strong>v</strong></span> <span class='ocrx_word' id='word_1_874' title='bbox 1841 5588 1896 5628; x_wconf 65' lang='grc' dir='ltr'><strong>δι</strong></span> <span class='ocrx_word' id='word_1_875' title='bbox 1933 5591 2004 5628; x_wconf 65' lang='lat' dir='ltr'><strong>ut.</strong></span> <span class='ocrx_word' id='word_1_876' title='bbox 2035 5589 2072 5628; x_wconf 87' lang='lat' dir='ltr'><strong>D</strong></span> <span class='ocrx_word' id='word_1_877' title='bbox 2198 5591 2245 5622; x_wconf 62' lang='lat' dir='ltr'><strong>ts</strong></span> <span class='ocrx_word' id='word_1_878' title='bbox 2276 5593 2404 5628; x_wconf 53' lang='lat' dir='ltr'><strong>rem</strong></span> <span class='ocrx_word' id='word_1_879' title='bbox 2443 5607 2532 5628; x_wconf 84' lang='lat' dir='ltr'><strong>nm</strong></span> <span class='ocrx_word' id='word_1_880' title='bbox 2587 5591 2626 5628; x_wconf 63' lang='grc' dir='ltr'>ιτ</span> <span class='ocrx_word' id='word_1_881' title='bbox 2751 5593 2795 5625; x_wconf 68' lang='lat' dir='ltr'><strong>to</strong></span> <span class='ocrx_word' id='word_1_882' title='bbox 2823 5592 2900 5628; x_wconf 66' lang='grc' dir='ltr'>...τι</span> <span class='ocrx_word' id='word_1_883' title='bbox 2952 5590 3014 5628; x_wconf 62' lang='grc' dir='ltr'><strong>,ιλ</strong></span> <span class='ocrx_word' id='word_1_884' title='bbox 3043 5588 3120 5628; x_wconf 71' lang='grc' dir='ltr'><strong>Ιηι</strong></span> <span class='ocrx_word' id='word_1_885' title='bbox 3251 5593 3296 5622; x_wconf 75' lang='grc' dir='ltr'><strong>ιο</strong></span> <span class='ocrx_word' id='word_1_886' title='bbox 3325 5589 3605 5628; x_wconf 52' lang='lat' dir='ltr'><strong>imum-.1.</strong></span> 
     </span>
    </p>
   </div>
   <div class='ocr_carea' id='block_1_113' title="bbox 401 5563 3608 5679">
    <p class='ocr_par' dir='ltr' id='par_1_113' title="bbox 401 5563 3608 5679">
     <span class='ocr_line' id='line_1_115' title="bbox 401 5563 3608 5679; baseline 0 0"><span class='ocrx_word' id='word_1_887' title='bbox 401 5563 651 5679; x_wconf 62' lang='grc' dir='ltr'><strong>Ξκξέδλὲι</strong></span> <span class='ocrx_word' id='word_1_888' title='bbox 675 5577 836 5679; x_wconf 54' lang='lat' dir='ltr'><strong>sil}</strong></span> <span class='ocrx_word' id='word_1_889' title='bbox 866 5563 1524 5679; x_wconf 47' lang='lat' dir='ltr'><strong>“Eéﬁi‘ﬂriisif‘i:</strong></span> <span class='ocrx_word' id='word_1_890' title='bbox 1554 5563 1732 5679; x_wconf 52' lang='grc' dir='ltr'><strong>μὲέξ</strong></span> <span class='ocrx_word' id='word_1_891' title='bbox 1746 5563 2018 5679; x_wconf 58' lang='grc' dir='ltr'><strong>νῖἐὲἶλθί</strong></span> <span class='ocrx_word' id='word_1_892' title='bbox 2035 5563 2094 5644; x_wconf 57' lang='grc' dir='ltr'>ιδ-</span> <span class='ocrx_word' id='word_1_893' title='bbox 2112 5563 2408 5679; x_wconf 36' lang='lat' dir='ltr'>“Tage</span> <span class='ocrx_word' id='word_1_894' title='bbox 3043 5563 3120 5642; x_wconf 57' lang='grc' dir='ltr'><strong>ὗν</strong></span> <span class='ocrx_word' id='word_1_895' title='bbox 3137 5563 3608 5679; x_wconf 57' lang='grc' dir='ltr'><strong>-....ῖῖ’)Ξῆὶέδμέ⁵</strong></span> 
     </span>
    </p>
   </div>
   <div class='ocr_carea' id='block_1_114' title="bbox 324 5643 3610 5783">
    <p class='ocr_par' dir='ltr' id='par_1_114' title="bbox 324 5643 3610 5783">
     <span class='ocr_line' id='line_1_116' title="bbox 324 5643 3610 5734; baseline 0.005 -38"><span class='ocrx_word' id='word_1_896' title='bbox 324 5663 431 5700; x_wconf 80' lang='grc' dir='ltr'><strong>νων</strong></span> <span class='ocrx_word' id='word_1_897' title='bbox 471 5643 529 5698; x_wconf 82' lang='grc' dir='ltr'>Ρ.</span> <span class='ocrx_word' id='word_1_898' title='bbox 606 5643 651 5678; x_wconf 49' lang='grc'><strong>⁶⁷¹</strong></span> <span class='ocrx_word' id='word_1_899' title='bbox 675 5643 761 5732; x_wconf 62' lang='grc' dir='ltr'>ὅτε</span> <span class='ocrx_word' id='word_1_900' title='bbox 787 5647 848 5703; x_wconf 88' lang='lat' dir='ltr'><strong>P.</strong></span> <span class='ocrx_word' id='word_1_901' title='bbox 923 5648 970 5679; x_wconf 81' lang='lat'><strong>&quot;</strong></span> <span class='ocrx_word' id='word_1_902' title='bbox 1002 5643 1378 5706; x_wconf 77' lang='grc' dir='ltr'>νεανιανίσκον</span> <span class='ocrx_word' id='word_1_903' title='bbox 1409 5656 1472 5712; x_wconf 89' lang='lat' dir='ltr'><strong>V.</strong></span> <span class='ocrx_word' id='word_1_904' title='bbox 1554 5643 1630 5691; x_wconf 61' lang='grc'><strong>’⁵⁵</strong></span> <span class='ocrx_word' id='word_1_905' title='bbox 1660 5660 1749 5712; x_wconf 79' lang='grc' dir='ltr'>τὸν</span> <span class='ocrx_word' id='word_1_906' title='bbox 1777 5643 1944 5731; x_wconf 61' lang='grc' dir='ltr'>ἄνδρά</span> <span class='ocrx_word' id='word_1_907' title='bbox 1977 5643 2042 5702; x_wconf 57' lang='grc' dir='ltr'><strong>ζ-</strong></span> <span class='ocrx_word' id='word_1_908' title='bbox 2067 5643 2348 5714; x_wconf 67' lang='grc' dir='ltr'>νεανίσκον</span> <span class='ocrx_word' id='word_1_909' title='bbox 2383 5643 2604 5718; x_wconf 31' lang='lat' dir='ltr'><strong>onirl’.</strong></span> <span class='ocrx_word' id='word_1_910' title='bbox 2634 5643 2645 5646; x_wconf 37' lang='lat'>_</span> <span class='ocrx_word' id='word_1_911' title='bbox 2692 5663 2734 5696; x_wconf 72' lang='lat'>“</span> <span class='ocrx_word' id='word_1_912' title='bbox 2769 5643 2950 5720; x_wconf 53' lang='lat' dir='ltr'><strong>Min</strong></span> <span class='ocrx_word' id='word_1_913' title='bbox 2969 5678 3125 5714; x_wconf 74' lang='grc' dir='ltr'>κοντα</span> <span class='ocrx_word' id='word_1_914' title='bbox 3152 5659 3256 5715; x_wconf 65' lang='grc' dir='ltr'>ι’ν.</span> <span class='ocrx_word' id='word_1_915' title='bbox 3351 5643 3610 5734; x_wconf 58' lang='grc' dir='ltr'>’δ’ὥσπερ</span> 
     </span>
     <span class='ocr_line' id='line_1_117' title="bbox 325 5711 3306 5783; baseline 0.006 -12"><span class='ocrx_word' id='word_1_916' title='bbox 325 5732 437 5772; x_wconf 82' lang='lat' dir='ltr'><strong>om.</strong></span> <span class='ocrx_word' id='word_1_917' title='bbox 471 5715 530 5769; x_wconf 82' lang='grc' dir='ltr'>Ρ.</span> <span class='ocrx_word' id='word_1_918' title='bbox 609 5716 658 5748; x_wconf 78' lang='grc'><strong>⁸⁸</strong></span> <span class='ocrx_word' id='word_1_919' title='bbox 681 5734 852 5783; x_wconf 79' lang='grc' dir='ltr'>ουτως</span> <span class='ocrx_word' id='word_1_920' title='bbox 878 5716 1019 5770; x_wconf 78' lang='grc' dir='ltr'>οὐδὲ.</span> <span class='ocrx_word' id='word_1_921' title='bbox 1045 5713 1201 5783; x_wconf 68' lang='grc' dir='ltr'>οὗτος</span> <span class='ocrx_word' id='word_1_922' title='bbox 1231 5722 1285 5774; x_wconf 77' lang='grc' dir='ltr'>δὲ</span> <span class='ocrx_word' id='word_1_923' title='bbox 1321 5723 1377 5777; x_wconf 80' lang='lat' dir='ltr'><strong>l’.</strong></span> <span class='ocrx_word' id='word_1_924' title='bbox 2948 5711 2958 5733; x_wconf 58' lang='grc'><strong><em>⁸</em></strong></span> <span class='ocrx_word' id='word_1_925' title='bbox 3299 5732 3306 5738; x_wconf 73' lang='grc'><strong>’</strong></span> 
     </span>
    </p>
   </div>
   <div class='ocr_carea' id='block_1_115' title="bbox 535 5806 3291 5894">
    <p class='ocr_par' dir='ltr' id='par_1_115' title="bbox 535 5806 3291 5894">
     <span class='ocr_line' id='line_1_118' title="bbox 535 5806 3291 5894; baseline 0.005 -27"><span class='ocrx_word' id='word_1_926' title='bbox 535 5806 808 5867; x_wconf 67' lang='lat' dir='ltr'><strong>Damon.</strong></span> <span class='ocrx_word' id='word_1_927' title='bbox 863 5808 979 5867; x_wconf 89' lang='lat' dir='ltr'><strong>Gu.</strong></span> <span class='ocrx_word' id='word_1_928' title='bbox 1017 5809 1194 5870; x_wconf 69' lang='lat' dir='ltr'><strong>XCII.</strong></span> <span class='ocrx_word' id='word_1_929' title='bbox 2199 5885 2222 5894; x_wconf 86' lang='lat'>_</span> <span class='ocrx_word' id='word_1_930' title='bbox 3224 5821 3291 5881; x_wconf 83' lang='lat' dir='ltr'><strong>l9</strong></span> 
     </span>
    </p>
   </div>
  </div>
