4078 6454
350 385 460 451 637

346 579 803 650 καταδεχόμενοι.
839 580 897 634 '0
925 578 1107 649 μέντοι
1140 596 1202 646 γε
1235 579 1496 651 πρότερος
1530 581 1708 634 αὐτῶν
1733 583 1930 634 Τατια-

346 673 442 738 νδς
481 673 782 741 συνάφειάν
811 689 933 726 τινα
965 671 1063 726 καὶ
1114 672 1434 744 συναγωγὴν
1483 673 1582 726 οὐκ
1621 669 1740 728 οἶδα
1785 675 1932 738 ὅπως

347 763 461 817 τῶν
489 761 840 829 Εὑαγγελίων
871 761 1240 831 ποιησάμενος
1267 761 1328 814 τὸ
1350 761 1437 814 διὰ
1466 761 1747 830 τεσσάρων
1777 760 1935 814 τοῦτο

346 852 808 925 προσωνόμασεν,
837 850 867 904 6
889 851 1041 922 παρά
1068 869 1209 905 τισιν
1231 854 1310 916 εἰς
1337 852 1414 905 ἔτι
1443 852 1538 906 καὶ
1561 851 1654 906 νῦν
1683 852 1930 923 φέρεται.

349 944 460 999 Τοῦ
490 946 549 1000 δὲ
576 945 880 999 ἀποστόλου
909 947 1074 1015 φασὶν
1111 945 1272 998 αὑτὸν
1311 944 1536 1015 θελῆσαί
1575 962 1725 1008 τινας
1754 943 1935 998 αὑτῶν

352 1033 705 1105 μεταφράσαι
752 1031 1061 1100 φωνὰς,ὡς
1091 1030 1568 1102 ὲπιδιορθούμενον
1615 1031 1778 1086 αὑτὸν
1835 1030 1935 1101 τὴν

349 1124 454 1192 τῆς
481 1122 739 1194 φράσεως
776 1120 820 1155 ⁸⁸
847 1121 923 1192 (7)
949 1119 1220 1183 σύνταξιν.
1251 1121 1656 1174 Καταλέλοιπεν
1684 1120 1742 1173 δὲ
1773 1111 1936 1184 οὗτος

356 1214 497 1268 πολύ
539 1231 592 1266 τι
641 1211 847 1282 πλῆθος
890 1213 1355 1283 συγγραμμάτων,
1388 1205 1463 1266 ὧν
1497 1211 1734 1280 μάλιστα
1785 1211 1937 1282 παρὰ

367 1303 582 1365 πολλοῖς
613 1301 1009 1372 μνημονεύεται
1041 1302 1322 1370 διαϐόητος
1371 1303 1534 1355 αὑτοῦ
1569 1302 1726 1370 λόγος
1747 1305 1775 1355 6
1803 1303 1939 1373 πρὸς

364 1395 628 1464 Ἕλληνας
657 1394 756 1464 (8),
792 1395 850 1446 ὲν
877 1387 921 1462 ᾧ
951 1395 1044 1446 καὶ
1069 1393 1175 1446 τῶν
1200 1393 1459 1447 ἀνέκαθεν
1485 1393 1691 1462 χρόνων
1726 1409 1934 1462 μνημο-

355 1487 556 1548 νεύσας
627 1484 735 1536 τῶν
793 1483 925 1552 παρ’
973 1483 1232 1553 Ἕλλησιν
1310 1484 1614 1553 εὐδοκέμων
1683 1484 1940 1536 ἁπάντων

356 1575 565 1628 Μωσέα
616 1592 676 1630 τε
721 1575 817 1630 καί
865 1577 989 1637 τοὺς
1033 1573 1302 1645 Ἐϐραίων
1351 1574 1634 1644 προφήτας
1692 1573 1940 1644 ἀπέφηνε

354 1667 854 1738 προγενεστέρους,
909 1665 966 1728 ὃς
1019 1665 1083 1735 δὴ
1133 1665 1225 1719 καὶ
1285 1666 1432 1718 δοκεῖ
1489 1665 1596 1718 τῶν
1653 1681 1943 1736 συγγραμ-

355 1759 547 1827 μάτων
579 1757 744 1810 αὑτοῦ
785 1756 1003 1810 πάντων
1037 1757 1271 1810 καλλίων
1302 1773 1360 1810 τε
1393 1758 1486 1811 καὶ
1510 1757 1938 1830 ὠφελιμώτατος

352 1848 651 1920 ὑπάρχειν.

441 2205 562 2260 Ἰνδ.
596 2204 684 2276 ιβ’.
717 2212 798 2262 ιε’.
825 2205 918 2259 ὑπ.
952 2204 1156 2258 Γάλλου
1187 2203 1278 2257 καὶ
1309 2203 1557 2258 Φλάκκου
1590 2204 1653 2260 ’⁸.

441 2299 558 2352 Ἰιδ.
610 2305 698 2366 ιγ’.
754 2303 848 2364 ις’.
887 2298 983 2351 ὑπ.
1035 2295 1286 2366 Ὀρφίτου
1339 2296 1399 2350 τὺ
1447 2297 1494 2328 ¹⁰
1537 2302 1586 2365 γ’
1629 2296 1724 2350 καὶ
1786 2297 1942 2350 Ῥού-

353 2405 464 2458 φου
496 2389 600 2460 (9).

429 2481 687 2544 Ποθεινὸς
720 2479 832 2550 (lli)
864 2481 892 2532 6
921 2479 1022 2548 τῆς
1043 2478 1342 2548 Λογδούνου
1370 2481 1412 2512 ¹¹
1446 2479 1766 2542 ἐπίσκοπος,
1797 2479 1938 2550 ὑπὲρ

351 2573 429 2626 τά
461 2577 511 2640 l"
546 2574 639 2642 ἐτη
671 2572 772 2640 τῆς
815 2571 1030 2641 ἡλικίας
1053 2571 1363 2640 γενόμενος,
1397 2570 1694 2641 συρόμενος
1745 2570 1842 2622 ἐπὶ
1874 2571 1937 2623 τὸ

354 2663 518 2733 βῆμα
537 2666 631 2716 καὶ
655 2661 825 2714 πολλὰ
859 2661 1048 2714 παθὼν
1072 2662 1350 2731 ἀνήκεστα
1386 2659 1463 2731 τῷ
1495 2660 1590 2715 τοῦ
1624 2660 1928 2732 μαρτυρίου

352 2755 544 2825 δρόμῳ
575 2753 886 2823 ἐτελειώθη.

449 2847 610 2900 Ἀλλά
643 2847 740 2900 καὶ
766 2845 1028 2908 Ἄτταλος
1047 2847 1093 2878 ’⁸
1122 2845 1231 2915 (li)
1270 2843 1508 2914 τοῦνομα
1539 2843 1710 2897 πολλά
1756 2843 1936 2915 πολλῷ

352 2940 437 3011 τῷ
458 2939 636 3008 χρόνῳ
659 2935 962 3000 πεπονθὼς,
996 2939 1054 2991 ὲν
1086 2938 1272 3007 εἱρκτῇ
1293 2937 1573 3006 τυγχάνων
1599 2934 1750 2998 θείας
1771 2935 1937 2988 όπτα-

357 3032 481 3094 σίας
520 3032 576 3083 ὲν
621 3030 776 3082 νυκτὶ
824 3028 1094 3093 ἀξιοῦται.
1142 3028 1480 3082 Ἀλκιϐιάδου
1512 3027 1620 3098 γάρ
1665 3044 1808 3090 τινος
1829 3025 1937 3080 τῶν

362 3125 419 3178 ιν
459 3123 652 3192 εἱρκτῇ
682 3119 1062 3191 τυγχανόντων
1096 3119 1488 3190 κατεχομένου,
1525 3119 1666 3172 πάνυ
1717 3118 1934 3188 αὐχμη-

1537 382 1971 445 CHRONICON
2020 384 2417 446 PASCHALE.

1961 497 2196 556 AA.C.

2031 589 2278 657 epistolis
2297 628 2312 652 ,
2331 585 2549 657 rejectis
2568 585 2732 642 etiam
2755 585 2907 640 Actis
2929 583 3324 654 apostolorum.

2031 679 2128 733 His
2155 694 2286 734 vero
2312 677 2589 748 antiquior
2616 675 2880 731 Tatianus
2899 713 2918 741 ,
2947 675 3135 729 nescio
3160 689 3324 743 quam

2031 769 2446 824 consonantiam
2492 776 2548 823 et
2584 765 2960 822 collectionem
3005 762 3328 834 Evangelio-

2035 877 2153 914 rum
2190 859 2458 924 confecit,
2504 873 2669 928 quam
2703 855 3047 912 Diatessaron
3083 853 3324 923 appella-

2032 951 2140 1016 vit,
2175 965 2298 1019 quae
2326 949 2625 1004 etiamnum
2653 947 2708 1002 in
2749 945 3112 1016 quorumdam
3144 945 3324 1000 mani-

2033 1041 2136 1096 bus
2164 1048 2431 1094 versatur.
2463 1038 2632 1093 Aiunt
2656 1037 2820 1092 etiam
2849 1036 3026 1107 ipsum
3057 1035 3112 1090 in
3143 1035 3328 1090 animo

2033 1131 2286 1186 habuisse
2305 1130 2548 1200 Apostoli
2569 1130 2730 1184 verba
2761 1129 2883 1185 aliis
2915 1137 3126 1182 mutare
3145 1165 3161 1190 ,
3199 1141 3326 1181 cum

2034 1220 2308 1292 geminum
2343 1221 2489 1274 illius
2521 1233 2740 1274 scnsum
2771 1233 2837 1273 ac
2875 1219 3325 1288 compositionem

2035 1311 2199 1366 vellet
2217 1311 2527 1366 emendare.
2545 1307 3018 1364 Circumferuntur
3046 1308 3326 1376 complura

2036 1403 2154 1472 ejus
2185 1403 2386 1472 scripta
2407 1441 2422 1465 ,
2445 1402 2500 1454 in
2525 1401 2724 1470 quibus
2755 1415 2785 1454 a
2815 1399 2997 1454 multis
3025 1399 3324 1468 prtesertim

2036 1495 2450 1550 commendatur
2475 1492 2890 1548 celeberrimum
2927 1491 3056 1545 illud
3083 1490 3226 1561 quod
3258 1490 3324 1545 ad

2037 1584 2254 1642 Graecos
2301 1583 2620 1654 inscripsit:
2664 1582 2719 1636 in
2757 1597 2866 1652 quo
2902 1580 3142 1635 virorum
3182 1580 3326 1651 apud

2037 1676 2256 1730 eosdem
2296 1675 2586 1729 illustrium
2617 1673 2862 1728 omnium
2897 1681 3164 1727 retroacta
3189 1682 3328 1726 tem-

2037 1781 2170 1838 pora
2217 1779 2684 1827 commemorans,
2735 1772 2792 1818 et
2847 1762 3066 1827 Mosen,
3115 1771 3170 1816 et
3218 1763 3326 1830 lle-

1968 1846 2011 1902 Β
2039 1860 2306 1915 braaorum
2324 1859 2616 1928 prophetas
2639 1857 2797 1925 longe
2814 1855 3136 1910 vetustiores
3159 1853 3181 1908 ΐ
3181 1854 3323 1908 uisse

2037 1947 2308 2013 ostendit,
2359 1946 2451 2017 qui
2505 1945 2722 2016 quidem
2774 1944 2915 1998 liber
2958 1958 3023 1998 ex
3075 1942 3328 1996 omnibus

2038 2055 2176 2110 quos
2213 2039 2466 2108 scripsit,
2499 2037 2656 2108 longe
2690 2034 3092 2107 pulcherrimus
3129 2042 3184 2088 et
3215 2033 3326 2086 uti-

2038 2131 2277 2186 lissimus
2308 2129 2560 2183 habetur.

2112 2223 2235 2277 174.
2261 2237 2351 2276 xv.
2381 2220 2497 2274 Ind.
2531 2235 2629 2274 xu.
2677 2217 2832 2274 Gallo
2862 2226 2916 2272 et
2957 2213 3152 2270 Flacco
3179 2231 3322 2270 coss.

2111 2313 2364 2368 {75.xvr.
2385 2309 2499 2364 Ind.
2530 2325 2651 2364 xm.
2685 2307 2915 2380 Orpbito
2943 2319 2998 2362 et
3029 2305 3171 2362 Rufo
3196 2321 3336 2361 coss.

2106 2492 2376 2546 Pothinus
2420 2489 2804 2560 Lugdunensis
2859 2488 3190 2558 episc0pus,
3235 2487 3326 2556 qui

2037 2599 2242 2638 annum
2262 2582 2434 2638 aetatis
2459 2581 2873 2652 nonagesimum
2902 2587 3228 2642 excesserat,
3261 2579 3328 2632 ad

2039 2673 2276 2729 tribunal
2307 2681 2592 2744 raptatus,
2647 2678 2706 2725 et
2757 2670 3078 2724 immensam
3138 2683 3332 2738 passus

2035 2765 2430 2828 crudelitatem,
2447 2762 2686 2834 martyrii
2699 2777 2918 2818 cursum
2937 2758 3350 2815 consummavit.

2108 2855 2217 2912 Sed
2259 2864 2316 2911 et
2359 2855 2580 2927 quidam
2629 2855 2854 2910 nomine
2890 2853 3124 2917 Atalus,
3152 2851 3325 2905 multa

2034 2949 2208 3002 multo
2254 2957 2501 3016 tempore
2545 2962 2773 3018 passus,
2824 2945 2955 3002 dum
3003 2943 3058 2998 in
3098 2943 3331 2998 vinculis

2037 3035 2287 3100 habetur,
2304 3035 2487 3090 divina
2505 3034 2737 3105 quadam
2756 3033 2967 3089 visione
2987 3046 3088 3103 per
3106 3043 3326 3086 noctem

2036 3125 2307 3197 dignatur.
2361 3126 2497 3180 Cum
2547 3125 2694 3180 enim
2727 3124 2950 3194 quidam
2979 3121 3322 3186 Alcibiades,

3502 378 3606 443 638

3320 490 3428 564 [01.
3457 490 3605 568 Iph.)

364 3215 454 3286 ρὺν
485 3213 728 3286 βιοῦντος
761 3213 896 3282 βίον,
928 3213 1024 3266 καὶ
1056 3210 1281 3281 μηδενὸς
1300 3212 1437 3274 ὅλως
1469 3210 1734 3282 πρότερον
1771 3227 1935 3278 μετα-

2038 3216 2128 3286 qui
2157 3231 2280 3270 cum
2309 3217 2377 3271 iis
2404 3217 2498 3287 qui
2524 3217 2579 3270 in
2609 3229 2831 3271 carcere
2860 3221 3053 3284 erant,
3114 3213 3329 3268 detine-

358 3300 732 3372 λαμϐάνοντος
763 3302 946 3372 262,
981 3299 1149 3370 ἀλλ’ἢ
1202 3300 1350 3370 ἄρτῳ
1378 3300 1472 3353 καὶ
1521 3297 1674 3352 ὕδατι
1720 3299 1865 3369 μόνῳ
1889 3298 1935 3332 ’³

2038 3307 2213 3374 batur,
2253 3307 2580 3363 laboriosam
2615 3323 2841 3379 prorsus
2869 3306 3040 3360 vitam
3071 3305 3326 3375 degeret,

355 3393 668 3464 χρωμένου.
704 3391 1046 3462 πειρωμένου
1079 3389 1138 3442 δὲ
1167 3389 1214 3422 ³⁵
1244 3389 1338 3442 καὶ
1371 3390 1429 3441 ὲν
1462 3392 1529 3462 τῇ
1566 3390 1758 3461 εἱρκτῇ
1791 3389 1934 3444 οὑτω

2038 3408 2197 3468 atque
2249 3401 2566 3470 priusquam
2618 3399 2674 3453 in
2723 3397 3032 3454 custodiam
3081 3395 3324 3458 daretur,

355 3485 587 3553 διάγειν,
625 3483 866 3552 Ἀττάλῳ
899 3483 945 3513 ⁸⁵
973 3481 1050 3552 τῷ
1088 3479 1469 3552 προειρημένῳ
1504 3481 1640 3551 μετά
1665 3481 1758 3534 τὸν
1786 3482 1935 3552 πρῷα

2038 3491 2172 3546 nihil
2200 3490 2427 3546 omnino
2454 3499 2651 3561 praeter
2670 3505 2866 3562 panem
2895 3498 2952 3546 et
2979 3504 3174 3558 aquam
3237 3503 3335 3558 guv

355 3595 448 3632 τον
479 3579 686 3647 ἀγῶνα,
716 3577 776 3630 ὃν
803 3579 862 3629 ἐν
889 3576 964 3646 τῷ
1001 3575 1362 3646 ἀμφιθεάτρῳ
1399 3576 1614 3646 ἠνυσεν,
1657 3575 1931 3628 ἀπεκαλύο

2038 3588 2239 3645 staret,
2270 3581 2327 3636 in
2375 3596 2595 3638 carcere
2625 3585 2870 3637 eamdem
2897 3581 3024 3636 vita
3065 3579 3334 3634 rationem

359 3671 469 3740 φθη
502 3671 584 3724 ὃτι
617 3671 679 3723 οὑ
723 3667 904 3730 καλῶς
946 3670 1090 3722 ποιεῖ
1127 3665 1469 3736 Ἀλκιϐιάδης
1528 3665 1602 3735 μὴ
1654 3664 1933 3736 χρώμενοι,

2038 3684 2254 3726 servare
2301 3678 2620 3738 conaretur,
2665 3671 2926 3741 praedicto
2962 3670 3154 3734 Atalo,
3207 3677 3331 3738 post

357 3765 472 3827 τοῖς
497 3762 765 3832 κτίσμασι
793 3760 888 3814 τοῦ
921 3757 1058 3814 Θεοῦ
1097 3759 1193 3812 καὶ
1239 3758 1419 3822 ἄλλοις
1450 3756 1618 3810 τύπον
1647 3757 1935 3810 ὑπολειπό-

2038 3765 2285 3834 exactum
2307 3759 2545 3828 primum
2567 3767 2844 3814 certamen
2863 3797 2880 3822 ,
2902 3773 3010 3827 quo
3033 3757 3087 3811 in
3113 3755 3330 3825 amphi-

361 3871 524 3925 μενος
557 3851 874 3906 σκανδάλου.
911 3851 1159 3914 Πεισθεὶς
1181 3849 1239 3903 δὲ
1271 3851 1300 3903 6
1337 3847 1681 3918 Ἀλκιϐιάδης
1719 3848 1935 3902 πάντων

2039 3850 2254 3904 theatro
2294 3848 2587 3905 defunctus
2613 3848 2824 3913 fuerat,
2855 3849 3119 3904 divinitus
3148 3845 3330 3917 aperi-

358 3943 610 4011 φανερῶς
641 3942 1072 4014 μετελάμϐανεν,
1113 3943 1208 4007 καὶ.
1238 3938 1559 4011 ηὑχαρίστει
1588 3938 1635 3972 ⁸⁸
1667 3939 1744 4010 τῷ
1793 3938 1935 4010 Θεῷν

2039 3947 2149 4004 tur,
2182 3955 2294 3994 non
2323 3949 2472 3996 recte
2498 3939 2678 3996 facere
2723 3939 3060 3994 Alcibiadem
3079 3977 3095 4002 ,
3121 3938 3215 4008 qui
3259 3937 3331 3992 iis

359 4035 457 4088 καὶ
504 4033 729 4098 δικαίως
755 4048 796 4096 ο,
821 4035 886 4088 οὑ
939 4034 1049 4106 γὰρ
1103 4033 1493 4088 ἀνεπίσκεπτοι
1539 4033 1760 4104 χάριτος
1797 4030 1933 4085 Θεοῦ

2039 4033 2328 4104 (ιιιωὯοιιε
2348 4033 2662 4089 condiderat
2687 4048 2798 4088 non
2820 4041 3085 4096 uteretur,
3111 4030 3340 4100 aliisque

357 4119 502 4196 ἦσαν
541 4125 608 4192 "’-,
650 4124 789 4179 ἀλλὰ
825 4127 886 4178 τὸ
924 4125 1148 4197 Πνεῦμα
1194 4123 1258 4176 τὸ
1299 4123 1456 4193 ἆγιον
1504 4119 1574 4195 ἦν
1631 4122 1935 4192 σύμϐουλον

2039 4125 2298 4182 seandalo
2322 4133 2485 4181 esset.
2513 4123 2651 4179 Hine
2677 4138 2968 4194 persuasus
2988 4121 3293 4177 Alcibiades
3310 4161 3328 4184 ,

358 4215 565 4278 αὐτοῖς.
2041 4213 2218 4284 palam
2258 4216 2462 4286 absque
2490 4215 2704 4271 delectu
2737 4213 3044 4285 appositum
3072 4211 3330 4280 deinceps

359 4308 545 4362 cibum
591 4307 858 4377 sumpsit,
906 4306 1122 4377 Deoque
1173 4307 1372 4380 gratias
1400 4307 1508 4381 egit
1541 4325 1554 4360 :
1589 4315 1642 4362 et
1667 4306 1791 4377 jure
1821 4319 1986 4374 sane,
2020 4320 2196 4377 neque
2262 4309 2408 4364 enim
2457 4307 2724 4378 inexperti
2766 4315 2923 4360 erant
2969 4302 3156 4377 gratize
3197 4301 3323 4366 Dei,

358 4399 456 4452 sed
489 4397 724 4468 Spiritus
755 4409 976 4456 sanctus
1008 4401 1077 4456 iis
1107 4400 1162 4454 in
1193 4399 1570 4456 consultorem
1597 4398 1808 4453 aderat.

1654 4571 1984 4632 DUCANGII
2043 4575 2272 4634 NOTAE).

433 4747 508 4818 (7)
531 4748 797 4830 Φύσεως.
821 4747 983 4802 Forte
1004 4747 1279 4830 φράσεως,
1309 4747 1413 4830 nisi
1470 4745 1924 4830 forte‘naturaiis

2038 4749 2135 4830 hoc
2165 4751 2284 4830 loco
2310 4757 2394 4803 est
2416 4748 2780 4830 inser_tus,qui
2809 4749 2866 4830 in
2897 4764 2999 4830 an.
3029 4747 3136 4830 [ϐξ
3149 4746 3313 4802 cadit.
3336 4742 3604 4830 pansum

357 4828 415 4874 et
445 4816 697 4888 genuinus
725 4834 925 4883 sensus,
961 4816 1060 4872 uti
1083 4833 1272 4873 sumus
1318 4819 1678 4887 interpretati,
1727 4818 1929 4872 intelli-
2033 4820 2179 4874 enim
2223 4820 2325 4873 hoc
2361 4835 2505 4873 anno
2550 4816 2768 4873 fuerunt
2801 4819 2923 4873 Piso
2951 4828 3000 4872 et
3025 4818 3292 4888 Julialtus,
3317 4817 3384 4872 de
3405 4816 3605 4884 quibus

357 4886 536 4959 sat'ur-
614 4957 623 4959 _
844 4955 855 4959 _
923 4955 945 4959 __
1273 4955 1316 4959 _
1416 4955 1431 4959 _
1467 4886 1476 4887 ί
1846 4956 1899 4959 __
2031 4889 2379 4959 Lampridius
2411 4889 2466 4943 in
2495 4889 2826 4959 Commodo:
2858 4897 3020 4959 atque
3052 4889 3130 4959 ita
3156 4886 3297 4940 Fasti
3321 4901 3534 4959 omnes.

431 4961 506 5036 (tl)
537 4957 729 5036 ᾼόγος
749 4955 899 5034 πρὸς
921 4955 1498 5036 Ἕλεᾷῃναςκειιεθὶι..
1523 4956 1621 5036 lib.
1652 4970 1804 5036 tv_,_e.
1838 4956 1925 5011 l6.

2038 4955 2214 5036 ___(10)
2248 4959 2713 5036 Ποθςιγόςηνὶρο
2761 4955 3233 5036 Hen_r.‘Val_es_iui_n
3273 4956 3340 5010 ad
3379 4955 3600 5010 Eusebii

357 5025 570 5080 Tatiani
601 5041 740 5094 opus
784 5031 960 5095 primo
981 5026 1184 5095 editum
1214 5025 1282 5081 ab
1322 5025 1531 5081 Joanne
1560 5025 1794 5080 Herolilo
1833 5041 1924 5080 an.
2030 5025 2168 5081 Hist.
2193 5027 2339 5091 εει-1.,
2376 5028 2471 5084 lib.
2502 5046 2534 5082 ν
2565 5030 2620 5082 in
2649 5029 2938 5090 Prommio,
2974 5028 3064 5082 ubi
3093 5029 3159 5081 de
3188 5028 3287 5081 hac
3339 5041 3604 5095 persecu-

356 5095 596 5168 gncv,__in
616 5093 1018 5168 bibliothecam
1051 5093 1270 5168 Patrum
1302 5095 1500 5168 deinde
1529 5096 1782 5168 _relatum
1815 5104 1924 5168 est.
2031 5096 2179 5168 tione
2203 5098 2306 5168 sub
2336 5097 2614 5153 Antonino
2643 5096 2782 5153 Vero
2809 5098 2960 5168 plura
2989 5097 3254 5168 congerit.

359 5167 436 5219 De
463 5164 586 5218 aliis
615 5164 824 5218 'l‘atiani
850 5165 1000 5234 libris
1023 5164 1132 5234 agit
1151 5181 1260 5234 pra:
1283 5164 1495 5219 caeteris
1519 5163 1772 5219 Clemens
1800 5164 1926 5218 Ale-

359 5235 677 5296 xandrinus,
703 5234 798 5287 lib.
830 5249 891 5288 ιιι
920 5232 1116 5288 εινοήι.

431 5305 505 5374 (9)
529 5303 806 5374 ὀρςρίτου
827 5305 926 5356 καὶ
956 5303 1230 5372 Ῥούφου.
1257 5301 1358 5359 Hic
1377 5302 1691 5358 consulatus
1722 5313 1930 5358 temere

2038 5165 2420 5304 agiagi}:
2439 5168 2540 5221 καί
2564 5163 2876 5234 Ἄτταλός.
2907 5168 2981 5221 Ex
3011 5163 3250 5231 Eusebii,
3284 5164 3376 5220 lib.
3396 5180 3427 5220 ν
3457 5163 3596 5220 Hist.

1641 5523 1875 5580 VARle
1913 5523 2321 5583 LECTIONES.

422 5675 464 5708 “'
479 5679 757 5752 ’φράσεως
784 5679 1108 5749 Ducangius,
1142 5682 1354 5752 φάσεως
1386 5681 1450 5747 ν,
1480 5681 1692 5750 φύσεως
1718 5679 1781 5735 Ρ.
1861 5683 1904 5715 "
1923 5683 2133 5738 Φλάκου
2163 5683 2227 5738 ν.
2333 5687 2376 5717 ²⁰
2407 5685 2468 5739 τὸ
2497 5682 2698 5752 om._P.
2788 5685 2830 5716 ³¹
2863 5684 3199 5752 Λουγδούνου
3224 5681 3295 5752 P.
3344 5680 3598 5752 _”‘A::-

356 5746 443 5812 λὶς
477 5745 557 5804 1⁸(
615 5749 661 5780 ³³
690 5749 837 5822 μόνῳ
865 5745 993 5804 οιιι.⁷
1009 5752 1066 5804 Ρ.
1140 5745 1186 5782 εδ
1211 5750 1287 5804 δέ.
1319 5767 1377 5804 τε
1416 5745 1503 5805 Ρ(
1551 5753 1594 5784 ’⁸
1622 5752 1831 5824 Ἀτάλῳ
1855 5753 1914 5806 Γ.
1990 5755 2034 5788 ³⁸
2063 5755 2370 5827 εὐχαρίστει
2399 5754 2458 5809 Ρ.
2537 5755 2582 5786 ⁸⁷
2610 5749 2749 5828 ἦσαν
2796 5745 3016 5824 χάριτος
3051 5753 3142 5806 τοῦ
3175 5751 3310 5806 θεοῦ
3344 5749 3403 5806 ιι.
