4078 6452
476 353 588 417 705

1647 352 2086 415 CHRONICON
2125 353 2532 415 PASCHALE.

3635 361 3745 426 706

479 463 739 518 κεννὰλια
783 464 826 494 ⁸⁸
866 461 1002 518 πάνυ
1037 463 1272 536 φαιδρῶς
1321 464 1414 518 καὶ
1449 465 1764 535 φιλοτίμως,
1809 463 1903 515 καὶ
1953 461 2060 514 τῶν

2169 461 2354 516 Romae
2388 462 2695 517 Viceunalia
2726 463 2854 535 egit,
2883 464 3148 521 artificum
3171 479 3386 535 quoque
3417 480 3480 521 ac
3512 467 3750 523 tributa-

477 554 742 624 ⁶τεχνιτῶν
765 555 808 586 ⁸⁵
843 556 937 608 καὶ
967 555 1335 610 συντελεστῶν
1366 558 1434 610 τὰ
1456 556 1808 625 ἐπιτάγματα
1848 555 2063 624 περιεῖ-

478 646 573 696 λεν
604 642 699 696 τοῦ
733 643 978 697 ἐνιαυτοῦ
1004 645 1102 710 τῆς
1132 644 1303 714 αὐτῆς
1329 643 1790 716 εἰκοσαετηρίδος,
1819 643 1914 696 καὶ
1941 645 2065 705 ταῖς

477 734 712 789 καθόλου
758 735 1102 805 Ἐκκλησίαις
1154 735 1323 790 πολλὰ
1351 735 1684 808 ἐδωρήσατο.

551 829 958 890 Κωνσταντίνος
989 825 1231 898 Νικητὴς
1262 825 1574 896 Αὔγουστος
1595 827 1687 880 τὸν
1714 825 1823 880 τῶν
1857 825 2067 894 Ἁδρια-

475 918 772 973 νοπολιτῶν
793 919 902 987 (91)
925 919 1161 989 πόλεμον
1178 918 1416 990 θραύσας
1433 917 1537 990 πρὸ
1556 923 1595 970 ε’
1622 916 1913 972 Καλανδῶν
1939 917 2068 969 Ἰου·

473 1007 629 1072 λίων,
645 1008 839 1061 καὶτὸν
851 1007 896 1040 ³⁸
907 1007 1282 1078 Καλχηδονίων
1297 1008 1342 1039 ⁸⁷
1357 1007 1466 1078 (92)
1495 1007 1738 1078 πόλεμον
1771 1007 2008 1076 ἡττήσας
2023 1007 2069 1038 ³⁸

477 1099 589 1169 πρὸ
624 1097 684 1151 ιδ’
706 1097 998 1151 Καλανδῶν
1026 1097 1392 1169 Ὀκτωϐρίων,
1417 1097 1662 1168 Κρίσπον
1688 1094 1799 1167 (93)
1824 1095 1912 1153 τὸν
1938 1095 2069 1148 ἴδιον

477 1189 621 1254 υἱὸν,
651 1188 910 1259 Καίσαρα
941 1188 1070 1244 ὄντα
1101 1189 1194 1242 καὶ
1222 1187 1580 1258 διαϐληθέντα
1633 1186 1800 1258 αὐτῷ,
1839 1185 2065 1241 ἀνεῖλεν.

555 1281 644 1352 Τῷ
687 1281 838 1352 αὺτῷ
863 1281 975 1336 ἔτει
1003 1282 1115 1352 (94)
1146 1283 1562 1343 Κωνσταντϊνος
1591 1281 1941 1350 μοναρχήσας
1969 1277 2066 1348 βα-

489 1371 665 1434 σιλεὺς
693 1372 792 1442 τῆς
839 1371 1127 1443 Ῥωμαίων
1160 1371 1336 1442 ἀρχῆς
1367 1371 1550 1441 πάσης
1580 1370 1757 1424 πάντα
1778 1369 1847 1425 τὰ
1871 1369 2068 1422 εἴδωλα

482 1464 758 1536 πανταχοῦ
787 1464 1176 1535 κατέστρεψεν,
1199 1462 1296 1516 καὶ
1325 1461 1502 1516 πάντα
1527 1459 1708 1514 αὐτῶν
1735 1458 1996 1531 ἁφείλατο
2019 1459 2067 1490 ³³

477 1557 552 1610 τὰ
595 1557 877 1626 χρήματα,
907 1555 1002 1610 καὶ
1037 1555 1107 1608 τὰ
1135 1556 1406 1625 κτήματα,
1443 1554 1539 1607 καὶ
1571 1551 1751 1616 πάσας
1781 1550 1942 1622 283
1970 1550 2071 1611 τὰς

492 1646 827 1719 Ἐκκλησίας
877 1645 972 1700 τοῦ
1013 1645 1252 1717 Χριστοῦ
1285 1647 1546 1717 ἐτίμησεν
1575 1642 1669 1698 καὶ
1699 1645 1904 1705 πάντας
1945 1643 2070 1706 τοὺς

474 1735 860 1809 Χριστιανούς.

2172 551 2376 607 riorum
2426 555 2555 608 anni
2601 555 2826 609 istorum
2874 555 3311 611 Vicennaliorum
3359 556 3747 616 mdictionibus

2171 644 2419 708 sublatis,
2447 645 2742 716 multisque
2769 647 2969 716 ubique
3019 647 3265 702 ecclesiis
3297 647 3454 703 lactis
3481 649 3659 704 donis.

2237 818 2626 876 Constantinus
2658 822 2838 878 Victor
2873 822 3151 895 Augustus
3189 824 3750 897 Hadrianopolitano-

2170 923 2289 963 rum
2318 925 2386 964 ex
2408 925 2458 964 a.
2489 912 2542 964 d.
2575 928 2626 966 v.
2660 913 2781 966 Kal.
2822 913 2932 967 Jul.
2965 915 3495 970 Chalcedonensium
3529 934 3657 972 vero
3681 935 3751 976 ex

2169 1015 2220 1053 a.
2245 1000 2298 1054 d.
2336 1018 2446 1056 xlv.
2489 1001 2606 1056 Kal.
2637 1003 2828 1057 Octob.
2859 1003 3095 1058 feliciter
3121 1005 3374 1061 conlecto
3429 1007 3592 1072 be‘llo,
3625 1009 3750 1062 Cri-

2171 1104 2327 1158 spum
2369 1089 2636 1147 Caesarem
2687 1094 2854 1149 ﬁlium
2899 1111 3059 1150 suum
3101 1096 3392 1152 calumniis
3447 1100 3750 1168 appetitum

2171 1179 2412 1234 sustulit.

2241 1265 2442 1321 Eodem
2463 1284 2608 1323 anno
2627 1269 3034 1336 Constantinus,
3059 1287 3183 1328 cum
3209 1275 3358 1328 solus
3381 1271 3750 1330 Romanorum

2171 1370 2427 1428 praeesset
2455 1361 2702 1430 imperio,
2743 1364 2926 1418 omnia
2977 1365 3178 1435 ubique
3223 1367 3366 1420 idola
3395 1368 3612 1436 deiecit,
3653 1386 3751 1426 eo-

2173 1465 2400 1520 rumque
2429 1453 2678 1520 pecuniis
2703 1453 2957 1508 omnibus
2977 1463 3032 1508 et
3059 1458 3499 1525 possessionibus
3527 1459 3746 1526 ablatis,

2171 1541 2455 1596 universas
2513 1542 2715 1598 Christi
2765 1544 3025 1600 ecclesias
3061 1561 3359 1617 omnesque
3407 1549 3750 1608 Christianos

2173 1634 2240 1690 iis
2269 1634 2512 1688 donavit.

551 1829 686 1882 Kat‘
724 1827 890 1882 αὐτὸν
927 1826 986 1880 δὲ
1019 1827 1110 1882 τὸν
1141 1827 1332 1899 καιρὸν
1356 1827 1500 1882 κατὰ,
1527 1825 1638 1880 τῶν
1665 1825 1940 1896 πολεμίων
1966 1823 2060 1895 τῆς

2241 1832 2436 1886 Eadem
2462 1841 2779 1902 tempestate
2795 1843 3048 1904 suscepta
3071 1836 3125 1889 in
3162 1836 3284 1892 lidei
3308 1837 3746 1897 Christianorum

473 1919 590 1975 τῶν
633 1920 976 1992 Χριστιανῶν
1011 1921 1246 1984 πίστεως
1277 1919 1614 1991 στρατεύσας
1650 1916 1967 1986 ὑπηγάγετο
1999 1917 2066 1986 τῇ

475 2015 616 2084 εὐχῇ
644 2013 743 2084 τὴν
775 2014 954 2086 νίκην.
988 2013 1080 2067 Διὸ
1133 2013 1230 2068 καὶ
1271 2011 1511 2083 κυριακᾶ
1546 2010 1681 2081 πρὸς
1728 2009 2067 2080 ἐπιστροφὴν

478 2103 590 2158 τῶν
638 2103 808 2159 ἐθνῶν
841 2105 982 2159 κατά
1023 2104 1222 2168 τόπους
1266 2105 1346 2167 εἰς
1385 2103 1552 2174 τιμὴν
1600 2101 1692 2156 τοῦ
1722 2102 1816 2154 ἐπὶ
1845 2100 2067 2155 πάντων

479 2195 734 2268 Σωτῆρος
763 2195 1001 2268 Χριστοῦ
1031 2196 1126 2250 τοῦ
1159 2197 1203 2228 ³ο
1229 2194 1365 2249 Θεοῦ
1390 2196 1422 2265 ή
1433 2194 1550 2266 μῶν
1583 2193 1902 2264 πεποίηκεν.

476 2308 663 2364 Εἰσὶν
685 2309 760 2364 τὰ
782 2308 900 2364 ἀπὸ
925 2309 1178 2374 κτίσεως
1207 2307 1442 2376 κόσμου
1462 2305 1560 2360 ἐπὶ
1589 2306 1704 2373 τὴν
1722 2307 2067 2374 είκοσαετη-

581 2377 723 2448 ριδα
748 2381 1210 2434 Κωνσταντίνου
1235 2378 1589 2446 Αὐγούστου
1611 2377 1715 2442 ἔτη
1749 2376 1957 2440 οὕτως.

571 2488 705 2542 ’Δπὺ
761 2489 1030 2559 γενέσεως
1101 2487 1274 2558 Ἀδὰμ
1348 2486 1454 2550 ἔως
1523 2485 1617 2540 τοῦ
1671 2483 2060 2555 κατακλυσμοῦ

733 2669 828 2724 τοῦ
859 2668 1244 2740 κατακλυσμοῦ
1277 2669 1370 2722 ἐπὶ
1405 2666 1658 2739 Ἀϐραὰμ
1683 2673 1798 2732 ,αο’.

565 2762 696 2817 Ἀπὸ
748 2762 1056 2834 γεννήσεως
1118 2759 1371 2832 Ἀϐραὰμ
1416 2759 1522 2822 ἔως
1577 2763 1628 2812 π’
1685 2758 1842 2821 ἔτους
1896 2757 2061 2811 Μωῦ-

480 2853 626 2920 σέως
654 2853 760 2923 φέ.
1276 2853 1282 2859 ’

563 2944 696 2998 ’Δπὺ
728 2950 818 3000 πω
848 2943 890 2976 ³⁸
916 2943 1069 3006 ἔτους
1096 2939 1393 3006 Μωῢσέως,
1421 2941 1588 3012 ἦγουν
1613 2939 1711 3010 τῆς
1740 2937 1922 3004 ἐξόδου
1949 2935 2062 2990 τῶν

477 3035 613 3092 υἱῶν
650 3035 868 3108 Ἰσραὴλ
895 3035 1000 3099 ἔως
1025 3033 1073 3104 γ’
1102 3033 1258 3099 ἔτους
1287 3032 1382 3088 τοῦ
1421 3031 1648 3089 Λαὸδὼν
1679 3030 1724 3064 ³⁸
1752 3030 1888 3104 (9'5),
1921 3031 1979 3084 ὲν
2017 3021 2063 3098 ᾧ

477 3128 538 3184 τὸ
559 3128 722 3183 Ἴλιον
745 3128 882 3200 ἦλω,
910 3127 1006 3182 υδ¹.

567 3221 703 3275 Ἀπὸ
763 3219 805 3274 δ’
849 3219 1002 3283 ἔτους
1045 3219 1150 3283 ,τοῦ
1190 3216 1418 3274 Λαϐδὼν
1479 3216 1575 3270 ἐπὶ
1608 3215 1669 3269 τὸ
1713 3215 1758 3287 β’
1795 3215 1908 3286 (96)
1943 3213 2064 3280 ἔτος

476 3312 812 3382 Σολομῶνος,
849 3310 972 3366 καθ’
1002 3309 1031 3365 ὃ
1065 3309 1266 3381 ἤρξατο
1295 3310 1330 3380 ἡ
1375 3305 1568 3380 πρώτη
1602 3305 1920 3378 κατασκευὴ
1963 3305 2060 3359 τοῦ

478 3403 655 3476 ἱεροῦ,
687 3407 836 3468 σκς¹.

563 3495 694 3548 Ἀπὸ
717 3501 764 3549 α·
779 3495 932 3558 ἔτους
958 3493 1002 3531 ³³
1019 3492 1331 3565 Σολομῶνος
1349 3491 1456 3555 ἔως
1478 3498 1519 3546 ν’
1548 3491 1702 3554 ἔτους
1725 3488 1820 3544 τοῦ
1855 3488 2061 3558 Ὀζίου,

477 3589 650 3660 ἠγουν
681 3588 782 3660 τὴν
814 3585 1036 3660 πρώτην
1074 3584 1436 3658 Ὀλυμπιάδα,
1471 3581 1601 3649 σξδ’.

559 3681 694 3737 Ἀπὸ
723 3681 898 3754 ἀρχῆς
927 3683 1027 3752 τῆς
1049 3678 1274 3751 πρώτης
1299 3677 1662 3750 Ὀλυμπιάδος
1689 3679 1797 3740 ἔως
1821 3685 1876 3743 ς’
1901 3675 2058 3740 ἔτους

473 3776 702 3844 Δαρειου
733 3771 828 3826 τοῦ
859 3771 1190 3840 Ὑστάσπου,
1221 3771 1344 3825 καθ’
1384 3769 1414 3824 ὃ
1464 3768 1822 3839 συνετελέσθη
1863 3769 1897 3840 ή
1933 3768 2056 3824 δευ-

475 3864 610 3937 τέρα
638 3863 733 3918 τοῦ
769 3865 811 3917 ίε
822 3861 916 3936 ροῦ
941 3862 1218 3934 οἰκοδομή,
1245 3863 1380 3933 σμή.

559 3956 696 4010 ’Δπδ
745 3954 790 4021 ζ’
837 3955 990 4019 ἔτους
1038 3954 1132 4008 καὶ
1166 3953 1336 4008 αὑτοῦ
1376 3951 1472 4006 τοῦ
1513 3951 1794 4022 λεχθέντος
1825 3951 2052 4024 Δαρείου

475 4049 581 4114 ἔως
619 4046 679 4102 ιε’
713 4047 867 4110 ἔτους
893 4046 939 4079 ³⁸
971 4045 1246 4118 Τιϐερίου,
1296 4037 1466 4117 ἤγουν
1500 4043 1595 4098 τοῦ
1625 4043 1896 4118 σωτηρίου
1951 4042 2052 4114 βα-

477 4136 802 4208 πτίσματος,
839 4133 978 4205 φνξ.

557 4228 689 4282 ’Δπὺ
719 4225 794 4294 ις’
824 4226 978 4292 ἔτους
1008 4225 1282 4299 Τιϐερίου,
1312 4225 1481 4297 ἤγουν
1513 4221 1558 4296 β’
1583 4223 1738 4287 ἔτους
1766 4223 1860 4278 καὶ
1885 4223 2050 4278 αὑτοῦ

475 4319 554 4391 σβ¹
593 4320 952 4392 Ὀλυμπιάδος
977 4319 1091 4390 (97)
1116 4318 1221 4383 ἔως
1249 4319 1346 4388 τῆς
1373 4316 1804 4388 εἰκοσαετηρίδος
1826 4315 1872 4347 ³⁸
1897 4317 2052 4369 Kom-

2169 1923 2354 1980 bostes
2388 1925 2754 1994 expeditione,
2791 1926 3072 1982 victoriam
3122 1929 3336 1984 illorum
3374 1933 3630 2000 precibus
3657 1951 3745 1989 re-

2169 2016 2422 2084 portavit.
2449 2013 2792 2086 Quapropter
2819 2019 3098 2073 Dominica
3131 2020 3197 2073 ad
3244 2035 3573 2090 paganorum
3610 2041 3746 2079 con-

2169 2105 2472 2160 versionem
2503 2106 2556 2159 in
2579 2110 2825 2162 omnium
2863 2107 3410 2166 Servatorilehristi
3441 2113 3536 2166 Dei
3559 2115 3742 2169 nostri

2169 2197 2436 2252 honorem
2477 2198 2678 2269 ubique
2711 2201 2990 2255 excitavit.

2167 2311 2244 2365 Ab
2274 2312 2395 2366 orbe
2424 2313 2633 2366 condito
2661 2330 2825 2383 usque
2846 2317 2916 2367 ad
2938 2315 3242 2369 vicesimum
3272 2313 3609 2377 Constantini
3635 2322 3746 2375 Au-

2395 2383 2533 2452 gusti
2557 2399 2758 2437 annum
2785 2393 3027 2452 tempora
3057 2385 3132 2439 ita
3169 2386 3501 2457 digeruntur.

2237 2491 2279 2546 A
2334 2491 2612 2547 creatione
2659 2493 2853 2560 Adam,
2891 2508 3064 2564 usque
3105 2495 3174 2550 ad
3209 2493 3495 2563 diluvium,
3527 2501 3654 2556 anni
3679 2517 3744 2560 tt.

2167 2600 2398 2639 ιιςοιιιι.
3092 2633 3098 2638 .

2236 2675 2282 2728 A
2301 2675 2507 2730 diluvio
2531 2675 2598 2730 ad
2625 2675 2922 2740 Abraham,
2947 2692 3109 2732 uLxx.

2236 2767 2280 2819 A
2327 2766 2493 2820 natali
2531 2765 2802 2822 Abraham
2848 2781 3020 2836 usque
3057 2767 3125 2823 ad
3166 2783 3305 2824 Lxxx
3341 2785 3546 2825 annum
3589 2771 3742 2844 Moy-

2167 2857 2264 2922 sis,
2295 2875 2384 2914 ογ.

2239 2950 2322 3005 Ab
2351 2966 2488 3005 Lxxx
2541 2965 2687 3005 anno
2724 2947 2940 3022 Moysis,
2977 2949 3096 3006 sive
3118 2949 3188 3005 ab
3217 2951 3366 3006 exitu
3401 2952 3633 3012 ﬁliorum
3661 2955 3743 3011 Is-

2165 3041 2278 3098 rael
2305 3055 2476 3111 usque
2508 3039 2573 3094 ad
2607 3039 2828 3095 tertium
2857 3054 3062 3095 annum
3077 3038 3292 3108 Abdon,
3321 3056 3431 3112 quo
3460 3055 3616 3116 capta
3656 3053 3742 3100 est

2091 3147 2136 3206 α
2168 3131 2351 3203 Troja,
2383 3131 2510 3186 anni
2545 3146 2750 3186 ccccw.

2232 3221 2316 3276 Ab
2342 3237 2487 3276 anno
2527 3239 2582 3277 ιν
2618 3221 2835 3286 Abdon,
2893 3237 3067 3291 usque
3100 3223 3167 3278 ad
3204 3222 3504 3278 secundum
3532 3239 3738 3279 annum

2163 3307 2510 3372 Solomonis,
2560 3324 2670 3379 quo
2715 3309 2891 3379 prima
2948 3309 3115 3380 cmpit
3174 3311 3361 3381 templi
3409 3311 3740 3379 mdilicatio,

2159 3413 2375 3454 ccxxvn

2229 3485 2312 3540 Ab
2344 3499 2489 3541 anno
2527 3502 2587 3540 ιι.
2619 3484 2926 3540 Solomonis
2963 3499 3136 3555 usque
3161 3485 3229 3540 ad
3256 3503 3306 3541 L.
3339 3501 3546 3544 annum
3570 3486 3737 3556 Ozias,

2159 3575 2277 3631 sive
2298 3593 2470 3646 usque
2493 3577 2558 3634 ad
2588 3577 2822 3648 primam
2851 3575 3248 3648 Olympiadem,
3276 3578 3406 3633 anni
3429 3595 3636 3636 ccutv.

2227 3666 2310 3723 Ab
2326 3668 2481 3723 initio
2506 3667 2693 3738 prima?
2715 3665 3044 3739 Olympiadis
3074 3683 3246 3738 usque
3283 3669 3349 3724 ad
3377 3686 3431 3724 vi
3457 3669 3598 3725 Darii
3629 3671 3739 3744 Hy-

2155 3759 2353 3830 staspis
2381 3759 2496 3824 ﬁlii,
2519 3774 2629 3828 quo
2653 3757 2894 3828 perfecta
2921 3766 3006 3813 est
3048 3759 3220 3814 altera
3255 3761 3441 3832 templi
3472 3760 3735 3818 Hieroso-

2154 3851 2400 3924 lymitani
2429 3849 2736 3916 aediﬁcatio,
2767 3865 3022 3906 cchvm.

2225 3943 2309 3998 Ab
2344 3958 2490 3998 anno
2555 3957 2632 3998 vn
2669 3941 2912 4012 praedicti
2951 3941 3197 4014 ejusdem
3238 3942 3407 4009 Darii,
3449 3959 3623 4015 usque
3665 3947 3735 4001 ad

2151 4051 2221 4089 xv
2263 4031 2486 4095 Tiberii,
2537 4031 2653 4086 sive
2699 4046 2871 4102 usque
2913 4032 2981 4088 ad
3027 4033 3261 4089 salutare
3302 4032 3572 4104 baptisma
3623 4035 3733 4090 Do-

2150 4123 2310 4186 mini,
2342 4138 2508 4178 nLvn.

2224 4211 2306 4265 Ab
2343 4225 2487 4264 anno
2529 4225 2620 4264 xvi
2657 4207 2883 4276 Tiberii,
2934 4209 3052 4265 sive
3089 4210 3334 4266 secundo
3376 4225 3522 4266 anno
3562 4227 3734 4270 cccxx

2151 4302 2501 4376 Olympiadis,
2535 4316 2706 4372 usque
2729 4301 2796 4357 ad
2814 4318 2888 4357 xx
2907 4317 3109 4357 annum
3138 4301 3352 4374 imperii
3389 4301 3733 4361 Constantini

1835 4427 2158 4510 DULANGII
2197 4452 2426 4511 NOTAE.

543 4577 659 4648 (9i)
706 4574 1410 4648 ἸῶνἈδριανοπολιτῶν.
1461 4573 1570 4656 lias
1623 4573 1864 4696 insignes
1909 4569 2057 4656 Con-

543 4649 695 4698 mtini
727 4648 982 4698 victorias
1023 4648 1075 4698 in
1109 4646 1450 4698 consulatum
1479 4643 1656 4698 Crtsm
1688 4643 1728 4698 ll
1764 4683 1778 4698 .
1809 4651 1864 4696 et
1910 4642 2059 4696 Lon-

2163 4573 2368 4629 editum
2400 4579 2546 4627 esset
2569 4571 2979 4644 Καρκηδονίων.

2231 4643 2341 4698 (95)
2369 4643 2661 4698 Κρίσπον.
2698 4641 2772 4697 De
2802 4657 2948 4696 anno

471 4643 695 4706 stantini
727 4643 982 4703 victorias
1023 4648 1075 4702 in
1109 4646 1450 4702 consulatum
1479 4643 1656 4714 Crispi

473 4718 697 4775 stantini
741 4717 812 4772 ιιι
846 4727 992 4772 recte
1029 4715 1230 4771 referre
1261 4715 1508 4780 Idalium,
1553 4728 1664 4768 non
1705 4727 1838 4766 vero
1868 4715 1923 4764 in
1957 4726 2059 4764 an-

471 4805 605 4858 num
629 4795 970 4858 sequentem,
1001 4786 1261 4858 colligunt
1289 4784 1387 4858 viri
1409 4781 1576 4858 _docti
1619 4797 1686 4858 ex
1721 4782 1836 4858 leg.
1867 4781 1889 4833 1
1918 4781 2055 4836 Cod.

472 4857 680 4914 Theod.
708 4849 786 4913 'de
825 4849 1260 4920 veteranisflata
1295 4853 1522 4907 Paulino
1557 4862 1612 4907 et
1650 4849 1866 4906 Iuliano
1893 4865 2052 4920 Acoss.

470 4927 523 5000 ls_
549 4942 682 4983 vero
705 4927 773 4982 de
799 4927 886 4981 die
913 4918 1376 5000 Adrianopolitani
1407 4921 1574 5000 pralii
1601 4937 1725 5000 _cu_m
1741 4922 1859 5000 hoc
1878 4918 2054 5000 Chro-

471 4998 598 5052 nico
643 5011 753 5051 non
783 4997 1088 5058 consentit,
1133 4990 1305 5064 ciuem
1344 4990 1544 5064 viNon.
1590 4990 1699 5046 Jul.
1737 4990 1906 5064 fuisse
1953 4990 2049 5042 ait.

473 5066 634 5122 Istius
665 5075 930 5136 praeterea
964 5061 1306 5120 Constantini
1337 5062 1579 5136 victoriae
1625 5061 1876 5136 meminit
1919 5072 2056 5136 ano-

469 5127 684 5208 nymus'
715 5130 1064 5199 Valesianus,
1120 5131 1692 5208 praeter-Eusebium,
1745 5127 2056 5208 lib.._n'De

475 5199 591 5261 Vita
623 5203 931 5270 Constant.,
981 5219 1100 5274 cap.
1122 5199 1220 5266 Π,
1257 5201 1348 5274 ubi
1381 5199 1747 5274 consulendus
1788 5199 2051 5262 Valesius,

468 5284 527 5330 et
546 5275 612 5329 ad
642 5275 895 5344 eumdem
917 5270 1244 5344 anon'ymum
1260 5271 1545 5326 Ammiano
1570 5270 1895 5340 subjectum,
1928 5281 2050 5337 pag.

469 5345 615 5400 4'59:
651 5344 676 5396 1
711 5343 845 5396 edit.

545 5385 1141 5485 (9ἒί1ξᾶλίχηδονίων.
1195 5409 1284 5466 Sic
1329 5410 1692 5482 reposuimus,
1720 5423 1843 5464 cum
1883 5421 2054 5478 prave

1809 4651 1881 4722 et.
1910 4641 2059 4696 Con-

2231 4643 2344 4714 (95)
2369 4641 2671 4714 Κρίσπον.⁷
2698 4641 2772 4697 De
2802 4657 2948 4714 anno
2991 4641 3154 4697 caedis
3182 4641 3356 4714 Crispi
3400 4642 3733 4714 dissentiunt

2155 4711 2626 4784 historiciLquem
2660 4712 2976 4784 expendunt
3001 4726 3112 4784 pra:
3147 4713 3360 4768 caeteris
3394 4711 3634 4784 Scaliger
3664 4716 3732 4770 ad

2153 4782 2359 4838 Chron.
2410 4780 2654 4848 Eusebii,

2153 4852 2436 4922 thot'redus
2460 4852 2528 4906 ad
2558 4851 2902 4922 Phﬂostorgii
2950 4851 3043 4906 lib.
3078 4867 3138 4918 ιι,
3170 4867 3289 4922 cap.
3313 4850 3369 4918 ὅ,
3399 4861 3455 4908 et
3475 4853 3530 4906 in
3559 4850 3732 4908 Chro-

2151 4922 2364 4976 noloaia
2389 4920 2606 4976 Codicis
2635 4919 2908 4976 Theodos.

2223 4989 2334 5060 (94)
2395 4989 2484 5060 Τῷ
2515 4989 2675 5054 αὺτῷ
2724 4991 2861 5044 ἔτει.
2928 4990 3290 5060 Hieronymus
3315 4990 3370 5045 in
3418 4989 3728 5048 Chronico:

2153 5058 2345 5131 Edicto
2394 5058 2728 5115 Constantini
2778 5061 3054 5131 gentilium
3112 5058 3309 5129 templa
3359 5077 3537 5131 eversa
3585 5072 3728 5118 sunt.

2154 5129 2268 5183 lino
2297 5129 2478 5183 clausa
2511 5129 2794 5192 duntaxat,
2827 5139 2880 5183 ut
2905 5130 3041 5184 inl'ra
3074 5131 3419 5188 adnotamus.
3449 5130 3601 5186 Adde
3626 5132 3730 5187 So-

2155 5213 2467 5260 zomenum,
2493 5199 2588 5252 lib.
2616 5215 2676 5263 ιι,
2709 5214 2830 5268 cap.
2867 5199 2956 5259 15.
2987 5207 3094 5254 etc.

2227 5269 2339 5340 (9.5s)
2375 5267 2802 5340 λαςδὼγηιρε.
2831 5268 3054 5324 ’Δὸδὼν.

2195 5335 2338 5406 ,(96)
2372 5337 2505 5407 Ἐπί
2532 5337 2600 5390 τὸ
2631 5335 2712 5402 β’.
2743 5335 2836 5390 Vir
2861 5340 3054 5393 doctus
3089 5339 3217 5407 legit
3252 5357 3286 5393 α
3308 5378 3323 5393 .

2223 5409 2335 5480 (97)
2366 5405 2456 5462 σθ’
2487 5407 2732 5476 Ὀλυμπ.
2767 5407 2896 5477 Ιιθε.
2932 5407 3010 5478 σβ’
3032 5425 3096 5463 ex
3127 5405 3247 5480 pag.
3278 5410 3406 5465 215.

2753 4781 3108 4852 etavius,lib.
3147 4798 3222 4847 xi,
3251 4796 3370 4852 cap.
3408 4783 3497 4844 M,
3523 4781 3733 4852 e'tAGot-

1753 5523 1990 5581 VARhE
2029 5522 2434 5580 LECTIONES.

541 5620 589 5653 "
601 5618 926 5693 ﬁtxavvéﬁta
943 5619 1061 5693 ΒΥ.
1137 5621 1186 5655 ³⁸
1209 5619 1622 5693 τεχνητῶν-Ρλν.

468 5684 514 5715 ⁸⁸
533 5684 632 5744 τοῦ
655 5705 764 5745 om.
795 5687 856 5742 P.

471 5760 602 5832 στῆς
629 5759 876 5830 ὲτηρίδος
904 5759 1011 5816 PV.

1699 5621 1746 5652 ’⁸
1763 5620 1872 5672 τόν.
1904 5619 2014 5671 τῶν
2041 5619 2107 5672 R.

949 5619 1061 5674 RV.
1137 5621 1186 5655 "
1212 5619 1485 5693 τεχνητῶν
1512 5619 1622 5673 PV.
1699 5621 1746 5652 ’⁸
1763 5620 1872 5672 τόν.
1904 5619 2014 5671 τῶν
2041 5618 2107 5672 R.
2184 5618 2228 5648 ³⁷
2264 5618 2644 5686 Καρχηδονίων
2667 5618 2780 5670 RV.
2855 5619 2902 5651 ’⁸
2935 5619 3141 5687 κτήσας
3169 5618 3234 5672 Β.
3311 5618 3357 5648 ¹⁹
3379 5618 3626 5682 ἀφείλετο
3649 5618 3711 5670 Ρ.

932 5692 975 5721 ³¹
1003 5696 1171 5746 arata!
1205 5692 1264 5746 P.
1343 5692 1387 5723 ³³
1414 5689 1615 5745 Ἀϐδὼν
1645 5690 1684 5744 Ρ
1709 5690 1844 5744 sola.
1923 5689 1965 5721 ³³
1997 5687 2045 5740 α’
2065 5689 2235 5750 ἔτους.
2267 5687 2421 5750 ἔτους
2452 5689 2495 5756 β’
2531 5688 2590 5741 Ρ.
2667 5687 2714 5720 ³³
2739 5687 2892 5752 ἔτους
2923 5705 3032 5744 om.
3063 5687 3122 5742 Ρ.
3198 5687 3242 5718 ³⁸
3271 5692 3344 5738 σον
3379 5685 3438 5739 Ρ.
3498 5683 3544 5716 ⁸³
3571 5688 3715 5740 είκα-

2184 5618 2228 5648 "
2264 5615 2644 5686 Καρχηδονίων
2667 5616 2780 5670 RV.
2855 5619 2902 5651 ’⁸
2935 5619 3141 5687 κτήσας
3169 5618 3234 5672 Β.
3311 5616 3357 5648 ¹⁹
3379 5614 3626 5687 delegato
3649 5613 3711 5670 Ρ.
