4040 6456
492 360 594 428 791

489 477 558 531 A.
611 473 674 532 c.
1792 486 1898 558 [οι.
1931 485 2074 558 lph.]
2104 495 2152 548 Α

557 566 684 624 M9.
717 583 793 623 ιι.
843 566 963 624 Ind.
1015 585 1075 625 ιι.
1128 569 1378 628 Monaxio
1435 583 1489 630 et
1535 573 1750 634 Plintha

490 675 632 714 coss.
1820 671 1872 725 5.

563 749 656 806 llis
685 766 827 808 coss.
852 753 942 809 die
968 754 1251 813 Dominica
1273 799 1287 820 ,
1321 759 1511 815 Aetius
1553 762 1752 832 prtere-

487 848 608 894 ctus
638 841 924 908 urbi,cum
942 859 1055 901 suae
1085 845 1366 916 dignitatis
1406 849 1612 916 habitu,
1637 851 1751 906 Ma-

488 948 648 1002 gnam
673 935 961 990 ecclesiam
1006 937 1284 1010 ingressus
1310 956 1497 996 mense
1523 941 1746 1008 Peritio,

489 1040 555 1078 ex
589 1041 642 1080 a.
673 1026 727 1080 d.
760 1043 833 1081 vn
868 1026 1093 1084 Kalend.
1145 1029 1396 1100 Martias,
1449 1034 1576 1090 dum
1626 1053 1750 1106 per-

491 1115 626 1170 actis
653 1116 910 1186 precibus
929 1119 1136 1174 abitum
1166 1131 1402 1191 pararet,
1433 1135 1658 1182 vocatus
1678 1129 1746 1181 ad

489 1205 782 1275 palatium,
823 1206 1083 1280 Cyriacus
1111 1211 1331 1280 quidam
1363 1228 1552 1280 senex,
1587 1232 1752 1286 gran-

490 1297 632 1352 diori
679 1299 856 1354 cultro
905 1301 957 1354 in
1011 1301 1201 1357 charta
1255 1305 1544 1369 occultato,
1583 1307 1752 1360 veluti

492 1390 734 1446 libellum
759 1395 1058 1464 supplicem
1081 1396 1156 1450 illi
1184 1399 1510 1469 porrigeret,
1527 1400 1595 1455 ad
1619 1401 1752 1455 dex-

493 1492 630 1536 tram
677 1486 912 1554 pectoris
937 1498 1142 1556 partem
1172 1489 1243 1542 ita
1275 1489 1424 1546 illum
1453 1493 1740 1560 percussit,

492 1579 553 1625 ut
575 1572 718 1628 illius
744 1576 941 1644 penula
972 1587 1025 1631 et
1057 1587 1178 1648 toga
1213 1579 1498 1647 perforatae
1523 1580 1746 1638 fuerint.

1065 1668 1188 1725 CCC
1213 1669 1510 1743 Olympias.

563 1756 688 1812 4°20.
730 1774 823 1811 xu.
871 1758 987 1813 Ind.
1037 1777 1116 1815 ιιι.
1167 1763 1476 1818 Theodosio
1527 1764 1754 1821 iuniore

495 1847 736 1913 Augusto
768 1849 839 1904 IX
869 1860 924 1905 et
951 1851 1276 1909 Constantio
1306 1853 1375 1908 ΠΙ
1406 1871 1552 1925 coss.
1828 1859 1882 1914 4.

563 1939 698 1993 Cum
747 1941 1087 1998 adolesceret
1137 1943 1480 2002 Theodosius
1530 1947 1725 2003 Junior
1774 1951 2070 2022 Augustus,

494 2043 720 2097 parente
769 2035 1088 2103 superstite,
1136 2036 1335 2092 studiis
1379 2052 1444 2092 ac
1490 2037 1712 2093 lectioni
1763 2039 1820 2093 in
1875 2040 2075 2110 palatio

495 2119 661 2175 dabat
700 2136 924 2192 operam
955 2140 969 2177 :
999 2139 1068 2180 eo
1102 2141 1235 2180 vero
1271 2135 1509 2192 mortuo,
1555 2143 1681 2182 cum
1733 2129 1830 2184 illo
1863 2130 2076 2200 legebat

495 2209 814 2266 adolescens
838 2213 1057 2282 quidam
1095 2214 1378 2278 Paulinus,
1415 2215 1700 2284 cujusdam
1745 2218 2075 2273 domestico-

496 2316 616 2355 rum
643 2303 858 2358 comitis
896 2303 1056 2360 ﬁlius.
1090 2306 1321 2362 Amabat
1368 2316 1550 2362 autem
1603 2308 1778 2378 ipsum
1819 2308 2074 2366 Theodo-

495 2390 632 2445 sius.
666 2390 874 2446 Etcum
898 2395 1008 2463 jam
1035 2394 1088 2450 in
1130 2397 1306 2450 virum
1351 2396 1680 2454 adolevisset
1732 2400 2077 2455 Theodosius

493 2481 688 2538 Junior
729 2485 1024 2556 Augustus,
1087 2489 1345 2558 cupiebat
1400 2489 1678 2545 dominam
1730 2493 2078 2547 matrimonio

495 2577 598 2632 sibi
627 2577 946 2648 adiungere,
973 2595 1148 2650 eoque
1179 2581 1406 2636 nomine
1435 2581 1667 2637 subinde
1698 2583 2079 2652 interpellabat

493 2671 770 2726 dominam
801 2672 1148 2727 Pulcheriam
1181 2687 1449 2740 sororem,
1474 2690 1595 2744 qua:
1627 2684 1737 2730 tum
1763 2675 1916 2745 virgo
1935 2686 2074 2742 erat,

495 2772 551 2818 et
588 2779 712 2819 cum
742 2763 964 2819 fratrem
997 2765 1268 2836 diligeret,
1307 2781 1336 2820 a
1368 2767 1580 2836 nuptiis
1616 2769 1882 2822 hactenus
1905 2768 2076 2823 absti—

495 2865 714 2910 nuerat.
757 2855 1002 2911 Sollicita
1041 2857 1335 2912 admodum
1365 2865 1483 2912 erat
1527 2873 1689 2928 quam
1731 2874 1798 2914 ex
1827 2861 2078 2932 complu-

495 2947 652 3003 ribus
706 2949 902 3018 puellis
939 2965 1006 3004 ex
1054 2949 1286 3020 patricio
1335 2949 1424 3003 vel
1474 2949 1828 3020 imperatorio
1877 2967 2077 3022 genere

495 3041 651 3096 fratri
685 3041 737 3096 in
770 3056 994 3096 uxorem
1019 3042 1304 3113 deligeret,
1333 3050 1582 3098 statuens
1618 3057 1741 3096 cum
1781 3042 1873 3096 illo
1902 3043 1956 3097 in
1985 3058 2080 3112 pa-

1693 368 2128 437 CHRONICON
2166 370 2574 438 PASCHALE.

2249 565 2368 619 Ἰνδ.
2403 565 2468 636 β’.
2503 570 2591 618 ια’.
2623 564 2716 616 ὑπ.
2733 563 3002 630 Μοναξίου
3034 565 3130 620 καὶ
3163 563 3370 621 Πλῐνθα
3401 565 3538 638 (45).

2259 748 2382 801 Ἐπὶ
2413 745 2619 800 τούτων
2665 745 2773 800 τῶν
2815 747 3037 801 ὑπάτων
3069 747 3252 820 ἡμέρᾳ
3293 749 3554 820 κυριακῇ
3584 749 3743 804 εἰσελ-

2176 836 2357 900 θόντος
2389 837 2594 889 Ἀετίου
2629 834 2738 908 (46)
2797 837 3040 908 ἐπάρχου
3079 837 3285 901 πόλεως
3332 837 3476 908 μετὰ
3503 837 3598 890 τοῦ
3633 841 3746 910 σχή-

2180 944 2349 997 ματος
2376 929 2434 980 ὲν
2476 931 2541 997 τῇ
2581 928 2794 998 μεγάλῃ
2829 929 3097 1000 ἐκκλησίᾳ
3134 929 3266 1000 μηνὶ
3297 929 3547 1000 Περιτίῳ
3577 931 3678 1000 πρὸ
3705 932 3745 995 ζ’

2175 1017 2472 1072 Καλανδῶν
2501 1019 2764 1088 Μαρτίων
2811 1019 2903 1072 ἐπὶ
2935 1019 3016 1089 τῷ
3048 1020 3346 1090 εὐξάμενον
3380 1020 3551 1072 αὐτὸν
3597 1022 3746 1074 ἀπελ-

2177 1108 2290 1160 θεῖν
2323 1107 2590 1179 κληθέντα
2621 1111 2678 1160 ἐν
2711 1107 2789 1178 τῷ
2835 1109 3103 1179 παλατίῳ,
3135 1109 3423 1180 Κυριακός
3465 1127 3550 1173 τις
3585 1111 3744 1181 γέρων

2179 1197 2362 1268 βαλὼν
2391 1199 2667 1270 μάχαιραν
2701 1200 2946 1271 μεγάλην
2974 1201 3054 1263 είς
3084 1201 3314 1271 χάρτην,
3349 1200 3562 1254 ὡσανεὶ
3592 1201 3746 1254 λίϐελ-

2177 1287 2268 1339 λον
2298 1286 2448 1357 αὐτῷ
2479 1287 2828 1358 προσφέρων,
2870 1287 3132 1359 ἔκρουσεν
3157 1287 3308 1357 αὐτῷ
3365 1290 3511 1343 κατὰ
3555 1289 3645 1342 τοῦ
3672 1291 3742 1342 δε-

2179 1377 2292 1442 ξιοῦ
2329 1378 2528 1448 μέρους
2552 1377 2704 1430 τοῦ¹⁵
2735 1378 2983 1450 στήθους,
3007 1378 3147 1432 ὥστε
3171 1379 3234 1432 τὸ
3260 1379 3510 1433 πενόλιον
3526 1380 3572 1412 ³⁸
3600 1382 3744 1436 αὐτοῦ

2179 1468 2273 1520 καὶ
2304 1467 2402 1538 τὴν
2429 1468 2596 1536 τόγαν
2623 1468 2909 1540 τρηθῆναι.

2751 1677 2794 1722 τ’
2850 1671 3177 1740 Ὀλυμπιάς
3193 1709 3208 1726 .

2264 1760 2382 1814 ἰνδ.
2421 1767 2490 1828 γ’.
2531 1763 2618 1833 ιβ’.
2651 1762 2746 1818 ὑπ.
2781 1763 3066 1817 Θεοδοσίου
3115 1763 3260 1817 Νέου
3285 1765 3606 1834 Αὐγούστου
3625 1771 3682 1824 τδ
3705 1771 3742 1825 θ’

2105 1839 2151 1898 Β
2179 1849 2276 1902 καὶ
2305 1851 2686 1906 Κωνσταντίου
2714 1854 2827 1924 (47)
2859 1854 2922 1906 τὸ
2949 1861 3020 1920 γ’.

2249 1941 2380 1996 Ὅτε
2405 1943 2711 2014 προέκοψεν
2740 1945 2838 2016 τὴν
2858 1945 3078 2015 ἡλικίαν
3106 1945 3392 2012 Θεοδόσιος
3415 1949 3536 2013 νέος
3563 1949 3744 2018 Δῦγου·

2178 2057 2324 2104 στος.
2354 2041 2720 2110 ἀνεγίνωσκεν
2741 2044 2800 2096 ἐν
2831 2042 2909 2114 τῷ
2938 2042 3184 2114 παλατίῳ
3207 2043 3270 2096 ἐν
3292 2043 3410 2116 ζωῇ
3443 2045 3540 2099 τοῦ
3565 2048 3742 2118 πατρὸς

2176 2133 2342 2188 αὐτοῦ
2368 2150 2384 2167 ·
2423 2135 2520 2188 καὶ
2549 2135 2688 2206 μετὰ
2710 2134 2970 2206 τελευτὴν
2995 2133 3092 2189 τοῦ
3125 2135 3342 2204 πατρὸς
3382 2137 3550 2190 αὐτοῦ
3579 2139 3622 2168 ³⁸
3647 2155 3743 2192 συν-

2177 2226 2553 2294 ανεγίνωσκεν
2604 2225 2716 2300 (48)
2771 2227 2922 2298 αὺτῷ
2980 2225 3244 2298 νεώτερός
3297 2245 3386 2292 τις
3455 2229 3669 2299 ὀνόματι
3705 2231 3739 2262 ³⁷

2181 2317 2467 2382 Παυλῖνος,
2510 2317 2626 2380 υἱός
2669 2333 2816 2372 τινος
2863 2317 3106 2387 κόμητος
3151 2317 3517 2387 δομεστίκων.
3566 2319 3744 2388 Ἐφίλει

2176 2409 2236 2462 δὲ
2267 2409 2426 2478 311
2453 2409 2616 2462 αὐτὸν
2647 2407 2948 2472 Θεοδόσιος.
2972 2409 3082 2461 Καὶ
3105 2407 3465 2480 ἀνδρειωθεὶς
3489 2408 3534 2442 ⁸⁸
3553 2411 3581 2463 ὁ
3605 2411 3744 2474 αὐτὸς

2177 2498 2457 2562 Θεοδόσιος
2511 2499 2632 2561 νέος
2659 2496 2971 2565 Αὔγουστος
3013 2498 3198 2569 ἐζήτει
3239 2497 3433 2551 λαϐεῖν
3487 2498 3744 2552 δέσποιναν

2179 2591 2260 2653 εἰς
2292 2591 2470 2659 γάμον
2497 2605 2512 2623 ⁸
2555 2590 2651 2642 καὶ
2688 2587 2852 2658 ῶχλει
2895 2590 2962 2658 τῇ
3007 2588 3212 2668 ἁδελφῇ
3249 2589 3422 2642 αὑτοῦ
3470 2589 3742 2661 Πουλχερῐᾳ

2178 2679 2247 2748 τῇ
2279 2676 2556 2748 δεσποίνῃ,
2606 2674 2742 2747 οῦσῃ
2777 2675 3051 2746 παρθένῳ.
3103 2675 3352 2746 Κάκείνη
3384 2677 3545 2731 πάλιν
3567 2679 3636 2740 ὡς
3669 2695 3741 2746 φι-

2177 2769 2348 2822 λοῦσα
2365 2754 2464 2821 ῗτὺν
2491 2767 2620 2822 ἴδιον
2649 2767 2821 2838 αὐτῆς
2854 2767 3087 2837 ἀδελφὸν
3122 2769 3221 2838 οὐχ
3247 2769 3432 2822 εἵλετο
3458 2767 3740 2840 γαμηθῆναί

2177 2878 2306 2914 τινι.
2353 2861 2416 2913 Ἦ
2474 2860 2532 2914 δὲ
2589 2859 3078 2930 περιεργασαμένη
3113 2860 3246 2932 περὶ
3300 2861 3516 2914 πολλῶν
3565 2847 3740 2930 παρθέέ

2179 2972 2288 3008 νων
2314 2955 2360 2986 ¹⁹
2385 2951 2679 3022 κορασίων,
2707 2951 3026 3021 θυγατέρων
3054 2952 3368 3022 πατρικίων
3397 2953 3492 3005 καὶ
3520 2951 3576 3014 ἐξ
3604 2951 3741 3020 αἳμα-

2179 3062 2270 3110 τος
2307 3043 2614 3116 βασιλικοῦ,
2650 3043 2882 3098 θέλουσα
2911 3043 2989 3114 τῷ
3013 3043 3228 3116 ἀδελφῷ
3266 3044 3444 3114 αὐτῆς
3467 3041 3738 3110 συνδιάγειν

494 3133 628 3188 latio
677 3149 782 3188 una
820 3133 1049 3189 versari.
1087 3132 1226 3214 Tum
1282 3132 1649 3197 Theodosius,
1676 3151 1696 3183 ι
1724 3132 1952 3196 Vellem,
1993 3133 2080 3186 in—

2183 3139 2242 3190 ἐν
2293 3137 2372 3208 τῷ
2429 3137 2706 3208 παλατίῳ.
2771 3137 2882 3190 Καὶ
2945 3131 3100 3192 εἶπεν
3163 3137 3308 3209 αὐτῇ
3361 3135 3631 3198 Θεοδόσιος
3673 3133 3740 3184 ὅτι

495 3226 634 3296 quit,
665 3225 914 3280 invenire
944 3208 1408 3280 adolescentulam
1439 3225 1673 3295 aliquam
1717 3224 1914 3278 eximia
1941 3224 2080 3280 adeo

495 3317 927 3388 pulchritudine,
971 3326 1032 3372 nt
1069 3318 1217 3372 nulla
1258 3319 1332 3372 sit
1359 3317 1414 3371 in
1449 3318 1587 3372 urbe
1615 3316 2078 3386 Constantinopo-

497 3409 666 3462 litana
693 3425 814 3478 qum
843 3405 1325 3473 hanc'antecellat,
1367 3424 1595 3478 eamque
1627 3421 1693 3462 ex
1729 3407 2081 3478 imperatorio

497 3516 718 3572 genere.
747 3501 806 3555 Si
841 3510 1022 3556 tamen
1059 3501 1208 3556 nulla
1236 3509 1487 3555 occurrat
1509 3499 1803 3569 ejusmodi,
1833 3510 1994 3570 atque
2017 3515 2080 3554 ea

500 3595 690 3648 formae
731 3594 1016 3664 elegantia,
1080 3602 1195 3648 tum
1249 3609 1378 3648 vero
1426 3608 1529 3647 nec
1579 3591 1713 3662 regii
1765 3591 1898 3644 mihi
1933 3606 2080 3645 curaa

501 3694 632 3739 sunt
656 3685 884 3748 natales,
919 3683 1006 3738 vel
1036 3683 1260 3750 divitiae,
1306 3692 1400 3738 aut
1439 3682 1682 3752 Cujusvis
1707 3681 1816 3736 ﬁlia
1869 3681 1941 3736 sit
1975 3681 2081 3734 mi-

500 3777 650 3831 nime
694 3793 814 3833 sum
859 3776 1144 3840 sollicitus,
1193 3775 1490 3830 dummodo
1525 3789 1749 3844 prorsus
1779 3772 1979 3828 eximia
2013 3772 2083 3827 sit

503 3867 695 3931 forma,
750 3875 864 3920 tum
913 3865 1058 3920 illam
1099 3864 1232 3920 mihi
1287 3864 1340 3918 in
1387 3863 1673 3935 coniugem
1723 3878 2019 3918 assumam.
2059 3881 2076 3911 ι

501 3958 714 4024 Quibus
742 3957 964 4024 auditis,
1003 3957 1223 4012 domina
1247 3956 1535 4012 Puleheria
1558 3957 1934 4026 hujuscemodi
1961 3973 2084 4027 pcr-

501 4048 784 4120 quircudaa
811 4048 1002 4119 puella:
1023 4063 1186 4103 causa
1207 4049 1387 4102 varias
1414 4048 1468 4102 in
1502 4047 1752 4118 regiones
1774 4047 1941 4103 misit.
1975 4047 2084 4102 Sed

503 4152 560 4196 et
583 4141 867 4207 Paulinus,
897 4139 1193 4196 Theodosii
1227 4139 1410 4195 socius
1446 4147 1503 4194 et
1539 4139 1768 4203 amicus,
1806 4139 1908 4193 hac
1939 4137 1994 4193 in
2024 4151 2086 4192 re

505 4233 816 4289 Theodosio
845 4234 1065 4303 placere
1093 4231 1322 4300 cupiens
1345 4230 1830 4286 circumcursabat.
1872 4229 2086 4284 Accidit

508 4325 719 4378 interea
749 4331 810 4378 nt
834 4321 1368 4390 Constantinopolim
1405 4336 1528 4376 cum
1574 4321 1690 4374 suis
1719 4321 1963 4392 cognatis
1991 4335 2087 4375 ve-

507 4413 653 4468 niret
700 4413 880 4483 puella
927 4411 1258 4476 Graecanica,
1297 4410 1469 4465 forma
1501 4411 1792 4466 admodum
1824 4410 2082 4482 eleganti,

2189 3246 2208 3277 ι
2255 3227 2398 3296 Ἐγὼ
2431 3227 2574 3281 θέλω
2607 3229 2791 3298 εὑρεῖν
2820 3229 3093 3300 νεωτέραν
3140 3227 3425 3301 εὔμορφον
3472 3228 3623 3286 πάνυ,
3667 3223 3739 3276 ἵνα

2181 3319 2423 3374 τοιοῦτον
2447 3319 2643 3382 κάλλος
2677 3319 2751 3390 μὴ
2784 3318 2882 3390 ἔχῃ
2912 3319 3047 3390 άλλη
3075 3322 3214 3390 γυνὴ
3245 3323 3306 3374 ἐν
3328 3324 3738 3376 Κωνσταντινουο

2183 3409 2357 3474 πόλει,
2388 3410 2483 3462 καὶ
2500 3409 2559 3475 ἐξ
2585 3409 2817 3478 αἵματος
2843 3408 3146 3482 βασιλικοῦ.
3173 3411 3238 3464 Εἰ
3265 3411 3322 3464 δὲ
3357 3412 3430 3482 μή
3461 3413 3601 3464 ἐστιν
3621 3405 3734 3473 καλὴ

2183 3501 2265 3562 εἰς
2313 3499 2641 3570 ὑπερϐολὴν,
2699 3500 2761 3552 οὐ
2797 3499 2988 3570 χρείαν
3018 3481 3127 3571 Eon
3167 3499 3294 3554 οὔτε
3326 3481 3675 3569 ἀξιωματικοῦ
3699 3497 3735 3527 ³⁸

2183 3589 2309 3644 οὔτε
2345 3589 2628 3663 βασιλικοῦ
2661 3590 2893 3662 αἵματος
2936 3589 3062 3644 οὔτε
3094 3591 3380 3654 πλουσίαν,
3409 3590 3544 3645 ἀλλὰ
3575 3589 3660 3643 καὶ⁸
3695 3587 3737 3638 εί

2183 3695 2328 3740 τινος
2385 3677 2583 3745 δήποτε
2613 3677 2712 3731 ἐάν
2771 3680 2889 3730 ἐστι
2949 3677 3220 3750 θυγάτηρ,
3275 3679 3438 3748 μόνον
3488 3674 3735 3748 εὐπρεπὴς

2185 3769 2348 3831 πάνυ,
2385 3769 2558 3832 αὐτὴν
2615 3768 2900 3840 λαμϐάνω.
2951 3786 2970 3819 ι
3035 3768 3148 3822 Καὶ
3195 3769 3479 3824 ἀκούσασα
3529 3765 3734 3832 ταῦταή

2186 3861 2450 3915 δέσποινα
2476 3861 2788 3933 Πουλχερία
2822 3860 3103 3932 πανταχοῦ
3129 3861 3377 3933 ἔπεμψεν
3408 3856 3734 3933 περιεργαζο-

2191 3954 2329 4023 μένη
2359 3955 2427 4009 εί.
2457 3955 2568 4007 Καὶ
2599 3955 2866 4019 Παυλῖνος
2900 3953 2957 4007 δέ
3000 3957 3028 4007 ὁ
3067 3953 3234 4007 αὐτοῦ
3273 3954 3634 4026 συμπράκτωρ
3660 3949 3733 4002 καὶ

2187 4043 2340 4113 φίλος
2387 4043 2766 4115 περιέτρεχεν,
2809 4044 3007 4114 ἀρέσαι
3058 4043 3227 4098 θέλων
3282 4044 3432 4114 αὑτῷ
3485 4041 3631 4113 χάριν
3657 4034 3730 4090 τοῦ

2189 4135 2482 4206 κεφαλαίου
2513 4135 2727 4190 τούτου.
2784 4136 2874 4188 Ἐν
2911 4135 2968 4189 δέ
3000 4134 3078 4206 τῷ
3117 4135 3322 4206 μεταξῦ
3365 4134 3554 4199 συνέϐη
3586 4129 3730 4184 ἐλθεῖν

2187 4227 2246 4278 ἐν
2302 4223 2878 4280 Κωνσταντινουπόλει
2950 4221 3092 4293 μετὰ
3143 4223 3254 4277 τῶν
3301 4221 3442 4276 ἰδίων
3489 4213 3730 4286 συγγενῶν
3828 4269 3834 4274 ,

2185 4317 2360 4389 κόρην
2389 4317 2863 4389 εὐπρεπεστάτην,
2920 4316 3230 4386 ἐλλόγιμον,
3268 4302 3592 4382 Ἐλλαδικὴνῖ
3631 4303 3728 4357 ὀνό-

2193 4426 2326 4481 ματι
2379 4409 2691 4481 Ἀθηναΐδα,
2729 4408 3008 4479 θυγατέρα
3058 4407 3360 4478 γενομένην
3408 4397 3728 4476 Ἡρακλείτου

508 4518 573 4560 ac
595 4503 908 4574 eloquentia
933 4503 1218 4574 singulari,
1245 4503 1509 4558 Athenais
1541 4502 1784 4568 nomine,
1822 4503 2082 4558 Heracliti

2191 4501 2286 4556 τοῦ
2353 4501 2671 4572 φιλοσόφου,
2726 4501 2850 4572 ἥτις
2885 4499 3143 4570 ’Δθηναῒς
3177 4495 3496 4570 ἠναγκάσθη
3524 4487 3727 4545 καταλα-

1851 4683 2180 4742 DUCANGll
2218 4681 2450 4738 NOTAE.

580 4836 694 4910 (45)
735 4839 982 4896 "llr-0a.
1027 4831 1216 4894 Planta
1257 4837 1560 4910 appellatur
1590 4841 1645 4896 in
1681 4839 1855 4897 Fastis
1894 4841 2082 4901 ldatii.

511 4923 568 4967 et
601 4913 656 4966 in
677 4908 862 4966 'veter.
895 4911 1143 4979 inscript.
1187 4926 1256 4964 ιιι.
1279 4908 1303 4972 ,“
1331 4909 1383 4962 '1.
1437 4908 1496 4964 ln
1549 4913 1670 4966 cod.
1703 4911 1914 4968 Canon.
1951 4911 2095 4966 Eccl.

511 4983 679 5037 Al‘ric.
731 4982 962 5051 cui”,
1013 4981 1100 5034 hic
1135 4979 1459 5051 consulatus
1505 4981 1576 5035 ita
1626 4981 1890 5051 signatur,
1931 4981 1997 5034 P.
2033 4980 2096 5034 (ἰ.

516 5052 736 5137 ίΙοηοξί
767 5049 872 5105 ΧΠ
919 5061 966 5105 et
1005 5051 1274 5105 Theodosii
1317 5047 1482 5104 Vl“.
1542 5051 1610 5105 At
1637 5047 1932 5137 Canal'é'i,
1968 5051 2100 5119 legi-

518 5120 987 5266 lml’tlfiij'A-E‘ﬂop.
1037 5192 1182 5266 Aetii
1223 5197 1378 5266 praef.
1415 5196 1546 5252 Urbi
1585 5193 1834 5250 meminit
1877 5192 1962 5246 lex
1998 5192 2096 5245 ult.

515 5263 638 5318 cod.
665 5263 874 5318 Theod.
901 5264 970 5320 de
991 5265 1156 5321 calcis
1184 5263 1388 5323 coctor.

587 5333 700 5406 (477)
743 5334 1324 5406 Καινζίῳνστιιντιου.
1353 5335 1666 5392 Holstenius
1703 5344 1758 5391 et
1786 5333 1930 5389 Fasti
1953 5329 2090 5388 Vos-

515 5401 690 5470 siaui,
725 5405 820 5458 καὶ
855 5401 1200 5470 Κώσταντος.

2267 4841 2380 4910 (48)
2413 4837 2989 4910 Συναναγινώσλιων.
3031 4817 3728 4910 JoannesAntiochcnusmglg

2199 4901 2694 4986 Th‘eodosio‘JunIE
2723 4909 3060 4986 Θεοδόσιος
3091 4907 3342 4986 βασιὶιεῦς
3365 4901 3726 4986 Χαίρξέᾈερίῗξῗξί

2198 4964 2312 5044 τοῖς
2329 4964 2638 5050 παιγνίοις,
2673 4981 2764 5032 ἐπὶ
2790 4964 2998 5046 λόγους
3013 4964 3350 5050 ἐλέυθερίους
3367 4964 3726 5050 ’μετέϐαλε

2197 5042 2462 5122 MM“?
2509 5042 2778 5126 υσευλίνρυ
2836 5042 2897 5126 τέ
2952 5049 3046 5126 τεαὶ
3074 5042 3356 5126 indictas).
3405 5042 3725 5126 συῑξέπγξῖϊῗέῖ

3303 5094 3543 5192 ἐξουσίας
3565 5094 3722 5192 ξ·

2199 5207 2329 5245 caro
2363 5177 3006 5262 psyakaé.'Ubi_n1inus'
3026 5177 3174 5262 recte
3220 5177 3722 5262 ᾀοοιὶεδὶιιιΒξ--ξξῗξςᾷ
3781 5202 3792 5217 ι

2239 5241 2348 5328 iis,
2363 5241 2622 5316 viain-aa
2645 5241 2954 5312 {apium
2973 5241 3260 5328 "magiam
3298 5267 3435 5308 usus.
3477 5241 3720 5328 Pauliﬂﬂﬂ

2233 5311 2932 5400 ίιῖέόάὸξίῖἆυέισιὲέάέροφσν
2964 5311 3124 5383 vocat
3150 5311 3342 5396 Georg.
3385 5311 3652 5375 monachus
3676 5311 3719 5352 ιιι

2197 5401 2404 5458 Chron.
2436 5417 2541 5456 ms.
2709 5415 2716 5422 '

1719 5571 1724 5574 ’
1819 5581 2056 5638 νΑιιιᾹ]
2095 5577 2506 5638 LECTIONES.

591 5748 641 5780 υ
665 5745 761 5800 τοῦ
813 5761 921 5800 om.
978 5743 1040 5798 Ρ.

528 5818 576 5852 ³⁵
602 5816 884 5889 παρθένων
915 5831 1022 5869 οιη.
1053 5811 1112 5868 Ρ.
1191 5813 1232 5845 ³ο
1266 5811 1318 5865 οὔ

1301 5811 1390 5866 ὗτε
1421 5812 1791 5883 ἀξιωματικοῦ
1829 5829 1935 5867 om.
1964 5810 2020 5866 Γ.

1121 5743 1166 5774 ²⁸
1193 5741 1453 5796 πενώλιον
1511 5740 1617 5794 PV.
1693 5743 1737 5774 “
1770 5741 1933 5796 αὐτοῦ
1990 5741 2084 5794 τοῦ
2141 5739 2350 5809 πατρὸς
2417 5737 2476 5790 Ρ.

2099 5813 2138 5841 ³¹
2173 5805 2508 5880 περιεργασα
2519 5805 2653 5878 μένη
2686 5805 2744 5860 Ρ.

2572 5737 2615 5767 ’⁷
2645 5737 2872 5804 ὀνόματι
2909 5749 3017 5790 om.
3065 5733 3123 5790 Ρ.
3224 5730 3267 5762 ’⁸
3295 5711 3576 5792 ἀνδριωθΕἲς
3619 5691 3705 5757 pv'
