4040 6460
323 376 438 442 793

1534 370 1968 437 CHBON'ICON
1999 344 2415 440 PASCHALE.

3495 379 3612 442 7M

333 489 452 539 δεῖν
479 485 583 554 τὴν
612 481 924 552 Εὐδαίμονα
950 479 1103 533 πόλιν
1135 479 1273 552 πρὸς
1299 479 1398 548 τὴν
1425 479 1560 532 ἰδίαν
1582 482 1754 550 αὐτῆς
1781 482 1930 533 θείαν

2042 484 2346 553 philosophi
2380 483 2486 536 filia
2523 500 2536 537 :
2573 497 2693 552 qua:
2719 483 2942 552 quidem
2984 481 3246 538 Athenais
3279 489 3610 556 coartalcc—

335 579 431 634 διὰ
466 575 742 649 πρόφασιν
767 572 1042 642 τοιαύτην.

434 764 491 817 '0
530 760 818 832 φιλόσοφος
860 757 1215 830 Ἡράκλειτος
1273 756 1383 828 (49)
1437 759 1467 810 ὁ
1499 757 1670 820 αὐτῆς
1719 757 1926 826 πατὴρ,

347 858 490 926 ἔχων
511 855 606 907 καὶ
633 851 728 904 δύο
753 849 925 916 υἱοὺς,
953 849 1162 918 μέλλων
1187 847 1444 918 τελευτᾷν
1461 847 1687 910 διέθετο,
1712 847 1929 915 γράψας

342 949 404 998 ἐν
438 947 506 1014 τῇ
559 941 726 996 αὐτοῦ
775 938 1006 1009 διαθήκῃ
1057 937 1432 1011 κληρονόμους
1461 936 1644 1008 πάσης
1694 937 1797 1008 τῆς
1838 939 1929 988 ὐπ’

338 1035 513 1092 αὐτοῦ
563 1029 1022 1100 καταλειφθείσης
1087 1028 1406 1100 περιουσίας
1458 1029 1586 1091 τοὺς
1631 1027 1725 1080 δύο
1777 1028 1928 1089 υἱοὺς

339 1125 519 1178 αξιτοῦ
556 1119 926 1192 Οὐαλεριανὸν
967 1120 1064 1172 καὶ
1097 1119 1308 1182 Γέσιον,
1337 1117 1578 1188 εἰρηκὼς
1605 1119 1664 1170 ὲν
1690 1121 1756 1190 τῇ
1787 1119 1926 1190 αὐτῇ

316 1201 586 1284 ⁸διαθήκῃ
618 1225 634 1241 ’
681 1229 700 1261 ι
745 1206 1018 1277 Ἀθηναῖδι
1042 1207 1100 1258 δὲ
1129 1208 1197 1277 τῇ
1235 1205 1593 1278 ποθεινοτάτῃ
1625 1223 1725 1277 μου
1760 1206 1930 1274 θυγα-

303 1297 436 1377 ”τρὶ
459 1305 683 1375 δοθῆναι
715 1299 976 1371 βούλομαι
1023 1298 1338 1377 νομίσματα
1369 1299 1564 1352 ἑκατὸν
1603 1299 1698 1352 καὶ
1731 1298 1889 1370 μόνον
1915 1313 1930 1328 ο

341 1376 515 1468 ἀρκεῖ
547 1395 658 1465 γὰρ
695 1395 832 1462 αὐτῇ
892 1393 926 1460 ἡ
965 1376 1138 1458 αὐτῆς
1169 1390 1306 1460 τύχη
1351 1391 1694 1462 ὑπερέχουσα
1752 1392 1934 1444 πᾶσαν

340 1491 448 1559 τὴν
483 1484 807 1556 γυναικείαν
835 1482 1028 1552 τύχην.
1065 1502 1084 1534 ι
1112 1481 1224 1535 Καὶ
1252 1482 1482 1554 τελευτᾷ
1505 1485 1534 1536 ὁ
1561 1484 1730 1553 αὐτῆς
1754 1483 1934 1552 πατὴρ

357 1578 718 1649 Ἡράκλειτος
747 1577 775 1628 ὁ
814 1575 976 1644 σοφὸς
1014 1573 1322 1644 Ἀθηναῖος.
1359 1575 1517 1628 Μετὰ
1549 1575 1604 1628 δὲ
1631 1575 1731 1646 τὴν
1766 1573 1933 1628 αὐτοῦ

343 1669 655 1724 ἁποϐίωσιν
685 1668 779 1720 καὶ
808 1667 900 1718 τοῦ
931 1664 976 1696 ³²
997 1665 1135 1734 δῆλα
1160 1665 1419 1734 γενέσθαι
1441 1665 1508 1719 τὰ
1529 1665 1935 1718 διατυπωθέντα

344 1763 385 1832 ἡ
416 1759 567 1830 αὐτὴ,
607 1759 653 1790 ³³
690 1752 942 1824 Ἂθηναῒς
981 1756 1110 1818 τοὺς
1164 1757 1366 1826 ἑαυτῆς
1414 1755 1678 1824 ἀδελφοὺς
1741 1754 1934 1808 ἐδυσώ-

2031 583 2114 628 rat
2157 575 2391 628 Felicem
2427 574 2615 628 urbem
2643 582 2868 643 petere,
2908 576 3130 628 amitam
3178 591 3332 628 suam
3367 593 3614 631 conven-

2033 674 2173 728 tura,
2209 665 2310 718 hac
2329 679 2491 732 quam
2516 663 2714 718 dicturi
2745 678 2934 717 smnus
2964 663 3276 718 occasione.

2103 751 2408 812 Heraclitus
2458 751 2836 822 phi1080phus,
2889 752 3034 806 illius
3075 763 3248 822 pater,
3301 769 3424 807 cum
3479 755 3614 808 duos

2032 844 2258 898 haberet
2285 843 2444 906 filios,
2477 844 2777 897 moriturus
2804 853 3190 897 testamentum
3223 845 3486 908 condidit,
3507 863 3618 914 quo

2032 935 2170 990 duos
2235 934 2356 988 illos
2408 933 2567 998 ﬁlios,
2597 931 2946 988 Valerianum
2996 943 3053 988 et
3101 935 3344 998 Gesium,
3399 952 3464 990 ex
3497 953 3619 991 asse

2033 1027 2249 1096 scripsit
2309 1025 2575 1088 haeredes,
2625 1025 2776 1080 hisce
2831 1025 3017 1080 verbis
3068 1026 3340 1094 adjectis:
3387 1046 3406 1076 ι
3444 1029 3617 1082 Athe-

2033 1119 2179 1173 naidi
2211 1132 2342 1172 vero
2371 1115 2850 1171 desideratissimtc
2873 1115 2997 1170 ﬁliae
3021 1133 3157 1171 meae
3182 1118 3307 1172 volo
3345 1119 3460 1172 dari
3482 1121 3622 1173 dun-

2037 1219 2184 1264 taxat
2222 1221 2442 1264 centum
2479 1223 2736 1263 nummos
2786 1227 2799 1262 :
2851 1209 3049 1263 sufficit
3099 1209 3246 1264 enim
3290 1211 3362 1264 illi
3400 1212 3619 1267 fortuna

2035 1317 2152 1365 sua,
2209 1316 2331 1370 quae
2373 1301 2649 1354 fortunam
2681 1315 2899 1353 omnem
2950 1301 3269 1355 muliebrem
3319 1305 3552 1357 excedit.
3597 1323 3615 1354 ι

2035 1397 2212 1464 Atque
2266 1393 2339 1448 ita
2397 1393 2628 1448 moritur
2691 1402 2846 1463 pater
2897 1392 3204 1450 Heraclitus
3259 1397 3622 1468 ρΙιὶΙοεομΙιιιε

2035 1485 2407 1539 Atheniensis.
2442 1484 2572 1539 Post
2593 1494 2824 1540 mortem
2849 1501 2982 1560 vero
3010 1486 3174 1551 illius,
3202 1489 3468 1542 Athenais
3495 1504 3620 1544 eum.

2036 1590 2158 1644 quae
2191 1575 2246 1628 in
2284 1584 2516 1644 paterno
2559 1584 2891 1629 testamento
2920 1587 3142 1630 exarata
3189 1587 3347 1632 erant
3375 1580 3623 1650 accepis-

2038 1674 2141 1729 set,
2195 1665 2394 1720 fratres
2449 1681 2600 1732 suos,
2663 1674 2854 1735 utpote
2911 1676 3040 1720 natu
3099 1669 3356 1738 majores,
3405 1671 3621 1726 illorum

2038 1757 2200 1811 etiam
2249 1757 2479 1826 pedibus
2505 1757 2782 1819 advoluta,
2815 1757 3044 1827 rogavit,
3077 1768 3156 1823 ut,
3179 1761 3494 1829 posthabito
3527 1777 3622 1832 pa-

347 1823 448 1906 ⁴πει
481 1823 618 1923 (ὅθ),
651 1849 727 1912 ὡς
777 1847 1033 1919 μείζονας
1067 1847 1231 1910 ὄντας
1407 1823 1646 1916 ἠλικίαν,
1696 1845 1936 1916 προσπί-

2042 1849 2140 1916 tris
2165 1823 2514 1910 testamento,
2533 1849 2749 1902 tertiam
2780 1823 3116 1904 hazr'editatis
3145 1823 3354 1918 partem
3388 1851 3490 1905 sibi
3523 1823 3626 1906 ha-

349 1957 571 1994 πτουσα
622 1938 810 2000 αὐτοῖς
853 1938 949 1990 καὶ
993 1937 1222 1989 αἰτοῦσα
1260 1935 1336 2007 μὴ
1385 1935 1646 2007 προσχεῖν
1695 1938 1762 2007 τῇ
1795 1937 1935 2007 αὐτῇ

345 2032 612 2103 διαθήκῃ,
647 2028 785 2083 ἀλλὰ
817 2028 880 2080 τὸ
905 2028 1088 2098 τρίτον
1119 2027 1289 2098 μέρος
1320 2027 1506 2080 λαϐεῖν
1533 2027 1636 2096 τῆς
1677 2025 1939 2096 πατρῴας

347 2123 699 2194 περιουσίας,
745 2119 980 2190 λέγουσα
1038 2119 1205 2188 μηδὲν
1255 2117 1665 2189 ἡμαρτηκέναι,
1707 2117 1824 2170 ἀλλ’
1849 2118 1936 2170 ὅτι

353 2233 379 2266 ε
419 2214 530 2267 Καὶ
556 2214 716 2284 ὑμεῖς
743 2212 1046 2281 γινώσκετε
1073 2210 1134 2262 τὸ
1159 2209 1205 2241 ³⁵
1225 2209 1344 2272 πῶς
1379 2208 1666 2279 διεκείμην
1685 2207 1824 2279 πρὸς
1847 2207 1939 2260 τὸν

347 2305 542 2360 κοινὸν
564 2306 597 2374 ἡ
607 2303 726 2376 μῶν
763 2301 1003 2384 πατέρα,
1038 2302 1134 2354 καὶ
1164 2302 1266 2355 οὐκ
1305 2297 1424 2354 οἴδα
1445 2301 1532 2354 διὰ
1553 2300 1607 2352 τί
1637 2299 1842 2370 ἄπορόν
1873 2317 1942 2369 με

347 2395 649 2451 κατέλιπεν
705 2393 916 2464 μέλλων
971 2393 1235 2463 τελευτᾷν
1291 2393 1388 2445 καὶ
1433 2391 1702 2462 εὐπορίας
1759 2394 1941 2462 τυχεῖν

349 2489 502 2558 μετὰ
531 2486 630 2558 τὴν
659 2484 822 2538 αὐτοῦ
872 2483 1144 2554 νέκρωσιν
1199 2482 1494 2554 ἐχαρίσατό
1545 2499 1655 2552 μοι.
1726 2501 1745 2533 ι
1787 2483 1852 2536 Οἱ
1887 2483 1942 2535 δὲ

347 2580 530 2650 αὐτῆς
573 2579 795 2646 ἀδελφοὶ
859 2577 1086 2649 ἔμειναν
1137 2577 1406 2643 ἀπειθεῖς,
1447 2578 1542 2631 καὶ
1599 2577 1944 2648 ὀργισθέντες

345 2673 518 2742 312
564 2671 790 2737 ἐδίωξαν
842 2669 1014 2740 αὐτὴν
1063 2669 1160 2722 καὶ
1209 2671 1272 2721 ὲκ
1313 2668 1408 2722 τοῦ
1465 2667 1724 2739 πατρῴου
1763 2668 1944 2722 αὐτῶν

345 2764 536 2818 οῐκουο
573 2763 684 2815 Καὶ
719 2760 940 2826 ἐδέξατο
972 2760 1147 2831 αὐτὴν
1179 2757 1366 2814 λοιπὸν
1396 2760 1429 2828 ή
1483 2758 1690 2829 ἀδελφὴ
1719 2758 1822 2828 τῆς
1854 2775 1945 2826 γε-

345 2853 592 2924 νομένης
625 2851 799 2921 αὐτῆς
846 2851 1076 2922 μητρὸς,
1117 2853 1212 2903 καὶ
1261 2851 1324 2902 οὐ
1370 2850 1534 2918 μόνον
1575 2850 1650 2914 ὡς
1675 2851 1941 2920 ὀρφανὴν,

345 2944 494 2998 ἀλλὰ
544 2945 640 2997 καὶ
681 2943 758 3006 ὼς
803 2942 1076 3014 παρθένον
1115 2943 1211 2994 καὶ
1253 2941 1624 3010 ἀδελφόπαιδα
1679 2941 1944 3010 ἐφύλαξεν

350 3035 528 3103 αὐτήν
573 3047 586 3062 ⁸
639 3033 834 3103 ἥντινα
884 3032 1123 3086 λαϐοῦσα
1176 3033 1296 3102 μεθ’
1327 3033 1527 3104 ἑαυτῆς
1557 3033 1834 3102 ἀνήγαγεν
1886 3036 1945 3085 ἐν

350 3118 940 3173 Κωνσταντινουπόλει
1001 3119 1140 3190 πρὸς
1191 3121 1292 3190 τὴν
1339 3119 1510 3190 ἄλλην
1563 3119 1715 3173 θείαν
1769 3121 1942 3190 αὐτῆς
1971 3161 2012 3218 c

345 3211 456 3282 τὴν
489 3211 726 3280 ἀδελφὴν
771 3209 864 3264 τοῦ
914 3211 1084 3281 αὐτῆς
1122 3212 1330 3281 πατρὸς
1389 3211 1774 3282 Ἡρακλείτου.
1833 3213 1944 3264 Καὶ

344 3299 624 3355 λαϐοῦσαι
657 3300 830 3373 αὐτὴν
875 3302 1146 3370 ἐποίησαν
1187 3301 1418 3366 ἀξίωσιν
1453 3305 1595 3356 κατὰ
1625 3303 1736 3358 τῶν
1772 3306 1944 3374 αὐτῆς

343 3390 622 3458 ἀδελφῶν,
672 3391 768 3444 καὶ
821 3392 1130 3462 προσῆλθον
1173 3395 1240 3464 τῇ
1290 3395 1658 3469 εὐσεϐεστάτη
1687 3396 1944 3468 δεσποίνῃ

345 3481 668 3553 Πουλχερίᾳ
701 3484 770 3553 τῇ
792 3483 998 3554 ἀδελφῇ
1043 3485 1332 3538 θεοδοσίου
1385 3485 1480 3539 τοῦ
1527 3487 1814 3556 βασιλέως,
1848 3491 1946 3540 καὶ

343 3571 606 3636 ἐδίδαξαν
633 3571 710 3635 ὼς
747 3571 1044 3642 βιαζομὲνη
1073 3575 1226 3644 παρὰ
1266 3573 1374 3628 τῶν
1409 3576 1556 3629 ἰδίων
1583 3577 1752 3648 αὐτῆς
1784 3579 1944 3632 ἀδελ-

345 3663 496 3730 φῶν,
521 3662 881 3734 διαλεγομένη
907 3664 952 3694 ⁸⁸
980 3664 1302 3736 ὲλλογίμως.
1329 3668 1440 3720 Kal.
1468 3668 1754 3738 ἑωρακὸσα
1782 3670 1826 3702 ³⁵
1855 3671 1946 3724 αὐ-

349 3755 458 3824 τὴν
503 3756 536 3824 ἠ
571 3755 710 3823 αὐτὴ
733 3754 993 3808 δέσποινα
1028 3757 1072 3788 ³⁷
1110 3757 1416 3828 Πουλχερία
1440 3759 1690 3830 εὐπρεπῆ
1723 3761 1820 3816 καὶ
1852 3761 1942 3814 ὲλ-

343 3845 604 3914 λόγιμον,
642 3847 1002 3916 ἐπηρώτησεν
1037 3846 1135 3910 τὰς
1173 3849 1342 3919 αὐτῆς
1389 3848 1541 3914 θείας
1572 3853 1622 3902 εἰ
1651 3851 1769 3904 ἔστι
1795 3869 1943 3920 παρ-

346 3933 532 3996 θένος.
563 3933 677 3986 Καὶ
726 3934 979 4006 ἐδιδάχθη
1007 3936 1090 3988 ὅτι
1130 3937 1400 4006 παρθένος
1453 3938 1799 4006 πεφύλακται
1837 3940 1946 3992 ἀπὺ

345 4017 451 4072 τοῦ
480 4019 650 4089 αὐτῆς
687 4020 896 4090 πατρὸς
929 4021 1026 4074 καὶ
1056 4021 1138 4074 ὅτι
1188 4023 1276 4076 διὰ
1305 4023 1480 4092 λόγων
1531 4025 1744 4079 πολλῶν
1778 4023 1946 4096 ἦκται

349 4110 700 4179 φιλοσοφίας,
751 4112 1037 4166 ἐκέλευσεν
1097 4115 1142 4146 ³⁸
1202 4115 1374 4185 αὐτὴν
1425 4118 1544 4188 ἅμα
1599 4121 1720 4180 ταῖς
1774 4119 1945 4188 αὐτῆς

349 4200 532 4264 θείαις
559 4201 648 4254 διὰ
677 4203 1148 4276 κουϐικουλαρίων
1181 4206 1522 4278 φυλαχθῆναι
1555 4210 1652 4262 καὶ
1689 4213 1944 4282 περιμεῖ-

349 4310 468 4354 ναι,
495 4293 758 4359 λαϐοῦσα,
794 4296 984 4366 φησὶν,
1013 4299 1112 4368 τὴν
1148 4297 1333 4368 δύησιν
1361 4302 1493 4372 παρ’
1524 4305 1693 4372 αὐτῆς
1723 4303 1944 4374 εἰσῆλθε

354 4383 500 4452 πρὸς
529 4385 624 4436 τὸν
665 4385 796 4438 ἴδιον
843 4387 1076 4456 ἀδελφὸν
1124 4387 1405 4443 Θεοδόσιον
1447 4391 1540 4445 τὸν
1569 4393 1816 4462 βασιλέα,
1852 4396 1947 4448 καὶ

2039 1941 2166 1995 bere
2189 1939 2456 2005 sinerent,
2471 1955 2595 1993 cum
2621 1939 2830 1994 diceret
2851 1940 2987 1993 nihil
3015 1955 3075 1994 se
3097 1956 3356 2010 peccasse
3397 1961 3409 1994 :
3439 1961 3457 1992 ι
3479 1941 3621 2008 Quin

2038 2031 2242 2104 potius,
2271 2030 2472 2098 aiebat,
2505 2038 2676 2084 testes
2707 2029 2928 2100 ipsimet
2965 2031 3118 2095 estis,
3147 2047 3253 2100 qua
3283 2033 3499 2086 ratione
3529 2048 3626 2086 er-

2038 2138 2103 2194 ga
2131 2137 2482 2177 communem
2519 2132 2805 2192 parentem
2838 2138 2924 2176 mc
2952 2123 3236 2194 gesserim.
3255 2123 3412 2178 Unde
3441 2127 3630 2179 nescio

2039 2227 2138 2266 cur
2168 2211 2484 2278 moriturus,
2520 2211 2650 2267 dum
2683 2227 2772 2267 me
2802 2212 3020 2282 inopem
3057 2214 3338 2282 relinquit,
3382 2215 3626 2269 omnium

2040 2317 2223 2357 rerum
2271 2302 2428 2373 copia
2456 2312 2582 2372 post
2619 2303 2766 2357 illius
2799 2319 3088 2358 excessum
3131 2303 3234 2358 frui
3284 2305 3562 2375 largiatur.
3601 2325 3622 2356 ›

2042 2391 2244 2448 Verum
2271 2395 2590 2464 persuaderi
2633 2394 2832 2450 fratres
2874 2411 2984 2450 non
3029 2404 3279 2466 potuere,
3340 2397 3450 2450 imo
3507 2395 3631 2452 irati

2041 2495 2097 2540 ct
2136 2485 2282 2540 hanc
2314 2486 2608 2556 persecuti,
2661 2486 2826 2540 domo
2859 2494 3088 2555 paterna
3140 2487 3402 2543 excedere
3435 2503 3630 2558 coege-

2042 2586 2172 2630 runt
2212 2595 2224 2630 :
2263 2592 2427 2645 quam
2457 2576 2678 2646 excepit
2707 2576 2968 2645 deinceps
3017 2577 3208 2632 matris
3257 2577 3402 2632 illius
3451 2594 3631 2649 soror,

2041 2683 2220 2736 neque
2253 2667 2340 2721 illa
2369 2667 2543 2722 solum
2571 2674 2633 2720 ut
2663 2667 2948 2737 pupillam,
2982 2667 3080 2722 sed
3109 2676 3164 2721 et
3193 2675 3252 2720 ut
3275 2667 3538 2738 virginem
3567 2684 3634 2724 ac

2042 2761 2246 2815 sororis
2276 2760 2438 2814 filiam
2472 2768 2646 2814 tutata
2685 2769 2788 2814 est.
2820 2759 2972 2814 Hanc
3002 2759 3203 2815 deinde
3228 2775 3417 2814 secum
3455 2760 3633 2815 addu-

2043 2853 2118 2906 xit
2144 2851 2676 2920 Constantinopolim
2709 2851 2774 2906 ad
2802 2851 2968 2905 aliam
2997 2851 3221 2905 amitam
3257 2867 3434 2911 suam.
3463 2853 3636 2922 patris

2044 2940 2304 2996 Heracliti
2349 2957 2618 2996 sororem.
2651 2943 2761 2996 Illa;
2813 2957 2977 2997 causa
3028 2943 3222 3012 puellae
3269 2953 3546 3012 suscepta.
3579 2955 3638 2998 et

2043 3030 2257 3084 actione
2289 3036 2480 3084 contra
2513 3029 2661 3083 illius
2692 3029 2890 3085 fratres
2920 3031 3192 3096 instituta,
3220 3031 3478 3087 adierunt
3501 3034 3637 3103 piis-

2045 3119 2239 3174 simam
2269 3119 2545 3174 dominam
2570 3118 2936 3184 Pulcheriam,
2956 3121 3254 3176 Theodosii
3283 3122 3639 3192 imperatoris

2047 3227 2310 3277 sororem,
2339 3211 2591 3280 hancque
2625 3219 2684 3266 ut
2726 3227 2756 3265 a
2789 3211 3052 3268 fratribus
3103 3222 3294 3267 exacta
3333 3213 3405 3266 sit
3433 3214 3638 3268 docue-

2045 3317 2106 3357 re
2141 3319 2154 3354 :
2189 3300 2335 3371 quod
2359 3307 2417 3354 et
2443 3299 2532 3354 illa
2567 3299 2832 3371 singulari
2859 3300 3173 3369 eloquentia
3206 3302 3484 3370 exposuit.

2115 3392 2346 3448 Domina
2376 3405 2505 3446 vero
2533 3389 2820 3446 Pulcheria
2849 3393 3087 3462 puellam
3125 3393 3441 3462 conSpicata
3461 3435 3477 3456 ,
3510 3393 3623 3447 for-

2045 3497 2134 3537 ma
2163 3496 2396 3552 prorsus
2432 3480 2690 3552 eleganti,
2723 3495 2787 3536 ac
2831 3482 3093 3550 praeclara
3127 3481 3345 3537 dicendi
3385 3483 3640 3537 facultate

2046 3573 2354 3644 praeditam,
2387 3573 2744 3644 interrogavit
2770 3571 2918 3627 illius
2943 3573 3158 3638 amitas,
3191 3588 3260 3626 an
3289 3573 3442 3643 virgo
3475 3587 3637 3628 esset.

2046 3667 2342 3736 Postquam
2383 3681 2516 3721 vero
2548 3665 2815 3736 virginem
2859 3680 2890 3719 a
2923 3675 3150 3734 parente
3185 3665 3355 3720 fuisse
3399 3667 3641 3720 custodi-

2047 3767 2156 3811 tam
2195 3756 2486 3821 intellexit,
2531 3770 2765 3825 eamque
2817 3755 3181 3825 philosophia:
3232 3755 3428 3811 studiis
3487 3760 3643 3826 lengo

2049 3857 2296 3918 tempore
2347 3847 2683 3913 institutam,
2711 3847 2878 3916 jussit
2909 3848 3053 3902 illam
3087 3863 3194 3902 una
3227 3863 3351 3902 cum
3397 3848 3580 3902 amitis
3612 3865 3642 3903 a

2047 3939 2404 3994 cubiculariis
2443 3938 2734 3999 custodiri,
2764 3947 2819 3991 et
2855 3938 3254 4006 aliquantulum
3279 3946 3600 4007 exspectare
3627 3955 3640 3990 :

2047 4039 2410 4099 acceptoque,
2441 4037 2500 4083 ut
2534 4029 2709 4095 aiunt,
2744 4029 2978 4098 supplici
3021 4029 3168 4084 illius
3192 4030 3398 4094 libello,
3425 4031 3494 4085 ad
3527 4031 3642 4084 fra-

2049 4131 2188 4176 trem
2221 4120 2594 4176 Theodosium
2623 4119 2907 4190 ingressa:
2948 4138 2968 4170 ι
3015 4121 3224 4184 Inveni,
3258 4121 3454 4189 inquit,
3487 4120 3644 4189 pucl-

2049 4217 2178 4282 lam,
2205 4232 2423 4288 puram,
2452 4215 2673 4288 egregie
2693 4223 2964 4280 ornatam,
2995 4215 3120 4269 exili
3145 4215 3392 4284 corporis
3411 4224 3641 4274 statura,

2049 4322 2184 4361 naso
2213 4305 2456 4372 decenti,
2495 4305 2642 4359 nivis
2673 4305 2844 4359 instar
2872 4303 3185 4369 candidam,
3207 4302 3383 4356 oculis
3410 4302 3640 4372 magnis.

2050 4397 2222 4469 gratia
2267 4396 2558 4467 singulari,
2597 4397 2798 4466 crispis
2837 4396 3011 4464 iisque
3045 4395 3202 4449 flavis
3245 4393 3482 4462 capillis,
3525 4411 3642 4448 mn—

355 4469 517 4528 εἷπεν
556 4476 706 4546 αὐτῷ
744 4477 828 4531 ὅτι
864 4497 882 4528 ι
938 4472 1120 4549 Ηῧρον
1171 4481 1441 4552 νεωτέραν
1469 4483 1736 4555 καθαρὰν,
1765 4484 1942 4539 εὐστο-

2057 4498 2182 4544 turo
2213 4489 2454 4552 incessu,
2504 4485 2800 4552 disertam,
2848 4485 3254 4548 Graecanicam,
3283 4483 3576 4554 virginem.
3616 4504 3634 4533 ›

353 4564 475 4629 λον,
535 4565 1074 4639 λεπτοχαρὰκτηρον,
1131 4568 1345 4638 εὔρινα,
1413 4573 1762 4643 ἀσπροτάτην
1816 4575 1949 4629 ὡσεὶ

355 4657 516 4728 χιὼν,
555 4659 1031 4730 μεγαλόφθαλμον,
1062 4662 1598 4735 ὐποκεχαρισμένην,
1628 4667 1948 4734 οὐλοξανθό-

353 4764 552 4818 κομον,
589 4752 918 4821 σεμνόποδα,
941 4753 1251 4823 ἐλλόγιμον,
1301 4756 1621 4828 Ἑλλαδικὴν
1647 4759 1782 4829 (5i),
1813 4776 1953 4829 παρ-

361 4843 538 4897 θένον.
577 4861 596 4895 ι
644 4845 703 4897 '0
730 4844 774 4877 ³⁸
803 4844 860 4898 δὲ
881 4843 1145 4909 ἀκούσας,
1170 4845 1246 4910 ὡς
1274 4847 1558 4920 νεώτερος,
1591 4849 1832 4922 ἀνήφθη,
1857 4853 1949 4905 καὶ

279 5179 308 5240 .-"
434 5191 544 5263 (49)
592 5192 998 5268 ’Πρὰκᾼειτςὶᾳ
1029 5195 1294 5252 Leontius
1321 5197 1628 5268 appellatur
1663 5213 1694 5253 α
1723 5198 1951 5254 Socrate

355 5261 456 5336 Iib.
485 5261 608 5336 vir1
631 5279 750 5332 cap.
779 5265 840 5318 2|
865 5282 885 5336 ί
911 5263 1248 5336 Theophane
1286 5261 1435 5322 anno
1480 5283 1532 5322 ιιι
1581 5268 1794 5324 Theod.
1847 5268 1950 5324 Ce-

353 5335 552 5407 dreno,
575 5331 847 5407 Sym’eone
864 5331 1181 5407 Logoth'.,in
1197 5335 1402 5392 Chron.
1424 5353 1526 5392 ms.
1539 5338 1944 5400 ,Manasse,etc.

425 5403 545 5473 (50)
587 5402 970 5459 Ἐδυσώπειῖ
1003 5406 1344 5476 Hesychius,
1397 5410 1722 5474 ποτνιᾶται,
1771 5410 1946 5462 δυσω-

2057 4579 2182 4635 Haec
2210 4580 2373 4635 simul
2418 4579 2466 4635 is
2499 4579 2727 4640 audivit,
2773 4577 2845 4631 uti
2877 4577 3097 4646 juvenis
3130 4576 3349 4638 exarsit,
3381 4581 3436 4628 et
3460 4589 3646 4628 accer-

2058 4674 2165 4727 sito
2217 4672 2369 4726 socio
2410 4687 2513 4726 suo
2541 4679 2598 4725 et
2635 4669 2814 4724 amico
2863 4667 3124 4731 Paulino,
3159 4667 3352 4738 petivit
3393 4682 3423 4720 a
3458 4681 3645 4721 sorore

2061 4779 2179 4826 sua,
2218 4771 2300 4826 nt,
2341 4763 2526 4832 specie
2548 4761 2772 4816 alterius
2803 4759 3089 4830 cujusdam
3110 4759 3335 4830 negotii,
3375 4757 3642 4812 Athenai-

2061 4854 2186 4909 dem
2219 4855 2276 4909 in
2309 4870 2468 4910 suum
2516 4853 2831 4909 cubiculum
2864 4852 3178 4917 adduceret,
3209 4867 3372 4921 quam
3407 4867 3504 4922 per
3544 4863 3643 4906 ve-

1684 5041 2006 5100 DUCANGH
2061 5044 2296 5101 NOTAE.

2057 5204 2153 5255 πεῖ
2169 5244 2183 5264 ,
2223 5203 2586 5258 ἐπικαλεῖται.

2060 5342 2072 5353 υ
2117 5273 2242 5396 t(‘51)
2309 5273 2698 5340 'Elladmﬁr.
2765 5275 3056 5340 Achivam,

2060 5359 2110 5396 ιη
2159 5384 2173 5396 .
2212 5359 2286 5396 ιν.

2057 5359 2173 5398 ιηα.
2212 5359 2286 5397 ιν.

3132 5273 3429 5332 Marcellin.
3495 5287 3636 5328 com.

1638 5565 1872 5622 VAHIAS
1911 5567 2322 5624 LECTIONES.

467 5692 512 5726 "
546 5693 668 5769 τοῦ.
701 5693 848 5769 Fort.
882 5697 961 5750 τό.
1045 5697 1283 5769 ί³³μαύτὴ
1304 5699 1358 5752 δὲ
1386 5699 1447 5756 P.
1546 5703 1590 5734 ⁸⁴
1626 5703 1686 5755 τὸ
1716 5718 1824 5754 0m.
1859 5701 1918 5756 P.

2022 5704 2066 5734 ³⁸
2095 5701 2488 5773 διαλεγομένην
2513 5701 2575 5757 Ρ.
2653 5703 2696 5735 ⁸⁸
2721 5703 3002 5774 ἑωρακυῖα
3037 5701 3094 5755 Ρ.
3207 5701 3250 5732 ³⁷
3279 5698 3551 5754 δέσποινα.
3608 5698 3642 5771 ἡ

355 5764 616 5824 δέσποινα
645 5765 704 5817 Ρ.
781 5767 824 5797 ³⁸
854 5770 948 5820 καὶ
980 5764 1283 5823 κελεύσασα
1312 5770 1551 5838 Malalas,
1593 5790 1716 5844 pag.
1749 5772 1872 5838 554,
1905 5773 1988 5826 18.
2028 5785 2071 5812 δι’
2099 5775 2147 5826 ὁ.
2183 5764 2343 5838 ωςῬζ
