4040 6452
247 395 364 472 797

1453 399 1888 466 ΟΙῙΗΟΝΙΕΟΝ
1927 401 2334 465 PASCIIALE.

3405 399 3512 461 798

243 537 404 591 φορῳ
430 521 486 570 ἐν
514 514 595 586 τῷ
627 513 945 586 καλουμένῳ
988 511 1282 584 Ξηρολόφῳ
1314 515 1442 582 μηνὶ
1476 512 1709 582 Πανὲμῳ
1732 509 1823 580 πρε

1939 509 2250 580 Xerolopho
2299 511 2602 580 appellato,
2651 524 2838 564 mense
2880 507 3137 573 Panemo,
3189 523 3253 562 ex
3283 525 3335 562 a.
3370 509 3426 564 (Β.
3463 527 3509 564 vx

246 621 306 681 ς’
341 611 494 666 ἰδῶν
530 607 768 662 ⁹Ιουλίων
793 607 976 678 ἡμέρᾳ
1009 603 1271 676 Σαϐϐάτῳ
1311 603 1447 676 (56).

327 703 426 776 Τῷ
465 701 606 771 αὐτῷ
643 701 756 754 ἔτει
787 699 1030 768 ἐδηλώθη
1089 699 1215 768 νίκη
1273 695 1414 750 κατὰ
1467 695 1692 768 Περσῶν
1722 695 1832 763 (57)

262 799 400 868 μηνὶ
424 793 694 865 Γορπιαίῳ
727 792 837 863 πρὸ
871 789 918 863 η’
962 789 1106 844 Ἰδών
1134 787 1522 859 Σεπτεμϐρίων
1546 787 1732 858 ἡμέρᾳ
1761 792 1832 854 γ’.

325 1075 454 1130 ἰνδι
490 1079 553 1130 ε’.
588 1073 671 1130 ιδ’.
703 1073 799 1128 ὐπ.
842 1069 1100 1140 Ὃνωρίου
1129 1069 1190 1123 τὸ
1217 1075 1285 1138 ιγ’
1305 1069 1400 1124 καὶ
1421 1063 1704 1124 Θεοδοσίου
1727 1069 1834 1121 Αὐ-

237 1167 480 1236 γούστου
508 1169 570 1219 τὸ
595 1173 648 1218 ι’.
1535 1153 1538 1156 ί

327 1259 456 1312 Ἐπὶ
486 1255 695 1311 τούτων
745 1255 856 1309 τῶν
910 1253 1134 1307 ὑπάτων
1162 1252 1336 1320 ἐφάνη
1389 1252 1448 1303 ὲν
1497 1251 1576 1322 τῷ
1618 1250 1832 1323 οὐρανῷ

245 1349 426 1420 ἀστὴρ
474 1347 716 1418 πέμπων
747 1347 941 1400 ἀκτῖνα
983 1345 1126 1398 πάνυ
1163 1345 1414 1414 ἐπιμήκη
1459 1343 1659 1414 λευκὴν
1702 1344 1834 1412 μηνὶ

249 1441 479 1510 Δύστρῳ
504 1439 582 1500 ὼς
603 1439 699 1490 ἐπὶ
719 1436 920 1500 νύκτας
951 1441 983 1487 ι’
1017 1434 1156 1506 μετὰ
1185 1433 1542 1504 ἀλεκτρυόνα,
1567 1433 1658 1486 καὶ
1687 1431 1834 1503 αὐτῷ

244 1531 322 1598 τῷ
354 1533 464 1583 ἔτει
493 1531 711 1598 ἐγένετο
743 1527 986 1596 σεισμός.

328 1709 454 1763 Ἰνδ.
500 1709 577 1774 ς’.
613 1705 692 1760 ιε’.
737 1704 835 1760 ὐπ.
885 1703 1336 1775 ’Δσκληπιρδότου
1365 1703 1458 1756 καὶ
1478 1701 1833 1774 Μαρινιανοῦ.

1935 602 2061 658 Idus
2087 603 2278 667 Iulias,
2310 603 2398 657 die
2431 603 2675 657 Sabbati.

2003 694 2208 749 Eodem
2243 695 2348 749 hoc
2393 709 2538 748 anno
2583 693 2832 747 nuntiata
2866 698 2952 746 est
2983 691 3210 746 victoria
3237 691 3303 744 de
3337 689 3512 743 Persis

1933 786 2124 850 relata,
2173 801 2361 840 mense
2411 783 2680 854 Corpiaeo,
2711 799 2776 840 ex
2807 799 2858 838 a.
2891 783 2948 838 (Ι.
2993 799 3088 838 VIII
3122 783 3244 837 ldus
3274 782 3515 850 Septem-

1933 881 2078 941 bres,
2105 879 2239 932 feria
2267 895 2345 932 ιιι.

1933 963 1996 1022 Α.
2029 968 2091 1022 C.

2003 1060 2128 1115 422.
2159 1059 2244 1118 (Α.
2281 1075 2310 1112 a
2339 1058 2408 1112 Μ.
2432 1057 2492 1113 C.
2517 1057 2677 1124 5950)
2704 1073 2815 1112 xlv.
2847 1056 2966 1111 Ind.
3005 1072 3058 1108 ν.
3090 1055 3197 1109 Ho-

1934 1153 2090 1208 norio
2111 1152 2235 1206 XIII
2263 1161 2318 1206 et
2348 1151 2658 1205 Theodosio
2689 1149 2935 1220 Augusto
2972 1147 3014 1201 Χ
3040 1163 3183 1204 coss.
3243 1149 3298 1202 2.

2008 1244 2100 1298 llis
2131 1259 2274 1300 coss.
2309 1242 2461 1297 sidus
2505 1243 2559 1296 in
2603 1243 2741 1297 emlo
2785 1243 3069 1312 apparuit,
3107 1255 3198 1294 ra—

1933 1336 2082 1390 dium
2112 1335 2402 1404 quemdam
2424 1333 2717 1389 candidum
2733 1349 2796 1386 ac
2822 1333 3196 1402 longissinnnn

1934 1425 2288 1496 promittens,
2310 1439 2504 1479 mense
2533 1424 2746 1494 Dystro,
2767 1439 2864 1492 per
2879 1433 3069 1478 noctes
3091 1423 3198 1476 cir-

1935 1517 2071 1572 citer
2097 1534 2130 1572 ι
2163 1525 2288 1587 post
2320 1515 2656 1588 gallicinium
2682 1533 2694 1568 :
2727 1514 3026 1584 eodemque
3053 1530 3200 1569 anno

1936 1617 2102 1662 terrae
2125 1617 2308 1662 motus
2334 1607 2508 1662 laetus
2535 1618 2638 1662 est.

2005 1694 2132 1750 425.
2165 1711 2253 1749 xv.
2283 1695 2401 1749 Ind.
2436 1711 2508 1750 vr.
2540 1695 2919 1765 Asclepiodoto
2941 1702 2998 1748 et
3035 1693 3197 1748 Mari-

1843 1824 1854 1836 .
1938 1784 2102 1840 niano
2134 1802 2278 1841 coss.
2993 1833 3000 1838 .
3245 1788 3300 1843 5.

323 1884 454 1937 Ἐπὶ
479 1882 686 1936 τούτων
721 1882 828 1935 τῶν
870 1881 1090 1935 ὑπάτων
1140 1879 1484 1950 ἀνηγορεύθη
1517 1882 1551 1950 ὴ
1599 1878 1823 1934 Εὐδοκξα

2006 1875 2103 1933 llis
2141 1893 2284 1933 coss.
2326 1875 2563 1932 Eudocia
2607 1879 2917 1933 renuntiata
2958 1889 3045 1934 est
3085 1881 3198 1934 Au-

237 1973 532 2042 Ᾱῦγουστα
568 1974 699 2043 μην).
724 1971 1006 2043 Αὐδυναίῳ
1029 1971 1134 2043 πρὸ
1163 1971 1204 2024 δ’
1225 1971 1430 2024 Νωνῶν
1468 1970 1830 2040 Ἰανουαρίων,

235 2067 339 2119 καὶ
386 2066 578 2120 πολλοὶ
621 2067 838 2135 σεισμοὶ
899 2063 1012 2136 (58)
1064 2063 1312 2133 ἐγένοντο
1364 2063 1548 2132 ἡμέρᾳ
1606 2061 1834 2132 δευτέρᾳ

231 2155 393 2229 ὥραν
413 2157 649 2226 δεκάτην
678 2159 811 2228 μην).
831 2154 1081 2225 Ξανθικῷ
1119 2155 1224 2226 πρὸ
1246 2154 1291 2220 ζ’
1340 2153 1486 2208 Ἰδῶν
1518 2152 1828 2226 Ἀπριλξων.

789 2334 875 2380 τα¹
927 2327 1277 2395 Ὀλυμπιάς.

319 2420 445 2474 Ἰνδ.
475 2421 540 2485 ζ’.
575 2421 800 2534 ις’ζύπ.
839 2421 1115 2492 Βίκτωρος
1141 2421 1238 2474 καὶ
1259 2421 1555 2476 Καστίνου.

318 2597 442 2652 Ἶνδ.
477 2602 546 2667 η’.
582 2597 667 2662 ιζ’.
697 2599 797 2650 ὐπ.
849 2597 1137 2651 Θεοδοσίου
1197 2597 1512 2666 Αὐγούστου
1551 2597 1612 2650 τὸ
1639 2603 1705 2650 ια’
1737 2597 1831 2650 καὶ

229 2689 697 2744 Οὐαλεντινιανοῦ
727 2689 1030 2760 Καίσαρος.

303 2780 477 2854 314
547 2781 673 2833 Ἐπὶ
731 2779 941 2834 τούτων
983 2781 1093 2834 τῶν
1147 2781 1370 2834 ὑπάτων
1421 2779 1640 2852 ἐπήρθη
1693 2780 1828 2852 (58‘)

228 2873 342 2930 ὑπὸ
390 2870 670 2925 δεοδοσεου
707 2871 830 2925 νέου
862 2871 1177 2941 Αὐγούστου
1228 2870 1670 2934 Οὐαλεντινιανὺς
1712 2869 1830 2934 νέος

224 2962 550 3031 Αὔγουστος
605 2964 738 3036 μηνὶ
806 2962 1254 3035 Ὑπερϐερεταίῳ
1313 2963 1419 3033 πρὸ
1455 2968 1486 3016 ι’
1531 2961 1831 3016 Καλανδῶν

230 3059 346 3111 Noe
355 3057 584 3128 μϐρίων.

319 3148 438 3203 Ἰνδ.
473 3149 538 3206 0'.
577 3149 666 3220 ιη’.
699 3151 795 3204 ὐπ.
829 3147 1116 3202 Θεοδοσίου
1164 3147 1478 3215 Αὐγούστου
1521 3147 1584 3201 τὸ
1640 3146 1707 3217 ιβ’
1733 3147 1830 3202 κα).

225 3239 690 3295 Οὐαλεντινιανοῦ
721 3239 842 3292 νέου
871 3239 916 3270 ⁵²
947 3236 1259 3306 Αὐγούστου
1285 3235 1346 3291 τὸ
1372 3237 1416 3307 β’
1445 3236 1578 3308 (59).

313 3331 442 3388 Ἰνδ.
501 3339 556 3387 ι’.
605 3332 690 3387 ιϐ’.
746 3331 843 3386 ὐπ.
885 3329 1076 3402 Ἱερίου
1107 3329 1219 3401 (60)
1263 3331 1358 3384 καὶ
1416 3329 1820 3402 Ἀρδαϐουρίου.

312 3521 444 3574 Ἐπὶ
496 3519 703 3574 τούτων
755 3517 868 3572 τῶν
910 3519 1134 3574 ὑπάτων
1183 3518 1532 3592 ὲνεκαινίσθη
1567 3519 1629 3572 τὺ
1651 3520 1822 3592 δημό-

223 3631 350 3668 σιον
409 3613 521 3684 (61)
554 3613 618 3666 τὸ
670 3613 801 3668 ποτὲ
845 3612 946 3684 μὲν
989 3611 1494 3666 Κωνσταντινιαναὶ
1534 3612 1602 3677 ⁸³,
1633 3610 1730 3666 νῦν
1766 3613 1824 3665 δὲ

219 3704 604 3770 Θεοδοσιαναὶ,
629 3705 946 3768 τελέσαντας
969 3703 1103 3757 αὐτὸ
1135 3703 1327 3774 Ίερίου
1355 3701 1449 3756 τοῦ
1477 3701 1559 3767 δὶς
1584 3703 1826 3774 ἐπάρχου

220 3798 329 3851 καὶ
382 3797 594 3852 ὑπάτου
637 3798 681 3829 ⁸⁸
719 3796 851 3866 μηνὶ
914 3795 1358 3867 Ὑπερϐερεταίῳ
1405 3795 1513 3866 πρὸ
1549 3785 1591 3848 έν
1623 3795 1827 3850 Νωνῶν

232 3889 614 3959 Ὀκτωϐρίων.

777 4057 868 4120 τβ¹
913 4053 1264 4124 Ὀλυμπιάς.

318 4147 438 4204 ἰνδ.
475 4155 566 4202 ια’.
609 4155 677 4202 κ’.
713 4149 808 4202 ὑπ.
843 4146 1079 4219 Φήλικος
1111 4147 1208 4198 καὶ
1233 4143 1506 4216 Ταύρου.·

313 4240 445 4296 Ἐπὶ
471 4241 681 4296 τούτων
725 4242 830 4296 τῶν
860 4239 1081 4293 ὑπάτων
1126 4237 1422 4292 Οὐάνδαλοι
1452 4235 1702 4308 εἰσῆλθον
1737 4236 1820 4297 εἰς

238 4331 306 4387 Ἀ
314 4335 534 4407 φρικήν.

1933 1981 2090 2041 gusta
2121 1986 2312 2026 mense
2335 1971 2637 2041 Audynmo,
2669 1987 2734 2026 ex
2763 1987 2813 2025 a.
2842 1973 2896 2026 d.
2931 1987 2980 2026 Iv
3017 1971 3200 2029 Nonas

1933 2062 2242 2128 Ianuarias,
2292 2063 2581 2132 crebrique
2624 2063 2778 2118 luere
2819 2073 2975 2117 terrae
3015 2072 3196 2117 motus

1934 2155 2070 2210 feria
2103 2171 2160 2218 ιι,
2186 2157 2320 2210 hora
2345 2171 2397 2219 x,
2432 2170 2620 2209 mense
2647 2155 2936 2219 Xantbico,
2967 2169 3032 2208 ex
3061 2170 3112 2206 ει.
3141 2153 3197 2208 d.

1933 2265 2007 2302 vn
2034 2249 2165 2305 ldus
2195 2249 2434 2318 Apriles.

2477 2337 2638 2394 CCCI
2669 2336 2962 2405 Olympias.

2004 2429 2130 2485 424.
2180 2445 2296 2485 xvt.
2345 2429 2465 2484 Ind.
2507 2445 2600 2483 vn.
2639 2428 2859 2482 Victore
2914 2437 2968 2480 et
3013 2424 3234 2480 Castino
3275 2474 3279 2480 .

1933 2530 2077 2572 coss.
3247 2513 3296 2566 ι.

2001 2606 2128 2660 425.
2165 2621 2294 2659 xvn.
2327 2605 2444 2658 Ind.
2479 2621 2590 2657 vm,
2623 2602 3196 2672 TlicodosioAnguslo

1933 2695 2002 2748 XI
2035 2706 2091 2752 et
2115 2695 2496 2750 Valentiniano
2525 2695 2740 2750 Caesare
2775 2711 2916 2749 coss.

2003 2785 2100 2840 His
2125 2801 2266 2841 coss.
2311 2785 2723 2840 Valentinianus
2757 2784 2953 2838 Ιιιιιιίοι·
2987 2783 3195 2838 levatus

1932 2885 2018 2932 est
2057 2877 2336 2948 Augustus
2379 2894 2409 2932 a
2457 2877 2765 2932 Theodosio
2804 2877 3030 2931 Juniore
3082 2877 3196 2930 Au-

1931 2974 2092 3038 gusto
2140 2981 2332 3022 mense
2383 2967 2824 3038 Hyperberetaao,
2870 2981 2936 3021 ex
2967 2982 3019 3022 a.
3065 2967 3120 3022 d.
3163 2983 3194 3020 x

1930 3058 2049 3114 Kal.
2085 3059 2444 3116 Novembres.

2003 3151 2128 3205 426.
2160 3167 2308 3204 ινιιι.
2337 3151 2457 3205 Ind.
2489 3166 2566 3205 ιιι.
2600 3148 2912 3204 Theodosio
2950 3148 3196 3218 Augusto

3245 2695 3260 2744 I
3277 2735 3290 2747 .
3322 2691 3431 2746 502

1931 3241 2030 3296 XII
2054 3251 2111 3296 et
2139 3241 2526 3295 Valentiniano
2555 3242 2800 3312 Augusto
2826 3239 2867 3293 Il
2898 3255 3040 3294 coss.
3245 3241 3296 3294 2.

2002 3333 2128 3388 427.
2159 3349 2274 3387 xxx.
2311 3332 2434 3388 Ind.
2475 3347 2528 3386 ι.
2568 3331 2752 3387 llierio
2793 3339 2850 3385 et
2891 3332 3194 3386 Ardaliurio

1929 3436 2074 3476 coss.
2257 3446 2267 3456 -
3242 3423 3300 3478 3.

2003 3512 2101 3569 His
2139 3527 2284 3568 coss.
2330 3511 2638 3567 dedicatum
2674 3521 2757 3568 est
2793 3513 3046 3568 balneum
3091 3529 3194 3583 pu-

1927 3602 2168 3667 blicum,
2225 3603 2355 3657 olim
2427 3603 2634 3658 dictum
2694 3604 3202 3668 Constantiniana},

1926 3709 2076 3748 nunc
2103 3709 2236 3748 vero
2261 3693 2678 3759 Theodosianaa,
2703 3710 2843 3766 opus
2871 3696 3194 3750 conﬁciente

1926 3783 2111 3838 Hierio
2147 3787 2345 3838 iterum
2375 3783 2632 3854 pml‘eeto
2669 3784 2798 3840 Urbi
2829 3793 2886 3839 et
2943 3785 3189 3849 consule,

1903 3889 2116 3949 .mense
2145 3874 2588 3946 Hyperberetaeo,
2612 3871 2700 3930 ἐι
2727 3891 2778 3929 a.
2813 3876 2870 3931 ό.
2907 3892 2961 3930 v.
3008 3877 3195 3930 Nonas

1923 3965 2207 4022 Octobres.

2429 4055 2632 4116 CCCI]
2685 4056 2977 4127 Olympias.

1995 4153 2121 4207 428.
2151 4169 2242 4207 xx.
2271 4151 2388 4206 Ind.
2416 4167 2490 4205 χι.
2514 4149 2694 4204 Felice
2724 4160 2782 4205 et
2817 4150 3000 4204 Tauro
3041 4166 3184 4206 coss.
3259 4152 3314 4205 4.

1999 4246 2096 4301 llis
2115 4259 2256 4300 coss.
2278 4243 2502 4298 Vandali
2523 4241 2762 4296 Africam
2790 4240 3014 4313 ingressi
3037 4251 3185 4297 sunt.

1561 4485 1885 4543 DUCANGII
1940 4484 2167 4542 NOTAE.

325 4648 418 4717 56)
463 4647 682 4717 Ἡμέρα
729 4646 1028 4714 Σαϐϐάτῳ.
1081 4645 1145 4700 In
1185 4645 1454 4717 ejusmodi
1511 4654 1818 4717 statuarum

1925 4645 2056 4717 περ).
2084 4643 2186 4715 τὴν
2215 4643 2410 4717 τρίτην
2440 4641 2537 4717 ita}
2581 4643 2772 4696 εἰκάδα
2795 4685 2810 4709 ,
2847 4641 3315 4717 Constantinopoli
3364 4647 3504 4702 scili-

217 4715 676 4788 dedicationibus
707 4719 810 4772 sub
837 4717 1186 4788 principibus
1234 4715 1567 4772 Christianis
1599 4724 1660 4771 ut
1689 4718 1816 4786 plu-

217 4789 430 4842 rimum
455 4785 986 4858 deligebantur'dies
1019 4785 1166 4858 festi,
1193 4801 1395 4858 neque
1433 4794 1616 4858 tamen
1669 4785 1814 4858 sem-

215 4873 349 4928 per,
376 4865 439 4928 ut
462 4873 528 4912 ex
554 4855 662 4928 illoc
688 4858 807 4928 loco
836 4864 1005 4926 patet.
1049 4857 1159 4911 Lex
1185 4855 1220 4910 2
1252 4855 1381 4928 cod.
1421 4855 1489 4928 de
1531 4856 1728 4928 statuis
1757 4863 1814 4928 et

218 4925 454 4997 imagin.
483 4942 498 4978 :
530 4927 589 4982 Si
611 4927 826 4998 quando
842 4925 1381 4998 ’nostrwstatnwrvel
1413 4925 1672 4998 imagines
1703 4927 1812 4998 eri-

213 4996 448 5068 guntur,
469 4998 583 5068 sive
601 4996 802 5068 diebus,
834 5005 891 5050 ut
921 4996 1142 5068 adsolet,
1177 4997 1344 5068 festis,
1364 4996 1487 5068 sine
1515 4997 1809 5068 commani-

218 5065 346 5130 δας,
376 5067 518 5121 adsit
549 5066 721 5121 Jndea:
757 5067 870 5120 sine
908 5065 1233 5121 adorationis
1262 5065 1538 5120 ambitioso
1569 5065 1807 5135 fastidio,

217 5147 282 5190 nt
308 5147 682 5192 ornamentum
701 5136 807 5190 diei
835 5144 884 5189 et
916 5135 1027 5191 loco
1055 5148 1103 5192 et
1137 5147 1328 5192 nostra:
1359 5136 1708 5190 recordatiom'
1726 5137 1811 5189 sui

217 5207 409 5277 probet
443 5208 716 5262 accessisse
743 5209 1102 5277 prementium.

295 5277 415 5343 (57)
452 5278 604 5344 Νίκη
637 5275 790 5330 κατὰ
818 5276 1086 5342 Περσῶν.
1110 5277 1464 5333 Marcellinus
1490 5290 1698 5330 eomes.

293 5346 410 5414 (5,8)
451 5345 678 5400 Πολλοὶ
704 5347 970 5414 σεισμοί.
1013 5347 1392 5414 Marcellinus,
1441 5355 1596 5402 terra:
1633 5354 1806 5400 motus

218 5416 490 5486 multisin
516 5416 644 5470 locis
673 5416 796 5486 fuit.

298 5482 441 5555 (58‘)
479 5482 765 5556 Ἐπήρθη.
799 5484 1014 5542 Socrat.
1043 5486 1138 5542 lib.
1171 5504 1258 5552 νι,
1290 5503 1412 5558 cap.
1439 5486 1530 5553 25,
1561 5484 1808 5556 ἐμηνύθη

1921 4711 2028 4780 cet,
2053 4711 2179 4768 cum
2207 4711 2478 4781 Augustus
2505 4711 2778 4767 Ravennae
2805 4725 2966 4769 antea
2997 4714 3182 4769 luisset
3210 4711 3507 4771 renuntia—

1921 4794 2028 4840 tus.
2067 4783 2203 4839 Vide
2231 4783 2396 4838 Notas
2418 4782 2620 4838 Valesii
2651 4783 2717 4838 ad
2753 4784 2905 4838 hunc
2934 4784 3114 4840 locum
3147 4783 3408 4850 Socratis,
3447 4797 3504 4843 et

1915 4853 2337 4911 Gottholredum
2367 4855 2420 4907 in
2450 4854 2698 4908 ehronol.
2729 4854 2852 4907 cod.
2878 4852 3090 4910 Theod.
3121 4855 3226 4908 hoc
3252 4873 3398 4912 anno

1989 4925 2102 4994 (59)
2144 4923 2467 4978 Θεοδοσίου
2507 4927 2655 4990 Aer.
2701 4923 2766 4994 τὸ
2802 4925 2898 4988 ιβ’.
2957 4923 3030 4994 [)e
3071 4925 3176 4980 hoc
3213 4928 3500 4984 consulatu

1915 4995 2034 5078 egit
2055 4993 2380 5050 Sirmondus
2418 4994 2485 5048 ad
2522 4993 2807 5050 Sidonium
2854 4995 2909 5048 in
2955 4993 3288 5066 Panegyrico
3331 4999 3498 5063 Aviti,

1913 5075 2096 5205 "litigi
2123 5135 2344 5200 Ἱερῶν.
2377 5135 2592 5205 De_quo
2622 5133 2764 5205 idem
2798 5135 3194 5192 Gottlrol‘redns
3221 5137 3274 5192 in
3299 5135 3500 5192 Prose-

1913 5203 2216 5276 pographia
2269 5205 2390 5276 eqd.
2435 5203 2644 5260 Tlieod.
2695 5204 2770 5276 De
2811 5207 3039 5263 thermis
3101 5209 3498 5264 'I'Iieodosianis

1911 5273 2151 5331 diximus
2199 5277 2254 5329 in
2299 5273 2754 5346 Constantinopol.
2783 5276 2976 5332 Clu-ist.
3010 5278 3104 5332 lib.
3153 5295 3192 5346 I,
3235 5289 3370 5336 sect.
3403 5279 3494 5345 27,

1914 5347 2096 5482 ΙΙ’(ἓῖ)
2141 5414 2215 5488 Τὸ
2243 5382 2560 5488 enueéior.
2586 5415 3048 5488 Constantinopol.
3089 5417 3286 5473 Christ.
3318 5415 3415 5474 lib.
3448 5433 3494 5486 I,

1915 5498 2049 5541 sect.
2079 5487 2172 5551 27,
2197 5501 2254 5538 n.
2293 5486 2361 5540 5.-

1522 5647 1754 5702 VAIlIIE
1783 5647 2189 5704 LECTIONES.

296 5769 346 5801 "
380 5775 503 5830 νέου
528 5793 636 5836 οιιι.
662 5780 722 5836 Ρ.
800 5783 846 5815 ⁵³
877 5784 1394 5842 Κωνσταντινιαναί.
1430 5784 1563 5840 Vide
1599 5784 1921 5858 Dueangius,
1958 5787 2095 5842 Hist.
2141 5783 2385 5856 Byzant.,
2418 5802 2469 5856 p.
2501 5785 2564 5851 II,
2599 5802 2715 5856 pag.
2751 5788 2810 5843 9|
2845 5803 2893 5843 s.
2983 5787 3027 5818 "'
3053 5783 3272 5838 ὑπάτων
3301 5774 3418 5837 RV-

3261 962 3344 1018 Ol.
3371 961 3513 1034 Iph.]
3629 947 3638 959 ’
