4040 6418
239 315 340 383 801

1433 286 1872 376 canonicos:
1910 317 2340 377 PASCHALE.‘

3391 323 3497 383 802

1931 432 1996 483 Α.
2030 431 2090 486 c.
3229 437 3336 515 [οι.
3361 437 3506 512 im}

242 513 686 570 σταντινουπόλει
719 511 1168 576 Οὐαλεντινιανδς
1198 513 1335 575 Νὲος
1360 511 1668 580 Δὺγουστος
1695 511 1827 581 μηνὶ

1935 531 2052 575 stus
2099 521 2247 576 venit
2287 521 2814 593 Constantinopolim
2863 542 3050 582 mense
3083 527 3188 600 lly-

257 605 700 680 ’Υπερδερεταίῳ
749 605 855 676 πρὸ
928 606 970 675 β’
1003 603 1298 658 Καλανδῶν
1336 603 1686 674 Νοεμϐρίων.
1718 603 1827 655 Καὶ

252 701 536 752 ἐπετέλεσε
563 699 693 760 τοὺς
723 697 887 752 αὑτοῦ
921 698 1136 768 γάμους
1163 697 1298 769 (70),
1349 693 1528 748 λαϐὼν
1572 694 1828 758 Εὐδοξίαν

257 792 352 862 τὴν
371 788 641 859 θυγατέρα
671 789 954 842 Θεοδοσίου
983 790 1078 844 καὶ⁸
1118 787 1376 850 Εὐδοκίας
1401 785 1724 855 Αὑγούστων
1757 785 1825 848 ⁸ο,

258 883 382 952 μηνὶ
419 879 862 950 Ὑπερϐερεταίῳ
910 879 1020 950 πρὸ
1052 879 1092 932 δ’
1143 877 1441 932 Καλανδῶν
1478 876 1826 948 Νοεμϐρίων,

252 975 340 1024 καὶ
367 972 526 1040 ἔσχεν
583 969 644 1035 ἐξ
701 971 876 1041 αὐτῆς
903 969 996 1024 δύο
1045 969 1374 1041 θυγατέρας,
1428 968 1692 1023 Εὐδοκὶαν
1734 968 1830 1020 καὶ

248 1059 562 1112 Πλακιδίαν.

325 1152 443 1205 Ἰνδ.
497 1157 574 1215 ς’.
623 1150 689 1204 λ’.
727 1151 820 1203 ὑπ.
857 1149 1138 1204 Θεοδοσίου
1194 1149 1504 1218 Αὐγούστου
1537 1149 1599 1203 τὸ
1629 1155 1703 1214 ις’
1735 1148 1828 1202 καλ⁵

241 1241 506 1296 Φαύστου.

330 1335 446 1389 ’1νδ.
490 1333 560 1398 ζ’.
591 1333 694 1388 λα’.
730 1335 825 1390 ὑπ.
869 1333 1152 1389 Θεοδοσίου
1203 1333 1512 1402 Αὐγούστου
1546 1332 1606 1386 τὸ
1639 1331 1704 1396 ιζ’
1735 1331 1829 1385 καὶ⁹

250 1426 474 1497 ⁴Ρήστου.

330 1517 414 1570 Ἐν
452 1519 629 1588 τούτῳ
664 1517 740 1587 τῷ
771 1517 881 1570 ἐτει
913 1517 1166 1571 ἐκέλευσε
1204 1515 1486 1578 Θεοδόσιος
1520 1513 1829 1582 Αὔγουστος

246 1610 314 1664 τὰ
364 1611 519 1680 τείχη
555 1610 666 1680 (71)
704 1606 890 1678 κύκλῳ
927 1608 1180 1678 γενέσθαι
1214 1610 1272 1661 ἐν
1320 1608 1427 1678 ὅλῳ
1455 1606 1534 1676 τῷ
1578 1605 1826 1676 παραθαο

246 1701 446 1772 λασσίῳ
467 1701 1114 1763 Κωνσταντινουπόλεως.
1152 1700 1264 1754 Καὶ
1289 1699 1436 1770 αὐτῷ
1463 1698 1543 1770 τῷ
1573 1698 1681 1752 ἔτει
1713 1700 1828 1751 elc-

1937 607 2290 677 perbcretaeo,
2325 624 2388 662 ex
2417 625 2465 662 ει.
2519 610 2574 664 d.
2616 627 2692 665 xu
2731 610 2848 665 Kal.
2896 613 3190 669 Novembr.

1936 706 1992 750 et
2025 711 2150 750 suas
2185 698 2484 752 celebravit
2516 699 2756 768 nuptias,
2815 709 3036 770 accepta
3084 701 3194 756 Eu-

1935 785 2113 850 doxia,
2149 785 2258 840 ﬁlia
2289 785 2578 842 Theodosii
2611 797 2667 842 et
2705 787 2955 844 Eudoeize
3004 793 3189 862 Augu-

1935 887 2052 942 stae,
2101 893 2288 932 mense
2343 879 2772 949 Ilyperberetieo,
2813 896 2878 934 ex
2945 897 2996 936 a.
3029 883 3088 938 d.
3123 901 3197 939 iv.

1935 967 2051 1022 Kal.
2083 968 2417 1024 Novembres
2445 987 2457 1022 :
2488 980 2544 1024 et
2576 986 2640 1024 ex
2665 986 2728 1024 ea
2756 973 2894 1027 ﬁlias
2917 979 3052 1026 duas
3073 990 3192 1030 sus-

1935 1059 2101 1128 cepit,
2137 1057 2428 1114 Eudociam
2464 1069 2520 1114 et
2559 1059 2870 1116 Placidiam.

2006 1150 2128 1204 458.
2181 1166 2304 1204 xxx.
2349 1151 2464 1206 Ind.
2515 1169 2592 1206 vx.
2640 1151 2953 1209 Theodosio
2998 1157 3188 1226 Augu—

1935 1249 2020 1294 sto
2045 1237 2164 1292 XVI
2209 1252 2265 1293 et
2297 1240 2498 1294 Fausto
2527 1257 2668 1295 (τοδε.
3261 1244 3317 1300 2.

2003 1330 2126 1384 459.
2161 1345 2306 1384 xxxr.
2338 1329 2456 1384 Ind.
2493 1347 2586 1384 vn.
2642 1329 2948 1386 Theodosio
3003 1333 3190 1404 Augu-

1935 1431 2020 1477 sto
2056 1421 2197 1476 XVII
2230 1429 2285 1477 et
2318 1419 2478 1476 Festo
2511 1437 2654 1477 coss.
3258 1425 3314 1480 5.

2005 1511 2121 1568 Hoc
2149 1527 2292 1568 anno
2313 1511 2654 1568 Theodosius
2677 1514 2956 1586 Augustus
2986 1531 3193 1586 praece-

1935 1613 2016 1674 pit
2047 1604 2216 1659 muris
2241 1605 2417 1660 claudi
2466 1606 2780 1660 universum
2841 1606 2992 1661 littus
3024 1607 3189 1660 mari-

1937 1697 2132 1751 timum
2195 1697 2766 1766 Constantinopoleos.
2809 1699 2914 1753 Sed
2969 1709 3024 1753 ct
3075 1699 3196 1768 ipso

243 1791 402 1861 ἦλθεν
450 1795 510 1846 ἐν
551 1793 882 1866 Καρθαγένῃ
937 1789 1244 1862 Ζινζίριχος
1287 1791 1328 1822 ⁶¹
1363 1791 1391 1842 ὁ
1439 1788 1690 1859 βασιλεὺς
1719 1787 1827 1840 τῶν

1934 1804 2078 1842 anno
2103 1787 2430 1845 Gensericus
2454 1791 2815 1844 \‘andalorum
2845 1808 2940 1845 rex
2962 1790 3192 1847 Cartha-

242 1883 564 1936 οὐανδὰλων
591 1883 722 1952 μηνὶ
744 1883 978 1954 ’Υπερὸε
989 1882 1186 1954 ρεταίῳ
1209 1899 1221 1912 ο
1253 1882 1347 1935 καὶ
1371 1880 1520 1952 αὐτῷ
1537 1881 1616 1953 τῷ
1646 1882 1692 1914 ⁸³
1714 1880 1826 1934 ἔτει

1929 1877 2104 1946 ginem
2132 1877 2406 1949 ingressus
2418 1889 2501 1934 est
2526 1895 2714 1934 mense
2737 1879 3172 1952 llyperberetaa-o:

240 1975 502 2046 πειρᾶται
529 1971 629 2044 τὴν
659 1975 908 2028 Σικελίαν
935 1973 1242 2044 ἐρημῶσαι.

740 2159 820 2206 ts’
875 2151 1230 2221 Ὀλυμπιάς.

321 2242 447 2296 Ίνδ.
486 2249 556 2312 η’.
584 2241 682 2312 λ·β’.
738 2242 832 2295 ὑπ.
866 2238 1314 2295 Οὐαλεντινιανοῦ
1347 2239 1660 2308 Αὐγούστου
1702 2239 1762 2291 τὸ
1789 2246 1827 2290 ε’

235 2336 338 2390 καὶ
381 2334 707 2388 Ἀνατολίου.

325 2427 453 2480 Ἶνδ.
496 2425 564 2480 θ’.
599 2425 701 2494 λγ’.
735 2425 832 2478 ὑπ.
864 2423 1051 2494 Κύρου
1091 2423 1274 2492 μόνου.
1439 2485 1456 2509 I

317 2517 447 2570 ‘Eni.
467 2514 658 2569 τούτου
679 2515 892 2584 ἐσφάγη
931 2513 1184 2583 Ἰωάννης
1219 2512 1333 2583 (72)
1367 2511 1677 2574 Οὐάνδαλος
1703 2511 1750 2542 ⁸³
1772 2510 1830 2562 ἐν

226 2610 306 2678 τῇ
341 2605 560 2676 Θρᾴκῃ.

319 2698 446 2752 Ἰνδ.
481 2704 532 2750 ι’.
575 2697 668 2750 λδ’.
701 2697 796 2750 ὑπ.
830 2693 1082 2762 Εὐδοξίου
1114 2693 1208 2749 καὶ
1235 2693 1550 2763 Διοσκόρου.

319 2875 452 2941 Ἐπὶ
481 2872 684 2927 τούτων
708 2872 819 2926 τῶν
851 2872 1072 2925 ὑπάτων
1116 2868 1394 2940 ἐπέρασαν
1427 2867 1476 2922 oi
1511 2861 1703 2921 Οὐννοι
1737 2865 1830 2918 καὶ

219 2970 298 3023 τὸ
339 2967 634 3038 Ἰλλυρικὸν
661 2966 964 3038 ἠρήμωσαν
994 2963 1039 2996 ⁸³⁵
1079 2963 1323 3025 Ἀττίλας
1347 2963 1442 3016 καὶ
1468 2960 1660 3024 Βλίδας
1689 2959 1825 3031 (75).

325 3060 447 3115 Ἰνδ.
473 3057 566 3114 ια’.
596 3056 692 3112 λε’.
717 3058 814 3114 ὑπ.
838 3057 1091 3126 Μαξίμου
1110 3055 1172 3109 τὺ
1198 3055 1243 3126 β’
1269 3055 1365 3109 καὶ
1390 3053 1666 3126 Πατέρνου
1689 3050 1822 3124 (74).

1928 1967 2230 2038 eodemque
2261 1985 2426 2036 anno,
2473 1969 2712 2025 Siciliam
2775 1982 2990 2027 vastare
3031 1975 3192 2028 anni-

1929 2072 2022 2110 SUS
2049 2066 2154 2112 est.

2456 2149 2581 2207 CCC
2597 2151 2639 2205 V
2682 2153 2980 2224 Olympias.

1997 2241 2124 2297 440.
2153 2259 2323 2298 xxxu.
2348 2243 2466 2298 Ind.
2499 2259 2624 2299 vm.
2657 2245 3040 2301 Valentiniano
3086 2248 3197 2302 Auv

1927 2341 2086 2404 gusto
2115 2333 2158 2388 V
2189 2341 2246 2388 et
2274 2335 2527 2391 Anatolio
2552 2352 2695 2414 coss.
3265 2339 3325 2394 4.

1995 2424 2123 2480 441.
2157 2442 2350 2482 xxxm.
2393 2427 2515 2481 Ind.
2549 2444 2623 2482 ix.
2654 2427 2794 2499 Cyro
2823 2429 2940 2484 solo
2966 2443 3082 2484 eos.
3259 2431 3310 2485 I.

1999 2515 2112 2570 Hoc
2140 2533 2252 2570 cos.
2290 2532 2467 2572 caesus
2513 2527 2599 2573 est
2643 2518 2887 2574 Joannes
2919 2519 3196 2575 Vandalus

1929 2606 1982 2660 in
2019 2607 2270 2662 Thracia.

1998 2697 2121 2752 442.
2173 2714 2354 2752 xxxiv.
2403 2697 2521 2752 Ind.
2551 2715 2604 2753 ι.
2653 2697 2899 2766 Eudoxio
2938 2711 2994 2758 et
3024 2703 3183 2758 Dios-

1927 2803 2058 2844 coro
2109 2803 2256 2842 coss.
3264 2799 3320 2852 2,

1999 2879 2096 2934 llis
2129 2895 2272 2934 coss.
2311 2881 2648 2951 trajecerunt
2700 2883 2910 2950 llunni,
2962 2897 3017 2940 et
3073 2887 3192 2958 Illy-

1927 2971 2104 3026 ricum
2135 2981 2420 3027 vastarunt
2447 2973 2644 3030 Attilas
2677 2983 2733 3031 et
2763 2975 2963 3032 Blidas.

2002 3063 2128 3118 445.
2161 3080 2323 3118 xxxv.
2360 3064 2476 3120 Ind.
2515 3081 2594 3123 xt.
2651 3066 2883 3124 Maximo
2927 3067 2973 3122 II
3009 3077 3060 3124 et
3092 3067 3197 3124 Pa-

3344 2431 3470 2486 504.

1931 3163 2092 3210 terno
2123 3170 2267 3210 coss.
3259 3162 3314 3218 5.

329 3232 460 3285 Ἐπὶ
491 3231 696 3286 τούτων
729 3231 840 3286 τῶν
869 3231 1092 3286 ὑπάτων
1107 3231 1450 3300 ἐνεκαινίσθη
1481 3229 1544 3283 τὸ
1569 3229 1826 3300 δημόσιον

2293 3243 2603 3300 dedicatum
2653 3255 2738 3301 est
2768 3247 3050 3316 publicum
3073 3249 3196 3304 bal-

221 3325 468 3395 λουτρὸν
506 3326 535 3377 ὁ
587 3323 863 3394 Ἀχιλλεὺς
893 3325 938 3356 ⁸³
973 3324 1104 3395 μηνὶ
1149 3322 1428 3392 Αὐδυναίῳ
1459 3319 1646 3392 πρό.γ’
1683 3320 1831 3376 Ἰδῶν

234 3415 620 3487 Ἰανουαρίων.
649 3417 760 3470 Καὶ
791 3416 1040 3488 εἰσῆλθεν
1062 3414 1344 3479 Θεοδόσιος
1377 3415 1407 3467 ὁ
1431 3413 1744 3480 Αὔγουστος
1771 3413 1830 3468 ὲν

1927 3347 2095 3388 neum
2131 3332 2408 3389 Achilleus
2441 3351 2632 3392 mense
2669 3337 2964 3408 Audynaeo,
3017 3355 3085 3394 ex
3139 3355 3192 3394 a.

1927 3425 1982 3479 d.
2022 3427 2082 3480 ιιι
2141 3423 2267 3480 Idus
2309 3425 2616 3482 Ianuarias.
2683 3428 2748 3482 Et
2799 3428 3080 3500 ingressus
3115 3438 3200 3485 est

239 3507 834 3591 Ιςωνσταντινουπόλει
892 3507 1004 3562 ἀπὸ
1047 3505 1144 3560 τοῦ
1188 3505 1466 3572 ἐξπεδίτου
1498 3505 1598 3575 τῆς
1645 3504 1827 3568 Ἀσίας

1928 3516 2273 3573 Theodosius
2309 3517 2592 3589 Angustus
2637 3517 3192 3591 Constantinopolim,

215 3581 375 3674 ιὶηνὶ
407 3597 546 3670 Λώῳ
577 3600 684 3672 πρὸ
719 3605 772 3664 ς’
820 3597 1117 3653 Καλανδῶν
1149 3596 1552 3668 Σεπτεμϐρίων
1584 3597 1650 3651 ⁸⁸,

805 3796 894 3856 τςδ
916 3789 1263 3860 Ὀλυμπιάς.

317 3882 444 3938 Ἰνδ.
482 3881 572 3938 ιϐ’.
609 3881 719 3948 λς’.
750 3882 846 3938 ὑπ.
896 3881 1179 3936 Θεοδοσίου
1201 3879 1514 3950 Αὐγούστου
1542 3879 1604 3934 τὸ
1640 3877 1708 3951 ιη’
1735 3878 1828 3934 καὶ

231 3975 521 4029 Ἀλϐίνου.

319 4067 419 4120 Ἐν
468 4069 644 4138 τούτῳ
680 4067 760 4139 τῷ
813 4068 920 4120 ἔτει
967 4066 1080 4137 (75)
1124 4066 1402 4138 προϊόντος
1431 4065 1526 4118 τοῦ
1563 4063 1826 4135 βασιλέως

227 4159 526 4212 θεοδοσίου
567 4161 644 4222 είς
685 4159 784 4228 τὴν
813 4158 858 4191 ⁸⁷
885 4158 1050 4229 316
1099 4156 1398 4228 ἐκκλησίαν
1430 4158 1495 4227 τῇ
1531 4157 1690 4226 ἑορτῇ
1721 4153 1828 4207 τῶν

230 4251 415 4318 ἁγίων
455 4248 790 4320 Θεοφανίων,
828 4248 1024 4320 συνέϐη
1072 4248 1164 4302 τὸν
1221 4247 1522 4318 μάγιστρον
1567 4245 1828 4298 Παυλῖνον

229 4342 600 4416 ἁρῥωστῆσαι
634 4344 698 4396 ἐκ
743 4340 838 4395 τοῦ
891 4341 1050 4406 ποδὸς
1081 4341 1172 4394 καὶ
1209 4342 1389 4410 μεῖναι
1443 4338 1702 4410 ἀπρόῖτον
1735 4337 1830 4392 καὶ

1933 3609 2154 3663 rediens
2173 3609 2242 3664 ab
2267 3609 2618 3680 expeditione
2649 3610 2812 3676 Asiae,
2846 3627 3034 3668 mense
3061 3611 3197 3676 Leo,

1935 3713 2000 3754 ex
2029 3713 2080 3752 a.
2110 3698 2165 3753 d.
2203 3715 2258 3754 vi
2289 3697 2406 3752 Kal.
2440 3698 2808 3768 Septembres.

2453 3791 2659 3848 CCCVI
2694 3791 2988 3862 Olympias.

2005 3881 2130 3936 444.
2163 3898 2344 3937 xxxvi.
2377 3881 2494 3938 Ind.
2524 3899 2620 3938 xu.
2673 3883 2983 3940 Theodosio
3024 3885 3191 3941 XVIII

1932 3983 1988 4029 et
2013 3973 2210 4028 Albino
2233 3989 2388 4030 coss..
3263 3979 3318 4035 4.

2000 4063 2116 4120 Iloc
2151 4081 2315 4131 anno,
2365 4065 2692 4136 procedente
2742 4066 3052 4124 Theodosio
3096 4069 3425 4140 imperatore
3456 4072 3510 4126 in

1929 4156 2210 4211 ecclesiam
2261 4157 2348 4211 die
2385 4167 2700 4213 sanctorum
2747 4160 3178 4230 Epiphaniorum
3208 4161 3367 4228 festo,
3418 4178 3511 4217 ae-

1929 4248 2063 4302 eidit
2107 4257 2168 4302 ut
2213 4249 2478 4304 Paulinus
2507 4251 2764 4321 magister
2812 4268 2876 4306 ex
2935 4253 3072 4322 pede
3106 4269 3248 4324 :cger
3279 4254 3507 4308 decum-

1931 4337 2106 4404 beret,
2149 4353 2251 4392 nec
2273 4339 2548 4408 processui
2581 4338 2890 4409 interesset,
2931 4356 3057 4396 cum
3091 4356 3214 4396 sese
3244 4355 3509 4396 excusas-

1541 4495 1865 4554 DUCANGII
1907 4491 2140 4548 NOTAE.

308 4655 429 4730 (70)
471 4655 862 4730 ἐπετέλεοίενς
875 4725 892 4730 _
912 4656 1053 4730 τοὺς

226 4724 538 4785 locutionis
567 4726 796 4781 formula
844 4725 1226 4781 Marcellinus:
1273 4724 1674 4778 Valentinianus
1699 4725 1813 4779 Ca:—

225 4817 333 4855 nar
367 4805 575 4852 creatus
601 4837 618 4864 ,
665 4797 941 4852 Theodosii
982 4797 1114 4865 imp.
1156 4794 1458 4850 Eudoxiam
1497 4796 1667 4864 ﬁliam
1717 4795 1817 4848 sibi

229 4867 598 4938 despumavit.

310 4932 430 5006 (Ἦ)
476 4937 554 4990 Τὰ
583 4937 771 5006 τείχη.
815 4935 947 5006 Inde
998 4934 1268 5006 muriiisti
1312 4932 1676 5006 Theodosiani
1726 4949 1823 5004 ap-

229 5005 447 5080 pellati,
479 5007 545 5060 de
573 5005 768 5076 quibus
799 5005 1009 5076 agimus
1039 5005 1093 5058 in
1129 5005 1577 5075 ConstantinOpOI.
1607 5005 1826 5069 Christ.,

229 5081 335 5132 lib.
366 5093 407 5132 ι.
437 5087 566 5130 sect.
595 5077 660 5132 IO
687 5087 744 5130 et
776 5077 861 5130 12.

225 5078 335 5133 lib.
366 5093 407 5136 ι.
437 5087 566 5130 sect.
595 5078 660 5132 IO
687 5087 744 5130 et
776 5078 861 5130 12.

309 5147 432 5214 (72)
471 5143 776 5212 Ἰωάννης.
819 5143 1114 5214 Marcellin.
1159 5145 1394 5200 Joannes
1435 5146 1648 5198 natione
1681 5143 1836 5214 "Van-

223 5213 420 5278 datus.
445 5217 790 5286 magisterque
820 5213 1344 5287 militiw,Arnegis‘cli
1374 5215 1560 5285 fraude
1587 5215 1643 5267 in
1673 5213 1836 5267 Thra-

222 5289 327 5343 cia
375 5289 716 5356 interemptus
747 5295 840 5340 est.

311 5357 436 5431 (73)
475 5355 748 5423 Ἀττίλας
779 5355 877 5410 καὶ
910 5355 1152 5422 Βλίδας.
1199 5356 1278 5410 De
1326 5363 1558 5426 utroque
1605 5355 1838 5424 Prosper

1097 4655 1284 4710 αὐτοῦ
1334 4653 1580 4724 γάμους.
1644 4653 1818 4709 Simili

1928 4669 2068 4708 anno
2097 4669 2304 4717 coxuv,
2347 4653 2688 4708 Marcellinus
2729 4669 2912 4708 eomes
2953 4670 3098 4711 anno
3129 4671 3347 4717 cnxuu,
3384 4652 3508 4707 Jur-

1923 4725 2131 4778 naudes
2157 4739 2278 4794 cap.
2306 4724 2393 4786 55,
2421 4733 2524 4778 etc.
2556 4724 2645 4778 Sic
2673 4739 2835 4791 porro
2859 4726 3036 4781 Attilae
3063 4742 3260 4780 nomen
3286 4727 3512 4778 ell'ertur

1925 4795 2088 4848 etiam
2115 4796 2260 4863 apud
2291 4794 2631 4863 Procopium,
2661 4795 2976 4863 Evagrium,
3017 4806 3073 4850 et
3110 4797 3268 4848 alios.
3295 4794 3510 4848 Ἀττίλα

1929 4865 1984 4918 in
2015 4880 2239 4934 nummo
2279 4881 2310 4918 a
2360 4866 2517 4934 nobis
2568 4866 2839 4934 descripto
2885 4867 2936 4919 in
2975 4865 3173 4920 Famil.
3206 4865 3510 4932 Byzantin.,

1931 4933 2085 5006 apud
2105 4933 2346 5006 Priscum
2372 4933 2638 5004 ’Λττήλα·
2681 4933 2821 5004 apud
2869 4937 3192 5006 Prosperum
3239 4935 3415 4989 Athita
3457 4944 3515 4988 et

1935 5003 2119 5074 Al/tela
2151 5005 2486 5074 indigitatur.

2011 5073 2122 5145 (74)
2153 5073 2485 5145 -ῌαὲέρνοιμ
2537 5073 2662 5144 Leg.
2705 5075 2972 5145 Πατερίου
3015 5091 3079 5129 ex
3138 5074 3415 5130 llolstenio
3459 5085 3514 5128 et

1932 5142 2126 5197 FaStis.
2153 5142 2287 5197 Vide
2316 5142 2662 5198 Sirmondufn
2696 5144 2762 5198 ad
2795 5142 3021 5198 Ennodii
3053 5146 3285 5201 Dictiun.
3311 5163 3406 5199 vn.

2007 5215 2118 5282 (75)
2159 5214 2262 5287 ’_Eif
2294 5215 2483 5281 τούτῳ
2509 5213 2588 5280 τῷ
2621 5213 2760 5270 ἔτει.
2807 5214 3096 5271 Historiam
3145 5219 3284 5272 hanc
3315 5215 3514 5287 pariter

1935 5292 2121 5338 narrat
2153 5283 2451 5339 Ccdrenus.
2948 5333 2955 5339 .
3016 5298 3028 5306 '

1527 5505 1764 5561 VARI/I3
1801 5503 2140 5560 LI-ZCTIONE
2158 5509 2204 5559 ς.

311 5649 364 5680 ⁶⁶
401 5649 716 5719 Αὐγουστης
747 5647 806 5701 1³.

220 5723 376 5782 λεδ(
399 5717 506 5776 PV‘
585 5719 630 5751 “
657 5717 1026 5790 Σεπτεμϐρίου
1063 5717 1124 5773 l’.
1199 5719 1239 5748 ⁸⁷
1275 5718 1374 5772 τὴν
1401 5733 1508 5772 om.
1537 5719 1596 5771 Ρ.

884 5648 923 5722 ξ¹
955 5648 1267 5722 Ζινςίροχος
1430 5647 1474 5678 θ’
1507 5646 1586 5722 τῷ
1609 5647 1756 5720 αὐτῷ
1779 5649 1835 5702 I’.
1913 5650 1958 5680 “
1984 5648 2238 5717 Ἰωάννης
2268 5666 2360 5702 σου
2384 5647 2606 5713 ἄνδαλος
2627 5647 2692 5702 ν.
2773 5650 2818 5681 ⁸³
2849 5650 3143 5720 ἐρήμωσαν
3170 5649 3229 5703 Ρ.
3305 5649 3350 5682 ⁸⁸
3378 5647 3514 5722 Ἀχι-
