4040 6418
397 304 514 366 8ὓ3’

1599 291 2038 360 CIIRONICON
2071 301 2479 364 PASCHALE.

397 426 520 466 rum
551 406 922 467 dominatione
953 409 1240 466 exstiterit.
1272 429 1288 461 ι
1334 402 1414 464 Ad
1442 411 1558 464 lnec
1585 409 1836 466 Justinus
1879 411 1985 464 im-

2100 430 2184 466 σεν
2207 415 2354 486 αὖτῷ
2377 417 2406 469 ὁ
2438 415 2599 479 αὐτὸς
2623 414 2876 485 βασιλεὺς
2897 416 3184 479 Ἰουστῗνος
3203 413 3400 469 ταῦτα.
3438 435 3456 466 ι
3489 415 3698 487 Ἡμεῖς

396 511 618 572 perator
650 499 933 572 respondit
963 517 976 553 :
1012 527 1030 552 ι
1062 499 1343 554 Neminem
1379 515 1444 554 ex
1473 499 1539 563 iis
1559 501 1650 570 qui
1691 515 1859 570 regno
1895 509 1990 554 tuo

398 593 633 663 subjecti
665 603 830 657 sunt,
873 593 958 646 vel
993 593 1342 662 excepimus,
1381 593 1466 648 vel
1517 593 1852 648 accivimus:
1891 592 1988 648 sed

399 699 526 737 cum
569 683 822 752 quidam,
860 682 1122 736 Tzathius
1177 683 1430 747 nomine,
1463 682 1520 736 in
1570 690 1743 736 terras
1771 690 1989 736 nostras

399 775 676 839 venisset,
713 774 942 844 pedibus
973 773 1174 828 nostris
1203 773 1523 837 advolutus,
1561 773 1720 828 enixe
1766 788 1868 828 nos
1895 773 1986 827 de-

403 875 658 937 precatus
692 873 812 928 est,
841 867 918 918 uti
967 865 1036 918 ab
1065 863 1279 934 impura
1308 865 1540 934 quadam
1573 873 1628 918 et
1659 878 1868 934 pagana
1901 879 1990 919 re—

403 957 633 1027 ligione,
684 956 974 1025 impiisque
1023 955 1229 1020 sacris,
1269 964 1326 1010 et.
1370 955 1635 1010 malorum
1679 956 1988 1010 daemonum

403 1047 699 1119 praestigiis
768 1047 1103 1116 expiaretur,
1155 1063 1221 1102 ac
1266 1047 1542 1102 Christum
1591 1045 1836 1116 proﬁteri
1883 1046 1986 1102 sibi

405 1141 596 1196 liceret
617 1182 630 1203 ,
664 1140 856 1194 aeterni
906 1155 970 1194 ac
998 1141 1236 1194 caelestis
1283 1140 1416 1204 Dei,
1450 1149 1507 1195 et
1540 1139 1838 1195 conditoris
1868 1140 1990 1194 uni-

404 1233 550 1287 versi
579 1233 838 1288 virtutem
881 1240 936 1286 et
979 1233 1320 1302 maiestatem
1355 1232 1692 1295 obtestatus,
1730 1231 1880 1285 hunc
1921 1231 1991 1286 ad

404 1325 686 1379 meliorem
722 1323 1042 1396 religionem
1091 1323 1323 1379 transire
1367 1324 1672 1388 volentem,
1710 1329 1771 1377 ut
1799 1338 1989 1378 verum

410 1415 588 1469 Deum
671 1423 998 1486 agnosceret
1047 1414 1312 1484 impedire
1359 1430 1472 1470 non
1534 1415 1781 1470 decebat.
1834 1413 1992 1472 Unde

406 1506 734 1562 Christianis
768 1507 940 1562 sacris
989 1505 1264 1561 initiatum
1285 1547 1301 1572 ,
1331 1489 1993 1577 coelestibttsque'myste-

405 1597 501 1650 riis
551 1597 872 1668 dignatum,
927 1597 984 1652 in
1035 1613 1188 1654 suam
1259 1598 1538 1670 regionem
1590 1597 1920 1654 remisimus.
1965 1615 1986 1650 ι

406 1687 548 1744 llinc
579 1689 879 1744 inimicitiae
929 1689 1190 1760 deinceps
1216 1689 1360 1746 inter
1403 1689 1682 1746 Romanos
1712 1699 1768 1745 et
1801 1689 1994 1746 Persas

2091 523 2214 560 τινα
2261 507 2370 560 τῶν
2414 507 2790 578 ὑποκειμένων
2821 510 2890 580 τῇ
2931 509 2998 578 σῇ
3043 507 3288 578 βασιλείᾳ
3330 505 3454 560 οὔτε
3512 525 3699 577 προσ-

2091 598 2399 670 ελαϐόμεθα
2421 597 2544 652 οὔτε
2573 599 3010 671 προετρέψαμεν,
3026 599 3140 653 ἀλλ’
3161 586 3330 651 ιλιιώῦ
3353 615 3436 662 τις
3453 599 3696 668 ὀνόματι

2091 689 2322 754 Τζάθιος
2344 691 2422 752 el;
2453 689 2523 742 τὰ
2550 689 2794 761 ἡμέτερα
2821 689 3069 760 βασίλεια
3097 689 3291 760 ἐδεήθη
3318 689 3705 760 προσπίπτων

2039 839 2042 841 _
2089 779 2224 848 ἡμῖν
2279 775 2546 850 ρυσθῆναι
2600 776 2846 848 μυσαροῦ
2881 795 3026 841 τινος
3075 777 3168 832 καὶ
3210 775 3529 848 Ἑλληνικοῦ
3560 777 3699 844 δόγ-

2094 885 2265 940 ματος
2299 869 2394 922 καὶ
2425 867 2642 921 ἀσεϐῶν
2667 867 2872 921 θυσιῶν
2901 871 2998 922 καὶ
3031 869 3242 939 πλάνης
3269 867 3543 938 δαιμόνων
3568 867 3702 921 ἁδε-

2091 975 2224 1022 κων,
2262 959 2354 1012 καὶ
2392 958 2718 1028 Χριστιανὸς
2771 959 3026 1023 γενέσθαι
3065 957 3389 1028 ἀξιούμενος
3435 959 3536 1028 τῆς
3591 959 3702 1012 δυ-

2103 1051 2324 1120 νάμεως
2366 1050 2458 1104 τοῦ
2510 1045 2733 1104 αίωνῖου
2770 1051 2866 1104 καὶ
2925 1051 3252 1121 ἐπουρανίου
3297 1049 3435 1104 Θεοῦ
3466 1051 3561 1104 καὶ
3589 1050 3701 1128 ϐη-

2095 1140 2359 1212 μιουργοῦ
2393 1139 2502 1193 τῶν
2529 1140 2809 1205 ἁπάντων,
2839 1141 2933 1194 καὶ
2963 1140 3206 1195 κωλῦσαι
3235 1141 3328 1194 τὸν
3357 1141 3705 1212 βουλόμενον

2091 1234 2175 1295 εἰς
2218 1231 2280 1284 τὸ
2311 1229 2522 1302 βέλτιον
2557 1231 2735 1286 ἐλθεῖν
2767 1233 2865 1285 καὶ
2893 1231 3102 1300 γνῶναι
3131 1231 3266 1285 Θεὸν
3296 1231 3552 1304 ἀληθινὸν
3581 1231 3697 1286 οὐκ

2093 1321 2386 1392 ἐνεδέχετο.
2430 1322 2596 1377 Ὅθεν
2665 1323 2994 1393 Χριστιανὸν
3031 1323 3198 1376 αὐτὸν
3246 1324 3542 1396 γενόμενον
3589 1327 3698 1378 καὶ

2091 1415 2392 1480 ἀξιωθέντα
2424 1415 2534 1470 τῶν
2585 1416 2926 1487 ἐπουρανίων
2962 1416 3282 1489 μυστηρίων
3311 1419 3394 1480 εἰς
3415 1417 3516 1488 τὴν
3547 1417 3702 1472 ἰδίαν

2093 1507 2444 1578 ἀπελύσαμεν
2473 1506 2680 1579 χώραν.
2721 1527 2740 1559 ι
2775 1507 2884 1561 Καὶ
2922 1507 3142 1577 ἐγένετο
3171 1507 3358 1562 λοιπὸν
3387 1508 3558 1580 ἔχθρα
3589 1527 3698 1578 με-

2094 1599 2228 1664 ταξῦ
2281 1599 2574 1670 Ῥωμαίων
2631 1601 2728 1653 καὶ
2757 1597 3004 1669 Περσῶν.
3039 1601 3152 1652 Kal.
3181 1596 3489 1670 προέτρειβε
3519 1599 3694 1654 Knud-

2095 1688 2192 1760 δης
2226 1687 2482 1758 βασιλεὺς
2509 1687 2738 1756 Περσῶν
2766 1687 2845 1759 τῷ
2872 1685 3018 1752 αὑτῷ
3042 1687 3219 1758 χρόνῳ
3243 1688 3386 1759 ρῆγα
3408 1687 3517 1742 τῶν
3544 1673 3694 1742 (56v-

406 1777 792 1834 intercessere.
835 1777 1040 1834 Eodem
1073 1777 1237 1849 igitur
1268 1793 1448 1844 anno,
1479 1777 1688 1834 Coades
1719 1794 1814 1834 rex
1859 1777 1996 1834 Per-

2226 1751 2478 1850 ’ὀνόματι
2531 1751 2721 1860 ζίλγϐι
2753 1751 2886 1851 (εὶ).
2933 1751 3166 1850 Περῖνοῦ
3192 1751 3437 1842 ακοϐσας
3464 1780 3492 1833 ὁ
3523 1779 3692 1842 αὐτὸς

407 1884 593 1924 sarum
629 1869 954 1926 Hunnorum
993 1870 1174 1942 regem
1195 1910 1210 1937 ,
1243 1869 1414 1940 Zilgbi
1445 1869 1700 1935 nomine,
1735 1870 1996 1926 adversus

407 1959 682 2018 Romanos
711 1961 1020 2018 concitavit.
1057 1959 1214 2027 Quod
1247 1975 1373 2016 cum
1419 1959 1678 2016 rescisset
1706 1959 1956 2016 Justinus
1977 2001 1993 2028 ,

407 2059 469 2105 ut
501 2051 593 2120 qui
628 2053 745 2122 ipse
777 2053 846 2109 ad
884 2054 1256 2108 Romanorum
1304 2051 1605 2120 auxilium,
1637 2051 1824 2107 missis
1854 2053 2000 2108 mul-

411 2137 482 2192 tis
553 2140 876 2194 muneribus
941 2138 1094 2194 illum
1157 2140 1309 2210 prius
1377 2139 1662 2204 invitarat,
1713 2140 2000 2212 fmdusque

406 2230 768 2300 jurejurando
797 2247 924 2288 cum
956 2248 1024 2289 eo
1071 2231 1347 2302 ﬁrmarat,
1385 2247 1498 2289 non
1549 2233 1764 2290 modico
1810 2235 2000 2292 dolore

408 2322 640 2378 allectus
670 2333 775 2380 est.

480 2438 715 2494 llunnus
765 2453 931 2510 porro
978 2453 1008 2494 a
1035 2438 1217 2496 Persis
1266 2437 1538 2510 impulsus
1593 2437 1662 2494 ad
1707 2437 1999 2495 Persarum

409 2547 596 2602 regem
660 2530 900 2586 Coadcm
951 2547 1077 2596 cum
1151 2548 1223 2586 xx
1287 2531 1522 2586 militum
1578 2531 1822 2586 millibus
1869 2547 2002 2603 pro-

409 2621 587 2680 fcctus
619 2631 736 2690 est,
769 2623 1036 2679 adversus
1074 2623 1352 2679 Romanos
1383 2623 1587 2679 bellum
1617 2633 1890 2694 gesturus.

414 2871 418 2874 _
480 2798 942 2872 Rcligiosissimus
996 2809 1181 2856 autem
1238 2799 1528 2866 Justinus,
1561 2817 1686 2857 cum
1733 2801 2004 2858 benevola

411 2907 509 2947 sua
537 2893 894 2962 responsione
921 2933 936 2958 ,
971 2893 1168 2950 Coadaa
1220 2893 1510 2950 Persarum
1559 2895 1670 2966 regi
1718 2910 1819 2966 per
1862 2895 2005 2968 lega-

411 2993 551 3048 tum,
582 2985 733 3039 velut
779 2985 1004 3041 alterius
1053 2987 1255 3057 negotii
1291 2986 1516 3042 nomine
1551 2987 1808 3053 missum,
1845 2988 2003 3059 Ziag-

2099 1869 2355 1940 βασιλεὺς
2406 1869 2694 1933 ἰουστϊνος
2747 1869 2843 1922 καὶ
2884 1867 2961 1932 ὡς
3003 1865 3196 1940 πρώην
3227 1867 3393 1930 αὐτὸς
3420 1867 3586 1922 αὐτὸν
3620 1864 3692 1940 ἦν

2098 1961 2554 2034 προτρεψάμενος
2610 1961 2749 2032 πρὸς
2803 1959 3056 2032 βοήθειαν
3097 1959 3410 2030 Ῥωμαίων,
3462 1960 3692 2032 πέμψας

2099 2050 2250 2122 αὐτῷ
2283 2051 2436 2122 δῶρα
2491 2051 2666 2106 πολλὰ
2712 2051 2808 2106 καὶ
2847 2049 3102 2117 σύνταξιν
3142 2052 3328 2108 λαϐὼν
3367 2054 3487 2126 μεθ’
3511 2055 3696 2126 ὅρκων

2100 2143 2232 2216 παρ’
2267 2144 2311 2177 ⁸⁸
2337 2143 2524 2212 αὐτοῦ,
2565 2144 2812 2218 ἐλυπήθη
2855 2144 3080 2217 σφόδρα.

2185 2429 2244 2484 '0
2275 2429 2334 2483 δέ
2367 2429 2412 2463 ⁸⁸
2444 2428 2607 2493 αὐτὸς
2638 2421 2840 2493 Οὗννος
2871 2427 3214 2502 προτραπεὶς
3241 2429 3395 2503 παρὰ
3426 2430 3540 2485 τῶν
3555 2431 3695 2503 Περ-ρ

2103 2522 2215 2576 σῶν
2263 2520 2502 2592 ἀπῆλθεν
2546 2520 2683 2593 πρὸς
2730 2517 2966 2591 Κωᾶδην
3017 2519 3246 2593 βασιλέα
3297 2521 3529 2594 Περσῶν
3555 2521 3702 2579 κατὰ

2115 2615 2402 2685 Ῥωμαίων
2434 2611 2574 2685 μετὰ
2605 2611 2860 2685 χιλιάδων
2893 2613 2963 2683 κ’,
2997 2614 3228 2685 ὀφείλων
3271 2614 3572 2686 Ῥωμαίοις
3595 2633 3700 2670 πο·

2103 2709 2364 2778 λεμῆσαι.
2875 2693 2887 2712 l
3067 2757 3074 2764 .

2186 2798 2248 2852 Ὀ
2269 2799 2326 2852 δὲ
2347 2797 2624 2862 θειότατος
2654 2796 2756 2852 Ἰου
2767 2801 2943 2862 στῖνος
2967 2798 3203 2870 ἐδήλωσε
3225 2800 3315 2855 διὰ
3348 2801 3694 2872 πρεσϐευτοῦ

2105 2889 2311 2963 nmen
2335 2888 2414 2958 τῷ
2464 2889 2696 2960 Περσῶν
2721 2889 2934 2960 βασιλεῖ
2965 2889 3109 2960 μετὰ
3131 2891 3351 2962 φιλικῆς
3375 2892 3542 2946 αὐτοῦ
3566 2893 3700 2946 ἀπο-

2105 2983 2340 3056 κρίσεως
2357 2985 2433 3047 ῶς
2451 2983 2538 3037 ἐπ’
2556 2983 2702 3056 ἄλλῳ
2719 2983 2826 3038 nvi.
2847 2984 3070 3056 γράψας
3087 2985 3184 3057 τὴν
3207 2987 3302 3040 τοῦ
3319 2985 3486 3041 αὐτοῦ
3505 2987 3698 3056 Τζίλγ-

409 3075 546 3130 biris
611 3075 934 3130 Hunnorum
1005 3078 1149 3148 regis
1207 3077 1490 3147 perﬁdiam
1561 3093 1627 3133 ac
1694 3080 1997 3150 periuriam

2103 3077 2255 3148 ϐιρος
2306 3076 2354 3109 ⁷ο
2387 3075 2558 3147 pm;
2587 3076 2700 3130 τῶν
2747 3075 2966 3130 Οὕννων
2993 3077 3348 3148 παραϐασίαν
3391 3079 3484 3134 καὶ
3506 3081 3697 3152 ἐπιορη

411 3167 738 3240 signiﬁcavit
770 3182 784 3221 :
819 3178 874 3224 et
919 3169 1065 3238 quod
1099 3169 1146 3222 is
1178 3184 1207 3222 a
1256 3169 1518 3225 Romanis
1569 3171 1860 3240 pecuniam
1909 3187 2004 3228 ac-

412 3259 654 3330 cepisset
674 3299 688 3325 ,
719 3275 829 3330 quo
859 3255 1086 3322 Persas,
1121 3259 1224 3314 sub
1251 3259 1422 3330 pra-lii
1458 3269 1674 3331 tempus
1705 3261 1760 3316 in
1801 3263 2006 3318 Roma-

411 3367 606 3409 norum
661 3361 845 3420 partes
889 3351 1254 3427 transeundo,
1310 3363 1434 3406 cum
1486 3351 1555 3406 iis
1607 3351 1990 3422 praalia‘turus,

415 3442 748 3512 proderet;
817 3459 836 3492 ι
893 3439 1004 3496 Nos
1054 3439 1318 3510 proinde,
1369 3455 1497 3496 cum
1558 3440 1756 3498 fratres
1801 3443 2004 3509 simus,

411 3535 572 3589 decet
603 3542 664 3588 ut
717 3532 1012 3588 amicitiam
1041 3533 1276 3589 invicem
1311 3534 1585 3598 colamus,
1616 3544 1673 3590 et
1723 3551 1752 3590 a
1780 3535 2006 3590 canibus

415 3625 540 3680 istis
588 3641 699 3680 non
748 3626 1023 3696 patiamur
1065 3625 1225 3680 nobis
1279 3625 1454 3680 illudi.
1505 3645 1524 3678 ι
1578 3627 1791 3694 Quibus
1844 3627 2006 3683 intel-

413 3715 602 3780 lectis,
641 3714 852 3771 Coades
883 3714 1173 3770 Persarum
1237 3729 1334 3772 rex
1377 3717 1592 3789 Zilgbin
1626 3709 2004 3790 percontatur,

417 3809 616 3877 hisque
670 3806 869 3862 all‘atur
913 3807 1119 3862 verbis.
1162 3827 1182 3860 ς
1238 3807 1584 3880 Accepistine
1642 3810 1784 3865 dona
1815 3826 1845 3864 a
1895 3809 2006 3866 Ro-

416 3899 594 3954 manis
639 3907 828 3954 contra
889 3897 1085 3954 Persas
1139 3900 1512 3956 sollicitatus?
1567 3919 1588 3954 r
1623 3901 1725 3958 Cui
1767 3902 2005 3974 Zilgbis,

423 4009 443 4042 ι
483 3991 690 4058 Etiam,
735 4009 754 4042 ι
793 3991 989 4062 inquit.
1025 3991 1165 4046 Tum
1195 3991 1406 4048 Coades
1442 3993 1617 4049 iratus
1649 3993 1804 4049 illum
1835 3994 2008 4048 inter-

418 4078 582 4143 fecit,
627 4080 938 4151 multosque
968 4097 1035 4137 ex
1068 4081 1288 4140 Hunnis
1333 4083 1436 4138 sub
1489 4092 1705 4139 noctem
1747 4084 2006 4148 sustulit,

419 4170 627 4243 ingenti
671 4171 726 4224 in
765 4171 883 4227 illos
938 4171 1187 4227 immissa
1237 4171 1471 4228 militum
1517 4173 1712 4244 copia,
1749 4174 2006 4246 ignoran-

419 4262 566 4318 tibus
595 4261 661 4316 iis
688 4277 718 4316 a
754 4261 1042 4316 Persarum
1085 4277 1212 4334 rege
1260 4271 1452 4318 contra
1499 4278 1560 4319 se
1603 4264 1836 4330 missos,
1884 4276 2008 4321 cum

311 4407 323 4419 ,
419 4369 483 4408 ex
513 4353 632 4410 aliis
661 4353 975 4426 regionibus
1012 4340 1332 4423 advenisse,
1371 4369 1539 4426 seque
1565 4371 1630 4412 ac
1682 4371 1876 4414 eorum
1921 4371 2010 4410 re-

2105 3166 2254 3231 κίαν,
2298 3164 2394 3219 καὶ
2443 3164 2526 3218 ὅτι
2559 3165 2716 3236 παρὰ
2751 3165 3044 3236 Ῥωμαίων
3095 3166 3398 3235 ἐκομίσατο
3433 3169 3694 3241 χρήματα

2105 3256 2248 3312 κατὰ
2273 3255 2524 3328 Περσῶν,
2537 3256 2768 3326 ὀφείλων
2785 3255 2984 3320 αὐτοὺς
3013 3257 3304 3327 προδοῦναι
3319 3259 3415 3312 καὶ
3431 3259 3507 3332 τῷ
3519 3258 3686 3330 καιρῷ

2105 3351 2206 3420 τῆς
2241 3349 2516 3421 συμϐολῆς
2549 3349 2632 3412 είς
2649 3347 2713 3402 τὺ
2741 3348 2910 3420 μέρος
2932 3349 3219 3420 Ῥωμαίων
3243 3352 3568 3423 συμμαχεῖν,
3592 3349 3689 3405 καὶ

2105 3441 2191 3496 ὅτι
2224 3460 2244 3495 ι
2277 3442 2372 3494 Δεῖ
2394 3441 2543 3512 ἡμᾶς
2563 3438 2827 3510 ἀδελφοὺς
2858 3437 2970 3510 (25)
3003 3439 3164 3506 ὄντας
3188 3441 3268 3506 είς
3303 3427 3490 3513 φιλίαν
3517 3443 3700 3503 λαλεῖν

2107 3534 2202 3590 καὶ
2251 3533 2326 3607 μὴ
2355 3532 2465 3590 ἀπὸ
2501 3533 2612 3588 τῶν
2667 3531 2848 3588 κυνῶν
2881 3533 2926 3566 ⁷³
2972 3531 3089 3605 (εδ)
3122 3533 3330 3588 τούτων
3382 3536 3697 3600 παίζεσθαι.

2107 3625 2220 3680 Καὶ
2259 3625 2424 3694 γνοὺς
2455 3623 2630 3678 ταῦτα
2667 3623 2904 3693 Κωάδης
2934 3623 3190 3694 βασιλεὺς
3217 3624 3450 3696 Περσῶν
3477 3624 3705 3696 ἐπηρώτ-

2107 3733 2272 3788 τησεν
2301 3715 2394 3770 τὸν
2423 3714 2666 3784 Ζίλγϐιν,
2694 3713 2933 3788 εἰρηκὼς
2963 3714 3132 3787 αὐτῷ,
3153 3714 3234 3768 ὅτι
3262 3733 3281 3765 ι
3313 3715 3475 3786 Δῶρα
3505 3715 3708 3781 ἔλαϐες

2109 3806 2264 3880 παρὰ
2305 3807 2592 3878 Ῥωμαίων
2637 3805 2980 3878 προτραπεὶς
3039 3805 3183 3860 κατὰ
3223 3805 3493 3878 Περσῶν;
3535 3825 3554 3859 ι
3590 3806 3702 3861 Καὶ

2109 3893 2263 3952 εἶπεν
2287 3897 2317 3950 ὁ
2350 3895 2594 3964 Ζίλγϐις,
2621 3895 2706 3948 ὅτι
2737 3911 2756 3946 ι
2795 3893 2924 3948 Ναί.
2959 3913 2978 3946 ι
3021 3895 3134 3948 Kal.
3162 3895 3446 3966 ὀργισθεὶς
3473 3897 3503 3949 ὁ
3533 3894 3698 3949 Κωά-

2108 3989 2206 4060 δης
2250 3988 2542 4059 ἐφόνευσεν
2601 3985 2784 4048 αὐτὸν,
2817 3984 2914 4039 καὶ
2944 3983 3172 4049 πολλοὺς
3201 3986 3295 4039 τοῦ
3328 3985 3491 4056 ὄχλου
3531 3985 3697 4038 αὐτοῦ

2109 4081 2305 4144 νυκτὸς
2352 4079 2582 4146 ἀνεῖλεν,
2638 4075 2860 4148 πέμψας
2886 4076 3008 4130 κατ’
3043 4075 3223 4130 αὐτῶν
3277 4075 3484 4148 πλῆθος
3539 4076 3696 4140 πολὺ,

2110 4168 2449 4241 ἀγνοούντων
2495 4168 2608 4222 τῶν
2639 4166 2860 4222 Οΰννων
2890 4167 2972 4220 ὅτι
3009 4165 3118 4221 ἀπὸ
3149 4166 3242 4220 τοῦ
3289 4167 3559 4238 βασιλέως
3589 4165 3700 4220 τῶν

2113 4261 2341 4334 Περσῶν
2377 4257 2637 4330 ἐπέμφθη
2697 4257 2820 4312 κατ’
2863 4257 3046 4312 αὐτῶν
3086 4256 3148 4311 τὸ
3185 4257 3415 4330 πλῆθος,
3462 4258 3578 4314 ἀλλ’
3623 4257 3699 4322 ὡς

2113 4353 2208 4408 ἀπ’
2258 4349 2426 4421 ἄλλης
2479 4347 2666 4420 χώρας
2711 4348 2896 4418 τινῶν,
2953 4349 3140 4422 φησὶν,
3193 4347 3534 4404 ἐπελθόντων
3586 4350 3708 4421 τοῖς-

1700 4529 2028 4589 DUCANGll
2070 4529 2305 4615 Noras.
2377 4619 2380 4622 _

494 4683 608 4763 (ἓξ)
663 4685 890 4763 Ζὶλγϐί.
937 4687 1118 4763 Editio
1181 4689 1498 4763 Scaligeri,_
1542 4688 1998 4763 ζιλγϐίμ-ιιιίη.

2107 4691 2425 4748 llolstenius
2447 4693 2761 4763 scripserat,
2792 4689 2949 4763 forte
2969 4685 3208 4740 Οὓννων.
3238 4677 3348 4763 sed
3380 4678 3540 4734 mihil
3573 4691 3700 4758 mu-

421 4755 744 4829 ζιὸιγϐιροςἈ
773 4755 864 4812 ubi
915 4761 1104 4814 eadem
1156 4755 1702 4828 εόίιὶοὝζιὰγϐιρὸς
1731 4759 1992 4829 praefert:

2098 4763 2324 4820 tandum
2363 4781 2376 4817 :
2423 4749 2614 4818 notuit:
2655 4749 2802 4816 enim
2838 4757 3074 4814 militare
3132 4750 3466 4814 convicium,
3525 4749 3695 4803 canis.

422 4820 746 4900 Theophani
801 4835 878 4900 σε
918 4829 1234 4899 Logothetaa
1293 4820 1546 4900 Ζιλίχὸηξς
1591 4820 1810 4886 dicitur.
1867 4828 2002 4895 Quae
2099 4833 2391 4890 Terentius
2420 4833 2476 4888 in
2507 4831 2938 4887 EunuchozAin
2958 4841 3079 4900 vero
3107 4820 3425 4900 c.auis_?_ubi
3457 4820 3700 4900 Donatus

421 4911 588 4964 porro
615 4899 680 4950 de
714 4896 814 4952 hac
837 4895 1158 4954 Hunnorum
1185 4901 1253 4954 ad
1286 4895 1481 4955 Persas
1501 4895 1818 4956 defectione
1856 4914 2005 4955 anno

426 4981 479 5037 Ψ
499 4964 695 5020 Justini
738 4968 827 5024 hic
858 4979 1172 5033 narrantur,
1197 4971 1300 5025 sub
1329 4986 1422 5025 an.
1462 4987 1546 5037 ιιι,
1581 4973 1818 5026 recitant
1838 4969 2005 5025 iidem

425 5035 792 5110 Theophanes
817 5048 873 5093 et
890 5039 1126 5110 logoth.

497 5052 580 5090 reo
623 5052 792 5092 naues
817 5052 873 5093 et
901 5052 1126 5110 Legato.

497 5052 616 5177 (εεῗ
654 5107 980 5176 Ἀδελφῶν.
1015 5109 1107 5164 Sic
1129 5125 1332 5178 nempe
1363 5110 1514 5174 olim,
1543 5119 1604 5166 ut
1627 5120 1682 5166 et
1713 5109 1896 5174 hodie,
1917 5124 2009 5164 τοι·

560 5193 681 5260 sese
729 5178 968 5234 invicem
1025 5181 1454 5250 compellabant.
1516 5181 1650 5236 Vide
1710 5189 2008 5250 utrumque

495 5261 783 5302 ossanum.

495 5261 783 5302 ossartum.

503 5318 614 5390 (26)
646 5317 879 5392 Κυνῶν.
915 5317 1007 5375 Sic
1033 5319 1378 5392 reposuimus
1404 5336 1474 5392 rex
1501 5319 1858 5392 Theophane,
1877 5333 2003 5392 cum

430 5401 598 5457 prave
652 5389 708 5443 in
766 5398 998 5460 utraque
1036 5391 1280 5446 editione
1309 5391 1574 5463 scriptum
1602 5389 1750 5447 esset
1785 5390 2002 5446 κοινῶν.

2107 4889 2368 4974 observat
2387 4904 2491 4958 hoc
2511 4902 2679 4959 verbo
2699 4897 3113 4974 impudentibus
3125 4891 3369 4974 inimicis
3389 4889 3699 4974 convicium

2105 4973 2225 5030 ﬁeri
2255 4973 2476 5044 solere:
2516 4989 2664 5044 nam,
2699 4961 3015 5044 -ufsn_bdit,
3041 4961 3502 5044 militat-effetum
3540 4961 3703 5044 estin

2107 5044 2305 5098 hostem
2333 5030 2839 5113 canis.Vincentius
2859 5030 3262 5113 BellOvacensis
3419 5045 3550 5093 xxx,
3575 5043 3695 5113 cap.

2110 5115 2198 5177 74,
2231 5113 2300 5167 de
2329 5113 2570 5168 Tartaris
2599 5129 2612 5166 :
2643 5112 2851 5180 Papam
2884 5119 2934 5180 et
2981 5120 3159 5180 omnes
3197 5101 3526 5180 Christianos
3547 5111 3702 5151 cauea

2110 5169 2402 5254 appellant.
2448 5169 2738 5238 Froissart:
2777 5179 2901 5254 xm
2953 5177 3062 5254 vol,
3107 5189 3225 5254 cap.
3243 5171 3330 5254 ea
3349 5188 3375 5254 _:
3407 5169 3474 5254 Et
3517 5182 3700 5254 aucore

2110 5241 2240 5308 nbit:
2275 5262 2400 5308 uaut
2427 5255 2602 5307 mieux
2633 5251 2852 5314 mourir,
2877 5265 2978 5321 que
2997 5247 3144 5321 piare
3172 5241 3204 5296 ἃ
3235 5241 3392 5298 hante
3418 5247 3467 5294 el
3501 5254 3566 5294 en
3583 5253 3698 5294 ser-

2109 5339 2241 5394 vage
2267 5325 2480 5378 dessem
2509 5339 2591 5378 ce:
2623 5323 2797 5377 chiem
2829 5317 2900 5376 de
2924 5317 3236 5373 mécréants.

1741 5565 1980 5622 νΑιῖΙᾹΞ
2037 5563 2330 5623 LECTION
2339 5565 2434 5622 ES.

533 5725 578 5761 ⁸⁸
599 5726 726 5798 παρ’
754 5741 864 5782 om.
901 5725 960 5782 P.
1065 5725 1109 5760 ⁶⁹
1135 5725 1190 5781 δὲ
1217 5725 1393 5784 om.P.
1436 5803 1442 5814 ι
1471 5726 1514 5759 το
1539 5725 1830 5798 Ζιάγϐιρος
1860 5723 1920 5780 P.
1997 5727 2036 5758 '"
2067 5723 2246 5780 κυνῶν
2271 5739 2342 5781 m.
2376 5721 2441 5792 ﬂ,
2468 5721 2658 5780 κοινῶν
2690 5717 2800 5778 PV‘.

3529 289 3698 376 ’8⁸4
3788 365 3815 375 -
