  <div class='ocr_page' id='page_1' title='image "/cluster/home/n/w/nwhite01/storage/ocr_20150623/92/coo.31924054869965/465.png"; bbox 0 0 4040 6470; ppageno 0'>
   <div class='ocr_carea' id='block_1_1' title="bbox 541 320 3758 430">
    <p class='ocr_par' dir='ltr' id='par_1_1' title="bbox 541 320 3758 430">
     <span class='ocr_line' id='line_1_1' title="bbox 541 320 3758 430; baseline 0.002 -20"><span class='ocrx_word' id='word_1_1' title='bbox 541 320 650 410; x_wconf 59' lang='grc' dir='ltr'><strong>νοε</strong></span> <span class='ocrx_word' id='word_1_2' title='bbox 1723 345 2164 430; x_wconf 82' lang='lat' dir='ltr'><strong>CHRONICON</strong></span> <span class='ocrx_word' id='word_1_3' title='bbox 2197 343 2605 410; x_wconf 84' lang='lat' dir='ltr'><strong>PASCIIALE.</strong></span> <span class='ocrx_word' id='word_1_4' title='bbox 3669 343 3758 417; x_wconf 67' lang='lat' dir='ltr'><strong>tot</strong></span> 
     </span>
    </p>
   </div>
   <div class='ocr_carea' id='block_1_2' title="bbox 545 454 2140 535">
    <p class='ocr_par' dir='ltr' id='par_1_2' title="bbox 545 454 2125 535">
     <span class='ocr_line' id='line_1_2' title="bbox 545 454 2125 535; baseline -0.003 -15"><span class='ocrx_word' id='word_1_5' title='bbox 545 462 602 520; x_wconf 84' lang='lat' dir='ltr'><strong>in</strong></span> <span class='ocrx_word' id='word_1_6' title='bbox 639 478 744 535; x_wconf 91' lang='lat' dir='ltr'><strong>qua</strong></span> <span class='ocrx_word' id='word_1_7' title='bbox 777 461 1035 534; x_wconf 76' lang='lat' dir='ltr'><strong>baptizati</strong></span> <span class='ocrx_word' id='word_1_8' title='bbox 1073 478 1289 530; x_wconf 90' lang='lat' dir='ltr'><strong>sumus,</strong></span> <span class='ocrx_word' id='word_1_9' title='bbox 1321 469 1377 518; x_wconf 89' lang='lat' dir='ltr'><strong>et</strong></span> <span class='ocrx_word' id='word_1_10' title='bbox 1408 461 1604 534; x_wconf 80' lang='lat' dir='ltr'><strong>quibus</strong></span> <span class='ocrx_word' id='word_1_11' title='bbox 1639 454 1814 534; x_wconf 58' lang='lat' dir='ltr'><strong>conti]</strong></span> <span class='ocrx_word' id='word_1_12' title='bbox 1843 461 2125 525; x_wconf 79' lang='lat' dir='ltr'><strong>dedimus,</strong></span> 
     </span>
    </p>
   </div>
   <div class='ocr_carea' id='block_1_3' title="bbox 2164 454 3759 535">
    <p class='ocr_par' dir='ltr' id='par_1_3' title="bbox 2164 455 3759 535">
     <span class='ocr_line' id='line_1_3' title="bbox 2164 455 3759 535; baseline 0 -18"><span class='ocrx_word' id='word_1_13' title='bbox 2164 463 2204 521; x_wconf 77' lang='grc' dir='ltr'><strong>Λ</strong></span> <span class='ocrx_word' id='word_1_14' title='bbox 2229 462 2625 530; x_wconf 83' lang='grc' dir='ltr'>τες,·ἐνοῦντες</span> <span class='ocrx_word' id='word_1_15' title='bbox 2653 459 2710 514; x_wconf 82' lang='grc' dir='ltr'>δὲ</span> <span class='ocrx_word' id='word_1_16' title='bbox 2738 457 2836 528; x_wconf 76' lang='grc' dir='ltr'>τὴν</span> <span class='ocrx_word' id='word_1_17' title='bbox 2869 458 3116 528; x_wconf 78' lang='grc' dir='ltr'>θεότητα.</span> <span class='ocrx_word' id='word_1_18' title='bbox 3145 455 3362 510; x_wconf 78' lang='grc' dir='ltr'>Μονάδα</span> <span class='ocrx_word' id='word_1_19' title='bbox 3387 456 3492 530; x_wconf 75' lang='grc' dir='ltr'>γὰρ</span> <span class='ocrx_word' id='word_1_20' title='bbox 3516 460 3570 514; x_wconf 75' lang='grc' dir='ltr'>ὲν</span> <span class='ocrx_word' id='word_1_21' title='bbox 3597 463 3759 535; x_wconf 72' lang='grc' dir='ltr'>Τριάδι</span> 
     </span>
    </p>
   </div>
   <div class='ocr_carea' id='block_1_4' title="bbox 547 547 2142 628">
    <p class='ocr_par' dir='ltr' id='par_1_4' title="bbox 547 555 2128 625">
     <span class='ocr_line' id='line_1_4' title="bbox 547 555 2128 625; baseline 0.001 -17"><span class='ocrx_word' id='word_1_22' title='bbox 547 555 914 625; x_wconf 74' lang='lat' dir='ltr'><strong>proprietates</strong></span> <span class='ocrx_word' id='word_1_23' title='bbox 963 555 1181 625; x_wconf 73' lang='lat' dir='ltr'><strong>quidem</strong></span> <span class='ocrx_word' id='word_1_24' title='bbox 1233 565 1580 625; x_wconf 85' lang='lat' dir='ltr'><strong>separantes,</strong></span> <span class='ocrx_word' id='word_1_25' title='bbox 1629 555 1896 610; x_wconf 87' lang='lat' dir='ltr'><strong>Deitatem</strong></span> <span class='ocrx_word' id='word_1_26' title='bbox 1945 564 2128 610; x_wconf 87' lang='lat' dir='ltr'><strong>autem</strong></span> 
     </span>
    </p>
   </div>
   <div class='ocr_carea' id='block_1_5' title="bbox 2166 547 3761 628">
    <p class='ocr_par' dir='ltr' id='par_1_5' title="bbox 2229 547 3761 628">
     <span class='ocr_line' id='line_1_5' title="bbox 2229 547 3761 628; baseline -0.001 -16"><span class='ocrx_word' id='word_1_27' title='bbox 2229 557 2324 612; x_wconf 72' lang='grc' dir='ltr'><strong>καὶ</strong></span> <span class='ocrx_word' id='word_1_28' title='bbox 2379 555 2587 628; x_wconf 76' lang='grc' dir='ltr'>Τριάδα</span> <span class='ocrx_word' id='word_1_29' title='bbox 2641 556 2702 608; x_wconf 77' lang='grc' dir='ltr'>ὲν</span> <span class='ocrx_word' id='word_1_30' title='bbox 2763 551 2951 624; x_wconf 80' lang='grc' dir='ltr'>μονάδι</span> <span class='ocrx_word' id='word_1_31' title='bbox 2978 547 3439 625; x_wconf 83' lang='grc' dir='ltr'>προσκυνοῦμεν,</span> <span class='ocrx_word' id='word_1_32' title='bbox 3497 555 3761 625; x_wconf 78' lang='grc' dir='ltr'>παράδοξον</span> 
     </span>
    </p>
   </div>
   <div class='ocr_carea' id='block_1_6' title="bbox 548 640 2143 720">
    <p class='ocr_par' dir='ltr' id='par_1_6' title="bbox 548 643 2125 710">
     <span class='ocr_line' id='line_1_6' title="bbox 548 643 2125 710; baseline 0.001 -12"><span class='ocrx_word' id='word_1_33' title='bbox 548 645 822 700; x_wconf 84' lang='lat' dir='ltr'><strong>nnientes.</strong></span> <span class='ocrx_word' id='word_1_34' title='bbox 850 645 1124 701; x_wconf 87' lang='lat' dir='ltr'><strong>Unitatem</strong></span> <span class='ocrx_word' id='word_1_35' title='bbox 1157 645 1300 700; x_wconf 86' lang='lat' dir='ltr'><strong>enim</strong></span> <span class='ocrx_word' id='word_1_36' title='bbox 1331 646 1386 700; x_wconf 91' lang='lat' dir='ltr'><strong>in</strong></span> <span class='ocrx_word' id='word_1_37' title='bbox 1413 645 1692 710; x_wconf 87' lang='lat' dir='ltr'><strong>Trinitate,</strong></span> <span class='ocrx_word' id='word_1_38' title='bbox 1724 655 1780 700; x_wconf 89' lang='lat' dir='ltr'><strong>et</strong></span> <span class='ocrx_word' id='word_1_39' title='bbox 1803 643 2125 702; x_wconf 84' lang='lat' dir='ltr'><strong>Trinitatem</strong></span> 
     </span>
    </p>
   </div>
   <div class='ocr_carea' id='block_1_7' title="bbox 2168 640 3763 720">
    <p class='ocr_par' dir='ltr' id='par_1_7' title="bbox 2230 640 3763 720">
     <span class='ocr_line' id='line_1_7' title="bbox 2230 640 3763 720; baseline 0.001 -18"><span class='ocrx_word' id='word_1_40' title='bbox 2230 647 2460 720; x_wconf 77' lang='grc' dir='ltr'>ἔχουσαν</span> <span class='ocrx_word' id='word_1_41' title='bbox 2501 647 2596 700; x_wconf 77' lang='grc' dir='ltr'><strong>καὶ</strong></span> <span class='ocrx_word' id='word_1_42' title='bbox 2626 646 2725 718; x_wconf 79' lang='grc' dir='ltr'><strong>τὴν</strong></span> <span class='ocrx_word' id='word_1_43' title='bbox 2753 643 3019 714; x_wconf 80' lang='grc' dir='ltr'>διαίρεσιν</span> <span class='ocrx_word' id='word_1_44' title='bbox 3048 640 3144 694; x_wconf 74' lang='grc' dir='ltr'>καὶ</span> <span class='ocrx_word' id='word_1_45' title='bbox 3179 640 3278 712; x_wconf 80' lang='grc' dir='ltr'>τὴν</span> <span class='ocrx_word' id='word_1_46' title='bbox 3319 640 3529 698; x_wconf 67' lang='grc' dir='ltr'>ἕνωσιν.</span> <span class='ocrx_word' id='word_1_47' title='bbox 3571 645 3763 704; x_wconf 79' lang='grc' dir='ltr'>Μονὰδα</span> 
     </span>
    </p>
   </div>
   <div class='ocr_carea' id='block_1_8' title="bbox 449 732 2044 812">
    <p class='ocr_par' dir='ltr' id='par_1_8' title="bbox 449 735 2040 805">
     <span class='ocr_line' id='line_1_8' title="bbox 449 735 2040 805; baseline 0.001 -15"><span class='ocrx_word' id='word_1_48' title='bbox 449 735 469 744; x_wconf 82' lang='grc'><em>’</em></span> <span class='ocrx_word' id='word_1_49' title='bbox 548 736 605 790; x_wconf 86' lang='lat' dir='ltr'><strong>in</strong></span> <span class='ocrx_word' id='word_1_50' title='bbox 639 737 849 792; x_wconf 90' lang='lat' dir='ltr'><strong>unitate</strong></span> <span class='ocrx_word' id='word_1_51' title='bbox 883 738 1204 805; x_wconf 77' lang='lat' dir='ltr'><strong>adoramus,</strong></span> <span class='ocrx_word' id='word_1_52' title='bbox 1238 737 1536 792; x_wconf 87' lang='lat' dir='ltr'><strong>mirabilem</strong></span> <span class='ocrx_word' id='word_1_53' title='bbox 1573 737 1864 792; x_wconf 82' lang='lat' dir='ltr'><strong>habentem</strong></span> <span class='ocrx_word' id='word_1_54' title='bbox 1899 747 1954 794; x_wconf 90' lang='lat' dir='ltr'><strong>et</strong></span> <span class='ocrx_word' id='word_1_55' title='bbox 1976 739 2040 793; x_wconf 83' lang='lat' dir='ltr'><strong>di</strong></span> 
     </span>
    </p>
   </div>
   <div class='ocr_carea' id='block_1_9' title="bbox 2165 732 3760 812">
    <p class='ocr_par' dir='ltr' id='par_1_9' title="bbox 2235 732 3760 812">
     <span class='ocr_line' id='line_1_9' title="bbox 2235 732 3760 812; baseline 0.001 -20"><span class='ocrx_word' id='word_1_56' title='bbox 2235 741 2335 812; x_wconf 80' lang='grc' dir='ltr'>μὲν</span> <span class='ocrx_word' id='word_1_57' title='bbox 2390 739 2532 795; x_wconf 88' lang='grc' dir='ltr'><strong>κατά</strong></span> <span class='ocrx_word' id='word_1_58' title='bbox 2579 738 2670 792; x_wconf 86' lang='grc' dir='ltr'><strong>τὸν</strong></span> <span class='ocrx_word' id='word_1_59' title='bbox 2713 739 2817 808; x_wconf 83' lang='grc' dir='ltr'>τῆς</span> <span class='ocrx_word' id='word_1_60' title='bbox 2859 733 3069 800; x_wconf 78' lang='grc' dir='ltr'><strong>οὐσίας,</strong></span> <span class='ocrx_word' id='word_1_61' title='bbox 3109 732 3278 804; x_wconf 75' lang='grc' dir='ltr'>ἠγουν</span> <span class='ocrx_word' id='word_1_62' title='bbox 3327 732 3570 804; x_wconf 80' lang='grc' dir='ltr'><strong>θεότητος</strong></span> <span class='ocrx_word' id='word_1_63' title='bbox 3610 737 3760 807; x_wconf 84' lang='grc' dir='ltr'>λόγον,</span> 
     </span>
    </p>
   </div>
   <div class='ocr_carea' id='block_1_10' title="bbox 549 821 2144 904">
    <p class='ocr_par' dir='ltr' id='par_1_10' title="bbox 549 827 2129 896">
     <span class='ocr_line' id='line_1_10' title="bbox 549 827 2129 896; baseline 0.001 -14"><span class='ocrx_word' id='word_1_64' title='bbox 549 827 759 883; x_wconf 83' lang='lat' dir='ltr'><strong>sionem</strong></span> <span class='ocrx_word' id='word_1_65' title='bbox 790 835 845 883; x_wconf 90' lang='lat' dir='ltr'><strong>et</strong></span> <span class='ocrx_word' id='word_1_66' title='bbox 875 827 1176 882; x_wconf 87' lang='lat' dir='ltr'><strong>unitionem</strong></span> <span class='ocrx_word' id='word_1_67' title='bbox 1214 849 1226 883; x_wconf 91' lang='lat'>:</span> <span class='ocrx_word' id='word_1_68' title='bbox 1257 827 1524 882; x_wconf 88' lang='lat' dir='ltr'><strong>unitatem</strong></span> <span class='ocrx_word' id='word_1_69' title='bbox 1555 827 1798 896; x_wconf 81' lang='lat' dir='ltr'><strong>quidem,</strong></span> <span class='ocrx_word' id='word_1_70' title='bbox 1830 829 2129 884; x_wconf 86' lang='lat' dir='ltr'><strong>secundum</strong></span> 
     </span>
    </p>
   </div>
   <div class='ocr_carea' id='block_1_11' title="bbox 2172 821 3767 904">
    <p class='ocr_par' dir='ltr' id='par_1_11' title="bbox 2231 821 3767 904">
     <span class='ocr_line' id='line_1_11' title="bbox 2231 821 3767 904; baseline -0.003 -18"><span class='ocrx_word' id='word_1_71' title='bbox 2231 827 2442 904; x_wconf 81' lang='grc' dir='ltr'>Τριάδα</span> <span class='ocrx_word' id='word_1_72' title='bbox 2469 829 2526 885; x_wconf 78' lang='grc' dir='ltr'>δὲ</span> <span class='ocrx_word' id='word_1_73' title='bbox 2546 829 2688 884; x_wconf 90' lang='grc' dir='ltr'><strong>κατά</strong></span> <span class='ocrx_word' id='word_1_74' title='bbox 2709 827 2809 891; x_wconf 80' lang='grc' dir='ltr'><strong>τὰς</strong></span> <span class='ocrx_word' id='word_1_75' title='bbox 2833 822 3122 892; x_wconf 79' lang='grc' dir='ltr'>ἰδιότητας,</span> <span class='ocrx_word' id='word_1_76' title='bbox 3147 821 3313 893; x_wconf 74' lang='grc' dir='ltr'>ἤγουν</span> <span class='ocrx_word' id='word_1_77' title='bbox 3341 821 3652 889; x_wconf 79' lang='grc' dir='ltr'>ὑποστάσεις</span> <span class='ocrx_word' id='word_1_78' title='bbox 3667 827 3767 898; x_wconf 74' lang='grc' dir='ltr'>ἦτοι</span> 
     </span>
    </p>
   </div>
   <div class='ocr_carea' id='block_1_12' title="bbox 547 911 2142 994">
    <p class='ocr_par' dir='ltr' id='par_1_12' title="bbox 547 916 2130 976">
     <span class='ocr_line' id='line_1_12' title="bbox 547 916 2130 976; baseline 0.001 -4"><span class='ocrx_word' id='word_1_79' title='bbox 547 919 817 973; x_wconf 77' lang='lat' dir='ltr'><strong>rationem</strong></span> <span class='ocrx_word' id='word_1_80' title='bbox 859 919 1176 974; x_wconf 68' lang='lat' dir='ltr'><strong>substantiae</strong></span> <span class='ocrx_word' id='word_1_81' title='bbox 1213 934 1310 973; x_wconf 89' lang='lat' dir='ltr'><strong>seu</strong></span> <span class='ocrx_word' id='word_1_82' title='bbox 1361 916 1580 973; x_wconf 88' lang='lat' dir='ltr'><strong>deitatis</strong></span> <span class='ocrx_word' id='word_1_83' title='bbox 1617 936 1631 973; x_wconf 87' lang='lat'><strong>:</strong></span> <span class='ocrx_word' id='word_1_84' title='bbox 1669 918 1992 976; x_wconf 74' lang='lat' dir='ltr'><strong>Trinitatem</strong></span> <span class='ocrx_word' id='word_1_85' title='bbox 2031 935 2130 974; x_wconf 90' lang='lat' dir='ltr'><strong>au-</strong></span> 
     </span>
    </p>
   </div>
   <div class='ocr_carea' id='block_1_13' title="bbox 2172 911 3767 994">
    <p class='ocr_par' dir='ltr' id='par_1_13' title="bbox 2233 911 3767 994">
     <span class='ocr_line' id='line_1_13' title="bbox 2233 911 3767 994; baseline -0.013 -16"><span class='ocrx_word' id='word_1_86' title='bbox 2233 921 2524 994; x_wconf 85' lang='grc' dir='ltr'>πρόσωπα.</span> <span class='ocrx_word' id='word_1_87' title='bbox 2557 920 2859 990; x_wconf 78' lang='grc' dir='ltr'><strong>Διαιρεῖται</strong></span> <span class='ocrx_word' id='word_1_88' title='bbox 2891 915 3001 984; x_wconf 78' lang='grc' dir='ltr'>γὰρ</span> <span class='ocrx_word' id='word_1_89' title='bbox 3035 911 3376 982; x_wconf 80' lang='grc' dir='ltr'>ἀδιαιρέτως,</span> <span class='ocrx_word' id='word_1_90' title='bbox 3413 911 3501 964; x_wconf 84' lang='grc' dir='ltr'><strong>ἴνα</strong></span> <span class='ocrx_word' id='word_1_91' title='bbox 3531 913 3688 978; x_wconf 71' lang='grc' dir='ltr'>οὕτως</span> <span class='ocrx_word' id='word_1_92' title='bbox 3707 917 3767 970; x_wconf 84' lang='grc' dir='ltr'>εῑ.</span> 
     </span>
    </p>
   </div>
   <div class='ocr_carea' id='block_1_14' title="bbox 546 996 2141 1088">
    <p class='ocr_par' dir='ltr' id='par_1_14' title="bbox 546 1008 2132 1080">
     <span class='ocr_line' id='line_1_14' title="bbox 546 1008 2132 1080; baseline 0.001 -16"><span class='ocrx_word' id='word_1_93' title='bbox 546 1018 680 1075; x_wconf 87' lang='lat' dir='ltr'><strong>tem,</strong></span> <span class='ocrx_word' id='word_1_94' title='bbox 715 1011 1013 1065; x_wconf 85' lang='lat' dir='ltr'><strong>secundum</strong></span> <span class='ocrx_word' id='word_1_95' title='bbox 1047 1009 1427 1080; x_wconf 77' lang='lat' dir='ltr'><strong>proprietates,</strong></span> <span class='ocrx_word' id='word_1_96' title='bbox 1464 1009 1550 1065; x_wconf 91' lang='lat' dir='ltr'><strong>vel</strong></span> <span class='ocrx_word' id='word_1_97' title='bbox 1583 1008 1984 1073; x_wconf 84' lang='lat' dir='ltr'><strong>subsistentias,</strong></span> <span class='ocrx_word' id='word_1_98' title='bbox 2015 1010 2132 1066; x_wconf 84' lang='lat' dir='ltr'><strong>sive</strong></span> 
     </span>
    </p>
   </div>
   <div class='ocr_carea' id='block_1_15' title="bbox 2174 996 3769 1088">
    <p class='ocr_par' dir='ltr' id='par_1_15' title="bbox 2232 996 3769 1088">
     <span class='ocr_line' id='line_1_15' title="bbox 2232 996 3769 1088; baseline -0.01 -19"><span class='ocrx_word' id='word_1_99' title='bbox 2232 1033 2446 1087; x_wconf 85' lang='grc' dir='ltr'>πωμεν,</span> <span class='ocrx_word' id='word_1_100' title='bbox 2471 1013 2568 1068; x_wconf 80' lang='grc' dir='ltr'><strong>καὶ</strong></span> <span class='ocrx_word' id='word_1_101' title='bbox 2595 1010 2928 1066; x_wconf 78' lang='grc' dir='ltr'>συνάπτεται</span> <span class='ocrx_word' id='word_1_102' title='bbox 2963 1006 3125 1076; x_wconf 85' lang='grc' dir='ltr'>διῃρη</span> <span class='ocrx_word' id='word_1_103' title='bbox 3136 996 3329 1074; x_wconf 72' lang='grc' dir='ltr'>μόνως.</span> <span class='ocrx_word' id='word_1_104' title='bbox 3359 998 3456 1088; x_wconf 71' lang='grc' dir='ltr'>Ἓν</span> <span class='ocrx_word' id='word_1_105' title='bbox 3485 1004 3587 1076; x_wconf 82' lang='grc' dir='ltr'>γὰρ</span> <span class='ocrx_word' id='word_1_106' title='bbox 3605 1005 3658 1059; x_wconf 79' lang='grc' dir='ltr'>ὲν</span> <span class='ocrx_word' id='word_1_107' title='bbox 3673 1023 3769 1079; x_wconf 81' lang='grc' dir='ltr'>τρι-</span> 
     </span>
    </p>
   </div>
   <div class='ocr_carea' id='block_1_16' title="bbox 545 1089 2140 1180">
    <p class='ocr_par' dir='ltr' id='par_1_16' title="bbox 545 1093 2132 1172">
     <span class='ocr_line' id='line_1_16' title="bbox 545 1093 2132 1172; baseline 0.003 -20"><span class='ocrx_word' id='word_1_108' title='bbox 545 1113 825 1169; x_wconf 86' lang='lat' dir='ltr'><strong>personas.</strong></span> <span class='ocrx_word' id='word_1_109' title='bbox 854 1099 1126 1154; x_wconf 86' lang='lat' dir='ltr'><strong>Dividitur</strong></span> <span class='ocrx_word' id='word_1_110' title='bbox 1149 1099 1295 1153; x_wconf 89' lang='lat' dir='ltr'><strong>enim</strong></span> <span class='ocrx_word' id='word_1_111' title='bbox 1324 1099 1444 1152; x_wconf 88' lang='lat' dir='ltr'><strong>sine</strong></span> <span class='ocrx_word' id='word_1_112' title='bbox 1471 1099 1744 1154; x_wconf 88' lang='lat' dir='ltr'><strong>divisione</strong></span> <span class='ocrx_word' id='word_1_113' title='bbox 1775 1099 1856 1172; x_wconf 88' lang='lat' dir='ltr'><strong>(ut</strong></span> <span class='ocrx_word' id='word_1_114' title='bbox 1879 1101 1960 1156; x_wconf 86' lang='lat' dir='ltr'><strong>sic</strong></span> <span class='ocrx_word' id='word_1_115' title='bbox 1983 1093 2132 1156; x_wconf 85' lang='lat' dir='ltr'><strong>dica-</strong></span> 
     </span>
    </p>
   </div>
   <div class='ocr_carea' id='block_1_17' title="bbox 2172 1089 3767 1180">
    <p class='ocr_par' dir='ltr' id='par_1_17' title="bbox 2235 1089 3767 1180">
     <span class='ocr_line' id='line_1_17' title="bbox 2235 1089 3767 1180; baseline -0.009 -19"><span class='ocrx_word' id='word_1_116' title='bbox 2235 1101 2320 1160; x_wconf 71' lang='grc' dir='ltr'>σὶν</span> <span class='ocrx_word' id='word_1_117' title='bbox 2351 1107 2384 1178; x_wconf 82' lang='grc' dir='ltr'><strong>ἡ</strong></span> <span class='ocrx_word' id='word_1_118' title='bbox 2418 1105 2642 1174; x_wconf 89' lang='grc' dir='ltr'>Θεότης,</span> <span class='ocrx_word' id='word_1_119' title='bbox 2673 1099 2768 1156; x_wconf 67' lang='grc' dir='ltr'><strong>καὶ</strong></span> <span class='ocrx_word' id='word_1_120' title='bbox 2791 1101 2862 1154; x_wconf 82' lang='grc' dir='ltr'>τὰ</span> <span class='ocrx_word' id='word_1_121' title='bbox 2883 1097 3008 1170; x_wconf 87' lang='grc' dir='ltr'>τρία</span> <span class='ocrx_word' id='word_1_122' title='bbox 3036 1097 3115 1161; x_wconf 81' lang='grc' dir='ltr'>ἓν,</span> <span class='ocrx_word' id='word_1_123' title='bbox 3145 1089 3313 1180; x_wconf 74' lang='grc' dir='ltr'><strong>ὲνοῖς</strong></span> <span class='ocrx_word' id='word_1_124' title='bbox 3526 1096 3558 1166; x_wconf 83' lang='grc' dir='ltr'><strong>ἡ</strong></span> <span class='ocrx_word' id='word_1_125' title='bbox 3582 1096 3767 1166; x_wconf 79' lang='grc' dir='ltr'>Θεότης,</span> 
     </span>
    </p>
   </div>
   <div class='ocr_carea' id='block_1_18' title="bbox 545 1185 2140 1270">
    <p class='ocr_par' dir='ltr' id='par_1_18' title="bbox 545 1187 2132 1260">
     <span class='ocr_line' id='line_1_18' title="bbox 545 1187 2132 1260; baseline 0.004 -18"><span class='ocrx_word' id='word_1_126' title='bbox 545 1187 712 1257; x_wconf 85' lang='lat' dir='ltr'><strong>mus),</strong></span> <span class='ocrx_word' id='word_1_127' title='bbox 746 1194 801 1243; x_wconf 88' lang='lat' dir='ltr'><strong>et</strong></span> <span class='ocrx_word' id='word_1_128' title='bbox 834 1189 1184 1260; x_wconf 72' lang='lat' dir='ltr'><strong>coniungitur</strong></span> <span class='ocrx_word' id='word_1_129' title='bbox 1213 1189 1404 1244; x_wconf 83' lang='lat' dir='ltr'><strong>divise.</strong></span> <span class='ocrx_word' id='word_1_130' title='bbox 1438 1189 1618 1244; x_wconf 87' lang='lat' dir='ltr'><strong>Unum</strong></span> <span class='ocrx_word' id='word_1_131' title='bbox 1653 1192 1802 1246; x_wconf 87' lang='lat' dir='ltr'><strong>enim</strong></span> <span class='ocrx_word' id='word_1_132' title='bbox 1837 1201 1921 1247; x_wconf 90' lang='lat' dir='ltr'><strong>est</strong></span> <span class='ocrx_word' id='word_1_133' title='bbox 1959 1193 2132 1249; x_wconf 86' lang='lat' dir='ltr'><strong>deitas</strong></span> 
     </span>
    </p>
   </div>
   <div class='ocr_carea' id='block_1_19' title="bbox 2173 1185 3768 1270">
    <p class='ocr_par' dir='ltr' id='par_1_19' title="bbox 2233 1185 3768 1270">
     <span class='ocr_line' id='line_1_19' title="bbox 2233 1185 3768 1270; baseline -0.007 -18"><span class='ocrx_word' id='word_1_134' title='bbox 2233 1197 2267 1270; x_wconf 85' lang='grc' dir='ltr'>ἦ</span> <span class='ocrx_word' id='word_1_135' title='bbox 2297 1197 2359 1260; x_wconf 80' lang='grc' dir='ltr'><strong>τό</strong></span> <span class='ocrx_word' id='word_1_136' title='bbox 2382 1214 2448 1266; x_wconf 89' lang='grc' dir='ltr'><strong>γε</strong></span> <span class='ocrx_word' id='word_1_137' title='bbox 2477 1195 2870 1266; x_wconf 79' lang='grc' dir='ltr'>ἀκριϐέστερον</span> <span class='ocrx_word' id='word_1_138' title='bbox 2916 1191 3115 1254; x_wconf 72' lang='grc' dir='ltr'>εἰπεῖν,</span> <span class='ocrx_word' id='word_1_139' title='bbox 3141 1188 3178 1242; x_wconf 82' lang='grc' dir='ltr'>ἂ</span> <span class='ocrx_word' id='word_1_140' title='bbox 3205 1189 3240 1260; x_wconf 79' lang='grc' dir='ltr'><strong>ἡ</strong></span> <span class='ocrx_word' id='word_1_141' title='bbox 3278 1185 3500 1256; x_wconf 85' lang='grc' dir='ltr'>Θεότης,</span> <span class='ocrx_word' id='word_1_142' title='bbox 3520 1186 3642 1242; x_wconf 90' lang='grc' dir='ltr'>Θεὸν</span> <span class='ocrx_word' id='word_1_143' title='bbox 3661 1187 3768 1242; x_wconf 72' lang='grc' dir='ltr'>ἔκα-</span> 
     </span>
    </p>
   </div>
   <div class='ocr_carea' id='block_1_20' title="bbox 545 1276 2140 1356">
    <p class='ocr_par' dir='ltr' id='par_1_20' title="bbox 545 1277 2134 1352">
     <span class='ocr_line' id='line_1_20' title="bbox 545 1277 2134 1352; baseline 0.004 -18"><span class='ocrx_word' id='word_1_144' title='bbox 545 1279 603 1334; x_wconf 91' lang='lat' dir='ltr'><strong>in</strong></span> <span class='ocrx_word' id='word_1_145' title='bbox 641 1281 834 1347; x_wconf 88' lang='lat' dir='ltr'><strong>tribus,</strong></span> <span class='ocrx_word' id='word_1_146' title='bbox 868 1291 924 1336; x_wconf 90' lang='lat' dir='ltr'><strong>et</strong></span> <span class='ocrx_word' id='word_1_147' title='bbox 960 1282 1060 1336; x_wconf 85' lang='lat' dir='ltr'><strong>tria</strong></span> <span class='ocrx_word' id='word_1_148' title='bbox 1096 1297 1286 1346; x_wconf 88' lang='lat' dir='ltr'><strong>unum,</strong></span> <span class='ocrx_word' id='word_1_149' title='bbox 1325 1283 1380 1336; x_wconf 91' lang='lat' dir='ltr'><strong>in</strong></span> <span class='ocrx_word' id='word_1_150' title='bbox 1417 1283 1614 1352; x_wconf 85' lang='lat' dir='ltr'><strong>quibus</strong></span> <span class='ocrx_word' id='word_1_151' title='bbox 1656 1277 1832 1338; x_wconf 86' lang='lat' dir='ltr'><strong>deitas</strong></span> <span class='ocrx_word' id='word_1_152' title='bbox 1868 1293 1952 1340; x_wconf 92' lang='lat' dir='ltr'><strong>est</strong></span> <span class='ocrx_word' id='word_1_153' title='bbox 1986 1303 2002 1340; x_wconf 89' lang='lat'><strong>:</strong></span> <span class='ocrx_word' id='word_1_154' title='bbox 2041 1295 2134 1341; x_wconf 90' lang='lat' dir='ltr'><strong>aut</strong></span> 
     </span>
    </p>
   </div>
   <div class='ocr_carea' id='block_1_21' title="bbox 2174 1276 3769 1356">
    <p class='ocr_par' dir='ltr' id='par_1_21' title="bbox 2243 1276 3769 1356">
     <span class='ocr_line' id='line_1_21' title="bbox 2243 1276 3769 1356; baseline -0.008 -12"><span class='ocrx_word' id='word_1_155' title='bbox 2243 1306 2390 1354; x_wconf 86' lang='grc' dir='ltr'>στον,</span> <span class='ocrx_word' id='word_1_156' title='bbox 2427 1289 2494 1342; x_wconf 82' lang='grc' dir='ltr'><strong>ἂν</strong></span> <span class='ocrx_word' id='word_1_157' title='bbox 2541 1287 2830 1356; x_wconf 84' lang='grc' dir='ltr'>Θεωρεῖται</span> <span class='ocrx_word' id='word_1_158' title='bbox 2871 1280 3054 1355; x_wconf 88' lang='grc' dir='ltr'>μόνον,</span> <span class='ocrx_word' id='word_1_159' title='bbox 3086 1279 3184 1334; x_wconf 77' lang='grc' dir='ltr'><strong>τοῦ</strong></span> <span class='ocrx_word' id='word_1_160' title='bbox 3232 1276 3324 1330; x_wconf 80' lang='grc' dir='ltr'><strong>νοῦ</strong></span> <span class='ocrx_word' id='word_1_161' title='bbox 3374 1277 3679 1348; x_wconf 70' lang='grc' dir='ltr'>χωρίζοντας</span> <span class='ocrx_word' id='word_1_162' title='bbox 3713 1279 3769 1332; x_wconf 76' lang='grc' dir='ltr'>τὰ</span> 
     </span>
    </p>
   </div>
   <div class='ocr_carea' id='block_1_22' title="bbox 547 1368 2142 1452">
    <p class='ocr_par' dir='ltr' id='par_1_22' title="bbox 547 1368 2134 1446">
     <span class='ocr_line' id='line_1_22' title="bbox 547 1368 2134 1446; baseline 0.004 -22"><span class='ocrx_word' id='word_1_163' title='bbox 547 1368 632 1440; x_wconf 88' lang='lat' dir='ltr'><strong>(ut</strong></span> <span class='ocrx_word' id='word_1_164' title='bbox 660 1371 913 1426; x_wconf 89' lang='lat' dir='ltr'><strong>subtilius</strong></span> <span class='ocrx_word' id='word_1_165' title='bbox 943 1373 1206 1444; x_wconf 83' lang='lat' dir='ltr'><strong>dicamus)</strong></span> <span class='ocrx_word' id='word_1_166' title='bbox 1242 1375 1358 1446; x_wconf 90' lang='lat' dir='ltr'><strong>ipsa</strong></span> <span class='ocrx_word' id='word_1_167' title='bbox 1393 1375 1492 1428; x_wconf 86' lang='lat' dir='ltr'><strong>tria</strong></span> <span class='ocrx_word' id='word_1_168' title='bbox 1525 1379 1609 1428; x_wconf 90' lang='lat' dir='ltr'><strong>est</strong></span> <span class='ocrx_word' id='word_1_169' title='bbox 1647 1375 1849 1438; x_wconf 85' lang='lat' dir='ltr'><strong>deitas,</strong></span> <span class='ocrx_word' id='word_1_170' title='bbox 1882 1391 2004 1444; x_wconf 68' lang='lat' dir='ltr'><strong>quae</strong></span> <span class='ocrx_word' id='word_1_171' title='bbox 2032 1377 2134 1431; x_wconf 86' lang='lat' dir='ltr'><strong>tria</strong></span> 
     </span>
    </p>
   </div>
   <div class='ocr_carea' id='block_1_23' title="bbox 2175 1368 3770 1452">
    <p class='ocr_par' dir='ltr' id='par_1_23' title="bbox 2234 1368 3770 1452">
     <span class='ocr_line' id='line_1_23' title="bbox 2234 1368 3770 1452; baseline -0.01 -17"><span class='ocrx_word' id='word_1_172' title='bbox 2234 1380 2536 1452; x_wconf 79' lang='grc' dir='ltr'>ἀχώριστοι,</span> <span class='ocrx_word' id='word_1_173' title='bbox 2572 1377 2706 1432; x_wconf 88' lang='grc' dir='ltr'>Θεὸν</span> <span class='ocrx_word' id='word_1_174' title='bbox 2733 1375 2805 1431; x_wconf 81' lang='grc' dir='ltr'><strong>τά</strong></span> <span class='ocrx_word' id='word_1_175' title='bbox 2845 1371 2973 1446; x_wconf 88' lang='grc' dir='ltr'>τρία</span> <span class='ocrx_word' id='word_1_176' title='bbox 3010 1373 3130 1444; x_wconf 80' lang='grc' dir='ltr'>μετ’</span> <span class='ocrx_word' id='word_1_177' title='bbox 3165 1368 3410 1440; x_wconf 66' lang='grc' dir='ltr'>ἀλλήλων</span> <span class='ocrx_word' id='word_1_178' title='bbox 3437 1368 3685 1440; x_wconf 78' lang='grc' dir='ltr'>νοούμενα</span> <span class='ocrx_word' id='word_1_179' title='bbox 3709 1369 3770 1440; x_wconf 81' lang='grc' dir='ltr'>τῷ</span> 
     </span>
    </p>
   </div>
   <div class='ocr_carea' id='block_1_24' title="bbox 545 1459 2140 1546">
    <p class='ocr_par' dir='ltr' id='par_1_24' title="bbox 545 1459 2134 1536">
     <span class='ocr_line' id='line_1_24' title="bbox 545 1459 2134 1536; baseline 0.004 -21"><span class='ocrx_word' id='word_1_180' title='bbox 545 1459 692 1532; x_wconf 63' lang='lat' dir='ltr'><strong>[quae</strong></span> <span class='ocrx_word' id='word_1_181' title='bbox 711 1461 834 1528; x_wconf 86' lang='lat' dir='ltr'><strong>tria,</strong></span> <span class='ocrx_word' id='word_1_182' title='bbox 861 1464 1043 1517; x_wconf 74' lang='lat' dir='ltr'><strong>desum</strong></span> <span class='ocrx_word' id='word_1_183' title='bbox 1068 1465 1124 1517; x_wconf 82' lang='lat' dir='ltr'><strong>in</strong></span> <span class='ocrx_word' id='word_1_184' title='bbox 1149 1459 1464 1536; x_wconf 81' lang='lat' dir='ltr'><strong>cod.Colb.],</strong></span> <span class='ocrx_word' id='word_1_185' title='bbox 1495 1463 1638 1518; x_wconf 89' lang='lat' dir='ltr'><strong>Deus</strong></span> <span class='ocrx_word' id='word_1_186' title='bbox 1660 1463 1840 1530; x_wconf 90' lang='lat' dir='ltr'><strong>Pater,</strong></span> <span class='ocrx_word' id='word_1_187' title='bbox 1869 1463 2014 1521; x_wconf 89' lang='lat' dir='ltr'><strong>Deus</strong></span> <span class='ocrx_word' id='word_1_188' title='bbox 2041 1465 2134 1520; x_wconf 79' lang='lat' dir='ltr'><strong>Fi-</strong></span> 
     </span>
    </p>
   </div>
   <div class='ocr_carea' id='block_1_25' title="bbox 2173 1459 3768 1546">
    <p class='ocr_par' dir='ltr' id='par_1_25' title="bbox 2235 1461 3768 1546">
     <span class='ocr_line' id='line_1_25' title="bbox 2235 1461 3768 1546; baseline -0.003 -28"><span class='ocrx_word' id='word_1_189' title='bbox 2235 1471 2386 1543; x_wconf 75' lang='grc' dir='ltr'>αὐτῷ</span> <span class='ocrx_word' id='word_1_190' title='bbox 2419 1471 2465 1502; x_wconf 76' lang='grc'><strong>⁸⁸</strong></span> <span class='ocrx_word' id='word_1_191' title='bbox 2490 1471 2590 1540; x_wconf 79' lang='grc' dir='ltr'>τῆς</span> <span class='ocrx_word' id='word_1_192' title='bbox 2624 1463 2894 1539; x_wconf 84' lang='grc' dir='ltr'>κινήσεως</span> <span class='ocrx_word' id='word_1_193' title='bbox 2923 1463 3018 1519; x_wconf 71' lang='grc' dir='ltr'><strong>καὶ</strong></span> <span class='ocrx_word' id='word_1_194' title='bbox 3045 1464 3145 1534; x_wconf 78' lang='grc' dir='ltr'>τῆς</span> <span class='ocrx_word' id='word_1_195' title='bbox 3165 1461 3412 1546; x_wconf 57' lang='grc' dir='ltr'>φύσεως.</span> <span class='ocrx_word' id='word_1_196' title='bbox 3455 1461 3660 1532; x_wconf 81' lang='grc' dir='ltr'><strong>Ἐπειδὴ</strong></span> <span class='ocrx_word' id='word_1_197' title='bbox 3684 1463 3768 1534; x_wconf 74' lang='grc' dir='ltr'><strong>χρὴ</strong></span> 
     </span>
    </p>
   </div>
   <div class='ocr_carea' id='block_1_26' title="bbox 543 1548 2138 1628">
    <p class='ocr_par' dir='ltr' id='par_1_26' title="bbox 543 1551 2134 1628">
     <span class='ocr_line' id='line_1_26' title="bbox 543 1551 2134 1628; baseline 0.003 -23"><span class='ocrx_word' id='word_1_198' title='bbox 543 1551 670 1617; x_wconf 84' lang='lat' dir='ltr'><strong>lius,</strong></span> <span class='ocrx_word' id='word_1_199' title='bbox 711 1553 856 1608; x_wconf 88' lang='lat' dir='ltr'><strong>Deus</strong></span> <span class='ocrx_word' id='word_1_200' title='bbox 897 1552 1132 1624; x_wconf 86' lang='lat' dir='ltr'><strong>Spiritus</strong></span> <span class='ocrx_word' id='word_1_201' title='bbox 1174 1563 1417 1620; x_wconf 87' lang='lat' dir='ltr'><strong>sanctus,</strong></span> <span class='ocrx_word' id='word_1_202' title='bbox 1460 1571 1585 1610; x_wconf 90' lang='lat' dir='ltr'><strong>cum</strong></span> <span class='ocrx_word' id='word_1_203' title='bbox 1627 1571 1966 1626; x_wconf 74' lang='lat' dir='ltr'><strong>unaquaeque</strong></span> <span class='ocrx_word' id='word_1_204' title='bbox 2002 1570 2134 1628; x_wconf 85' lang='lat' dir='ltr'><strong>per-</strong></span> 
     </span>
    </p>
   </div>
   <div class='ocr_carea' id='block_1_27' title="bbox 2177 1548 3772 1628">
    <p class='ocr_par' dir='ltr' id='par_1_27' title="bbox 2236 1548 3772 1624">
     <span class='ocr_line' id='line_1_27' title="bbox 2236 1548 3772 1624; baseline -0.006 -12"><span class='ocrx_word' id='word_1_205' title='bbox 2236 1557 2332 1612; x_wconf 84' lang='grc' dir='ltr'>καὶ</span> <span class='ocrx_word' id='word_1_206' title='bbox 2377 1557 2470 1610; x_wconf 84' lang='grc' dir='ltr'><strong>τὸν</strong></span> <span class='ocrx_word' id='word_1_207' title='bbox 2507 1557 2605 1610; x_wconf 70' lang='grc' dir='ltr'>ἕνα</span> <span class='ocrx_word' id='word_1_208' title='bbox 2636 1553 2771 1609; x_wconf 85' lang='grc' dir='ltr'>Θεὸν</span> <span class='ocrx_word' id='word_1_209' title='bbox 2819 1549 3104 1624; x_wconf 76' lang='grc' dir='ltr'>ὁμολογεῖν</span> <span class='ocrx_word' id='word_1_210' title='bbox 3134 1549 3182 1583; x_wconf 71' lang='grc' dir='ltr'><strong>’τ</strong></span> <span class='ocrx_word' id='word_1_211' title='bbox 3226 1549 3325 1603; x_wconf 72' lang='grc' dir='ltr'>καὶ</span> <span class='ocrx_word' id='word_1_212' title='bbox 3357 1548 3458 1613; x_wconf 86' lang='grc' dir='ltr'><strong>τάς</strong></span> <span class='ocrx_word' id='word_1_213' title='bbox 3489 1551 3627 1620; x_wconf 85' lang='grc' dir='ltr'>τρεῖς</span> <span class='ocrx_word' id='word_1_214' title='bbox 3670 1551 3772 1604; x_wconf 81' lang='grc' dir='ltr'>ὑπο-</span> 
     </span>
    </p>
   </div>
   <div class='ocr_carea' id='block_1_28' title="bbox 544 1637 2139 1719">
    <p class='ocr_par' dir='ltr' id='par_1_28' title="bbox 544 1645 2135 1719">
     <span class='ocr_line' id='line_1_28' title="bbox 544 1645 2135 1719; baseline 0.004 -21"><span class='ocrx_word' id='word_1_215' title='bbox 544 1658 678 1698; x_wconf 88' lang='lat' dir='ltr'><strong>sona</strong></span> <span class='ocrx_word' id='word_1_216' title='bbox 713 1645 888 1699; x_wconf 87' lang='lat' dir='ltr'><strong>solum</strong></span> <span class='ocrx_word' id='word_1_217' title='bbox 929 1646 1270 1718; x_wconf 79' lang='lat' dir='ltr'><strong>intelligitur,</strong></span> <span class='ocrx_word' id='word_1_218' title='bbox 1309 1655 1495 1702; x_wconf 86' lang='lat' dir='ltr'><strong>mente</strong></span> <span class='ocrx_word' id='word_1_219' title='bbox 1531 1657 1818 1718; x_wconf 79' lang='lat' dir='ltr'><strong>separante</strong></span> <span class='ocrx_word' id='word_1_220' title='bbox 1853 1649 2135 1719; x_wconf 89' lang='lat' dir='ltr'><strong>insepara-</strong></span> 
     </span>
    </p>
   </div>
   <div class='ocr_carea' id='block_1_29' title="bbox 2178 1637 3773 1719">
    <p class='ocr_par' dir='ltr' id='par_1_29' title="bbox 2237 1637 3773 1718">
     <span class='ocr_line' id='line_1_29' title="bbox 2237 1637 3773 1718; baseline -0.008 -15"><span class='ocrx_word' id='word_1_221' title='bbox 2237 1647 2458 1712; x_wconf 81' lang='grc' dir='ltr'>στάσεις</span> <span class='ocrx_word' id='word_1_222' title='bbox 2505 1645 2820 1718; x_wconf 81' lang='grc' dir='ltr'>κηρύττειν,</span> <span class='ocrx_word' id='word_1_223' title='bbox 2853 1641 3022 1715; x_wconf 73' lang='grc' dir='ltr'>ἦγουν</span> <span class='ocrx_word' id='word_1_224' title='bbox 3063 1639 3195 1711; x_wconf 87' lang='grc' dir='ltr'>τρία</span> <span class='ocrx_word' id='word_1_225' title='bbox 3233 1637 3522 1710; x_wconf 85' lang='grc' dir='ltr'>πρόσωπα,</span> <span class='ocrx_word' id='word_1_226' title='bbox 3553 1637 3640 1690; x_wconf 78' lang='grc' dir='ltr'><strong>καὶ</strong></span> <span class='ocrx_word' id='word_1_227' title='bbox 3673 1639 3773 1692; x_wconf 74' lang='grc' dir='ltr'>ἑκό-</span> 
     </span>
    </p>
   </div>
   <div class='ocr_carea' id='block_1_30' title="bbox 543 1719 2138 1812">
    <p class='ocr_par' dir='ltr' id='par_1_30' title="bbox 543 1735 2137 1812">
     <span class='ocr_line' id='line_1_30' title="bbox 543 1735 2137 1812; baseline 0.004 -22"><span class='ocrx_word' id='word_1_228' title='bbox 543 1735 703 1803; x_wconf 90' lang='lat' dir='ltr'><strong>bilia,</strong></span> <span class='ocrx_word' id='word_1_229' title='bbox 741 1746 798 1792; x_wconf 90' lang='lat' dir='ltr'><strong>et</strong></span> <span class='ocrx_word' id='word_1_230' title='bbox 841 1737 942 1792; x_wconf 88' lang='lat' dir='ltr'><strong>tria</strong></span> <span class='ocrx_word' id='word_1_231' title='bbox 982 1754 1125 1792; x_wconf 88' lang='lat' dir='ltr'><strong>unus</strong></span> <span class='ocrx_word' id='word_1_232' title='bbox 1170 1737 1344 1804; x_wconf 91' lang='lat' dir='ltr'><strong>Deus,</strong></span> <span class='ocrx_word' id='word_1_233' title='bbox 1387 1753 1511 1794; x_wconf 89' lang='lat' dir='ltr'><strong>cum</strong></span> <span class='ocrx_word' id='word_1_234' title='bbox 1557 1739 1718 1794; x_wconf 89' lang='lat' dir='ltr'><strong>simul</strong></span> <span class='ocrx_word' id='word_1_235' title='bbox 1761 1739 2137 1812; x_wconf 74' lang='lat' dir='ltr'><strong>intelliguntur</strong></span> 
     </span>
    </p>
   </div>
   <div class='ocr_carea' id='block_1_31' title="bbox 2176 1719 3771 1812">
    <p class='ocr_par' dir='ltr' id='par_1_31' title="bbox 2176 1719 3771 1812">
     <span class='ocr_line' id='line_1_31' title="bbox 2176 1719 3771 1812; baseline -0.022 0"><span class='ocrx_word' id='word_1_236' title='bbox 2176 1797 2207 1812; x_wconf 68' lang='grc' dir='ltr'><strong><em>η</em></strong></span> <span class='ocrx_word' id='word_1_237' title='bbox 2239 1755 2371 1810; x_wconf 85' lang='grc' dir='ltr'>στην</span> <span class='ocrx_word' id='word_1_238' title='bbox 2406 1735 2545 1810; x_wconf 83' lang='grc' dir='ltr'>μετὰ</span> <span class='ocrx_word' id='word_1_239' title='bbox 2568 1739 2668 1807; x_wconf 79' lang='grc' dir='ltr'><strong>τῆς</strong></span> <span class='ocrx_word' id='word_1_240' title='bbox 2699 1728 2982 1805; x_wconf 76' lang='grc' dir='ltr'>ἰδιότητος,</span> <span class='ocrx_word' id='word_1_241' title='bbox 3010 1732 3107 1786; x_wconf 76' lang='grc' dir='ltr'><strong>καὶ</strong></span> <span class='ocrx_word' id='word_1_242' title='bbox 3126 1719 3251 1785; x_wconf 68' lang='grc' dir='ltr'>οὔτε</span> <span class='ocrx_word' id='word_1_243' title='bbox 3276 1730 3374 1802; x_wconf 78' lang='grc' dir='ltr'>τὴν</span> <span class='ocrx_word' id='word_1_244' title='bbox 3399 1729 3587 1784; x_wconf 68' lang='grc' dir='ltr'>ἕνωσιν</span> <span class='ocrx_word' id='word_1_245' title='bbox 3611 1730 3771 1800; x_wconf 61' lang='lat' dir='ltr'><strong>eam.</strong></span> 
     </span>
    </p>
   </div>
   <div class='ocr_carea' id='block_1_32' title="bbox 541 1797 2136 1901">
    <p class='ocr_par' dir='ltr' id='par_1_32' title="bbox 541 1829 2133 1901">
     <span class='ocr_line' id='line_1_32' title="bbox 541 1829 2133 1901; baseline 0.005 -21"><span class='ocrx_word' id='word_1_246' title='bbox 541 1837 768 1899; x_wconf 88' lang='lat' dir='ltr'><strong>propter</strong></span> <span class='ocrx_word' id='word_1_247' title='bbox 803 1829 1050 1884; x_wconf 86' lang='lat' dir='ltr'><strong>eamdem</strong></span> <span class='ocrx_word' id='word_1_248' title='bbox 1091 1829 1384 1896; x_wconf 83' lang='lat' dir='ltr'><strong>virtutem,</strong></span> <span class='ocrx_word' id='word_1_249' title='bbox 1425 1831 1783 1901; x_wconf 86' lang='lat' dir='ltr'><strong>eamdemque</strong></span> <span class='ocrx_word' id='word_1_250' title='bbox 1823 1840 2074 1887; x_wconf 86' lang='lat' dir='ltr'><strong>naturam</strong></span> <span class='ocrx_word' id='word_1_251' title='bbox 2119 1852 2133 1889; x_wconf 80' lang='grc' dir='ltr'><strong>ι</strong></span> 
     </span>
    </p>
   </div>
   <div class='ocr_carea' id='block_1_33' title="bbox 2179 1797 3774 1901">
    <p class='ocr_par' dir='ltr' id='par_1_33' title="bbox 2179 1797 3774 1901">
     <span class='ocr_line' id='line_1_33' title="bbox 2179 1797 3774 1901; baseline -0.009 -15"><span class='ocrx_word' id='word_1_252' title='bbox 2179 1797 2209 1851; x_wconf 72' lang='grc' dir='ltr'><strong>Β</strong></span> <span class='ocrx_word' id='word_1_253' title='bbox 2239 1797 2338 1886; x_wconf 66' lang='grc' dir='ltr'><strong>στιν¹</strong></span> <span class='ocrx_word' id='word_1_254' title='bbox 2366 1797 2717 1901; x_wconf 72' lang='grc' dir='ltr'>ἐργαζόμεθα</span> <span class='ocrx_word' id='word_1_255' title='bbox 2743 1797 2887 1881; x_wconf 85' lang='grc' dir='ltr'><strong>κατά</strong></span> <span class='ocrx_word' id='word_1_256' title='bbox 2920 1823 3212 1878; x_wconf 79' lang='grc' dir='ltr'>Σαϐἑλλιον</span> <span class='ocrx_word' id='word_1_257' title='bbox 3244 1822 3293 1856; x_wconf 76' lang='grc'><strong>’⁸</strong></span> <span class='ocrx_word' id='word_1_258' title='bbox 3330 1797 3394 1876; x_wconf 56' lang='grc' dir='ltr'>ἓν</span> <span class='ocrx_word' id='word_1_259' title='bbox 3421 1797 3774 1893; x_wconf 84' lang='grc' dir='ltr'>πρόσωπον</span> 
     </span>
    </p>
   </div>
   <div class='ocr_carea' id='block_1_34' title="bbox 542 1905 2137 1995">
    <p class='ocr_par' dir='ltr' id='par_1_34' title="bbox 542 1913 2137 1995">
     <span class='ocr_line' id='line_1_34' title="bbox 542 1913 2137 1995; baseline 0.005 -24"><span class='ocrx_word' id='word_1_260' title='bbox 542 1919 802 1987; x_wconf 89' lang='lat' dir='ltr'><strong>quoniam</strong></span> <span class='ocrx_word' id='word_1_261' title='bbox 845 1927 1061 1989; x_wconf 83' lang='lat' dir='ltr'><strong>oportet</strong></span> <span class='ocrx_word' id='word_1_262' title='bbox 1101 1927 1158 1974; x_wconf 87' lang='lat' dir='ltr'><strong>et</strong></span> <span class='ocrx_word' id='word_1_263' title='bbox 1198 1936 1370 1975; x_wconf 87' lang='lat' dir='ltr'><strong>unum</strong></span> <span class='ocrx_word' id='word_1_264' title='bbox 1403 1919 1582 1995; x_wconf 82' lang='lat' dir='ltr'><strong>Deum</strong></span> <span class='ocrx_word' id='word_1_265' title='bbox 1620 1913 1896 1989; x_wconf 85' lang='lat' dir='ltr'><strong>conﬁteri,</strong></span> <span class='ocrx_word' id='word_1_266' title='bbox 1935 1930 1992 1978; x_wconf 87' lang='lat' dir='ltr'><strong>et</strong></span> <span class='ocrx_word' id='word_1_267' title='bbox 2027 1923 2137 1980; x_wconf 84' lang='lat' dir='ltr'><strong>tres</strong></span> 
     </span>
    </p>
   </div>
   <div class='ocr_carea' id='block_1_35' title="bbox 2178 1905 3773 1995">
    <p class='ocr_par' dir='ltr' id='par_1_35' title="bbox 2235 1905 3773 1994">
     <span class='ocr_line' id='line_1_35' title="bbox 2235 1905 3773 1994; baseline -0.009 -16"><span class='ocrx_word' id='word_1_268' title='bbox 2235 1940 2404 1994; x_wconf 87' lang='grc' dir='ltr'>γοντα</span> <span class='ocrx_word' id='word_1_269' title='bbox 2446 1923 2547 1993; x_wconf 76' lang='grc' dir='ltr'>τὴν</span> <span class='ocrx_word' id='word_1_270' title='bbox 2585 1919 2816 1992; x_wconf 84' lang='grc' dir='ltr'>Τριάδα,</span> <span class='ocrx_word' id='word_1_271' title='bbox 2847 1905 3140 1972; x_wconf 78' lang='grc' dir='ltr'>τὸνάὺτὸν</span> <span class='ocrx_word' id='word_1_272' title='bbox 3184 1913 3410 1987; x_wconf 80' lang='grc' dir='ltr'>Πατέρα</span> <span class='ocrx_word' id='word_1_273' title='bbox 3439 1913 3533 1968; x_wconf 80' lang='grc' dir='ltr'>καὶ</span> <span class='ocrx_word' id='word_1_274' title='bbox 3559 1912 3677 1966; x_wconf 82' lang='grc' dir='ltr'>Υίὸν</span> <span class='ocrx_word' id='word_1_275' title='bbox 3702 1915 3773 1967; x_wconf 69' lang='grc' dir='ltr'><strong>καὶ</strong></span> 
     </span>
    </p>
   </div>
   <div class='ocr_carea' id='block_1_36' title="bbox 541 1997 2136 2084">
    <p class='ocr_par' dir='ltr' id='par_1_36' title="bbox 541 2010 2136 2082">
     <span class='ocr_line' id='line_1_36' title="bbox 541 2010 2136 2082; baseline 0.003 -18"><span class='ocrx_word' id='word_1_276' title='bbox 541 2010 926 2065; x_wconf 87' lang='lat' dir='ltr'><strong>subsistentias</strong></span> <span class='ocrx_word' id='word_1_277' title='bbox 950 2012 1266 2081; x_wconf 66' lang='lat' dir='ltr'><strong>praedicare,</strong></span> <span class='ocrx_word' id='word_1_278' title='bbox 1294 2027 1392 2067; x_wconf 88' lang='lat' dir='ltr'><strong>seu</strong></span> <span class='ocrx_word' id='word_1_279' title='bbox 1417 2021 1528 2068; x_wconf 93' lang='lat' dir='ltr'><strong>tres</strong></span> <span class='ocrx_word' id='word_1_280' title='bbox 1552 2024 1839 2082; x_wconf 85' lang='lat' dir='ltr'><strong>personas,</strong></span> <span class='ocrx_word' id='word_1_281' title='bbox 1863 2023 1920 2068; x_wconf 89' lang='lat' dir='ltr'><strong>et</strong></span> <span class='ocrx_word' id='word_1_282' title='bbox 1940 2029 2136 2070; x_wconf 86' lang='lat' dir='ltr'><strong>unam-</strong></span> 
     </span>
    </p>
   </div>
   <div class='ocr_carea' id='block_1_37' title="bbox 2178 1997 3773 2084">
    <p class='ocr_par' dir='ltr' id='par_1_37' title="bbox 2237 1997 3773 2084">
     <span class='ocr_line' id='line_1_37' title="bbox 2237 1997 3773 2084; baseline -0.011 -13"><span class='ocrx_word' id='word_1_283' title='bbox 2237 2015 2394 2084; x_wconf 81' lang='grc' dir='ltr'>ἆγιον</span> <span class='ocrx_word' id='word_1_284' title='bbox 2447 2011 2700 2083; x_wconf 78' lang='grc' dir='ltr'>Πνεῦμα,</span> <span class='ocrx_word' id='word_1_285' title='bbox 2744 2002 2870 2064; x_wconf 70' lang='grc' dir='ltr'>οὔτε</span> <span class='ocrx_word' id='word_1_286' title='bbox 2915 1997 3258 2078; x_wconf 75' lang='grc' dir='ltr'>διαιροῦντες</span> <span class='ocrx_word' id='word_1_287' title='bbox 3306 2004 3676 2076; x_wconf 85' lang='grc' dir='ltr'>ἀλλοτριοῦμεν</span> <span class='ocrx_word' id='word_1_288' title='bbox 3699 2003 3773 2072; x_wconf 75' lang='grc' dir='ltr'>τῆς</span> 
     </span>
    </p>
   </div>
   <div class='ocr_carea' id='block_1_38' title="bbox 542 2092 2137 2178">
    <p class='ocr_par' dir='ltr' id='par_1_38' title="bbox 542 2103 2137 2172">
     <span class='ocr_line' id='line_1_38' title="bbox 542 2103 2137 2172; baseline 0.006 -19"><span class='ocrx_word' id='word_1_289' title='bbox 542 2115 815 2170; x_wconf 89' lang='lat' dir='ltr'><strong>quamque</strong></span> <span class='ocrx_word' id='word_1_290' title='bbox 854 2116 976 2156; x_wconf 88' lang='lat' dir='ltr'><strong>cum</strong></span> <span class='ocrx_word' id='word_1_291' title='bbox 1019 2117 1115 2157; x_wconf 90' lang='lat' dir='ltr'><strong>sua</strong></span> <span class='ocrx_word' id='word_1_292' title='bbox 1157 2104 1510 2172; x_wconf 84' lang='lat' dir='ltr'><strong>proprietate.</strong></span> <span class='ocrx_word' id='word_1_293' title='bbox 1551 2103 1618 2158; x_wconf 85' lang='lat' dir='ltr'><strong>Et</strong></span> <span class='ocrx_word' id='word_1_294' title='bbox 1659 2105 1926 2160; x_wconf 88' lang='lat' dir='ltr'><strong>unitatem</strong></span> <span class='ocrx_word' id='word_1_295' title='bbox 1965 2109 2137 2162; x_wconf 89' lang='lat' dir='ltr'><strong>conli-</strong></span> 
     </span>
    </p>
   </div>
   <div class='ocr_carea' id='block_1_39' title="bbox 2181 2092 3776 2178">
    <p class='ocr_par' dir='ltr' id='par_1_39' title="bbox 2240 2092 3776 2178">
     <span class='ocr_line' id='line_1_39' title="bbox 2240 2092 3776 2178; baseline -0.01 -18"><span class='ocrx_word' id='word_1_296' title='bbox 2240 2105 2338 2160; x_wconf 84' lang='grc' dir='ltr'><strong>τοῦ</strong></span> <span class='ocrx_word' id='word_1_297' title='bbox 2371 2105 2508 2159; x_wconf 86' lang='grc' dir='ltr'>Θεοῦ</span> <span class='ocrx_word' id='word_1_298' title='bbox 2547 2096 2765 2173; x_wconf 90' lang='grc' dir='ltr'>Πατρὸς</span> <span class='ocrx_word' id='word_1_299' title='bbox 2798 2099 2989 2178; x_wconf 59' lang='grc' dir='ltr'>οσξσίας</span> <span class='ocrx_word' id='word_1_300' title='bbox 3038 2098 3132 2152; x_wconf 84' lang='grc' dir='ltr'><strong>τὸν</strong></span> <span class='ocrx_word' id='word_1_301' title='bbox 3174 2093 3310 2151; x_wconf 86' lang='grc' dir='ltr'>Υίὸν</span> <span class='ocrx_word' id='word_1_302' title='bbox 3335 2093 3370 2168; x_wconf 77' lang='grc' dir='ltr'>ἦ</span> <span class='ocrx_word' id='word_1_303' title='bbox 3397 2095 3476 2150; x_wconf 62' lang='grc' dir='ltr'>τὸυ</span> <span class='ocrx_word' id='word_1_304' title='bbox 3497 2093 3702 2164; x_wconf 86' lang='grc' dir='ltr'>Πνεῦμα</span> <span class='ocrx_word' id='word_1_305' title='bbox 3733 2092 3776 2144; x_wconf 76' lang='grc' dir='ltr'><strong>τὸ</strong></span> 
     </span>
    </p>
   </div>
   <div class='ocr_carea' id='block_1_40' title="bbox 542 2178 2137 2269">
    <p class='ocr_par' dir='ltr' id='par_1_40' title="bbox 542 2189 2133 2256">
     <span class='ocr_line' id='line_1_40' title="bbox 542 2189 2133 2256; baseline 0.006 -13"><span class='ocrx_word' id='word_1_306' title='bbox 542 2195 744 2256; x_wconf 85' lang='lat' dir='ltr'><strong>tentes,</strong></span> <span class='ocrx_word' id='word_1_307' title='bbox 777 2189 1152 2246; x_wconf 82' lang='lat' dir='ltr'><strong>confusionem</strong></span> <span class='ocrx_word' id='word_1_308' title='bbox 1191 2207 1299 2246; x_wconf 92' lang='lat' dir='ltr'><strong>non</strong></span> <span class='ocrx_word' id='word_1_309' title='bbox 1337 2191 1568 2248; x_wconf 81' lang='lat' dir='ltr'><strong>facimus</strong></span> <span class='ocrx_word' id='word_1_310' title='bbox 1603 2196 1903 2252; x_wconf 88' lang='lat' dir='ltr'><strong>secundum</strong></span> <span class='ocrx_word' id='word_1_311' title='bbox 1941 2196 2133 2253; x_wconf 90' lang='lat' dir='ltr'><strong>Sabel-</strong></span> 
     </span>
    </p>
   </div>
   <div class='ocr_carea' id='block_1_41' title="bbox 2182 2178 3777 2269">
    <p class='ocr_par' dir='ltr' id='par_1_41' title="bbox 2239 2178 3777 2269">
     <span class='ocr_line' id='line_1_41' title="bbox 2239 2178 3777 2269; baseline -0.011 -15"><span class='ocrx_word' id='word_1_312' title='bbox 2239 2195 2416 2269; x_wconf 74' lang='grc' dir='ltr'>ἅγιον,</span> <span class='ocrx_word' id='word_1_313' title='bbox 2468 2197 2610 2252; x_wconf 82' lang='grc' dir='ltr'>κατὰ</span> <span class='ocrx_word' id='word_1_314' title='bbox 2641 2194 2738 2266; x_wconf 81' lang='grc' dir='ltr'>τὴν</span> <span class='ocrx_word' id='word_1_315' title='bbox 2765 2178 2984 2264; x_wconf 81' lang='grc' dir='ltr'>’Λρείου</span> <span class='ocrx_word' id='word_1_316' title='bbox 3017 2189 3213 2261; x_wconf 85' lang='grc' dir='ltr'>μανίαν</span> <span class='ocrx_word' id='word_1_317' title='bbox 3249 2181 3330 2254; x_wconf 83' lang='grc' dir='ltr'><strong>είς</strong></span> <span class='ocrx_word' id='word_1_318' title='bbox 3361 2189 3509 2260; x_wconf 80' lang='grc' dir='ltr'>τρεῖς</span> <span class='ocrx_word' id='word_1_319' title='bbox 3535 2185 3777 2257; x_wconf 67' lang='grc' dir='ltr'>διαφόρους</span> 
     </span>
    </p>
   </div>
   <div class='ocr_carea' id='block_1_42' title="bbox 540 2281 2135 2361">
    <p class='ocr_par' dir='ltr' id='par_1_42' title="bbox 540 2281 2133 2361">
     <span class='ocr_line' id='line_1_42' title="bbox 540 2281 2133 2361; baseline 0.008 -25"><span class='ocrx_word' id='word_1_320' title='bbox 540 2281 697 2348; x_wconf 90' lang='lat' dir='ltr'><strong>lium,</strong></span> <span class='ocrx_word' id='word_1_321' title='bbox 742 2283 1038 2350; x_wconf 84' lang='lat' dir='ltr'><strong>dicentem,</strong></span> <span class='ocrx_word' id='word_1_322' title='bbox 1083 2283 1406 2340; x_wconf 87' lang='lat' dir='ltr'><strong>Trinitatem</strong></span> <span class='ocrx_word' id='word_1_323' title='bbox 1458 2303 1622 2341; x_wconf 91' lang='lat' dir='ltr'><strong>unam</strong></span> <span class='ocrx_word' id='word_1_324' title='bbox 1673 2303 1794 2344; x_wconf 87' lang='lat' dir='ltr'><strong>esse</strong></span> <span class='ocrx_word' id='word_1_325' title='bbox 1841 2305 2133 2361; x_wconf 86' lang='lat' dir='ltr'><strong>personam</strong></span> 
     </span>
    </p>
   </div>
   <div class='ocr_carea' id='block_1_43' title="bbox 1810 2281 3405 2361">
    <p class='ocr_par' dir='ltr' id='par_1_43' title="bbox 1841 2281 3405 2361">
     <span class='ocr_line' id='line_1_43' title="bbox 1841 2281 3405 2361; baseline -0.008 -16"><span class='ocrx_word' id='word_1_326' title='bbox 1841 2305 2133 2361; x_wconf 85' lang='lat' dir='ltr'><strong>personam</strong></span> <span class='ocrx_word' id='word_1_327' title='bbox 2240 2291 2430 2356; x_wconf 80' lang='grc' dir='ltr'>οὐσίας</span> <span class='ocrx_word' id='word_1_328' title='bbox 2461 2281 2896 2359; x_wconf 76' lang='grc' dir='ltr'>κατατέμνοντες</span> <span class='ocrx_word' id='word_1_329' title='bbox 2921 2285 3022 2356; x_wconf 85' lang='grc' dir='ltr'>τὴν</span> <span class='ocrx_word' id='word_1_330' title='bbox 3050 2283 3320 2354; x_wconf 79' lang='grc' dir='ltr'>Θεότητα.</span> <span class='ocrx_word' id='word_1_331' title='bbox 3400 2325 3405 2331; x_wconf 97' lang='grc'>.</span> 
     </span>
    </p>
   </div>
   <div class='ocr_carea' id='block_1_44' title="bbox 542 2367 3778 2459">
    <p class='ocr_par' dir='ltr' id='par_1_44' title="bbox 542 2367 3778 2459">
     <span class='ocr_line' id='line_1_44' title="bbox 542 2367 3778 2459; baseline -0.001 -29"><span class='ocrx_word' id='word_1_332' title='bbox 542 2377 858 2432; x_wconf 89' lang='lat' dir='ltr'><strong>trinomium</strong></span> <span class='ocrx_word' id='word_1_333' title='bbox 886 2377 1264 2452; x_wconf 78' lang='lat' dir='ltr'><strong>[trionymum]</strong></span> <span class='ocrx_word' id='word_1_334' title='bbox 1289 2382 1543 2437; x_wconf 88' lang='lat' dir='ltr'><strong>eumdem</strong></span> <span class='ocrx_word' id='word_1_335' title='bbox 1567 2381 1806 2452; x_wconf 89' lang='lat' dir='ltr'><strong>Patrem,</strong></span> <span class='ocrx_word' id='word_1_336' title='bbox 1831 2393 1886 2441; x_wconf 90' lang='lat' dir='ltr'><strong>et</strong></span> <span class='ocrx_word' id='word_1_337' title='bbox 1911 2379 2132 2454; x_wconf 83' lang='lat' dir='ltr'><strong>Filium,</strong></span> <span class='ocrx_word' id='word_1_338' title='bbox 2192 2396 2248 2445; x_wconf 93' lang='lat' dir='ltr'><strong>et</strong></span> <span class='ocrx_word' id='word_1_339' title='bbox 2298 2367 2563 2459; x_wconf 83' lang='lat' dir='ltr'><strong>Spiritum</strong></span> <span class='ocrx_word' id='word_1_340' title='bbox 2599 2391 2850 2440; x_wconf 87' lang='lat' dir='ltr'><strong>sanctum</strong></span> <span class='ocrx_word' id='word_1_341' title='bbox 2891 2399 2904 2436; x_wconf 90' lang='lat'><strong>:</strong></span> <span class='ocrx_word' id='word_1_342' title='bbox 2937 2395 3043 2436; x_wconf 86' lang='lat' dir='ltr'><strong>nec</strong></span> <span class='ocrx_word' id='word_1_343' title='bbox 3103 2378 3414 2436; x_wconf 89' lang='lat' dir='ltr'><strong>dividentes</strong></span> <span class='ocrx_word' id='word_1_344' title='bbox 3448 2371 3778 2448; x_wconf 82' lang='lat' dir='ltr'><strong>proprietates,</strong></span> 
     </span>
    </p>
   </div>
   <div class='ocr_carea' id='block_1_45' title="bbox 541 2465 3778 2555">
    <p class='ocr_par' dir='ltr' id='par_1_45' title="bbox 541 2465 3778 2555">
     <span class='ocr_line' id='line_1_45' title="bbox 541 2465 3778 2555; baseline -0.001 -31"><span class='ocrx_word' id='word_1_345' title='bbox 541 2469 842 2525; x_wconf 89' lang='lat' dir='ltr'><strong>alienamus</strong></span> <span class='ocrx_word' id='word_1_346' title='bbox 874 2485 904 2526; x_wconf 88' lang='lat' dir='ltr'><strong>a</strong></span> <span class='ocrx_word' id='word_1_347' title='bbox 941 2471 1035 2526; x_wconf 88' lang='lat' dir='ltr'><strong>Dei</strong></span> <span class='ocrx_word' id='word_1_348' title='bbox 1074 2473 1249 2528; x_wconf 85' lang='lat' dir='ltr'><strong>Patris</strong></span> <span class='ocrx_word' id='word_1_349' title='bbox 1287 2476 1592 2532; x_wconf 88' lang='lat' dir='ltr'><strong>substantia</strong></span> <span class='ocrx_word' id='word_1_350' title='bbox 1629 2477 1825 2536; x_wconf 87' lang='lat' dir='ltr'><strong>Filium</strong></span> <span class='ocrx_word' id='word_1_351' title='bbox 1893 2490 1949 2538; x_wconf 90' lang='lat' dir='ltr'><strong>et</strong></span> <span class='ocrx_word' id='word_1_352' title='bbox 1990 2483 2254 2555; x_wconf 88' lang='lat' dir='ltr'><strong>Spiritum</strong></span> <span class='ocrx_word' id='word_1_353' title='bbox 2292 2491 2574 2549; x_wconf 88' lang='lat' dir='ltr'><strong>sanctum,</strong></span> <span class='ocrx_word' id='word_1_354' title='bbox 2649 2479 2952 2555; x_wconf 87' lang='lat' dir='ltr'><strong>secundum</strong></span> <span class='ocrx_word' id='word_1_355' title='bbox 2985 2475 3100 2534; x_wconf 80' lang='lat' dir='ltr'><strong>Arii</strong></span> <span class='ocrx_word' id='word_1_356' title='bbox 3162 2475 3436 2538; x_wconf 79' lang='lat' dir='ltr'><strong>furorem,</strong></span> <span class='ocrx_word' id='word_1_357' title='bbox 3506 2471 3560 2526; x_wconf 89' lang='lat' dir='ltr'><strong>in</strong></span> <span class='ocrx_word' id='word_1_358' title='bbox 3594 2478 3692 2524; x_wconf 82' lang='lat' dir='ltr'><strong>tres</strong></span> <span class='ocrx_word' id='word_1_359' title='bbox 3716 2465 3778 2522; x_wconf 87' lang='lat' dir='ltr'><strong>di-</strong></span> 
     </span>
    </p>
   </div>
   <div class='ocr_carea' id='block_1_46' title="bbox 541 2566 2262 2642">
    <p class='ocr_par' dir='ltr' id='par_1_46' title="bbox 541 2566 2262 2642">
     <span class='ocr_line' id='line_1_46' title="bbox 541 2566 2262 2642; baseline 0.008 -23"><span class='ocrx_word' id='word_1_360' title='bbox 541 2579 728 2620; x_wconf 83' lang='lat' dir='ltr'><strong>versas</strong></span> <span class='ocrx_word' id='word_1_361' title='bbox 770 2569 998 2620; x_wconf 82' lang='lat' dir='ltr'><strong>naturas</strong></span> <span class='ocrx_word' id='word_1_362' title='bbox 1044 2566 1351 2623; x_wconf 83' lang='lat' dir='ltr'><strong>incidentes</strong></span> <span class='ocrx_word' id='word_1_363' title='bbox 1400 2568 1548 2641; x_wconf 80' lang='lat' dir='ltr'><strong>[Arii</strong></span> <span class='ocrx_word' id='word_1_364' title='bbox 1597 2571 1922 2642; x_wconf 86' lang='lat' dir='ltr'><strong>incidentis]</strong></span> <span class='ocrx_word' id='word_1_365' title='bbox 1977 2577 2262 2634; x_wconf 86' lang='lat' dir='ltr'><strong>deitatem.</strong></span> 
     </span>
    </p>
   </div>
   <div class='ocr_carea' id='block_1_47' title="bbox 615 2654 2210 2736">
    <p class='ocr_par' dir='ltr' id='par_1_47' title="bbox 615 2654 2136 2734">
     <span class='ocr_line' id='line_1_47' title="bbox 615 2654 2136 2734; baseline 0.012 -23"><span class='ocrx_word' id='word_1_366' title='bbox 615 2677 636 2711; x_wconf 74' lang='grc' dir='ltr'><strong>ι</strong></span> <span class='ocrx_word' id='word_1_367' title='bbox 665 2659 818 2714; x_wconf 89' lang='lat' dir='ltr'><strong>Unus</strong></span> <span class='ocrx_word' id='word_1_368' title='bbox 846 2658 1011 2730; x_wconf 84' lang='lat' dir='ltr'><strong>igitur</strong></span> <span class='ocrx_word' id='word_1_369' title='bbox 1037 2657 1181 2715; x_wconf 89' lang='lat' dir='ltr'><strong>Deus</strong></span> <span class='ocrx_word' id='word_1_370' title='bbox 1208 2659 1390 2729; x_wconf 83' lang='lat' dir='ltr'><strong>Pater,</strong></span> <span class='ocrx_word' id='word_1_371' title='bbox 1421 2679 1485 2719; x_wconf 83' lang='lat' dir='ltr'><strong>ex</strong></span> <span class='ocrx_word' id='word_1_372' title='bbox 1515 2680 1624 2734; x_wconf 90' lang='lat' dir='ltr'><strong>quo</strong></span> <span class='ocrx_word' id='word_1_373' title='bbox 1652 2669 1832 2724; x_wconf 90' lang='lat' dir='ltr'><strong>omnia</strong></span> <span class='ocrx_word' id='word_1_374' title='bbox 1863 2689 1877 2725; x_wconf 90' lang='lat'><strong>:</strong></span> <span class='ocrx_word' id='word_1_375' title='bbox 1906 2680 1962 2726; x_wconf 89' lang='lat' dir='ltr'><strong>et</strong></span> <span class='ocrx_word' id='word_1_376' title='bbox 1986 2654 2136 2729; x_wconf 69' lang='lat' dir='ltr'><strong>unus</strong></span> 
     </span>
    </p>
   </div>
   <div class='ocr_carea' id='block_1_48' title="bbox 2182 2654 3777 2736">
    <p class='ocr_par' dir='ltr' id='par_1_48' title="bbox 2315 2655 3777 2736">
     <span class='ocr_line' id='line_1_48' title="bbox 2315 2655 3777 2736; baseline -0.008 -13"><span class='ocrx_word' id='word_1_377' title='bbox 2315 2687 2334 2723; x_wconf 77' lang='grc' dir='ltr'><strong>ι</strong></span> <span class='ocrx_word' id='word_1_378' title='bbox 2366 2665 2462 2735; x_wconf 80' lang='grc' dir='ltr'><strong>Εἷς</strong></span> <span class='ocrx_word' id='word_1_379' title='bbox 2477 2672 2523 2703; x_wconf 75' lang='grc'>⁸³</span> <span class='ocrx_word' id='word_1_380' title='bbox 2555 2669 2736 2724; x_wconf 84' lang='grc' dir='ltr'>τοίνυν</span> <span class='ocrx_word' id='word_1_381' title='bbox 2765 2667 2902 2731; x_wconf 89' lang='grc' dir='ltr'>Θεὸς</span> <span class='ocrx_word' id='word_1_382' title='bbox 2925 2668 2954 2721; x_wconf 87' lang='grc' dir='ltr'><strong>ό</strong></span> <span class='ocrx_word' id='word_1_383' title='bbox 2980 2665 3194 2736; x_wconf 85' lang='grc' dir='ltr'>Πατὴρ,</span> <span class='ocrx_word' id='word_1_384' title='bbox 3223 2663 3287 2730; x_wconf 70' lang='grc' dir='ltr'><strong>ἐξ</strong></span> <span class='ocrx_word' id='word_1_385' title='bbox 3316 2655 3378 2718; x_wconf 81' lang='grc' dir='ltr'>οὗ</span> <span class='ocrx_word' id='word_1_386' title='bbox 3405 2663 3473 2718; x_wconf 82' lang='grc' dir='ltr'>τὰ</span> <span class='ocrx_word' id='word_1_387' title='bbox 3502 2663 3682 2726; x_wconf 82' lang='grc' dir='ltr'>πάντα,</span> <span class='ocrx_word' id='word_1_388' title='bbox 3711 2659 3777 2714; x_wconf 74' lang='grc' dir='ltr'><strong>καὶ</strong></span> 
     </span>
    </p>
   </div>
   <div class='ocr_carea' id='block_1_49' title="bbox 539 2746 2134 2834">
    <p class='ocr_par' dir='ltr' id='par_1_49' title="bbox 539 2749 2134 2834">
     <span class='ocr_line' id='line_1_49' title="bbox 539 2749 2134 2834; baseline 0.009 -28"><span class='ocrx_word' id='word_1_389' title='bbox 539 2750 854 2822; x_wconf 79' lang='lat' dir='ltr'><strong>unigenitus</strong></span> <span class='ocrx_word' id='word_1_390' title='bbox 881 2749 1082 2817; x_wconf 86' lang='lat' dir='ltr'><strong>Filius,</strong></span> <span class='ocrx_word' id='word_1_391' title='bbox 1113 2767 1214 2822; x_wconf 90' lang='lat' dir='ltr'><strong>per</strong></span> <span class='ocrx_word' id='word_1_392' title='bbox 1239 2769 1400 2824; x_wconf 90' lang='lat' dir='ltr'><strong>quem</strong></span> <span class='ocrx_word' id='word_1_393' title='bbox 1435 2756 1618 2812; x_wconf 90' lang='lat' dir='ltr'><strong>omnia</strong></span> <span class='ocrx_word' id='word_1_394' title='bbox 1653 2777 1666 2812; x_wconf 91' lang='lat'>:</span> <span class='ocrx_word' id='word_1_395' title='bbox 1697 2769 1751 2814; x_wconf 88' lang='lat' dir='ltr'><strong>et</strong></span> <span class='ocrx_word' id='word_1_396' title='bbox 1784 2777 1928 2818; x_wconf 82' lang='lat' dir='ltr'><strong>unus</strong></span> <span class='ocrx_word' id='word_1_397' title='bbox 1955 2762 2134 2834; x_wconf 87' lang='lat' dir='ltr'><strong>Spiri-</strong></span> 
     </span>
    </p>
   </div>
   <div class='ocr_carea' id='block_1_50' title="bbox 2180 2746 3775 2834">
    <p class='ocr_par' dir='ltr' id='par_1_50' title="bbox 2235 2746 3775 2828">
     <span class='ocr_line' id='line_1_50' title="bbox 2235 2746 3775 2828; baseline -0.01 -14"><span class='ocrx_word' id='word_1_398' title='bbox 2235 2753 2318 2825; x_wconf 80' lang='grc' dir='ltr'>εἷς</span> <span class='ocrx_word' id='word_1_399' title='bbox 2343 2760 2472 2823; x_wconf 77' lang='grc' dir='ltr'>Υἱὸς</span> <span class='ocrx_word' id='word_1_400' title='bbox 2504 2757 2826 2828; x_wconf 85' lang='grc' dir='ltr'>μονογενὴς,</span> <span class='ocrx_word' id='word_1_401' title='bbox 2861 2756 2929 2808; x_wconf 89' lang='grc' dir='ltr'>δι’</span> <span class='ocrx_word' id='word_1_402' title='bbox 2953 2746 3016 2808; x_wconf 81' lang='grc' dir='ltr'><strong>οῦ</strong></span> <span class='ocrx_word' id='word_1_403' title='bbox 3058 2753 3130 2807; x_wconf 85' lang='grc' dir='ltr'>τὰ</span> <span class='ocrx_word' id='word_1_404' title='bbox 3159 2753 3362 2817; x_wconf 85' lang='grc' dir='ltr'>πάντα,</span> <span class='ocrx_word' id='word_1_405' title='bbox 3391 2752 3485 2806; x_wconf 77' lang='grc' dir='ltr'>καὶ</span> <span class='ocrx_word' id='word_1_406' title='bbox 3511 2748 3568 2802; x_wconf 78' lang='grc' dir='ltr'>ἓν</span> <span class='ocrx_word' id='word_1_407' title='bbox 3597 2746 3775 2816; x_wconf 74' lang='grc' dir='ltr'>Πνεῦμα</span> 
     </span>
    </p>
   </div>
   <div class='ocr_carea' id='block_1_51' title="bbox 541 2835 2136 2925">
    <p class='ocr_par' dir='ltr' id='par_1_51' title="bbox 541 2839 2134 2925">
     <span class='ocr_line' id='line_1_51' title="bbox 541 2839 2134 2925; baseline 0.01 -30"><span class='ocrx_word' id='word_1_408' title='bbox 541 2846 630 2898; x_wconf 91' lang='lat' dir='ltr'><strong>tus</strong></span> <span class='ocrx_word' id='word_1_409' title='bbox 654 2848 907 2907; x_wconf 86' lang='lat' dir='ltr'><strong>sanctus,</strong></span> <span class='ocrx_word' id='word_1_410' title='bbox 935 2839 990 2895; x_wconf 91' lang='lat' dir='ltr'><strong>in</strong></span> <span class='ocrx_word' id='word_1_411' title='bbox 1019 2857 1127 2912; x_wconf 91' lang='lat' dir='ltr'><strong>quo</strong></span> <span class='ocrx_word' id='word_1_412' title='bbox 1153 2845 1356 2898; x_wconf 90' lang='lat' dir='ltr'><strong>omnia.</strong></span> <span class='ocrx_word' id='word_1_413' title='bbox 1381 2845 1718 2904; x_wconf 84' lang='lat' dir='ltr'><strong>Conﬁtemur</strong></span> <span class='ocrx_word' id='word_1_414' title='bbox 1741 2859 1926 2908; x_wconf 88' lang='lat' dir='ltr'><strong>autem</strong></span> <span class='ocrx_word' id='word_1_415' title='bbox 1953 2855 2134 2925; x_wconf 86' lang='lat' dir='ltr'><strong>ipsum</strong></span> 
     </span>
    </p>
   </div>
   <div class='ocr_carea' id='block_1_52' title="bbox 2181 2835 3776 2925">
    <p class='ocr_par' dir='ltr' id='par_1_52' title="bbox 2235 2835 3776 2920">
     <span class='ocr_line' id='line_1_52' title="bbox 2235 2835 3776 2920; baseline -0.011 -14"><span class='ocrx_word' id='word_1_416' title='bbox 2235 2851 2412 2920; x_wconf 78' lang='grc' dir='ltr'>ἅγιον,</span> <span class='ocrx_word' id='word_1_417' title='bbox 2447 2851 2506 2904; x_wconf 82' lang='grc' dir='ltr'>ὲν</span> <span class='ocrx_word' id='word_1_418' title='bbox 2647 2849 2716 2903; x_wconf 85' lang='grc' dir='ltr'>τὰ</span> <span class='ocrx_word' id='word_1_419' title='bbox 2761 2843 3396 2916; x_wconf 81' lang='grc' dir='ltr'>πάντα.⁹ομολογοῦμεν</span> <span class='ocrx_word' id='word_1_420' title='bbox 3435 2843 3492 2898; x_wconf 84' lang='grc' dir='ltr'>δὲ</span> <span class='ocrx_word' id='word_1_421' title='bbox 3530 2839 3677 2896; x_wconf 82' lang='grc' dir='ltr'>αὐτὸν</span> <span class='ocrx_word' id='word_1_422' title='bbox 3711 2835 3776 2889; x_wconf 80' lang='grc' dir='ltr'><strong>τὸν</strong></span> 
     </span>
    </p>
   </div>
   <div class='ocr_carea' id='block_1_53' title="bbox 540 2925 2135 3014">
    <p class='ocr_par' dir='ltr' id='par_1_53' title="bbox 540 2929 2133 3006">
     <span class='ocr_line' id='line_1_53' title="bbox 540 2929 2133 3006; baseline 0.011 -21"><span class='ocrx_word' id='word_1_423' title='bbox 540 2931 881 3002; x_wconf 81' lang='lat' dir='ltr'><strong>unigenitum</strong></span> <span class='ocrx_word' id='word_1_424' title='bbox 911 2929 1108 2986; x_wconf 87' lang='lat' dir='ltr'><strong>Filium</strong></span> <span class='ocrx_word' id='word_1_425' title='bbox 1138 2933 1256 2996; x_wconf 87' lang='lat' dir='ltr'><strong>Dei,</strong></span> <span class='ocrx_word' id='word_1_426' title='bbox 1287 2935 1458 2990; x_wconf 89' lang='lat' dir='ltr'><strong>Deum</strong></span> <span class='ocrx_word' id='word_1_427' title='bbox 1485 2935 1746 3006; x_wconf 85' lang='lat' dir='ltr'><strong>Verbum,</strong></span> <span class='ocrx_word' id='word_1_428' title='bbox 1778 2951 1906 2998; x_wconf 89' lang='lat' dir='ltr'><strong>ante</strong></span> <span class='ocrx_word' id='word_1_429' title='bbox 1935 2945 2133 3002; x_wconf 59' lang='lat' dir='ltr'><strong>sacula</strong></span> 
     </span>
    </p>
   </div>
   <div class='ocr_carea' id='block_1_54' title="bbox 2182 2925 3777 3014">
    <p class='ocr_par' dir='ltr' id='par_1_54' title="bbox 2239 2925 3777 3014">
     <span class='ocr_line' id='line_1_54' title="bbox 2239 2925 3777 3014; baseline -0.01 -17"><span class='ocrx_word' id='word_1_430' title='bbox 2239 2941 2504 3014; x_wconf 88' lang='grc' dir='ltr'>μονογενῆ</span> <span class='ocrx_word' id='word_1_431' title='bbox 2547 2940 2674 2994; x_wconf 88' lang='grc' dir='ltr'>Υἱὸν</span> <span class='ocrx_word' id='word_1_432' title='bbox 2709 2937 2804 2992; x_wconf 90' lang='grc' dir='ltr'><strong>τοῦ</strong></span> <span class='ocrx_word' id='word_1_433' title='bbox 2854 2936 3014 3001; x_wconf 88' lang='grc' dir='ltr'>Θεοῦ,</span> <span class='ocrx_word' id='word_1_434' title='bbox 3049 2935 3184 2989; x_wconf 89' lang='grc' dir='ltr'>Θεὸν</span> <span class='ocrx_word' id='word_1_435' title='bbox 3215 2934 3394 3004; x_wconf 84' lang='grc' dir='ltr'>Λόγον</span> <span class='ocrx_word' id='word_1_436' title='bbox 3430 2933 3520 2987; x_wconf 86' lang='grc' dir='ltr'><strong>τὸν</strong></span> <span class='ocrx_word' id='word_1_437' title='bbox 3551 2932 3646 3002; x_wconf 86' lang='grc' dir='ltr'><strong>πρὸ</strong></span> <span class='ocrx_word' id='word_1_438' title='bbox 3681 2925 3777 2981; x_wconf 80' lang='grc' dir='ltr'><strong>α.ίὼ-</strong></span> 
     </span>
    </p>
   </div>
   <div class='ocr_carea' id='block_1_55' title="bbox 539 3017 2134 3103">
    <p class='ocr_par' dir='ltr' id='par_1_55' title="bbox 539 3023 2132 3100">
     <span class='ocr_line' id='line_1_55' title="bbox 539 3023 2132 3100; baseline 0.008 -22"><span class='ocrx_word' id='word_1_439' title='bbox 539 3033 598 3078; x_wconf 86' lang='lat' dir='ltr'><strong>et</strong></span> <span class='ocrx_word' id='word_1_440' title='bbox 622 3024 740 3079; x_wconf 88' lang='lat' dir='ltr'><strong>sine</strong></span> <span class='ocrx_word' id='word_1_441' title='bbox 769 3032 1018 3095; x_wconf 88' lang='lat' dir='ltr'><strong>tempore</strong></span> <span class='ocrx_word' id='word_1_442' title='bbox 1044 3039 1110 3079; x_wconf 82' lang='lat' dir='ltr'><strong>ex</strong></span> <span class='ocrx_word' id='word_1_443' title='bbox 1139 3023 1300 3081; x_wconf 89' lang='lat' dir='ltr'><strong>Patre</strong></span> <span class='ocrx_word' id='word_1_444' title='bbox 1327 3029 1540 3095; x_wconf 81' lang='lat' dir='ltr'><strong>natum,</strong></span> <span class='ocrx_word' id='word_1_445' title='bbox 1567 3044 1679 3085; x_wconf 90' lang='lat' dir='ltr'><strong>non</strong></span> <span class='ocrx_word' id='word_1_446' title='bbox 1705 3030 1934 3100; x_wconf 79' lang='lat' dir='ltr'><strong>factum,</strong></span> <span class='ocrx_word' id='word_1_447' title='bbox 1962 3035 2022 3090; x_wconf 88' lang='lat' dir='ltr'><strong>in</strong></span> <span class='ocrx_word' id='word_1_448' title='bbox 2045 3035 2132 3091; x_wconf 90' lang='lat' dir='ltr'><strong>ul-</strong></span> 
     </span>
    </p>
   </div>
   <div class='ocr_carea' id='block_1_56' title="bbox 2179 3017 3774 3103">
    <p class='ocr_par' dir='ltr' id='par_1_56' title="bbox 2234 3017 3774 3103">
     <span class='ocr_line' id='line_1_56' title="bbox 2234 3017 3774 3103; baseline -0.011 -14"><span class='ocrx_word' id='word_1_449' title='bbox 2234 3052 2364 3102; x_wconf 88' lang='grc' dir='ltr'>νων,</span> <span class='ocrx_word' id='word_1_450' title='bbox 2395 3033 2492 3088; x_wconf 73' lang='grc' dir='ltr'>καὶ</span> <span class='ocrx_word' id='word_1_451' title='bbox 2543 3031 2792 3103; x_wconf 86' lang='grc' dir='ltr'>ἀχρόνως</span> <span class='ocrx_word' id='word_1_452' title='bbox 2837 3031 2904 3084; x_wconf 79' lang='grc' dir='ltr'>ὲκ</span> <span class='ocrx_word' id='word_1_453' title='bbox 2947 3028 3043 3082; x_wconf 87' lang='grc' dir='ltr'><strong>τοῦ</strong></span> <span class='ocrx_word' id='word_1_454' title='bbox 3097 3025 3317 3098; x_wconf 86' lang='grc' dir='ltr'>Πατρὸς</span> <span class='ocrx_word' id='word_1_455' title='bbox 3363 3022 3688 3094; x_wconf 78' lang='grc' dir='ltr'>γεννηθέντα,</span> <span class='ocrx_word' id='word_1_456' title='bbox 3731 3017 3774 3070; x_wconf 80' lang='grc' dir='ltr'>οὐ</span> 
     </span>
    </p>
   </div>
   <div class='ocr_carea' id='block_1_57' title="bbox 539 3109 2134 3196">
    <p class='ocr_par' dir='ltr' id='par_1_57' title="bbox 539 3117 2130 3192">
     <span class='ocr_line' id='line_1_57' title="bbox 539 3117 2130 3192; baseline 0.006 -19"><span class='ocrx_word' id='word_1_457' title='bbox 539 3117 689 3173; x_wconf 81' lang='lat' dir='ltr'><strong>limis</strong></span> <span class='ocrx_word' id='word_1_458' title='bbox 728 3117 924 3172; x_wconf 87' lang='lat' dir='ltr'><strong>diebus</strong></span> <span class='ocrx_word' id='word_1_459' title='bbox 964 3128 1184 3188; x_wconf 89' lang='lat' dir='ltr'><strong>propter</strong></span> <span class='ocrx_word' id='word_1_460' title='bbox 1219 3135 1320 3173; x_wconf 90' lang='lat' dir='ltr'><strong>nos</strong></span> <span class='ocrx_word' id='word_1_461' title='bbox 1355 3129 1409 3174; x_wconf 90' lang='lat' dir='ltr'><strong>et</strong></span> <span class='ocrx_word' id='word_1_462' title='bbox 1445 3131 1665 3192; x_wconf 87' lang='lat' dir='ltr'><strong>propter</strong></span> <span class='ocrx_word' id='word_1_463' title='bbox 1700 3137 1945 3182; x_wconf 86' lang='lat' dir='ltr'><strong>nostram</strong></span> <span class='ocrx_word' id='word_1_464' title='bbox 1981 3127 2130 3183; x_wconf 80' lang='lat' dir='ltr'><strong>salu-</strong></span> 
     </span>
    </p>
   </div>
   <div class='ocr_carea' id='block_1_58' title="bbox 2180 3109 3775 3196">
    <p class='ocr_par' dir='ltr' id='par_1_58' title="bbox 2180 3109 3775 3196">
     <span class='ocr_line' id='line_1_58' title="bbox 2180 3109 3775 3196; baseline -0.012 -15"><span class='ocrx_word' id='word_1_465' title='bbox 2180 3139 2200 3196; x_wconf 75' lang='lat'>;</span> <span class='ocrx_word' id='word_1_466' title='bbox 2233 3125 2549 3195; x_wconf 82' lang='grc' dir='ltr'>ποιηθέντα,</span> <span class='ocrx_word' id='word_1_467' title='bbox 2581 3123 2670 3176; x_wconf 75' lang='grc' dir='ltr'><strong>ἐπ’</strong></span> <span class='ocrx_word' id='word_1_468' title='bbox 2696 3121 2944 3193; x_wconf 74' lang='grc' dir='ltr'>ἐσχάτων</span> <span class='ocrx_word' id='word_1_469' title='bbox 2985 3119 3130 3174; x_wconf 71' lang='grc' dir='ltr'><strong>σιῶνι</strong></span> <span class='ocrx_word' id='word_1_470' title='bbox 3183 3117 3410 3194; x_wconf 72' lang='grc' dir='ltr'>ήμερῷν</span> <span class='ocrx_word' id='word_1_471' title='bbox 3457 3113 3520 3170; x_wconf 75' lang='grc' dir='ltr'>δι’</span> <span class='ocrx_word' id='word_1_472' title='bbox 3548 3113 3679 3184; x_wconf 79' lang='grc' dir='ltr'>ἡμᾶς</span> <span class='ocrx_word' id='word_1_473' title='bbox 3705 3109 3775 3162; x_wconf 74' lang='grc' dir='ltr'><strong>καί</strong></span> 
     </span>
    </p>
   </div>
   <div class='ocr_carea' id='block_1_59' title="bbox 539 3204 2134 3288">
    <p class='ocr_par' dir='ltr' id='par_1_59' title="bbox 539 3205 2134 3276">
     <span class='ocr_line' id='line_1_59' title="bbox 539 3205 2134 3276; baseline 0.008 -12"><span class='ocrx_word' id='word_1_474' title='bbox 539 3217 649 3265; x_wconf 91' lang='lat' dir='ltr'><strong>tem</strong></span> <span class='ocrx_word' id='word_1_475' title='bbox 691 3205 1040 3266; x_wconf 86' lang='lat' dir='ltr'><strong>descendisse</strong></span> <span class='ocrx_word' id='word_1_476' title='bbox 1083 3209 1152 3264; x_wconf 91' lang='lat' dir='ltr'><strong>de</strong></span> <span class='ocrx_word' id='word_1_477' title='bbox 1196 3211 1378 3276; x_wconf 74' lang='lat' dir='ltr'><strong>cmlis,</strong></span> <span class='ocrx_word' id='word_1_478' title='bbox 1421 3221 1476 3268; x_wconf 88' lang='lat' dir='ltr'><strong>et</strong></span> <span class='ocrx_word' id='word_1_479' title='bbox 1519 3213 1862 3272; x_wconf 87' lang='lat' dir='ltr'><strong>incarnatum</strong></span> <span class='ocrx_word' id='word_1_480' title='bbox 1905 3235 2026 3275; x_wconf 88' lang='lat' dir='ltr'><strong>esse</strong></span> <span class='ocrx_word' id='word_1_481' title='bbox 2066 3237 2134 3276; x_wconf 78' lang='lat' dir='ltr'><strong>ex</strong></span> 
     </span>
    </p>
   </div>
   <div class='ocr_carea' id='block_1_60' title="bbox 2180 3204 3775 3288">
    <p class='ocr_par' dir='ltr' id='par_1_60' title="bbox 2233 3204 3775 3288">
     <span class='ocr_line' id='line_1_60' title="bbox 2233 3204 3775 3288; baseline -0.012 -16"><span class='ocrx_word' id='word_1_482' title='bbox 2233 3219 2322 3273; x_wconf 83' lang='grc' dir='ltr'><strong>διὰ</strong></span> <span class='ocrx_word' id='word_1_483' title='bbox 2341 3217 2442 3288; x_wconf 82' lang='grc' dir='ltr'><strong>τὴν</strong></span> <span class='ocrx_word' id='word_1_484' title='bbox 2471 3215 2746 3287; x_wconf 78' lang='grc' dir='ltr'>ἡμετέραν</span> <span class='ocrx_word' id='word_1_485' title='bbox 2779 3211 3054 3286; x_wconf 86' lang='grc' dir='ltr'>σωτηρίαν</span> <span class='ocrx_word' id='word_1_486' title='bbox 3078 3210 3416 3266; x_wconf 86' lang='grc' dir='ltr'>κατελθόντα</span> <span class='ocrx_word' id='word_1_487' title='bbox 3441 3209 3504 3262; x_wconf 78' lang='grc' dir='ltr'>ὲκ</span> <span class='ocrx_word' id='word_1_488' title='bbox 3531 3207 3630 3260; x_wconf 86' lang='grc' dir='ltr'><strong>τῶν</strong></span> <span class='ocrx_word' id='word_1_489' title='bbox 3651 3204 3775 3269; x_wconf 75' lang='grc' dir='ltr'>οὐρα-</span> 
     </span>
    </p>
   </div>
   <div class='ocr_carea' id='block_1_61' title="bbox 541 3291 2136 3379">
    <p class='ocr_par' dir='ltr' id='par_1_61' title="bbox 541 3299 2132 3374">
     <span class='ocr_line' id='line_1_61' title="bbox 541 3299 2132 3374; baseline 0.006 -18"><span class='ocrx_word' id='word_1_490' title='bbox 541 3299 748 3374; x_wconf 89' lang='lat' dir='ltr'><strong>Spiritu</strong></span> <span class='ocrx_word' id='word_1_491' title='bbox 774 3310 985 3368; x_wconf 87' lang='lat' dir='ltr'><strong>sancto,</strong></span> <span class='ocrx_word' id='word_1_492' title='bbox 1007 3312 1062 3357; x_wconf 90' lang='lat' dir='ltr'><strong>et</strong></span> <span class='ocrx_word' id='word_1_493' title='bbox 1089 3311 1276 3358; x_wconf 86' lang='lat' dir='ltr'><strong>sancta</strong></span> <span class='ocrx_word' id='word_1_494' title='bbox 1301 3304 1533 3374; x_wconf 79' lang='lat' dir='ltr'><strong>gloriosa</strong></span> <span class='ocrx_word' id='word_1_495' title='bbox 1567 3305 1658 3361; x_wconf 89' lang='lat' dir='ltr'><strong>Dei</strong></span> <span class='ocrx_word' id='word_1_496' title='bbox 1685 3308 1960 3366; x_wconf 85' lang='lat' dir='ltr'><strong>Genitricc</strong></span> <span class='ocrx_word' id='word_1_497' title='bbox 1987 3327 2132 3368; x_wconf 89' lang='lat' dir='ltr'><strong>sem-</strong></span> 
     </span>
    </p>
   </div>
   <div class='ocr_carea' id='block_1_62' title="bbox 2180 3291 3775 3379">
    <p class='ocr_par' dir='ltr' id='par_1_62' title="bbox 2235 3291 3775 3379">
     <span class='ocr_line' id='line_1_62' title="bbox 2235 3291 3775 3379; baseline -0.005 -17"><span class='ocrx_word' id='word_1_498' title='bbox 2235 3309 2373 3374; x_wconf 82' lang='grc' dir='ltr'>νῶν,</span> <span class='ocrx_word' id='word_1_499' title='bbox 2409 3308 2506 3364; x_wconf 79' lang='grc' dir='ltr'>καὶ</span> <span class='ocrx_word' id='word_1_500' title='bbox 2537 3305 2894 3379; x_wconf 84' lang='grc' dir='ltr'>σαρκωθέντα</span> <span class='ocrx_word' id='word_1_501' title='bbox 2935 3307 3002 3359; x_wconf 84' lang='grc' dir='ltr'>ὲκ</span> <span class='ocrx_word' id='word_1_502' title='bbox 3029 3303 3354 3375; x_wconf 84' lang='grc' dir='ltr'>Πνεύματος</span> <span class='ocrx_word' id='word_1_503' title='bbox 3381 3300 3557 3371; x_wconf 84' lang='grc' dir='ltr'>ἁγίου,</span> <span class='ocrx_word' id='word_1_504' title='bbox 3582 3297 3666 3352; x_wconf 82' lang='grc' dir='ltr'>καὶ</span> <span class='ocrx_word' id='word_1_505' title='bbox 3699 3291 3775 3362; x_wconf 73' lang='grc' dir='ltr'><strong>τῆς</strong></span> 
     </span>
    </p>
   </div>
   <div class='ocr_carea' id='block_1_63' title="bbox 538 3385 2133 3473">
    <p class='ocr_par' dir='ltr' id='par_1_63' title="bbox 538 3389 2133 3468">
     <span class='ocr_line' id='line_1_63' title="bbox 538 3389 2133 3468; baseline 0.005 -18"><span class='ocrx_word' id='word_1_506' title='bbox 538 3390 869 3466; x_wconf 74' lang='lat' dir='ltr'><strong>pchirgine</strong></span> <span class='ocrx_word' id='word_1_507' title='bbox 890 3389 1078 3459; x_wconf 83' lang='lat' dir='ltr'><strong>Maria,</strong></span> <span class='ocrx_word' id='word_1_508' title='bbox 1103 3403 1159 3449; x_wconf 88' lang='lat' dir='ltr'><strong>et</strong></span> <span class='ocrx_word' id='word_1_509' title='bbox 1180 3403 1368 3449; x_wconf 89' lang='lat' dir='ltr'><strong>natum</strong></span> <span class='ocrx_word' id='word_1_510' title='bbox 1393 3412 1462 3450; x_wconf 77' lang='lat' dir='ltr'><strong>ex</strong></span> <span class='ocrx_word' id='word_1_511' title='bbox 1489 3396 1624 3466; x_wconf 88' lang='lat' dir='ltr'><strong>ipsa,</strong></span> <span class='ocrx_word' id='word_1_512' title='bbox 1649 3399 1740 3468; x_wconf 91' lang='lat' dir='ltr'><strong>qui</strong></span> <span class='ocrx_word' id='word_1_513' title='bbox 1765 3409 1848 3455; x_wconf 87' lang='lat' dir='ltr'><strong>est</strong></span> <span class='ocrx_word' id='word_1_514' title='bbox 1873 3403 2133 3458; x_wconf 89' lang='lat' dir='ltr'><strong>Dominus</strong></span> 
     </span>
    </p>
   </div>
   <div class='ocr_carea' id='block_1_64' title="bbox 2180 3385 3775 3473">
    <p class='ocr_par' dir='ltr' id='par_1_64' title="bbox 2235 3385 3775 3473">
     <span class='ocr_line' id='line_1_64' title="bbox 2235 3385 3775 3473; baseline -0.01 -15"><span class='ocrx_word' id='word_1_515' title='bbox 2235 3403 2398 3473; x_wconf 81' lang='grc' dir='ltr'>ἁγίας</span> <span class='ocrx_word' id='word_1_516' title='bbox 2420 3402 2632 3468; x_wconf 77' lang='grc' dir='ltr'>ἐνδόξου</span> <span class='ocrx_word' id='word_1_517' title='bbox 2661 3399 2930 3454; x_wconf 88' lang='grc' dir='ltr'>Θεοτόκου</span> <span class='ocrx_word' id='word_1_518' title='bbox 2959 3395 3468 3468; x_wconf 72' lang='grc' dir='ltr'>καὶἈειπαρθένου</span> <span class='ocrx_word' id='word_1_519' title='bbox 3493 3389 3688 3466; x_wconf 75' lang='grc' dir='ltr'>Μαρίας</span> <span class='ocrx_word' id='word_1_520' title='bbox 3704 3385 3775 3438; x_wconf 77' lang='grc' dir='ltr'><strong>καὶ</strong></span> 
     </span>
    </p>
   </div>
   <div class='ocr_carea' id='block_1_65' title="bbox 535 3479 2130 3567">
    <p class='ocr_par' dir='ltr' id='par_1_65' title="bbox 535 3481 2130 3561">
     <span class='ocr_line' id='line_1_65' title="bbox 535 3481 2130 3561; baseline 0.005 -19"><span class='ocrx_word' id='word_1_521' title='bbox 535 3481 698 3542; x_wconf 83' lang='lat' dir='ltr'><strong>Jesus</strong></span> <span class='ocrx_word' id='word_1_522' title='bbox 729 3485 1009 3553; x_wconf 82' lang='lat' dir='ltr'><strong>Christus,</strong></span> <span class='ocrx_word' id='word_1_523' title='bbox 1047 3500 1192 3541; x_wconf 89' lang='lat' dir='ltr'><strong>unus</strong></span> <span class='ocrx_word' id='word_1_524' title='bbox 1229 3487 1298 3542; x_wconf 90' lang='lat' dir='ltr'><strong>de</strong></span> <span class='ocrx_word' id='word_1_525' title='bbox 1335 3495 1524 3543; x_wconf 89' lang='lat' dir='ltr'><strong>sancta</strong></span> <span class='ocrx_word' id='word_1_526' title='bbox 1559 3489 1856 3561; x_wconf 89' lang='lat' dir='ltr'><strong>Trinitate,</strong></span> <span class='ocrx_word' id='word_1_527' title='bbox 1891 3497 2130 3550; x_wconf 88' lang='lat' dir='ltr'><strong>consub-</strong></span> 
     </span>
    </p>
   </div>
   <div class='ocr_carea' id='block_1_66' title="bbox 2180 3479 3775 3567">
    <p class='ocr_par' dir='ltr' id='par_1_66' title="bbox 2233 3479 3775 3567">
     <span class='ocr_line' id='line_1_66' title="bbox 2233 3479 3775 3567; baseline -0.016 -14"><span class='ocrx_word' id='word_1_528' title='bbox 2233 3487 2569 3567; x_wconf 74' lang='grc' dir='ltr'>γεννηθέντα</span> <span class='ocrx_word' id='word_1_529' title='bbox 2599 3492 2660 3558; x_wconf 78' lang='grc' dir='ltr'><strong>ἐξ</strong></span> <span class='ocrx_word' id='word_1_530' title='bbox 2687 3491 2882 3563; x_wconf 79' lang='grc' dir='ltr'>αὐτῆς,</span> <span class='ocrx_word' id='word_1_531' title='bbox 2917 3490 2976 3554; x_wconf 80' lang='grc' dir='ltr'>ὃς</span> <span class='ocrx_word' id='word_1_532' title='bbox 3025 3493 3174 3544; x_wconf 79' lang='grc' dir='ltr'>ἐστιν</span> <span class='ocrx_word' id='word_1_533' title='bbox 3209 3487 3420 3560; x_wconf 81' lang='grc' dir='ltr'>Κύριος</span> <span class='ocrx_word' id='word_1_534' title='bbox 3447 3481 3645 3558; x_wconf 80' lang='grc' dir='ltr'>Ἰησοῦς</span> <span class='ocrx_word' id='word_1_535' title='bbox 3673 3479 3775 3562; x_wconf 55' lang='grc' dir='ltr'>Χρις</span> 
     </span>
    </p>
   </div>
   <div class='ocr_carea' id='block_1_67' title="bbox 537 3567 2132 3657">
    <p class='ocr_par' dir='ltr' id='par_1_67' title="bbox 537 3577 2132 3650">
     <span class='ocr_line' id='line_1_67' title="bbox 537 3577 2132 3650; baseline 0.007 -18"><span class='ocrx_word' id='word_1_536' title='bbox 537 3577 806 3634; x_wconf 77' lang='lat' dir='ltr'><strong>stantialis</strong></span> <span class='ocrx_word' id='word_1_537' title='bbox 837 3577 950 3633; x_wconf 88' lang='lat' dir='ltr'><strong>Deo</strong></span> <span class='ocrx_word' id='word_1_538' title='bbox 981 3579 1123 3634; x_wconf 80' lang='lat' dir='ltr'><strong>Patri</strong></span> <span class='ocrx_word' id='word_1_539' title='bbox 1155 3581 1456 3635; x_wconf 88' lang='lat' dir='ltr'><strong>secundum</strong></span> <span class='ocrx_word' id='word_1_540' title='bbox 1499 3582 1776 3650; x_wconf 89' lang='lat' dir='ltr'><strong>deitatem,</strong></span> <span class='ocrx_word' id='word_1_541' title='bbox 1807 3593 1864 3640; x_wconf 91' lang='lat' dir='ltr'><strong>et</strong></span> <span class='ocrx_word' id='word_1_542' title='bbox 1893 3587 2132 3644; x_wconf 89' lang='lat' dir='ltr'><strong>consub-</strong></span> 
     </span>
    </p>
   </div>
   <div class='ocr_carea' id='block_1_68' title="bbox 2181 3567 3776 3657">
    <p class='ocr_par' dir='ltr' id='par_1_68' title="bbox 2235 3567 3776 3657">
     <span class='ocr_line' id='line_1_68' title="bbox 2235 3567 3776 3657; baseline -0.014 -15"><span class='ocrx_word' id='word_1_543' title='bbox 2235 3585 2384 3650; x_wconf 85' lang='grc' dir='ltr'>στὸς,</span> <span class='ocrx_word' id='word_1_544' title='bbox 2425 3579 2507 3650; x_wconf 74' lang='grc' dir='ltr'>εἷς</span> <span class='ocrx_word' id='word_1_545' title='bbox 2537 3585 2638 3657; x_wconf 79' lang='grc' dir='ltr'>τῆς</span> <span class='ocrx_word' id='word_1_546' title='bbox 2666 3583 2826 3655; x_wconf 78' lang='grc' dir='ltr'>ἀγίας</span> <span class='ocrx_word' id='word_1_547' title='bbox 2865 3575 3096 3655; x_wconf 85' lang='grc' dir='ltr'>Τριάδος</span> <span class='ocrx_word' id='word_1_548' title='bbox 3115 3623 3132 3648; x_wconf 92' lang='grc'><strong>,</strong></span> <span class='ocrx_word' id='word_1_549' title='bbox 3163 3579 3458 3650; x_wconf 73' lang='grc' dir='ltr'>όμοούσιος</span> <span class='ocrx_word' id='word_1_550' title='bbox 3480 3577 3556 3647; x_wconf 87' lang='grc' dir='ltr'>τῷ</span> <span class='ocrx_word' id='word_1_551' title='bbox 3581 3571 3685 3642; x_wconf 85' lang='grc' dir='ltr'>Θεῷ</span> <span class='ocrx_word' id='word_1_552' title='bbox 3707 3567 3776 3622; x_wconf 69' lang='grc' dir='ltr'>καὶ</span> 
     </span>
    </p>
   </div>
   <div class='ocr_carea' id='block_1_69' title="bbox 539 3658 2134 3750">
    <p class='ocr_par' dir='ltr' id='par_1_69' title="bbox 539 3669 2130 3743">
     <span class='ocr_line' id='line_1_69' title="bbox 539 3669 2130 3743; baseline 0.006 -19"><span class='ocrx_word' id='word_1_553' title='bbox 539 3669 809 3724; x_wconf 85' lang='lat' dir='ltr'><strong>stantialis</strong></span> <span class='ocrx_word' id='word_1_554' title='bbox 843 3671 1006 3725; x_wconf 90' lang='lat' dir='ltr'><strong>nobis</strong></span> <span class='ocrx_word' id='word_1_555' title='bbox 1039 3671 1184 3726; x_wconf 89' lang='lat' dir='ltr'><strong>idem</strong></span> <span class='ocrx_word' id='word_1_556' title='bbox 1221 3671 1336 3742; x_wconf 86' lang='lat' dir='ltr'><strong>ipse</strong></span> <span class='ocrx_word' id='word_1_557' title='bbox 1368 3674 1671 3730; x_wconf 82' lang='lat' dir='ltr'><strong>secundum</strong></span> <span class='ocrx_word' id='word_1_558' title='bbox 1706 3676 2130 3743; x_wconf 88' lang='lat' dir='ltr'><strong>humanitatem,</strong></span> 
     </span>
    </p>
   </div>
   <div class='ocr_carea' id='block_1_70' title="bbox 2180 3658 3775 3750">
    <p class='ocr_par' dir='ltr' id='par_1_70' title="bbox 2235 3658 3775 3750">
     <span class='ocr_line' id='line_1_70' title="bbox 2235 3658 3775 3750; baseline -0.008 -17"><span class='ocrx_word' id='word_1_559' title='bbox 2235 3677 2412 3750; x_wconf 77' lang='grc' dir='ltr'>Πατρὶ</span> <span class='ocrx_word' id='word_1_560' title='bbox 2438 3678 2583 3732; x_wconf 89' lang='grc' dir='ltr'><strong>κατά</strong></span> <span class='ocrx_word' id='word_1_561' title='bbox 2609 3677 2710 3750; x_wconf 79' lang='grc' dir='ltr'>τὴν</span> <span class='ocrx_word' id='word_1_562' title='bbox 2742 3675 2976 3746; x_wconf 87' lang='grc' dir='ltr'>θεότητα</span> <span class='ocrx_word' id='word_1_563' title='bbox 3011 3673 3106 3727; x_wconf 71' lang='grc' dir='ltr'>καὶ</span> <span class='ocrx_word' id='word_1_564' title='bbox 3137 3671 3427 3742; x_wconf 70' lang='grc' dir='ltr'>όμροούσιος</span> <span class='ocrx_word' id='word_1_565' title='bbox 3454 3669 3580 3740; x_wconf 78' lang='grc' dir='ltr'>ἡμῖν</span> <span class='ocrx_word' id='word_1_566' title='bbox 3601 3667 3627 3719; x_wconf 87' lang='grc' dir='ltr'><strong>ό</strong></span> <span class='ocrx_word' id='word_1_567' title='bbox 3650 3658 3775 3720; x_wconf 62' lang='grc' dir='ltr'>αὐτὸς</span> 
     </span>
    </p>
   </div>
   <div class='ocr_carea' id='block_1_71' title="bbox 539 3750 2134 3842">
    <p class='ocr_par' dir='ltr' id='par_1_71' title="bbox 539 3761 2132 3837">
     <span class='ocr_line' id='line_1_71' title="bbox 539 3761 2132 3837; baseline 0.006 -21"><span class='ocrx_word' id='word_1_568' title='bbox 539 3761 812 3834; x_wconf 85' lang='lat' dir='ltr'><strong>pass‘ihilis</strong></span> <span class='ocrx_word' id='word_1_569' title='bbox 841 3778 1024 3827; x_wconf 88' lang='lat' dir='ltr'><strong>carne,</strong></span> <span class='ocrx_word' id='word_1_570' title='bbox 1057 3762 1404 3832; x_wconf 89' lang='lat' dir='ltr'><strong>impassibilis</strong></span> <span class='ocrx_word' id='word_1_571' title='bbox 1434 3765 1575 3822; x_wconf 91' lang='lat' dir='ltr'><strong>idem</strong></span> <span class='ocrx_word' id='word_1_572' title='bbox 1607 3767 1721 3837; x_wconf 91' lang='lat' dir='ltr'><strong>ipse</strong></span> <span class='ocrx_word' id='word_1_573' title='bbox 1749 3769 1982 3825; x_wconf 87' lang='lat' dir='ltr'><strong>Deilate.</strong></span> <span class='ocrx_word' id='word_1_574' title='bbox 2012 3769 2132 3825; x_wconf 87' lang='lat' dir='ltr'><strong>Non</strong></span> 
     </span>
    </p>
   </div>
   <div class='ocr_carea' id='block_1_72' title="bbox 2182 3750 3777 3842">
    <p class='ocr_par' dir='ltr' id='par_1_72' title="bbox 2233 3750 3777 3842">
     <span class='ocr_line' id='line_1_72' title="bbox 2233 3750 3777 3842; baseline -0.006 -18"><span class='ocrx_word' id='word_1_575' title='bbox 2233 3772 2376 3824; x_wconf 85' lang='grc' dir='ltr'><strong>κατά</strong></span> <span class='ocrx_word' id='word_1_576' title='bbox 2425 3769 2525 3842; x_wconf 79' lang='grc' dir='ltr'><strong>τὴν</strong></span> <span class='ocrx_word' id='word_1_577' title='bbox 2570 3769 2989 3842; x_wconf 83' lang='grc' dir='ltr'>ἀνθρωπότητα,</span> <span class='ocrx_word' id='word_1_578' title='bbox 3021 3764 3270 3836; x_wconf 83' lang='grc' dir='ltr'>παθητὸς</span> <span class='ocrx_word' id='word_1_579' title='bbox 3323 3761 3508 3835; x_wconf 79' lang='grc' dir='ltr'>σαρκὶ,</span> <span class='ocrx_word' id='word_1_580' title='bbox 3551 3750 3777 3825; x_wconf 71' lang='grc' dir='ltr'>ἀπαθὴςδ</span> 
     </span>
    </p>
   </div>
   <div class='ocr_carea' id='block_1_73' title="bbox 538 3842 2133 3932">
    <p class='ocr_par' dir='ltr' id='par_1_73' title="bbox 538 3853 2130 3930">
     <span class='ocr_line' id='line_1_73' title="bbox 538 3853 2130 3930; baseline 0.005 -24"><span class='ocrx_word' id='word_1_581' title='bbox 538 3853 686 3907; x_wconf 89' lang='lat' dir='ltr'><strong>enim</strong></span> <span class='ocrx_word' id='word_1_582' title='bbox 729 3853 871 3908; x_wconf 81' lang='lat' dir='ltr'><strong>alius</strong></span> <span class='ocrx_word' id='word_1_583' title='bbox 912 3853 1133 3924; x_wconf 88' lang='lat' dir='ltr'><strong>quidam</strong></span> <span class='ocrx_word' id='word_1_584' title='bbox 1177 3863 1265 3908; x_wconf 89' lang='lat' dir='ltr'><strong>est</strong></span> <span class='ocrx_word' id='word_1_585' title='bbox 1307 3864 1504 3924; x_wconf 46' lang='lat' dir='ltr'><strong>praiter</strong></span> <span class='ocrx_word' id='word_1_586' title='bbox 1537 3855 1706 3912; x_wconf 87' lang='lat' dir='ltr'><strong>Deum</strong></span> <span class='ocrx_word' id='word_1_587' title='bbox 1740 3858 2001 3926; x_wconf 82' lang='lat' dir='ltr'><strong>Verbum,</strong></span> <span class='ocrx_word' id='word_1_588' title='bbox 2039 3860 2130 3930; x_wconf 90' lang='lat' dir='ltr'><strong>qui</strong></span> 
     </span>
    </p>
   </div>
   <div class='ocr_carea' id='block_1_74' title="bbox 2180 3842 3775 3932">
    <p class='ocr_par' dir='ltr' id='par_1_74' title="bbox 2232 3842 3775 3932">
     <span class='ocr_line' id='line_1_74' title="bbox 2232 3842 3775 3932; baseline -0.011 -15"><span class='ocrx_word' id='word_1_589' title='bbox 2232 3862 2397 3926; x_wconf 83' lang='grc' dir='ltr'>αὐτὸς</span> <span class='ocrx_word' id='word_1_590' title='bbox 2429 3861 2681 3932; x_wconf 84' lang='grc' dir='ltr'>Θεότητι.</span> <span class='ocrx_word' id='word_1_591' title='bbox 2709 3857 2848 3914; x_wconf 81' lang='grc' dir='ltr'>Οῦτε</span> <span class='ocrx_word' id='word_1_592' title='bbox 2896 3857 3005 3929; x_wconf 83' lang='grc' dir='ltr'><strong>γὰρ</strong></span> <span class='ocrx_word' id='word_1_593' title='bbox 3040 3856 3225 3926; x_wconf 70' lang='grc' dir='ltr'>ἕτερός</span> <span class='ocrx_word' id='word_1_594' title='bbox 3253 3855 3342 3919; x_wconf 85' lang='grc' dir='ltr'><strong>τίς</strong></span> <span class='ocrx_word' id='word_1_595' title='bbox 3373 3856 3520 3908; x_wconf 74' lang='grc' dir='ltr'>ἐστιν</span> <span class='ocrx_word' id='word_1_596' title='bbox 3547 3846 3683 3918; x_wconf 70' lang='grc' dir='ltr'>παρὰ</span> <span class='ocrx_word' id='word_1_597' title='bbox 3709 3842 3775 3896; x_wconf 72' lang='grc' dir='ltr'><strong>τὸν</strong></span> 
     </span>
    </p>
   </div>
   <div class='ocr_carea' id='block_1_75' title="bbox 538 3935 2133 4024">
    <p class='ocr_par' dir='ltr' id='par_1_75' title="bbox 538 3943 2132 4022">
     <span class='ocr_line' id='line_1_75' title="bbox 538 3943 2132 4022; baseline 0.006 -24"><span class='ocrx_word' id='word_1_598' title='bbox 538 3943 852 4016; x_wconf 77' lang='lat' dir='ltr'><strong>passionem</strong></span> <span class='ocrx_word' id='word_1_599' title='bbox 885 3953 940 4000; x_wconf 90' lang='lat' dir='ltr'><strong>et</strong></span> <span class='ocrx_word' id='word_1_600' title='bbox 971 3954 1200 4000; x_wconf 87' lang='lat' dir='ltr'><strong>mortem</strong></span> <span class='ocrx_word' id='word_1_601' title='bbox 1233 3949 1474 4018; x_wconf 86' lang='lat' dir='ltr'><strong>suscepit</strong></span> <span class='ocrx_word' id='word_1_602' title='bbox 1504 3965 1516 4004; x_wconf 92' lang='lat'>:</span> <span class='ocrx_word' id='word_1_603' title='bbox 1547 3950 1641 4004; x_wconf 88' lang='lat' dir='ltr'><strong>sed</strong></span> <span class='ocrx_word' id='word_1_604' title='bbox 1673 3950 1790 4020; x_wconf 90' lang='lat' dir='ltr'><strong>ipse</strong></span> <span class='ocrx_word' id='word_1_605' title='bbox 1818 3951 2132 4022; x_wconf 80' lang='lat' dir='ltr'><strong>impassibi-</strong></span> 
     </span>
    </p>
   </div>
   <div class='ocr_carea' id='block_1_76' title="bbox 2179 3935 3774 4024">
    <p class='ocr_par' dir='ltr' id='par_1_76' title="bbox 2232 3935 3774 4024">
     <span class='ocr_line' id='line_1_76' title="bbox 2232 3935 3774 4024; baseline -0.008 -16"><span class='ocrx_word' id='word_1_606' title='bbox 2232 3955 2390 4024; x_wconf 86' lang='grc' dir='ltr'>λόγον</span> <span class='ocrx_word' id='word_1_607' title='bbox 2443 3955 2473 4006; x_wconf 84' lang='grc' dir='ltr'>ὁ</span> <span class='ocrx_word' id='word_1_608' title='bbox 2519 3951 2580 4006; x_wconf 90' lang='grc' dir='ltr'><strong>τὸ</strong></span> <span class='ocrx_word' id='word_1_609' title='bbox 2627 3949 2800 4014; x_wconf 82' lang='grc' dir='ltr'>πάθος</span> <span class='ocrx_word' id='word_1_610' title='bbox 2851 3949 2947 4004; x_wconf 61' lang='grc' dir='ltr'><strong>καλ⁸</strong></span> <span class='ocrx_word' id='word_1_611' title='bbox 2975 3949 3068 4002; x_wconf 87' lang='grc' dir='ltr'><strong>τὸν</strong></span> <span class='ocrx_word' id='word_1_612' title='bbox 3099 3947 3331 4002; x_wconf 78' lang='grc' dir='ltr'>θάνατον</span> <span class='ocrx_word' id='word_1_613' title='bbox 3381 3935 3774 4009; x_wconf 67' lang='grc' dir='ltr'>ἀναδεδεγμένος,</span> 
     </span>
    </p>
   </div>
   <div class='ocr_carea' id='block_1_77' title="bbox 539 4031 2134 4116">
    <p class='ocr_par' dir='ltr' id='par_1_77' title="bbox 539 4031 2128 4113">
     <span class='ocr_line' id='line_1_77' title="bbox 539 4031 2128 4113; baseline 0.005 -23"><span class='ocrx_word' id='word_1_614' title='bbox 539 4035 608 4091; x_wconf 90' lang='lat' dir='ltr'><strong>lis</strong></span> <span class='ocrx_word' id='word_1_615' title='bbox 635 4045 692 4092; x_wconf 89' lang='lat' dir='ltr'><strong>et</strong></span> <span class='ocrx_word' id='word_1_616' title='bbox 723 4037 1091 4108; x_wconf 86' lang='lat' dir='ltr'><strong>sempiternus</strong></span> <span class='ocrx_word' id='word_1_617' title='bbox 1128 4039 1270 4094; x_wconf 90' lang='lat' dir='ltr'><strong>Deus</strong></span> <span class='ocrx_word' id='word_1_618' title='bbox 1297 4039 1536 4095; x_wconf 81' lang='lat' dir='ltr'><strong>Verbum</strong></span> <span class='ocrx_word' id='word_1_619' title='bbox 1568 4031 1979 4113; x_wconf 80' lang='lat' dir='ltr'><strong>generationem</strong></span> <span class='ocrx_word' id='word_1_620' title='bbox 2009 4059 2128 4098; x_wconf 89' lang='lat' dir='ltr'><strong>car-</strong></span> 
     </span>
    </p>
   </div>
   <div class='ocr_carea' id='block_1_78' title="bbox 2182 4031 3777 4116">
    <p class='ocr_par' dir='ltr' id='par_1_78' title="bbox 2232 4031 3777 4116">
     <span class='ocr_line' id='line_1_78' title="bbox 2232 4031 3777 4116; baseline -0.013 -14"><span class='ocrx_word' id='word_1_621' title='bbox 2232 4039 2350 4102; x_wconf 70' lang='grc' dir='ltr'>ἀλλ⁴</span> <span class='ocrx_word' id='word_1_622' title='bbox 2382 4047 2546 4111; x_wconf 82' lang='grc' dir='ltr'>αὐτὸς</span> <span class='ocrx_word' id='word_1_623' title='bbox 2574 4045 2604 4099; x_wconf 85' lang='grc' dir='ltr'><strong>ό</strong></span> <span class='ocrx_word' id='word_1_624' title='bbox 2637 4043 2854 4116; x_wconf 80' lang='grc' dir='ltr'>ἀπαθὴς</span> <span class='ocrx_word' id='word_1_625' title='bbox 2883 4043 2977 4096; x_wconf 75' lang='grc' dir='ltr'><strong>καὶ</strong></span> <span class='ocrx_word' id='word_1_626' title='bbox 3001 4041 3174 4104; x_wconf 73' lang='grc' dir='ltr'>ἀΐδιος</span> <span class='ocrx_word' id='word_1_627' title='bbox 3204 4039 3300 4094; x_wconf 88' lang='grc' dir='ltr'><strong>τοῦ</strong></span> <span class='ocrx_word' id='word_1_628' title='bbox 3339 4031 3476 4094; x_wconf 82' lang='grc' dir='ltr'>Θεοῦ</span> <span class='ocrx_word' id='word_1_629' title='bbox 3503 4035 3661 4102; x_wconf 86' lang='grc' dir='ltr'>Λόγος</span> <span class='ocrx_word' id='word_1_630' title='bbox 3685 4041 3777 4096; x_wconf 81' lang='grc' dir='ltr'>γεν-</span> 
     </span>
    </p>
   </div>
   <div class='ocr_carea' id='block_1_79' title="bbox 539 4108 2134 4213">
    <p class='ocr_par' dir='ltr' id='par_1_79' title="bbox 539 4108 2129 4204">
     <span class='ocr_line' id='line_1_79' title="bbox 539 4108 2129 4204; baseline 0.004 -21"><span class='ocrx_word' id='word_1_631' title='bbox 539 4129 627 4184; x_wconf 89' lang='lat' dir='ltr'><strong>nis</strong></span> <span class='ocrx_word' id='word_1_632' title='bbox 674 4126 929 4185; x_wconf 73' lang='lat' dir='ltr'><strong>humanae</strong></span> <span class='ocrx_word' id='word_1_633' title='bbox 979 4130 1252 4186; x_wconf 89' lang='lat' dir='ltr'><strong>sustinere</strong></span> <span class='ocrx_word' id='word_1_634' title='bbox 1299 4108 1595 4204; x_wconf 61' lang='lat' dir='ltr'><strong>dignatus;</strong></span> <span class='ocrx_word' id='word_1_635' title='bbox 1635 4134 1878 4204; x_wconf 85' lang='lat' dir='ltr'><strong>implevit</strong></span> <span class='ocrx_word' id='word_1_636' title='bbox 1924 4136 2129 4191; x_wconf 88' lang='lat' dir='ltr'><strong>omnia.</strong></span> 
     </span>
    </p>
   </div>
   <div class='ocr_carea' id='block_1_80' title="bbox 2180 4108 3775 4213">
    <p class='ocr_par' dir='ltr' id='par_1_80' title="bbox 2233 4108 3775 4213">
     <span class='ocr_line' id='line_1_80' title="bbox 2233 4108 3775 4213; baseline -0.015 -16"><span class='ocrx_word' id='word_1_637' title='bbox 2233 4145 2442 4213; x_wconf 84' lang='grc' dir='ltr'>νήσεως</span> <span class='ocrx_word' id='word_1_638' title='bbox 2485 4108 2691 4212; x_wconf 84' lang='grc' dir='ltr'>σαρκὸς</span> <span class='ocrx_word' id='word_1_639' title='bbox 2739 4108 3088 4208; x_wconf 79' lang='grc' dir='ltr'>ἀνθρωπίνης</span> <span class='ocrx_word' id='word_1_640' title='bbox 3142 4134 3514 4205; x_wconf 84' lang='grc' dir='ltr'>ἀνασχόμενος</span> <span class='ocrx_word' id='word_1_641' title='bbox 3543 4127 3605 4182; x_wconf 76' lang='grc' dir='ltr'>τὰ</span> <span class='ocrx_word' id='word_1_642' title='bbox 3636 4122 3775 4177; x_wconf 76' lang='grc' dir='ltr'>πάντα</span> 
     </span>
    </p>
   </div>
   <div class='ocr_carea' id='block_1_81' title="bbox 345 4212 1940 4302">
    <p class='ocr_par' dir='ltr' id='par_1_81' title="bbox 345 4219 1940 4297">
     <span class='ocr_line' id='line_1_81' title="bbox 345 4219 1940 4297; baseline 0.005 -23"><span class='ocrx_word' id='word_1_643' title='bbox 345 4237 354 4248; x_wconf 92' lang='grc'><strong>·</strong></span> <span class='ocrx_word' id='word_1_644' title='bbox 425 4221 430 4226; x_wconf 84' lang='grc'><strong>’</strong></span> <span class='ocrx_word' id='word_1_645' title='bbox 539 4219 666 4276; x_wconf 89' lang='lat' dir='ltr'><strong>ldeo</strong></span> <span class='ocrx_word' id='word_1_646' title='bbox 707 4236 820 4276; x_wconf 89' lang='lat' dir='ltr'><strong>non</strong></span> <span class='ocrx_word' id='word_1_647' title='bbox 867 4222 1032 4276; x_wconf 90' lang='lat' dir='ltr'><strong>alium</strong></span> <span class='ocrx_word' id='word_1_648' title='bbox 1078 4222 1244 4278; x_wconf 85' lang='lat' dir='ltr'><strong>Deum</strong></span> <span class='ocrx_word' id='word_1_649' title='bbox 1282 4223 1522 4280; x_wconf 80' lang='lat' dir='ltr'><strong>Verbum</strong></span> <span class='ocrx_word' id='word_1_650' title='bbox 1570 4241 1694 4282; x_wconf 88' lang='lat' dir='ltr'><strong>esse</strong></span> <span class='ocrx_word' id='word_1_651' title='bbox 1736 4227 1829 4297; x_wconf 84' lang='lat' dir='ltr'><strong>qui</strong></span> <span class='ocrx_word' id='word_1_652' title='bbox 1867 4228 1940 4282; x_wconf 89' lang='lat' dir='ltr'><strong>mi</strong></span> 
     </span>
    </p>
   </div>
   <div class='ocr_carea' id='block_1_82' title="bbox 2180 4212 3775 4302">
    <p class='ocr_par' dir='ltr' id='par_1_82' title="bbox 2232 4212 3775 4302">
     <span class='ocr_line' id='line_1_82' title="bbox 2232 4212 3775 4302; baseline -0.016 -18"><span class='ocrx_word' id='word_1_653' title='bbox 2232 4212 2622 4302; x_wconf 83' lang='grc' dir='ltr'>πεπλήρωκεν.</span> <span class='ocrx_word' id='word_1_654' title='bbox 2651 4227 2744 4282; x_wconf 89' lang='grc' dir='ltr'>Διὸ</span> <span class='ocrx_word' id='word_1_655' title='bbox 2771 4227 2872 4282; x_wconf 71' lang='grc' dir='ltr'>οὐκ</span> <span class='ocrx_word' id='word_1_656' title='bbox 2905 4225 3064 4280; x_wconf 77' lang='grc' dir='ltr'>ἄλλον</span> <span class='ocrx_word' id='word_1_657' title='bbox 3090 4225 3182 4278; x_wconf 79' lang='grc' dir='ltr'><strong>τὸν</strong></span> <span class='ocrx_word' id='word_1_658' title='bbox 3209 4223 3346 4278; x_wconf 86' lang='grc' dir='ltr'>Θεὸν</span> <span class='ocrx_word' id='word_1_659' title='bbox 3373 4223 3546 4290; x_wconf 89' lang='grc' dir='ltr'>Λόγον</span> <span class='ocrx_word' id='word_1_660' title='bbox 3576 4216 3656 4270; x_wconf 83' lang='grc' dir='ltr'><strong>τὸν</strong></span> <span class='ocrx_word' id='word_1_661' title='bbox 3672 4212 3775 4264; x_wconf 73' lang='lat' dir='ltr'><strong>Gau-</strong></span> 
     </span>
    </p>
   </div>
   <div class='ocr_carea' id='block_1_83' title="bbox 539 4304 2134 4394">
    <p class='ocr_par' dir='ltr' id='par_1_83' title="bbox 539 4315 2129 4388">
     <span class='ocr_line' id='line_1_83' title="bbox 539 4315 2129 4388; baseline 0.004 -21"><span class='ocrx_word' id='word_1_662' title='bbox 539 4319 798 4384; x_wconf 87' lang='lat' dir='ltr'><strong>operatus</strong></span> <span class='ocrx_word' id='word_1_663' title='bbox 827 4321 931 4382; x_wconf 89' lang='lat' dir='ltr'><strong>est,</strong></span> <span class='ocrx_word' id='word_1_664' title='bbox 963 4321 1018 4369; x_wconf 89' lang='lat' dir='ltr'><strong>et</strong></span> <span class='ocrx_word' id='word_1_665' title='bbox 1047 4315 1212 4370; x_wconf 88' lang='lat' dir='ltr'><strong>alium</strong></span> <span class='ocrx_word' id='word_1_666' title='bbox 1243 4315 1518 4372; x_wconf 86' lang='lat' dir='ltr'><strong>Christum</strong></span> <span class='ocrx_word' id='word_1_667' title='bbox 1549 4318 1641 4388; x_wconf 84' lang='lat' dir='ltr'><strong>qui</strong></span> <span class='ocrx_word' id='word_1_668' title='bbox 1675 4334 1868 4388; x_wconf 90' lang='lat' dir='ltr'><strong>passus</strong></span> <span class='ocrx_word' id='word_1_669' title='bbox 1899 4323 2000 4384; x_wconf 90' lang='lat' dir='ltr'><strong>est,</strong></span> <span class='ocrx_word' id='word_1_670' title='bbox 2033 4334 2129 4374; x_wconf 92' lang='lat' dir='ltr'><strong>co-</strong></span> 
     </span>
    </p>
   </div>
   <div class='ocr_carea' id='block_1_84' title="bbox 2180 4304 3775 4394">
    <p class='ocr_par' dir='ltr' id='par_1_84' title="bbox 2235 4304 3775 4394">
     <span class='ocr_line' id='line_1_84' title="bbox 2235 4304 3775 4394; baseline -0.014 -17"><span class='ocrx_word' id='word_1_671' title='bbox 2235 4323 2700 4394; x_wconf 84' lang='grc' dir='ltr'>ματουργήσαντα</span> <span class='ocrx_word' id='word_1_672' title='bbox 2728 4320 2824 4374; x_wconf 79' lang='grc' dir='ltr'>καὶ</span> <span class='ocrx_word' id='word_1_673' title='bbox 2850 4319 3010 4374; x_wconf 75' lang='grc' dir='ltr'>ἄλλον</span> <span class='ocrx_word' id='word_1_674' title='bbox 3036 4309 3128 4372; x_wconf 87' lang='grc' dir='ltr'><strong>τὸν</strong></span> <span class='ocrx_word' id='word_1_675' title='bbox 3162 4315 3400 4388; x_wconf 83' lang='grc' dir='ltr'>Χριστὸν</span> <span class='ocrx_word' id='word_1_676' title='bbox 3441 4311 3530 4366; x_wconf 87' lang='grc' dir='ltr'><strong>τὸν</strong></span> <span class='ocrx_word' id='word_1_677' title='bbox 3577 4304 3775 4394; x_wconf 56' lang='grc' dir='ltr'>παθόντα</span> 
     </span>
    </p>
   </div>
   <div class='ocr_carea' id='block_1_85' title="bbox 539 4393 2134 4483">
    <p class='ocr_par' dir='ltr' id='par_1_85' title="bbox 539 4405 2129 4480">
     <span class='ocr_line' id='line_1_85' title="bbox 539 4405 2129 4480; baseline 0.004 -20"><span class='ocrx_word' id='word_1_678' title='bbox 539 4405 853 4476; x_wconf 80' lang='lat' dir='ltr'><strong>gnoscimus</strong></span> <span class='ocrx_word' id='word_1_679' title='bbox 893 4425 906 4460; x_wconf 88' lang='lat'>:</span> <span class='ocrx_word' id='word_1_680' title='bbox 951 4408 1045 4462; x_wconf 91' lang='lat' dir='ltr'><strong>sed</strong></span> <span class='ocrx_word' id='word_1_681' title='bbox 1089 4423 1258 4462; x_wconf 89' lang='lat' dir='ltr'><strong>unum</strong></span> <span class='ocrx_word' id='word_1_682' title='bbox 1297 4409 1658 4480; x_wconf 70' lang='lat' dir='ltr'><strong>cumdemque</strong></span> <span class='ocrx_word' id='word_1_683' title='bbox 1697 4411 1987 4466; x_wconf 90' lang='lat' dir='ltr'><strong>Dominum</strong></span> <span class='ocrx_word' id='word_1_684' title='bbox 2027 4424 2129 4466; x_wconf 88' lang='lat' dir='ltr'><strong>no-</strong></span> 
     </span>
    </p>
   </div>
   <div class='ocr_carea' id='block_1_86' title="bbox 2180 4393 3775 4483">
    <p class='ocr_par' dir='ltr' id='par_1_86' title="bbox 2180 4393 3775 4483">
     <span class='ocr_line' id='line_1_86' title="bbox 2180 4393 3775 4483; baseline 0 -18"><span class='ocrx_word' id='word_1_685' title='bbox 2180 4479 2194 4483; x_wconf 92' lang='lat'>_</span> <span class='ocrx_word' id='word_1_686' title='bbox 2232 4393 2597 4483; x_wconf 74' lang='grc' dir='ltr'>ἒπιστάμεθα,</span> <span class='ocrx_word' id='word_1_687' title='bbox 2636 4411 2753 4466; x_wconf 89' lang='grc' dir='ltr'>ἀλλ’</span> <span class='ocrx_word' id='word_1_688' title='bbox 2781 4411 2878 4465; x_wconf 76' lang='grc' dir='ltr'>ἕνα</span> <span class='ocrx_word' id='word_1_689' title='bbox 2922 4409 3017 4464; x_wconf 75' lang='grc' dir='ltr'>καὶ</span> <span class='ocrx_word' id='word_1_690' title='bbox 3064 4409 3156 4464; x_wconf 82' lang='grc' dir='ltr'><strong>τὸν</strong></span> <span class='ocrx_word' id='word_1_691' title='bbox 3203 4407 3366 4462; x_wconf 83' lang='grc' dir='ltr'>αὑτὸν</span> <span class='ocrx_word' id='word_1_692' title='bbox 3412 4404 3608 4475; x_wconf 77' lang='grc' dir='ltr'>Κύριον</span> <span class='ocrx_word' id='word_1_693' title='bbox 3653 4393 3775 4483; x_wconf 47' lang='grc' dir='ltr'><strong>ἡμῶν</strong></span> 
     </span>
    </p>
   </div>
   <div class='ocr_carea' id='block_1_87' title="bbox 539 4477 2134 4576">
    <p class='ocr_par' dir='ltr' id='par_1_87' title="bbox 539 4477 2129 4568">
     <span class='ocr_line' id='line_1_87' title="bbox 539 4477 2129 4568; baseline 0.003 -15"><span class='ocrx_word' id='word_1_694' title='bbox 539 4508 712 4554; x_wconf 88' lang='lat' dir='ltr'><strong>strum</strong></span> <span class='ocrx_word' id='word_1_695' title='bbox 739 4499 926 4554; x_wconf 68' lang='lat' dir='ltr'><strong>Iesum</strong></span> <span class='ocrx_word' id='word_1_696' title='bbox 955 4501 1254 4566; x_wconf 84' lang='lat' dir='ltr'><strong>Christum,</strong></span> <span class='ocrx_word' id='word_1_697' title='bbox 1287 4501 1383 4555; x_wconf 84' lang='lat' dir='ltr'><strong>Dei</strong></span> <span class='ocrx_word' id='word_1_698' title='bbox 1409 4477 1646 4557; x_wconf 80' lang='lat' dir='ltr'><strong>Verbum</strong></span> <span class='ocrx_word' id='word_1_699' title='bbox 1678 4501 2042 4568; x_wconf 87' lang='lat' dir='ltr'><strong>incarnatum,</strong></span> <span class='ocrx_word' id='word_1_700' title='bbox 2072 4513 2129 4558; x_wconf 92' lang='lat' dir='ltr'><strong>et</strong></span> 
     </span>
    </p>
   </div>
   <div class='ocr_carea' id='block_1_88' title="bbox 2182 4477 3777 4576">
    <p class='ocr_par' dir='ltr' id='par_1_88' title="bbox 2182 4477 3777 4576">
     <span class='ocr_line' id='line_1_88' title="bbox 2182 4477 3777 4576; baseline -0.013 -21"><span class='ocrx_word' id='word_1_701' title='bbox 2182 4479 2208 4536; x_wconf 79' lang='grc'><strong>)</strong></span> <span class='ocrx_word' id='word_1_702' title='bbox 2249 4477 2454 4576; x_wconf 77' lang='grc' dir='ltr'>Ἰησοῦν</span> <span class='ocrx_word' id='word_1_703' title='bbox 2485 4502 2721 4574; x_wconf 82' lang='grc' dir='ltr'>Χριστὸν</span> <span class='ocrx_word' id='word_1_704' title='bbox 2751 4502 2844 4555; x_wconf 88' lang='grc' dir='ltr'><strong>τὸν</strong></span> <span class='ocrx_word' id='word_1_705' title='bbox 2873 4499 2968 4554; x_wconf 90' lang='grc' dir='ltr'><strong>τοῦ</strong></span> <span class='ocrx_word' id='word_1_706' title='bbox 2989 4499 3125 4554; x_wconf 88' lang='grc' dir='ltr'>Θεοῦ</span> <span class='ocrx_word' id='word_1_707' title='bbox 3149 4499 3323 4568; x_wconf 85' lang='grc' dir='ltr'>Λόγον</span> <span class='ocrx_word' id='word_1_708' title='bbox 3353 4491 3686 4567; x_wconf 84' lang='grc' dir='ltr'>σαρκωθέντα</span> <span class='ocrx_word' id='word_1_709' title='bbox 3706 4482 3777 4576; x_wconf 64' lang='grc' dir='ltr'><strong>καί</strong></span> 
     </span>
    </p>
   </div>
   <div class='ocr_carea' id='block_1_89' title="bbox 541 4573 2136 4676">
    <p class='ocr_par' dir='ltr' id='par_1_89' title="bbox 541 4591 2130 4666">
     <span class='ocr_line' id='line_1_89' title="bbox 541 4591 2130 4666; baseline 0.001 -16"><span class='ocrx_word' id='word_1_710' title='bbox 541 4591 816 4649; x_wconf 77' lang='lat' dir='ltr'><strong>hominem</strong></span> <span class='ocrx_word' id='word_1_711' title='bbox 845 4593 1068 4660; x_wconf 79' lang='lat' dir='ltr'><strong>factum,</strong></span> <span class='ocrx_word' id='word_1_712' title='bbox 1094 4600 1150 4648; x_wconf 85' lang='lat' dir='ltr'><strong>et</strong></span> <span class='ocrx_word' id='word_1_713' title='bbox 1173 4593 1422 4662; x_wconf 80' lang='lat' dir='ltr'><strong>ejusdem</strong></span> <span class='ocrx_word' id='word_1_714' title='bbox 1448 4593 1618 4663; x_wconf 85' lang='lat' dir='ltr'><strong>ipsius</strong></span> <span class='ocrx_word' id='word_1_715' title='bbox 1643 4594 1902 4650; x_wconf 86' lang='lat' dir='ltr'><strong>miracula</strong></span> <span class='ocrx_word' id='word_1_716' title='bbox 1925 4603 1982 4650; x_wconf 91' lang='lat' dir='ltr'><strong>et</strong></span> <span class='ocrx_word' id='word_1_717' title='bbox 2003 4611 2130 4666; x_wconf 90' lang='lat' dir='ltr'><strong>pas-</strong></span> 
     </span>
    </p>
   </div>
   <div class='ocr_carea' id='block_1_90' title="bbox 2180 4573 3775 4676">
    <p class='ocr_par' dir='ltr' id='par_1_90' title="bbox 2229 4573 3775 4676">
     <span class='ocr_line' id='line_1_90' title="bbox 2229 4573 3775 4676; baseline -0.012 -26"><span class='ocrx_word' id='word_1_718' title='bbox 2229 4595 2754 4667; x_wconf 79' lang='grc' dir='ltr'>ὲνανθρωπήσαντα,</span> <span class='ocrx_word' id='word_1_719' title='bbox 2791 4593 2888 4648; x_wconf 73' lang='grc' dir='ltr'><strong>καὶ</strong></span> <span class='ocrx_word' id='word_1_720' title='bbox 2917 4591 3012 4647; x_wconf 85' lang='grc' dir='ltr'><strong>τοῦ</strong></span> <span class='ocrx_word' id='word_1_721' title='bbox 3040 4591 3210 4646; x_wconf 85' lang='grc' dir='ltr'>αὐτοῦ</span> <span class='ocrx_word' id='word_1_722' title='bbox 3251 4591 3326 4646; x_wconf 73' lang='grc' dir='ltr'>τά</span> <span class='ocrx_word' id='word_1_723' title='bbox 3349 4606 3408 4642; x_wconf 89' lang='grc' dir='ltr'><strong>τε</strong></span> <span class='ocrx_word' id='word_1_724' title='bbox 3439 4585 3678 4654; x_wconf 82' lang='grc' dir='ltr'>θαύματα</span> <span class='ocrx_word' id='word_1_725' title='bbox 3705 4573 3775 4676; x_wconf 53' lang='grc' dir='ltr'><strong>κῗὶ</strong></span> 
     </span>
    </p>
   </div>
   <div class='ocr_carea' id='block_1_91' title="bbox 538 4674 2133 4758">
    <p class='ocr_par' dir='ltr' id='par_1_91' title="bbox 538 4685 2128 4756">
     <span class='ocr_line' id='line_1_91' title="bbox 538 4685 2128 4756; baseline 0.003 -18"><span class='ocrx_word' id='word_1_726' title='bbox 538 4685 744 4751; x_wconf 89' lang='lat' dir='ltr'><strong>siones,</strong></span> <span class='ocrx_word' id='word_1_727' title='bbox 774 4701 1107 4756; x_wconf 61' lang='lat' dir='ltr'><strong>quus~carne</strong></span> <span class='ocrx_word' id='word_1_728' title='bbox 1131 4687 1441 4740; x_wconf 80' lang='lat' dir='ltr'><strong>voluntarie</strong></span> <span class='ocrx_word' id='word_1_729' title='bbox 1470 4687 1752 4749; x_wconf 88' lang='lat' dir='ltr'><strong>sustinuit,</strong></span> <span class='ocrx_word' id='word_1_730' title='bbox 1781 4687 2128 4744; x_wconf 85' lang='lat' dir='ltr'><strong>conﬁtemur.</strong></span> 
     </span>
    </p>
   </div>
   <div class='ocr_carea' id='block_1_92' title="bbox 2182 4674 3777 4758">
    <p class='ocr_par' dir='ltr' id='par_1_92' title="bbox 2228 4674 3777 4758">
     <span class='ocr_line' id='line_1_92' title="bbox 2228 4674 3777 4758; baseline -0.003 -18"><span class='ocrx_word' id='word_1_731' title='bbox 2228 4685 2299 4740; x_wconf 77' lang='grc' dir='ltr'>τὰ</span> <span class='ocrx_word' id='word_1_732' title='bbox 2337 4685 2510 4758; x_wconf 73' lang='grc' dir='ltr'>πάθη,</span> <span class='ocrx_word' id='word_1_733' title='bbox 2543 4685 2689 4756; x_wconf 80' lang='grc' dir='ltr'>ἀπερ</span> <span class='ocrx_word' id='word_1_734' title='bbox 2720 4684 2984 4748; x_wconf 82' lang='grc' dir='ltr'>ἑκουσίως</span> <span class='ocrx_word' id='word_1_735' title='bbox 3015 4685 3278 4754; x_wconf 82' lang='grc' dir='ltr'>ὑπέμεινε</span> <span class='ocrx_word' id='word_1_736' title='bbox 3309 4679 3494 4750; x_wconf 71' lang='grc' dir='ltr'>σαρκὶ,</span> <span class='ocrx_word' id='word_1_737' title='bbox 3529 4674 3777 4758; x_wconf 60' lang='grc' dir='ltr'>ὁμολογοῆ</span> 
     </span>
    </p>
   </div>
   <div class='ocr_carea' id='block_1_93' title="bbox 539 4757 2134 4851">
    <p class='ocr_par' dir='ltr' id='par_1_93' title="bbox 539 4779 2127 4851">
     <span class='ocr_line' id='line_1_93' title="bbox 539 4779 2127 4851; baseline 0.001 -17"><span class='ocrx_word' id='word_1_738' title='bbox 539 4779 661 4834; x_wconf 85' lang='lat' dir='ltr'><strong>Non</strong></span> <span class='ocrx_word' id='word_1_739' title='bbox 687 4779 834 4833; x_wconf 86' lang='lat' dir='ltr'><strong>enim</strong></span> <span class='ocrx_word' id='word_1_740' title='bbox 863 4779 1026 4834; x_wconf 88' lang='lat' dir='ltr'><strong>homo</strong></span> <span class='ocrx_word' id='word_1_741' title='bbox 1052 4779 1249 4849; x_wconf 88' lang='lat' dir='ltr'><strong>aliquis</strong></span> <span class='ocrx_word' id='word_1_742' title='bbox 1271 4793 1370 4850; x_wconf 90' lang='lat' dir='ltr'><strong>pro</strong></span> <span class='ocrx_word' id='word_1_743' title='bbox 1394 4779 1552 4834; x_wconf 88' lang='lat' dir='ltr'><strong>nobis</strong></span> <span class='ocrx_word' id='word_1_744' title='bbox 1576 4781 1928 4851; x_wconf 87' lang='lat' dir='ltr'><strong>semetipsum</strong></span> <span class='ocrx_word' id='word_1_745' title='bbox 1957 4782 2127 4845; x_wconf 87' lang='lat' dir='ltr'><strong>dedit,</strong></span> 
     </span>
    </p>
   </div>
   <div class='ocr_carea' id='block_1_94' title="bbox 2182 4757 3777 4851">
    <p class='ocr_par' dir='ltr' id='par_1_94' title="bbox 2235 4757 3777 4849">
     <span class='ocr_line' id='line_1_94' title="bbox 2235 4757 3777 4849; baseline -0.014 -16"><span class='ocrx_word' id='word_1_746' title='bbox 2235 4797 2359 4846; x_wconf 70' lang='grc' dir='ltr'>μεν.</span> <span class='ocrx_word' id='word_1_747' title='bbox 2386 4777 2524 4833; x_wconf 83' lang='grc' dir='ltr'>Οῦτε</span> <span class='ocrx_word' id='word_1_748' title='bbox 2551 4779 2661 4849; x_wconf 84' lang='grc' dir='ltr'>γὰρ</span> <span class='ocrx_word' id='word_1_749' title='bbox 2692 4777 2979 4848; x_wconf 78' lang='grc' dir='ltr'>ἄνθρωπός</span> <span class='ocrx_word' id='word_1_750' title='bbox 3013 4771 3110 4841; x_wconf 63' lang='grc' dir='ltr'><strong>¹’τις</strong></span> <span class='ocrx_word' id='word_1_751' title='bbox 3142 4777 3282 4846; x_wconf 79' lang='grc' dir='ltr'>ὑπὲρ</span> <span class='ocrx_word' id='word_1_752' title='bbox 3328 4772 3485 4844; x_wconf 81' lang='grc' dir='ltr'>ἡμῶν</span> <span class='ocrx_word' id='word_1_753' title='bbox 3514 4764 3686 4822; x_wconf 80' lang='grc' dir='ltr'>ἑαυτὸν</span> <span class='ocrx_word' id='word_1_754' title='bbox 3711 4757 3777 4812; x_wconf 83' lang='grc' dir='ltr'><strong>δέ·</strong></span> 
     </span>
    </p>
   </div>
   <div class='ocr_carea' id='block_1_95' title="bbox 542 4857 2137 4948">
    <p class='ocr_par' dir='ltr' id='par_1_95' title="bbox 542 4860 2128 4948">
     <span class='ocr_line' id='line_1_95' title="bbox 542 4860 2128 4948; baseline 0.003 -26"><span class='ocrx_word' id='word_1_755' title='bbox 542 4867 636 4922; x_wconf 89' lang='lat' dir='ltr'><strong>sed</strong></span> <span class='ocrx_word' id='word_1_756' title='bbox 667 4866 784 4936; x_wconf 90' lang='lat' dir='ltr'><strong>ipse</strong></span> <span class='ocrx_word' id='word_1_757' title='bbox 811 4865 957 4922; x_wconf 85' lang='lat' dir='ltr'><strong>Deus</strong></span> <span class='ocrx_word' id='word_1_758' title='bbox 973 4868 1214 4924; x_wconf 86' lang='lat' dir='ltr'><strong>Verbum</strong></span> <span class='ocrx_word' id='word_1_759' title='bbox 1245 4881 1402 4948; x_wconf 78' lang='lat' dir='ltr'><strong>suum</strong></span> <span class='ocrx_word' id='word_1_760' title='bbox 1430 4883 1628 4939; x_wconf 90' lang='lat' dir='ltr'><strong>corpus</strong></span> <span class='ocrx_word' id='word_1_761' title='bbox 1653 4885 1752 4940; x_wconf 91' lang='lat' dir='ltr'><strong>pro</strong></span> <span class='ocrx_word' id='word_1_762' title='bbox 1777 4860 1935 4928; x_wconf 87' lang='lat' dir='ltr'><strong>nobis</strong></span> <span class='ocrx_word' id='word_1_763' title='bbox 1959 4872 2128 4935; x_wconf 57' lang='lat' dir='ltr'><strong>dedit,</strong></span> 
     </span>
    </p>
   </div>
   <div class='ocr_carea' id='block_1_96' title="bbox 2182 4857 3777 4948">
    <p class='ocr_par' dir='ltr' id='par_1_96' title="bbox 2231 4857 3777 4948">
     <span class='ocr_line' id='line_1_96' title="bbox 2231 4857 3777 4948; baseline -0.01 -24"><span class='ocrx_word' id='word_1_764' title='bbox 2231 4873 2428 4936; x_wconf 89' lang='grc' dir='ltr'>δωκεν,</span> <span class='ocrx_word' id='word_1_765' title='bbox 2460 4865 2574 4924; x_wconf 76' lang='grc' dir='ltr'>ἀλλ’</span> <span class='ocrx_word' id='word_1_766' title='bbox 2603 4869 2766 4935; x_wconf 86' lang='grc' dir='ltr'>αὐτὸς</span> <span class='ocrx_word' id='word_1_767' title='bbox 2812 4869 2842 4922; x_wconf 82' lang='grc' dir='ltr'>ὁ</span> <span class='ocrx_word' id='word_1_768' title='bbox 2886 4869 3060 4939; x_wconf 89' lang='grc' dir='ltr'>Λόγος</span> <span class='ocrx_word' id='word_1_769' title='bbox 3105 4867 3166 4922; x_wconf 90' lang='grc' dir='ltr'><strong>τὸ</strong></span> <span class='ocrx_word' id='word_1_770' title='bbox 3209 4868 3340 4920; x_wconf 77' lang='grc' dir='ltr'>ἴδιον</span> <span class='ocrx_word' id='word_1_771' title='bbox 3388 4862 3545 4934; x_wconf 83' lang='grc' dir='ltr'>σῶμα</span> <span class='ocrx_word' id='word_1_772' title='bbox 3589 4857 3777 4948; x_wconf 54' lang='grc' dir='ltr'>δέδωξιξν</span> 
     </span>
    </p>
   </div>
   <div class='ocr_carea' id='block_1_97' title="bbox 541 4941 2136 5035">
    <p class='ocr_par' dir='ltr' id='par_1_97' title="bbox 541 4941 2131 5035">
     <span class='ocr_line' id='line_1_97' title="bbox 541 4941 2131 5035; baseline 0.004 -24"><span class='ocrx_word' id='word_1_773' title='bbox 541 4972 613 5012; x_wconf 88' lang='lat' dir='ltr'><strong>ne</strong></span> <span class='ocrx_word' id='word_1_774' title='bbox 637 4957 692 5012; x_wconf 91' lang='lat' dir='ltr'><strong>in</strong></span> <span class='ocrx_word' id='word_1_775' title='bbox 719 4957 995 5014; x_wconf 90' lang='lat' dir='ltr'><strong>hominem</strong></span> <span class='ocrx_word' id='word_1_776' title='bbox 1025 4959 1160 5015; x_wconf 88' lang='lat' dir='ltr'><strong>ﬁdes</strong></span> <span class='ocrx_word' id='word_1_777' title='bbox 1185 4941 1395 5032; x_wconf 41' lang='lat' dir='ltr'><strong>et&#39;spes</strong></span> <span class='ocrx_word' id='word_1_778' title='bbox 1419 4970 1604 5018; x_wconf 89' lang='lat' dir='ltr'><strong>nostra</strong></span> <span class='ocrx_word' id='word_1_779' title='bbox 1631 4963 1722 5026; x_wconf 88' lang='lat' dir='ltr'><strong>sit,</strong></span> <span class='ocrx_word' id='word_1_780' title='bbox 1751 4964 1845 5019; x_wconf 90' lang='lat' dir='ltr'><strong>sed</strong></span> <span class='ocrx_word' id='word_1_781' title='bbox 1873 4963 1928 5018; x_wconf 91' lang='lat' dir='ltr'><strong>in</strong></span> <span class='ocrx_word' id='word_1_782' title='bbox 1955 4964 2131 5035; x_wconf 88' lang='lat' dir='ltr'><strong>ipsum</strong></span> 
     </span>
    </p>
   </div>
   <div class='ocr_carea' id='block_1_98' title="bbox 2178 4941 3773 5035">
    <p class='ocr_par' dir='ltr' id='par_1_98' title="bbox 2243 4941 3773 5035">
     <span class='ocr_line' id='line_1_98' title="bbox 2243 4941 3773 5035; baseline -0.005 -19"><span class='ocrx_word' id='word_1_783' title='bbox 2243 4963 2386 5035; x_wconf 81' lang='grc' dir='ltr'>ὑπὲρ</span> <span class='ocrx_word' id='word_1_784' title='bbox 2415 4963 2593 5034; x_wconf 84' lang='grc' dir='ltr'>ἡμῶν,</span> <span class='ocrx_word' id='word_1_785' title='bbox 2623 4963 2710 5016; x_wconf 80' lang='grc' dir='ltr'><strong>ἵνα</strong></span> <span class='ocrx_word' id='word_1_786' title='bbox 2744 4963 2819 5034; x_wconf 80' lang='grc' dir='ltr'><strong>μὴ</strong></span> <span class='ocrx_word' id='word_1_787' title='bbox 2851 4964 2930 5024; x_wconf 83' lang='grc' dir='ltr'><strong>είς</strong></span> <span class='ocrx_word' id='word_1_788' title='bbox 2959 4961 3245 5032; x_wconf 78' lang='grc' dir='ltr'>ἄνθρωπον</span> <span class='ocrx_word' id='word_1_789' title='bbox 3278 4961 3310 5028; x_wconf 82' lang='grc' dir='ltr'>ἡ</span> <span class='ocrx_word' id='word_1_790' title='bbox 3341 4958 3523 5018; x_wconf 85' lang='grc' dir='ltr'>πίστις</span> <span class='ocrx_word' id='word_1_791' title='bbox 3546 4950 3632 5006; x_wconf 81' lang='grc' dir='ltr'>καὶ</span> <span class='ocrx_word' id='word_1_792' title='bbox 3656 4948 3684 5015; x_wconf 80' lang='grc' dir='ltr'><strong>ἡ</strong></span> <span class='ocrx_word' id='word_1_793' title='bbox 3707 4941 3773 4994; x_wconf 77' lang='grc' dir='ltr'><strong>έλ·</strong></span> 
     </span>
    </p>
   </div>
   <div class='ocr_carea' id='block_1_99' title="bbox 544 5039 2139 5130">
    <p class='ocr_par' dir='ltr' id='par_1_99' title="bbox 544 5043 2131 5110">
     <span class='ocr_line' id='line_1_99' title="bbox 544 5043 2131 5110; baseline 0.002 -6"><span class='ocrx_word' id='word_1_794' title='bbox 544 5051 716 5105; x_wconf 89' lang='lat' dir='ltr'><strong>Deum</strong></span> <span class='ocrx_word' id='word_1_795' title='bbox 748 5049 985 5105; x_wconf 88' lang='lat' dir='ltr'><strong>Verbum</strong></span> <span class='ocrx_word' id='word_1_796' title='bbox 1021 5057 1265 5106; x_wconf 86' lang='lat' dir='ltr'><strong>nostram</strong></span> <span class='ocrx_word' id='word_1_797' title='bbox 1304 5051 1466 5108; x_wconf 87' lang='lat' dir='ltr'><strong>ﬁdem</strong></span> <span class='ocrx_word' id='word_1_798' title='bbox 1505 5043 1821 5110; x_wconf 68' lang='lat' dir='ltr'><strong>habeamus.</strong></span> <span class='ocrx_word' id='word_1_799' title='bbox 1857 5055 1928 5109; x_wconf 88' lang='lat' dir='ltr'><strong>Et</strong></span> <span class='ocrx_word' id='word_1_800' title='bbox 1963 5054 2131 5110; x_wconf 88' lang='lat' dir='ltr'><strong>Deum</strong></span> 
     </span>
    </p>
   </div>
   <div class='ocr_carea' id='block_1_100' title="bbox 2183 5039 3778 5130">
    <p class='ocr_par' dir='ltr' id='par_1_100' title="bbox 2245 5039 3778 5130">
     <span class='ocr_line' id='line_1_100' title="bbox 2245 5039 3778 5130; baseline -0.002 -20"><span class='ocrx_word' id='word_1_801' title='bbox 2245 5057 2337 5120; x_wconf 75' lang='grc' dir='ltr'>πὶς</span> <span class='ocrx_word' id='word_1_802' title='bbox 2367 5059 2398 5127; x_wconf 79' lang='grc' dir='ltr'>ἡ</span> <span class='ocrx_word' id='word_1_803' title='bbox 2409 5057 2526 5128; x_wconf 83' lang='grc' dir='ltr'><strong>μῶν</strong></span> <span class='ocrx_word' id='word_1_804' title='bbox 2559 5053 2615 5130; x_wconf 77' lang='grc' dir='ltr'><strong>ᾗ,</strong></span> <span class='ocrx_word' id='word_1_805' title='bbox 2643 5056 2756 5109; x_wconf 85' lang='grc' dir='ltr'>ἀλλ’</span> <span class='ocrx_word' id='word_1_806' title='bbox 2793 5059 2872 5119; x_wconf 89' lang='grc' dir='ltr'>εἰς</span> <span class='ocrx_word' id='word_1_807' title='bbox 2897 5054 3061 5110; x_wconf 82' lang='grc' dir='ltr'>αὐτὸν</span> <span class='ocrx_word' id='word_1_808' title='bbox 3091 5055 3180 5107; x_wconf 88' lang='grc' dir='ltr'><strong>τὸν</strong></span> <span class='ocrx_word' id='word_1_809' title='bbox 3202 5052 3336 5106; x_wconf 89' lang='grc' dir='ltr'>Θεὸν</span> <span class='ocrx_word' id='word_1_810' title='bbox 3361 5050 3533 5116; x_wconf 90' lang='grc' dir='ltr'>Λόγον</span> <span class='ocrx_word' id='word_1_811' title='bbox 3561 5044 3653 5112; x_wconf 76' lang='grc' dir='ltr'>τὴν</span> <span class='ocrx_word' id='word_1_812' title='bbox 3671 5039 3778 5130; x_wconf 44' lang='grc' dir='ltr'><strong>ἤθε’</strong></span> 
     </span>
    </p>
   </div>
   <div class='ocr_carea' id='block_1_101' title="bbox 545 5125 2140 5220">
    <p class='ocr_par' dir='ltr' id='par_1_101' title="bbox 545 5141 2134 5216">
     <span class='ocr_line' id='line_1_101' title="bbox 545 5141 2134 5216; baseline 0.003 -22"><span class='ocrx_word' id='word_1_813' title='bbox 545 5141 708 5216; x_wconf 77' lang='lat' dir='ltr'><strong>igitur</strong></span> <span class='ocrx_word' id='word_1_814' title='bbox 737 5157 860 5196; x_wconf 89' lang='lat' dir='ltr'><strong>eum</strong></span> <span class='ocrx_word' id='word_1_815' title='bbox 899 5142 1241 5208; x_wconf 88' lang='lat' dir='ltr'><strong>conﬁtentes,</strong></span> <span class='ocrx_word' id='word_1_816' title='bbox 1278 5161 1390 5200; x_wconf 88' lang='lat' dir='ltr'><strong>non</strong></span> <span class='ocrx_word' id='word_1_817' title='bbox 1423 5146 1760 5216; x_wconf 83' lang='lat' dir='ltr'><strong>abnegamus</strong></span> <span class='ocrx_word' id='word_1_818' title='bbox 1795 5146 1976 5216; x_wconf 89' lang='lat' dir='ltr'><strong>ipsum</strong></span> <span class='ocrx_word' id='word_1_819' title='bbox 2011 5160 2134 5200; x_wconf 84' lang='lat' dir='ltr'><strong>esse</strong></span> 
     </span>
    </p>
   </div>
   <div class='ocr_carea' id='block_1_102' title="bbox 2183 5125 3778 5220">
    <p class='ocr_par' dir='ltr' id='par_1_102' title="bbox 2241 5125 3778 5220">
     <span class='ocr_line' id='line_1_102' title="bbox 2241 5125 3778 5220; baseline -0.008 -20"><span class='ocrx_word' id='word_1_820' title='bbox 2241 5125 2421 5217; x_wconf 72' lang='grc' dir='ltr'>τέραν</span> <span class='ocrx_word' id='word_1_821' title='bbox 2457 5125 2639 5220; x_wconf 54' lang='grc' dir='ltr'>πίστιν</span> <span class='ocrx_word' id='word_1_822' title='bbox 2678 5145 2911 5216; x_wconf 73' lang='grc' dir='ltr'>ἔχωμεν.</span> <span class='ocrx_word' id='word_1_823' title='bbox 2942 5147 3053 5198; x_wconf 81' lang='grc' dir='ltr'>Καὶ</span> <span class='ocrx_word' id='word_1_824' title='bbox 3080 5141 3212 5198; x_wconf 78' lang='grc' dir='ltr'>Θεὸν</span> <span class='ocrx_word' id='word_1_825' title='bbox 3237 5141 3418 5196; x_wconf 84' lang='grc' dir='ltr'>τοίνυν</span> <span class='ocrx_word' id='word_1_826' title='bbox 3444 5135 3598 5192; x_wconf 86' lang='grc' dir='ltr'>αὐτὸν</span> <span class='ocrx_word' id='word_1_827' title='bbox 3627 5125 3778 5198; x_wconf 79' lang='grc' dir='ltr'>ὁμολο-</span> 
     </span>
    </p>
   </div>
   <div class='ocr_carea' id='block_1_103' title="bbox 543 5223 2138 5306">
    <p class='ocr_par' dir='ltr' id='par_1_103' title="bbox 543 5228 2132 5302">
     <span class='ocr_line' id='line_1_103' title="bbox 543 5228 2132 5302; baseline 0.004 -14"><span class='ocrx_word' id='word_1_828' title='bbox 543 5245 600 5288; x_wconf 90' lang='lat' dir='ltr'><strong>et</strong></span> <span class='ocrx_word' id='word_1_829' title='bbox 625 5233 903 5290; x_wconf 89' lang='lat' dir='ltr'><strong>hominem</strong></span> <span class='ocrx_word' id='word_1_830' title='bbox 933 5254 946 5290; x_wconf 88' lang='lat'>:</span> <span class='ocrx_word' id='word_1_831' title='bbox 975 5243 1032 5291; x_wconf 88' lang='lat' dir='ltr'><strong>et</strong></span> <span class='ocrx_word' id='word_1_832' title='bbox 1062 5237 1338 5293; x_wconf 87' lang='lat' dir='ltr'><strong>hominem</strong></span> <span class='ocrx_word' id='word_1_833' title='bbox 1369 5237 1622 5294; x_wconf 85' lang='lat' dir='ltr'><strong>dicentes</strong></span> <span class='ocrx_word' id='word_1_834' title='bbox 1643 5254 1794 5302; x_wconf 88' lang='lat' dir='ltr'><strong>eum,</strong></span> <span class='ocrx_word' id='word_1_835' title='bbox 1820 5255 1931 5293; x_wconf 87' lang='lat' dir='ltr'><strong>non</strong></span> <span class='ocrx_word' id='word_1_836' title='bbox 1959 5228 2132 5294; x_wconf 67' lang='lat' dir='ltr'><strong>abne-</strong></span> 
     </span>
    </p>
   </div>
   <div class='ocr_carea' id='block_1_104' title="bbox 2178 5223 3773 5306">
    <p class='ocr_par' dir='ltr' id='par_1_104' title="bbox 2241 5223 3773 5306">
     <span class='ocr_line' id='line_1_104' title="bbox 2241 5223 3773 5306; baseline -0.006 -15"><span class='ocrx_word' id='word_1_837' title='bbox 2241 5238 2466 5306; x_wconf 81' lang='grc' dir='ltr'>γοῦντες</span> <span class='ocrx_word' id='word_1_838' title='bbox 2494 5237 2596 5291; x_wconf 77' lang='grc' dir='ltr'>οὐκ</span> <span class='ocrx_word' id='word_1_839' title='bbox 2622 5235 2926 5305; x_wconf 81' lang='grc' dir='ltr'>ἀθετοῦμεν</span> <span class='ocrx_word' id='word_1_840' title='bbox 2955 5235 3015 5288; x_wconf 86' lang='grc' dir='ltr'><strong>τὸ</strong></span> <span class='ocrx_word' id='word_1_841' title='bbox 3037 5231 3178 5288; x_wconf 83' lang='grc' dir='ltr'>εἶναι</span> <span class='ocrx_word' id='word_1_842' title='bbox 3208 5231 3370 5288; x_wconf 78' lang='grc' dir='ltr'>αὑτὸν</span> <span class='ocrx_word' id='word_1_843' title='bbox 3399 5230 3492 5284; x_wconf 72' lang='grc' dir='ltr'><strong>καὶ</strong></span> <span class='ocrx_word' id='word_1_844' title='bbox 3516 5223 3773 5306; x_wconf 57' lang='grc' dir='ltr'>ἄνθρωπιξνι</span> 
     </span>
    </p>
   </div>
   <div class='ocr_carea' id='block_1_105' title="bbox 545 5305 2140 5408">
    <p class='ocr_par' dir='ltr' id='par_1_105' title="bbox 545 5325 2131 5408">
     <span class='ocr_line' id='line_1_105' title="bbox 545 5325 2131 5408; baseline 0.004 -28"><span class='ocrx_word' id='word_1_845' title='bbox 545 5341 736 5397; x_wconf 83' lang='lat' dir='ltr'><strong>gamus</strong></span> <span class='ocrx_word' id='word_1_846' title='bbox 773 5325 952 5408; x_wconf 85' lang='lat' dir='ltr'><strong>ipsum</strong></span> <span class='ocrx_word' id='word_1_847' title='bbox 983 5343 1104 5384; x_wconf 88' lang='lat' dir='ltr'><strong>esse</strong></span> <span class='ocrx_word' id='word_1_848' title='bbox 1133 5337 1190 5384; x_wconf 87' lang='lat' dir='ltr'><strong>et</strong></span> <span class='ocrx_word' id='word_1_849' title='bbox 1219 5331 1410 5384; x_wconf 83' lang='lat' dir='ltr'><strong>Deum.</strong></span> <span class='ocrx_word' id='word_1_850' title='bbox 1445 5329 1500 5384; x_wconf 91' lang='lat' dir='ltr'><strong>Si</strong></span> <span class='ocrx_word' id='word_1_851' title='bbox 1532 5331 1677 5386; x_wconf 89' lang='lat' dir='ltr'><strong>enim</strong></span> <span class='ocrx_word' id='word_1_852' title='bbox 1710 5330 1854 5386; x_wconf 88' lang='lat' dir='ltr'><strong>Deus</strong></span> <span class='ocrx_word' id='word_1_853' title='bbox 1890 5339 2131 5387; x_wconf 55' lang='lat' dir='ltr'><strong>tantuma</strong></span> 
     </span>
    </p>
   </div>
   <div class='ocr_carea' id='block_1_106' title="bbox 2180 5305 3775 5408">
    <p class='ocr_par' dir='ltr' id='par_1_106' title="bbox 2239 5305 3775 5408">
     <span class='ocr_line' id='line_1_106' title="bbox 2239 5305 3775 5408; baseline -0.014 -26"><span class='ocrx_word' id='word_1_854' title='bbox 2239 5305 2334 5384; x_wconf 73' lang='grc' dir='ltr'><strong>καὶ</strong></span> <span class='ocrx_word' id='word_1_855' title='bbox 2362 5329 2649 5399; x_wconf 73' lang='grc' dir='ltr'>ἄνθρωπον</span> <span class='ocrx_word' id='word_1_856' title='bbox 2678 5327 2928 5396; x_wconf 85' lang='grc' dir='ltr'>λέγοντες</span> <span class='ocrx_word' id='word_1_857' title='bbox 2966 5327 3128 5400; x_wconf 58' lang='grc'><strong>347</strong></span> <span class='ocrx_word' id='word_1_858' title='bbox 3179 5325 3342 5380; x_wconf 79' lang='grc' dir='ltr'>αὐτὸν</span> <span class='ocrx_word' id='word_1_859' title='bbox 3367 5324 3468 5376; x_wconf 78' lang='grc' dir='ltr'>οὐκ</span> <span class='ocrx_word' id='word_1_860' title='bbox 3514 5305 3775 5408; x_wconf 42' lang='grc' dir='ltr'>ἀρνούμεθα</span> 
     </span>
    </p>
   </div>
   <div class='ocr_carea' id='block_1_107' title="bbox 547 5403 2142 5498">
    <p class='ocr_par' dir='ltr' id='par_1_107' title="bbox 547 5403 2134 5493">
     <span class='ocr_line' id='line_1_107' title="bbox 547 5403 2134 5493; baseline 0.003 -21"><span class='ocrx_word' id='word_1_861' title='bbox 547 5416 710 5473; x_wconf 90' lang='lat' dir='ltr'><strong>modo</strong></span> <span class='ocrx_word' id='word_1_862' title='bbox 737 5429 902 5486; x_wconf 88' lang='lat' dir='ltr'><strong>esset,</strong></span> <span class='ocrx_word' id='word_1_863' title='bbox 923 5403 1207 5492; x_wconf 76' lang='lat' dir='ltr'><strong>quomodo</strong></span> <span class='ocrx_word' id='word_1_864' title='bbox 1237 5421 1585 5492; x_wconf 86' lang='lat' dir='ltr'><strong>patiebatur?</strong></span> <span class='ocrx_word' id='word_1_865' title='bbox 1613 5423 1887 5493; x_wconf 89' lang='lat' dir='ltr'><strong>quomodo</strong></span> <span class='ocrx_word' id='word_1_866' title='bbox 1915 5422 2134 5480; x_wconf 84' lang='lat' dir='ltr'><strong>cruciﬁ-</strong></span> 
     </span>
    </p>
   </div>
   <div class='ocr_carea' id='block_1_108' title="bbox 2179 5403 3774 5498">
    <p class='ocr_par' dir='ltr' id='par_1_108' title="bbox 2243 5403 3774 5498">
     <span class='ocr_line' id='line_1_108' title="bbox 2243 5403 3774 5498; baseline -0.009 -24"><span class='ocrx_word' id='word_1_867' title='bbox 2243 5422 2304 5476; x_wconf 89' lang='grc' dir='ltr'><strong>τὸ</strong></span> <span class='ocrx_word' id='word_1_868' title='bbox 2330 5417 2468 5476; x_wconf 79' lang='grc' dir='ltr'>εἶναι</span> <span class='ocrx_word' id='word_1_869' title='bbox 2499 5421 2660 5474; x_wconf 85' lang='grc' dir='ltr'>αὐτὸν</span> <span class='ocrx_word' id='word_1_870' title='bbox 2693 5422 2787 5474; x_wconf 68' lang='grc' dir='ltr'><strong>καὶ</strong></span> <span class='ocrx_word' id='word_1_871' title='bbox 2817 5419 2968 5498; x_wconf 69' lang='grc' dir='ltr'>Θεόν.</span> <span class='ocrx_word' id='word_1_872' title='bbox 3006 5421 3070 5474; x_wconf 79' lang='lat' dir='ltr'><strong>Et</strong></span> <span class='ocrx_word' id='word_1_873' title='bbox 3104 5419 3212 5488; x_wconf 75' lang='grc' dir='ltr'><strong>γὰρ</strong></span> <span class='ocrx_word' id='word_1_874' title='bbox 3241 5417 3372 5482; x_wconf 83' lang='grc' dir='ltr'>Θεὸς</span> <span class='ocrx_word' id='word_1_875' title='bbox 3400 5415 3554 5468; x_wconf 72' lang='grc' dir='ltr'>μόνον</span> <span class='ocrx_word' id='word_1_876' title='bbox 3578 5403 3658 5477; x_wconf 67' lang='grc' dir='ltr'>ἦν,</span> <span class='ocrx_word' id='word_1_877' title='bbox 3687 5403 3774 5457; x_wconf 54' lang='grc' dir='ltr'><strong>πικ</strong></span> 
     </span>
    </p>
   </div>
   <div class='ocr_carea' id='block_1_109' title="bbox 1857 5569 2564 5636">
    <p class='ocr_par' dir='ltr' id='par_1_109' title="bbox 1857 5569 2564 5636">
     <span class='ocr_line' id='line_1_109' title="bbox 1857 5569 2564 5636; baseline 0.001 -3"><span class='ocrx_word' id='word_1_878' title='bbox 1857 5571 2102 5633; x_wconf 69' lang='grc' dir='ltr'>ἾΛΠΙᾹΞ</span> <span class='ocrx_word' id='word_1_879' title='bbox 2159 5569 2564 5636; x_wconf 71' lang='lat' dir='ltr'><strong>LECTIONES.</strong></span> 
     </span>
    </p>
   </div>
   <div class='ocr_carea' id='block_1_110' title="bbox 559 5696 3764 5838">
    <p class='ocr_par' dir='ltr' id='par_1_110' title="bbox 559 5696 3764 5838">
     <span class='ocr_line' id='line_1_110' title="bbox 559 5696 3764 5838; baseline -0.003 -75"><span class='ocrx_word' id='word_1_880' title='bbox 559 5776 580 5811; x_wconf 56' lang='grc' dir='ltr'>ι</span> <span class='ocrx_word' id='word_1_881' title='bbox 615 5710 678 5791; x_wconf 49' lang='grc' dir='ltr'><strong>ἐξ,</strong></span> <span class='ocrx_word' id='word_1_882' title='bbox 696 5709 774 5782; x_wconf 81' lang='grc' dir='ltr'><strong>τῷ</strong></span> <span class='ocrx_word' id='word_1_883' title='bbox 803 5712 848 5763; x_wconf 83' lang='grc' dir='ltr'>τ’</span> <span class='ocrx_word' id='word_1_884' title='bbox 875 5713 1025 5838; x_wconf 49' lang='lat' dir='ltr'><strong>aiio-cc];</strong></span> <span class='ocrx_word' id='word_1_885' title='bbox 1056 5710 1118 5768; x_wconf 67' lang='grc' dir='ltr'>ν.</span> <span class='ocrx_word' id='word_1_886' title='bbox 1223 5713 1268 5748; x_wconf 73' lang='grc'><strong>³⁷</strong></span> <span class='ocrx_word' id='word_1_887' title='bbox 1297 5713 1582 5786; x_wconf 81' lang='grc' dir='ltr'>ὁμολογεῖν</span> <span class='ocrx_word' id='word_1_888' title='bbox 1607 5731 1716 5773; x_wconf 91' lang='lat' dir='ltr'><strong>om.</strong></span> <span class='ocrx_word' id='word_1_889' title='bbox 1742 5711 1804 5772; x_wconf 77' lang='grc' dir='ltr'><strong>Ρ.</strong></span> <span class='ocrx_word' id='word_1_890' title='bbox 1907 5717 1954 5750; x_wconf 72' lang='grc'><strong>’⁵³</strong></span> <span class='ocrx_word' id='word_1_891' title='bbox 1985 5715 2123 5788; x_wconf 80' lang='grc' dir='ltr'><strong>μετὰ</strong></span> <span class='ocrx_word' id='word_1_892' title='bbox 2151 5713 2444 5772; x_wconf 74' lang='grc' dir='ltr'>Σαϐελλίου</span> <span class='ocrx_word' id='word_1_893' title='bbox 2483 5707 2544 5770; x_wconf 76' lang='grc' dir='ltr'><strong>Ρ.</strong></span> <span class='ocrx_word' id='word_1_894' title='bbox 2645 5718 2690 5750; x_wconf 78' lang='grc'><strong>⁹⁹</strong></span> <span class='ocrx_word' id='word_1_895' title='bbox 2723 5710 2828 5782; x_wconf 73' lang='grc' dir='ltr'>εἷς.</span> <span class='ocrx_word' id='word_1_896' title='bbox 2860 5711 2908 5770; x_wconf 84' lang='grc' dir='ltr'><strong>εί</strong></span> <span class='ocrx_word' id='word_1_897' title='bbox 2937 5712 2992 5771; x_wconf 88' lang='lat' dir='ltr'><strong>in</strong></span> <span class='ocrx_word' id='word_1_898' title='bbox 3022 5714 3210 5772; x_wconf 88' lang='lat' dir='ltr'><strong>codice</strong></span> <span class='ocrx_word' id='word_1_899' title='bbox 3239 5713 3520 5769; x_wconf 79' lang='lat' dir='ltr'><strong>invenerat</strong></span> <span class='ocrx_word' id='word_1_900' title='bbox 3545 5696 3764 5757; x_wconf 71' lang='lat' dir='ltr'><strong>Baden”-</strong></span> 
     </span>
     <span class='ocr_line' id='line_1_111' title="bbox 608 5795 952 5838; baseline 0.012 -4"><span class='ocrx_word' id='word_1_901' title='bbox 608 5797 718 5834; x_wconf 86' lang='grc' dir='ltr'><strong>των</strong></span> <span class='ocrx_word' id='word_1_902' title='bbox 757 5795 867 5836; x_wconf 92' lang='lat' dir='ltr'><strong>om.</strong></span> <span class='ocrx_word' id='word_1_903' title='bbox 938 5826 952 5838; x_wconf 95' lang='lat'><strong>.</strong></span> 
     </span>
    </p>
   </div>
   <div class='ocr_carea' id='block_1_111' title="bbox 608 5796 952 5839">
    <p class='ocr_par' dir='ltr' id='par_1_111' title="bbox 608 5796 952 5839">
     <span class='ocr_line' id='line_1_112' title="bbox 608 5796 952 5839; baseline 0.015 -5"><span class='ocrx_word' id='word_1_904' title='bbox 608 5797 718 5834; x_wconf 86' lang='grc' dir='ltr'><strong>των</strong></span> <span class='ocrx_word' id='word_1_905' title='bbox 757 5796 867 5836; x_wconf 92' lang='lat' dir='ltr'><strong>om.</strong></span> <span class='ocrx_word' id='word_1_906' title='bbox 893 5796 952 5839; x_wconf 79' lang='lat' dir='ltr'><strong>l’.</strong></span> 
     </span>
    </p>
   </div>
  </div>
