4040 6420
381 360 488 432 905

1565 353 2006 429 CHRONICON
2059 359 2468 428 PASCHALE.

3547 357 3652 428 905

381 477 644 545 ἔπασχεν.
684 472 803 534 πῶς
846 467 1180 538 ἑσταυροῦτο
1222 467 1316 522 καὶ
1365 466 1744 538 ἀπέθνησκενς
1789 468 1972 522 ’Λλλόο

2084 468 2300 540 gebatur
2327 479 2382 523 et
2415 466 2788 524 moriebatur?
2818 465 3005 521 Aliena
3038 452 3184 520 enim
3222 466 3323 520 ista
3357 469 3485 521 sunt
3521 467 3652 522 Deo.

377 579 512 636 τρια
535 561 645 634 γὰρ
666 554 837 613 ταῦτα
857 557 1016 612 Θεοῦ.
1040 558 1102 612 Εἰ
1130 557 1187 611 δι
1211 555 1501 629 ἄνθρωπος
1529 557 1710 628 μόνον,
1743 557 1862 622 πῶς
1883 557 1971 612 διὰ

253 693 268 703 .
377 654 480 709 τοῦ
506 653 712 716 πάθους
737 651 912 718 ἐνίκα,
941 649 1058 714 πῶς
1084 650 1277 716 ἔσωζε,
1307 648 1429 713 πῶς
1447 647 1764 714 ὲζωρποίεις
1789 648 1971 704 Ταῦτα

377 747 494 818 γὰρ
523 745 664 817 ὑπὲρ
697 741 983 814 ἄνθρωπον
1006 738 1093 813 ἦν.
1127 741 1239 796 Νῦν
1269 741 1326 795 δὲ
1354 743 1418 796 ὁ³
1447 741 1610 806 αὑτὸς
1640 742 1840 812 πάσχει
1881 744 1973 796 καὶ

379 838 570 904 σώζει,
601 837 694 890 καὶ
734 836 822 890 διὰ
853 835 949 890 τοῦ
978 837 1184 900 πάθους
1213 835 1361 905 νικᾷ,
1397 835 1426 886 6
1451 832 1616 896 αὑτὸς
1639 834 1790 897 Θεὸς,
1818 836 1846 888 6
1871 834 1973 888 αύ-

379 936 482 998 τὺς
509 933 817 1005 ἄνθρωπος,
845 933 908 987 τὸ
938 932 1364 1005 συναμφότερον,
1388 931 1596 996 οὕτως³
1623 932 1683 985 ἒν
1713 930 1974 1003 ἑκάτερον

378 1027 464 1089 ὡς
501 1023 854 1095 μόνον.Ὥθεν
901 1023 961 1088 ὲξ
1007 1023 1276 1095 ἑκατέρας
1318 1021 1554 1092 φύσεως,
1587 1022 1870 1076 τουτέστιν
1908 1023 1974 1076 ὲκ

379 1115 640 1183 θεότητος
689 1115 786 1168 καὶ
829 1114 1248 1186 ἀνθρωπότητος
1298 1113 1395 1167 ἕνα
1425 1113 1662 1186 Χριστὸν
1719 1112 1974 1167 σύνθετον

385 1207 642 1278 λέγοντες
693 1207 956 1278 σύγχυσιν
999 1211 1068 1280 τῇ
1112 1206 1302 1261 ἐνώσει
1335 1209 1436 1262 οὑκ
1463 1207 1849 1278 ὲπεισάγομεν,
1881 1209 1974 1260 καὶ

383 1302 450 1352 ἐν
495 1299 735 1370 ἑκατέρᾳ
773 1299 867 1352 δὲ’
895 1298 1077 1369 φύσει,
1099 1298 1394 1353 τουτέστιν
1425 1300 1484 1352 ὲν
1513 1297 1730 1368 θεότητι
1775 1298 1870 1351 καὶ
1916 1299 1975 1351 ἐν

381 1391 788 1462 ἀνθρωπότητι,
825 1389 914 1444 τὸν
941 1389 1038 1444 ἕνα
1068 1390 1274 1462 Κύριον
1306 1390 1465 1462 ἡμῶν
1497 1391 1708 1462 Ἰησοῦν
1741 1389 1976 1460 Χριστὸν

381 1483 482 1536 τὸν
501 1481 600 1536 τοῦ
623 1481 759 1536 Θεοῦ
787 1482 960 1552 Λόγον
983 1483 1340 1554 σαρκωθέντα
1361 1484 1455 1536 καὶ⁸
1477 1481 1635 1536 ἐνανθ
1644 1482 1798 1553 ρωπή
1808 1498 1976 1536 σαντα

383 1574 774 1642 γινώσκοντες,
808 1575 904 1629 καὶ
935 1574 1206 1646 διαίρεσιν
1237 1575 1338 1646 μέν
1376 1591 1499 1628 τινα
1549 1575 1754 1646 ἀμερδς
1773 1573 1795 1607 ⁸
1821 1573 1854 1646 ἢ
1887 1591 1977 1628 τοο

389 1666 502 1738 μὴν
528 1665 631 1720 ούιι
658 1665 995 1738 ἐπιφέρομεν
1039 1668 1104 1738 τῇ
1139 1667 1239 1737 μιᾷ
1269 1666 1436 1720 αὑτοῦ
1457 1667 1502 1699 ⁵⁸
1531 1665 1848 1732 ὑποστάσει,
1875 1665 1976 1738 τὴν

384 1757 450 1810 δὲ
491 1757 756 1828 διαφορὰν
802 1757 910 1812 τῶν
962 1748 1180 1826 φύσεων
1204 1757 1264 1826 ἐξ
1293 1751 1370 1813 ὧν
1403 1751 1538 1812 καὶ*
1570 1757 1828 1829 συνετέθη
1879 1775 1976 1831 ση-

391 1847 660 1920 μαίνομεν
707 1849 807 1904 οὐκ
854 1849 1211 1922 ἀνῃρημένην
1259 1849 1349 1904 διὰ
1393 1851 1494 1921 τὴν
1539 1850 1754 1914 ἕνωσιν,
1789 1849 1978 1922 ἐπειδὴ

388 1941 633 2012 ἑκατέρα
665 1941 829 2012 φύσις
855 1943 1004 1996 ιστὶν
1037 1943 1097 1994 ἐν
1120 1941 1288 2013 αὑτῷ.
1317 1941 1625 2006 Συνθέσεως
1657 1943 1766 2014 γὰρ
1787 1941 1979 2012 ὁμολο-

385 2031 684 2104 γουμένης,
714 2033 808 2086 καὶ
832 2033 902 2087 τὰ
935 2032 1077 2106 μέρη
1119 2035 1178 2086 ἰν
1225 2034 1302 2105 τῷ
1347 2034 1454 2104 ὅλῳ
1500 2034 1734 2105 ὑπάρχει
1778 2034 1874 2088 καὶ
1919 2029 1980 2088 τὸ

387 2121 514 2176 ὅλον
559 2123 618 2175 ὲν
659 2125 777 2186 τοῐς
825 2123 1018 2194 μέρεσι
1049 2123 1400 2192 γινώσκεται.
1441 2122 1578 2178 Οὔτε
1619 2125 1729 2196 γὰρ
1781 2125 1814 2194 ἡ
1860 2124 1980 2179 θεία

389 2213 556 2283 φύσις
596 2215 677 2278 είς
722 2215 822 2286 τὴν
869 2215 1222 2287 ἀνθρωπίνην
1271 2216 1603 2288 μετεϐλήθη,
1648 2215 1774 2272 οὔτε
1820 2217 1979 2290 δὲ”ίι

389 2305 707 2378 ἀνθρωπίνη
742 2308 905 2376 φύσις
927 2309 1016 2366 -είς
1063 2307 1164 2379 τὴν
1209 2306 1370 2362 θείαν.
1408 2309 1643 2380 ἐτράπη.
1683 2311 1982 2382 νοουμένης

387 2398 449 2453 δδ
481 2399 683 2469 μᾶλλον
711 2400 806 2454 καὶ
836 2401 1189 2471 ὑπαρχούσης
1214 2401 1483 2473 ἑκατέρας
1514 2407 1571 2456 ὲν
1605 2403 1682 2474 τῷ
1710 2405 1809 2473 τῆς
1845 2405 1981 2469 ἰδίας

390 2489 613 2560 φύσεως
663 2493 775 2562 ὅρῳ
821 2504 878 2544 τε
929 2492 1026 2545 καὶ
1071 2491 1236 2563 λόγῳ,
1268 2493 1608 2564 ’πεπρᾶχθαί
1656 2512 1838 2566 φαμεν
1881 2497 1980 2568 τὴν

389 2586 587 2640 ἕνωσιν
634 2584 756 2640 καθ’
777 2584 1096 2640 ὑπόστασιν⁶
1139 2590 1172 2658 ἡ
1195 2587 1253 2640 δὲ
1293 2587 1419 2641 καθ’
1451 2589 1756 2642 ὑπόστασιν
1788 2589 1982 2653 ἒνωσις

387 2678 547 2750 δηλοῖ
591 2677 675 2734 ὅτι
699 2680 728 2732 6
759 2679 890 2742 Θεὸς
913 2679 1108 2748 Λόγος,
1139 2681 1416 2734 τουτέστιν
1469 2682 1502 2751 ἡ
1527 2660 1625 2751 μίία
1659 2681 1978 2748 ὑπόστασις,

387 2777 461 2828 ὲκ
507 2775 616 2828 τῶν
649 2775 820 2848 τριῶν
863 2777 962 2846 τῆς
998 2775 1266 2844 Θεότητος
1315 2773 1669 2833 ὑποστάσεων
1721 2778 1784 2832 οὑ
1841 2793 1982 2850 προ-

397 2868 700 2922 ’ὑποστάντι
739 2868 1014 2942 ἀνθρώπῳ
1044 2870 1252 2941 ήνώθη,
1299 2871 1416 2925 ἀλλ’
1445 2873 1502 2924 ἐν
1549 2874 1614 2943 τῇ
1649 2872 1852 2944 γαστρὶ
1879 2873 1981 2942 τῆς

388 2959 562 3029 ἁγίας
589 2960 866 3032 Παρθένου
894 2962 1325 3034 ἐδημιούργησεν
1350 2965 1410 3016 ὲν
1433 2965 1612 3036 ἐαυτῷ
1637 2965 1697 3029 ἐξ
1725 2965 1896 3036 αὑτῆς
1923 2967 1982 3020 ὲν

389 3053 464 3122 τῇ
499 3051 604 3123 ἰδίᾳ
639 3049 934 3107 ὑποστάσει
965 3055 1142 3126 σάρκα
1172 3055 1568 3126 ὲψυχωμένην⁸
1605 3055 1750 3129 ψυχῇ
1789 3057 1980 3128 λογικῇ

2073 559 2172 615 Sin
2213 568 2396 616 autem
2441 557 2607 617 homo
2647 561 2854 626 solum,
2894 559 3168 630 quomodo
3209 573 3309 629 per
3347 559 3653 628 passionem

2072 652 2361 718 vincebat,
2389 653 2666 723 quomodo
2691 653 2871 709 salvos
2897 650 3148 712 faciebat;
3177 649 3452 720 quomodo
3481 651 3653 704 νὶγίίίι

2072 745 2268 800 caltat?
2311 743 2436 801 llaec
2486 746 2631 801 enim
2680 760 2842 816 supra
2897 743 3135 799 hominis
3178 753 3432 797 naturam
3480 751 3654 797 erant.

2072 835 2229 892 Nunc
2267 845 2449 892 autem
2492 838 2634 893 idem
2676 839 2791 909 ipse
2835 837 3062 907 patitur,
3097 845 3152 890 et
3187 836 3368 890 salvos
3406 834 3566 898 facit,
3605 845 3661 889 et

2075 944 2173 998 per
2205 929 2512 998 passionem
2545 929 2742 993 ‘vincit,
2778 929 2920 984 idem
2955 928 3070 998 ipse
3108 927 3280 990 Deus,
3313 927 3429 997 ipse
3465 927 3657 988 homo,

2074 1028 2367 1090 utrumque
2411 1027 2666 1091 tanquam
2711 1037 2900 1086 unum,
2944 1031 3236 1090 utrumque
3274 1029 3529 1089 tanquam
3571 1035 3662 1074 so~

2074 1111 2208 1166 lum.
2244 1111 2398 1168 Unde
2427 1129 2492 1168 ex
2523 1122 2753 1183 utraque
2783 1123 3011 1178 natura,
3042 1113 3094 1168 id
3128 1121 3239 1176 est,
3273 1129 3339 1168 ex
3381 1111 3581 1168 deitate
3609 1123 3664 1168 ct

2077 1201 2418 1258 humanitate
2459 1219 2626 1258 unum
2669 1202 2947 1258 Christum
2989 1202 3351 1273 compositum
3391 1202 3660 1265 dicentes,

2075 1291 2452 1348 confusionem
2483 1293 2712 1349 unitioni
2741 1309 2850 1348 non
2882 1292 3302 1348 introducimus.
3329 1293 3399 1348 Et
3426 1293 3480 1348 in
3511 1303 3664 1350 utra-

2075 1397 2181 1452 que
2210 1391 2394 1440 autem
2423 1393 2646 1451 natura,
2679 1385 2736 1440 id
2764 1393 2876 1449 est,
2909 1385 2964 1439 in
3011 1384 3294 1441 divinitate
3323 1393 3378 1440 et
3407 1385 3664 1442 humani-

2079 1481 2207 1538 tate,
2241 1491 2413 1530 unum
2443 1475 2733 1532 Dominum
2763 1486 3012 1532 nostrum
3040 1475 3228 1532 Jesum
3259 1475 3538 1532 Christum
3571 1478 3662 1533 Dei

2079 1565 2319 1623 Verbum
2360 1569 2742 1636 incarnatum,
2785 1578 2842 1624 et
2885 1569 3165 1624 hominem
3211 1569 3414 1624 factum
3457 1584 3664 1640 cogno-

2021 1739 2028 1744 .
2077 1670 2324 1725 scentes,
2353 1661 2678 1718 divisionem
2707 1661 2926 1734 quidem
2957 1677 3056 1733 per
3081 1672 3294 1732 partes,
3328 1662 3412 1717 vel
3442 1661 3667 1718 incisio-

2077 1767 2204 1810 ncm
2234 1769 2345 1810 non
2375 1753 2663 1810 inferimus
2690 1755 2784 1810 uni
2816 1754 2937 1825 ejus
2968 1755 3336 1810 subsistentia:
3357 1748 3666 1822 {differen-

2082 1847 2211 1904 tiam
2245 1855 2428 1902 autem
2461 1855 2780 1902 naturarum
2801 1889 2816 1915 ,
2849 1863 2914 1903 ex
2947 1847 3148 1918 quibus
3179 1847 3514 1918 compositus
3547 1853 3663 1910 est,

2081 1939 2480 2012 significamus,
2524 1956 2636 1996 non
2681 1940 3068 2011 interemptam
3110 1949 3333 2012 propter
3371 1940 3665 2004 unitatem,

2080 2031 2338 2102 quoniam
2363 2040 2596 2102 utraque
2616 2041 2811 2088 natura
2834 2033 2889 2086 in
2917 2033 3037 2104 ipso
3058 2042 3162 2088 est.
3185 2032 3321 2090 Cum
3347 2033 3491 2087 enim
3515 2047 3668 2086 como

2083 2124 2414 2195 positionem
2448 2124 2714 2190 dicamus,
2747 2139 2972 2180 necesse
3003 2133 3090 2181 est
3120 2123 3366 2181 conﬁteri
3401 2133 3456 2179 et
3488 2133 3670 2194 partes

2083 2216 2138 2272 in
2167 2223 2279 2272 toto
2300 2232 2442 2282 esse,
2465 2227 2520 2272 et
2544 2223 2718 2272 totum
2741 2216 2796 2272 in
2818 2216 3068 2288 partibus
3088 2215 3362 2288 cognosci.
3387 2215 3500 2271 Nec
3523 2215 3668 2270 enim

2083 2309 2269 2366 divina
2294 2319 2490 2365 natura
2517 2310 2570 2364 iu
2599 2311 2895 2366 humanam
2923 2317 3284 2365 transmutata
3307 2317 3410 2374 est,
3436 2323 3540 2384 nec
3567 2308 3672 2363 ltu-

2084 2418 2242 2456 mana
2272 2401 2555 2456 natura'in
2587 2401 2827 2456 divinam
2862 2417 3127 2456 conversa
3160 2411 3266 2456 est.
3296 2401 3460 2474 Magis
3487 2409 3670 2456 autem

2085 2493 2426 2565 intelligitur,
2459 2495 2603 2564 quod
2643 2504 2874 2563 utraque
2913 2493 2967 2548 in
3004 2493 3334 2564 proprietate
3373 2502 3428 2548 et
3460 2493 3671 2548 ratione

2083 2601 2197 2642 sum
2241 2595 2449 2641 natura:
2494 2590 2782 2650 manente,
2830 2586 2972 2641 facta
3018 2593 3103 2640 est
3145 2586 3324 2640 unitas
3371 2585 3705 2648 secundum,

2084 2679 2516 2735 subsistentiam.
2558 2678 2750 2748 Unita‘s
2791 2687 2973 2733 autem
3019 2679 3321 2734 secundum
3365 2678 3674 2734 subsisten-

2087 2771 2214 2824 tiam
2241 2769 2540 2842 signiﬁcat,
2565 2769 2708 2839 quod
2732 2768 2876 2824 Deus
2893 2767 3132 2824 Verbum
3151 2809 3166 2836 ,
3193 2768 3246 2824 id
3270 2775 3384 2834 est,
3410 2783 3517 2822 una
3541 2769 3674 2824 s’ub—

2085 2861 2334 2917 sistentia
2375 2877 2442 2916 ex
2491 2861 2666 2916 tribus
2704 2860 2923 2916 deitatis
2963 2860 3353 2926 subsistentiis,
3395 2875 3506 2915 non
3549 2869 3676 2916 ante

2083 2953 2352 3024 plasmate
2396 2954 2603 3008 homini
2651 2954 2835 3009 unitus
2878 2964 2995 3020 est,
3037 2954 3130 3009 sed
3176 2955 3230 3008 in
3277 2965 3434 3027 utero
3474 2961 3676 3010 sancta:

2085 3045 2322 3117 Virginis
2349 3047 2557 3101 creavit
2583 3045 2686 3101 sibi
2714 3061 2779 3100 ex
2809 3045 2925 3116 ipsa
2957 3045 3013 3100 in
3043 3060 3141 3100 sua
3169 3043 3521 3101 subsistentia
3549 3060 3674 3100 car-

391 3144 492 3198 καὶ
539 3146 725 3216 νοερᾷ,
763 3145 899 3216 ὅπερ
929 3146 1076 3200 ἐστὶν
1107 3146 1270 3215 φύσις
1303 3147 1642 3219 ἀνθρωπίνη.
1678 3147 1896 3220 Ταύτην
1924 3148 1982 3202 δὲ

2085 3152 2212 3193 nem
2239 3137 2534 3192 animatam
2562 3138 2740 3192 anima
2769 3137 3021 3192 rationali
3047 3143 3102 3191 et
3127 3137 3502 3200 intellectuali,
3528 3137 3675 3207 quod

345 3217 496 3310 ’τὴν
523 3235 646 3292 καθ’
676 3239 975 3294 ὑπόστασιν
1015 3241 1110 3294 τοῦ
1137 3241 1272 3294 Θεοῦ
1302 3217 1478 3310 Λόγου
1509 3217 1648 3312 προς
1671 3240 1770 3314 τὴν
1801 3217 1980 3313 σάρκα

388 3331 593 3383 ἕνωσιν
615 3329 882 3384 διδάσκων
909 3332 1055 3402 ἡμᾶς
1086 3332 1182 3385 καὶ⁸
1209 3333 1238 3386 6
1267 3329 1410 3394 θεῖος
1432 3330 1754 3394 ’Λπόστολος
1773 3329 1980 3398 λέγει’·

397 3443 418 3470 c
442 3421 537 3484 ὐς
571 3422 629 3472 ὲν
667 3424 849 3492 μορφῇ
893 3421 1027 3474 Θεοῦ
1061 3417 1323 3492 ὑπάρχων
1363 3421 1460 3491 οὑχ
1508 3421 1800 3492 ἁρπαγμὸν
1845 3419 1984 3492 ἡγή-

393 3527 534 3564 σατο
578 3511 638 3564 τὸ
687 3507 823 3565 εἶναι
860 3512 949 3566 ῐσα
984 3511 1121 3584 Θεῷ,
1156 3513 1270 3567 ἀλλ’
1310 3513 1505 3567 ἑαυτὸν
1549 3514 1804 3578 ἑκὲνωσε,
1854 3531 1986 3584 μορ-

392 3604 511 3674 φὴν
554 3604 742 3658 δούλου
778 3605 978 3659 λαϐών.
1019 3624 1036 3658 ι
1064 3606 1163 3660 Διὰ
1210 3605 1318 3678 γὰρ
1358 3605 1452 3660 τοῦ
1482 3608 1710 3678 εἰπεῖν,
1755 3608 1887 3669 (Ὃς
1929 3609 1986 3659 ὲν

397 3697 588 3766 μορφῇ
634 3695 771 3748 Θεοῦ
827 3697 1108 3768 ὑπάρχων,
1137 3715 1157 3750 ι
1197 3697 1295 3768 τὴν
1333 3697 1430 3750 τοῦ
1459 3696 1634 3765 Λόγου
1683 3685 2015 3750 ὑπόσςασιν’

393 3783 757 3857 ὑπάρχουσαν
790 3784 992 3852 ἔδειξεν
1013 3787 1072 3838 ὲν
1095 3784 1253 3856 οὐσίᾳ.
1279 3785 1436 3840 Θεοῦ·
1471 3784 1560 3839 διὰ
1580 3784 1636 3837 δὲ
1666 3783 1760 3837 τοῦ
1783 3785 1982 3848 εἰπεῖν,

398 3894 423 3928 ι
459 3873 692 3946 Μορφὴν
718 3873 994 3939 ἔλαϐενίο,
1024 3893 1042 3926 ι
1067 3875 1226 3946 οὑσίᾳ
1258 3873 1572 3946 ἀνθρώπου,
1607 3872 1703 3926 καὶ
1724 3874 1822 3944 οὑχ
1854 3874 1988 3927 ὑπο-

393 3966 594 4020 στάσει
628 3965 748 4037 ἦτοι
781 3963 1060 4037 προσώπῳ
1092 3965 1357 4036 ἐνωθῆναι
1381 3963 1471 4017 τὸν
1491 3963 1625 4016 Θεὸν
1653 3965 1823 4032 Λόγον
1856 3965 1988 4033 ἐσή-

396 4072 594 4127 μανεν.
635 4055 774 4109 Οὑτε
800 4053 909 4126 γὰρ
940 4049 1253 4119 [εἷπεν-Τὸν
1307 4053 1365 4107 ἐν
1401 4054 1582 4124 μορφῇ
1633 4050 1823 4104 δούλου
1885 4050 1988 4102 ὑπ-

389 4150 643 4218 άρχοντα
670 4145 884 4209 ἔλαϐεν,
909 4146 996 4199 ἵνα
1025 4146 1101 4217 μὴ
1125 4146 1530 4216 προύποστάντι
1553 4143 1826 4214 ἀνθρώπῳ
1855 4144 1988 4197 ἑνω-

393 4242 562 4312 οῆναι
599 4237 748 4310 δείξῃ
796 4237 886 4291 τὸν
933 4234 1104 4304 Λόγον
1139 4234 1306 4308 358
1349 4233 1532 4300 καθὼς
1571 4235 1846 4304 Θεόδωρος
1893 4235 1990 4288 καὶ

391 4331 697 4400 Νεστόριος
761 4325 1086 4389 ἀσεϐοῦντες
1112 4323 1543 4396 ὲδλασφήμησαν
1562 4359 1578 4388 ,
1607 4323 1864 4394 σχετικὴν
1891 4322 1988 4395 τὴν

393 4423 596 4476 ἕνωσιν
617 4420 886 4488 λέγοντες.
1833 4441 1836 4444 ~

481 4600 712 4670 (Ἡμεῖς
737 4598 794 4652 δὲ
823 4601 889 4670 τῇ
922 4552 1043 4668 θείᾳ
1071 4596 1259 4668 Γραφῇ
1294 4595 1387 4650 καὶ
1415 4597 1529 4658 τοῖς
1563 4594 1739 4664 ἁγίοις
1766 4594 1988 4666 [πατρά-

398 4707 494 4744 σιν
522 4691 780 4761 ἑπόμενοι
829 4685 1226 4760 ὁμολογοῦμεν,
1276 4687 1362 4740 ὅτι
1398 4687 1428 4739 6
1467 4684 1601 4749 Θεὸς
1633 4684 1806 4754 Λόγος
1857 4683 1996 4754 σὰρξ

395 4781 642 4850 ἐγένετο,
669 4782 807 4850 ὅπερ
831 4781 948 4833 ἐστὶ
971 4777 1094 4832 καθ’
1125 4776 1426 4830 ὑπόστασιν
1447 4773 1626 4846 ἐαυτῷ
1651 4775 1850 4828 ἀνῶσαι
1888 4773 1993 4843 φύ-

401 4889 496 4926 σιν
523 4871 889 4943 ἀνθρωπίνην.
918 4869 1010 4924 Διὸ
1045 4870 1140 4922 καὶ
1171 4864 1252 4932 είς
1281 4867 1519 4938 ὑπάρχει
1551 4867 1580 4919 6
1605 4865 1806 4937 Κύριος
1837 4857 2021 4936 ἡμῶν’

415 4963 627 5036 Ἰησοῦς
671 4964 758 5018 6⁸³
789 4963 1046 5035 Χριστὸς,
1072 4959 1212 5030 ἔχων
1245 4960 1304 5012 ἐν
1335 4957 1515 5029 ἑαυτῷ
1555 4957 1616 5011 τὸ
1641 4957 1846 5010 τέλειον
1895 4957 1997 5027 τῆς

401 5055 596 5128 θεϊκῆς
639 5055 855 5126 φύσεως
893 5056 987 5109 καὶ
1028 5054 1090 5107 το
1135 5051 1342 5106 τέλειον
1369 5050 1468 5122 τῆς
1496 5048 1846 5122 ἀνθρωπίνης
1889 5047 1992 5118 φύ-

402 5162 568 5212 σεως.
604 5147 716 5202 Καὶ⁸
755 5146 902 5200 εστιν
937 5143 1232 5216 μονογενὴς
1250 5144 1294 5174 ¹¹
1325 5143 1424 5214 μὲν
1467 5143 1562 5196 καὶ
1593 5141 1786 5209 Λόγος,
1809 5140 1886 5206 ὡς
1929 5143 1995 5194 ἐκ

399 5235 543 5290 Θεοῦ
592 5236 826 5307 Πατρὸς·
847 5233 1152 5304 γεννηθεὶς,
1184 5232 1278 5286 καὶ
1319 5232 1662 5304 πρωτότοκος
1691 5229 1747 5284 δὲ
1775 5233 1835 5286 ἐν
1865 5230 1994 5285 πολ-

398 5328 523 5391 λοϊς
547 5326 814 5396 ἀδελφοῖς»
837 5328 865 5380 6
888 5325 1072 5390 αὑτὸς,
1101 5325 1191 5378 ὅτε
1223 5322 1446 5393 γέγονεν
1469 5322 1757 5394 ἄνθρωπος
1773 5339 1786 5352 °
1819 5325 1847 5378 6
1873 5325 1984 5395 γάρ

2088 3238 2172 3285 est
2208 3239 2402 3284 natura
2439 3231 2698 3284 humana.
2736 3229 2884 3286 Hanc
2924 3239 3106 3284 autem
3149 3229 3450 3285 secundum
3492 3229 3673 3284 subsi-

2087 3322 2343 3378 stentiam
2372 3325 2639 3378 unitatem
2673 3324 2765 3377 Dei
2794 3322 2958 3378 Verbi
2988 3323 3054 3377 ad
3085 3338 3306 3377 carnem
3337 3323 3544 3377 docens
3573 3337 3674 3376 nos

2086 3422 2142 3470 et
2172 3415 2388 3470 divinus
2417 3415 2730 3487 Apostolus,
2767 3415 2934 3470 dicit:
2973 3414 3107 3480 tQui
3135 3431 3260 3469 cum
3293 3415 3348 3468 itt
3383 3413 3557 3468 forma
3579 3411 3675 3476 Dei

2087 3513 2254 3566 esset,
2285 3520 2394 3558 non
2428 3505 2674 3576 rapinam
2705 3506 3002 3560 arbitratus
3049 3514 3133 3560 est
3169 3505 3429 3576 aequalem
3465 3521 3524 3561 se
3556 3521 3678 3560 esse

2090 3591 2202 3652 Deo
2233 3617 2245 3648 ε
2276 3598 2369 3654 sed
2400 3599 2756 3668 semetipsum
2786 3597 3117 3660 exinanivit,
3149 3596 3376 3652 formam
3409 3597 3552 3652 servi
3581 3611 3678 3652 ac-

2089 3690 2317 3759 cipiens.
2347 3708 2364 3741 »
2415 3689 2518 3743 Per
2551 3690 2653 3744 hoc
2686 3691 2832 3744 enim
2868 3690 3013 3760 quod
3047 3689 3183 3744 dixit
3215 3707 3227 3743 :
3267 3708 3284 3740 ι
3323 3687 3427 3755 Qui
3461 3703 3585 3744 cum
3620 3688 3675 3743 in

2091 3780 2265 3835 forma
2294 3781 2384 3836 Dei
2411 3791 2576 3846 esset,
2614 3781 2816 3836 tVr-rbi
2845 3781 3252 3836 subsistentiam
3279 3779 3334 3834 in
3359 3789 3554 3836 natura
3583 3781 3676 3835 Dei

2091 3888 2212 3928 esse
2235 3873 2495 3928 ostendit.
2527 3871 2628 3928 Per
2657 3873 2758 3928 hoc
2785 3883 2966 3927 autem
2995 3873 3140 3942 quod
3165 3872 3338 3928 dixit:
3373 3892 3392 3924 ι
3425 3871 3678 3927 Formam

2091 3964 2232 4020 servi
2254 3966 2513 4035 accepit,»
2549 3975 2758 4020 naturre
2793 3965 3050 4026 hominis,
3085 3973 3140 4020 et
3173 3981 3278 4018 non
3315 3964 3680 4020 subsistentia

2091 4057 2204 4113 sive
2235 4074 2508 4128 personae,
2543 4058 2756 4112 unitum
2788 4073 2910 4113 esse
2942 4059 3111 4113 Deum
3135 4057 3372 4113 Verbqu
3405 4055 3680 4126 significa-

2090 4151 2188 4204 vit.
2223 4149 2337 4204 Nec
2373 4149 2520 4204 enim
2556 4149 2724 4213 dixit,
2763 4151 2910 4220 quod
2945 4165 3069 4206 eum
3109 4149 3200 4221 qui
3240 4149 3295 4204 in
3327 4148 3502 4204 forma
3535 4149 3677 4204 servi

2091 4250 2227 4306 erat,
2256 4241 2486 4310 accepit,
2535 4258 2604 4296 ne
2633 4251 2759 4297 ante
2787 4243 3054 4312 plasmato
3081 4240 3286 4296 homini
3317 4240 3530 4296 unitum
3558 4255 3680 4295 esse
3750 4301 3758 4307 _

2091 4332 2260 4388 Deum
2292 4331 2534 4388 Verbum
2569 4335 2913 4397 ostenderet,
2950 4336 3093 4389 sicut
3123 4333 3444 4388 Theodorus
3478 4337 3536 4386 et
3565 4331 3678 4387 Ne-

2094 4427 2296 4484 storius
2322 4427 2470 4498 impii
2503 4428 3039 4498 blasphemaverunt,
3065 4426 3408 4482 aﬂectualem
3435 4425 3680 4494 dicentes

2021 4497 2068 4551 θ
2097 4520 2382 4576 unitatem.

2167 4629 2189 4664 ι
2238 4611 2344 4668 Nos
2387 4620 2572 4667 autem
2635 4621 2929 4682 sequentes
2987 4613 3199 4669 divinas
3250 4611 3559 4682 Scripturas
3623 4618 3682 4665 et

2095 4710 2316 4758 sanctos
2383 4704 2608 4770 P’atres,
2655 4703 2985 4760 confitemur
3029 4702 3176 4774 quod
3228 4703 3373 4758 Deus
3438 4700 3678 4756 Verbum

2095 4809 2225 4849 caro
2263 4793 2443 4850 factus
2477 4801 2600 4860 est',
2635 4797 2781 4866 quod
2809 4805 2892 4851 est
2928 4795 3226 4852 secundum
3270 4793 3678 4850 subsistentiam
3742 4859 3746 4868 ι

2095 4881 2198 4938 sibi
2263 4883 2422 4938 nnire
2469 4893 2721 4939 naturam
2773 4885 3086 4940 humanam.
3115 4883 3250 4940 Ideo
3301 4893 3358 4938 et
3406 4898 3548 4938 unus
3595 4891 3681 4938 est

2097 4968 2365 5026 Dominus
2397 4980 2586 5025 noster
2615 4971 2772 5026 Jesus
2819 4971 3100 5035 Christus,
3139 4973 3348 5028 habens
3389 4972 3444 5026 in
3479 4979 3680 5027 semet-
3734 4979 3743 5009 ‘-

2096 5059 2218 5132 ipso
2271 5060 2666 5134 perfectionem
2694 5061 2895 5116 divinat
2925 5073 3134 5118 natura:
3154 5103 3170 5125 ,
3201 5069 3257 5118 et
3273 5060 3678 5145 perfectionem
3781 5073 3789 5080 '

2075 5157 2312 5212 ,naturat
2369 5150 2642 5206 humanae.
2715 5150 2786 5207 Et
2825 5149 3072 5227 [quidem
3107 5149 3186 5225 et]
3221 5161 3306 5207 est
3366 5150 3679 5223 unigenitus

2094 5239 2317 5324 quidem
2354 5238 2634 5306 Verbum,
2677 5246 2868 5310 utpote
2912 5255 2979 5295 ex
3030 5240 3142 5298 Deo
3199 5240 3360 5296 Patre
3399 5251 3596 5306 natus,
3626 5251 3684 5297 et

2093 5330 2490 5402 primogenitus
2505 5341 2686 5386 autem
2698 5331 2751 5385 in
2764 5332 2950 5387 multis
2963 5331 3222 5390 fratribus
3239 5352 3252 5388 :
3273 5334 3415 5390 idem
3430 5335 3442 5386 i
3449 5350 3543 5405 pse
3556 5349 3681 5391 cum

1671 5501 1940 5560 \VARIE
1985 5503 2400 5564 LECTIONES.

499 5621 523 5656 ⁸
557 5623 588 5676 6
627 5637 738 5677 om.
757 5621 824 5676 Ρ.
901 5622 923 5654 ³
949 5619 1141 5686 οὕτως.
1167 5622 1244 5686 ὡς
1273 5621 1330 5676 Ρ.

403 5690 543 5748 Θεοῦ
574 5691 642 5746 R.
719 5691 740 5722 ⁸
769 5692 864 5744 καὶ
888 5707 998 5747 om.
1026 5692 1086 5744 Ρ.
1161 5691 1182 5723 "

405 5765 519 5820 vol.
554 5761 600 5827 Ι,
630 5777 750 5832 pag.
793 5761 920 5817 525.

614 5855 884 5912 ΡΑΤιιοι..
937 5850 1052 5911 Gn.
1089 5851 1268 5912 XCll.

1312 5708 1422 5774 om:
1446 5693 1509 5747 Ρ.
1585 5696 1606 5725 ³
1629 5693 2018 5818 ἑμψυχομένην

1312 5763 1513 5818 'htltDD.
1545 5778 1608 5818 tl.
1645 5768 1698 5817 6.
1741 5765 1786 5796 ⁸⁸
1811 5781 1956 5818 μοοω
1986 5785 2018 5818 ,ν

1437 5622 1551 5700 ἰδὲ
1579 5639 1688 5700 om.
1879 5625 2138 5700 ’,ἀμερὲς
2157 5627 2230 5700 ΑΡ,
2263 5626 2370 5700 ἀνά
2400 5627 2562 5700 μέρος
2599 5645 2674 5684 m.
2705 5627 2766 5684 P.
2856 5628 2901 5700 ’ζ
2931 5627 3098 5684 αὑτοῦ
3131 5627 3277 5700 ΘεοῦΔ
3298 5625 3361 5700 Ρ,
3387 5623 3554 5700 αὑτοῦ
3586 5626 3682 5680 τοῦ

1364 5708 1422 5774 ῃ.
1446 5695 1509 5747 Ρ.
1585 5696 1606 5725 ⁵
1629 5695 2018 5774 ἔμψυχομένην
2043 5695 2420 5774 Ῥη-ἐχομένην
2469 5695 2843 5774 apographum
2873 5697 3210 5774 bgunclavii,
3241 5697 3388 5774 luris
3416 5695 3680 5774 Qut-can.

1023 5762 1045 5792 ’
1073 5761 1243 5828 λέγει.
1277 5763 1513 5833 Philipp.
1545 5778 1608 5828 tl,
1645 5761 1698 5817 6.
1718 5761 2026 5842 ’ίσμορφῂν
2049 5761 2455 5821 δούὶ.ου’ἐ).α6εν
2487 5761 2548 5822 Ρ.
2577 5761 2607 5771 ⁷
2628 5761 2728 5823 ¹⁶’ό
2761 5783 2872 5832 om,
2900 5767 2961 5824 P.
3039 5770 3083 5800 "
3115 5761 3384 5842 ὁμογενὴς
3416 5764 3478 5824 Ρ.

3287 5856 3362 5920 29
