4040 6422
431 346 541 412 9οθ

1596 333 2064 408 CHRONICON
2095 329 2496 404 PASCHALE.

3565 327 3704 405 "9m

431 458 782 529 σκαλίᾳ.Ἐπὶ
805 457 910 529 γὰρ
939 455 1032 512 τοῦ
1053 456 1193 514 κατὰ
1207 457 1462 530 Χριστὸν
1485 447 1786 528 μυστηρίου
1818 457 1851 526 ἡ
1881 453 2023 507 κατὰ

2131 453 2338 524 genitus
2367 451 2536 507 Fiiius
2573 451 2667 505 Dei
2701 450 2962 505 Dominus
3004 458 3191 506 noster
3219 446 3378 506 Jesiis
3415 449 3666 506 Christus
3693 493 3708 511 .

431 551 686 606 σύνθεσιν
719 549 912 614 ἓνωσις
941 550 1040 622 τὴν
1073 550 1336 620 σύγχυσιν
1367 549 1462 602 καὶ
1488 547 1752 619 διαίρεσιν
1781 546 2020 600 ἀποϐάλ-

429 643 608 708 λεται,
643 642 738 695 καὶ
773 640 1030 711 φυλάττει
1079 640 1178 711 μὲν
1203 641 1302 711 τὴν
1329 639 1598 710 ἑκατέρας
1633 638 1860 711 φύσεως
1889 637 2019 690 ίδιὸ-
2061 699 2064 702 ,

425 705 602 804 στητα,⁷
628 733 757 804 μίαν
786 705 860 786 ⁷δὲ
909 705 1206 786 ὑπόστασιν
1257 705 1376 803 ἦτοι
1421 705 1716 802 πρόσωπον
1760 705 1861 792 τοῦ
1885 727 2021 781 Θεοῦ

361 875 369 880 .
427 824 670 894 Λόγου⁹⁸
697 809 798 878 ¹καὶ.
827 823 964 894 μετὰ
992 823 1092 895 τῆς
1123 823 1324 894 σαρκὸς
1349 822 1613 876 δείκνυσιο
1649 821 1743 888 καὶ
1768 821 1917 874 ἔστιν
1944 815 2024 883 εἷς

430 918 531 971 καὶ
561 919 592 970 ὁ
611 915 658 948 ’⁸
686 915 849 980 αὐτὸς
877 916 1086 979 τέλειος
1116 917 1174 969 ὲν
1196 915 1600 987 ἂνθρωπότητι,
1625 915 1722 982 οὐχ
1751 913 1826 976 ὡς
1855 913 1913 966 ὲν
1937 911 2026 966 δυ-

431 1008 524 1058 σὶν
551 1004 913 1058 ὑποστάσεσιν
942 1004 1063 1076 ἦτοι
1095 1003 1429 1075 προσώποις,
1457 1002 1572 1056 ἀλλ’
1605 1003 1664 1056 ὲν
1707 999 1828 1072 θείᾳ
1863 998 2024 1064 φύσει

431 1097 531 1151 καὶ
575 1097 892 1170 ἀνθρωπίνῃ
941 1095 1363 1166 γνωριζόμενος,
1399 1095 1486 1148 ἵνα
1515 1087 1656 1170 εἷςῇ
1691 1094 1762 1148 τὰ
1790 1089 2026 1162 ἑκάτερα

429 1190 642 1252 τέλειος
669 1188 801 1252 Θεὸς
833 1188 927 1241 καὶ
953 1187 1157 1252 τέλειος
1191 1187 1484 1258 ἅνθρωπος
1517 1187 1545 1239 ὁ
1575 1185 1740 1248 αὐτὸς
1764 1187 1792 1238 ὁ
1823 1183 2026 1256 Κύριος

431 1281 594 1351 ἡμῶν
637 1277 844 1350 Ἰησοῦς
876 1279 1132 1344 Χριστὸς,
1156 1280 1184 1332 ὁ
1211 1273 1291 1341 εἷς
1311 1279 1408 1348 τῆς
1433 1277 1595 1345 ἁγίας
1623 1273 1871 1344 Τριάδος,
1901 1290 2026 1326 συν-

385 1421 392 1428 .
429 1371 791 1442 δοξαζόμενος
820 1370 898 1440 τῷ
929 1371 1103 1440 Ilath
1146 1370 1241 1424 καὶ
1269 1368 1347 1439 τῷ
1377 1369 1516 1440 ἁγίῳ
1555 1368 1848 1438 Πνεύματι.
1884 1364 2026 1420 Οὔτε

431 1463 550 1532 γὰρ
597 1461 862 1530 τετάρτου
911 1459 1207 1530 προσώπου
1258 1459 1584 1530 προσθήκην
1644 1457 1939 1525 ἐπεδέξατο
1991 1459 2025 1527 ἡ

434 1551 575 1619 ἁγία
629 1550 798 1619 Τριὰς
846 1551 940 1602 καὶ
989 1549 1368 1620 σαρκωθέντος
1410 1549 1506 1602 τοῦ
1553 1548 1671 1611 ἑνὸς
1719 1548 1818 1618 τῆς
1864 1547 2028 1615 ἁγίας

435 1641 668 1714 Τριάδος
696 1639 836 1695 Θεοῦ
857 1641 902 1673 ’³
930 1640 1126 1709 Λόγου.
1170 1639 1386 1712 Ταύτην
1425 1641 1524 1710 τὴν
1556 1639 1726 1708 καλὴν
1772 1655 2024 1707 παρακα-

433 1731 708 1802 ταθήκην,
735 1732 802 1802 ἢν
851 1731 1002 1800 παρὰ
1043 1731 1155 1785 τῶν
1204 1733 1376 1800 ἁγίων
1410 1730 1672 1802 Πατέρων
1699 1729 2024 1800 εἰλήφαμεν,

435 1799 802 1892 φυλάττομεν,
833 1823 893 1874 ἐν
1024 1820 1209 1891 ζῶμεν
1239 1799 1335 1876 διαὶ
1375 1799 1774 1890 πολιτευόμεθα
1807 1799 1919 1872 ﬁnal.
1963 1819 2032 1890 ἢν
2067 1799 2107 1854 Β

438 1912 782 1982 συνέκδημον
830 1911 1092 1984 λάϐοιμεν
1142 1914 1222 1976 είς
1269 1911 1490 1981 Πατέρα
1533 1911 1628 1966 καὶ
1675 1909 1910 1981 Χριστὸν
1939 1909 2032 1963 τὸν

436 2003 574 2057 Υίὺν
603 2002 698 2057 τοῦ
727 2003 862 2056 Θεοῦ
893 2003 986 2056 τοῦ
1019 2003 1222 2068 ζῶντος
1268 2003 1366 2056 καὶ
1407 2003 1562 2072 ἅγιον
1591 2001 1814 2070 Πνεῦμα
1842 2000 2032 2072 ὁμολο-

435 2095 587 2163 γίαν.
618 2093 804 2148 Ταῦτα
851 2093 1027 2158 οὕτως
1070 2094 1465 2166 ὁμολογοῦντες
1495 2093 1634 2164 πρὸς
1679 2095 1800 2154 ταῖς
1845 2091 2033 2154 ἄλλαις

434 2185 539 2239 τοῦ
568 2187 626 2240 ἐν
651 2185 828 2253 ἁγίοις
863 2185 1136 2256 Κυρίλλου
1179 2186 1306 2257 περὶ
1340 2185 1441 2250 τῆς
1487 2183 1656 2256 ὀρθῆς
1689 2182 1926 2245 πίστεως
1955 2182 2036 2249 βι-

442 2277 768 2340 δασκαλίαις
800 2277 895 2331 καὶ
922 2275 984 2330 τὸ
1009 2277 1302 2348 εἰρημένον
1341 2277 1472 2346 παρ’
1501 2275 1667 2328 αὑτοῦ
1696 2275 1826 2346 μίαν
1871 2275 2034 2344 φύσιν

437 2365 536 2418 τοῦ
567 2364 703 2419 Θεοῦ
737 2365 913 2434 Λόγου
945 2365 1378 2436 σεσαρκωμένην
1409 2365 1693 2437 δεχόμενοι
1734 2365 2033 2436 ὁμολογοῦ-

445 2475 552 2528 μεν
581 2459 662 2512 ὅτι
692 2460 883 2529 ἐπι-τῆς
914 2457 1066 2522 θείας
1099 2458 1314 2528 φύσεως
1337 2461 1432 2512 καὶ
1454 2459 1555 2528 τῆς
1583 2457 1934 2529 ἀνθρωπίνης
1955 2452 2034 2518 εἷς

443 2551 681 2621 Χριστὸς
713 2549 1073 2621 ἀπετελέσθη,
1097 2551 1191 2603 καὶ
1224 2551 1286 2604 οὐ
1318 2549 1418 2620 μία
1461 2549 1642 2616 φύσις,
1677 2548 1860 2613 καθώς
1891 2565 2034 2611 τινες

445 2641 634 2705 κακῶς
666 2641 766 2712 τὴν
791 2641 936 2709 λέξιν
971 2641 1406 2712 ἐκλαμϐάνοντες
1435 2640 1600 2713 350
1619 2641 1798 2708 λέγειν
1822 2643 2034 2710 ἐπιχει-

448 2733 886 2805 ροῦσιν.’Δμέλει
915 2750 998 2787 τοι
1028 2734 1124 2786 καὶ
1144 2732 1308 2798 αὐτὸς
1334 2733 1363 2784 ὁ
1388 2733 1580 2804 Πατὴρ
1597 2733 1666 2798 ³⁸⁵,
1689 2732 1880 2796 ὁσάκις
1905 2732 2034 2802 μίαν

445 2825 613 2892 φύσιν
637 2823 788 2880 εἶπεν
806 2824 900 2879 τοῦ
930 2825 1104 2894 Λόγου
1129 2825 1582 2896 σεσαρκωμένην,
1616 2818 1711 2878 ἐπὶ
1743 2823 1934 2878 τούτου
1956 2824 2035 2895 τῷ

373 2985 380 2990 _
443 2915 549 2984 τῆς
577 2913 792 2984 φύσεως
818 2916 1044 2986 ὀνόματι
1069 2915 1190 2970 ἀντὶ
1228 2916 1580 2979 ὑποστάσεως
1603 2915 1894 2986 ἐχρήσατο.
1923 2914 2036 2968 Καὶ

443 3007 507 3058 ὲν
539 2999 621 3067 οἷς
649 3005 830 3074 λόγοις
857 3006 1012 3059 εἶπεν
1040 3006 1244 3078 ταύτην
1277 2991 1569 3077 τῆν’λὲξιν,
1593 3007 1658 3059 ὲν
1687 3007 1799 3069 τοῖς
1835 3004 2036 3074 ἐφεξῆς

435 3097 524 3164 ,ὡς
553 3097 648 3150 ἐπὶ
677 3099 740 3150 τὸ
769 3098 1018 3153 πλεῖστον
1049 3099 1329 3168 ἐπήγαγεν
1354 3098 1484 3151 ποτε
1517 3097 1616 3170 μὲν
1643 3097 1790 3162 Υἱδν,
1827 3097 1956 3150 ποτὲ
1979 3096 2036 3150 δὲ

447 3189 624 3259 Λόγον
655 3191 688 3263 ἢ
724 3190 1024 3262 Μονογενῆ,
1059 3189 1204 3262 ἅπερ
1255 3191 1316 3243 οὐ
1371 3191 1608 3260 φύσεως,
1642 3189 1760 3243 ἀλλ’
1793 3189 2033 3243 ὑποστά-

448 3298 592 3345 σεως
637 3282 756 3354 ἦτοι
790 3281 1088 3354 προσώπου
1125 3282 1242 3336 ἐστὶ
1269 3281 1649 3352 δηλωτικά.⁹Η
1681 3279 1860 3336 τοίνυν
1903 3280 2036 3334 ὑπόο

449 3389 642 3437 στασις
673 3373 770 3428 τοῦ
811 3375 989 3442 Λόγου
1027 3373 1376 3445 σαρκωθεῖσα
1407 3376 1468 3428 οὐ
1515 3376 1646 3446 μίαν
1694 3373 1876 3444 φύσιν,
1908 3372 2038 3428 ἀλλ’

446 3470 551 3524 ἕνα
597 3469 830 3540 Χριστὸν
876 3469 1129 3534 σύνθετον
1173 3471 1524 3532 ἀπετέλεσεν,
1558 3471 1651 3525 τὸν
1695 3470 1861 3524 αὐτὸν
1903 3469 2038 3523 Θεὸν

447 3562 551 3616 καὶ
577 3561 883 3632 ἄνθρωπον.
917 3561 1051 3615 Θεὸν
1093 3561 1152 3615 δὲ
1200 3563 1294 3615 καὶ
1340 3561 1627 3634 ἄνθρωπον
1668 3561 1760 3614 τὸν
1801 3561 2038 3632 Χριστὸν

445 3653 853 3724 ὁμολογοῦντας
875 3655 1003 3724 μίαν
1027 3653 1187 3724 φύσιν
1213 3655 1330 3725 ἦτοι
1357 3653 1545 3708 οὐσίαν
1571 3656 1656 3706 ἐπ’
1685 3651 1834 3723 αὐτῷ
1857 3653 2037 3718 λέγειν

449 3745 673 3810 ἀσεϐές.
692 3746 976 3801 Ἀδύνατον
1007 3747 1114 3817 γὰρ
1141 3747 1232 3800 τὸν
1252 3745 1456 3817 Κύριον
1485 3745 1640 3817 ἡμῶν
1669 3743 1878 3816 Ἰησοῦν
1905 3742 2039 3814 Χρι-

451 3836 582 3892 στὸν
614 3836 754 3891 κατὰ
783 3838 913 3908 μίαν
942 3839 1037 3891 καὶ
1063 3838 1164 3908 τὴν
1185 3837 1355 3908 αὐτὴν
1382 3827 1544 3907 φύσιν
1575 3837 1693 3908 ἦτοι
1725 3835 1913 3889 οὐσίαν
1946 3835 2040 3889 καὶ

451 3927 564 3998 πρὸ
599 3926 812 3981 αἰώνων
841 3923 982 3981 εἶναι
1009 3928 1100 3980 καὶ
1131 3929 1188 3979 ὲν
1221 3925 1456 3998 χρόνιρῆ
1485 3926 1669 3996 ἀποιθῆ
1721 3927 1812 3978 καὶ
1861 3924 2041 3995 παθη-

448 4019 571 4082 τὸν,
589 4020 726 4089 ὅπερ
754 4021 847 4072 ἐπὶ
874 4019 975 4090 τῆς
1003 4021 1132 4090 μιᾶς
1159 4020 1324 4074 αὐτοῦ
1356 4021 1707 4082 ὑποστάσεως
1729 4020 1846 4089 ἤτοι
1874 4035 2042 4090 προσ-

2125 545 2464 614 compositus
2494 559 2558 598 ex
2592 554 2820 613 utraque
2863 553 3082 598 natura.
3119 542 3494 613 Compositum
3525 551 3708 596 autem

2124 636 2402 692 Christum
2436 635 2784 698 conﬁtemur,
2814 643 3126 690 sanctorum
3153 635 3372 702 Patrum
3404 633 3710 688 doctrinam

2126 735 2440 799 sequentes.
2505 727 2562 782 In
2617 714 2878 798 mj’sterio
2929 729 3076 782 enim
3133 725 3337 782 Christi
3389 725 3570 780 unitas
3629 738 3714 776 sco

2127 821 2363 876 cundum
2397 819 2871 890 compositionem,
2891 819 3270 874 confusionem
3299 825 3355 872 et
3388 815 3710 872 divisionem

2129 913 2353 982 reiecit,
2401 921 2458 966 et
2491 921 2674 967 εει-νει
2727 911 2948 982 quidem
2997 912 3286 980 utriusque
3329 918 3541 964 naturae
3585 921 3714 976 pro-

2127 1006 2454 1076 prietatem;
2509 1019 2673 1058 uuam
2735 1013 2916 1059 autem
2969 1001 3378 1058 subsiStentiam
3436 1015 3534 1055 seu
3586 1014 3714 1068 per-

2127 1112 2316 1153 sonam
2380 1096 2473 1152 Dei
2517 1093 2680 1151 Verbi
2735 1112 2789 1150 et
2825 1111 2949 1151 cum
3003 1107 3168 1150 carne
3205 1092 3477 1156 ostendit,
3527 1097 3595 1146 et'
3633 1097 3718 1144 est

2128 1205 2271 1245 unus
2326 1189 2578 1258 idemque
2625 1187 2899 1258 perfectus
2951 1187 3005 1240 in
3049 1185 3284 1248 deitate,
3337 1193 3394 1238 et
3439 1182 3719 1253 perfectus

2127 1284 2182 1337 in
2235 1280 2614 1348 humanitate,
2676 1294 2787 1333 non
2855 1289 3110 1348 tauquam
3161 1279 3215 1331 in
3270 1275 3485 1331 duabus
3535 1273 3718 1328 subsi-

2127 1374 2348 1430 stentiis
2373 1372 2491 1427 sive
2527 1371 2810 1441 personis,
2845 1371 2940 1424 sed
2979 1371 3034 1423 in
3070 1370 3257 1426 divina
3298 1378 3495 1424 natura
3525 1377 3580 1423 et
3613 1369 3719 1422 hu-

2129 1479 2289 1520 mana
2321 1463 2769 1536 cognoscendus,
2808 1471 2869 1516 ut
2915 1472 3058 1516 unus
3103 1462 3174 1516 sit
3215 1463 3268 1515 in
3308 1472 3540 1530 utraque
3589 1473 3720 1530 per-

2131 1557 2306 1613 fectus
2337 1555 2481 1612 Deus
2515 1565 2568 1610 et
2599 1553 2875 1624 perfectus
2906 1555 3100 1617 homo,
3138 1553 3280 1607 idem
3309 1551 3426 1622 ipse
3455 1550 3721 1604 Dominus

2130 1655 2321 1704 noster
2357 1643 2518 1702 Jesus
2569 1642 2856 1709 Christus,
2915 1659 3058 1699 unus
3103 1645 3171 1698 de
3223 1651 3410 1697 sancta
3453 1641 3722 1697 Trinitate

2132 1735 2624 1806 congloriﬁcandus
2655 1734 2800 1788 Patri
2833 1744 2888 1790 et
2921 1743 3114 1790 sancto
3148 1733 3394 1802 Spiritui.
3437 1731 3550 1787 Nec
3573 1731 3720 1786 enim

2134 1838 2344 1900 quartae
2390 1841 2640 1899 personae
2686 1829 3046 1900 adjectionem
3089 1827 3335 1896 suscepit
3373 1833 3562 1880 saneta
3595 1823 3722 1878 Tri-

2137 1922 2280 1976 nitas
2340 1929 2397 1976 et
2451 1920 2732 1975 incarnato
2771 1935 2881 1975 uno
2940 1920 3008 1974 de
3065 1929 3251 1974 sancta
3305 1917 3574 1973 Trinitate
3610 1916 3722 1972 Deo

2136 2013 2336 2068 Verbo.
2409 2013 2573 2066 Istam
2647 2013 2810 2083 igitur
2865 2011 3062 2066 bonam
3130 2009 3514 2075 traditionem,
3555 2021 3722 2078 quam

2135 2123 2164 2162 a
2195 2106 2398 2163 sanctis
2429 2104 2680 2160 Patribus
2715 2103 3056 2173 accepimus,
3099 2101 3440 2157 custodimus
3467 2139 3483 2164 ,
3527 2100 3582 2153 in
3614 2113 3724 2168 qua

2135 2198 2368 2265 Vivimus
2423 2206 2481 2252 et
2530 2209 2942 2258 conversamur,
2988 2201 3044 2248 et
3091 2205 3293 2263 quam,
3349 2192 3418 2247 ab
3465 2191 3570 2246 hac
3611 2189 3724 2245 vita

2135 2289 2577 2360 proﬁciscentes,
2620 2302 2841 2342 oramus
2887 2285 3174 2340 nobiscum
3207 2285 3450 2346 habere,
3485 2297 3610 2354 quae
3638 2289 3726 2336 est

2137 2382 2190 2434 in
2245 2380 2460 2435 Patrem
2489 2387 2544 2434 et
2593 2367 2878 2434 Christum
2935 2377 3134 2431 Filium
3187 2375 3283 2430 Dei
3315 2374 3462 2440 vivi,
3497 2382 3556 2428 et
3591 2377 3723 2428 εστιν

2135 2483 2284 2528 ctum
2314 2471 2578 2543 Spiritum
2605 2469 2901 2527 confessio.
2936 2469 3063 2525 Haec
3091 2469 3164 2524 ita
3209 2467 3534 2523 conﬁtentes
3556 2478 3726 2536 super

2137 2565 2271 2619 alias
2315 2565 2489 2619 sancti
2515 2563 2700 2634 Cyrilli
2731 2563 2800 2618 de
2836 2561 2942 2618 ﬁde
2989 2569 3135 2616 recte
3176 2560 3486 2624 doctrinas,
3531 2565 3588 2612 et
3617 2557 3724 2612 hoc

2137 2656 2282 2726 quod
2317 2656 2524 2711 dictum
2553 2662 2638 2710 est
2662 2655 2731 2710 ab
2759 2654 2909 2724 ipso,
2945 2667 3107 2708 unam
3163 2661 3414 2706 naturam
3444 2649 3539 2704 Dei
3571 2649 3722 2704 verbi

2086 2765 2092 2771 ο
2138 2750 2482 2803 iuearnatam
2504 2787 2518 2810 ,
2551 2745 2918 2818 suscipientes
2939 2789 2954 2812 ,
3001 2744 3326 2801 conﬁtemur
3356 2741 3504 2812 quod
3539 2756 3608 2796 ex
3633 2739 3725 2796 di-

2137 2841 2262 2895 vina
2297 2849 2493 2894 natura
2530 2848 2588 2894 et
2615 2839 2850 2893 humana
2879 2853 3022 2892 unus
3050 2835 3302 2892 Christus
3327 2834 3556 2890 effectus
3601 2841 3722 2893 est.

2137 2941 2192 2988 et
2239 2947 2352 2988 non
2401 2933 2456 2986 in
2509 2931 2591 3004 [in
2645 2929 2812 3002 deest]
2868 2946 2972 2985 una
3027 2937 3258 2989 natura,
3289 2935 3451 2997 prout
3501 2925 3726 2996 quidam

2145 3026 2287 3080 male
2325 3023 2692 3094 intelligentes
2718 3023 3012 3078 dictionem
3043 3029 3312 3077 conantur
3336 3019 3537 3075 dicere.
3570 3017 3748 3073 Unde.

2068 3151 2108 3208 ε
2147 3127 2200 3173 et
2237 3117 2355 3187 ipse
2390 3115 2570 3180 Pater,
2603 3117 2819 3186 quoties
2863 3129 3026 3171 uuam
3073 3125 3324 3168 naturam
3372 3110 3508 3167 dixit
3561 3109 3726 3164 Verbi

2143 3207 2526 3269 incarnatam,
2576 3205 2634 3260 in
2693 3205 2798 3260 hoc
2854 3211 3062 3258 natura)
3119 3203 3340 3258 nomine
3388 3215 3486 3271 pro
3539 3199 3726 3254 subsi-

2139 3297 2335 3353 stentia
2351 3311 2482 3351 usus
2504 3305 2607 3351 est.
2632 3295 2697 3350 Et
2715 3295 2770 3350 iu
2793 3295 2992 3365 quibus
3015 3295 3169 3350 libris
3208 3294 3344 3349 dixit
3361 3294 3502 3347 hanc
3533 3291 3728 3346 dictio-

2137 3406 2288 3456 nem,
2305 3390 2357 3444 in
2379 3389 2736 3458 sequentibus
2749 3387 2946 3458 saepius
2969 3388 3170 3452 intulit,
3195 3385 3485 3456 etquando
3501 3383 3722 3446 Filium,

2145 3492 2202 3539 et
2247 3481 2468 3552 quando
2513 3479 2775 3543 Verbum,
2813 3488 2906 3534 aut
2952 3479 3290 3550 unigenitum
3347 3476 3468 3549 [Est
3509 3475 3728 3546 quando

2139 3575 2356 3639 Filium,
2386 3573 2702 3643 estquamlo
2721 3569 2988 3638 Verbum,
3019 3571 3109 3640 qui
3152 3571 3322 3625 Deum
3341 3567 3711 3624 ethom.Chr.

2139 3665 2270 3722 conf
2272 3665 2335 3740 .],
2353 3681 2474 3735 quae
2492 3680 2601 3720 non
2617 3673 2888 3728 naturam,
2903 3664 2994 3718 sed
3007 3661 3414 3734 subsistentiam
3431 3674 3527 3714 seu
3542 3673 3726 3728 perso-

2141 3773 2266 3812 nam
2298 3757 2622 3830 signiﬁcant.
2658 3755 3020 3812 Subsistentia
3053 3753 3382 3826 igitur-Verbi
3436 3751 3716 3805 incarnata

2139 3865 2248 3903 non
2267 3864 2428 3904 unam
2452 3856 2723 3912 naturam,
2747 3847 2842 3902 sed
2869 3863 3036 3902 unum
3060 3846 3335 3903 Christum
3359 3845 3723 3916 compositum

2139 3941 2357 4005 eﬁecit,
2393 3941 2648 3996 eumdem
2707 3939 2884 4010 ipsum
2943 3938 3108 3994 Deum
3153 3948 3207 3994 ct
3263 3939 3561 3993 hominem.
3620 3936 3727 4009 Eos

2140 4041 2324 4088 autem
2344 4032 2444 4101 'qui
2469 4029 2746 4086 Christum
2779 4029 2950 4084 Deum
2980 4039 3038 4084 et
3066 4029 3342 4100 hominem
3372 4028 3724 4094 conﬁtentur,

454 4109 610 4162 ώπου
641 4110 819 4180 ὀρθῶς
851 4108 1339 4180 ὁμολογοῦμεν.Ἐξ
1367 4111 1546 4165 αὐτῶν
1571 4111 1628 4164 δὲ
1657 4110 1766 4164 τῶν
1808 4111 2038 4181 εἰρημέ-

450 4219 566 4256 νων
596 4202 689 4256 τοῦ
719 4203 884 4257 αὑτοῦ
911 4205 966 4257 ἐν
1001 4203 1176 4272 ἁγίοις
1206 4203 1476 4274 Κυρέλλου
1508 4201 1860 4273 ἀποδείξομεν
1877 4203 1922 4234 ³³
1942 4202 2034 4273 τὴν

2141 4212 2291 4282 pium
2318 4217 2426 4266 est.
2470 4207 2810 4277 lmpossibile
2843 4207 2990 4262 enim
3035 4214 3120 4262 est
3163 4204 3448 4260 Dominum
3475 4213 3724 4260 nostrum

453 4294 588 4364 περὶ
619 4294 718 4364 τῆς
748 4294 1045 4366 εἰρημένης
1075 4294 1273 4360 λέξεως
1301 4295 1648 4364 σαφεστάτην
1683 4293 1850 4348 αὐτοῦ
1895 4294 2034 4348 διδα-

2141 4301 2326 4357 Jesum
2362 4299 2640 4356 Christum
2691 4298 2994 4362 secundum
3024 4313 3188 4353 unam
3231 4298 3592 4366 eamdemque
3623 4311 3723 4349 na-

455 4385 708 4441 σκαλίαν.
727 4386 816 4439 Ἑν
835 4386 942 4456 γὰρ
965 4389 1032 4457 τῇ
1059 4387 1253 4458 πρώτῃ
1283 4387 1420 4457 πρὸς
1448 4386 1746 4440 Σούκενσον
1781 4385 2034 4458 ἐπιστολῇ

2131 4401 2320 4448 "turam
2363 4408 2466 4449 seu
2513 4379 2878 4446 substantiam
2927 4399 2983 4456 et
3048 4398 3178 4446 ante
3228 4389 3426 4444 smcula
3469 4402 3624 4452 esse,
3670 4397 3726 4441 et

452 4477 630 4532 εἰπὼν
662 4478 792 4549 μίαν
823 4479 988 4550 φύσιν
1021 4477 1116 4532 τοῦ
1135 4479 1270 4532 Θεοῦ
1302 4479 1476 4548 Λόγου
1500 4480 1928 4550 σεσαρκωμένην
1957 4481 2034 4532 εὐ-

2144 4487 2198 4541 iu
2231 4495 2508 4555 tempore,
2536 4493 2633 4539 aut
2664 4483 3056 4553 impassihilem
3094 4490 3150 4536 et
3184 4481 3491 4552 passibiiem
3520 4498 3535 4534 :
3579 4480 3724 4550 quod

454 4569 560 4634 Din;
592 4572 868 4643 ἐπήγαγεν
891 4587 906 4602 ·
937 4571 1144 4625 Οὐκοῦν
1174 4573 1298 4625 ὅσον
1333 4571 1433 4642 μὲν
1460 4567 1594 4643 ἧκεν
1613 4573 1696 4636 είς
1717 4571 1926 4627 ἔννοιαν
1949 4573 2034 4627 καὶ

2142 4578 2200 4632 in
2233 4593 2340 4632 una
2381 4575 2737 4632 subsistentia
2785 4575 2901 4630 sive
2953 4588 3186 4646 persona
3214 4574 3334 4642 ejus
3386 4582 3534 4627 recte
3587 4587 3724 4626 con-

452 4663 540 4726 εῐς
573 4679 638 4729 γε
672 4663 833 4734 μόνον
861 4663 924 4716 τὸ
945 4665 990 4696 ⁸⁸
1023 4664 1156 4735 ὁρᾷν
1187 4666 1302 4728 τοῖς
1340 4667 1440 4736 τῆς
1469 4663 1650 4735 ψυχῆς
1675 4664 1890 4735 ὄμμασι
1923 4664 2034 4718 τίνα

2145 4657 2412 4726 ἣιθωυτ.’
2442 4671 2518 4725 Ex
2564 4669 2738 4740 ipsius
2805 4679 2988 4724 autem
3033 4667 3198 4723 dictis
3248 4667 3498 4737 ejusdem
3545 4666 3722 4721 sancti

400 4833 429 4843 _
452 4755 662 4825 τρόπον
693 4754 1116 4830 ὲνηνθρώπηκεν
1133 4756 1178 4786 ’⁷
1207 4758 1236 4810 ὁ
1261 4755 1590 4826 Μονογενὴς,
1616 4756 1712 4810 δύο
1738 4757 1834 4820 τὰς
1855 4756 2034 4825 φύσεις

2146 4761 2330 4834 Cyrilli
2372 4761 2726 4818 ostendemus
2758 4761 2826 4816 de
2872 4769 3172 4816 memorata
3218 4759 3458 4814 dictione
3498 4758 3727 4812 manife-

455 4843 604 4900 εἷναί
637 4865 840 4919 φαμεν,
863 4848 958 4902 ἕνα
985 4848 1044 4902 δὲ
1078 4847 1204 4902 Υίὺν
1231 4849 1323 4902 καὶ
1349 4850 1584 4920 Χριστὸν
1609 4851 1703 4904 καὶ
1727 4849 1932 4921 Κύριον
1958 4851 2034 4903 τὸε.

2150 4853 2342 4909 festam
2381 4853 2556 4923 ipsius
2598 4852 2902 4908 doctrinam
2959 4849 3013 4905 In
3064 4851 3238 4921 prima
3269 4850 3416 4906 enim
3459 4851 3528 4904 ad
3591 4848 3728 4904 Suc-

455 4937 558 4993 τοῦ
601 4939 737 4993 Θεοῦ
759 4941 931 5008 Λόγον
958 4941 1454 5013 ἐνανθρωπήσαντα
1482 4941 1576 4994 καὶ
1603 4943 2034 5014 σεσαρκωμένονι

2149 4959 2372 5002 cessum
2401 4943 2664 5015 epistola,
2697 4959 2822 4998 cum
2856 4943 3084 4998 dixisset
3123 4959 3288 4999 unam
3352 4953 3602 5000 naturam
3631 4942 3726 4998 Dei

458 5030 627 5086 Verbi
684 5031 1055 5096 incarnatam,
1105 5032 1284 5088 statim
1337 5031 1562 5086 intulit:
1601 5033 1742 5104 Ergo
1804 5043 2068 5104 quantum
2106 5035 2328 5105 quidem
2383 5035 2452 5090 ad
2499 5033 2835 5091 intellectum
2888 5038 3160 5107 pertinet,
3214 5045 3272 5093 et
3327 5037 3396 5092 ad
3433 5037 3730 5095 videndum

459 5123 842 5212 tantummodo
911 5123 1084 5179 oculis
1153 5123 1384 5193 animae,
1440 5125 1899 5196 quemadmodum
1977 5125 2292 5182 incarnatus
2366 5134 2450 5181 est
2500 5123 2854 5197 Unigenitus,
2903 5127 3042 5183 duas
3089 5138 3318 5186 naturas
3367 5129 3555 5185 unitas
3607 5145 3730 5186 esse

2140 4138 2304 4178 unam
2331 4130 2586 4176 naturam
2629 4121 2748 4176 sive
2783 4119 3150 4176 substantiam
3179 4118 3352 4189 ipsius
3397 4118 3582 4174 dicere
3622 4118 3726 4172 im-

1752 5418 1988 5475 VARIIE
2029 5419 2327 5514 LECTION
2336 5419 2440 5478 ES.

1157 5603 1202 5636 “
1222 5603 1250 5656 ὁ
1279 5617 1388 5656 om.
1423 5599 1482 5656 P.

541 5603 788 5673 "Athon
821 5617 930 5658 om.
986 5601 1088 5673 R._
1157 5603 1250 5656 ηδ
1279 5601 1482 5673 om._P.
1587 5601 1632 5634 ’³
1661 5603 1797 5673 Θεοῦ
1821 5619 1932 5673 om.
1965 5601 2024 5657 Ρ.

863 5617 930 5685 _m.
1157 5603 1250 5685 ⁸ξὸ
1279 5603 1482 5685 om.'P.
1547 5673 1561 5685 ν
1587 5603 1632 5634 ’³
1661 5603 1797 5685 Θερῦ
1821 5619 1932 5685 2m.
1965 5603 2042 5682 P._
2121 5603 2201 5685 ’ν’
2229 5603 2433 5685 πατήρ.
2473 5603 2742 5685 Κρριλλρς
2764 5619 2852 5685 εἰ).Δ
3084 5606 3130 5637 ’⁸
3151 5605 3632 5685 ,ᾁπρρείξωμενκῐξ
3669 5605 3732 5659 't’.

547 5670 628 5746 εἰς
653 5670 716 5744 γε
753 5672 1018 5746 μονᾴ-τὸ
1050 5671 1229 5746 lbet;
1253 5687 1318 5746 γε
1337 5670 1510 5746 μόνον
1531 5673 1607 5746 ὡς
1636 5672 1696 5726 τὸ
1732 5673 1788 5728 Ρ.
1822 5670 2044 5729 Correxi
2069 5673 2138 5728 ad
2167 5670 2476 5742 exemplum
2506 5670 2692 5744 Cj'rilli
2713 5673 2800 5732 ed.
2824 5675 3077 5741 Aubert.,
3109 5676 3214 5729 vol.
3250 5677 3310 5738 V,
3342 5692 3393 5746 p.
3435 5670 3500 5730 ΙΙ.
3535 5673 3732 5746 Epist,

469 5767 531 5822 ι).
555 5740 600 5808 1,
634 5740 880 5814 ρέι8ζ157
914 5743 974 5798 E.
1049 5743 1090 5774 ¹⁷
1121 5740 1538 5813 ὲνηνθρώπησεν
1564 5742 1623 5797 Ρ.
