4040 6420
304 364 415 427 913

1503 330 1943 449 cnnoNiCON
1983 352 2388 413 PASCHALE.

3468 339 3576 406 9M

303 469 448 524 εἶναι
499 469 660 538 φύσιν
708 468 824 538 ἦτοι
879 465 1067 519 οὐσίαν
1106 463 1309 535 σαρκὸς
1361 464 1455 516 καὶ
1503 463 1757 533 θεότητος
1802 461 1896 515 τοῦ

2002 466 2138 521 situs
2165 479 2268 523 est.
2304 468 2374 522 Et
2400 461 2736 531 nonaliquis
2763 460 2845 516 sic
2884 457 3149 524 insaniat,
3183 466 3245 513 ιιι
3279 458 3574 512 arbitretur

301 561 567 634 Χριστοῦ,
610 562 706 631 τὴν
750 559 918 629 αὐτὴν
949 558 1099 612 θείαν
1133 558 1229 612 καὶ
1261 555 1473 628 χοῖκὴν,
1503 555 1757 627 παθητὴν
1798 555 1894 609 καὶ

303 651 757 722 ἁπαθῆ.Ὲπειδὴ
795 650 852 705 δὲ
894 651 988 703 καὶ
1013 647 1279 719 ἑτέρωθεν
1312 645 1746 712 κατασκευάζειν
1768 648 1895 722 ἐπι-

304 712 587 816 χειροῦσίν
618 712 764 804 τινες
790 740 853 793 τὸ
879 741 1011 811 μίαν
1040 712 1178 792 εἶναι
1210 737 1376 808 φύσιν
1393 739 1492 809 τῆς
1519 712 1781 809 θεότητος
1798 740 1895 791 καὶ

304 839 407 908 τῆς
455 834 877 907 ἀνθρωπότητος
922 831 1017 886 τοῦ
1064 829 1325 902 Χριστοῦ,
1350 829 1412 884 τὸ
1455 830 1552 884 τοῦ
1600 828 1894 902 ἀνθρώπου

305 928 669 996 παράδειγμα
697 925 1131 996 προϐαλλόμενοι
1158 925 1254 979 καὶ
1283 924 1556 993 λέγοντες,
1587 925 1670 978 ὅτι
1702 923 1894 995 ὥσπερ

304 1019 369 1086 ἐξ
395 1016 709 1089 ἑτεροφυῶν
728 1015 908 1086 ψυχῆς
937 1017 1030 1068 καὶ
1051 1009 1307 1085 σώματος
1329 1013 1605 1078 συνεστὼς
1628 1014 1659 1067 6
1681 1014 1896 1087 ἄνθρω-

305 1128 412 1175 πος
444 1111 544 1181 μία
573 1110 735 1180 φύσις
761 1111 998 1178 λέγεται,
1026 1109 1170 1164 οὕτω
1196 1110 1292 1163 καὶ
1319 1110 1385 1162 ὲκ
1411 1110 1507 1163 δύο
1536 1107 1753 1179 φύσεων
1777 1109 1897 1163 θεό-

302 1218 469 1273 τητος
493 1201 587 1255 καὶ
620 1199 1041 1272 ἀνθρωπότητος
1073 1200 1164 1254 τὸν
1191 1200 1429 1271 Χριστὸν
1469 1201 1720 1270 λέγοντες
1747 1200 1899 1270 ὀφεί-

304 1293 473 1365 λομεν
505 1292 635 1362 μίαν
670 1291 834 1361 φύσιν
862 1292 948 1346 ἐπ’
975 1291 1125 1363 αύτῷ
1151 1290 1353 1361 λέγειν,
1387 1292 1565 1346 ἐκεῖνο
1605 1291 1746 1362 πρὸς
1796 1292 1895 1346 αύ-

305 1388 436 1449 τούς
467 1386 701 1457 ἐροῦμεν
734 1385 818 1440 ὅτι
851 1388 880 1441 6
920 1386 1019 1456 μὲν
1051 1385 1358 1458 ἄνθρωπος,
1386 1384 1493 1440 κᾶν
1521 1387 1587 1440 ὲκ
1619 1385 1896 1457 διαφόρων

307 1478 660 1549 συνέστηκεν,
707 1476 992 1532 τουτέστιν
1043 1476 1226 1548 ψυχῆς
1271 1477 1368 1532 καὶ
1410 1476 1573 1549 352
1620 1477 1893 1548 σώματος,

306 1571 459 1641 ὅμως
505 1570 593 1624 διὰ
625 1566 785 1624 τοῦτο
835 1570 935 1641 μία
968 1570 1133 1640 φύσις
1182 1569 1425 1639 λέγεται,
1455 1569 1646 1642 ἐπειδὴ
1698 1570 1896 1635 κοινῶς

307 1660 454 1714 κατὰ
479 1660 669 1714 πασῶν
695 1660 806 1714 τῶν
827 1661 1206 1729 ύποστάσεων,
1232 1663 1403 1735 ἧγουν
1424 1662 1757 1733 προσώπων,
1782 1662 1894 1718 τῶν

306 1751 419 1807 ὑπὸ
450 1750 512 1806 τὸ
537 1752 672 1807 αὐτὸ
706 1748 851 1817 εἶδος
872 1754 1226 1826 ἀναγομένων
1262 1757 1673 1829 κατηγορεῖται.
1703 1757 1768 1810 Εἰ
1798 1757 1894 1811 καὶ

305 1840 439 1895 τὰ³³
476 1839 715 1912 μάλιστα
738 1843 849 1914 γὰρ
872 1843 1080 1925 ἑκάστη
1105 1845 1406 1907 ὑπόστασις
1431 1846 1550 1918 ἦτοι
1578 1846 1891 1914 πρόσωπον,

302 1926 424 1986 οἷον
452 1932 667 2004 Πέτρος
683 1936 782 1987 καὶ
809 1935 1041 2002 Παῦλος,
1070 1938 1186 2001 τοῖς
1218 1936 1504 2008 ίδιώμασιν
1529 1939 1624 1993 ἀπ’
1650 1938 1898 2011 ἀλλήλων

301 2022 740 2095 διαχωρίζονται,
788 2024 906 2079 ἀλλ’
934 2026 1085 2097 ὅμως
1125 2028 1189 2082 οὐ
1219 2030 1286 2099 τῇ
1322 2028 1482 2098 φύσει
1522 2031 1891 2102 διαιροῦνται·

304 2115 613 2188 ἀμφότεροι
634 2115 745 2188 γὰρ
766 2116 1046 2190 ἄνθρωποι
1067 2136 1081 2151 ⁸
1107 2122 1205 2175 καὶ
1230 2121 1393 2176 πάλιν
1414 2121 1538 2177 οὔτε
1560 2123 1706 2196 ψυχὴ
1729 2127 1899 2198 χωρὶς

307 2203 567 2291 σώματος
612 2204 738 2260 οὗτε
772 2205 932 2278 σῶμα
961 2208 1134 2280 χωρὶς
1158 2208 1338 2282 ψυχῆς
1370 2210 1656 2282 ἄνθρωπος
1673 2215 1741 2281 θ’,
1769 2215 1900 2270 ἀλλ’

302 2296 375 2349 ὲκ
402 2293 499 2349 τοῦ
528 2296 603 2368 μὴ
636 2296 791 2361 ὄντος
814 2300 898 2362 είς
929 2298 991 2353 τὺ
1022 2295 1185 2368 εἶναι,
1214 2302 1280 2356 ὲκ
1309 2301 1492 2374 ψυχῆς
1519 2305 1613 2358 καὶ
1644 2305 1900 2377 σώματος

303 2384 743 2459 ὲδημιουργήθη.
774 2389 890 2442 Πᾶν
909 2389 957 2421 ⁸⁸
986 2388 1046 2444 δὲ
1081 2390 1291 2463 κτίσμα
1318 2394 1368 2447 εί
1397 2395 1495 2448 καὶ
1526 2396 1594 2451 ὲκ
1621 2396 1898 2472 διαφόρων

305 2476 665 2549 συνέστηκεν,
696 2479 811 2534 ἀλλ’
838 2474 933 2536 οὖν
964 2480 1095 2552 μίαν
1123 2483 1342 2556 ἐκείνην
1370 2484 1515 2557 ἔχειν
1548 2487 1768 2559 λέγεται
1795 2492 1897 2562 φύ-

306 2584 418 2633 σιν,
468 2569 592 2623 καθ’
626 2572 693 2640 ἢν
738 2571 895 2643 παρὰ
942 2571 1036 2627 τοῦ
1088 2574 1226 2629 Θεοῦ
1275 2577 1786 2653 ὲδημιουργήθη.⁹0
1837 2584 1897 2639 δὲ

303 2658 545 2730 Χριστὸς
575 2662 674 2733 οὐχ
690 2660 904 2728 οὕτως’
928 2663 1058 2719 οὔτε
1084 2667 1192 2740 γὰρ
1229 2669 1359 2739 μίαν
1389 2670 1573 2741 φύσιν,
1602 2673 1773 2743 {now
1802 2677 1899 2730 ού-

304 2750 454 2815 σίαν,
487 2748 642 2823 δηλοῖ
664 2754 863 2821 κοινῶς
879 2756 925 2789 ⁸³
955 2759 1102 2821 κατὰ
1144 2760 1359 2816 πολλῶν
1393 2763 1749 2822 ύποοτόισεων
1777 2770 1902 2840 ἤτοι

302 2843 619 2915 προσώπων
652 2851 1160 2924 κατηγορουμένην,
1190 2852 1382 2927 ὥσπερ
1415 2857 1445 2910 6
1484 2857 1775 2928 ἄνθρωπος
1796 2877 1811 2892 σ
1847 2864 1899 2917 εί

303 2934 444 3045 Ide.
464 2935 632 3045 τοῦτο
671 2934 765 3045 ἦν,
804 2940 990 3044 πολλοὶ
1040 2943 1270 3014 Χριστοὶ
1317 2946 1729 3019 εὑρεθήσονται,
1763 2952 1899 3008 καθ’

301 3026 444 3081 iw“
473 3027 537 3082 τὸ
563 3030 748 3085 καινὸν
774 3030 876 3114 τῆς
914 3036 1048 3104 μιᾶς
1080 3037 1297 3105 φύσεως
1328 3045 1738 3112 κατηγορεῖται,
1759 3046 1899 3118 ὅπερ

1994 575 2090 615 eos
2117 567 2264 614 recte
2300 571 2492 627 sapere
2514 593 2531 620 ,
2569 552 2662 624 qui
2711 551 2893 608 dicunt
2946 564 3109 605 unam
3162 562 3284 604 esse
3321 557 3574 603 naturam

1993 651 2109 707 sive
2158 647 2522 707 substantiam
2562 645 2747 700 carnis
2772 652 2827 699 ct
2892 640 3111 698 deitatis
3153 639 3392 705 Christi,
3423 654 3574 694 eam-

1998 744 2117 796 dem
2146 748 2202 796 et
2230 740 2469 796 divinam
2500 745 2555 793 et
2586 746 2890 800 terrenam,
2927 731 3239 804 passibilem
3280 739 3337 787 et
3372 730 3577 801 impas-
3634 716 3639 721 ’

1994 832 2228 888 sibilent.
2280 828 2554 897 Quoniam
2603 835 2784 881 autem
2840 833 2897 879 et
2966 823 3074 878 alio
3134 820 3298 875 modo
3355 820 3576 890 quidam

1992 924 2284 979 ostendere
2326 929 2597 976 conantur
2662 932 2825 973 unam
2874 930 2995 971 esse
3048 920 3318 968 maturam
3361 912 3579 968 deitatis

1994 1024 2051 1071 et
2080 1012 2431 1069 humanitatis
2462 1009 2698 1075 Christi,
2743 1007 3055 1077 exemplum
3106 1002 3345 1059 hominis
3376 1016 3580 1073 propo-

1995 1116 2191 1163 nentes
2214 1146 2228 1171 ,
2256 1115 2313 1161 et
2353 1104 2632 1168 dicentes,
2664 1101 2808 1172 quod
2853 1100 2997 1155 sicut
3043 1113 3110 1154 ex
3152 1097 3383 1153 diversis
3414 1101 3578 1150 natu-

1996 1201 2074 1257 ris
2100 1239 2117 1264 ,
2159 1201 2341 1255 anima
2368 1209 2426 1252 et
2473 1210 2705 1265 corpore
2754 1193 3061 1249 consistens
3109 1190 3312 1254 homo,
3343 1203 3451 1243 una
3477 1203 3577 1241 ua-

1997 1300 2120 1348 tura
2150 1291 2374 1354 dicitur,
2402 1288 2483 1345 sic
2529 1296 2584 1342 et
2640 1301 2703 1342 ex
2753 1285 2967 1341 duabus
3014 1281 3224 1338 naturis
3274 1279 3493 1335 deitatis
3521 1287 3580 1334 et

1996 1380 2355 1459 humanitati;
2409 1377 2690 1434 Christum
2763 1374 3043 1438 dicentes,
3078 1372 3343 1428 debemus
3410 1384 3579 1424 uuam

1996 1475 2167 1545 ipsius
2203 1474 2387 1528 dicere
2412 1482 2666 1524 naturam
2699 1488 2713 1526 :
2749 1466 2880 1523 illud
2908 1466 2977 1521 ad
3013 1479 3113 1521 eos
3135 1464 3400 1522 dicemus.
3431 1459 3578 1531 quod

1998 1568 2161 1622 homo
2189 1563 2432 1635 quidem,
2485 1561 2612 1616 licet
2660 1575 2727 1616 ex
2778 1558 3009 1614 diversis
3054 1562 3296 1619 constet,
3345 1553 3398 1608 id
3455 1560 3578 1618 est,

1993 1660 2176 1716 anima
2205 1668 2262 1714 et
2298 1671 2526 1727 corpore
2546 1695 2561 1720 ,
2598 1644 2781 1710 tamen
2830 1651 2954 1706 ideo
2985 1663 3093 1703 una
3125 1656 3320 1702 natura
3353 1645 3579 1710 dicitur,

1997 1751 2256 1823 quoniam
2310 1749 2379 1805 de
2433 1747 2692 1803 omnibus
2751 1743 2835 1810 [in
2881 1738 3158 1813 omnibus]
3209 1735 3582 1794 subsistentiis
3681 1771 3691 1782 .

1997 1844 2113 1899 sive
2146 1838 2431 1911 personis,
2465 1851 2589 1907 quas
2648 1834 2750 1890 sub
2787 1833 2977 1889 eadem
3025 1827 3207 1899 specie
3239 1825 3576 1889 referuntur,

1998 1933 2364 1991 communiter
2423 1928 2771 2002 praedicatur.
2827 1924 2979 1978 Licet
3028 1921 3175 1976 enim
3236 1929 3582 1986 unaquaeque

1999 2025 2351 2083 subsistentia
2393 2023 2508 2079 sive
2540 2033 2771 2091 persona
2794 2057 2808 2079 .
2842 2017 2985 2071 sicut
3027 2013 3224 2067 Petrus
3260 2020 3316 2065 et
3346 2007 3578 2072 Paulus,

1997 2117 2433 2190 proprietatibus
2459 2129 2491 2168 a
2518 2127 2577 2167 se
2609 2108 2843 2164 invicem
2892 2110 3235 2174 separentur,
3266 2098 3362 2154 sed
3396 2105 3580 2151 tamen

1997 2189 2106 2267 non
2138 2215 2331 2264 natura
2376 2203 2729 2266 dividuntur;
2777 2196 2938 2252 ambo
2994 2193 3141 2249 enim
3194 2189 3488 2246 homines:
3525 2194 3583 2242 et

1998 2305 2195 2360 iterum
2217 2341 2231 2361 ,
2264 2312 2369 2354 nec
2402 2296 2585 2351 anima
2615 2292 2732 2347 sine
2770 2301 2998 2358 corpore
3018 2324 3034 2351 ,
3081 2297 3185 2338 nec
3220 2294 3419 2348 corpus
3462 2279 3583 2333 sine

1998 2396 2179 2452 anima
2213 2393 2377 2448 homo
2406 2397 2517 2454 est,
2546 2384 2643 2441 sed
2672 2399 2736 2440 ex
2765 2395 2834 2437 eo
2868 2378 3014 2450 quod
3055 2389 3167 2430 non
3199 2381 3350 2438 erat,
3381 2370 3449 2426 ad
3479 2371 3585 2428 hoc

1998 2488 2146 2560 quod
2187 2494 2307 2551 est,
2340 2497 2409 2537 ex
2438 2479 2620 2535 anima
2671 2484 2728 2530 et
2771 2487 3001 2543 corpore
3030 2475 3247 2524 creatus
3293 2474 3395 2521 est.
3430 2462 3583 2518 Una-

2000 2559 2230 2652 tjuaeque
2262 2585 2446 2631 autem
2493 2578 2748 2627 creatura
2795 2566 2926 2621 licet
2974 2578 3040 2618 ex
3071 2559 3302 2616 diversis
3338 2564 3581 2622 constet,

1999 2673 2095 2731 sed
2155 2678 2335 2725 tamen
2385 2678 2551 2721 unam
2609 2662 2758 2716 illam
2792 2657 2996 2713 habere
3022 2654 3224 2711 dicitur
3284 2659 3580 2713 naturam,

1999 2763 2300 2822 secundum
2330 2772 2490 2830 quam
2543 2769 2575 2810 a
2622 2754 2734 2809 Deo
2764 2749 2852 2824 [ex
2897 2746 3031 2819 Deo]
3062 2754 3243 2801 creata
3283 2752 3386 2799 est.
3419 2741 3584 2797 Chri-

2000 2866 2121 2915 stus
2146 2863 2334 2911 autem
2364 2868 2476 2908 non
2505 2851 2586 2906 sic
2614 2867 2628 2903 :
2661 2861 2766 2902 nec
2812 2842 2959 2898 enim
2989 2853 3155 2895 unam
3189 2845 3442 2891 naturam
3470 2832 3587 2888 sive

2000 2944 2363 3004 substantiam
2412 2937 2710 3010 signiﬁcat,
2766 2947 2889 3004 quas
2934 2925 3299 2984 communiter
3348 2923 3416 2978 de
3462 2922 3586 2992 pln-
3642 2960 3647 2969 .

2001 3038 2155 3094 rimis
2185 3031 2556 3091 subsistentiis
2587 3030 2704 3084 sive
2752 3024 3003 3097 personis
3055 3010 3405 3092 praedicatur,
3445 3015 3589 3071 sicut

305 3118 407 3175 και
437 3120 619 3216 λέγειν
634 3122 793 3216 ιςτιν
823 3109 1050 3192 άσεσέςο
1076 3128 1193 3184 ἀλλ’
1215 3128 1340 3184 οὔτε
1373 3109 1469 3186 ἀπθ
1490 3109 1667 3206 ἀρχῆς
1689 3139 1754 3191 ὲκ
1777 3109 1897 3193 0:6:-

2003 3131 2188 3186 homo.
2251 3126 2309 3181 Si
2352 3126 2500 3183 enim
2551 3124 2657 3179 hoc
2693 3127 2874 3185 esset,
2925 3114 3084 3172 multi
3137 3113 3325 3169 christi
3375 3109 3589 3166 inveni-

212 3260 217 3263 .
303 3226 471 3316 τητθς
499 3213 596 3316 καὶ
613 3214 1060 3316 ανθρωπότητος,
1095 3218 1287 3316 ῶσπερ
1306 3225 1335 3278 6
1365 3224 1649 3297 ἄνθρωπος
1694 3231 1759 3283 ἐκ
1788 3228 1897 3300 ψυ-

302 3305 413 3390 χῆς
433 3308 529 3359 καὶ
561 3305 835 3378 σώματος,
859 3312 888 3364 6
915 3311 1152 3383 Χριστὸς
1173 3314 1608 3390 ὲδημιουργήθη,
1632 3321 1719 3377 ἵνα
1741 3322 1901 3377 τοῦτο

300 3389 343 3471 ᾖ
370 3394 415 3428 ⁸³
443 3397 611 3467 φύσις
636 3401 897 3473 Χριστοῦ,
927 3404 1068 3458 άλλά
1095 3404 1230 3470 Θεὸς
1259 3406 1343 3462 ὢν
1358 3409 1465 3481 πρὸ
1480 3389 1706 3467 αἰώνων
1737 3414 1768 3468 6
1791 3414 1896 3470 A6-

302 3489 503 3591 γος-ἒδ,
522 3489 619 3591 καὶ
814 3493 990 3566 αὐτῆς
1017 3495 1232 3591 φύσεως
1264 3498 1383 3569 ἢτοι
1413 3502 1602 3568 οὐσίας
1635 3506 1900 3578 ὑπάρχων

301 3579 392 3683 et?
405 3579 600 3683 Πατρὶ,
622 3581 717 3683 καὶ
743 3583 1080 3683 deputo-0976c:
1107 3589 1217 3643 τῶν
1241 3592 1520 3660 ἁπάντων,
1546 3596 1635 3650 ἐπ’
1651 3598 1899 3669 ἐσχάτων

302 3672 421 3725 τῶν
465 3672 694 3745 ἡμερῶν
740 3674 1037 3747 ἀνθρώπου
1083 3679 1247 3749 φύσιν
1279 3684 1404 3738 καθ’
1436 3686 1736 3742 ὑπόστασιν
1766 3687 1901 3744 ἑνώ-

300 3765 642 3911 ἓῗὲεὲαυτῷ,
676 3768 901 3838 γέγονεν
925 3770 1234 3844 ἄνθρωπος,
1284 3776 1360 3847 μὴ
1394 3777 1596 3843 ἐκστᾶς
1635 3779 1729 3834 τοῦ
1757 3781 1898 3836 εἶναι

356 3874 464 3923 εος.

394 4157 620 4214 «Ἔστιν
638 4152 735 4213 οὗν
762 4159 792 4212 6
819 4156 1056 4229 Χριστὸς
1090 4157 1190 4229 μία
1220 4158 1542 4224 ὑπόστασις,
1575 4160 1695 4233 ἦτοι
1728 4162 1899 4233 πρόσ-

304 4269 484 4315 ωπον,
518 4251 613 4305 καὶ
636 4249 751 4321 ἔχει
772 4249 836 4303 τὸ
859 4249 1067 4303 τέλειον
1111 4251 1173 4304 ὲν
1196 4249 1373 4322 ἑαυτῷ
1401 4250 1504 4321 τῆς
1534 4269 1594 4306 τε
1625 4252 1777 4318 θείας
1803 4255 1901 4308 καὶ

306 4340 573 4396 ἀκτίστου
602 4339 819 4410 φύσεως
842 4338 939 4394 καὶ
968 4338 1032 4392 τδ
1061 4337 1269 4394 τέλειον
1301 4340 1403 4411 τῆς
1431 4340 1779 4416 ἀνθρωπίνης
1807 4346 1901 4399 καὶ

307 4431 542 4503 κτιστῆς
567 4431 803 4501 φύσεως.
836 4429 961 4495 Πῶς
1003 4424 1119 4495 οὖν,
1148 4431 1211 4484 ιν
1258 4423 1305 4499 ᾧ
1345 4430 1440 4485 δύο
1484 4432 1675 4502 φύσεις
1708 4436 1900 4508 γνωρί-

2005 3232 2198 3279 rentur
2230 3222 2285 3276 in
2312 3219 2514 3290 quibus
2544 3211 2909 3270 communitas
2936 3209 3102 3264 unius
3144 3214 3355 3261 naturae
3384 3201 3588 3274 praedi-

2005 3315 2256 3379 cabitur;
2299 3311 2444 3382 quod
2476 3319 2536 3366 et
2580 3308 2763 3365 dicere
2811 3303 3039 3374 impium
3093 3307 3196 3355 est.
3252 3295 3359 3351 Sed
3407 3303 3589 3364 neque

2004 3409 2074 3465 ab
2103 3408 2257 3464 initio
2294 3421 2360 3463 ex
2408 3404 2610 3460 deitate
2649 3408 2706 3456 et
2753 3395 3095 3457 humanitate
3139 3391 3282 3447 sicut
3323 3388 3490 3443 homo
3521 3400 3590 3441 ex

2005 3501 2186 3557 anima
2217 3510 2275 3556 et
2300 3511 2530 3568 corpore
2549 3538 2564 3562 ,
2597 3492 2849 3549 Christus
2878 3496 3095 3545 creatus
3119 3492 3231 3549 est,
3272 3490 3334 3537 ut
3368 3481 3474 3536 hoc
3518 3476 3592 3533 sit

2004 3601 2202 3649 natura
2230 3567 2434 3648 Christi
2472 3606 2487 3643 :
2525 3573 2622 3642 sed
2670 3598 2796 3639 cum
2842 3579 2987 3635 Deus
3031 3585 3179 3632 esset
3229 3580 3356 3628 ante
3394 3567 3591 3625 saecula

2006 3683 2245 3739 Verbum
2265 3722 2281 3747 ,
2315 3688 2372 3735 et
2400 3686 2546 3751 esset
2574 3674 2818 3747 ejusdem
2870 3678 3082 3725 natura:
3127 3665 3243 3721 sive
3274 3657 3594 3717 substantia

2005 3792 2133 3834 cum
2162 3773 2324 3829 Patre
2372 3768 2714 3844 [substantias
2743 3762 2934 3836 Patri],
2957 3771 3014 3817 et
3045 3767 3258 3815 creator
3307 3751 3548 3809 omnium
3573 3789 3590 3810 .

2007 3871 2065 3926 in
2096 3868 2300 3925 ultimis
2325 3842 2519 3923 diebus
2557 3858 2799 3918 hominis
2831 3865 3083 3929 naturam
3122 3846 3423 3908 secundum
3459 3842 3590 3898 sub-

2007 3962 2313 4018 sistentiam
2378 3956 2482 4013 sibi
2529 3955 2762 4018 unicus,
2793 3950 2971 4006 factus
3016 3954 3101 4002 est
3156 3944 3321 3999 homo
3365 3950 3594 3994 manens

2010 4057 2175 4115 Deus.

2089 4171 2105 4204 ι
2146 4147 2427 4220 Estigitur
2451 4141 2707 4199 Christus
2749 4152 2860 4193 una
2897 4128 3273 4194 subsistentia,
3311 4125 3428 4180 sive
3466 4139 3597 4194 per-

2008 4256 2164 4311 sona,
2199 4251 2255 4298 et
2289 4216 2466 4295 habet
2509 4236 2565 4291 in
2616 4230 2912 4301 semetipso
2962 4223 3356 4297 perfectionem
3393 4216 3596 4272 divinae

2008 4345 2064 4391 et
2111 4330 2422 4390 incrcabilis
2452 4329 2683 4390 natura,
2717 4329 2775 4378 et
2820 4318 3211 4392 perfectionem
3259 4312 3512 4366 humanae
3539 4316 3596 4362 et
3662 4315 3682 4332 ‘

2009 4427 2264 4485 creabilis
2304 4422 2534 4479 naturai.
2564 4414 2852 4486 Quomodo
2889 4411 3076 4484 igitur,
3105 4407 3161 4462 in
3199 4420 3308 4476 quo
3341 4402 3464 4457 dua:
3492 4416 3595 4454 na-

307 4523 522 4590 ζονται,
550 4522 808 4587 ἅκτιστος
837 4493 952 4575 καὶ⁷
971 4493 1188 4594 κτιστὴ,
1216 4493 1309 4577 ιτὲι
1347 4493 1538 4578 τούτου
1574 4493 1899 4595 μίαν’φύσιν

2010 4532 2145 4578 turae
2186 4523 2623 4590 cognoscuntur,
2667 4505 2977 4564 increabilis
3016 4511 3075 4558 et
3104 4496 3394 4559 creabilis,
3446 4493 3499 4547 in
3530 4508 3597 4547 eo

306 4612 434 4683 ἢτοι
466 4609 658 4665 οὐσίαν
681 4609 939 4680 λέγεσθαι
966 4610 1223 4678 δυνατόν;
1254 4612 1317 4664 El
1345 4613 1455 4683 γὰρ
1480 4613 1580 4684 μία
1607 4616 1904 4681 ὑπόστασις

307 4701 436 4771 ἦτοι
463 4699 759 4772 πρόσωπον
785 4701 815 4754 6
843 4698 1102 4773 Χριστὸς,
1129 4699 1308 4754 sum
1333 4701 1620 4772 ὁμοούσιος
1664 4704 1744 4777 τῷ
1784 4698 1904 4776 Θεῷ

308 4793 413 4847 καὶ
442 4790 639 4864 Πατρὶ,
667 4790 764 4846 καὶ
786 4791 1072 4863 όμοούσιος
1101 4793 1233 4864 ἡμῖν
1260 4793 1290 4846 6
1314 4794 1498 4861 αὐτὸς,
1530 4796 1591 4850 ού
1624 4796 1735 4866 μὴν
1765 4797 1906 4853 κατὰ

315 4881 455 4954 μίαν
504 4882 600 4937 καὶ
643 4882 746 4955 τὴν
795 4881 967 4953 αὐτὴν
1018 4881 1183 4953 φύσιν
1221 4883 1343 4955 ἦτοι
1379 4885 1591 4941 οὐσίαν.
1623 4887 1687 4941 Εί
1713 4887 1771 4942 δὲ
1806 4889 1906 4959 μία

314 4973 485 5043 φύσις
509 4972 627 5044 ἦτοι
662 4970 821 5059 οὐσία
861 4966 937 5053 ἦν
958 4973 988 5026 6
1015 4971 1273 5044 Χριστδς,
1302 4972 1337 5044 ἦ
1370 4974 1613 5046 ἄσαρκος
1645 4977 1723 5031 ὢν
1763 4979 1910 5051 μόνῳ

310 5062 399 5133 τῷ
439 5060 562 5137 Θεῷ
602 5063 698 5118 καὶ
741 5062 920 5134 Πατρί
947 5063 1099 5117 ἐστιν
1122 5064 1428 5135 όμοούσιος,
1453 5066 1642 5140 ἐπειδὴ
1683 5068 1782 5139 μία
1811 5070 1912 5141 τῆς

312 5152 588 5225 Θεότητος
628 5153 787 5225 οὐσία
818 5151 940 5225 ἦτοι
987 5153 1172 5224 φύσις,
1208 5152 1299 5226 ἥδ’
1333 5150 1486 5222 ψιλὸς
1523 5156 1599 5211 ὢν
1624 5159 1912 5233 ἄνθρωπος

317 5245 510 5317 μόνοις
535 5246 671 5318 ἡμῖν
713 5245 864 5300 ἔστιν
908 5245 1216 5317 όμοούσιος,
1250 5246 1439 5319 ἐπειδὴ
1473 5248 1572 5319 μία
1616 5251 1778 5319 φύσις
1809 5254 1912 5324 τῆς

313 5335 769 5410 ἁνθρωπάτητος,
791 5337 826 5411 ἢ
848 5338 1120 5411 τραπεῖσα
1145 5338 1383 5411 ἑκατέρα
1412 5340 1576 5408 φύσις
1604 5343 1906 5418 ἑτεροφυής

2009 4631 2173 4671 unam
2213 4584 2465 4666 naturam
2505 4607 2619 4661 sive
2649 4596 3008 4658 substantiam
3037 4592 3144 4650 dici
3183 4587 3441 4661 possibile
3476 4584 3597 4639 est?

2011 4707 2164 4761 Licet
2203 4702 2352 4759 enim
2401 4713 2509 4754 una
2543 4691 2895 4753 subsistentia
2924 4686 3043 4743 sive
3071 4693 3305 4754 persona
3341 4676 3596 4732 Christus

2009 4798 2103 4864 sit,
2141 4795 2237 4850 sed
2270 4783 2752 4849 consubstantialis
2797 4782 2907 4836 Deo
2950 4775 3093 4833 Patri
3132 4771 3271 4846 [Deo
3312 4778 3368 4824 et
3399 4764 3593 4839 Patri],

2009 4894 2067 4943 et
2092 4879 2577 4942 consubstantialis
2612 4874 2770 4932 nobis
2809 4872 2954 4927 idem
2987 4868 3106 4937 ipse
3139 4871 3245 4929 est,
3271 4875 3382 4915 non
3415 4869 3595 4913 tamen

2008 4977 2311 5036 secundum
2345 4988 2506 5029 unam
2537 4969 2899 5036 eamdemque
2924 4968 3198 5022 naturam,
3219 4969 3316 5010 seu
3338 4952 3598 5007 substan-

2012 5070 2164 5125 tiam.
2210 5066 2308 5121 Sin
2356 5071 2540 5119 autem
2583 5072 2691 5114 una
2731 5064 2928 5112 natura
2971 5050 3088 5106 sive
3119 5042 3425 5102 substantia
3451 5047 3599 5095 esset

2007 5161 2280 5224 Christus,
2308 5164 2401 5214 aut
2431 5154 2549 5209 sine
2589 5163 2755 5206 carne
2785 5153 2889 5210 est,
2916 5151 2972 5199 et
3007 5140 3109 5198 soli
3140 5136 3251 5193 Deo
3286 5132 3429 5190 Patri
3462 5148 3598 5188 cou-

2010 5249 2387 5309 substantialis
2433 5238 2939 5320 [consubstantialis
2983 5230 3121 5306 est],
3177 5227 3449 5320 quoniam
3489 5237 3599 5278 una

2017 5345 2239 5405 deitatis
2272 5315 2577 5399 substantia
2598 5335 2714 5392 sive
2749 5340 2947 5388 natura
2970 5333 3055 5384 est
3077 5342 3090 5380 :
3122 5328 3223 5389 aut
3244 5332 3413 5395 purus
3433 5315 3599 5372 homo

1623 5569 1858 5629 VARUS
1888 5562 2296 5631 LECTIONES.

379 5719 428 5791 οι
451 5723 551 5791 ’τά-
579 5736 691 5777 om,
725 5720 797 5791 P._
892 5722 937 5754 ³⁹
970 5719 1386 5791 ἀνθρωπότητος
1412 5721 1477 5775 ν.

1603 5722 1651 5757 ‘°
1678 5724 2306 5798 πᾷν,-τὲδημεουργή⁶ἶη
2331 5719 2535 5798 om-P-
2611 5674 2879 5782 έ¹κοενῶς
2901 5715 3009 5788 γάρ
3055 5714 3115 5770 Ρ·
3220 5710 3265 5743 ⁸’
3318 5705 3495 5765 καθὼν
3527 5704 3593 5773 ν»

323 5787 517 5853 καθὼς
533 5788 595 5896 ρ,
696 5790 741 5823 ιι
770 5787 825 5864 ᾖ.
859 5791 891 5860 ἡ
927 5791 967 5845 ι)
1059 5787 1106 5825 ει
1132 5792 1161 5845 6
1186 5787 1319 5847 Θεοῦ
1352 5792 1525 5863 Λόγος
1549 5789 1613 5847 P.
1685 5794 1733 5828 η
1756 5795 1873 5853 ἀλλ’
1899 5787 2011 5852 om':
2043 5787 2140 5851 ιι·
2173 5787 2414 5865 “ﬂeui.
2451 5789 2538 5846 P.‘
