4040 6428
549 346 654 410 915

1747 356 2184 419 CIIRONICON
2221 361 2626 430 PASCHALE.

3676 386 3758 456 916
3825 408 3828 412 ί

555 480 614 520 ολ
625 464 842 526 sistens,
875 461 1034 519 nobis
1053 472 1138 520 est
1162 465 1336 545 solum
1361 467 1854 536 consubstantialis,
1881 469 2122 539 quonian‘

2243 475 2410 540 ἐστιν,
2447 477 2741 532 ἀπετέλεσε
2758 477 2801 509 ’⁸⁷
2841 477 2993 550 παρὰ
3024 479 3122 543 τὰς
3153 481 3522 552 συνελθούσας,
3551 490 3638 543 καὶ
3657 498 3761 547 κατ’

553 573 660 611 una
686 565 879 611 natura
909 555 1266 614 humanitatis
1300 567 1384 614 est
1410 577 1422 612 :
1452 567 1544 612 aut
1581 559 1862 616 immutata
1900 568 2134 632 utraque

549 657 743 704 natura
763 649 985 704 alteram
1015 646 1198 704 effecit
1221 658 1490 712 naturam,
1516 657 1714 718 praeter
1743 663 1837 705 eas
1856 665 1974 720 quae
1996 665 2132 706 con-

489 723 502 787 ξ
549 749 852 804 venerunt,
885 749 940 794 et
979 739 1278 795 secundum
1329 741 1451 795 illos
1491 755 1666 811 neque
1720 741 1864 797 Deus
1905 744 2128 809 mansit,

471 822 504 895 νζ
549 849 727 903 neque
791 834 952 888 homo
997 831 1172 888 factus
1209 841 1293 888 est
1347 832 1632 899 Christus;
1685 842 1742 890 et
1781 834 1903 889 ideo
1951 849 2130 906 neque

481 912 489 952 δ
547 923 716 990 Patri,
759 939 936 995 neque
970 920 1129 980 nob'is
1171 924 1315 978 idem
1365 923 1482 994 ipse
1523 925 2002 981 eonsubstantialis
2026 937 2128 982 est.

549 1016 641 1070 Sic
683 1027 864 1070 autem
911 1030 1104 1086 sapere
1142 1016 1290 1070 omni
1347 1015 1569 1085 plenum
1615 1023 1702 1072 est
1727 1016 2023 1086 impietate.
2063 1016 2130 1070 Et

548 1107 650 1162 ista
683 1109 936 1170 dicimus,
981 1122 1092 1162 non
1123 1106 1437 1178 ignorantes
1483 1107 1629 1178 quod
1663 1116 1720 1162 et
1746 1107 1968 1178 quidam
1998 1123 2130 1162 san-

544 1211 756 1256 CtDrum
780 1198 998 1252 Patrum
1028 1197 1264 1253 hominis
1287 1198 1535 1268 exemplo
1559 1198 1612 1252 in
1645 1199 1902 1270 mysterio
1922 1199 2127 1256 Christi

545 1292 626 1346 usi
655 1299 814 1346 sunt:
841 1289 934 1345 sed
967 1289 1044 1344 illi
1074 1289 1295 1359 quidem
1324 1299 1384 1346 ut
1420 1291 1794 1359 ostenderent,
1818 1291 1963 1362 quod
1989 1292 2128 1348 sicut

543 1385 706 1439 homo
748 1399 812 1438 ex
857 1382 1038 1437 anima
1089 1391 1142 1439 et
1195 1397 1426 1454 corpore
1465 1397 1607 1438 unus
1647 1382 1896 1449 efficitur,
1935 1393 2127 1439 etnon

539 1475 648 1530 duo
677 1475 948 1540 homines,
981 1475 1061 1531 sic
1089 1483 1144 1530 et
1171 1473 1426 1530 Christus
1454 1490 1521 1530 ex
1559 1474 1761 1531 deitate
1789 1485 1841 1531 et
1871 1475 2126 1530 humani-

541 1576 650 1621 tate
700 1565 1052 1636 compositus,
1114 1581 1256 1621 unus
1287 1576 1390 1633 est,
1437 1582 1548 1624 non
1598 1566 1652 1621 in
1685 1567 1822 1623 duos
1867 1567 2121 1633 christos,

539 1657 622 1712 vel
653 1657 708 1710 in
743 1657 882 1711 duos
933 1655 1074 1711 ﬁlios
1115 1655 1456 1712 dividendus.
1510 1657 1602 1712 Isti
1649 1665 1830 1712 autem
1890 1657 2126 1713 hominis

537 1747 788 1817 exemplo
834 1754 1087 1811 utuntur,
1127 1753 1188 1800 ut
1220 1761 1385 1800 unam
1431 1757 1679 1802 natumut
1723 1747 1836 1803 sive
1866 1750 2122 1804 substan-

538 1839 666 1891 tiam
719 1836 940 1893 deitatis
1001 1845 1058 1892 et
1103 1837 1461 1893 humanitatis
1517 1837 1718 1894 Christi
1775 1839 2124 1897 introducant

538 1926 996 2000 [introducerent]
1026 1945 1040 1982 :
1072 1929 1214 1998 quod
1235 1927 1728 1985 demonstravimus
1744 1931 1981 1986 alienum
2002 1947 2124 1988 esse

536 2022 770 2098 pietatis.
804 2021 908 2076 Sed
935 2037 1060 2076 eum
1093 2037 1189 2093 per
1219 2022 1334 2076 haec
1363 2023 1781 2090 convincuntur,
1804 2025 1949 2093 quod
1980 2021 2122 2096 prae-

539 2123 620 2170 ter
650 2121 853 2168 rectam
876 2111 1096 2166 Patrum
1124 2112 1428 2167 doctrinam
1463 2112 1564 2168 sibi
1599 2113 1918 2185 conﬁngunt
1956 2132 2122 2190 uuam

536 2201 820 2272 naturam,'
862 2220 958 2260 seu
1005 2203 1364 2260 substantiam
1437 2205 1660 2260 deitatis
1705 2214 1762 2261 et
1799 2207 2002 2272 carnis,
2052 2209 2124 2265 ad

535 2302 638 2357 alia
665 2306 972 2362 transeunt,
1009 2298 1256 2354 dit-entes
1284 2313 1395 2353 non
1425 2307 1681 2369 oportere
1701 2315 1985 2356 numerum
2021 2317 2122 2356 na-

542 2406 783 2449 turarum
808 2392 864 2446 in
883 2389 1103 2446 Christo
1121 2389 1324 2456 dicere,
1344 2398 1531 2460 utpote
1549 2407 1782 2448 numero
1795 2393 2121 2450 divisionem

542 2473 944 2541 introduccnte.
989 2483 1178 2548 Sciant
1210 2482 1370 2554 igitur
1406 2485 1553 2554 quod
1589 2500 1870 2550 numerus,
1903 2489 2122 2558 quando

540 2581 596 2634 in
642 2577 872 2634 diversis
918 2561 1187 2647 personis,
1229 2575 1344 2632 sive
1389 2577 1759 2634 subsistentiis
1799 2579 2002 2635 dicitur
2032 2596 2120 2637 re-

537 2685 654 2726 rum
683 2656 935 2740 ipsarum
959 2683 1057 2738 per
1082 2676 1266 2738 partes
1293 2667 1458 2723 habet
1487 2667 1812 2725 divisionem
1836 2688 1850 2737 ;
1885 2671 2028 2728 sicut
2063 2671 2118 2727 in

533 2763 746 2818 duobus
794 2760 926 2834 {duo
965 2760 1040 2814 sic
1081 2776 1283 2830 semper
1327 2759 1648 2834 ἑλληνικῶς]
1682 2763 1767 2817 vel
1801 2764 1966 2818 etiam
1997 2767 2118 2835 plu-

533 2855 686 2910 ribus
738 2853 1085 2908 hominibus:
1123 2852 1342 2922 quando
1393 2863 1574 2908 autem
1627 2854 1682 2908 in
1728 2855 1890 2911 rebus
1930 2848 2116 2922 unitis,

535 2958 666 3005 tunc
693 2947 875 3028 verbo.
915 2945 1032 3000 solo
1059 2953 1117 3001 et
1168 2945 1474 3010 intellectu,
1517 2962 1628 3002 non
1664 2955 1845 3003 tamen
1877 2948 2117 3029 ipsarum

533 3055 716 3094 rerum
768 3024 932 3093 habet
976 3037 1321 3105 divisionem,
1371 3039 1514 3094 sicut
1540 3039 1595 3093 in
1626 3055 1732 3094 una
1764 3024 2118 3097 subsistentia

2232 565 2437 629 αὐτοὺς.
2472 566 2594 620 οὑτε
2623 567 2756 634 Θεὸς
2786 567 3000 638 ἔμεινεν
3037 568 3160 624 οὗτε
3207 570 3488 642 ἄνθρωπος
3525 578 3760 644 γέγονενό

2232 655 2488 724 Χριστὸς,
2523 658 2620 711 καὶ
2666 657 2753 712 διά
2802 658 2962 714 τοῦτο
3011 658 3137 714 οὔτε
3173 661 3248 731 τῷ
3279 663 3454 735 Πατρὶ
3497 665 3612 722 οὔτε
3658 671 3761 742 ἡμῖν

2232 745 2380 800 ἐστιν
2407 749 2436 800 ό
2466 749 2632 812 αὑτὸς
2659 749 2968 820 ἑμοούσιος.
3009 749 3082 804 Τὸ
3109 751 3167 804 δὲ
3198 752 3340 806 οὑτω
3383 759 3592 824 φρονεῖν
3615 759 3761 831 πάσης

2232 838 2589 910 πεπλήρωται
2658 841 2936 906 ἀσεϐείας.
2990 843 3100 897 Καὶ
3170 844 3343 900 ταῦτα
3414 846 3630 920 λέγομεν
3682 854 3762 906 οὐκ

2231 929 2552 998 ἀγνοοῦντες
2584 933 2668 986 ὅτι
2713 933 2804 986 καί
2847 924 2991 998 τινες
3017 933 3125 988 τῶν
3159 935 3331 1002 ἁγίων
3359 936 3514 1008 353
3546 942 3762 1014 Πατέρων

2230 1020 2308 1092 τῷ
2341 1023 2432 1076 τοῦ
2457 1023 2749 1094 ἀνθρώπου
2781 1025 3140 1096 ὑποδείγματι
3169 1027 3262 1080 ἐπὶ
3288 1026 3381 1080 τοῦ
3408 1029 3542 1083 κατὰ
3569 1031 3763 1101 Χριστὸν

2233 1113 2536 1185 μυστηρίου
2569 1116 2894 1187 ἐχρήσαντο,
2939 1116 3056 1170 ἀλλ’
3079 1120 3276 1170 ἐκεῖνοι
3311 1119 3410 1188 μὲν
3449 1120 3530 1174 ἵνα
3559 1121 3762 1188 δείξωσιν

2229 1205 2310 1259 ὃτι
2337 1206 2590 1280 καθάπερ
2621 1211 2650 1262 ό
2672 1207 2958 1281 ἄνθρωπος
2991 1211 3056 1263 ἐκ
3086 1209 3265 1280 ψυχῆς
3310 1211 3406 1263 καὶ
3453 1211 3682 1282 σώματος
3701 1209 3764 1278 εἷς

2229 1299 2576 1354 ἀποτελεῖται
2628 1301 2725 1354 καὶ
2771 1301 2893 1372 οὐχὶ
2942 1301 3036 1356 δύο
3085 1301 3386 1376 ἄνθρωποι,
3415 1302 3551 1356 οὕτω
3585 1303 3764 1359 κανίό

2228 1391 2463 1463 Χριστὸς
2488 1393 2553 1446 ὲκ
2584 1393 2837 1462 θεότητος
2867 1394 2962 1448 καὶ
2985 1395 3084 1449 ἀνθ
3090 1395 3408 1466 ρωπότητος
3431 1395 3684 1460 συντεθεὶς
3701 1393 3763 1465 εἷς

2227 1484 2398 1549 ἐστιν,
2435 1483 2532 1536 καὶ
2559 1484 2660 1539 οὑκ
2685 1487 2766 1550 είς
2792 1484 2887 1539 δύο
2906 1485 2952 1521 δ’
2980 1485 3251 1557 Χριστοὺς
3282 1485 3317 1558 ἦ
3346 1485 3440 1540 δύο
3473 1487 3612 1551 υίοὺς
3639 1489 3764 1560 μερίς

2226 1570 2590 1640 ζεται.-Οὑτοι
2619 1577 2675 1630 δὲ
2705 1577 2784 1648 τῷ
2816 1577 2910 1631 τοῦ
2928 1579 2974 1610 ⁹⁰
3000 1577 3289 1648 ανθρώπου
3319 1579 3658 1649 ὑποδείγματι
3691 1580 3764 1633 κέ-

2224 1653 2474 1740 χρηνται,
2503 1669 2592 1723 ἵνα
2640 1667 2770 1738 μίαν
2819 1668 2981 1738 φύσιν
3028 1671 3146 1740 ἦτοι
3185 1670 3377 1724 οὑσίαν
3417 1671 3654 1742 θεότητος
3689 1672 3762 1726 καὶ

2225 1761 2646 1833 ἀνθρωπότητος
2695 1760 2788 1814 τοῦ
2835 1759 3079 1832 Χριστοῦ
3115 1763 3501 1832 εἰσαγάγωσιν,
3527 1763 3651 1832 ὅπερ
3677 1765 3760 1816 ἁπ-

2225 1852 2510 1922 εδείξαμεν
2556 1853 2840 1926 ἀλλότριον
2881 1847 3024 1906 εῖναι
3067 1853 3166 1922 τῆς
3211 1853 3673 1920 εὑσεδείας.Ἀλλὰ
3693 1854 3761 1908 διὰ

2221 1945 2378 1998 τοῦτο
2393 1946 2436 1978 ⁵³
2468 1945 2816 2016 ἐλεγχόμενοι
2833 1947 2910 2010 ὡς
2933 1947 3084 2017 παρὰ
3109 1946 3209 2018 τὴν
3228 1945 3396 2018 ὀρθὴν
3417 1946 3525 2000 τῶν
3545 1946 3761 2016 Πατέρων

2221 2037 2570 2091 διδασκαλίαν
2613 2037 3052 2092 ἀναπλάττουσιν
3108 2038 3169 2091 ὲν
3217 2039 3434 2102 ἑαυτοῖς
3469 2038 3592 2109 μίαν
3631 2037 3762 2106 φύσιν

2222 2129 2340 2200 ἦτοι
2368 2128 2558 2182 οὐσίαν
2588 2127 2844 2199 θεότητος
2869 2130 2966 2184 καὶ
2998 2129 3220 2201 σαρκὸς,
3244 2129 3336 2200 ἐφ’
3355 2129 3517 2196 ἕτερα
3545 2127 3762 2198 μεταδαίο

2222 2237 2394 2282 νουσι,
2425 2220 2674 2288 λέγοντες
2705 2219 2780 2291 μὴ
2805 2220 2918 2274 δεῖν
2945 2220 3180 2292 ἀριθμὸν
3203 2221 3422 2289 φύσεων
3444 2219 3537 2272 ἐπὶ
3561 2215 3760 2290 Χριστοῦ

2221 2311 2422 2382 λέγειν,
2453 2310 2531 2376 ὡς
2555 2310 2650 2364 τοῦ
2680 2310 2926 2383 ἀριθμοῦ
2953 2311 3220 2383 διαίρεσιν
3271 2310 3759 2380 είσάγοντος.Ἵστω-

2224 2421 2323 2458 σαν
2372 2404 2550 2457 τοίνυν
2601 2404 2683 2456 ὅτι
2727 2405 2758 2456 ό
2789 2401 3042 2473 ἀριθμὸς,
3076 2403 3208 2456 ὅταν
3263 2401 3362 2474 μὲν
3400 2401 3491 2454 ἐπὶ
3529 2399 3759 2470 διαφόρων

2229 2493 2537 2567 προσώπων
2585 2493 2617 2564 ἢ
2659 2494 3012 2548 ὑποστάσεων
3043 2492 3288 2562 λέγεται,
3326 2492 3436 2546 τῶν
3464 2491 3760 2562 πραγμάτων

2227 2586 2406 2640 αὐτῶν
2433 2585 2533 2656 τὴν
2564 2585 2666 2640 ἀνὰ
2701 2585 2868 2656 μέρος
2894 2583 3009 2655 ἔχει
3039 2584 3326 2654 διαίρεσιν,
3361 2579 3471 2638 οἷον
3497 2583 3568 2645 ὡς
3591 2579 3670 2634 ἐπὶ
3687 2577 3760 2631 δύο

2222 2679 2255 2750 ἢ
2289 2677 2554 2731 πλειόνων
2587 2675 2896 2746 ἀνθρώπων
2919 2695 2933 2709 ·
2967 2677 3096 2729 ὅταν
3123 2676 3182 2730 δὲ
3213 2676 3309 2730 ἐπὶ
3337 2675 3618 2747 ήνωμένων
3643 2687 3758 2741 πρα-

2221 2771 2447 2838 γμάτων
2464 2769 2532 2835 δ’,
2560 2767 2863 2838 τηνικαῦτα
2893 2767 3040 2840 μόνῳ
3067 2767 3214 2838 λόγῳ
3241 2768 3336 2820 καὶ
3367 2763 3650 2836 θεωρίᾳ,οὒ
3675 2759 3758 2830 μὴν

2221 2861 2401 2916 αὐτῶν
2446 2859 2555 2914 τῶν
2597 2860 2940 2934 πραγμάτων
2970 2858 3084 2930 ἔχει
3114 2859 3215 2928 τὴν
3245 2858 3530 2928 διαίρεσιν,
3561 2848 3660 2908 οἷον
3686 2851 3758 2904 ἐπὶ

2223 2955 2354 3026 μιᾶς
2383 2952 2736 3015 ὑποστάσεως
2779 2949 3069 3020 ἀνθρώπου
3105 2951 3172 3004 ὲκ
3209 2949 3395 3020 ψυχῆς
3423 2949 3516 3002 καὶ
3549 2943 3758 3016 σώματος

2223 3044 2591 3116 συνεστώσης.
2628 3044 2734 3098 Δύο
2777 3045 2887 3114 γὰρ
2919 3041 3016 3096 καὶ
3045 3040 3284 3096 ἐνταῦθα
3313 3041 3502 3110 φύσεις
3537 3033 3759 3107 θεωροῦν-

533 3131 770 3188 hominis
805 3136 862 3185 et
908 3129 1089 3184 anima
1119 3139 1175 3184 et
1204 3143 1432 3200 corpore
1458 3129 1772 3185 constituta.
1815 3131 1946 3187 Duae
1973 3132 2118 3187 enim

2223 3154 2334 3202 ται,
2371 3136 2532 3207 ἑτέρα
2569 3135 2666 3201 μὲν
2696 3133 2795 3204 τῆς
2834 3131 3017 3204 ψυχῆς
3049 3135 3146 3186 καὶ
3177 3131 3344 3204 ἑτέρα
3387 3129 3479 3184 τοῦ
3527 3127 3754 3197 σώματος·

531 3233 588 3279 et
620 3221 708 3276 hic
768 3229 975 3278 natura:
1005 3219 1400 3292 intelliguntur,
1431 3221 1598 3276 altera
1619 3221 1834 3287 animm,
1865 3230 1920 3277 et
1938 3223 2117 3283 altera

529 3313 814 3386 corporis:
847 3323 900 3369 et
929 3321 1108 3368 tamen
1166 3328 1274 3367 non
1307 3319 1530 3382 propter
1560 3312 1662 3368 hoc
1705 3313 1757 3367 in
1796 3314 1932 3369 duos
1962 3313 2114 3386 [duo,

427 3480 429 3483 ι
529 3411 606 3473 sic
681 3407 833 3478 alibi)
911 3406 1163 3463 homines
1227 3404 1524 3472 dividitur,
1597 3406 1694 3461 sed
1769 3421 1936 3460 unum
2006 3407 2118 3462 soi-

537 3515 659 3564 mus
704 3498 982 3554 hominem
1034 3511 1176 3562 esse,
1221 3507 1276 3552 et
1321 3512 1484 3552 unam
1532 3499 1938 3556 subsistentiam
1976 3499 2114 3570 ejus.

535 3589 606 3656 Et
646 3589 700 3642 in
752 3588 1012 3660 mysterio
1051 3586 1215 3658 igitur
1251 3585 1455 3642 Christi
1502 3586 1640 3644 facta
1691 3589 1957 3656 unitione,
1992 3589 2119 3644 licet

532 3683 744 3738 diversa
808 3680 1183 3752 intelligantur
1239 3695 1360 3750 quae
1422 3681 1574 3736 unita
1636 3690 1796 3748 sunt,
1855 3681 1954 3738 sed
2005 3696 2115 3737 non

533 3773 648 3844 ipsa
714 3787 771 3827 re
821 3779 877 3827 et
929 3787 1026 3842 per
1077 3780 1261 3842 partes
1317 3787 1347 3826 a
1396 3787 1456 3827 se
1508 3771 1740 3828 invicem
1793 3781 2118 3843 separantur

532 3882 628 3930 ea,
693 3880 759 3934 ex
821 3863 1020 3934 quibus
1078 3865 1342 3920 Dominus
1397 3874 1587 3920 noster
1651 3865 1811 3920 Jesus
1866 3865 2117 3922 Christus

533 3946 868 4028 contpositns
911 3965 1017 4021 est,
1063 3956 1424 4012 differentiam
1467 3965 1648 4012 tamen
1704 3958 2120 4014 considerantes

533 4056 590 4100 ct
641 4047 780 4100 hanc
847 4045 1154 4115 signiﬁcare
1213 4045 1492 4109 volentes,
1545 4060 1833 4100 numerum
1883 4045 2117 4102 assumis

533 4149 676 4199 mus,
717 4141 772 4189 et
829 4134 965 4188 duas
1021 4133 1078 4186 in
1129 4131 1350 4188 Christo
1407 4141 1630 4188 naturas
1672 4149 1792 4189 esse
1837 4135 2113 4191 dicimus:

535 4241 638 4281 nec
688 4225 811 4282 ideo
872 4238 1016 4280 unus
1067 4223 1321 4283 Christus
1385 4226 1441 4280 in
1503 4226 1642 4282 duos
1693 4225 1974 4297 Christos‘,
2031 4228 2116 4284 vel

447 4309 460 4320 ’
535 4319 590 4374 in
645 4318 782 4374 duos
829 4316 1286 4382 ﬁliosdividitur.
1347 4315 1416 4372 Et
1465 4306 1837 4394 testimonium
1897 4326 2119 4390 pragstat

507 4411 739 4466 -nostris
787 4410 946 4466 dictis
994 4420 1216 4466 sanctus
1271 4409 1564 4482 Gregorius
1608 4411 1936 4483 Theologus,
1982 4413 2170 4483 εει-ἰοί

2222 3229 2332 3281 Καὶ
2359 3228 2509 3297 ὅμως
2549 3226 2612 3279 οὑ
2647 3223 2926 3278 did-10510
2957 3224 3038 3287 είς
3082 3223 3177 3277 δύο
3227 3221 3544 3295 ἀνθρώπους
3573 3215 3754 3284 διαιρεῖ·
3801 3233 3818 3247 ο

2219 3319 2389 3385 ται⁵³,
2424 3317 2540 3372 ἀλλ’
2569 3317 2666 3374 ἕνα
2695 3317 2854 3386 ι’σμεν
2882 3317 2976 3369 τὸν
3003 3314 3292 3386 ἄνθρωπον
3336 3315 3433 3368 καὶ
3473 3311 3596 3384 μίαν
3623 3303 3756 3362 αὐτοῦ

2218 3410 2318 3480 τὴν
2349 3409 2666 3462 ὑπόστασιν.
2691 3409 2804 3462 Καὶ
2831 3407 2922 3461 ἐπὶ
2948 3405 3044 3460 τοῦ
3067 3405 3216 3460 κατὰ
3234 3405 3468 3478 Χριστὸν
3495 3402 3656 3456 τοίνυν
3679 3413 3757 3469 μυ·

2221 3501 2444 3575 στηρίου
2471 3499 2840 3572 τῆςρὲνώσεως
2867 3499 3190 3570 γενομένης,
3215 3499 3267 3552 εί
3289 3498 3384 3552 καὶ
3410 3495 3626 3565 διάφορα
3649 3491 3755 3544 θεω-

2221 3595 2398 3664 ρεῖται
2429 3592 2499 3646 τά
2532 3591 2824 3657 ἑνωθέντα,
2855 3589 2972 3644 ἀλλ’
3003 3584 3098 3643 οὖν
3141 3589 3218 3660 οὑ,
3260 3583 3641 3661 πραγματικῶς
3681 3576 3756 3631 καὶ

2218 3682 2322 3736 ἀνὰ
2355 3681 2521 3753 μέρος
2552 3680 2798 3752 ἀλλήλων
2838 3679 3142 3734 διίστανται
3173 3677 3246 3732 τὰ
3277 3679 3337 3745 ἐξ
3377 3670 3452 3732 ὧν
3487 3673 3566 3744 ei“
3585 3664 3756 3740 Κύριος

2218 3757 2384 3843 illia“;
2408 3771 2617 3844 Ἰησρῦς
2646 3772 2679 3824 ἁ
2702 3769 2940 3842 Χριστὸς
2985 3767 3273 3840 συνετέθη.
3309 3768 3418 3840 Τὴν
3464 3765 3631 3836 μέντοι
3660 3759 3754 3810 δια·

2220 3861 2390 3935 φορὰν
2434 3859 2842 3924 κατανοοῦντες,
2875 3859 2970 3912 καὶ
3010 3859 3216 3928 ταύτην
3257 3859 3492 3930 σημᾶναι
3538 3847 3754 3923 βουλόμε-

2218 3970 2320 4020 νοι,
2356 3953 2448 4006 τὸν
2495 3951 2730 4023 ἀριθμὸν
2776 3949 3304 4020 παραλαμϐάνομεν,
3330 3948 3424 4001 καὶ
3459 3945 3548 3999 δύο
3589 3938 3675 4000 τὰς
3709 3936 3756 4023 tv

2219 4041 2442 4115 Χριστῷ
2470 4019 2662 4111 φὺσεις
2707 4019 3081 4110 εἷναίίφαμεν,
3109 4039 3206 4092 καὶ
3241 4040 3304 4092 οὑ
3347 4037 3432 4091 διὰ
3468 4029 3614 4089 τοῦτο
3643 4030 3667 4082 ὁ
3692 4019 3754 4115 εἷς

2219 4113 2455 4206 Χριστὸς
2489 4135 2569 4196 είς
2591 4131 2686 4185 δύο
2713 4131 2986 4202 Χριστοὺς
3015 4130 3048 4200 ἢ
3071 4129 3165 4184 δύο
3186 4130 3338 4193 υἱοὺς
3367 4126 3651 4197 διαιρεῖται.
3668 4113 3756 4170 Kal

2222 4208 2494 4297 μαρτυρεῖ
2545 4225 2657 4287 τοῖς
2707 4221 2840 4294 παρ’
2867 4221 3024 4294 ἡμῶν
3075 4222 3391 4292 εἰρημένοις
3433 4221 3462 4272 ό
3505 4218 3560 4270 ὲν
3611 4207 3754 4278 ἁγίοις

2219 4315 2520 4388 Γρηγόριος
2550 4316 2578 4368 ό
2605 4313 2854 4383 θεολόγος
2903 4315 2961 4367 ὲν
2991 4307 3081 4384 τῷ
3098 4312 3236 4384 πρὸς
3271 4310 3555 4381 Κληδόνων
3589 4297 3754 4372 πρώτῳ

2221 4408 2365 4478 λόγῳ
2389 4407 2616 4478 γράφων
2640 4404 2833 4468 οὕτως’
2861 4435 2934 4446 —-
2956 4403 3022 4458 Εί
3042 4421 3127 4467 τις
3157 4405 3370 4473 εἰσάγει
3387 4400 3478 4456 δύο
3504 4393 3658 4454 υίοὺς,
3677 4388 3753 4478 ’ἐνῆ

534 4463 673 4560 iis};
694 4463 1210 4572 “i..'.;.i;;...n.‘.;.;
1259 4463 1333 4557 τά
1381 4463 1712 4562 ’ὂὶεάῖιιιιιὲὲέ
1736 4463 2120 4559 ’ξίῖζζῘεί

2225 4463 2441 4570 μὲν
2468 4463 2532 4552 ιδὲ
2556 4495 2650 4550 τοῦ
2670 4463 2808 4550 Θεοὺ
2831 4496 2924 4550 καὶ
2949 4463 3186 4568 Πατρῖιςι
3209 4463 3460 4565 δεδτερον
3481 4488 3534 4542 δὲ
3554 4485 3635 4538 τὸν
3652 4474 3754 4572 ex."

533 4595 655 4665 quis
699 4594 996 4650 introducit
1033 4593 1175 4649 duos
1220 4592 1379 4658 ﬁlios,
1428 4608 1600 4648 unum
1641 4593 1864 4663 quidem
1903 4608 1968 4650 ex
2011 4593 2122 4648 Deo

501 4717 505 4720 κ
535 4695 591 4740 et
631 4684 792 4740 Patre
819 4683 904 4756 [ex
933 4682 1044 4739 Deo
1074 4681 1278 4756 Patre],
1301 4682 1603 4738 secundum
1631 4691 1813 4740 autem
1837 4696 1901 4736 ex
1927 4691 2119 4746 matre,

535 4779 631 4832 sed
659 4791 768 4832 non
799 4791 969 4838 unum
997 4775 1378 4846 eumdemque,
1409 4789 1476 4830 ex
1495 4775 1788 4844 adoptione
1807 4773 1888 4848 [et
1911 4765 2120 4846 adoth

536 4871 714 4934 cadat,
745 4885 866 4940 quae
901 4869 1166 4938 promissa
1199 4877 1284 4924 est
1308 4875 1456 4923 recte
1503 4866 1870 4923 credentibus.
1903 4865 2123 4922 Naturae

539 4963 688 5020 enim
726 4961 866 5026 duae,
903 4959 1046 5016 Deus
1099 4963 1263 5015 homo
1301 4959 1468 5032 [Deus
1501 4967 1559 5014 et
1594 4958 1801 5031 homo],
1847 4958 2122 5030 quomodo

541 5063 596 5110 et
642 5053 824 5108 anima
861 5061 918 5108 et
957 5068 1188 5124 corpus:
1232 5067 1344 5108 non
1369 5063 1549 5106 autem
1596 5051 1706 5107 duo
1753 5050 1868 5115 lilii,
1909 5066 2014 5106 nec
2045 5049 2121 5104 dii

541 5146 671 5200 duo.
696 5142 807 5200 Nec
833 5144 980 5200 enim
1009 5145 1066 5200 hi
1093 5145 1202 5200 duo
1235 5143 1502 5210 homines,
1537 5143 1663 5199 licet
1689 5143 1889 5198 Paulus
1912 5143 1991 5198 sic
2023 5158 2121 5212 ap-

541 5234 827 5307 pellaverit
860 5235 1007 5304 quod
1044 5245 1129 5294 est
1163 5236 1308 5290 intus
1351 5233 1610 5298 hominis,
1647 5243 1702 5289 et
1730 5233 1875 5318 quod
1916 5243 1999 5288 est
2025 5246 2119 5299 cx_-

2219 4591 2321 4666 τῆς
2369 4589 2596 4662 μητρὸς,
2625 4588 2744 4642 ἀλλ’
2777 4587 2898 4658 οὐχὶ
2927 4587 3028 4640 ενα
3069 4586 3172 4648 ,και
3214 4586 3308 4640 τὸν
3348 4581 3524 4644 αὑτὸν,
3557 4575 3640 4666 επεὶ
3676 4569 3756 4634 τῆς

2222 4661 2494 4744 υἱοθεσίας
2527 4676 2750 4732 ἐκπέσοι
2786 4676 2889 4746 τῆς
2927 4673 3346 4746 ἐπηγγελμένης
3370 4671 3478 4731 τοῖς
3503 4661 3660 4734 ὀρθῶς
3678 4671 3752 4707 πι-

2225 4771 2494 4825 στεύουσι.
2525 4769 2722 4830 Φύσεις
2759 4768 2862 4846 μὲν
2910 4766 3022 4838 γὰρ
3063 4764 3178 4828 δύο,
3203 4763 3332 4826 Θεὸς
3366 4760 3460 4814 καὶ
3489 4753 3752 4846 ἄνθ-ρωπξςτ

2222 4863 2348 4918 ἐπεὶ
2383 4862 2480 4925 καὶ
2524 4861 2674 4931 ψυχὴ
2708 4833 2804 4921 κᾶι
2855 4833 3040 4928 σῶμα,
3071 4857 3179 4910 υιοι
3203 4855 3260 4910 δὲ
3285 4855 3346 4908 οὑ
3376 4852 3468 4907 δύο
3491 4844 3602 4919 οὑδὲ
3627 4833 3750 4931 (ξος

2221 4953 2344 5008 οὑδὲ
2374 4949 2484 5023 γὰρ
2509 4927 2746 5006 ἐνταὺθα
2775 4949 2870 5004 δύο
2897 4927 3198 5020 ἄνθρωποι,
3217 4948 3266 5000 εί
3296 4943 3391 5009 καὶ
3409 4938 3570 4996 οὑτως
3593 4927 3754 5023 dilati-

2223 5045 2314 5106 λος
2341 5021 2402 5096 τδ
2433 5021 2584 5114 ἐντὸς
2608 5033 2704 5099 rei}
2733 5038 3022 5112 ἀνθρώπου
3041 5039 3138 5092 καὶ
3160 5037 3223 5090 τὸ
3249 5035 3403 5096 ἐκτὸς
3423 5021 3753 5116 ,προσηγόςξξν

2225 5155 2337 5192 σεν.
2371 5137 2484 5190 Καὶ
2519 5107 2580 5189 εἰ*
2599 5134 2681 5187 δεῖ
2715 5107 2994 5202 συντόμως
3026 5132 3220 5194 εἰπεῖν,
3253 5128 3380 5182 ἄλλο
3413 5123 3508 5194 μὲν
3543 5114 3626 5170 καὶ
3650 5107 3753 5202 duo

2221 5231 2288 5284 τὰ
2317 5228 2377 5303 εξ
2398 5221 2474 5282 ὧν
2504 5227 2589 5281 διο
2615 5225 2830 5302 Σωτὴρ,
2863 5198 3018 5295 ειπερ
3047 5220 3210 5295 354
3255 5217 3330 5290 μὴ
3369 5209 3554 5270 ταυτὸν
3575 5207 3600 5258 ὁ
3619 5198 3751 5271 ἀόρα-

1849 5505 2080 5562 νΛΙῖΙΑῖι
2117 5501 2517 5560 LECTIONES.

617 5697 662 5730 ⁵⁷
691 5694 982 5764 ἑτεροφυες
1025 5711 1077 5748 τι
1116 5692 1403 5748 ἐπετέλεσε
1445 5692 1510 5745 Il.
1547 5761 1557 5764 _
1587 5690 1632 5722 ’⁵⁸
1658 5691 1752 5764 καὶ
1775 5707 1885 5744 oni.
1917 5689 2030 5764 P.__
2057 5688 2154 5757 ⁸⁵νῆ

552 5759 896 5842 πραγμάτων
924 5763 984 5825 Ρ.
1062 5764 1107 5794 ⁵³
1139 5764 1198 5816 οὐ
1224 5763 1510 5835 διαιρεῖται
1545 5761 1580 5814 ι’
1604 5762 1716 5816 sola
1753 5769 1967 5816 tacente
1992 5759 2052 5814 ν.

3013 5679 3057 5710 ³¹
3089 5674 3262 5730 τοὺτω
3286 5669 3348 5732 ν,
3376 5661 3460 5719 τοῦ
3483 5659 3536 5732 ξ’·
3576 5653 3740 5732 an???

2191 5691 2269 5750 εἰς
2307 5662 2400 5740 δὺο
2419 5684 2480 5740 Ρ.
2532 5684 2578 5716 ⁵⁰
2609 5681 2699 5738 τοῦ
2732 5666 2842 5735 orn.
2875 5681 2934 5732 ι’.
3013 5679 3057 5710 ³¹
3089 5674 3262 5730 τοὺτω
3286 5669 3348 5732 ν,
3376 5662 3460 5719 τοῦ
3607 5662 3738 5762 “Fila:

2191 5768 2202 5788 ⁵
2236 5759 2263 5800 ὁ
2291 5773 2398 5800 nrn-
2432 5755 2493 5800 Ῐ),
2573 5755 2618 5786 ⁵⁸
2653 5752 2742 5800 τὸν
2777 5753 2838 5800 ἐκ
2869 5766 2977 5800 om.
3016 5748 3074 5800 Ρ.
3172 5747 3217 5776 ³⁸
3249 5735 3320 5797 ὧν
3346 5739 3372 5790 ὁ
3397 5733 3452 5800 V,
3477 5743 3546 5786 ων
3573 5719 3628 5783 Ρ)
3656 5761 3664 5767 -
3728 5747 3738 5760 ο

2156 5759 2202 5789 ⁵³
2236 5748 2399 5812 doni.
2432 5755 2493 5809 Ρ.
2573 5755 2618 5786 ⁵⁸
2653 5752 2742 5806 τὸν
2777 5753 2838 5804 ἐκ
2869 5766 2977 5805 om.
3016 5748 3074 5802 P.
