4040 6412
356 328 468 396 917

1563 325 1999 392 CHRONICON
2031 325 2436 390 PASCHALE.

3523 316 3631 384 913

351 435 511 505 τος⁶⁷
537 437 618 510 τῷ
643 438 826 512 όρατῷ
844 438 1022 495 καὶτὸ
1041 439 1270 512 ἄχρονον
1295 440 1374 514 τῷ
1405 440 1509 495 ὑπὸ
1539 441 1731 511 χρόνον
1745 441 1819 508 ⁵⁸,
1842 438 1944 492 οὐκ

2066 437 2360 492 ,rinsecus:
2395 443 2448 490 et
2493 442 2554 489 ut
2585 431 2972 502 compendiose
3012 429 3285 495 dicamus,
3331 429 3478 484 aliud
3510 429 3633 500 qui-

349 531 514 594 ἄλλος
541 529 599 584 δὲ
635 531 731 586 καὶ
759 532 941 599 ἀλλος,
976 534 1052 604 μὴ
1078 534 1310 604 γένοιτο.

2051 529 2198 595 dem,
2229 537 2282 583 et
2322 527 2470 581 aliud
2516 541 2581 581 ea
2614 540 2682 580 ex
2708 524 2906 596 quibus
2950 521 3200 578 Salvator
3227 529 3331 586 est,
3363 537 3488 576 cum
3520 533 3632 574 non

351 619 499 676 idem
553 620 652 676 sit'
677 621 948 678 invisibile
1002 631 1058 678 et
1093 623 1334 692 visibile,
1384 634 1442 681 et
1489 625 1596 681 hoc
1634 623 1780 695 quod
1827 621 1947 678 sine
1992 629 2234 690 tempore
2270 628 2376 687 est,
2451 625 2508 674 et
2562 618 2670 674 hoc
2718 615 2862 687 quod
2906 616 3010 671 sub
3053 625 3298 686 tempore
3333 615 3460 688 [sub
3494 621 3634 668 tem—

352 725 491 783 pore
521 711 666 784 est];
695 729 807 769 non
833 722 1019 770 autem
1044 716 1184 772 alius
1212 725 1269 772 et
1293 717 1458 784 alius,
1481 717 1649 773 absit.

357 862 364 868 _
434 804 599 858 «Ἰδοὺ
635 804 723 859 διά
748 805 955 862 τούτων
987 809 1174 880 σαφῶς
1187 811 1431 867 διδάσκει
1456 815 1486 866 ὁ
1514 813 1573 865 ὲν
1604 812 1782 880 ἀγίοις
1805 810 1948 880 Γρη-

353 897 567 966 γόριος,
600 897 684 952 ὃτι
731 897 826 950 ἐπὶ
872 899 968 953 τοῦ
1017 903 1160 957 κατὰ
1186 903 1422 974 Χριστὸν
1457 903 1757 976 μυστηρίου
1786 904 1816 956 ὁ
1851 903 1950 974 μὲν

353 987 456 1039 ἐπὶ
493 985 806 1057 προσώπων
834 989 927 1044 τδν
966 991 1200 1064 ἀριθμὸν
1214 994 1260 1026 "
1288 993 1463 1063 λέγων
1508 995 1583 1060 ὡς
1614 994 1816 1065 ἀσεϐὴς
1847 1011 1951 1048 κα-

355 1077 700 1148 τακρίνεται,
725 1080 754 1132 ό
784 1079 842 1132 δὲ
888 1081 981 1134 ἐπὶ
1018 1081 1128 1136 τῶν
1161 1081 1398 1153 φύσεων,
1430 1084 1490 1148 ἐξ
1532 1077 1609 1137 ὧν
1647 1085 1677 1136 ό
1713 1079 1794 1147 εἷς
1829 1099 1954 1136 συν-

359 1166 523 1237 ετέθη
551 1167 810 1238 Χριστὸς,
837 1169 1029 1226 τοῦτον
1064 1174 1513 1234 παραλαμϐάνων
1545 1173 1724 1247 ὀρθῶς
1763 1173 1953 1245 ὁμολο-

359 1259 472 1325 γεῖ,
501 1255 578 1320 ὼς
600 1257 700 1328 τὴν
737 1259 836 1328 μὲν
876 1261 1142 1335 διαφορὰν
1174 1265 1284 1318 τῶν
1334 1264 1708 1320 συνελθουσῶν
1737 1263 1955 1340 φύσεων

359 1347 451 1401 διὰ
479 1347 673 1402 τούτου
693 1349 740 1382 ⁸⁸
769 1353 1074 1422 σημαίνων,
1105 1355 1372 1428 διαίρεσιν
1411 1355 1472 1410 δὲ
1505 1355 1605 1428 τὴν
1647 1357 1750 1425 ἀνά
1791 1356 1955 1428 μέρος

364 1438 492 1492 κατ’
525 1439 718 1494 οὐδένα
761 1442 965 1514 τρόπον
1009 1444 1586 1518 ποιούμενος.Ὥσπερ
1637 1447 1748 1516 γὰρ
1794 1443 1957 1516 ἑτέρα

369 1529 539 1598 φύσις
566 1532 666 1600 τῆς
703 1531 885 1604 ψυχῆς
915 1535 1011 1588 καὶ
1050 1535 1214 1606 ἑτέρα
1246 1536 1342 1590 τοῦ
1375 1537 1645 1608 σώματος,
1687 1537 1782 1590 καὶ
1806 1537 1956 1606 ὅμως

369 1611 452 1682 εἷς
485 1619 628 1673 κατά
661 1619 914 1678 σύνθεσιν
948 1625 1236 1696 ἄνθρωπος
1261 1625 1609 1682 ἀποτελεῖται
1642 1626 1736 1679 καὶ
1757 1625 1817 1678 οὐ
1839 1624 1952 1678 δύου

366 1710 516 1765 οὕτω
553 1713 648 1766 καὶ
680 1715 740 1767 έν
767 1715 1079 1788 Χριστῷ,εί
1123 1718 1217 1772 καὶ
1250 1717 1345 1772 δύο
1373 1717 1564 1788 φύσεις
1607 1715 1956 1788 θεωροῦνται,

2126 823 2145 856 ‹
2181 801 2322 858 Ecce
2342 817 2440 872 per
2463 801 2580 857 haec
2597 799 2880 856 evidenter
2901 798 3061 855 docet
3081 807 3304 854 sanctus
3322 797 3633 869 Gregorius,

2047 896 2192 966 quod
2223 895 2278 949 in
2325 893 2586 966 mysterio
2613 891 2819 948 Christi
2851 891 2941 946 ille
2981 890 3203 961 quidem
3236 888 3327 960 qui
3360 889 3413 943 in
3444 905 3634 961 perso-

2047 985 2135 1044 nis
2175 999 2464 1040 numerum
2513 982 2663 1050 dicit,
2708 991 2767 1038 ut
2817 981 3018 1052 impius
3067 979 3510 1036 condemnatur:
3548 979 3637 1035 ille

2049 1085 2230 1132 autem
2257 1076 2348 1147 qui
2378 1075 2434 1130 in
2461 1075 2692 1142 naturis,
2721 1089 2789 1130 ex
2811 1073 3010 1144 quibus
3039 1087 3182 1128 unus
3203 1071 3458 1128 Christus
3481 1069 3636 1127 com-
3690 1073 3695 1078 ’

2054 1168 2269 1240 positus
2303 1175 2407 1233 est,
2437 1182 2731 1222 numerum
2767 1165 2981 1236 accipit,
3021 1173 3169 1220 recte
3201 1163 3514 1228 conﬁtetur,
3545 1172 3635 1218 ut-

2050 1269 2179 1332 pote
2199 1258 2565 1316 diﬂerentiam
2595 1258 2817 1330 quidem
2857 1267 3178 1313 naturarum
3205 1271 3327 1326 qua:
3360 1271 3637 1312 convene-

2051 1361 2214 1420 runt,
2256 1367 2355 1423 per
2383 1353 2490 1408 hoc
2530 1351 2886 1422 signiﬁcans:
2925 1350 3247 1406 divisionem
3281 1356 3485 1414 autem,
3517 1365 3636 1418 qua:

2051 1459 2154 1516 per
2184 1453 2394 1515 partem
2427 1452 2532 1510 est,
2563 1443 2719 1500 nullo“
2751 1444 2914 1499 modo
2927 1431 3165 1499 faciens.
3203 1440 3357 1496 Sicut
3385 1440 3530 1495 enim
3560 1439 3639 1492 al-

2057 1541 2174 1587 tera
2206 1539 2400 1586 natura
2429 1539 2515 1586 est
2549 1530 2767 1597 animae,
2798 1537 2856 1585 et
2880 1528 3050 1585 altera
3075 1527 3342 1599 corporis,
3375 1534 3430 1582 et
3455 1535 3638 1582 tamen

2060 1638 2206 1679 unus
2261 1623 2562 1679 secundum
2605 1621 3060 1693 compositionem
3102 1620 3265 1676 homo
3303 1619 3553 1684 ellleitur,
3585 1627 3641 1672 et

2061 1729 2173 1769 non
2213 1714 2324 1768 duo
2354 1713 2642 1769 homines:
2677 1712 2756 1769 sic
2789 1719 2846 1768 et
2893 1712 2949 1766 in
2996 1713 3215 1767 Christo
3247 1712 3373 1766 licet
3401 1711 3521 1766 duae
3555 1709 3642 1764 in-

373 1804 546 1878 ἑτέρα
574 1805 675 1876 μὲν
700 1809 798 1879 τῆς
826 1784 1102 1880 θεότητος,
1129 1811 1292 1884 ἑτέρα
1320 1784 1501 1881 δὲττῆς
1521 1784 1958 1882 ἀνθρωττότητος,

2066 1805 2375 1877 telligantur
2419 1813 2652 1872 naturas,
2696 1784 2863 1860 altera
2899 1805 3119 1875 quidem
3179 1803 3423 1869 deitatis,
3471 1803 3642 1858 altera

367 1895 492 1952 ἀλλ’
516 1898 578 1951 οὐ
604 1899 694 1953 διά
715 1899 874 1952 τοῦτο
904 1899 998 1954 δύο
1035 1902 1260 1973 Χριστοὶ
1288 1901 1321 1972 ἢ
1350 1901 1446 1956 δύο
1471 1902 1577 1954 uici.
1601 1898 1911 1968 εἰσάγονται
1935 1913 1952 1930 ·

369 1984 518 2041 ὥστε
543 1987 632 2041 τὸν
661 1988 894 2060 ἀριθμὸν
925 1990 1035 2046 τῶν
1084 1992 1145 2046 ὲν
1185 1991 1408 2062 Χριστῷ
1449 1991 1666 2061 φύσεων
1697 1988 1840 2048 κατά
1865 1988 1957 2042 τὸν

369 2077 669 2150 εἰρημένον
683 2077 885 2150 τρόπον
909 2081 1340 2152 παραιτούμενοι
1357 2081 1538 2150 λέγειν
1562 2079 1712 2150 δῆλοί
1734 2079 1840 2132 εἰσι
1859 2075 1958 2147 τὴν

369 2168 640 2240 διαφορὰν
685 2168 890 2225 τούτων
929 2170 1254 2243 ἀρνούμενοι
1304 2171 1398 2226 καὶ
1444 2171 1702 2242 σύγχυσιν
1731 2167 1960 2236 ἐπεισά-

371 2277 566 2330 γοντες
597 2264 664 2333 τῇ
695 2263 996 2334 οἰκονομίᾳ.
1033 2263 1096 2318 Εἰ
1144 2263 1202 2317 δὲ
1247 2263 1348 2336 τὴν
1373 2263 1638 2334 διαφορὰν
1666 2259 1962 2332 ὁμολογοῦ-

373 2370 486 2420 σιν,
520 2354 736 2425 ἀνάγκη
769 2355 988 2418 πάντως
1017 2355 1110 2409 ἐπὶ
1136 2355 1310 2428 ταύτῃ
1343 2355 1552 2410 καὶτὸν
1595 2352 1828 2426 ἀριθμὸν
1849 2351 1959 2406 τῶν

373 2446 703 2518 ἀσυγχύτως
731 2447 1104 2509 συνελθουσῶν
1133 2448 1351 2519 φύσεων
1378 2450 1458 2513 εἰς
1498 2448 1626 2520 μίαν
1661 2447 1961 2503 ὑπόστασιν

371 2535 556 2605 λέγειν
586 2537 988 2602 αὐτούς.”οπου
1022 2537 1132 2610 γὰρ
1160 2538 1392 2610 διαφορά
1414 2537 1768 2609 φυλάττεται,
1787 2536 1962 2609 ταύτῃ

373 2628 596 2692 πάντως
629 2629 724 2683 καὶ
765 2629 1002 2700 ἀριθμὸς
1051 2629 1264 2684 ἕπεται.
1295 2631 1391 2693 Εἰς
1443 2629 1700 2684 σύστασιν
1748 2628 1805 2682 δὲ
1851 2626 1960 2708 τῶν

374 2722 512 2794 παρ’
537 2720 695 2792 ἡμῶν
717 2722 1025 2793 εἰρημένων
1072 2725 1138 2794 τῇ
1185 2721 1295 2776 τῶν
1323 2720 1493 2790 ἁγίων
1525 2721 1785 2792 Πατέρων
1821 2735 1962 2791 μαρ-

371 2808 542 2881 τυρίᾳ
559 2807 832 2880 χρώμενοι
847 2809 1095 2882 δείξομεν
1117 2812 1314 2875 αὐτοὺς
1336 2811 1614 2880 λέγοντας,
1642 2811 1725 2864 ὅτι
1749 2810 1844 2864 ἐπὶ
1857 2807 1960 2862 «toﬁ

375 2900 522 2954 κατά
565 2899 801 2964 Χριστὸν
843 2902 1146 2974 μυστηρίου
1195 2904 1246 2956 οί
1283 2903 1384 2975 μὲν
1430 2903 1580 2972 λόγοι
1629 2900 1961 2972 διαιροῦνται

367 2991 526 3064 ,κατᾲ
549 2993 649 3065 τὴν
677 2993 944 3066 διαφορὰν
969 2996 1080 3050 τῶν
1107 2996 1344 3069 φύσεων,
1360 2995 1613 3066 θεότητος
1633 2996 1728 3049 καὶ
1752 2993 1966 3066 ἀνθρω-

2066 1912 2199 1954 vero
2229 1897 2608 1963 humanitatis,
2642 1897 2736 1952 sed
2767 1912 2878 1952 non
2909 1905 3128 1967 pr0pter
3155 1897 3259 1951 hoc
3283 1895 3394 1950 duo
3421 1893 3637 1959 christi,

2064 1996 2161 2045 aut
2187 1989 2296 2044 duo
2323 1988 2420 2043 ﬁlii
2460 1988 2903 2044 introducuntur.
2938 1987 3077 2059 Ergo
3104 1988 3196 2058 qui
3225 2001 3514 2042 numerum
3541 2000 3644 2040 na-

2065 2089 2314 2136 turarum
2345 2095 2467 2150 qua:
2489 2079 2545 2134 in
2570 2079 2792 2134 Christo
2833 2087 2984 2145 sunt,
3003 2079 3298 2134 secundum
3323 2077 3644 2148 praedictum

2064 2173 2290 2229 modum
2317 2173 2502 2228 dicere
2529 2180 2803 2240 recusant,
2835 2171 3108 2229 manifesti
3134 2181 3262 2230 sunt
3289 2171 3647 2230 differentiam

2066 2275 2386 2321 naturarum
2415 2265 2768 2338 abnegantes,
2799 2274 2856 2320 et
2887 2264 3264 2322 confusionem
3293 2265 3650 2320 introducen-

2069 2361 2152 2409 tes
2175 2353 2592 2423 dispensationi.
2641 2352 2698 2408 Si
2737 2367 2866 2408 vero
2893 2352 3258 2409 differentiam
3294 2352 3645 2418 conﬁtentur,

2068 2458 2294 2500 necesse
2345 2452 2444 2498 est'
2477 2443 2793 2499 omnimodo
2829 2444 2902 2498 ad
2939 2459 3059 2498 eam
3105 2443 3547 2515 signiﬁcandam,
3594 2453 3652 2499 et

2069 2550 2360 2591 numerum
2379 2534 2559 2590 dicere
2589 2544 2932 2601 naturarum,
2962 2551 3083 2605 qua:
3105 2535 3222 2591 sine
3249 2535 3568 2590 confusione
3592 2535 3650 2590 in

2068 2640 2234 2681 unam
2267 2625 2676 2692 subsistentiam
2719 2635 3116 2682 convenerunt.
3169 2625 3270 2681 Ubi
3307 2625 3454 2680 enim
3489 2625 3651 2680 diﬁ‘c-

2069 2718 2243 2773 rentia
2272 2725 2544 2782 servatur,
2577 2717 2652 2772 ibi
2683 2716 2832 2772 omni
2872 2717 3036 2774 modo
3073 2727 3130 2772 et
3171 2733 3432 2772 numerus
3461 2717 3650 2786 sequi~

2051 2818 2176 2876 tur.
2215 2809 2298 2864 Ad
2339 2808 2711 2865 conﬁrmanda
2750 2818 2933 2865 autem
2971 2825 3034 2865 ea
3063 2825 3184 2880 qua:
3233 2809 3491 2876 diximus,
3521 2825 3654 2864 sana

2071 2911 2282 2958 ctorum
2316 2901 2537 2971 Patrum
2561 2901 2876 2958 testimonio
2906 2910 3143 2967 utentes,
3184 2902 3534 2959 ostendemus
3557 2917 3652 2957 eos

2071 2993 2276 3058 dicere,
2305 2994 2450 3064 quod
2487 2995 2542 3048 in
2568 3009 2679 3049 uno
2705 2993 2936 3050 Domino
2954 3003 3144 3050 nostro
3165 2977 3293 3051 Jesu
3315 2995 3533 3051 Christo
3563 3010 3653 3048 ra-

377 3083 636 3156 πὸτητος,
679 3085 740 3152 ἐξ
770 3080 847 3140 ὦν
889 3087 984 3140 καὶ
1026 3084 1310 3157 συνετέθη,
1356 3089 1450 3141 καὶ
1482 3087 1576 3149 τὸν
1609 3085 1842 3156 ἀριθμὸν
1871 3085 1965 3138 ἐπὶ

2073 3085 2252 3142 tiones
2300 3085 2522 3156 quidem
2571 3085 2892 3141 dividuntur
2935 3087 3236 3142 secundum
3286 3086 3652 3142 differentiam

377 3153 571 3230 τούτου
618 3176 1164 3249 παραλαμϐάνουσιν,
1191 3179 1251 3231 οὐ
1276 3153 1288 3157 ⁷
1307 3179 1414 3249 μὴν
1437 3153 1838 3248 πραγματιιιῶς
1867 3173 1965 3228 ἀνὰ

2071 3153 2390 3232 naturarum
2417 3177 2636 3232 deitatis
2667 3185 2724 3232 et
2748 3176 3106 3232 humanitatis
3130 3191 3194 3232 ex
3211 3177 3408 3247 quibus
3433 3185 3489 3232 et
3510 3191 3654 3232 com-

383 3266 552 3338 μέρος
603 3262 703 3338 τὴν
737 3267 846 3321 τῶν
876 3269 1092 3338 φύσεων
1138 3269 1420 3324 ποιοῦνται
1452 3269 1718 3341 διαίρεσιν
1755 3270 1835 3332 εἰς
1878 3267 1965 3321 δύο

2074 3268 2288 3340 positus
2313 3275 2420 3333 est,
2451 3276 2507 3322 et
2531 3277 2823 3322 numerum
2861 3267 2919 3323 in
2955 3268 3060 3324 hoc
3091 3276 3399 3332 assumunt,
3426 3283 3538 3323 non
3571 3277 3654 3323 ta-

382 3357 715 3422 ύποστάσεις
745 3358 866 3430 ἦτοι
891 3359 986 3414 δύο
1011 3361 1301 3430 πρόσωπα,
1333 3359 1494 3428 Λέγει
1524 3359 1633 3430 γάρ
1655 3359 1685 3411 ό
1713 3359 1771 3412 ἐν
1799 3355 1965 3424 ἁγίοις

2074 3375 2203 3416 men
2237 3359 2351 3429 ipsa
2396 3375 2457 3414 re
2484 3367 2540 3414 et
2574 3374 2672 3429 per
2705 3366 2887 3429 partes
2919 3367 3236 3414 naturarum
3278 3359 3485 3414 faciunt
3512 3359 3654 3415 divi-

381 3448 661 3520 Κύριλλος
713 3451 772 3503 ὲν
820 3453 888 3522 τῇ
944 3451 1210 3523 ἑρμηνείᾳ
1241 3450 1335 3504 τοῦ
1367 3449 1656 3506 Λευῖτικοῦ
1691 3449 1864 3513 οὕτως
1886 3449 1965 3482 “-

2074 3451 2290 3508 sionem
2339 3451 2394 3505 in
2439 3451 2574 3506 duas
2615 3449 2996 3506 subsistentias
3033 3451 3150 3506 sive
3189 3465 3472 3520 personas.
3520 3450 3656 3506 Dicit

388 3540 554 3594 Ὅλον
577 3541 642 3614 δὴ
675 3541 835 3596 πάλιν
865 3544 923 3596 ἐν
962 3543 1172 3606 τούτοις
1199 3543 1490 3614 ⁴εεεριάθρει
1525 3541 1711 3612 σαφῶς
1737 3540 1832 3595 τοῦ
1860 3541 1965 3596 Σω·

2075 3543 2222 3598 enim
2267 3553 2492 3599 sanctus
2527 3542 2762 3614 Cyrillus
2800 3543 2856 3596 in
2905 3542 3131 3598 Levitici
3182 3543 3651 3612 interpretatione,

384 3631 556 3702 τῆρος
578 3631 744 3712 ,ἡμῶν
768 3633 829 3686 τὸ
860 3634 1160 3704 μυστήριον
1190 3634 1282 3694 καὶ
1311 3633 1404 3695 τὸν
1437 3633 1526 3688 διὰ
1563 3632 1658 3688 τοῦ
1687 3633 1846 3702 ἁγίου
1877 3631 1965 3702 βα-

2076 3635 2282 3690 sicz—
2312 3631 2510 3689 Totum
2559 3633 2614 3688 in
2673 3633 2758 3687 his
2809 3633 3007 3688 iterum
3052 3633 3414 3703 circumspice
3468 3643 3656 3704 aperte

386 3721 700 3792 ’κτίσματος
734 3722 1100 3795 καθαρισμόν.
1133 3723 1238 3778 Δύο
1289 3725 1387 3795 μὲν
1432 3725 1600 3796 γάρ⁶¹
1625 3725 1834 3796 ὀρνίθια
1880 3723 1965 3795 λη-

2078 3723 2375 3781 Salvatoris
2401 3724 2572 3780 nostri
2615 3725 2956 3796 mysterium,
2983 3734 3040 3780 et
3067 3725 3511 3780 emundationem
3537 3740 3658 3795 quae

388 3811 592 3884 φθῆναι
622 3813 834 3868 κελεύει
865 3815 1044 3879 ζῶντα
1072 3817 1166 3870 καὶ
1195 3815 1434 3889 καθαρὰ,
1459 3817 1546 3872 ἵνα
1577 3817 1779 3888 νοήσῃς
1799 3817 1865 3847 ⁸³·
1888 3815 1978 3870 διὰ

384 3905 504 3960 τῶν
551 3906 814 3960 πετεινῶν
865 3907 956 3962 τὸν
1003 3909 1254 3980 οὐράνιον
1288 3908 1576 3980 ἄνθρωπόν
1607 3925 1667 3961 τε
1712 3907 1850 3978 ὁμοῦ
1883 3908 1978 3961 καὶ⁹

388 3997 524 4054 Θεὸν
539 3998 636 4070 *είς
673 3997 770 4052 δύο
807 3997 1019 4067 φύσεις,
1045 4000 1168 4054 ὅσον
1200 3995 1335 4072 ἧκεν
1362 4001 1444 4063 εἰς
1476 4000 1567 4053 τὸν
1603 4000 1807 4070 ἑκάστῃ
1841 3999 1974 4068 πρέ-

390 4102 565 4141 ποντα
592 4087 771 4158 λόγον,
806 4089 1210 4160 διαιρούμενον’
1249 4092 1421 4160 Λόγος
1463 4092 1570 4162 γάρ
1617 4088 1686 4163 ἦν
1732 4093 1868 4145 6⁸³⁸·
1913 4093 1978 4144 ὲκ

389 4175 528 4230 Θεοῦ
544 4178 756 4250 Πατρδς
773 4179 1098 4251 ἀναλάμψας
1115 4183 1172 4238 ἐν
1194 4183 1358 4252 σαρκί)⁴
1374 4185 1440 4254 τῇ
1459 4185 1524 4236 ὲκ
1539 4182 1815 4250 γυναικός·
1838 4180 1976 4252 πλὴν

391 4271 454 4324 οὐ
493 4269 882 4342 μεριζόμενον·
937 4267 1020 4336 εἷς
1065 4274 1176 4345 γάρ
1217 4275 1276 4340 ἐξ
1320 4276 1525 4344 ἀμφοῖν
1555 4277 1582 4327 ὁ
1615 4273 1873 4344 Χριστός.
1905 4301 1978 4314 -

391 4361 506 4414 Καὶ
556 4361 726 4420 πάλιν,
755 4361 790 4422 ὁ,
818 4363 980 4427 αὐτὸς
1028 4365 1086 4416 ὲν
1133 4365 1310 4433 ἁγίοις
1359 4365 1626 4436 Κύριλλος
1654 4367 1711 4418 ἐν
1736 4367 1806 4436 τῇ
1839 4365 1978 4437 πρὸς

2075 3833 2175 3888 per
2194 3827 2442 3872 sanctum
2472 3817 2740 3886 baptisma
2777 3816 2856 3872 ﬁt.
2893 3816 3038 3872 Duas
3067 3819 3218 3872 enim
3248 3817 3490 3873 aviculas
3518 3818 3656 3873 sumi

2072 3911 2230 3981 jubet
2257 3910 2410 3966 vivas
2431 3916 2488 3964 et
2513 3909 2765 3973 mundas,
2798 3919 2858 3965 ut
2885 3909 3154 3982 intelligas
3179 3925 3280 3980 per
3297 3911 3531 3966 volatilia
3549 3925 3661 3966 εω-

2055 4003 2270 4058 ~lestem
2309 4001 2604 4058 hominem.
2637 4000 2800 4055 simul
2831 4009 2888 4056 et
2933 4000 3126 4068 Deum,
3159 4002 3216 4056 in
3248 4002 3387 4057 duas
3413 4011 3657 4070 naturas,

2076 4103 2339 4163 quantum
2385 4075 2624 4162 pertinet
2665 4092 2734 4146 ad
2773 4091 3042 4148 rationem
3105 4092 3400 4162 unicuique
3457 4108 3661 4148 conve-

2078 4185 2320 4240 nientem
2340 4182 2431 4255 [ad
2450 4184 2714 4238 rationem
2733 4183 3086 4240 dividendum
3109 4184 3404 4254 unicuique
3441 4183 3659 4255 con....]

2079 4275 2428 4332 dividendum
2463 4274 2630 4344 (Deus
2672 4275 2821 4330 enim
2847 4273 3108 4338 Verbum,
3136 4276 3228 4346 qui
3259 4291 3324 4330 ex
3357 4275 3466 4331 Deo
3503 4275 3662 4331 Patre

2079 4376 2181 4433 est,
2201 4367 2474 4436 splenduit
2506 4367 2564 4420 in
2585 4382 2751 4422 carne
2774 4382 2894 4438 qua
2924 4383 2991 4422 ex
3020 4367 3247 4422 muliere
3281 4376 3411 4437 est);
3439 4383 3662 4422 verum-

393 4452 694 4509 Σούκενσον
721 4453 952 4526 δευτέρᾳ
981 4456 1240 4530 ἐπιστολῇ
1271 4457 1470 4528 γράφει
1503 4456 1677 4520 οὕτως
1704 4473 1720 4491 ο
1751 4456 1965 4510 σ-Ἀλλ

2085 4468 2266 4515 tamen
2289 4474 2400 4514 non
2425 4459 2766 4530 patiendum,
2801 4474 2942 4514 unus
2965 4460 3111 4515 enim
3139 4475 3206 4515 ex
3231 4459 3474 4530 utrisque
3502 4459 3662 4514 Chri-

394 4543 672 4617 ἠγνόησαν
695 4547 778 4604 ὂτι
808 4546 912 4606 ὅσα
937 4547 1075 4618 ubi“
1105 4549 1245 4602 κατὰ
1273 4550 1442 4620 μόνην
1469 4549 1569 4621 την
1590 4548 1825 4621 θεωρίαν
1849 4549 1980 4603 διαι-

398 4634 611 4706 ρεῖσθαι
826 4638 993 4709 φιλεῖ,
1029 4637 1203 4694 ταῦτα
1231 4640 1292 4702 ού
1319 4640 1534 4705 πάντως
1560 4641 1654 4694 καὶ
1686 4640 1766 4702 είς
1792 4639 1978 4712 ἑτερό-

391 4746 541 4800 τητα
567 4729 668 4801 τὴν
694 4730 802 4789 ἀνά
831 4731 998 4803 μέρος
1019 4731 1331 4804 όλοτρόπως
1353 4732 1450 4788 καὶ
1477 4731 1662 4798 ίδικῶς
1689 4732 1982 4803 ἀποφοιτή-

397 4835 544 4874 σειεν
571 4821 640 4874 ἂν
663 4819 760 4883 ἀπ’
783 4820 1052 4892 ἀλλήλων.
1078 4853 1150 4866 -
1197 4823 1310 4877 Καὶ
1336 4825 1366 4877 ὁ
1395 4824 1455 4877 ὲν
1485 4823 1665 4894 ἁγίοις
1701 4823 1983 4887 Βασίλειος

393 4911 459 4963 ὲν
488 4910 568 4983 τῷ
593 4913 842 4984 τετάρτῳ
873 4915 997 4968 κατ’
1031 4912 1300 4986 Εὐνομίου
1331 4914 1475 4986 λόγῳ
1498 4955 1514 4982 ,
1547 4915 1866 4988 ἑρμηνεύων
1896 4915 1977 4982 τὺ,

397 5001 616 5071 Κύριος
649 5003 852 5059 ἐκτισέ
879 5022 957 5075 με
994 5004 1095 5059 καὶ
1122 5004 1237 5074 πρὸ
1266 5005 1510 5060 πάντων
1522 5005 1772 5071 ,βουνῶν
1798 5005 1983 5078 γεννᾷ

392 5109 494 5162 μεν
529 5093 732 5163 γράφει
759 5093 932 5160 οὕτως
951 5113 966 5128 ⁸
999 5125 1070 5140 --
1112 5083 1366 5166 ληπτέον
1395 5091 1490 5152 οὖν
1513 5096 1576 5150 τὸ
1607 5097 1708 5168 μὲν
1729 5096 1982 5166 Ἐγέννη-

2082 4558 2220 4606 stus.
2245 4581 2314 4592 —
2337 4551 2408 4606 Et
2439 4551 2636 4606 iterum
2669 4550 2812 4606 idem
2837 4560 3060 4607 sanctus
3084 4549 3316 4622 Cyrillus
3343 4551 3396 4604 in
3426 4550 3663 4606 secunda

2080 4643 2150 4698 ad
2172 4639 2500 4698 Successum
2519 4642 2746 4712 epistola
2771 4641 2850 4697 ita
2869 4643 3030 4698 dicit:
3050 4673 3116 4684 —
3129 4643 3234 4698 Sed
3277 4643 3666 4714 ignoraverunt

2081 4735 2228 4806 quod
2263 4751 2385 4805 quae
2419 4750 2520 4806 per
2556 4735 2731 4790 solum
2767 4735 3101 4791 intellectum
3128 4735 3297 4792 dividi
3325 4736 3520 4801 solent,
3557 4751 3666 4791 non

2081 4827 2200 4884 haec
2243 4827 2556 4884 necessario
2583 4827 2750 4884 etiam
2797 4828 2853 4882 in
2902 4827 3249 4894 alteritatem,
3283 4843 3405 4898 quae
3449 4837 3535 4884 est
3571 4845 3668 4897 per

2081 4928 2287 4995 partes,
2319 4919 2638 4976 omnimodo
2670 4930 2721 4976 et
2759 4920 3070 4991 specialiter
3096 4937 3128 4975 a
3161 4935 3224 4977 se
3251 4921 3482 4981 invicem
3511 4935 3668 4991 sepa-

2080 5012 2364 5067 rabuntur.
2388 5041 2458 5051 —
2484 5011 2600 5068 Sed
2624 5021 2681 5068 et
2711 5022 2932 5068 sanctus
2961 5012 3188 5068 Basilius
3220 5013 3278 5068 in
3298 5023 3496 5084 quarto
3524 5012 3666 5068 libro

2081 5111 2270 5160 contra
2299 5104 2645 5168 Eunomium,
2679 5104 3046 5176 interpretans
3077 5106 3179 5160 hoc
3213 5107 3360 5176 quod
3402 5115 3524 5162 est:
3559 5106 3666 5184 Do-

405 5201 498 5238 σεν
530 5187 622 5239 ἐπὶ
649 5186 744 5239 τοῦ
780 5186 917 5242 Θεοῦ
944 5187 1098 5256 Υίοῦ,
1129 5189 1188 5243 τὸ
1232 5189 1291 5242 δὲ
1330 5188 1577 5244 ἔκτισεν
1608 5191 1702 5245 ἐπὶ
1741 5191 1834 5244 τοῦ
1882 5186 1965 5262 τῆς

2084 5196 2256 5252 minus
2281 5197 2476 5251 creavit
2507 5213 2608 5261 me,
2639 5206 2687 5252 et
2725 5206 2857 5252 ante.
2873 5214 3050 5252 omnes
3075 5197 3230 5253 colles
3259 5200 3438 5268 genuit
3469 5215 3568 5263 me,
3596 5199 3667 5253 ita

404 5277 624 5350 μορφὴν
653 5277 746 5332 τοῦ
775 5278 962 5334 δούλου
991 5280 1271 5346 λαϐόντος.
1289 5281 1377 5336 Ἐν
1408 5284 1542 5337 πᾶσι
1583 5282 1640 5337 δὲ
1685 5283 1894 5346 τούτοις
1922 5283 1965 5338 οἱ

2086 5284 2311 5342 scribit:
2335 5285 2754 5358 Intelligendum
2774 5287 2870 5346 hoc
2906 5289 3124 5360 quidem
3155 5290 3298 5360 quod
3327 5290 3480 5355 dicit,
3511 5306 3664 5344 crea-

1713 5443 1949 5502 VARUE
1986 5442 2386 5502 LECTIONES.

507 5573 642 5662 "__cb
663 5573 895 5644 ἀόρατον
919 5574 980 5628 Ρ.
1082 5575 1128 5607 ⁸⁸
1154 5573 1256 5628 ὑπὸ
1279 5574 1489 5676 χρόνον.
1511 5577 1688 5646 χρόνω
1711 5575 1769 5630 Ρ.
1848 5577 1893 5609 ⁵⁸
1917 5577 2028 5631 τῶν
2056 5579 2091 5631 ἀ
2135 5575 2308 5647 ιθμῶν
2340 5574 2452 5662 ειν.
2531 5574 2821 5660 "seuseu:
2869 5577 3027 5630 τοῦτο
3049 5577 3104 5630 Ρ.
3183 5577 3223 5608 ⁸⁸
3260 5574 3451 5660 οὕτως.
3484 5573 3590 5626 vol.
3628 5570 3667 5638 l,

507 5660 527 5698 ‘.
549 5645 654 5699 .966
681 5637 738 5696 Ε.
814 5645 858 5678 ⁸³
890 5645 998 5702 γὰρ
1031 5659 1141 5702 om.
1171 5646 1228 5700 P.
1331 5647 1374 5678 "
1403 5649 1615 5702 νοήσεις
1650 5627 1709 5700 ί).
1785 5648 1919 5700 ⁶²“ό
1952 5664 2060 5702 om.
2227 5648 2271 5678 ⁸³
2300 5664 2372 5702 μη
2400 5660 2600 5702 ευωῐιδι
2633 5663 2661 5701 a
2690 5647 2911 5702 Lvnllo.
2944 5645 3120 5702 voLV.
3153 5662 3204 5702 n.
3239 5646 3300 5700 Il.
3325 5646 3517 5702 Ιιυηι..
3547 5659 3603 5702 n.
3628 5646 3667 5702 l.

405 5657 527 5783 mg.
681 5627 784 5766 lg."
814 5645 858 5748 σέ
880 5627 998 5718 γίάρ
1031 5659 1141 5702 om.
1166 5627 1245 5700 'P.’
1281 5627 1629 5718 Ἲίίνόῆἒὲιξ
1650 5627 1733 5700 lx—
1759 5627 2600 5718 '““domiti—‘35pisumpsi
2624 5627 2663 5701 a
2684 5627 3120 5718 *cyu'us,"vu.v,
3151 5662 3204 5718 p.
3239 5646 3300 5700 Il.
3325 5627 3517 5717 Ερῖει.,
3547 5659 3603 5718 p.
3628 5627 3669 5710 ι,
