4040 6428
257 325 416 444 .925

1495 383 1928 446 CHRONICON
1987 385 2394 451 PASCHALE.

3470 389 3574 452 926

297 492 476 548 αὐτοῦ
501 493 752 558 ἀσεϐείας
778 490 1261 560 καταδικάσαντες,
1282 493 1381 565 τὴν
1392 495 1562 566 αὐτὴν
1589 497 1878 568 ὁμολογίαν

2005 508 2129 552 :tum
2153 497 2423 552 Mathema
2445 504 2500 550 et
2529 493 2846 568 Symbolum
2867 495 2990 552 ﬁdei
3015 495 3355 552 tradiderunt
3375 509 3578 555 sancta:

297 584 431 656 ῆτοι
457 585 504 616 θ’
537 583 804 652 σύμϐολον
852 581 945 636 καὶ
983 581 1217 652 μάθημα
1257 583 1619 653 τῆς’πίστεως
1650 585 1886 656 παραδε-

297 675 515 728 δώκασι
543 676 609 744 τῇ
645 673 776 744 ἁγίᾳ
803 673 897 728 τοῦ
935 673 1071 727 Θεοῦ
1118 673 1430 746 Ἐκκλησία,
1470 677 1563 729 καὶ
1595 678 1710 747 μετ’
1747 677 1888 730 ὲκεί-

300 783 436 827 νους
468 764 521 817 οἱ
564 770 638 835 ρν¹
675 763 821 832 ἆγιοι
849 763 1099 836 Πατέρες
1143 767 1195 820 οί
1239 768 1600 838 συναχθέντες
1643 771 1706 822 tv.
1736 769 1890 822 Κων-

301 853 755 908 σταντινουπόλει
810 854 954 909 κατὰ
1019 856 1353 911 Μακεδονίω
1422 856 1518 910 τοῦ
1585 875 1891 928 πνευματο-

1990 583 2087 639 Dei
2123 585 2418 648 Ecclesiae;
2457 592 2512 638 et
2563 591 2689 653 post
2735 583 2879 649 illos,
2933 591 3152 639 centum
3187 579 3578 656 quinquaginta

1991 675 2164 730 sancti
2188 673 2378 730 Patres
2427 673 2905 743 Constantinopoli
2939 673 3148 729 collecti
3181 673 3440 730 adversus
3463 674 3577 732 Ma-

1991 766 2281 822 cedonium
2319 775 2508 820 sancto
2538 763 2764 836 Spiritui
2796 774 3212 835 repugnantem,
3245 774 3300 820 et
3325 765 3578 836 Magnum

1991 856 2458 928 Apollinaristam,
2501 855 2608 910 illis
2652 855 3032 911 condemnatis
3056 871 3179 910 cum
3211 871 3306 910 sua
3331 858 3578 927 perﬁdia,

306 947 494 1016 μάχου
523 945 617 996 καὶ
643 944 868 1014 Μάγνου
893 945 986 998 τοῦ
1004 945 1536 1020 Ἀπολλιναριστοῦ⁹³
1555 948 1646 1001 καὶ
1669 947 1894 1012 τούτους

2005 949 2166 1003 secuti
2197 963 2293 1018 per
2317 949 2497 1002 omnia
2529 947 2950 1023 idemsanctum
2977 945 3290 1017 Symbolum
3319 950 3576 1004 traditum

199 1035 224 1047 ’
305 1035 783 1100 καταδικάσαντες
821 1035 958 1106 μετά
994 1039 1092 1109 τῆς
1132 1039 1312 1092 αὐτῶν
1350 1037 1628 1104 ἀσεϐείας,
1665 1031 1894 1092 ἀκολου-

1993 1055 2023 1095 a
2057 1040 2312 1096 trecentis
2337 1040 2523 1094 decem
2551 1050 2605 1094 et
2635 1049 2761 1094 octo
2790 1040 2994 1094 sanctis
3019 1039 3290 1108 Patribus,
3319 1041 3580 1110 explana-

305 1129 533 1190 οοῦντέ;
567 1145 626 1180 τε
651 1128 791 1181 κατά
829 1129 1009 1182 πάντα
1047 1128 1126 1198 τῷ
1155 1129 1304 1200 αὐτῷ
1343 1130 1486 1201 ἀγίῳ
1519 1129 1776 1202 συμϐόλῳ
1815 1130 1894 1201 τῷ

2005 1141 2195 1187 verunt
2221 1148 2342 1201 qua:
2363 1141 2492 1186 sunt
2513 1130 2663 1218 _[qua:
2690 1141 2816 1186 sunt
2845 1132 3050 1198 desunt,
3081 1141 3130 1185 et
3159 1133 3304 1202 apud
3335 1133 3578 1207 Leuncl.]

309 1221 468 1290 παρὰ
513 1218 622 1272 τῶν
661 1225 770 1288 τιη¹
809 1219 984 1287 ἁγίων
1017 1220 1275 1291 Πατέρων
1315 1220 1700 1292 παραδοθέντι,
1731 1221 1896 1290 ἐτρά-

315 1328 500 1366 νωσαν
537 1308 606 1362 τὰ
638 1309 768 1384 περὶ
788 1307 838 1339 ’³
862 1307 965 1379 τῆς
1001 1307 1257 1376 θεότητος
1297 1308 1391 1362 τοῦ
1434 1308 1592 1376 ἁγίου
1639 1307 1895 1378 Πνεῦμα-

262 1473 266 1477 _
309 1419 427 1466 τος.
465 1402 584 1453 Ἔτι
613 1399 786 1453 δὲκαὶ
826 1400 874 1452 oi
915 1399 973 1452 ὲν
1012 1398 1225 1468 Ἐφέσῳ
1267 1399 1627 1468 συναχθέντες
1663 1397 1724 1450 τὸ
1765 1396 1897 1468 πρό-

1995 1222 2064 1278 de
2137 1223 2338 1277 deitate
2395 1223 2566 1276 sancti
2618 1222 2876 1291 Spiritus.
2923 1221 3153 1291 lnSuper
3187 1231 3367 1276 autem
3405 1231 3454 1276 cl
3489 1223 3581 1292 qui

1997 1315 2055 1370 in
2083 1314 2302 1384 Epheso
2344 1313 2498 1384 prius
2529 1313 2744 1368 collecti
2788 1323 2916 1368 sunt
2965 1313 3135 1368 sancti
3171 1313 3354 1368 Patres
3385 1313 3582 1370 adver-

1997 1419 2092 1460 sus
2121 1403 2436 1458 Nestorium
2473 1401 2723 1473 impium,
2761 1411 2816 1458 et
2845 1403 2936 1472 qui
2973 1403 3028 1457 in
3067 1403 3413 1458 Chalcedone
3447 1419 3581 1459 con-
3694 1461 3702 1468 ,

309 1508 476 1562 τερον
493 1491 639 1558 ἅγιοι
682 1489 729 1522 ³⁵
776 1489 1018 1558 Πατέρες
1057 1487 1200 1540 κατά
1243 1487 1541 1558 Νεστορίου
1587 1485 1682 1540 τοῦ
1707 1486 1900 1539 δυσσε-

2005 1503 2274 1551 venerunt
2310 1494 2482 1550 sancti
2535 1493 2722 1549 Patres
2767 1495 3032 1549 adversus
3063 1495 3362 1565 Eutychem
3392 1493 3582 1566 [Euty-

201 1589 228 1609 '
310 1580 449 1643 ϐοῦς
478 1580 570 1634 καὶ
591 1581 640 1633 ot
681 1581 741 1633 ὲν
769 1579 1078 1650 Χαλκηδόνι
1108 1577 1256 1646 ἀγιοι
1285 1577 1530 1648 Πατέρες
1553 1576 1694 1631 κατά
1732 1577 1902 1630 Eii-ru-

1999 1603 2121 1643 cen.
2161 1588 2236 1642 sic
2264 1585 2414 1658 alibi]
2439 1585 2684 1656 impium,
2716 1585 2890 1640 secuti
2916 1601 3014 1655 per
3047 1585 3229 1640 omnia
3263 1586 3583 1655 praedictum

309 1673 453 1743 χοῦς
487 1671 580 1725 τοῦ
611 1669 928 1735 δυσσεϐοῦς,
960 1669 1424 1740 ἀκολουθήσαντες
1455 1669 1596 1723 κατὰ
1626 1670 1802 1724 πάντα
1823 1668 1902 1740 τῷ

2005 1687 2248 1736 sanctum
2299 1676 2615 1750 Symbolum
2669 1677 2785 1732 sive
2829 1677 3098 1730 Mathema
3133 1675 3280 1742 ﬁdei,
3325 1676 3582 1732 condem-

309 1762 596 1834 είρημένῳ
622 1763 764 1834 ἁγίῳ
780 1761 1034 1832 συμϐόλῳ
1062 1763 1182 1835 ἦτοι
1215 1761 1502 1833 μαθήματι
1519 1765 1617 1832 τῆς
1643 1762 1896 1826 πίστεως,

2001 1779 2274 1825 naverunt
2317 1770 2605 1840 praedictos
2639 1767 2926 1824 haereticos
2959 1783 3064 1822 una
3097 1783 3224 1822 cum
3255 1783 3444 1824 eorum
3479 1767 3584 1821 im-

309 1851 681 1906 κατεὸίκασαν
704 1852 832 1914 τοὺς
858 1851 1294 1922 προειρημένους
1307 1854 1616 1922 αίρετικοὺς
1635 1851 1775 1922 μετά
1800 1851 1900 1920 τῆς

2005 1861 2225 1932 pietate,
2261 1838 2564 1933 ethos-let
2609 1859 2714 1933 his]
2747 1858 2842 1930 qui
2876 1858 3077 1916 similia
3119 1859 3230 1915 illis
3261 1867 3580 1929 sapuerunt,

309 1943 504 2010 αὺτῷν
533 1941 790 2006 ἀσεϐείας
819 1945 916 1997 καὶ
946 1943 1054 1998 τῶν
1085 1944 1156 1999 τὰ
1199 1943 1362 2015 ὃμοια
1385 1945 1570 2010 αὐτοῖς
1597 1944 1903 2017 φρονησὰνο

309 2053 428 2090 των
461 2035 493 2104 ἢ
530 2035 903 2107 φρονούντων.

399 2129 540 2182 «Καὶ
564 2127 702 2198 πρὸς
747 2127 961 2192 τούτοις
992 2126 1394 2200 ἀνεθεμάτισαν,
1415 2130 1543 2194 τοὺς
1561 2130 1747 2200 ἕτερον
1779 2130 1904 2200 ὅρον

317 2219 559 2282 πίστεως
603 2219 723 2289 ἢτοι
750 2218 1028 2290 Σύμϐολον
1073 2222 1169 2274 καὶ
1207 2221 1459 2292 Μάθημα
1511 2221 1905 2294 παραδιδόντας

313 2313 433 2372 τοῖς
467 2307 788 2378 προσιοῦσιν
826 2307 906 2381 τῷ
951 2311 1094 2382 ἁγίῳ
1135 2311 1473 2382 βαπτίσματι
1505 2311 1538 2382 ἢ
1587 2311 1647 2378 ἐξ
1686 2312 1802 2374 οἵας
1840 2312 1903 2382 δή

313 2417 454 2453 ποτε
487 2401 534 2432 ’δ
569 2399 838 2472 αἱρέσεως
885 2400 1276 2473 ἐπιστρέφουσι
1330 2401 1484 2470 παρὰ
1529 2401 1620 2454 τὸν
1667 2401 1906 2472 παραδο-

309 2493 504 2558 θέντα,
548 2492 624 2554 ὡς
647 2491 886 2568 εζρηται,
921 2491 1027 2544 ὑπὸ
1051 2491 1160 2546 τῶν
1188 2498 1254 2545 τι⁹
1285 2493 1378 2545 καὶ
1402 2491 1453 2564 η’
1471 2493 1514 2525 ⁸⁷
1551 2493 1720 2561 ἁγίων
1743 2492 1908 2563 359

312 2583 584 2654 Πατέρων
632 2582 728 2636 καὶ
774 2581 1119 2654 τρανωθέντα
1149 2581 1252 2634 ὑπὸ
1303 2582 1410 2638 τῶν
1470 2581 1744 2653 ρν”ἀγίων
1791 2585 1906 2638 Πα-

307 2675 515 2746 τέρων.

401 2785 420 2816 ε
451 2764 670 2818 Τούτων
716 2763 888 2827 οὕτως
913 2767 1148 2835 ἐχόντων
1179 2766 1498 2837 συνείδαμεν
1532 2768 1580 2800 ’⁸
1602 2768 1696 2820 καὶ
1731 2766 1906 2838 κεφά-

310 2859 450 2913 λαια
487 2854 786 2922 ὑποτάξαι,
815 2857 917 2928 τήν
937 2873 998 2909 τε
1023 2857 1120 2928 τῆς
1151 2857 1319 2930 ὀρθῆς
1350 2859 1583 2922 πίστεως
1616 2859 1908 2930 ὁμολογίαν

313 2952 380 3006 ὲν
417 2949 667 3020 συντόμῳ
710 2948 812 3018 τήν
853 2965 912 3000 τε
954 2947 1062 3002 τῶν
1109 2949 1154 2981 θ’
1187 2949 1481 3023 αἱρετικῶν
1529 2950 1853 3023 κατάκρισιν
1887 2950 1904 2980 ¹

286 3053 390 3138 :rrs
398 3042 672 3114 ριέχοντα.
1682 3049 1686 3052 ·

2002 1953 2090 2008 vel
2115 1953 2358 2024 sapiunt.

2076 2133 2098 2186 ἢ
2131 2133 2198 2188 Ει
2225 2146 2390 2202 super
2409 2131 2526 2186 haec
2545 2126 3148 2186 anathematizaverunt
3171 2147 3284 2198 eos,
3309 2131 3401 2202 qui
3426 2131 3584 2186 aliam

2004 2220 2380 2276 deﬁnitionem
2431 2219 2590 2284 ﬁdei,
2642 2218 2758 2273 sive
2797 2217 3134 2288 Symbolum,
3175 2219 3290 2272 sive
3320 2217 3588 2272 Mathema

2007 2313 2230 2368 tradunt
2272 2310 2662 2377 accedentibus
2698 2309 2764 2364 ad
2797 2320 3046 2365 sanctum
3087 2309 3379 2378 baptisma,
3409 2309 3494 2364 vel
3523 2323 3589 2364 ex

2004 2418 2329 2476 quacunque
2358 2402 2552 2458 haeresi
2589 2401 2890 2466 conversis,
2915 2410 3112 2471 praeter
3140 2400 3397 2456 traditum
3427 2400 3592 2470 (sicut

2004 2495 2210 2552 dictum
2239 2495 2344 2566 εει)
2382 2509 2414 2548 a
2452 2492 2714 2547 trecentis
2752 2488 2942 2547 decem
2991 2501 3048 2546 et
3077 2500 3202 2546 octo
3243 2491 3447 2546 sanctis
3485 2491 3590 2546 Pa-

2007 2587 2201 2652 tribus,
2226 2595 2282 2640 et
2309 2585 2657 2654 explanatum
2704 2599 2736 2638 a
2778 2591 3001 2640 centum
3038 2582 3433 2654 quinquaginta
3463 2598 3592 2638 san-

2006 2679 2108 2734 ctis
2125 2677 2406 2732 .Patribus.
2925 2735 2933 2740 ῃ

2083 2789 2103 2822 ι
2143 2768 2236 2824 His
2275 2769 2348 2824 ita
2381 2783 2440 2823 se
2483 2767 2836 2832 habentibus,
2871 2765 3252 2836 perspeximus
3281 2775 3335 2820 et
3357 2765 3590 2836 capitula

2007 2875 2342 2932 supponere,
2399 2861 2599 2930 quibus
2654 2867 2764 2912 tam
2827 2867 2989 2912 rectae
3020 2856 3143 2912 ﬁdei
3205 2855 3593 2926 compendiosa

2007 2953 2300 3020 confessio,
2345 2968 2507 3023 quam
2552 2951 2933 3006 haereticorum
2984 2940 3371 3004 condemnatio
3413 2947 3595 3002 conti-

2007 3053 2189 3100 netur.

399 3150 418 3184 ι
446 3133 514 3186 Εἴ
534 3149 618 3196 τις
643 3131 779 3202 οὐχ¹
800 3131 1064 3202 ’ὁμολογεῖ
1094 3133 1308 3204 Πατέρα
1331 3135 1428 3188 καὶ
1464 3133 1595 3188 Υίὸν
1625 3135 1720 3190 καὶ
1749 3133 1903 3204 ἅγιον

2087 3153 2105 3184 α
2143 3131 2184 3186 Ι.
2219 3131 2275 3187 Si
2309 3133 2434 3202 quis
2456 3144 2567 3186 non
2598 3129 2888 3185 conﬁtetur
2916 3128 3154 3194 Patrem,
3189 3138 3244 3182 et
3271 3127 3466 3182 Filium
3488 3169 3502 3191 ,
3543 3139 3598 3182 et

313 3223 571 3295 Πνεῦμα,
627 3223 838 3295 Τριάδα
899 3223 1208 3295 ὀμοούσιον,
1258 3225 1391 3296 μίαν
1436 3225 1690 3294 θεότήτα,
1737 3227 1903 3298 ἤγουν

2013 3225 2279 3298 Spiritum
2333 3231 2614 3286 sanctum,
2675 3220 2996 3274 Trinitatem
3049 3217 3592 3281 consubstantialem,

313 3315 486 3386 φύσιν
535 3316 629 3370 καὶ
667 3315 878 3382 οὐσίαν,
919 3316 1050 3386 μίαν
1081 3333 1142 3370 τε
1176 3316 1412 3387 δύναμιν
1437 3319 1532 3372 καὶ
1572 3318 1820 3385 ἐξουσίαν
1849 3320 1903 3373 ἐν

2007 3333 2171 3374 unam
2219 3315 2498 3378 deitatem,
2559 3327 2654 3367 seu
2691 3321 2972 3373 naturam,
3010 3320 3066 3364 et
3110 3310 3493 3374 substantiam,
3539 3309 3597 3363 et

311 3406 504 3490 τρισὶν
535 3406 904 3460 ὑποστάσεσιν
925 3449 940 3472 ,
985 3407 1154 3477 ἤγουν
1199 3408 1534 3478 προσώποις,
1569 3425 1907 3479 προσκυνου-

316 3496 519 3569 μένην,
551 3497 580 3548 ό
602 3495 844 3561 τοιοῦτος
871 3496 1117 3568 ἀνάθεμα
1147 3497 1310 3552 ἔστω.

400 3589 500 3642 «Et
517 3605 602 3652 τις
623 3589 724 3658 οὐχ
748 3589 1002 3659 ὁμολογεῖ
1037 3590 1130 3642 τὸν
1171 3590 1278 3660 πρὸ
1307 3589 1520 3644 αἰώνων
1549 3592 1646 3646 καὶ
1665 3591 1910 3663 ἀχρόνως

314 3681 388 3734 ὲκ
421 3677 516 3732 τοῦ
551 3680 768 3750 [ἰατρὸς
804 3678 1139 3750 γεννηθέντα
1171 3680 1304 3734 Θεὸν
1333 3682 1528 3749 Λόγον,
1549 3682 1634 3736 ἐπ’
1666 3683 1910 3753 ἐσχάτων

312 3766 435 3822 τῶν
453 3768 680 3840 ἡμερῶν
713 3767 1066 3839 σαρκωθέντα
1099 3769 1162 3821 ὲκ
1195 3769 1296 3840 τῆς
1336 3769 1494 3838 ἁγίας
1523 3769 1786 3824 Θεοτόκου
1819 3770 1911 3824 καὶ

327 3857 722 3928 ’Λειπαρθένου
747 3857 969 3924 Μαρίας
1011 3859 1413 3930 καὶ,άνθρωπον
1443 3860 1754 3931 γενόμενον,
1783 3878 1910 3929 γεν-

317 3947 555 4018 νηθέντα
597 3949 658 4014 ἐξ
697 3949 892 4020 αὐτῆς,
934 3949 1031 4004 καὶ
1070 3949 1160 4003 διά
1200 3948 1364 4004 τοῦτο
1409 3949 1504 4004 τοῦ
1542 3950 1708 4005 αὐτοῦ
1735 3950 1912 4004 Θεοῦ³

316 4042 499 4109 Λόγου
532 4036 672 4096 εἶναι
709 4043 808 4106 τὰς
853 4041 947 4096 δύο
976 4043 1280 4114 γεννήσεις,
1327 4044 1428 4114 τήν
1462 4059 1522 4094 τε
1563 4042 1670 4112 πρὸ
1700 4041 1913 4097 αἰώνων

317 4131 634 4200 ἀσωμάτως
669 4132 765 4184 καὶ
790 4131 892 4203 τὴν
933 4132 1021 4184 ἐπ’
1056 4131 1305 4202 ἐσχάτων
1346 4131 1456 4186 τῶν
1499 4131 1724 4202 ἡμερῶν
1773 4132 1914 4185 κατά

323 4224 535 4297 σάρκα,
568 4226 596 4279 ὁ
622 4223 865 4293 τοιοῦτος
882 4224 1133 4300 ἀνάθεμα
1153 4224 1312 4279 ἔστω.

2012 3421 2174 3460 unam
2204 3405 2460 3460 virtutem
2497 3409 2553 3454 et
2581 3407 2907 3468 potestatem
2945 3396 2999 3450 in
3031 3397 3204 3450 tribus
3229 3396 3598 3451 subsistentiis

2011 3513 2107 3554 seu
2138 3488 2387 3568 personis
2409 3489 2762 3552 adorandam,
2793 3489 2917 3543 talis
2949 3487 3239 3540 anathema
3269 3485 3360 3540 sit.

2085 3608 2104 3641 ι
2140 3587 2205 3643 ll.
2257 3585 2312 3640 Si
2339 3585 2464 3655 quis
2501 3598 2610 3636 non
2636 3582 2930 3635 conﬁtetur
2956 3594 3102 3643 eum,
3135 3579 3224 3646 qui
3252 3586 3377 3631 ante
3403 3576 3599 3631 sacula

2011 3689 2069 3736 ει
2093 3679 2225 3734 sine.
2243 3686 2490 3746 tempore
2525 3687 2592 3727 ex
2636 3671 2802 3727 Patre
2831 3679 2992 3724 natus
3021 3678 3126 3735 est,
3163 3667 3330 3722 Deum
3359 3667 3600 3722 Verbum

2014 3773 2068 3826 in
2110 3769 2316 3824 ultimis
2343 3767 2541 3822 diebus
2573 3763 2925 3819 descendisse
2959 3762 3028 3816 de
3059 3761 3232 3825 ccelis,
3264 3769 3320 3814 et
3348 3760 3602 3815 incarna-

2015 3872 2128 3916 tum
2177 3875 2298 3915 esse
2331 3860 2399 3914 de
2441 3866 2627 3912 sancta
2657 3855 2888 3925 gloriosa
2924 3854 3017 3908 Dei
3053 3852 3328 3909 Genitrice
3357 3860 3414 3907 et
3455 3867 3604 3906 sem-
3663 3903 3667 3906 .

2014 3969 2111 4024 per
2142 3932 2360 4022 Virgin'e
2389 3949 2576 4014 Maria,
2613 3958 2668 4002 et
2695 3947 2972 4001 hominem
3009 3943 3235 4011 factum,
3265 3953 3454 3997 natum
3483 3957 3604 3998 esse

2014 4061 2079 4100 ex
2109 4047 2244 4115 ipsa,
2267 4053 2323 4098 et
2357 4051 2580 4112 propter
2607 4041 2710 4093 hoc
2735 4038 2977 4108 ejusdem
3017 4035 3108 4090 Dei
3137 4034 3293 4089 Verbi
3325 4034 3460 4088 duas
3481 4048 3604 4087 esse

2014 4137 2346 4200 nativitates,
2379 4149 2496 4189 eam
2535 4147 2658 4202 qua
2691 4139 2774 4186 est
2805 4131 2860 4184 in
2901 4127 3106 4182 ultimis
3152 4127 3347 4181 diebus
3383 4123 3605 4196 [nativi-

2016 4238 2176 4292 tates,
2211 4243 2333 4297 quae
2359 4235 2445 4280 est
2471 4233 2599 4278 ante
2637 4221 2835 4277 smcula
2869 4218 3360 4289 incorporabilitcr,
3393 4227 3448 4272 et
3483 4232 3606 4287 quae

2017 4329 2102 4376 est
2148 4321 2202 4374 in
2236 4319 2334 4374 ult.
2389 4317 2464 4370 sic
2503 4317 2664 4370 etiam
2721 4309 2962 4383 Leu_ncl.]
3017 4311 3318 4366 secundum
3359 4324 3604 4376 carnem,

403 4509 426 4544 ι
449 4491 515 4545 EE
538 4507 622 4553 τις
637 4489 788 4560 λέγει
818 4489 976 4546 ἄλλον
1000 4485 1138 4544 εἶναι
1163 4491 1256 4544 τὸν
1289 4491 1422 4546 Θεὸν
1451 4491 1623 4561 Λόγον
1655 4493 1746 4546 τὸν
1795 4491 1903 4546 θαυ·

2020 4408 2141 4464 talis
2173 4407 2462 4461 anathema
2494 4407 2582 4459 sit.
2776 4419 2781 4423 ·

2098 4517 2116 4550 ι
2152 4496 2237 4551 lli.
2281 4495 2336 4551 Si
2365 4494 2490 4566 quis
2523 4493 2653 4548 dicit
2695 4491 2860 4546 alium
2895 4503 3014 4544 csse
3048 4490 3220 4544 Deum
3245 4487 3482 4542 Verbum
3512 4486 3606 4556 qui

327 4583 794 4669 ματουργήσαντα
816 4583 911 4636 καὶ
947 4582 1106 4636 ἄλλον
1128 4583 1219 4636 τὸν
1252 4583 1492 4655 Χριστὸν
1520 4585 1613 4638 τὸν
1647 4585 1903 4650 παθόντα,

2016 4589 2275 4645 miracula
2325 4581 2584 4658 operatus
2613 4592 2720 4649 est,
2753 4592 2808 4637 et
2843 4581 3010 4636 alium
3060 4580 3334 4636 Christum
3363 4577 3454 4648 qui
3479 4593 3605 4648 pas-

319 4674 360 4745 ἦ
392 4671 487 4727 τὸν
525 4672 660 4726 Θεὸν
689 4673 864 4741 Λόγον
901 4674 1142 4727 συνεῖναι
1180 4672 1332 4742 λέγει
1365 4673 1444 4744 τῷ
1476 4675 1718 4746 Χριστῷ,
1760 4691 1903 4744 γενο-

2015 4697 2111 4738 sus
2147 4689 2254 4746 est,
2277 4689 2370 4734 aut
2417 4677 2550 4733 dicit
2588 4675 2758 4730 Deum
2798 4675 3033 4729 Verbum
3081 4687 3204 4727 cum
3229 4670 3450 4726 Christo
3485 4685 3608 4726 esse

325 4762 476 4833 μένῳ
512 4763 578 4815 ὲκ
615 4763 902 4831 γυναικὸς,
944 4762 979 4832 ἢ
1038 4764 1098 4816 ὲν
1142 4762 1296 4834 αὺτῷ
1351 4759 1493 4816 εἶναι
1540 4763 1616 4827 ὡς
1659 4763 1820 4817 ἄλλον
1856 4763 1903 4816 ἐι

2013 4783 2277 4831 nascente
2325 4789 2392 4828 ex
2435 4770 2687 4834 muliere,
2725 4768 2812 4822 vel
2846 4767 2900 4820 in
2933 4766 3052 4835 ipso
3083 4779 3206 4820 esse
3239 4772 3494 4832 tanquam
3525 4763 3606 4817 al-

320 4855 492 4925 ᾶλλῳ,
529 4853 644 4909 ἀλλ’
691 4854 812 4925 οὐχὶ
841 4855 938 4908 ἕνα
985 4855 1081 4908 καὶ
1108 4855 1131 4886 ⁵
1170 4855 1262 4908 τὸν
1296 4855 1458 4908 αὑτὸν
1505 4854 1712 4926 Κύριον
1759 4853 1903 4926 ήμῶι

2016 4873 2192 4921 terum
2232 4865 2286 4920 in
2315 4865 2507 4928 altero,
2541 4861 2657 4917 sed.
2689 4865 2795 4913 nan
2829 4873 2995 4914 unum
3031 4857 3391 4924 eamdemque
3429 4853 3610 4908 Domi-

320 4944 536 5015 Ἰησοῦν
558 4945 796 5016 Χριστὸν
833 4945 925 4998 τὸν
946 4945 1040 4998 τοῦ
1075 4945 1211 4998 Θεοῦ
1241 4945 1414 5013 Λόγον
1439 4946 1792 5018 σαρκωθέντα
1821 4948 1903 5000 καΊ

2019 4969 2148 5009 num
2180 4961 2428 5007 nostrqu
2471 4948 2658 5004 Iesum
2699 4946 3003 5010 Christum,
3043 4942 3214 4998 Deum
3251 4941 3490 4998 Verbum
3527 4942 3611 4994 in-

323 5036 849 5108 ὲνανθρωπήσαντα,
883 5039 975 5091 καὶ
1009 5037 1103 5092 τοῦ
1129 5038 1294 5092 αὑτοῦ
1333 5038 1402 5092 τά
1445 5055 1506 5090 τε
1548 5037 1804 5108 θαύματα
1827 5039 1903 5092 κα¹

2018 5053 2302 5102 carnatum
2335 5052 2391 5096 et
2443 5041 2722 5096 hominem
2769 5039 3000 5100 factum,
3045 5044 3100 5090 et
3145 5036 3390 5106 ejusdem
3439 5033 3612 5103 ipsius

323 5131 398 5184 τά
437 5130 606 5202 πάθη,
636 5130 778 5202 ἅπερ
813 5131 1075 5196 ἑκουσίως
1113 5131 1379 5200 ὑπέμεινε
1413 5133 1599 5201 σαρκί,
1631 5129 1903 5193 ὁτοιοῦτος

2007 5128 2280 5192 ’ωἱι-ιιευία
2305 5141 2360 5188 ει
2397 5132 2700 5202 passiones,
2741 5147 2876 5199 quas
2907 5143 3072 5184 carne
3101 5138 3296 5198 sponte
3327 5125 3609 5182 sustinuit.

325 5221 578 5294 ἀνάθεμα
603 5216 763 5276 ἔστω.

2024 5228 2146 5285 talis
2173 5227 2464 5282 anathema
2488 5223 2578 5278 sit.

407 5315 508 5368 σΕῐ
533 5332 617 5379 τις
646 5315 795 5385 λέγει
829 5315 968 5370 κατὰ
991 5317 1169 5388 χάριν,
1205 5317 1236 5386 ἦ
1268 5315 1388 5370 κατ’
1410 5317 1712 5388 ἐνέργειαν,
1742 5315 1774 5388 ἥ
1799 5315 1919 5370 κατ’

331 5406 508 5475 ἀξίαν,
548 5407 576 5472 ἦ
611 5408 731 5461 κατ’
763 5407 1054 5476 ἰσοτιμίαν,
1095 5407 1272 5478 ἧκα-τ’
1295 5407 1605 5474 αὐθεντίαν,
1645 5407 1677 5478 ἢ
1717 5409 1920 5476 ἀναφο-

2105 5337 2124 5368 ‹
2172 5316 2261 5370 IV.
2297 5314 2353 5370 Si
2390 5315 2512 5384 quis
2541 5313 2673 5369 dicit
2701 5313 3000 5368 secundum
3027 5311 3276 5382 gratiam,
3302 5309 3386 5366 vel
3413 5325 3612 5364 secun-

2029 5411 2158 5466 dum
2223 5409 2618 5478 operationem,
2670 5406 2754 5460 vel
2811 5405 3110 5461 secundum
3150 5403 3486 5475 dignitatem,
3528 5399 3613 5454 vel

1633 5568 1867 5624 VARUE
1910 5565 2320 5624 LECTIONES.

1665 5665 1712 5693 ⁹¹⁶
1772 5663 1921 5732 περί.
1950 5662 2101 5732 παρὰ
2144 5643 2376 5732 Ρνξ-ξδ
2414 5657 2639 5732 οἱᾲᾶγιοι
2766 5727 2775 5732 _
2817 5655 2862 5686 ⁹⁶
2890 5653 3008 5732 οἶες
3048 5650 3178 5732 ποτέ
3201 5650 3279 5732 ξ’·
3306 5644 3608 5732 ,⁹⁷ντιη’,ξό

405 5664 510 5734 ’τῆ
653 5665 787 5736 Sola.
887 5665 931 5698 ’³
975 5664 1420 5736 ’Δπολιναριστοῦ
1466 5664 1587 5736 _PV.
1632 5665 1712 5736 _”'
1772 5664 1921 5732 περί.
1950 5664 2101 5736 παρά
2144 5664 2376 5736 Ρνηί-ξσ
2414 5664 2775 5736 οί-ἆγιοι-Υε,
2817 5664 2862 5686 ’⁵
2890 5664 3008 5736 οἶες
3048 5664 3178 5736 ποτὲ
3200 5664 3331 5736 ξεί,

2465 5730 2484 5759 ¹
2509 5717 2608 5780 οὒκ
2659 5725 2694 5780 ν
2725 5727 2810 5780 hic
2842 5741 2893 5778 ει
2929 5725 3012 5777 15.
3150 5719 3170 5750 ³
3199 5717 3334 5772 Θεοῦ
3387 5731 3500 5772 om.
3538 5717 3604 5773 l'.

338 5739 384 5774 ’³
416 5735 735 5804 συνοίδαμεν
762 5735 821 5789 Ρ.

383 5804 477 5867 καὶ
499 5820 608 5869 om.
633 5805 692 5870 ι».

887 5665 931 5698 ’³
975 5662 1420 5734 ’Δπολιναριστοῦ
1467 5661 1587 5734 PV.

923 5735 968 5767 '9
1013 5735 1122 5788 τῶν
1145 5728 1253 5790 οηί.
1293 5731 1352 5786 Ρ.
1464 5733 1476 5762 ¹
1512 5728 1860 5805 κατᾶκρισινξ
1889 5728 2226 5804 παρᾶκρισιν
2258 5728 2366 5786 l’V.
