4040 6434
577 329 679 394 927

1772 339 2209 400 CHRONICON
2249 342 2652 412 PASCHALE.

3686 370 3762 434 {F23

574 440 879 495 secundum
918 442 1279 512 aquam-atem
1335 444 1575 508 honoris,
1610 449 1694 501 vel
1731 450 2030 504 secundum
2061 466 2136 505 att

2230 508 2234 517 ,
2266 454 2386 524 ράν,
2417 456 2450 527 ἢ
2483 458 2689 529 σχέσιν,
2726 459 2759 528 ἢ
2791 459 3021 532 δύναμιν
3046 462 3143 535 τὴν
3158 463 3351 518 ἕνωσιν
3380 467 3469 521 τοῦ
3495 468 3612 526 Θεοῦ
3630 475 3761 547 Λόγου

577 531 905 596 ctoritatem,
935 531 1021 587 vel
1048 534 1391 602 relationem,
1425 537 1508 593 vel
1552 537 1828 605 allectum,
1869 541 1951 596 vel
1985 542 2159 597 virtu-

581 630 711 687 tem,
744 623 1046 679 unitionem
1075 625 1169 681 Dei
1194 626 1355 683 Verbi
1380 630 1449 684 ad
1481 631 1758 686 hominem
1783 632 1981 689 factam
2012 650 2158 703 esse,

578 716 669 769 vel
719 715 1018 791 secundum
1071 717 1496 790 homonymiam.
1539 737 1635 793 per
1654 740 1818 793 quam
1851 725 2158 783 Nestoriani

570 788 633 861 tet
692 788 866 862 Deum
901 807 1139 864 Verbum
1171 788 1430 868 vocantes
1468 788 1747 871 Christum
1775 827 1833 873 et
1878 819 2156 877 hominem

570 892 868 967 ‘separatim
935 900 1215 957 Christum
1278 905 1658 974 nominantes,
1716 910 1833 966 solo
1889 914 2155 969 vocabulo

574 1006 745 1046 unum
801 991 1080 1049 Christum
1127 994 1363 1051 dicunt:
1403 1005 1499 1052 aut
1548 999 1595 1055 si
1639 1003 1762 1071 quis
1807 1018 1903 1074 per
1953 1002 2153 1062 bonam

570 1081 905 1137 voluntatem
931 1084 1065 1139 dicit
1090 1086 1393 1143 unitionem
1426 1088 1623 1145 factam
1646 1107 1790 1159 esse,
1815 1094 1957 1151 sicut
1982 1096 2155 1153 Theo-

476 1164 485 1171 ’
570 1171 737 1229 dorus
787 1175 1081 1232 haereticus
1137 1177 1274 1248 ipsis
1319 1181 1501 1237 verbis
1546 1182 1710 1249 dicit,
1751 1187 1905 1255 quasi
1950 1188 2155 1257 placuit

570 1256 681 1320 Deo
703 1265 883 1322 Verbo
930 1267 1125 1335 homo,-
1164 1284 1231 1326 eo
1271 1272 1416 1341 quod
1466 1273 1607 1329 bene
1636 1275 1812 1332 visum
1863 1256 1967 1335 esti
1994 1281 2043 1335 ei
2082 1284 2153 1338 de

568 1351 707 1422 ipso,
753 1354 847 1409 sed
901 1371 1010 1410 non
1058 1358 1362 1418 secundum
1402 1361 1809 1417 subsistentiam
1859 1365 1955 1421 Dei
1989 1365 2151 1424 Verbi

565 1444 633 1499 ad
679 1461 899 1502 carnem
946 1448 1248 1504 animatum
1293 1452 1475 1507 anima
1527 1453 1776 1510 rationali
1832 1468 1887 1512 et
1933 1459 2150 1517 intelle-

566 1536 733 1590 ctuali
759 1538 1067 1593 unitionem
1092 1541 1408 1609 conﬁtetur,
1448 1551 1502 1598 et
1529 1545 1653 1600 ideo
1676 1563 1839 1603 unam
1871 1551 1989 1620 eius
2019 1553 2150 1608 sub-

566 1626 870 1683 sistentiam
905 1633 1262 1702 compositam
1300 1649 1444 1698 esse,
1487 1638 1609 1692 talis
1636 1640 1926 1703 anathema
1957 1643 2048 1698 sit.

640 1737 659 1770 ι
701 1717 760 1773 V.
808 1719 1008 1791 Siquis
1050 1738 1150 1792 per
1191 1725 1533 1793 relationem,
1588 1737 1684 1784 aut
1739 1731 1998 1799 abusive,
2050 1735 2145 1792 Dei

2261 545 2398 615 πρὸς
2424 545 2714 619 ἄνθρωπον
2737 550 3090 621 γεγενῆσθαι,
3119 554 3152 623 ἢ
3180 554 3302 607 καθ’
3329 557 3639 630 ὁμωνυμίαν,
3674 545 3764 623 καθ’

2256 635 2325 707 ἢν
2372 638 2422 690 oi
2471 638 2849 711 Νεστοριανοὶ,
2896 642 2988 696 καὶ
3034 643 3127 696 τὸν
3163 643 3298 699 Θεὸν
3328 647 3348 679 ⁸
3376 648 3537 718 Λόγον
3560 654 3762 725 Χριστὸνα

2258 726 2572 794 καλοῦντες,
2626 733 2722 785 καὶ⁸
2770 733 2863 786 τὸν
2914 733 3201 807 ἄνθρωπον
3238 743 3633 812 κεχωρισμένως
3663 749 3764 820 Χρι-

2256 820 2381 872 στὸν
2405 819 2787 890 ὀνομάζοντες,
2826 823 2969 878 κατά
3001 824 3173 897 μόνην
3202 828 3304 898 τὴν
3335 837 3670 905 προσηγορίαν
3693 819 3765 895 Eva

2255 908 2492 980 Χριστὸν
2524 910 2799 981 λέγοντες,
2848 914 2881 986 ἢ
2921 915 2975 968 εῐ
3006 932 3091 978 τις
3121 916 3270 987 λέγει
3301 923 3421 974 κατ’
3448 923 3668 981 εὐδοκίαν
3691 933 3765 1002 τὴν

2252 998 2446 1053 ἔνωσιν
2478 1001 2830 1071 γεγενῆσθαι,
2866 1002 3052 1070 καθὼς
3074 1005 3349 1081 Θεόδωρος
3373 1012 3401 1064 6
3426 1014 3670 1084 αίρετικδς
3691 998 3765 1074 ad-

2250 1092 2373 1154 ταῖς
2395 1090 2573 1157 λέξεσι
2630 1094 2801 1163 λέγει,
2829 1094 2906 1160 ὡς
2942 1098 3266 1168 ἀρεσθέντος
3298 1101 3391 1156 τοῦ
3429 1103 3556 1159 Θεοῦ
3587 1109 3730 1179 Λόγου
3749 1115 3765 1145 ¹

2249 1178 2344 1232 τοῦ
2375 1180 2666 1252 ἀνθρώπου
2705 1184 2814 1237 ἀπὸ
2842 1184 2937 1238 τοῦ
2967 1182 3026 1241 εὖ
3051 1189 3145 1242 καὶ
3166 1189 3306 1244 καλά
3338 1191 3481 1259 δόξαι
3517 1178 3767 1272 αὐτῷίπερὶ

2251 1269 2441 1332 αὐτοῦ,
2489 1271 2606 1325 ἀλλ’
2655 1274 2778 1344 οὐχὶ
2822 1276 2946 1329 καθ’
2987 1278 3285 1333 ὑπόστασιν
3326 1282 3419 1335 τοῦ
3470 1284 3595 1340 Θεοῦ
3632 1291 3765 1360 Λόγου

2250 1360 2386 1430 πρὸς
2421 1363 2519 1432 τὴν
2557 1363 2758 1436 σάρκα,
2815 1368 3180 1442 ὲψυχωμένην
3218 1371 3242 1404 ⁸
3294 1372 3438 1445 ψυχῇ
3484 1377 3654 1450 λογικῇ
3697 1384 3766 1437 καὶ

2248 1454 2430 1522 νοερᾷ,
2459 1453 2559 1524 τὴν
2592 1455 2787 1508 ἕνωσιν
2815 1458 3090 1528 ὁμολογεῖ,
3119 1461 3215 1515 καὶ
3242 1462 3335 1517 διὰ
3373 1463 3526 1519 τοῦτο
3559 1468 3670 1539 μίαν
3694 1474 3766 1525 αὺ-

2245 1541 2341 1595 τοῦ
2392 1544 2491 1613 τὴν
2536 1546 2833 1603 ὑπόστασιν
2879 1549 3156 1619 σύνθετον,
3202 1556 3231 1608 ό
3286 1556 3521 1623 τοιοῦτος
3569 1562 3766 1635 ἀνάθεμα

2247 1629 2408 1685 ἔστω.

2325 1724 2424 1776 «Et
2448 1704 2531 1789 τις
2555 1728 2693 1782 κατά
2716 1729 2997 1802 ἀναφορὰν
3028 1731 3061 1804 ἢ
3093 1738 3543 1807 καταχρηστωέὗς
3556 1741 3765 1799 Θεοτόκον

562 1807 895 1867 Geaitricem
938 1813 1074 1869 dicit
1106 1827 1349 1872 sanetam
1393 1819 1681 1890 gloriosam
1721 1838 1938 1896 semper
1966 1825 2136 1900 Virgi-

2247 1813 2395 1884 λέγει
2422 1815 2521 1887 τὴν
2553 1817 2718 1886 άγίαν
2760 1819 2968 1887 ἔνδοξον
2989 1824 3379 1896 ’Λειπαρθένον
3426 1830 3628 1901 Μαρίαν
3651 1833 3679 1906 ἡ
3703 1836 3765 1889 ἀν-

560 1917 687 1958 nem
730 1904 973 1971 Mariam,
1014 1918 1108 1961 aut
1159 1908 1398 1965 hominis
1445 1912 1788 1982 genitricem,
1838 1927 1935 1972 aut.
1982 1919 2144 1976 Chri-

490 1993 494 1996 ⁴
560 2001 830 2061 stotocon,
869 2007 1126 2075 tanquam
1150 1998 1370 2056 Christo
1411 2002 1523 2058 Deo
1554 2021 1666 2060 non
1694 2007 2015 2076 exsistente,
2046 2014 2144 2069 sed

560 2100 673 2139 non
699 2088 918 2157 proprie
940 2095 996 2143 et
1021 2104 1147 2145 vere
1162 2090 1257 2145 Dei
1279 2090 1808 2165 Genitrieemipsam
1828 2100 2139 2171 conﬁtetur,

560 2190 625 2228 eo
653 2178 796 2244 quod
842 2178 957 2247 ipse
1002 2180 1096 2249 qui
1143 2190 1272 2236 ante
1312 2184 1511 2246 saecula
1555 2200 1623 2239 ex
1663 2184 1824 2244 Patre
1858 2201 2021 2248 natus
2059 2204 2145 2251 est

558 2266 704 2322 Deus
732 2267 994 2336 Verbum,
1031 2271 1086 2325 in
1129 2272 1335 2330 ultimis
1372 2275 1565 2332 diebus
1586 2293 1651 2333 ex
1680 2280 1795 2350 ipsa
1827 2281 2146 2341 incarnatus

555 2366 614 2413 et
640 2367 801 2414 natus
828 2367 934 2426 est,
968 2360 1093 2416 talis
1119 2363 1412 2421 anathema
1443 2360 1537 2421 sit:

632 2466 651 2499 ι
692 2445 773 2504 Vl.
812 2448 867 2505 Si
898 2451 1023 2520 quis
1077 2468 1188 2508 non
1230 2454 1523 2511 conﬁtetur
1552 2457 1842 2516 Dominum
1891 2474 2142 2522 nostrum

552 2536 741 2594 Jesum
797 2539 1073 2599 Christum
1134 2545 1227 2616 qui
1271 2562 1436 2603 carne
1488 2550 1779 2609 cruciﬁxus
1823 2563 1926 2623 est,
1969 2555 2139 2615 Deum

552 2645 674 2688 esse
706 2648 913 2700 verum,
947 2644 1003 2691 et
1028 2636 1318 2693 Dominum
1349 2639 1556 2710 gloriae,
1583 2651 1639 2697 et
1657 2660 1827 2700 unum
1856 2648 1926 2703 de
1952 2660 2140 2707 sancta

552 2722 839 2792 Trinitate,
875 2728 996 2783 talis
1023 2722 1315 2786 anathema
1340 2731 1430 2788 sit.

627 2835 647 2868 ι
689 2814 803 2873 Vll.
839 2817 895 2874 Si
936 2820 1061 2890 quis
1094 2821 1150 2876 in
1172 2822 1385 2880 duabus
1413 2827 1621 2884 naturis
1655 2828 1843 2887 dicens
1866 2849 1978 2890 non
2014 2845 2139 2892 tan-

549 2924 713 2978 quam
771 2911 826 2965 in
879 2912 1087 2970 deitate
1142 2924 1198 2971 et
1240 2916 1584 2976 humanitate
1626 2937 1796 2978 unum
1844 2924 2137 2986 Dominum

549 3011 796 3057 nostrum
830 3002 1021 3059 Jesum
1059 3005 1359 3075 Christum,
1399 3010 1571 3067 Deum
1607 3013 1844 3072 Verbum
1882 3018 2138 3077 incarna-

548 3099 662 3146 tum
703 3093 1015 3161 conﬁtetur,
1059 3111 1162 3152 nee
1208 3099 1276 3155 ad
1323 3100 1733 3175 signiﬁcandam
1769 3108 2132 3168 diﬁ‘erentiam

542 3191 888 3267 naturarum,
923 3200 991 3241 ex
1010 3188 1211 3257 quibus
1239 3194 1577 3263 compositus
1603 3206 1708 3264 est,
1742 3200 1838 3256 sed
1865 3216 1967 3272 pro
1994 3204 2133 3259 divi-

544 3271 699 3325 sione
727 3286 827 3342 per
864 3282 1125 3343 partem,“
1141 3276 1302 3333 talem
1334 3280 1540 3351 excipit
1566 3298 1755 3341 vocem
1786 3287 1840 3342 in
1870 3271 2132 3359 mysterio

542 3361 767 3430 Christi,
805 3366 960 3436 quasi
1017 3369 1309 3439 separatim
1364 3387 1688 3447 unaquaque
1733 3391 1928 3437 natura
1975 3398 2131 3440 suam

543 3453 780 3511 habente
822 3456 1257 3526 subsistentiam,
1299 3460 1442 3518 sicut
1492 3463 1815 3525 Theodorus
1850 3481 1907 3527 et
1934 3472 2131 3530 Nesto-

542 3547 658 3601 rius
685 3547 1228 3618 blasphemaverunt,
1254 3553 1375 3609 talis
1401 3557 1689 3614 anathema
1718 3560 1807 3617 sit.

616 3656 637 3690 ι
680 3638 816 3694 Vlll.
849 3639 904 3695 Si
928 3640 1055 3711 quis
1083 3643 1140 3697 in
1172 3659 1283 3699 uno
1313 3645 1545 3703 Domino
1578 3648 1711 3706 'Jesu
1736 3651 1981 3719 Christo,
2024 3658 2131 3715 hoc

540 3740 645 3795 est,
686 3732 798 3789 Deo
826 3733 1008 3790 Verbo
1053 3734 1361 3800 incantato,
1401 3754 1692 3797 numerum
1723 3746 1997 3805 conﬁtens
2026 3766 2128 3806 na-

542 3830 809 3888 turarum,
840 3840 949 3880 non
982 3826 1264 3883 intellectu
1288 3829 1654 3888 differentiam
1686 3850 1898 3904 earum,
1918 3854 1985 3894 ex
2006 3842 2129 3911 qui—

538 3913 643 3970 bus
680 3926 737 3972 et
760 3919 1096 3987 compositus
1123 3930 1227 3986 est,
1250 3923 1468 3993 excipit,
1502 3934 1692 3996 utpote
1721 3924 1835 3985 noﬁ
1860 3931 2125 3990 interem-

539 4015 686 4076 ptam
725 4018 948 4079 prapter
976 4012 1263 4079 unitatem,
1296 4016 1392 4071 sed
1430 4032 1530 4086 pro
1555 4018 1827 4079 divisione
1866 4040 1964 4095 per
1995 4041 2127 4097 par-

538 4105 649 4153 tem
683 4115 915 4156 numero
942 4103 1135 4172 utitur,
1164 4105 1288 4161 talis
1318 4108 1610 4166 anathema
1642 4111 1733 4168 sit.

612 4291 633 4325 ι
678 4271 774 4328 1X.
824 4271 882 4329 Si
912 4276 1036 4347 quis
1077 4276 1266 4333 dicens
1309 4294 1472 4335 unam
1521 4290 1775 4339 naturam
1825 4284 1920 4340 Dci
1962 4287 2121 4344 Verbi

535 4363 891 4434 incarnatam,
938 4383 1050 4424 non
1083 4370 1161 4426 sic
1190 4371 1295 4426 hoc
1341 4372 1614 4445 intelligit,
1663 4377 1807 4446 quod
1837 4393 1905 4435 ex
1933 4379 2119 4437 divina

531 4466 726 4514 natura
756 4466 813 4514 et
842 4460 1078 4517 humana
1110 4478 1254 4517 unus
1282 4461 1535 4520 Christus
1566 4466 1797 4524 eﬁ'ectus
1830 4480 1946 4536 est,
1979 4488 2117 4529 con-

530 4550 907 4607 substantialis
939 4552 1087 4607 Patri
1125 4556 1429 4612 secundum
1480 4558 1762 4625 deitatem,
1793 4569 1849 4616 et
1876 4565 2116 4619 consub-

528 4642 801 4697 stantialis
831 4644 990 4703 nobis
1027 4645 1171 4700 idem
1212 4646 1329 4716 ipse
1359 4650 1662 4705 secundum
1694 4651 2115 4722 humanitatem,

529 4735 792 4805 sedquod
829 4737 1047 4793 deitatis
1086 4746 1144 4794 et
1173 4739 1357 4796 carnis
1384 4741 1589 4797 Christi
1634 4759 1743 4799 una
1778 4754 1972 4801 natura
2002 4748 2119 4804 sive

528 4824 830 4880 substantia
866 4827 1063 4883 effecta
1091 4838 1175 4885 est
1206 4831 1510 4887 secundum
1538 4832 1880 4904 Apollinarii,
1909 4848 1966 4892 et
1992 4839 2105 4894 Eu-

530 4918 760 4988 tychetis
796 4919 1099 4988 perﬁdiam,
1135 4922 1255 4978 talis
1286 4925 1577 4980 anathema
1610 4927 1700 4982 sit.

602 5029 620 5060 ι
663 5009 969 5081 Equalitcr
993 5015 1141 5069 enim
1174 5024 1228 5070 et
1248 5030 1344 5071 eos
1372 5018 1464 5087 qui
1497 5034 1594 5088 per
1619 5030 1829 5090 partem
1860 5023 2115 5082 incidunt

527 5102 614 5157 vel
646 5103 919 5172 dividunt,
949 5118 1007 5161 et
1025 5122 1121 5163 eos
1152 5108 1247 5177 qui
1280 5110 1623 5168 confundunt
1659 5114 1858 5170 divinae
1886 5117 2113 5193 dispen-

2246 1901 2594 1973 θρωποτόκον
2618 1905 2652 1977 ἢ
2681 1906 3044 1978 Χριστοτόκον
3070 1912 3234 1984 360
3256 1915 3334 1979 ὼς
3362 1916 3455 1971 τοῦ
3479 1901 3688 1991 Χριστοῦ
3711 1924 3764 1993 μὴ

2242 1992 2395 2058 ὄντος
2428 1994 2585 2062 Θεοῦ,
2614 1998 2749 2052 ἀλλά
2787 2000 2861 2073 μὴ
2892 2003 3095 2074 κυρίως
3122 2007 3218 2059 καὶ
3253 2007 3376 2061 κατ’
3405 2009 3645 2082 ἀλήθειαν
3667 1992 3763 2067 Geo;

2241 2084 2403 2140 τόκον
2440 2087 2611 2160 αυτὴν
2635 2089 2909 2161 ὁμολογεῖ,
2943 2093 3031 2148 διά
3053 2096 3114 2148 τὸ
3140 2101 3232 2150 τὸν
3261 2100 3371 2171 πρὸ
3402 2102 3603 2158 αίώνων
3630 2106 3764 2162 ὲκτοῦ

2243 2177 2461 2250 Πατρδς
2497 2180 2828 2252 γεννηθέντα
2865 2182 3000 2238 Θεὸν
3059 2188 3231 2256 Λόγον
3276 2193 3367 2244 ἐπ’
3420 2190 3646 2263 ἐσχάτων
3685 2197 3766 2250 τῶν

2241 2268 2470 2339 ἡμερῶν
2520 2270 2582 2335 ἐξ
2628 2272 2803 2343 αὐτῆς
2837 2276 3189 2348 σαρκωθῆναι
3240 2281 3339 2335 καὶ
3391 2284 3768 2356 γεννηθῆναι,ό

2239 2360 2483 2426 τοιοῦτος
2512 2363 2761 2435 ἀνάθεμα
2791 2364 2954 2423 ἔστω.
3007 2402 3011 2407 ι

2321 2452 2423 2506 «Εί
2472 2469 2558 2516 τις
2580 2455 2680 2526 οὐχ
2706 2457 2726 2489 ⁵
2773 2457 3030 2528 ὁμολογεῖ
3074 2461 3166 2516 τὸν
3208 2466 3615 2538 ἐσταυρωμένον
3642 2470 3769 2541 σαρκὶ

2239 2538 2447 2614 Κύριον
2485 2545 2646 2616 ήμῶν
2700 2546 2909 2618 Ἰησοῦν
2946 2551 3196 2633 Χριστὸν.
3212 2554 3351 2610 Θεὸν
3386 2553 3521 2613 εἶναι
3563 2538 3765 2629 ἀληθινὸν

2240 2634 2334 2686 καὶ
2364 2633 2569 2707 Κύριον
2601 2636 2702 2707 τῆς
2733 2637 2891 2709 δόξης
2922 2640 3016 2694 καὶ
3053 2642 3149 2696 ἕνα
3197 2645 3301 2715 τῆς
3334 2647 3495 2716 ἁγίας
3517 2649 3764 2722 Τριάδοςό

2237 2722 2480 2788 τοιοῦτος
2510 2726 2758 2799 ἀνάθεμα
2781 2728 2940 2784 ἔστω.

2318 2816 2418 2871 (Et
2439 2834 2521 2881 τις
2549 2821 2607 2873 ὲν
2635 2820 2756 2873 δυσὶ
2786 2821 2983 2889 φύσεσι
3013 2824 3187 2894 λέγων
3212 2828 3292 2900 μὴ
3314 2829 3391 2894 ὡς
3419 2831 3479 2886 ὲν
3493 2824 3764 2904 θεότητικαὶ

2237 2905 2297 2959 ὲν
2326 2907 2712 2981 άνθρωπότητι
2757 2913 2801 2945 ¹⁰
2847 2912 2940 2967 τὸν
2999 2914 3096 2970 ἕνα
3150 2916 3360 2990 Κύριον
3419 2923 3567 2993 ἡμῶν
3599 2923 3765 2994 Ἰησοῦν

2237 2998 2473 3070 Χριστὸν
2492 3001 2584 3056 τὸν
2620 3003 2715 3058 τοῦ
2747 3005 2884 3061 Θεοῦ
2921 3007 3095 3078 Λόγον
3151 3012 3506 3083 σαρκωθέντα
3540 3015 3762 3086 όμολογεί,

2241 3089 2380 3175 μηόὲ
2422 3093 2517 3145 ἐπὶ
2568 3094 2646 3165 τῷ
2687 3098 2940 3168 σημᾶναι
2978 3100 3080 3172 τὴν
3116 3101 3386 3175 διαφορὰν
3431 3105 3536 3160 τῶν
3573 3106 3760 3175 φύσεων,

2234 3181 2294 3248 ἐξ
2314 3174 2390 3236 ὦν
2414 3184 2511 3236 καὶ
2541 3187 2826 3258 συνετέθη,
2862 3188 2978 3242 ἀλλ’
3004 3191 3098 3244 ἐπὶ
3132 3174 3401 3263 διαιρέσει
3425 3198 3489 3269 τῇ
3520 3174 3614 3250 ἀνά
3636 3195 3762 3267 μέρος

2229 3272 2330 3346 τὴν
2378 3274 2637 3346 τοιαύτην
2674 3277 2944 3349 λαμϐάνει
2988 3281 3175 3352 φωνὴν
3216 3283 3315 3337 ἐπὶ
3366 3284 3460 3339 τοῦ
3504 3284 3632 3340 κατά
3667 3284 3761 3354 Χρι-

2232 3365 2357 3420 στὸν
2407 3369 2732 3439 μυστηρίου,
2775 3369 2853 3434 ὠς
2896 3374 3308 3444 κεχωρισμένας
3343 3376 3440 3430 καὶ
3475 3374 3762 3430 ίδιοῦποστὰ-

2228 3474 2357 3522 τους
2382 3453 2522 3512 εῖναι
2568 3459 2667 3523 τὰς
2703 3462 2921 3530 φύσεις,
2963 3462 3149 3528 καθὼς
3179 3463 3460 3539 Θεόδωρος
3488 3470 3576 3524 καὶ
3599 3464 3760 3523 Νεστό-

2233 3567 2345 3620 ριος
2377 3550 2816 3624 βλασφημοῦσιν,
2857 3556 2887 3608 6
2918 3554 3162 3621 τοιοῦτος
3189 3557 3445 3631 ἀνάθεμα
3483 3561 3630 3614 ἔστω.

2310 3647 2409 3701 «Et
2431 3663 2517 3727 τις
2534 3647 2629 3699 ἐπὶ
2649 3646 2743 3699 τοῦ
2768 3649 2886 3712 ἑνὸς
2910 3648 3117 3719 Κυρίου
3147 3651 3311 3722 ἡμῶν
3341 3652 3516 3724 Ἰησοῦ
3532 3638 3762 3723 Χριστοῦ,

2228 3740 2508 3794 τουτέστιν
2538 3740 2632 3794 τοῦ
2660 3741 3041 3813 σαρκωθέντος
3069 3741 3207 3797 Θεοῦ
3234 3744 3440 3815 Λόγου,
3470 3744 3557 3798 τὸν
3578 3740 3764 3817 ἀριθμὸν

2227 3829 2336 3885 τῶν
2363 3829 2576 3898 φύσεων
2606 3830 2888 3902 ὁμολογῶν
2929 3831 3006 3904 μὴ
3044 3834 3113 3905 τῇ
3155 3831 3369 3905 θεωρίᾳ
3411 3835 3508 3906 τὴν
3551 3832 3763 3903 διαφορὰν

2226 3920 2433 3976 τούτων
2476 3922 2535 3988 ἐξ
2582 3915 2661 3978 ὧν
2713 3924 2810 3978 καὶ
2855 3923 3116 3997 συνετέθη
3152 3925 3450 3997 λαμϐάνει,
3491 3926 3562 3991 ὡς
3601 3923 3763 3988 ταύτης

2225 4013 2326 4067 οὐκ
2347 4014 2700 4088 ἀνῃρημένης
2720 4014 2809 4070 διά
2822 4013 2922 4087 τὴν
2947 4015 3296 4077 ἔνωσιν,ἀλλ’
3328 4018 3425 4072 ἐπὶ
3454 4014 3698 4091 διαιρέσει
3728 4004 3759 4035 ¹¹

2224 4105 2291 4174 τῇ
2335 4104 2441 4157 ἀνὰ
2489 4104 2657 4174 μέρος
2691 4102 2770 4177 τῷ
2804 4103 3027 4177 ἀριθμῷ
3074 4104 3367 4178 κέχρηται,
3406 4108 3436 4160 6
3463 4107 3528 4157 .¹ι⁹
3565 4101 3762 4160 τοιοῦτος

2225 4197 2474 4269 ἀνάθεμα
2498 4197 2660 4253 ἔστω.

2301 4289 2401 4361 «Et
2431 4307 2516 4354 τις
2553 4289 2731 4361 λέγων
2763 4290 2893 4362 μίαν
2923 4290 3084 4362 φύσιν
3104 4291 3201 4347 τοῦ
3235 4291 3378 4348 Θεοῦ
3403 4292 3570 4362 Λόγου
3601 4301 3760 4355 σεσαρ-

2224 4380 2504 4451 κωμένην,
2527 4382 2625 4452 οὐχ
2649 4380 2823 4446 οὕτως
2852 4382 2987 4436 αὐτὸ
3006 4382 3366 4455 ἐκλαμϐάνει,
3403 4384 3477 4447 ὡς
3503 4383 3579 4435 ὃτι
3606 4381 3662 4432 ὲκ
3680 4376 3758 4444 τῆς

2148 4506 2193 4562 D
2225 4470 2380 4535 θείας
2412 4472 2627 4541 φύσεως
2676 4474 2771 4527 καὶ
2798 4472 2900 4544 τῆς
2929 4473 3283 4546 ἀνθρωπίνης
3320 4469 3404 4539 εἷς
3440 4462 3655 4544 Χριδτδς
3678 4468 3758 4562 ἀπῖ

2220 4565 2501 4636 ετελέσθη,
2541 4566 2828 4637 όμοούσιος
2847 4567 2928 4637 τῷ
2961 4568 3139 4639 Πατρὶ
3169 4568 3310 4623 κατά
3333 4568 3434 4640 τὴν
3458 4566 3665 4634 θεότητα
3684 4556 3758 4612 καὶ

2218 4658 2503 4729 όμοούσιος
2532 4660 2709 4731 ημίνό
2729 4659 2896 4723 αὐτὸς
2925 4660 3068 4714 κατά
3099 4659 3200 4730 τὴν
3231 4654 3633 4732 ἀνθρωπότητα,
3660 4648 3750 4706 ἀλλ’

2216 4751 2298 4803 ὅτι
2348 4748 2449 4819 τῆς
2502 4748 2758 4820 θεότητος
2812 4750 2907 4803 καὶ
2945 4748 3045 4819 τῆς
3081 4748 3284 4820 σαρκὸς
3317 4747 3413 4802 τοῦ
3441 4740 3657 4817 Χριστοῦ
3679 4736 3756 4808 μία

2217 4842 2380 4910 φύσις
2402 4840 2522 4910 ἦτοι
2551 4839 2707 4894 οὐσία
2732 4838 3073 4911 ἀπετελέσθη
3102 4839 3243 4894 κατά
3260 4839 3363 4909 τὴν
3394 4829 3754 4901 Ἀπολλιναρίου

2215 4934 2309 4987 καὶ
2323 4930 2597 5003 Εὐτυχοῦς
2615 4931 2997 4998 κακοπιστίαν,
3014 4935 3043 4987 6
3060 4933 3303 4996 τοιοῦτος
3318 4929 3559 5023 ἀνάθεμα
3571 4919 3750 5023 latin-"-

2289 5041 2309 5074 ‹
2339 5022 2570 5091 Ἐπίσης
2604 5022 2646 5055 ’³
2688 5022 2798 5094 γὰρ
2849 5021 2945 5076 καὶ
2984 5022 3112 5089 τοὺς
3164 5023 3270 5077 ἀνὰ
3322 5025 3486 5095 μέρος
3525 5020 3751 5085 διαιροῦνσ

2208 5130 2310 5177 τας
2354 5112 2474 5185 ἦτοι
2515 5114 2813 5184 τέμνοντας
2853 5114 2953 5168 καὶ
2989 5116 3115 5180 τοὺς
3186 5116 3519 5186 συγχέοντας
3573 5111 3627 5164 τὸ
3675 5104 3750 5173 τῆς

525 5194 754 5249 sationis
805 5198 1120 5268 mysterium
1168 5198 1396 5268 Christi,
1450 5203 1630 5274 rejicit
1678 5212 1735 5260 et
1782 5208 2115 5266 condemnat

2230 5209 2365 5273 ista;
2404 5208 3073 5280 οίκονομίας’μυστήριον
3112 5209 3207 5263 τοῦ
3255 5208 3494 5281 Χριστοῦ
3532 5196 3748 5269 ἀποστρέα

525 5284 849 5342 universalis
881 5287 973 5343 Dei
1007 5290 1270 5348 Ecclesia.

598 5393 621 5429 ι
653 5377 720 5434 Χ.
771 5377 829 5433 Si
867 5380 991 5451 quis
1043 5399 1150 5440 non
1191 5386 1615 5444 anathematizat
1661 5391 1871 5459 Arium,
1918 5392 2107 5450 Euno-

2212 5315 2375 5368 φεται
2400 5300 2495 5354 καὶ
2526 5298 2917 5372 ἀναθεματίζει
2941 5301 2974 5368 ἡ
3011 5299 3276 5370 καθολικη
3314 5297 3617 5369 Ἐκκλησία.

2294 5392 2393 5446 «Et
2411 5409 2494 5457 τις
2517 5392 2592 5465 μὴ
2618 5392 3008 5463 ἀναθεματίζει
3028 5393 3270 5466 Ἄρειον,
3295 5394 3570 5464 Εὐνόμιον,
3597 5387 3745 5442 Max:-

1806 5568 2038 5625 vmm
2082 5569 2492 5627 LEC'l‘lONES.
2771 5649 2775 5653 θ

595 5676 615 5706 ⁵
643 5671 773 5754 Θεξιν
796 5688 903 5754 om.
940 5671 999 5727 P.
1079 5677 1098 5708 ⁸
1128 5676 1365 5747 Χριστοῦ
1395 5677 1461 5754 Ρ.
1532 5681 1551 5712 ⁷
1578 5679 1654 5754 τῷ
1675 5680 1793 5754 Θεῷ
1818 5680 1976 5752 Λόγῳ
1999 5682 2068 5737 Β.
2144 5681 2167 5712 ⁸
2195 5682 2584 5754 ὲμψυχομένην
2606 5679 2666 5735 Ρ.
2744 5680 2881 5735 ὀὐκ
2898 5679 2963 5738 V.
3044 5683 3086 5716 "
3109 5682 3200 5737 καὶ
3230 5668 3734 5752 ἔνανθρωπότητιρῗ-

533 5746 575 5779 ¹¹
604 5748 664 5815 τῇ
702 5740 968 5813 διαιρέσει
1000 5747 1058 5801 P.
1139 5740 1203 5779 η’·
1239 5751 1267 5801 ὀ
1294 5764 1402 5804 om.
1431 5750 1490 5804 P.
1604 5740 1646 5823 ίξ
1674 5740 1833 5806 ἔστω.
1869 5740 2015 5823 αύτῷ
2047 5754 2109 5810 V.

2218 5751 2259 5786 "3
2280 5751 2366 5822 ἐφ’
2397 5751 2518 5824 ἴσης
2550 5751 2610 5807 Ρ.
