4040 6412
292 304 412 370 929

1467 294 1903 358 CIIRONICON
1959 291 2368 385 PASCHALE.

3445 296 3551 367 930

278 414 473 478 δόνιον,
510 411 937 482 ’Δπολλινάριον,
968 408 1289 479 Νεστόριον,
1325 404 1589 477 Εὑτυχέα,
1612 406 1858 467 καὶτοὺς

1968 401 2147 465 mium,
2181 401 2581 471 Macedonium,
2613 400 3036 473 Apollinarium,
3070 407 3407 478 Nestorium,
3444 413 3553 470 Ευι

274 510 349 560 τά
378 508 540 559 ὅμοια
575 503 785 567 τούτοις
826 500 1163 573 φρονοῦντας
1215 500 1248 572 ἢ
1288 502 1691 570 φρονήσαντας,
1730 498 1862 552 ἀνά-

277 596 426 667 θεμα
458 599 621 649 ἐστω.

360 688 464 743 «Et
500 705 589 754 τις
624 687 983 742 ἀντιποιεῖται
1022 681 1301 755 Θεοδώρου
1328 681 1421 736 τοῦ
1453 681 1866 751 Μοψουεστίας,

272 776 377 831 τοῦ
405 776 652 841 εἰπόντος
690 775 847 831 ἄλλον
877 771 1018 830 εἶναι
1055 775 1148 829 τὸν
1198 774 1331 828 Θεὸν
1361 774 1534 843 Λόγον
1571 774 1667 826 καὶ
1694 772 1869 843 ζάλλον

275 870 371 919 τὸν
407 867 666 937 Χριστὸν,
698 866 803 920 ὑπὸ
834 865 1023 920 παθῶν
1043 864 1224 936 ψυχῆς
1265 865 1364 918 καὶ
1397 864 1506 917 τῶν
1534 862 1634 934 τῆς
1666 862 1869 932 σαρκὸς

276 954 592 1026 ἐπιθυμιῶν
642 952 1073 1025 ἐνοχλούμενον,
1119 952 1216 1007 καὶ
1269 953 1335 1005 ἐκ
1373 951 1656 1023 προκοπῆς
1692 951 1870 1022 ἔργων

279 1043 668 1114 βελτιωθέντα,
701 1045 796 1098 καὶ
822 1042 1190 1115 βαπτισθέντα
1221 1044 1300 1106 είς
1333 1041 1505 1113 ὄνομα
1532 1039 1744 1109 Πατρδς
1777 1041 1871 1092 καὶ

279 1132 419 1187 Υἱοῦ
444 1134 540 1188 καὶ
567 1133 726 1202 ἀγίου
760 1133 1103 1205 Πνεύματος,
1136 1133 1231 1187 καὶ
1257 1132 1346 1186 διὰ
1367 1131 1462 1185 τοῦ
1495 1130 1871 1202 βαπτίσματος

283 1226 390 1296 τὴν
434 1225 594 1295 χάριν
635 1224 796 1296 331
843 1224 937 1279 τοῦ
981 1225 1141 1293 ἁγίου
1188 1223 1509 1293 Πνεύματος
1555 1222 1742 1277 λαϐεῖν
1774 1222 1871 1276 καὶ

288 1316 557 1379 υἱοθεσίας
583 1315 902 1390 ἀξιωθῆναι,
963 1316 1059 1375 καὶ
1118 1317 1243 1370 κατ’
1302 1315 1524 1384 ἰσότητα
1583 1312 1872 1384 βασιλικῆς

282 1407 495 1471 εἰκόνος
541 1407 620 1473 εἰς
651 1407 945 1479 πρόσωπον
986 1405 1084 1461 τοῦ
1126 1405 1266 1460 Θεοῦ
1296 1406 1475 1475 Λόγου
1526 1403 1869 1477 προσκυνού-

286 1513 477 1566 μενον,
510 1498 605 1551 καὶ
644 1497 787 1569 μετά
834 1498 936 1568 τὴν
966 1498 1265 1558 ἀνάστασιν
1313 1497 1585 1569 ἄτρεπτον
1629 1497 1751 1558 ταῖς
1783 1496 1871 1549 ἐν·

176 1654 179 1655 ν
279 1586 457 1652 νοίαις
512 1588 607 1642 καὶ
655 1588 1043 1662 ἀναμάρτητον
1088 1588 1370 1653 παντελῶς
1403 1587 1719 1658 γενόμενον,
1769 1583 1870 1642 καὶ

277 1679 449 1733 πάλιν
473 1681 755 1753 εἰρηκότος
781 1679 878 1754 τὴν
900 1681 1096 1740 ἕνωσιν
1123 1682 1216 1737 τοῦ
1237 1678 1371 1735 Θεοῦ
1393 1679 1569 1748 Λόγου
1603 1678 1741 1746 πρὸς
1775 1677 1869 1730 τὸν

274 1768 521 1839 Χριστὸν
564 1769 820 1842 τοιαύτην
874 1770 1227 1840 γεγενῆσθαι,
1279 1769 1403 1827 οἷαν
1447 1764 1602 1822 εἶπεν
1637 1769 1666 1820 ὀ
1705 1765 1867 1820 Ἀπό-

275 1857 471 1924 στολος
502 1857 545 1891 ⁸⁸
586 1860 679 1917 ἐπὶ
707 1860 902 1933 ἀνδρὸς
936 1861 1028 1915 καὶ
1066 1860 1349 1929 γυναικός,
1403 1861 1691 1915 Ἔσονται
1720 1858 1776 1913 ot
1821 1857 1866 1891 ¹³

274 1949 393 2005 δύο
430 1953 515 2019 είς
544 1951 743 2020 σάρκα
778 1953 947 2021 μίαν,
999 1953 1095 2011 καὶ
1130 1952 1267 2023 πρὸς
1313 1953 1434 2014 ταῖς
1461 1950 1651 2014 ἄλλαις
1677 1951 1869 2023 ἀναρι-

277 2031 511 2105 θμήτοις
547 2034 714 2088 αὐτοῦ
750 2034 1123 2106 βλασφημίαις
1157 2034 1527 2106 τολμήσαντος
1561 2035 1738 2088 εἰπεῖν
1783 2034 1867 2087 ὅτι

286 2126 424 2194 μετά
450 2125 548 2196 τὴν
575 2125 869 2180 ἀνάστασιν
901 2127 1227 2197 ἐμφυσήσας
1253 2128 1281 2180 ό
1306 2126 1512 2198 Κύριος
1547 2127 1662 2190 τοῖς
1693 2125 1868 2197 μαθη-

282 2217 408 2279 ταῖς
426 2217 516 2270 καὶ
540 2216 712 2270 εἰπὼν
741 2216 807 2283 ¹⁶,
839 2216 1063 2277 Λάϐετε
1104 2217 1349 2286 Πνεῦμα
1384 2218 1426 2249 ¹⁷
1458 2217 1651 2288 ἅγιον,
1685 2219 1745 2272 ού
1783 2218 1868 2272 δε-

278 2293 471 2360 δωκὼς
500 2297 685 2368 αὐτοῖς
710 2296 938 2368 Πνεῦμα
994 2298 1173 2367 ἀγιον,
1231 2299 1368 2353 ἀλλά
1416 2300 1654 2370 σχήματι
1707 2299 1867 2372 μόνον

278 2386 637 2459 ἐνεφύσησεν.
668 2380 839 2452 Οὗτος
874 2389 940 2463 δὲ
988 2391 1083 2443 καὶ
1110 2390 1209 2461 τὴν
1238 2390 1532 2460 ὁμολογίαν
1565 2391 1765 2464 Θωμᾶ,
1798 2393 1866 2464 ἢν

276 2479 379 2530 ἐπὶ
406 2482 473 2551 τῇ
503 2478 818 2551 ψηλαφήσει
862 2481 973 2534 τῶν
1009 2479 1212 2552 χειρῶν
1252 2481 1346 2534 καὶ
1373 2480 1472 2552 τῆς
1496 2481 1739 2552 πλευρᾶς
1771 2483 1866 2537 τοῦ

277 2570 493 2642 Κυρίου
529 2572 668 2643 μετά
694 2574 794 2643 τὴν
829 2574 1130 2629 ἀνάστασιν
1158 2573 1325 2638 τὸ,⁹0
1342 2562 1562 2642 Κύριός
1594 2592 1715 2644 μου
1764 2576 1862 2629 καί

279 2661 432 2727 Θεός
442 2678 585 2731 μου,
606 2657 784 2727 εἶπεν,
822 2664 896 2735 μὴ
929 2664 1180 2737 εἰρῆσθαι
1201 2664 1437 2736 περὶτοῦ
1459 2665 1697 2735 Χριστοῦ
1720 2669 1867 2737 παρά

274 2750 377 2806 τοῦ
405 2752 581 2824 Θωμᾶ
602 2772 616 2787 ·
650 2756 770 2810 ούδέ
807 2757 851 2789 ³⁸
868 2756 977 2828 γὰρ
1002 2752 1141 2811 εἶναι
1165 2756 1315 2826 λέγει
1339 2756 1431 2809 τὸν
1460 2757 1696 2829 Χριστὸν
1709 2756 1862 2823 Θεὸν,

276 2844 399 2898 ἀλλ’
432 2847 525 2901 ἐπὶ
559 2846 638 2920 τῷ
666 2849 956 2920 παραδόξῳ
992 2852 1094 2919 τῆς
1134 2850 1485 2913 ἀναστάσεως
1522 2849 1865 2919 ἐκπλαγέντα

266 2937 376 3009 τὸν
404 2937 611 3010 Θωμᾶν
652 2940 894 3013 ὑμνῆσαι
930 2941 1023 2995 τὸν
1060 2940 1193 2994 Θεὸν
1221 2942 1314 2995 τὸν
1348 2943 1392 2974 ³⁸
1435 2941 1728 3013 ἐγείραντα
1772 2941 1864 2995 τὸν

277 3029 540 3100 Χριστόν.
564 3032 638 3085 Τὸ
650 3033 708 3085 δὲ
725 3033 772 3064 ’θ
785 3012 992 3106 γεῖρον,
1012 3034 1094 3087 ὅτι
1115 3033 1209 3087 καὶ
1225 3034 1270 3065 ²¹
1292 3034 1351 3086 ἐν
1367 3036 1435 3105 τῇ
1463 3012 1571 3087 τῶν
1601 3034 1863 3104 Πράξεων

276 3121 392 3173 τῶν
423 3123 738 3177 ἀποστόλων
753 3125 1023 3199 γενομένῃ
1058 3126 1188 3199 παρ’
1214 3124 1382 3180 αὑτοῦ
1409 3124 1569 3200 δῆθεν
1595 3126 1865 3198 ἑρμηνείᾳ

282 3214 594 3285 συγκρίνων
627 3218 656 3269 ό
692 3217 856 3282 αὐτὸς
892 3216 1169 3292 Θεόδωρος
1209 3216 1302 3272 τὸν
1344 3218 1581 3291 Χριστὸν
1615 3218 1865 3272 Πλάτωνι

276 3304 382 3358 καὶ
411 3306 701 3379 Μανιχαίῳ
743 3309 837 3362 καὶ
871 3302 1178 3385 Ἐπικούρῳ
1227 3310 1325 3364 καὶ
1370 3310 1659 3382 Μαρκίωνι
1693 3310 1862 3379 λέγει,

281 3399 368 3452 ’ὁτι
398 3394 586 3466 ῶσπερ
617 3399 844 3452 ἐκείνων
877 3399 1107 3463 ἕκαστος
1128 3400 1434 3472 εὑράμενος
1465 3402 1662 3458 οίκεῖον
1690 3401 1867 3471 δόγμα

276 3487 411 3552 τοὺς
445 3487 594 3560 αύτῷ
621 3490 1072 3562 μαθητεύσαντας
1101 3491 1371 3564 πεποίηκε
1409 3492 1695 3547 καλεῖσθαι
1721 3494 1867 3548 Πλα-

276 3580 548 3644 τωνικοὺς
599 3583 690 3635 καὶ
748 3583 1085 3655 Μανιχαίους
1146 3585 1242 3639 καὶ
1303 3585 1716 3657 Ἐπικουρείους
1771 3587 1868 3641 καὶ

286 3669 730 3742 Μαρκιωνιστάς,
761 3675 853 3728 τὸν
890 3677 1076 3747 ὅμοιον
1115 3677 1315 3749 τρόπον
1361 3677 1457 3731 καὶ⁵
1495 3677 1591 3731 τοῦ
1628 3675 1867 3750 Χριστοῦ

277 3764 589 3835 εὑραμένου
620 3766 681 3819 τὸ
715 3766 892 3838 δόγμα
917 3767 976 3836 ἐξ
1003 3766 1169 3822 αὐτοῦ
1213 3769 1340 3835 τοὺς
1363 3768 1728 3840 Χριστιανοὺς
1764 3784 1868 3821 κα-

277 3854 521 3909 λεῖσθαι.
544 3856 612 3909 Et
639 3874 724 3921 τις
747 3858 928 3913 τοίνυν
964 3859 1323 3913 ἀντιποιεῖται
1352 3858 1632 3930 Θεοδώρου
1669 3858 1765 3913 τοῦ
1798 3856 1869 3913 τά

278 3945 512 4000 τοιαῦτα
549 3948 1069 4021 βλασφημήσαντος,
1098 3949 1235 4005 ἀλλά
1276 3950 1355 4022 μὴ
1389 3950 1777 4023 ἀναθεματίζει
1819 3952 1866 3983 ’³

280 4037 451 4093 αὐτὸν
473 4041 568 4096 καὶ
596 4042 666 4096 τὰ
693 4042 859 4097 αὑτοῦ
895 4043 1307 4115 συγγράμματα
1337 4042 1433 4097 καὶ
1456 4044 1584 4107 τοὺς
1607 4043 1676 4098 τὰ
1705 4045 1869 4115 ὅμοια

279 4122 454 4187 αὑτοῦ
505 4135 837 4204 ςῑρονοῦντας
875 4134 910 4207 ἢ
973 4136 1375 4206 φρονήσαντας,
1420 4133 1673 4205 ἀνάθεμα
1700 4135 1863 4191 ἐστω.

364 4223 467 4278 alii!
504 4241 591 4288 τις
629 4225 999 4280 ἀντιποιεῖται
1026 4224 1137 4278 τῶν
1172 4225 1626 4296 συγγραμμάτων
1668 4224 1869 4279 Θεοδω-

279 4314 478 4386 ρήτου,
509 4314 655 4388 άπερ
684 4316 902 4384 ἐξέθετο
932 4317 1072 4388 ὑπὲρ
1112 4315 1410 4387 Νεστορίου
1444 4315 1540 4370 τοῦ
1584 4315 1865 4387 αίρετικοῦ

1972 489 2167 558 tychen
2196 497 2251 543 et
2277 505 2370 544 eos
2397 490 2489 560 qui
2520 490 2717 551 similia
2747 493 2826 547 eis
2869 504 3167 564 sapuerunt
3188 496 3271 552 vel
3307 500 3550 568 sapiunt,

1969 579 2093 635 talis
2122 583 2411 639 anathema
2440 581 2539 649 sit,
3040 656 3049 661 _

2047 689 2065 723 ι
2099 668 2192 724 XI.
2218 668 2275 725 Si
2296 671 2417 740 quis
2439 671 2685 728 defendit
2707 670 3053 749 Theodorum
3082 676 3550 750 Mopsuestenum,

1968 760 2063 830 qui
2095 761 2231 816 dixit
2261 762 2427 816 alium
2462 778 2583 818 esse
2614 764 2787 819 Deum
2813 765 3071 835 Verbum,
3111 778 3166 825 et
3197 771 3362 829 alium
3387 773 3552 830 Chris-

1970 859 2116 905 stum
2142 866 2173 905 a
2207 853 2555 922 passionibus
2583 855 2781 910 animae
2815 865 2871 912 ct
2901 858 3188 918 desideriis
3216 865 3399 920 carnis
3436 882 3555 923 mo-

1969 941 2157 998 lestias
2188 944 2503 1013 patientem,
2539 952 2596 999 et
2635 961 2700 1000 ex
2736 947 2982 1017 profectu
3030 965 3258 1021 Operum
3295 957 3555 1013 meliora-

1967 1040 2109 1098 tum,
2136 1043 2191 1091 et
2236 1035 2569 1105 baptizatum
2614 1038 2670 1093 in
2725 1041 2949 1097 nomine
2989 1043 3189 1110 Patris,
3219 1055 3276 1101 et
3325 1046 3468 1115 Filii,
3499 1057 3556 1104 et

1970 1122 2208 1195 Spiritus
2229 1126 2423 1193 sancti,
2460 1136 2516 1181 et
2541 1143 2640 1198 per
2672 1128 2939 1199 baptisma
2966 1137 3198 1204 gratiam
3220 1139 3393 1193 sancti
3430 1138 3554 1211 Spi-

1970 1214 2111 1269 ritus
2133 1214 2432 1285 accepisse,
2469 1226 2525 1272 et
2567 1217 2934 1276 aliiliationem
2972 1224 3262 1289 memisse,
3289 1211 3344 1283 et
3375 1227 3445 1283 ad
3482 1227 3557 1283 si-

1970 1303 2334 1360 militudinem
2386 1306 2685 1377 imperialis
2730 1308 2984 1381 imaginis
3024 1312 3083 1366 in
3130 1329 3419 1384 personam
3459 1318 3554 1374 Dei

1972 1393 2134 1452 Verbi
2168 1396 2403 1465 adorari,
2438 1407 2495 1455 et
2523 1411 2649 1469 post
2677 1403 3131 1460 resurrectionem
3156 1392 3553 1469 immutabilem

1972 1487 2424 1558 cogitationibus,
2480 1499 2535 1544 et
2595 1491 3004 1565 impecrabilem
3065 1499 3290 1554 omnino
3347 1499 3553 1557 factum

1971 1576 2177 1631 fuisse:
2206 1586 2262 1632 et
2291 1578 2493 1634 iterum
2524 1580 2659 1637 dixit
2685 1581 2844 1639 talem
2870 1582 3068 1640 factam
3098 1601 3219 1643 esse
3251 1589 3552 1646 unitionem

1972 1666 2069 1723 Dei
2102 1667 2263 1725 Verbi
2316 1670 2382 1725 ad
2416 1672 2716 1738 Christum,
2753 1675 2969 1744 qualem
3000 1676 3135 1733 dixit
3161 1678 3455 1749 Apostolus
3485 1683 3554 1738 de

1971 1760 2088 1815 viro
2127 1769 2183 1816 et
2214 1763 2477 1821 muliere:
2508 1750 2679 1821 Erunt
2714 1768 2819 1821 duo
2842 1769 2899 1822 in
2928 1785 3088 1827 eam
3121 1788 3268 1830 una:
3304 1782 3360 1829 et
3386 1780 3557 1844 super

1967 1852 2100 1907 alias
2134 1867 2262 1910 suas
2288 1853 2717 1929 innumerabiles
2742 1858 3110 1929 blasphemias
3141 1878 3309 1921 ausus
3337 1876 3425 1922 est
3465 1866 3553 1920 di-

1967 1959 2113 2011 cere,
2167 1946 2313 2015 quod
2363 1956 2490 2016 post
2537 1950 2998 2006 resurrectionem
3044 1969 3170 2011 cum
3223 1953 3555 2015 insulllassct

1969 2032 2233 2090 Dominus
2260 2035 2545 2107 discipulis
2564 2039 2702 2105 suis,
2741 2048 2800 2096 et
2820 2041 3048 2098 dixisset
3072 2061 3085 2098 :
3113 2045 3347 2115 Accipite
3376 2046 3553 2118 Spiri-

1968 2132 2081 2179 tum
2112 2134 2397 2182 sanctum:
2431 2142 2543 2183 non
2571 2129 2722 2186 dedit
2745 2132 2828 2187 eis
2858 2131 3119 2204 Spiritum
3152 2147 3423 2206 sanctum,
3455 2140 3554 2196 sed

1967 2215 2243 2287 ﬁguratim
2272 2222 2647 2279 tantummodo
2677 2222 2988 2281 insumavit.
3016 2226 3124 2284 Sed
3148 2237 3204 2284 et
3234 2227 3355 2301 [sed
3387 2232 3552 2288 etiam

1967 2309 2042 2363 sic
2088 2319 2138 2363 et
2185 2309 2427 2384 Leuncl.]
2466 2313 2900 2383 confessionem,
2934 2334 3098 2389 quam
3138 2319 3268 2377 fecit
3313 2323 3553 2381 Thomas

1968 2410 2093 2455 cum
2122 2402 2398 2472 palpasset
2434 2420 2630 2461 manus
2676 2417 2733 2462 et
2781 2408 2924 2465 latus
2973 2409 3186 2467 Domini
3222 2425 3346 2484 post
3366 2431 3552 2473 resur—

1967 2494 2288 2559 rectionem,
2320 2494 2548 2551 dicens:
2585 2497 2842 2554 Dominus
2885 2517 3054 2567 meus,
3091 2512 3142 2557 et
3186 2504 3329 2560 Deus
3380 2524 3548 2576 meus,

1967 2585 2153 2655 inquit
2200 2601 2311 2641 non
2344 2602 2465 2642 esse
2511 2588 2712 2643 dictam
2755 2607 2787 2644 a
2823 2590 3032 2649 Thoma
3072 2595 3141 2650 de
3170 2594 3390 2654 Christo
3425 2599 3551 2671 (nec

1966 2676 2114 2732 enim
2168 2677 2306 2733 dixit
2353 2679 2679 2736 Theodorus
2712 2682 2878 2738 Deum
2918 2699 3041 2741 esse
3079 2687 3403 2763 Christum),
3453 2693 3550 2749 sed

1966 2768 2034 2824 ad
2064 2769 2381 2824 miraculum
2419 2773 2836 2830 resurrectionis
2886 2777 3253 2846 stupefactum
3283 2780 3550 2840 Thomam

1965 2859 2295 2930 gloriticasse
2344 2862 2549 2928 Deum,
2589 2865 2680 2934 qui
2738 2865 3014 2927 Christum
3062 2874 3427 2931 resuscitavit.
3484 2878 3553 2934 Et

1965 2953 2107 3023 quod
2139 2955 2293 3025 pejus
2346 2965 2448 3019 est,
2498 2956 2664 3011 etiam
2698 2959 2751 3012 in
2799 2960 3249 3032 interpretatione
3295 2985 3457 3039 quam
3494 2975 3551 3029 in

1965 3044 2114 3101 Actis
2142 3047 2508 3116 apostolorum
2536 3050 2753 3120 scripsit
2786 3051 3129 3124 Theodorus,
3163 3057 3396 3118 similem
3423 3064 3554 3122 fecit

1967 3136 2245 3193 Christum
2272 3140 2501 3207 Platoni,
2525 3151 2580 3196 et
2612 3141 2929 3211 Manichaee,
2958 3154 3017 3202 et
3041 3146 3297 3218 Epicuro,
3324 3163 3382 3209 et
3408 3155 3553 3212 Mar-

1967 3228 2144 3295 cioni,
2190 3230 2379 3286 dicens
2419 3233 2563 3301 quod
2610 3233 2753 3290 sicut
2808 3237 3024 3293 illorum
3078 3246 3452 3317 unusquisque
3484 3266 3549 3306 ex

1968 3321 2220 3392 dogmate
2248 3324 2394 3395 quod
2437 3324 2664 3391 invenit,
2710 3342 2840 3384 suos
2869 3330 3168 3402 discipulos
3204 3334 3342 3393 Tecit
3371 3346 3551 3398 vocari

1970 3411 2298 3481 Platonicos,
2325 3424 2381 3472 et
2403 3416 2750 3500 Maniclmos,
2778 3428 2833 3475 et
2865 3421 3166 3492 Epicureos
3195 3426 3550 3508 [Epicurios].

1969 3514 2026 3561 et
2052 3505 2444 3573 Marcionistas,
2475 3508 2634 3563 simili
2665 3511 2827 3566 modo
2850 3512 2911 3568 et
2930 3529 3054 3570 cum
3083 3515 3335 3577 Christus
3360 3505 3555 3596 dogma

1970 3597 2288 3664 invenisset,
2320 3615 2385 3654 ex
2417 3600 2535 3671 ipso
2562 3600 2904 3661 Christianos
2924 3610 3126 3664 vocari.
3158 3611 3214 3667 Si
3237 3615 3362 3684 quis
3390 3617 3558 3689 igitur

1968 3688 2215 3746 defendit
2247 3691 2500 3747 eumdem
2526 3692 2894 3763 Theodorum,
2914 3692 3009 3769 qui
3049 3701 3176 3758 talia
3206 3688 3557 3778 blasphema-

1970 3781 2070 3847 vit,
2097 3790 2279 3838 etnon
2316 3785 2742 3841 anathematizat
2774 3802 2923 3856 cum,
2970 3800 3029 3846 et
3056 3793 3176 3864 ejus
3220 3802 3552 3872 conscripta,

1969 3883 2026 3930 et
2063 3888 2158 3929 eos
2194 3875 2286 3946 qui
2325 3876 2521 3933 similia
2566 3877 2642 3933 illi
2687 3892 3008 3951 sapuerunt,
3050 3886 3136 3942 vel
3164 3890 3406 3960 sapiunt,
3433 3897 3557 3951 talis

1968 3967 2260 4024 anathema
2284 3968 2374 4024 sit.

2043 4230 2065 4266 α
2105 4211 2161 4268 Si
2211 4212 2336 4284 quis
2380 4210 2626 4268 defendit
2662 4217 2972 4288 conscripta
3020 4218 3383 4294 Theodoreti,
3431 4245 3557 4301 quas

1968 4304 2221 4376 exposuit
2263 4320 2364 4375 pro
2410 4304 2981 4367 Nestorio-baeretico
3032 4313 3298 4375 adversus
3347 4330 3555 4379 rectam

279 4408 382 4462 καὶ
411 4408 553 4463 κατά
585 4409 685 4482 τῆς
715 4409 883 4483 ὀρθῆς
903 4411 1141 4476 πίστεως
1167 4411 1379 4482 καὶτῆς
1398 4412 1458 4467 ἐν
1482 4411 1694 4482 Ἐφέσῳ
1721 4411 1866 4485 πρώ-

1969 4397 2154 4463 ﬁdem,
2189 4405 2245 4452 et
2281 4397 2612 4467 Ephesinam
2643 4399 2874 4471 primam
2907 4414 3152 4462 sanctam
3181 4411 3469 4479 synodum,
3497 4427 3553 4472 et

276 4516 385 4569 της
412 4500 574 4569 ἁγίας
608 4501 829 4555 συνόδου
871 4504 967 4557 καὶ
1008 4504 1103 4557 τοῦ
1151 4507 1210 4558 ἐν
1240 4503 1417 4572 ἁγίοις
1454 4501 1726 4575 Κυρίλλου
1772 4503 1866 4557 καὶ

274 4590 395 4646 τῶν
419 4590 484 4662 ιβ’
503 4590 671 4645 αὐτοῦ
699 4593 1093 4663 κεφαλαίων,ἐν
1115 4590 1198 4660 οἷς
1220 4580 1442 4650 ἀσεϐέσι
1470 4596 1864 4668 συγγράμμασι

279 4684 543 4755 σχετικὴν
575 4683 727 4753 λέγει
754 4685 854 4757 τὴν
883 4685 1079 4739 ἐνωσιν
1102 4684 1199 4740 τοῦ
1227 4685 1364 4740 Θεοῦ
1390 4686 1568 4757 Λόγου
1594 4688 1734 4755 πρὸς
1774 4688 1865 4742 τόν

275 4790 406 4829 τινα
433 4773 744 4845 ἄνθρωπον,
786 4777 916 4849 περὶ
950 4770 1014 4831 οὗ
1052 4773 1391 4848 βλασφημῶν
1423 4777 1574 4846 λέγει
1606 4777 1689 4831 ὅτι
1721 4778 1862 4852 ἐψη-

274 4859 526 4931 λάφησεν
546 4858 751 4930 Θωμᾶς
779 4857 870 4912 τὸν
900 4858 1210 4913 ἀναστάντα
1235 4860 1332 4914 καὶ
1365 4862 1743 4934 προσεκύνησε
1770 4862 1864 4916 τὸν

277 4950 600 5022 ἐγείραντα⁹
631 4952 728 5004 καὶ
745 4952 834 5007 διὰ
855 4950 1015 5006 τοῦτο
1035 4951 1253 5017 ἀσεϐεῖς
1284 4952 1442 5007 καλεῖ
1454 4955 1582 5018 τοὺς
1613 4956 1715 5024 τῆς
1739 4956 1863 5011 Ἐκ-

272 5042 517 5114 κλησίᾱς
531 5043 886 5107 διδασκάλους
903 5044 1028 5107 τοὺς
1053 5042 1179 5098 καθ’
1203 5044 1506 5100 ὑπόστασιν
1535 5046 1635 5119 τὴν
1669 5045 1867 5102 ἕνωσιν

1969 4495 2219 4545 sanctum
2259 4488 2552 4562 Cyrillum,
2606 4499 2661 4546 et
2701 4492 2988 4550 duodecim
3038 4499 3159 4568 ejus
3188 4504 3444 4572 capitula,
3494 4508 3552 4561 in

1968 4582 2169 4653 quibus
2198 4581 2473 4636 sceleratis
2515 4583 2840 4655 conscriptis
2883 4587 3025 4643 idem
3062 4589 3440 4652 Theodoretus
3465 4600 3553 4656 af.

1969 4672 2258 4730 l‘ectualem
2318 4673 2450 4729 dicit
2500 4674 2766 4731 unitatem
2823 4678 2917 4734 Dei
2946 4678 3110 4737 Verbi
3157 4684 3226 4740 ad
3273 4685 3553 4746 hominem

1968 4765 2282 4838 quemdam,
2312 4766 2381 4822 de
2431 4781 2538 4836 quo
2582 4766 2971 4838 blasphemans
2998 4773 3151 4841 dixit,
3184 4778 3329 4847 quod
3360 4781 3551 4852 palpa-

1969 4856 2049 4913 vit
2081 4858 2321 4915 Thomas
2378 4873 2502 4941 eum
2535 4860 2627 4929 qui
2685 4863 3001 4930 resurrexit,
3048 4874 3105 4921 et
3150 4870 3394 4928 adoravit
3426 4889 3555 4930 cum

1970 4952 2062 5022 qui
2088 4949 2461 5014 resuscitavit;
2491 4959 2546 5005 et
2572 4961 2792 5022 propter
2820 4954 2923 5010 hoc
2955 4954 3150 5028 impios
3179 4973 3334 5021 vocat
3361 4964 3554 5023 docto-

1964 5060 2056 5101 res
2087 5043 2364 5108 Ecclesiaa,
2383 5042 2475 5113 qui
2503 5044 2767 5099 unitatem
2809 5050 3109 5105 secundum
3141 5055 3555 5116 subsistentiam

272 5135 378 5190 τοῦ
406 5136 543 5189 Θεοῦ
582 5134 757 5205 Λόγου
801 5136 938 5208 πρὸς
959 5135 1059 5209 τὴν
1095 5135 1275 5208 σάρκα
1305 5136 1727 5208 ὁμολογοῦντας⁸
1768 5139 1866 5193 καὶ

1968 5136 2059 5192 Dei
2091 5135 2252 5191 Verbi
2286 5135 2354 5190 ad
2383 5150 2603 5190 carnem
2623 5137 2974 5197 confitentur.
3014 5144 3083 5200 Et
3111 5162 3278 5219 super
3306 5150 3423 5207 haec
3455 5151 3553 5209 Dei

276 5226 425 5299 πρὸς
452 5226 664 5290 τούτοις
696 5226 960 5282 Θεοτόκον
991 5227 1320 5298 ἀπαρνεῖται
1365 5226 1467 5299 τὴν
1507 5227 1672 5298 ἁγίαν
1716 5227 1861 5283 ἔνδο-

278 5319 375 5385 ξον
407 5318 792 5390 ’Δειπαρθένον
818 5318 1056 5389 Μαρίαν.
1088 5318 1158 5372 Εἴ
1183 5337 1267 5384 τις
1294 5319 1474 5375 τοίνυν
1504 5320 1573 5375 τὰ
1598 5320 1865 5405 εἰρημένα

1970 5228 2300 5286 Genitricem
2348 5228 2580 5300 abnegat
2621 5239 2865 5287 sanctam
2908 5245 2963 5290 et
3006 5239 3294 5309 gloriosam
3335 5259 3557 5318 semper

1970 5320 2250 5391 Virginem
2304 5318 2548 5376 Mariam.
2600 5318 2655 5376 Si
2700 5323 2826 5393 quis
2878 5327 3042 5399 igitur
3074 5348 3374 5395 memorata
3416 5354 3555 5396 con-

1593 5502 1831 5561 YABUE
1870 5501 2272 5559 LECTIONES.

395 5624 440 5656 ’δ
464 5621 497 5676 ὁ
519 5621 831 5684 ἀπόστολος.
857 5618 1085 5690 Ephes.,
1110 5615 1189 5690 V_._
1207 5616 1300 5690 31.
1374 5616 1418 5648 ’⁸
1450 5616 1500 5690 o_i
1522 5630 1639 5690 om.
1684 5614 1747 5690 _P.
1786 5685 1801 5690 _
1824 5615 1869 5648 ¹⁶
1897 5614 2320 5690 είπιῖ›ν.λροη.,
2380 5632 2469 5683 xx,
2531 5616 2623 5675 29.

286 5694 332 5726 ⁸⁹
359 5693 455 5747 τὸν
472 5709 583 5748 om.
606 5692 668 5746 P.
741 5692 788 5725 ’⁸
812 5684 931 5745 τόδὲ
965 5690 1072 5746 PV.
1148 5687 1194 5719 ¹¹
1218 5687 1312 5741 καὶ
1343 5684 1521 5743 om.P.
1596 5687 1644 5720 ”
1674 5685 2067 5757 ἀναθεματίσει
2092 5685 2202 5743 PV.

2730 5625 2771 5656 ¹¹¹
2803 5625 2865 5705 τὸ
2887 5627 3110 5701 Πνεῦμα
3139 5631 3200 5685 Ρ.
3278 5632 3323 5666 ¹⁸
3363 5632 3426 5687 ού
3483 5633 3547 5694 Ρ.
