4040 6452
566 325 663 392 931

1763 335 2201 396 CHRONICON
2247 335 2656 398 PASCIIALE.
3699 332 3780 406 932

563 451 763 514 scripta
789 419 1115 502 Theodoreti
1156 445 1424 518 defendit,
1471 454 1527 502 et
1576 461 1688 500 non
1732 445 2158 500 anathematizat

2263 446 2672 516 συγγράμματα
2702 445 3052 517 Θεοδωρήτου
3092 445 3324 514 ἐπαινεῖ,
3349 446 3485 500 ἀλλά
3518 447 3588 519 μὴ
3623 449 3780 506 ἁναθε.

564 549 650 601 ea,
686 535 810 589 talis
850 536 1140 592 anathema
1183 537 1274 592 sit.
1301 539 1530 608 Propter
1559 537 1692 620 tales
1719 537 1866 592 enim
1893 538 2152 606 blasphe-

565 625 702 682 mias
729 627 799 682 ab
821 627 1134 698 episcopatu
1162 629 1406 700 dejectus
1432 637 1537 696 est,
1563 639 1619 683 et
1643 637 1832 699 postea
1864 630 1920 682 in
1956 637 2150 684 sancto

565 713 998 772 Chalcedonensi
1032 717 1263 773 concilio
1308 717 1740 788 eompulsuscst
1789 716 1974 772 omnia
2021 731 2154 772 con-

567 806 734 861 traria
763 810 1080 863 memoratis
1118 809 1230 865 suis
1256 809 1582 880 conscriptis
1624 808 1824 872 facere,
1862 817 1919 864 et
1949 818 2153 864 rectam

567 896 726 978 (idem
758 899 1028 980 confiteri.

645 1091 664 1123 ι
699 1071 754 1126 Si
807 1071 928 1142 quis
982 1071 1226 1126 defendit
1275 1071 1500 1143 impiam
1548 1071 1858 1142 epistolam,
1887 1087 2052 1142 quam
2086 1073 2153 1126 ad

567 1159 758 1214 Marim
786 1160 1006 1216 Persam
1057 1161 1376 1216 haereticum
1431 1161 1552 1216 lbas
1595 1162 1883 1233 scripsisse
1928 1161 2150 1228 dicitur,

565 1267 688 1322 quae
728 1253 960 1322 abnegat
996 1252 1168 1317 Deum
1194 1250 1432 1306 Verbum
1463 1253 1740 1308 hominem
1769 1253 1967 1308 factum
2002 1269 2148 1320 esse;

564 1351 621 1396 et
671 1341 806 1428 dicit
859 1358 970 1398 non
999 1343 1170 1398 Deum
1226 1343 1465 1399 Verbum
1514 1360 1580 1400 ex
1623 1344 1842 1416 Virgine
1889 1345 2146 1400 incarna-

565 1443 702 1498 tum,
757 1443 946 1488 natum
998 1449 1154 1499 esse,
1201 1436 1298 1490 sed
1353 1449 1552 1506 purum
1602 1436 1881 1492 hominem
1934 1452 2000 1492 ex
2037 1435 2153 1506 ipsa

564 1539 687 1579 esse
733 1534 953 1591 natum,
1005 1541 1168 1595 quem
1227 1529 1492 1596 templum
1549 1537 1730 1592 vocat,
1783 1537 1845 1583 ut
1893 1528 2030 1582 alius
2084 1527 2155 1583 sit

565 1613 986 1684 DeusVerbum,
1015 1624 1070 1672 et
1091 1617 1231 1672 alius
1265 1618 1437 1673 homo
1464 1635 1479 1674 :
1510 1632 1566 1673 et
1597 1634 1766 1690 super
1784 1620 1903 1675 haec
1935 1619 2158 1688 injuriat

2259 534 2478 606 ματίξει
2511 536 2672 600 αὐτὰ,
2706 537 2736 588 ό
2761 534 3000 597 τοιοῦτος
3029 534 3276 604 ἀνάθεμα
3318 534 3482 588 ἔστω.
3522 535 3668 608 362
3707 541 3782 594 Διὰ

2253 627 2465 690 ταύτας
2493 627 2603 698 γὰρ
2639 627 2736 691 τὰς
2769 626 3117 698 βλασφημίας
3145 627 3244 696 τῆς
3268 627 3567 696 ἐπισκοπῆς
3604 628 3784 700 ἐξεϐλή-

2254 717 2344 790 θη,
2373 718 2468 789 καὶ
2492 718 2631 788 μετὰ
2658 717 2830 772 ταῦτα
2853 720 2912 772 ἐν
2934 720 3001 789 τῇ
3037 719 3169 788 ἁγία
3213 717 3416 789 συνόδῳ
3458 719 3522 788 τῇ
3577 719 3630 770 ἐν
3669 720 3782 774 Xa).-

2254 809 2442 880 κηδόνι
2469 810 2756 882 συνωθήθη
2801 810 2980 864 πάντα
3009 809 3077 863 τά
3125 808 3346 863 ἐναντία
3373 811 3487 872 τοῖς
3519 827 3784 880 μνημονευ-

2255 898 2424 952 θεϊσιν
2468 897 2635 951 αὐτοῦ
2685 898 3070 969 συγγράμασιν
3104 897 3331 964 ποιῆσαι
3373 897 3467 950 καὶ
3514 897 3608 968 τὴν
3652 897 3784 970 ὀρθὴν

2255 987 2439 1040 πίστιν
2471 987 2828 1058 ὁμολογῆσαι.
3207 1051 3212 1056 ,

2333 1073 2434 1126 «Εἰ
2474 1091 2560 1136 τις
2601 1070 2960 1127 ἀντιποιεῖται
2987 1073 3088 1142 τῆς
3120 1071 3352 1134 ἀσεϐους
3401 1070 3674 1142 ἐπιστολῆς
3713 1071 3787 1141 τῆς

2253 1159 2556 1232 λεγομένης
2602 1162 2756 1232 παρὰ
2813 1161 2934 1213 Ἴϐα
2979 1159 3288 1231 γεγράφθαι
3325 1159 3465 1230 πρὸς
3511 1159 3678 1230 Μάριν
3719 1159 3787 1211 τδν

2254 1247 2474 1320 Πέρσην
2502 1247 2594 1301 τὸν
2629 1247 2926 1319 αἱρετικὸν,
2957 1248 3058 1317 τῆς
3075 1246 3418 1318 ἀρνουμένης
3448 1245 3538 1298 τὸν
3567 1243 3686 1297 θεὸν
3707 1245 3784 1298 Δό-

2255 1355 2353 1406 γον
2405 1339 2695 1410 ἄνθρωπον
2761 1338 3091 1410 γεγενῆσθαι
3157 1337 3254 1392 καὶ
3303 1336 3567 1406 λεγούσης
3615 1334 3682 1406 μὴ
3719 1331 3784 1390 sit

2254 1433 2426 1506 Λόγον
2459 1433 2506 1465 ’³
2535 1435 2600 1486 ἐκ
2628 1435 2728 1504 τῆς
2765 1431 3044 1503 Παρθένου
3094 1429 3454 1502 σαρκιιιθέντα
3484 1427 3786 1498 γεννηθῆναι,

2257 1521 2392 1576 ἀλλὰ
2435 1520 2592 1590 ψιλὸν
2632 1521 2922 1593 ἄνθρωπον
2974 1520 3023 1552 ³⁸
3059 1519 3122 1586 ἐξ
3165 1519 3338 1590 αὐτῆς
3381 1515 3710 1587 γεννηθῆναι,
3744 1517 3788 1570 ὃν

2256 1613 2383 1667 ναὸν
2410 1613 2700 1680 ἀποκαλεῖ,
2751 1613 2827 1678 ὡς
2875 1611 3035 1667 ἄλλον
3061 1607 3201 1666 εἶναι
3229 1612 3324 1665 τὸν
3352 1609 3487 1664 Θεδν
3531 1611 3686 1678 Λόγον
3719 1611 3788 1664 καὶ

565 1706 894 1776 Ephesinam
921 1709 1149 1778 primam
1171 1710 1458 1780 synodum,
1481 1709 1635 1781 quasi
1660 1711 1778 1766 sine
1803 1710 2157 1780 inquisitione

2260 1703 2424 1758 ἁλλον
2454 1703 2546 1756 τὸν
2591 1701 2899 1774 ἄνθρωπον,
2937 1703 3077 1775 πρὸς
3107 1701 3320 1764 τούτοις
3361 1699 3420 1754 δέ
3454 1697 3786 1769 ἐνυϐριζούσης

565 1807 625 1852 et
661 1797 1070 1862 examinatione
1099 1799 1168 1854 ab
1210 1799 1328 1870 ipsa
1380 1787 1633 1858 Nestorio
1685 1801 2070 1868 condemnato,
2098 1811 2156 1856 et

2260 1793 2355 1862 τὴν
2383 1794 2440 1846 ἐν
2489 1792 2701 1864 Ἐφέσῳ
2731 1792 2955 1865 πρώτην
2987 1793 3230 1860 σύνοδον,
3257 1791 3338 1856 ὡς
3359 1790 3527 1862 χωρὶς
3558 1789 3786 1858 ζητήσεως

565 1899 815 1945 sanetum
863 1889 1120 1960 Cyrillum
1175 1899 1332 1946 vocat
1379 1891 1715 1958 haereticum,
1755 1899 1814 1948 et
1855 1893 2144 1950 duodecim

567 1979 688 2049 ejus
713 1981 950 2050 capitula
976 1981 1142 2050 impia
1166 1981 1320 2044 dicit.
1345 1981 1657 2038 Nestorium
1679 1992 1862 2038 autem
1887 1993 1942 2038 et
1971 1982 2154 2039 'fheo-

564 2072 758 2127 dorum
798 2065 923 2127 cu'm
957 2073 1141 2142 impiis
1181 2090 1373 2130 eorum
1420 2075 1748 2146 conscriptis
1799 2075 2076 2131 collaudat
2103 2083 2160 2130 et

565 2163 836 2219 defendit.
872 2164 930 2218 Si
977 2167 1100 2236 quis
1142 2166 1327 2240 igitur,
1377 2167 1518 2223 sicut
1543 2168 1753 2224 dictum
1781 2179 1886 2234 est,
1910 2169 2158 2224 eamdem

567 2255 742 2326 ipsam
797 2255 1085 2326 epistolam
1143 2259 1406 2325 vindicat,
1451 2260 1540 2316 vel
1600 2269 1804 2316 rectam
1861 2275 1984 2316 esse
2027 2259 2159 2315 dicit

577 2349 764 2416 ipsam,
807 2349 892 2404 vel
939 2359 1146 2419 partem
1194 2350 1398 2421 ipsius,
1439 2351 1534 2407 sed
1580 2367 1691 2406 non
1727 2353 2158 2408 anathematizat

571 2454 718 2508 eam,
742 2442 1034 2496 anathema
1067 2441 1160 2496 sit.

641 2633 664 2668 ς
697 2615 814 2671 Tali
865 2632 995 2688 ergo
1049 2619 1213 2690 impia
1261 2621 1487 2692 epistola
1528 2623 1675 2694 juste
1704 2625 2160 2680 anathematizata

567 2718 795 2794 propter
838 2710 1074 2776 insertas
1123 2713 1172 2766 ei
1213 2713 1602 2794 blasphemias,
1645 2715 1917 2771 Theodori
1953 2726 2009 2772 et
2047 2716 2160 2772 Ne—

565 2790 718 2853 storii
772 2800 1061 2870 impiorum
1103 2817 1368 2873 sequaces
1411 2790 1684 2862 conantur
1725 2808 1930 2874 dicere,
1969 2823 2158 2863 susce-

565 2899 715 2960 ptam
765 2907 888 2948 esse
927 2907 1046 2948 eam
1107 2909 1138 2948 a
1198 2905 1388 2951 sancto
1429 2897 1864 2954 Chalcedonensi
1906 2899 2157 2955 concilio.

508 3007 511 3009 -
567 2977 687 3034 Hoc
735 2989 918 3036 autem
955 2983 1166 3052 dicunt,
1201 2995 1446 3042 sanctam
1497 2989 1716 3058 quidem
1748 2989 2162 3045 Chalcedonen-

565 3085 682 3125 sem
729 3073 996 3144 synodum
1048 3075 1479 3142 calumniantes,
1529 3081 1752 3136 nomine
1804 3091 1987 3136 autem
2039 3082 2160 3150 ejus
2188 3117 2230 3174 ρ

565 3157 888 3216 festinantes
929 3162 1116 3218 debita
1154 3167 1612 3224 condcmnatione
1638 3169 1873 3225 liberare
1900 3169 2158 3225 Theodo-

565 3265 709 3317 rum,
737 3260 794 3307 et
836 3251 1174 3322 Nestorium,
1207 3264 1265 3310 et
1317 3257 1539 3328 impiam
1585 3260 1892 3329 epistolam,
1927 3275 2028 3330 pro
2055 3275 2161 3330 qua

571 3343 696 3396 lbas
718 3343 918 3412 sapius
949 3354 1261 3412 accusatus,
1291 3363 1404 3403 non
1434 3358 1518 3404 est
1549 3365 1714 3406 ausus
1736 3366 1858 3406 eam
1887 3367 2041 3407 suam
2072 3353 2159 3407 di-

566 3447 694 3488 cere
714 3443 936 3504 propter
955 3435 1189 3492 insertas
1215 3437 1263 3492 ei
1293 3440 1677 3508 blasphemias.
1703 3441 1767 3496 Et
1793 3443 1909 3497 haec
1929 3442 2158 3497 demon-

569 3525 869 3580 strabimus
907 3541 974 3580 ex
1025 3527 1134 3593 his,
1166 3543 1288 3598 quae
1321 3529 1538 3587 diverse
1563 3533 1633 3587 de
1661 3533 1764 3588 ista
1805 3547 1969 3588 causa
2013 3541 2162 3588 mota

569 3624 716 3670 sunt.
761 3615 816 3670 In
852 3617 940 3671 his
987 3618 1136 3673 enim
1195 3635 1320 3689 quae
1369 3623 1511 3692 apud
1563 3623 1818 3678 Photium
1864 3633 1920 3678 et
1964 3624 2161 3679 Eusta-

571 3705 748 3763 thium
799 3708 926 3780 Tyri
969 3719 1088 3765 acta
1135 3720 1284 3779 sunt,
1319 3729 1444 3768 cum
1479 3725 1836 3771 accusaretur
1872 3714 2162 3784 praedictus

571 3797 696 3855 lhas
745 3801 813 3856 de
865 3801 1080 3870 injuriis
1108 3805 1278 3858 sancti
1301 3805 1509 3874 Cyrilli,
1554 3807 1845 3862 manifeste
1875 3807 2162 3862 confessus

569 3899 678 3957 est,
704 3899 828 3962 post
856 3892 1122 3948 unitatem
1153 3894 1536 3962 Orientalium,
1561 3913 1684 3966 quae
1712 3897 1778 3953 ad
1812 3909 2018 3952 sanetae
2043 3913 2160 3952 med

573 3980 760 4034 moria;
801 3979 1057 4051 Cyrillum
1101 3981 1240 4037 facta
1291 3991 1394 4049 est,
1428 3968 1578 4038 'nihil
1618 3984 1942 4056 injuriosum
1977 3983 2046 4038 de
2095 3996 2162 4038 eo

570 4071 794 4127 dixisse.
837 4071 1074 4142 Epistola
1121 4083 1305 4130 autem
1361 4076 1518 4146 plena
1571 4076 1844 4146 praedictis
1901 4075 2159 4144 blasphe-

502 4220 514 4227 ,
574 4165 716 4228 miis,
758 4181 856 4235 pro
903 4166 1102 4235 quibus
1145 4169 1506 4222 accusabatur
1551 4169 1694 4234 Ibas,
1738 4169 1938 4222 multas
1967 4175 2160 4222 contra

565 4265 824 4312 sanctum
877 4257 1136 4328 Cyrillum
1193 4257 1420 4326 injurias
1472 4259 1782 4324 continens,
1837 4256 1978 4312 facta
2035 4271 2158 4312 esse

573 4348 879 4404 ostenditur
907 4359 1032 4419 post
1079 4349 1341 4404 unitatem
1375 4349 1442 4404 ad
1486 4347 1794 4404 Orientales
1826 4347 2048 4414 factam,
2085 4361 2150 4401 ex

2259 1888 2354 1941 καὶ
2377 1885 2614 1958 κρίσεως
2650 1885 2942 1956 Νεστόριον
2972 1883 3426 1940 καταδικάσασαν
3463 1881 3511 1914 ⁸³
3533 1879 3716 1934 καὶτὸν
3744 1879 3785 1932 ἐν

2260 1978 2439 2045 ἁγίοις
2469 1976 2738 2048 Κύριλλον
2769 1976 3047 2047 αἱρετικὸν
3091 1971 3478 2044 ἀποκαλούσης
3525 1970 3616 2024 καὶ
3656 1967 3784 2038 ἀσεϐῆ

2256 2067 2327 2121 τὰ
2357 2065 2422 2138 ιβ’
2455 2068 2620 2122 αὐτοῦ
2655 2067 2953 2136 κεφάλαια,
2987 2066 3288 2136 Νεστόριον
3337 2063 3398 2117 δὲ
3441 2062 3487 2096 ³⁸
3515 2062 3606 2116 καὶ
3625 2057 3785 2115 Θεόδω-

2261 2177 2353 2228 ρον
2392 2159 2532 2230 μετά
2562 2161 2670 2214 τῶν
2717 2159 2936 2213 ἀσεϐῶν
2986 2157 3152 2211 αὑτοῦ
3193 2155 3642 2227 συγγραμμάτων
3669 2153 3788 2211 ἐπαι-

2259 2255 2458 2326 νούσης
2481 2257 2574 2308 καὶ
2597 2255 2940 2326 ἐκδικούσης.
2983 2253 3051 2307 EE
3077 2271 3160 2317 τις
3188 2252 3396 2318 τοίνυν,
3427 2249 3568 2305 καθά
3601 2247 3786 2320 εἴρηται,

2260 2347 2362 2420 τὴν
2394 2349 2693 2418 είρημένην
2723 2336 2898 2416 ἀσεϐῆ
2927 2343 3220 2417 ἐπιστολὴν
3248 2344 3462 2398 ἐκδικεί
3489 2341 3522 2413 ἢ
3549 2339 3697 2410 ὀρθὴν
3719 2339 3790 2392 αὖ·

2259 2436 2357 2510 τὴν
2383 2437 2524 2494 εἶναι
2557 2439 2706 2508 λέγει
2737 2435 2772 2510 ἢ
2814 2439 2980 2509 μέρος
3022 2437 3214 2508 αὐτῆς,
3259 2434 3399 2490 ἀλλὰ
3448 2431 3525 2503 μὴ
3563 2429 3786 2501 ἀναθεμα-

2260 2529 2403 2598 τίζει
2439 2529 2632 2601 αὐτὴν,
2669 2530 2919 2600 ἀνάθεμα
2949 2528 3111 2580 ἔστω.

2339 2612 2480 2689 «Τῆς
2507 2617 2765 2688 τοιαύτης
2795 2617 2975 2670 τοίνυν
2998 2615 3292 2688 ἐπιστολῆς
3313 2615 3536 2680 δικαίως
3566 2613 3787 2684 ἀναθεμα-

2262 2709 2540 2778 τισθείσης
2569 2707 2656 2762 διὰ
2679 2708 2778 2772 τάς
2809 2706 3208 2779 περιεχομένας
3229 2707 3278 2739 ³⁷
3309 2707 3449 2778 αὐτῇ
3475 2703 3785 2776 βλασφημίας,

2262 2804 2310 2855 οἱ
2343 2803 2410 2856 τὰ
2437 2803 2483 2833 ’⁸
2513 2799 2790 2871 Θεοδώρου
2841 2799 2936 2854 καὶ
2976 2799 3274 2870 Νεστορίου
3313 2799 3426 2853 τῶν
3450 2797 3650 2854 ἀσεϐῶν
3687 2811 3784 2866 φρο-

2263 2894 2480 2957 νοῦντες
2530 2892 2866 2964 ἐπιχειροῦσι
2918 2891 3098 2962 λέγειν
3157 2892 3370 2963 ταύτην
3405 2878 3637 2962 δεδέχθαι
3673 2885 3786 2958 παρὰ

2263 2985 2364 3056 τῆς
2403 2985 2566 3053 ἁγίας
2597 2986 2656 3038 ἐν
2693 2977 3002 3056 Χαλκηδόνι
3032 2983 3276 3038 συνόδου.
3313 2981 3486 3036 Τοῦτο
3525 2980 3578 3034 δὲ
3619 2977 3786 3046 λέγουσι

2263 3079 2364 3148 τὴν
2391 3077 2492 3148 μὲν
2513 3073 2675 3144 ἁγίαν
2698 3075 2916 3131 σύνοδον
2939 3075 3432 3146 συκοφαντοῦντες,
3461 3072 3536 3144 τῷ
3561 3071 3612 3124 δὲ
3629 3067 3787 3137 ταύτης

2265 3169 2619 3243 προσχήματι
2650 3163 3046 3232 σπουδάζοντες
3066 3167 3172 3238 τῆς
3191 3167 3551 3238 ὀφειλομένης
3581 3157 3787 3230 κατακρί-

2264 3278 2402 3324 σεως
2440 3257 2808 3327 ἐλευθερῶσαι
2837 3258 3123 3327 Θεόδωρον
3139 3259 3233 3313 καὶ
3268 3259 3562 3328 Νεστόριον
3594 3253 3676 3308 καὶ
3715 3249 3785 3319 τὴν

2262 3351 2436 3422 ἀσεϐῆ
2467 3351 2781 3422 ἐπιστολὴν,
2835 3350 2966 3420 περὶ
3015 3345 3084 3423 ἦς
3124 3349 3280 3414 Ἰϐας
3307 3349 3564 3412 πολλάκις
3601 3356 3787 3414 κατηγο-

2265 3441 2452 3515 ρηθεὶς
2483 3441 2585 3495 οὐκ
2613 3430 2885 3512 ἐτόλμησε
2940 3441 3147 3512 ταύτην
3189 3439 3578 3496 οἰκειώσασθαι
3609 3435 3686 3490 διὰ
3715 3430 3786 3492 τὰς

2265 3534 2668 3607 περιεχομένας
2699 3535 2837 3606 αὓτῇ
2871 3533 3246 3605 βλασφημίας.
3279 3535 3396 3588 Καὶ
3422 3531 3588 3585 ταῦτα
3619 3522 3788 3584 ἀποδεί-

2265 3626 2430 3694 ξομεν
2469 3627 2534 3678 ἐκ
2567 3625 2675 3679 τῶν
2733 3621 3006 3695 διαφόρως
3055 3618 3186 3695 περλἔ
3225 3625 3418 3678 τούτου
3449 3617 3783 3690 κεκινημένων.

2275 3689 2366 3769 Ἕν
2388 3715 2499 3786 γάρ
2527 3716 2640 3778 τοῖς
2676 3689 3058 3786 παρά-Φωτίου
3103 3689 3200 3768 κ-αῗ
3244 3713 3544 3768 Εὑσταθίου
3585 3689 3786 3776 πεπραγ-

2271 3805 2458 3878 μένοις
2487 3807 2545 3858 ἐν
2574 3805 2736 3876 Τύρῳ
2781 3806 3260 3877 κατηγορούμενος
3292 3807 3322 3859 δ
3344 3799 3646 3876 προλεχθεὶς
3672 3793 3784 3865 Ἴδας

2264 3901 2397 3971 περὶ
2429 3897 2540 3952 τῶν
2578 3897 2793 3970 ὕϐρεων
2833 3896 2928 3951 τοῦ
2957 3899 3016 3951 ἐν
3065 3898 3244 3967 ἁγίοις
3277 3893 3549 3966 Κυρίλλου
3589 3883 3786 3959 φανερῶς

2263 3989 2526 4044 κατέθετο
2554 3990 2694 4060 μετά
2721 3989 2821 4060 τὴν
2840 3988 3035 4043 ἕνωσιν
3075 3988 3185 4042 τῶν
3209 3985 3542 4042 ἀνατολικῶν
3579 3982 3666 4052 τὴν
3683 3974 3786 4046 πρδς

2263 4081 2356 4135 τὸν
2388 4083 2449 4136 ἐν
2475 4083 2652 4150 ἁγίοις
2681 4079 2951 4150 Κύριλλον
2972 4081 3138 4152 μηδέν
3169 4077 3384 4152 ὕϐρεως
3415 4079 3652 4150 ἐχόμενον
3668 4071 3786 4138 ei???

2265 4173 2420 4228 κέναι
2458 4175 2585 4246 περὶ
2615 4173 2805 4228 αὐτοῦ.
2843 4174 2906 4227 Ἦ
2931 4173 2988 4226 δὲ
3013 4173 3270 4243 ἐπιστολὴ
3301 4174 3335 4244 ἡ
3372 4171 3417 4203 ²⁹
3438 4160 3784 4246 πεπληρωμέῆτζ

2264 4266 2372 4319 τῶν
2400 4243 2708 4337 εἰρημένων
2737 4262 3120 4336 βλασφημιῶν,
3169 4262 3254 4331 ἐφ’
3283 4243 3372 4325 αἷς
3419 4253 3734 4327 κατηγορεῖτο
3753 4243 3785 4275 ³⁸

2268 4356 2441 4420 Ἴϐας,
2473 4355 2676 4420 πολλὰς
2709 4353 2852 4409 κατὰ
2882 4353 2980 4408 τοῦ
3019 4355 3077 4406 ἐν
3111 4353 3286 4420 ἁγίοις
3342 4347 3600 4422 Κυρίλλου
3641 4339 3786 4408 ὕϐρεις

573 4456 682 4510 quo
710 4441 1118 4496 demdnstratur
1151 4441 1272 4496 Ibas
1303 4456 1422 4496 eam
1467 4442 1786 4510 abnegasse.
1824 4439 1982 4496 Unde
2015 4453 2156 4510 prte-

2263 4440 2592 4520 πέριέχουσα
2616 4447 2968 4518 παρίστησιν,
2993 4445 3074 4499 ὅτι
3098 4444 3237 4516 μετά
3257 4443 3356 4516 τὴν
3379 4443 3562 4496 ἕνωσιν
3580 4435 3664 4504 τὴν
3683 4423 3784 4520 πρὸς

573 4531 702 4586 dicti
731 4531 958 4587 Photius
985 4541 1042 4586 et
1067 4531 1388 4598 Eustathius
1429 4531 1830 4588 satisfacientes
1868 4539 2160 4587 accusato-

575 4625 748 4691 ribus,
787 4626 844 4680 in
875 4624 1092 4694 scriptis
1121 4624 1474 4690 deﬁnierunt,
1511 4625 1830 4694 praedictum
1865 4625 2012 4678 Ibam
2045 4637 2163 4677 om-

576 4720 665 4773 nia
708 4718 982 4773 contraria
1013 4715 1260 4787 epistola:
1306 4730 1588 4786 peragere,
1620 4715 1764 4770 sicut
1788 4713 2059 4785 judicium
2095 4713 2163 4770 ab

577 4815 658 4868 eis
703 4811 774 4866 de
819 4813 925 4866 hoc
971 4811 1158 4866 datum
1216 4807 1506 4880 signiﬁcat.
1561 4807 1670 4862 Sed
1714 4823 1838 4862 cum
1891 4806 2016 4863 lbas
2054 4822 2164 4861 non

579 4903 930 4974 adimplesset
956 4891 1021 4958 ea
1062 4917 1184 4972 quae
1213 4901 1287 4956 illi
1318 4899 1738 4970 judicaveruntp
1754 4900 1964 4969 ejectus
1991 4909 2074 4954 est
2095 4900 2164 4954 ab

579 4997 898 5068 episcopatu
925 5004 1146 5066 propter
1168 4991 1535 5064 blasphemias
1561 4991 1866 5062 praedicata:
1890 4991 2160 5062 epistolae,

581 5098 642 5146 et
685 5087 912 5144 Nonnus
949 5103 1048 5158 pro
1085 5087 1178 5141 illo
1223 5085 1508 5140 Ordinatus
1539 5091 1644 5148 est,
1686 5084 1780 5154 qui
1817 5093 1874 5139 et
1913 5083 2167 5140 consedit

582 5182 642 5238 in
667 5189 856 5236 sancto
883 5177 1310 5234 Chalcedonensi
1342 5176 1594 5232 concilio.

2263 4539 2416 4603 τοὺς
2445 4537 2801 4601 ἀνατολικοίις
2844 4537 3070 4606 γέγονεν
3109 4551 3125 4568 ο
3179 4535 3241 4600 ἐξ
3281 4529 3342 4590 οὗ
3394 4532 3648 4587 δείκνυται
3669 4518 3784 4576 Ἴδας

2263 4628 2468 4700 ταύτην
2529 4629 3014 4699 ἀπαρνησάμενος.
3059 4626 3226 4682 Ὅθεν
3284 4627 3334 4680 οἱ
3381 4613 3784 4696 μνημονευθέντες

2264 4721 2472 4785 Φὼτιος
2501 4721 2596 4774 καὶ
2620 4719 2918 4785 Εὑστάθιος
2941 4717 3030 4773 διὰ
3049 4720 3148 4791 τὴν
3174 4719 3284 4773 τῶν
3309 4701 3787 4794 ἐγκαλούντων

2269 4812 2534 4886 ροφορὶαν
2563 4812 2863 4883 ἐγγράφως
2884 4790 3229 4864 διετύπωσαν
3247 4790 3352 4863 -τὸν
3371 4800 3642 4878 εἰρημένον
3667 4790 3784 4886 ’Ἰσαξι

2271 4875 2450 4959 πάντά
2469 4903 2538 4958 τὰ
2565 4875 2786 4956 ἐναντία
2811 4903 2878 4972 τῇ
2907 4901 3163 4972 ἐπιστολῇ
3191 4875 3614 4971 πρᾶξαιίκαθὼς
3639 4875 3783 4956 ήπεΡῖ

2271 4994 2463 5049 τούτου
2513 4993 2733 5046 δοθεῖσα
2778 4993 2912 5064 παρ’
2977 4991 3155 5044 αὐτῶν
3223 4991 3499 5062 ἐπίκρισις
3543 4980 3780 5064 δείκνυσινο

2284 5085 2445 5140 ,Αλλά
2477 5085 2553 5157 μὴ
2601 5062 2901 5156 πληρώσαξς
2932 5082 3094 5154 363
3131 5083 3282 5146 Ἴϐας
3331 5081 3399 5134 τὰ
3437 5074 3558 5144 παρ’
3591 5062 3780 5166 Δἐκείνων

2275 5155 2629 5249 ἐπικριθέντα
2659 5155 2928 5246 ἐξεϐλήθη
2957 5173 3056 5245 τῆς
3097 5172 3402 5240 ἐπισκοπῆς
3427 5167 3514 5222 διὰ
3552 5161 3638 5222 τὰς
3656 5155 3780 5249 ,δλασί

583 5271 794 5344 φημίας
851 5270 952 5340 τῆς
1009 5269 1307 5340 εἰρημένης
1373 5266 1684 5337 ἐπιστολῆς,
1751 5265 1849 5320 καὶ
1881 5267 1924 5298 ³¹
1984 5265 2181 5330 Νόννος
2249 5269 2364 5322 ἀντ’
2411 5237 2589 5322 ταύτοῦ
2641 5237 3050 5339 ἐχειροτονηθη,
3110 5263 3170 5328 ὃς
3225 5261 3320 5317 καὶ
3362 5237 3705 5315 *συνεκαθέσθη
3729 5237 3776 5304 τῇ

581 5363 716 5436 ἁγίᾳ
743 5365 800 5417 ἐν
823 5362 1139 5434 Χαλκηδόνι,
1163 5361 1390 5432 συνόδῳ.

1886 5448 2120 5505 νΑῐὶΙᾹΞ
2163 5444 2570 5504 LECTIONES.

652 5571 702 5607 ³³
731 5570 822 5624 τὸν
849 5543 985 5622 δεον
1016 5568 1188 5637 Λόγον
1218 5566 1279 5622 Ρ.

587 5633 1266 5766 ρξιχοὶμξιέαῗηὲῗζ
1341 5638 1387 5669 ³⁸
1420 5633 1466 5691 οἱ
1515 5637 1601 5692 τά.
1661 5633 1750 5692 οἷα
1802 5633 1912 5693 PV.

661 5729 735 5768 κα
1023 5725 1034 5738 '
1215 5747 1232 5764 .
1763 5726 1767 5730 ’

1355 5567 1400 5598 ιι
1426 5566 1582 5637 ψιλὸν
1613 5567 2014 5637 τὸν-ἄνθρωπον
2046 5542 2244 5622 Ρέοιει.

1834 5621 1952 5692 iv."
2022 5621 2128 5707 19η
2183 5651 2294 5690 om.
2351 5635 2412 5689 P.
2491 5635 2535 5666 ³ο
2592 5621 2953 5707 κατηγορεῖτο
3006 5651 3082 5691 ιιι.

2343 5546 3096 5636 ²⁵κατοίδικασάσηςῬεοὶω
3174 5558 3306 5614 ’θδὲ
3342 5571 3448 5610 om.
3501 5553 3565 5636 Ρ..
3623 5543 3661 5576 ’⁷
3689 5549 3774 5664 ἐξ·

2351 5635 2412 5689 Ρ.
2491 5635 2535 5666 ³ο
2592 5639 2953 5698 κατηγορεῖτο
3006 5651 3082 5691 m.
3155 5633 3222 5698 Β,
3283 5633 3640 5698 κατηγορειται
3755 5635 3771 5656 ο
