  <div class='ocr_page' id='page_1' title='image "/cluster/home/n/w/nwhite01/storage/ocr_20150623/92/coo.31924054869965/480.png"; bbox 0 0 4040 6474; ppageno 0'>
   <div class='ocr_carea' id='block_1_1' title="bbox 302 351 419 417">
    <p class='ocr_par' dir='ltr' id='par_1_1' title="bbox 302 351 419 417">
     <span class='ocr_line' id='line_1_1' title="bbox 302 351 419 417; baseline 0 0"><span class='ocrx_word' id='word_1_1' title='bbox 302 351 419 417; x_wconf 77' lang='lat'><strong>933</strong></span> 
     </span>
    </p>
   </div>
   <div class='ocr_carea' id='block_1_2' title="bbox 1505 354 2397 420">
    <p class='ocr_par' dir='ltr' id='par_1_2' title="bbox 1505 354 2397 420">
     <span class='ocr_line' id='line_1_2' title="bbox 1505 354 2397 420; baseline -0.002 0"><span class='ocrx_word' id='word_1_2' title='bbox 1505 354 1944 420; x_wconf 83' lang='lat' dir='ltr'><strong>CIIRONICON</strong></span> <span class='ocrx_word' id='word_1_3' title='bbox 1994 357 2397 420; x_wconf 76' lang='lat' dir='ltr'><strong>PASCHALE.</strong></span> 
     </span>
    </p>
   </div>
   <div class='ocr_carea' id='block_1_3' title="bbox 3479 361 3585 426">
    <p class='ocr_par' dir='ltr' id='par_1_3' title="bbox 3479 361 3585 426">
     <span class='ocr_line' id='line_1_3' title="bbox 3479 361 3585 426; baseline 0.038 -3"><span class='ocrx_word' id='word_1_4' title='bbox 3479 361 3585 426; x_wconf 66' lang='grc'><strong>634</strong></span> 
     </span>
    </p>
   </div>
   <div class='ocr_carea' id='block_1_4' title="bbox 390 465 1890 542">
    <p class='ocr_par' dir='ltr' id='par_1_4' title="bbox 390 465 1890 542">
     <span class='ocr_line' id='line_1_4' title="bbox 390 465 1890 542; baseline 0.003 -24"><span class='ocrx_word' id='word_1_5' title='bbox 390 465 564 538; x_wconf 74' lang='grc' dir='ltr'>«Περὶ</span> <span class='ocrx_word' id='word_1_6' title='bbox 586 466 698 521; x_wconf 82' lang='grc' dir='ltr'>τῶν</span> <span class='ocrx_word' id='word_1_7' title='bbox 721 467 902 522; x_wconf 80' lang='grc' dir='ltr'>αὐτῶν</span> <span class='ocrx_word' id='word_1_8' title='bbox 929 468 1108 523; x_wconf 77' lang='grc' dir='ltr'>τοένυν</span> <span class='ocrx_word' id='word_1_9' title='bbox 1134 469 1227 524; x_wconf 72' lang='grc' dir='ltr'>καὶ</span> <span class='ocrx_word' id='word_1_10' title='bbox 1253 468 1308 521; x_wconf 71' lang='grc' dir='ltr'>ἓν</span> <span class='ocrx_word' id='word_1_11' title='bbox 1336 468 1640 540; x_wconf 69' lang='grc' dir='ltr'>Χαλκηδόνι</span> <span class='ocrx_word' id='word_1_12' title='bbox 1662 486 1890 542; x_wconf 67' lang='grc' dir='ltr'>κατηγοι</span> 
     </span>
    </p>
   </div>
   <div class='ocr_carea' id='block_1_5' title="bbox 1994 465 3586 542">
    <p class='ocr_par' dir='ltr' id='par_1_5' title="bbox 2078 467 3586 540">
     <span class='ocr_line' id='line_1_5' title="bbox 2078 467 3586 540; baseline 0.006 -19"><span class='ocrx_word' id='word_1_13' title='bbox 2078 488 2098 521; x_wconf 82' lang='grc' dir='ltr'><strong>ι</strong></span> <span class='ocrx_word' id='word_1_14' title='bbox 2132 468 2208 522; x_wconf 88' lang='lat' dir='ltr'><strong>De</strong></span> <span class='ocrx_word' id='word_1_15' title='bbox 2254 468 2460 524; x_wconf 86' lang='lat' dir='ltr'><strong>eisdem</strong></span> <span class='ocrx_word' id='word_1_16' title='bbox 2506 467 2672 540; x_wconf 79' lang='lat' dir='ltr'><strong>igitur</strong></span> <span class='ocrx_word' id='word_1_17' title='bbox 2717 468 2880 525; x_wconf 88' lang='lat' dir='ltr'><strong>etiam</strong></span> <span class='ocrx_word' id='word_1_18' title='bbox 2917 469 3264 527; x_wconf 78' lang='lat' dir='ltr'><strong>Chalcedone</strong></span> <span class='ocrx_word' id='word_1_19' title='bbox 3300 484 3586 530; x_wconf 74' lang='lat' dir='ltr'><strong>accusatus</strong></span> 
     </span>
    </p>
   </div>
   <div class='ocr_carea' id='block_1_6' title="bbox 300 543 1900 634">
    <p class='ocr_par' dir='ltr' id='par_1_6' title="bbox 300 543 1900 634">
     <span class='ocr_line' id='line_1_6' title="bbox 300 543 1900 634; baseline 0.004 -25"><span class='ocrx_word' id='word_1_20' title='bbox 300 543 509 622; x_wconf 63' lang='grc' dir='ltr'>φηθεὶς</span> <span class='ocrx_word' id='word_1_21' title='bbox 525 557 553 610; x_wconf 82' lang='grc' dir='ltr'><strong>ό</strong></span> <span class='ocrx_word' id='word_1_22' title='bbox 586 559 980 629; x_wconf 76' lang='grc' dir='ltr'>μνημονευθεὶς</span> <span class='ocrx_word' id='word_1_23' title='bbox 1004 561 1157 622; x_wconf 76' lang='grc' dir='ltr'>Ἴδας</span> <span class='ocrx_word' id='word_1_24' title='bbox 1182 561 1323 630; x_wconf 72' lang='grc' dir='ltr'>μετὰ</span> <span class='ocrx_word' id='word_1_25' title='bbox 1348 561 1448 634; x_wconf 75' lang='grc' dir='ltr'>τὴν</span> <span class='ocrx_word' id='word_1_26' title='bbox 1475 562 1780 630; x_wconf 69' lang='grc' dir='ltr'>ἀνά,νιι›σιν</span> <span class='ocrx_word' id='word_1_27' title='bbox 1799 562 1900 632; x_wconf 81' lang='grc' dir='ltr'>τῆς</span> 
     </span>
    </p>
   </div>
   <div class='ocr_carea' id='block_1_7' title="bbox 301 646 1904 725">
    <p class='ocr_par' dir='ltr' id='par_1_7' title="bbox 301 646 1904 725">
     <span class='ocr_line' id='line_1_7' title="bbox 301 646 1904 725; baseline 0.003 -22"><span class='ocrx_word' id='word_1_28' title='bbox 301 646 552 712; x_wconf 77' lang='grc' dir='ltr'>ἇσεδοῦς</span> <span class='ocrx_word' id='word_1_29' title='bbox 603 650 895 720; x_wconf 76' lang='grc' dir='ltr'>ἐπιστολῆς</span> <span class='ocrx_word' id='word_1_30' title='bbox 927 651 1030 707; x_wconf 78' lang='grc' dir='ltr'>οὐκ</span> <span class='ocrx_word' id='word_1_31' title='bbox 1062 653 1330 724; x_wconf 68' lang='grc' dir='ltr'>ἐτόλμησε</span> <span class='ocrx_word' id='word_1_32' title='bbox 1378 654 1583 725; x_wconf 85' lang='grc' dir='ltr'>ταύτην</span> <span class='ocrx_word' id='word_1_33' title='bbox 1615 652 1904 708; x_wconf 78' lang='grc' dir='ltr'>οἰκειώσα-</span> 
     </span>
    </p>
   </div>
   <div class='ocr_carea' id='block_1_8' title="bbox 299 739 1898 816">
    <p class='ocr_par' dir='ltr' id='par_1_8' title="bbox 299 739 1898 816">
     <span class='ocr_line' id='line_1_8' title="bbox 299 739 1898 816; baseline 0.004 -24"><span class='ocrx_word' id='word_1_34' title='bbox 299 739 461 804; x_wconf 86' lang='grc' dir='ltr'>σθαι,</span> <span class='ocrx_word' id='word_1_35' title='bbox 483 739 601 794; x_wconf 79' lang='grc' dir='ltr'>ἀλλ’</span> <span class='ocrx_word' id='word_1_36' title='bbox 621 741 795 806; x_wconf 68' lang='grc' dir='ltr'>εὐθὺς</span> <span class='ocrx_word' id='word_1_37' title='bbox 814 742 1004 806; x_wconf 57' lang='grc' dir='ltr'>αὐτοῖς</span> <span class='ocrx_word' id='word_1_38' title='bbox 1024 743 1234 810; x_wconf 74' lang='grc' dir='ltr'>λέξεσιν</span> <span class='ocrx_word' id='word_1_39' title='bbox 1263 746 1444 816; x_wconf 77' lang='grc' dir='ltr'>ὲπήγα</span> <span class='ocrx_word' id='word_1_40' title='bbox 1456 762 1570 814; x_wconf 86' lang='grc' dir='ltr'>γεν,</span> <span class='ocrx_word' id='word_1_41' title='bbox 1594 745 1676 802; x_wconf 81' lang='grc' dir='ltr'>ὅτι</span> <span class='ocrx_word' id='word_1_42' title='bbox 1714 742 1898 798; x_wconf 77' lang='grc' dir='ltr'>’Δλλόσι</span> 
     </span>
    </p>
   </div>
   <div class='ocr_carea' id='block_1_9' title="bbox 294 828 1902 907">
    <p class='ocr_par' dir='ltr' id='par_1_9' title="bbox 294 828 1902 907">
     <span class='ocr_line' id='line_1_9' title="bbox 294 828 1902 907; baseline 0.006 -26"><span class='ocrx_word' id='word_1_43' title='bbox 294 828 459 900; x_wconf 82' lang='grc' dir='ltr'>τριός</span> <span class='ocrx_word' id='word_1_44' title='bbox 489 831 609 900; x_wconf 74' lang='grc' dir='ltr'>εἰμι</span> <span class='ocrx_word' id='word_1_45' title='bbox 636 829 744 886; x_wconf 82' lang='grc' dir='ltr'><strong>τῶν</strong></span> <span class='ocrx_word' id='word_1_46' title='bbox 778 833 1143 904; x_wconf 71' lang='grc' dir='ltr'>ἐπαγομένων,</span> <span class='ocrx_word' id='word_1_47' title='bbox 1166 852 1279 906; x_wconf 85' lang='grc' dir='ltr'>μοι.</span> <span class='ocrx_word' id='word_1_48' title='bbox 1321 835 1489 891; x_wconf 79' lang='grc' dir='ltr'>Ὅθεν</span> <span class='ocrx_word' id='word_1_49' title='bbox 1525 839 1558 907; x_wconf 74' lang='grc' dir='ltr'><strong>ἡ</strong></span> <span class='ocrx_word' id='word_1_50' title='bbox 1609 836 1738 905; x_wconf 78' lang='grc' dir='ltr'>ἁγία</span> <span class='ocrx_word' id='word_1_51' title='bbox 1775 834 1902 890; x_wconf 79' lang='grc' dir='ltr'>σύν-</span> 
     </span>
    </p>
   </div>
   <div class='ocr_carea' id='block_1_10' title="bbox 295 920 1899 1002">
    <p class='ocr_par' dir='ltr' id='par_1_10' title="bbox 295 920 1899 1002">
     <span class='ocr_line' id='line_1_10' title="bbox 295 920 1899 1002; baseline 0.004 -27"><span class='ocrx_word' id='word_1_52' title='bbox 295 921 450 985; x_wconf 81' lang='grc' dir='ltr'>οδος,</span> <span class='ocrx_word' id='word_1_53' title='bbox 499 920 578 991; x_wconf 81' lang='grc' dir='ltr'>μὴ</span> <span class='ocrx_word' id='word_1_54' title='bbox 605 921 941 992; x_wconf 74' lang='grc' dir='ltr'><strong>ἀρκεσθεῖσα</strong></span> <span class='ocrx_word' id='word_1_55' title='bbox 971 929 1039 999; x_wconf 80' lang='grc' dir='ltr'>τῇ</span> <span class='ocrx_word' id='word_1_56' title='bbox 1063 928 1291 1000; x_wconf 80' lang='grc' dir='ltr'><strong>ἀρνήσει</strong></span> <span class='ocrx_word' id='word_1_57' title='bbox 1325 928 1447 984; x_wconf 80' lang='grc' dir='ltr'><strong>Ἵϐα</strong></span> <span class='ocrx_word' id='word_1_58' title='bbox 1471 931 1539 1002; x_wconf 79' lang='grc' dir='ltr'>τῇ</span> <span class='ocrx_word' id='word_1_59' title='bbox 1557 929 1650 983; x_wconf 74' lang='grc' dir='ltr'>επὶ</span> <span class='ocrx_word' id='word_1_60' title='bbox 1679 931 1745 1001; x_wconf 77' lang='grc' dir='ltr'><strong>τῇ</strong></span> <span class='ocrx_word' id='word_1_61' title='bbox 1771 929 1899 984; x_wconf 84' lang='grc' dir='ltr'>ἀσε-</span> 
     </span>
    </p>
   </div>
   <div class='ocr_carea' id='block_1_11' title="bbox 297 1012 1898 1093">
    <p class='ocr_par' dir='ltr' id='par_1_11' title="bbox 297 1012 1898 1093">
     <span class='ocr_line' id='line_1_11' title="bbox 297 1012 1898 1093; baseline 0.005 -27"><span class='ocrx_word' id='word_1_62' title='bbox 297 1013 394 1067; x_wconf 69' lang='grc' dir='ltr'><strong>ϐεῖ</strong></span> <span class='ocrx_word' id='word_1_63' title='bbox 414 1012 700 1086; x_wconf 71' lang='grc' dir='ltr'>ἐπιστολῇ,</span> <span class='ocrx_word' id='word_1_64' title='bbox 730 1015 1047 1093; x_wconf 86' lang='grc' dir='ltr'>συνὼθησεν</span> <span class='ocrx_word' id='word_1_65' title='bbox 1069 1019 1236 1074; x_wconf 79' lang='grc' dir='ltr'>αὐτὸν</span> <span class='ocrx_word' id='word_1_66' title='bbox 1259 1021 1520 1076; x_wconf 81' lang='grc' dir='ltr'>τάναντία</span> <span class='ocrx_word' id='word_1_67' title='bbox 1542 1019 1714 1091; x_wconf 83' lang='grc' dir='ltr'>ταύτῃ</span> <span class='ocrx_word' id='word_1_68' title='bbox 1748 1020 1898 1089; x_wconf 64' lang='lat' dir='ltr'><strong>apa-</strong></span> 
     </span>
    </p>
   </div>
   <div class='ocr_carea' id='block_1_12' title="bbox 300 1104 1898 1185">
    <p class='ocr_par' dir='ltr' id='par_1_12' title="bbox 300 1104 1898 1185">
     <span class='ocr_line' id='line_1_12' title="bbox 300 1104 1898 1185; baseline 0.003 -25"><span class='ocrx_word' id='word_1_69' title='bbox 300 1104 418 1171; x_wconf 69' lang='grc' dir='ltr'><strong>ξαν</strong></span> <span class='ocrx_word' id='word_1_70' title='bbox 440 1105 723 1160; x_wconf 77' lang='grc' dir='ltr'><strong>τουτέστιν</strong></span> <span class='ocrx_word' id='word_1_71' title='bbox 747 1105 848 1180; x_wconf 78' lang='grc' dir='ltr'>τὴν</span> <span class='ocrx_word' id='word_1_72' title='bbox 869 1109 930 1163; x_wconf 80' lang='grc' dir='ltr'>ὲν</span> <span class='ocrx_word' id='word_1_73' title='bbox 951 1111 1088 1183; x_wconf 77' lang='grc' dir='ltr'>αὐτῇ</span> <span class='ocrx_word' id='word_1_74' title='bbox 1119 1110 1490 1184; x_wconf 73' lang='grc' dir='ltr'>ἀθετουμένην</span> <span class='ocrx_word' id='word_1_75' title='bbox 1523 1112 1694 1185; x_wconf 80' lang='grc' dir='ltr'>ὀρθὴν</span> <span class='ocrx_word' id='word_1_76' title='bbox 1715 1111 1898 1167; x_wconf 87' lang='grc' dir='ltr'>πίστιν</span> 
     </span>
    </p>
   </div>
   <div class='ocr_carea' id='block_1_13' title="bbox 301 1187 1897 1279">
    <p class='ocr_par' dir='ltr' id='par_1_13' title="bbox 301 1187 1897 1279">
     <span class='ocr_line' id='line_1_13' title="bbox 301 1187 1897 1279; baseline 0.004 -26"><span class='ocrx_word' id='word_1_77' title='bbox 301 1199 664 1270; x_wconf 77' lang='grc' dir='ltr'>ὁμολογῆσαι,</span> <span class='ocrx_word' id='word_1_78' title='bbox 685 1200 779 1256; x_wconf 72' lang='grc' dir='ltr'>καὶ</span> <span class='ocrx_word' id='word_1_79' title='bbox 799 1202 902 1273; x_wconf 82' lang='grc' dir='ltr'>τὴν</span> <span class='ocrx_word' id='word_1_80' title='bbox 920 1202 981 1257; x_wconf 81' lang='grc' dir='ltr'>ὲν</span> <span class='ocrx_word' id='word_1_81' title='bbox 1007 1203 1222 1279; x_wconf 80' lang='grc' dir='ltr'>Ἐφέσῳ</span> <span class='ocrx_word' id='word_1_82' title='bbox 1246 1205 1471 1278; x_wconf 80' lang='grc' dir='ltr'>πρώτην</span> <span class='ocrx_word' id='word_1_83' title='bbox 1493 1187 1656 1275; x_wconf 79' lang='grc' dir='ltr'>ἀγίαν</span> <span class='ocrx_word' id='word_1_84' title='bbox 1678 1204 1897 1259; x_wconf 80' lang='grc' dir='ltr'>σύνοδον</span> 
     </span>
    </p>
   </div>
   <div class='ocr_carea' id='block_1_14' title="bbox 306 1287 1896 1367">
    <p class='ocr_par' dir='ltr' id='par_1_14' title="bbox 306 1287 1896 1367">
     <span class='ocr_line' id='line_1_14' title="bbox 306 1287 1896 1367; baseline 0.006 -26"><span class='ocrx_word' id='word_1_85' title='bbox 306 1287 592 1355; x_wconf 74' lang='grc' dir='ltr'>δέξασθαι,</span> <span class='ocrx_word' id='word_1_86' title='bbox 635 1291 732 1345; x_wconf 80' lang='grc' dir='ltr'>καὶ</span> <span class='ocrx_word' id='word_1_87' title='bbox 771 1291 867 1347; x_wconf 80' lang='grc' dir='ltr'><strong>τὸν</strong></span> <span class='ocrx_word' id='word_1_88' title='bbox 906 1295 967 1350; x_wconf 80' lang='grc' dir='ltr'>ὲν</span> <span class='ocrx_word' id='word_1_89' title='bbox 992 1294 1172 1365; x_wconf 78' lang='grc' dir='ltr'>ἁγίοις</span> <span class='ocrx_word' id='word_1_90' title='bbox 1214 1295 1487 1367; x_wconf 78' lang='grc' dir='ltr'>Κύριλλον</span> <span class='ocrx_word' id='word_1_91' title='bbox 1527 1297 1750 1367; x_wconf 77' lang='grc' dir='ltr'><strong>Πατέρα</strong></span> <span class='ocrx_word' id='word_1_92' title='bbox 1800 1295 1896 1352; x_wconf 71' lang='grc' dir='ltr'>καὶ</span> 
     </span>
    </p>
   </div>
   <div class='ocr_carea' id='block_1_15' title="bbox 315 1379 1894 1459">
    <p class='ocr_par' dir='ltr' id='par_1_15' title="bbox 315 1379 1894 1459">
     <span class='ocr_line' id='line_1_15' title="bbox 315 1379 1894 1459; baseline 0.004 -26"><span class='ocrx_word' id='word_1_93' title='bbox 315 1379 637 1434; x_wconf 77' lang='grc' dir='ltr'>διδάσκαλον</span> <span class='ocrx_word' id='word_1_94' title='bbox 662 1382 1098 1456; x_wconf 76' lang='grc' dir='ltr'>ὲπιγράψασθαι,</span> <span class='ocrx_word' id='word_1_95' title='bbox 1126 1384 1197 1440; x_wconf 88' lang='grc' dir='ltr'>τὰ</span> <span class='ocrx_word' id='word_1_96' title='bbox 1210 1386 1268 1440; x_wconf 73' lang='grc' dir='ltr'>ὲν</span> <span class='ocrx_word' id='word_1_97' title='bbox 1294 1388 1361 1459; x_wconf 75' lang='grc' dir='ltr'><strong>τῇ</strong></span> <span class='ocrx_word' id='word_1_98' title='bbox 1390 1387 1529 1458; x_wconf 75' lang='grc' dir='ltr'>αὐτῇ</span> <span class='ocrx_word' id='word_1_99' title='bbox 1557 1386 1745 1442; x_wconf 80' lang='grc' dir='ltr'>ἀσεϐεῖ</span> <span class='ocrx_word' id='word_1_100' title='bbox 1769 1386 1894 1440; x_wconf 77' lang='grc' dir='ltr'>ἑπι-</span> 
     </span>
    </p>
   </div>
   <div class='ocr_carea' id='block_1_16' title="bbox 298 1467 1900 1554">
    <p class='ocr_par' dir='ltr' id='par_1_16' title="bbox 298 1467 1900 1554">
     <span class='ocr_line' id='line_1_16' title="bbox 298 1467 1900 1554; baseline 0.005 -33"><span class='ocrx_word' id='word_1_101' title='bbox 298 1467 471 1541; x_wconf 80' lang='grc' dir='ltr'>στολῇ</span> <span class='ocrx_word' id='word_1_102' title='bbox 501 1467 860 1541; x_wconf 78' lang='grc' dir='ltr'>ὑϐριζόμενα,</span> <span class='ocrx_word' id='word_1_103' title='bbox 906 1473 1004 1528; x_wconf 80' lang='grc' dir='ltr'>καὶ</span> <span class='ocrx_word' id='word_1_104' title='bbox 1043 1473 1344 1548; x_wconf 82' lang='grc' dir='ltr'>Νεστόριον</span> <span class='ocrx_word' id='word_1_105' title='bbox 1370 1475 1466 1530; x_wconf 80' lang='grc' dir='ltr'>καὶ</span> <span class='ocrx_word' id='word_1_106' title='bbox 1486 1475 1548 1529; x_wconf 85' lang='grc' dir='ltr'>τὸ</span> <span class='ocrx_word' id='word_1_107' title='bbox 1575 1475 1775 1554; x_wconf 77' lang='grc' dir='ltr'>ἀσεϐὲς</span> <span class='ocrx_word' id='word_1_108' title='bbox 1805 1474 1900 1544; x_wconf 68' lang='grc' dir='ltr'>αύ-</span> 
     </span>
    </p>
   </div>
   <div class='ocr_carea' id='block_1_17' title="bbox 214 1534 1894 1639">
    <p class='ocr_par' dir='ltr' id='par_1_17' title="bbox 214 1534 1894 1639">
     <span class='ocr_line' id='line_1_17' title="bbox 214 1534 1894 1639; baseline 0.006 -28"><span class='ocrx_word' id='word_1_109' title='bbox 214 1598 219 1603; x_wconf 76' lang='lat'><em>.</em></span> <span class='ocrx_word' id='word_1_110' title='bbox 292 1559 399 1612; x_wconf 80' lang='grc' dir='ltr'><strong>τοῦ</strong></span> <span class='ocrx_word' id='word_1_111' title='bbox 429 1534 612 1629; x_wconf 73' lang='grc' dir='ltr'>δόγμα</span> <span class='ocrx_word' id='word_1_112' title='bbox 643 1534 1068 1632; x_wconf 77' lang='grc' dir='ltr'>ἀναθεματίσαι,</span> <span class='ocrx_word' id='word_1_113' title='bbox 1109 1534 1250 1636; x_wconf 69' lang='grc' dir='ltr'>ὅπερ</span> <span class='ocrx_word' id='word_1_114' title='bbox 1275 1565 1321 1599; x_wconf 78' lang='grc'><strong>³⁸</strong></span> <span class='ocrx_word' id='word_1_115' title='bbox 1344 1567 1378 1638; x_wconf 72' lang='grc' dir='ltr'><strong>ἡ</strong></span> <span class='ocrx_word' id='word_1_116' title='bbox 1399 1534 1894 1639; x_wconf 52' lang='grc' dir='ltr'>ἀσεϐὴςάπιστολὴ</span> 
     </span>
    </p>
   </div>
   <div class='ocr_carea' id='block_1_18' title="bbox 292 1650 891 1708">
    <p class='ocr_par' dir='ltr' id='par_1_18' title="bbox 292 1650 891 1708">
     <span class='ocr_line' id='line_1_18' title="bbox 292 1650 891 1708; baseline 0.012 -7"><span class='ocrx_word' id='word_1_117' title='bbox 292 1650 523 1704; x_wconf 72' lang='grc' dir='ltr'>ἐπαινεῖ</span> <span class='ocrx_word' id='word_1_118' title='bbox 545 1651 639 1704; x_wconf 74' lang='grc' dir='ltr'>καὶ</span> <span class='ocrx_word' id='word_1_119' title='bbox 656 1650 891 1708; x_wconf 68' lang='grc' dir='ltr'>ἑκδικεϊ.</span> 
     </span>
    </p>
   </div>
   <div class='ocr_carea' id='block_1_19' title="bbox 377 1739 1915 1822">
    <p class='ocr_par' dir='ltr' id='par_1_19' title="bbox 377 1739 1915 1822">
     <span class='ocr_line' id='line_1_19' title="bbox 377 1739 1915 1822; baseline 0.006 -30"><span class='ocrx_word' id='word_1_120' title='bbox 377 1757 399 1792; x_wconf 76' lang='grc' dir='ltr'><strong>ε</strong></span> <span class='ocrx_word' id='word_1_121' title='bbox 416 1741 481 1796; x_wconf 84' lang='grc' dir='ltr'>Εί</span> <span class='ocrx_word' id='word_1_122' title='bbox 496 1739 680 1797; x_wconf 62' lang='grc' dir='ltr'>τοίνυν</span> <span class='ocrx_word' id='word_1_123' title='bbox 707 1750 803 1798; x_wconf 78' lang='grc' dir='ltr'>καὶ</span> <span class='ocrx_word' id='word_1_124' title='bbox 833 1743 999 1808; x_wconf 68' lang='grc' dir='ltr'>αὐτὸς</span> <span class='ocrx_word' id='word_1_125' title='bbox 1027 1740 1175 1810; x_wconf 67' lang='grc' dir='ltr'>’Μας</span> <span class='ocrx_word' id='word_1_126' title='bbox 1197 1745 1472 1822; x_wconf 79' lang='grc' dir='ltr'>διαφόρως</span> <span class='ocrx_word' id='word_1_127' title='bbox 1489 1745 1915 1821; x_wconf 75' lang='grc' dir='ltr'>κατηγορηθεὶς·</span> 
     </span>
    </p>
   </div>
   <div class='ocr_carea' id='block_1_20' title="bbox 2001 559 3587 635">
    <p class='ocr_par' dir='ltr' id='par_1_20' title="bbox 2001 559 3587 635">
     <span class='ocr_line' id='line_1_20' title="bbox 2001 559 3587 635; baseline 0.004 -20"><span class='ocrx_word' id='word_1_128' title='bbox 2001 569 2338 616; x_wconf 85' lang='lat' dir='ltr'><strong>memoratus</strong></span> <span class='ocrx_word' id='word_1_129' title='bbox 2393 559 2540 626; x_wconf 88' lang='lat' dir='ltr'><strong>lbas,</strong></span> <span class='ocrx_word' id='word_1_130' title='bbox 2597 571 2721 632; x_wconf 81' lang='lat' dir='ltr'><strong>post</strong></span> <span class='ocrx_word' id='word_1_131' title='bbox 2770 561 3062 618; x_wconf 86' lang='lat' dir='ltr'><strong>lectionem</strong></span> <span class='ocrx_word' id='word_1_132' title='bbox 3114 564 3295 635; x_wconf 75' lang='lat' dir='ltr'><strong>impia:</strong></span> <span class='ocrx_word' id='word_1_133' title='bbox 3341 564 3587 634; x_wconf 75' lang='lat' dir='ltr'><strong>epistolae</strong></span> 
     </span>
    </p>
   </div>
   <div class='ocr_carea' id='block_1_21' title="bbox 2001 656 3586 730">
    <p class='ocr_par' dir='ltr' id='par_1_21' title="bbox 2001 656 3586 730">
     <span class='ocr_line' id='line_1_21' title="bbox 2001 656 3586 730; baseline 0.002 -22"><span class='ocrx_word' id='word_1_134' title='bbox 2001 666 2111 708; x_wconf 87' lang='lat' dir='ltr'><strong>non</strong></span> <span class='ocrx_word' id='word_1_135' title='bbox 2142 662 2227 708; x_wconf 87' lang='lat' dir='ltr'><strong>est</strong></span> <span class='ocrx_word' id='word_1_136' title='bbox 2255 667 2421 709; x_wconf 87' lang='lat' dir='ltr'><strong>ausus</strong></span> <span class='ocrx_word' id='word_1_137' title='bbox 2471 668 2590 708; x_wconf 88' lang='lat' dir='ltr'><strong>eam</strong></span> <span class='ocrx_word' id='word_1_138' title='bbox 2627 670 2790 730; x_wconf 31' lang='lat' dir='ltr'><strong>suam.</strong></span> <span class='ocrx_word' id='word_1_139' title='bbox 2813 670 2935 710; x_wconf 86' lang='lat' dir='ltr'><strong>esse</strong></span> <span class='ocrx_word' id='word_1_140' title='bbox 2965 657 3233 723; x_wconf 80' lang='lat' dir='ltr'><strong>conﬁteri,</strong></span> <span class='ocrx_word' id='word_1_141' title='bbox 3275 657 3370 712; x_wconf 90' lang='lat' dir='ltr'><strong>sed</strong></span> <span class='ocrx_word' id='word_1_142' title='bbox 3403 656 3586 712; x_wconf 87' lang='lat' dir='ltr'><strong>statim</strong></span> 
     </span>
    </p>
   </div>
   <div class='ocr_carea' id='block_1_22' title="bbox 1999 743 3572 820">
    <p class='ocr_par' dir='ltr' id='par_1_22' title="bbox 1999 743 3572 820">
     <span class='ocr_line' id='line_1_22' title="bbox 1999 743 3572 820; baseline 0.003 -22"><span class='ocrx_word' id='word_1_143' title='bbox 1999 743 2134 814; x_wconf 79' lang='lat' dir='ltr'><strong>ipsis</strong></span> <span class='ocrx_word' id='word_1_144' title='bbox 2162 745 2342 800; x_wconf 85' lang='lat' dir='ltr'><strong>verbis</strong></span> <span class='ocrx_word' id='word_1_145' title='bbox 2367 745 2588 801; x_wconf 87' lang='lat' dir='ltr'><strong>intulit:</strong></span> <span class='ocrx_word' id='word_1_146' title='bbox 2623 747 2875 802; x_wconf 73' lang='lat' dir='ltr'><strong>Alienum</strong></span> <span class='ocrx_word' id='word_1_147' title='bbox 2899 763 2956 803; x_wconf 88' lang='lat' dir='ltr'><strong>se</strong></span> <span class='ocrx_word' id='word_1_148' title='bbox 2984 763 3105 803; x_wconf 82' lang='lat' dir='ltr'><strong>esse.</strong></span> <span class='ocrx_word' id='word_1_149' title='bbox 3136 764 3325 803; x_wconf 84' lang='lat' dir='ltr'><strong>eorum</strong></span> <span class='ocrx_word' id='word_1_150' title='bbox 3364 763 3487 820; x_wconf 60' lang='lat' dir='ltr'><strong>quae</strong></span> <span class='ocrx_word' id='word_1_151' title='bbox 3521 749 3572 804; x_wconf 89' lang='lat' dir='ltr'><strong>ei</strong></span> 
     </span>
    </p>
   </div>
   <div class='ocr_carea' id='block_1_23' title="bbox 1998 823 3588 907">
    <p class='ocr_par' dir='ltr' id='par_1_23' title="bbox 1998 823 3588 907">
     <span class='ocr_line' id='line_1_23' title="bbox 1998 823 3588 907; baseline 0.004 -19"><span class='ocrx_word' id='word_1_152' title='bbox 1998 823 2393 890; x_wconf 78' lang='lat' dir='ltr'><strong>inferebantur.</strong></span> <span class='ocrx_word' id='word_1_153' title='bbox 2421 833 2577 891; x_wconf 83' lang='lat' dir='ltr'><strong>Unde</strong></span> <span class='ocrx_word' id='word_1_154' title='bbox 2599 845 2786 891; x_wconf 77' lang='lat' dir='ltr'><strong>sancta</strong></span> <span class='ocrx_word' id='word_1_155' title='bbox 2815 837 3075 907; x_wconf 71' lang='lat' dir='ltr'><strong>syrodus,</strong></span> <span class='ocrx_word' id='word_1_156' title='bbox 3103 852 3227 892; x_wconf 89' lang='lat' dir='ltr'><strong>cum</strong></span> <span class='ocrx_word' id='word_1_157' title='bbox 3256 837 3307 893; x_wconf 89' lang='lat' dir='ltr'><strong>ei</strong></span> <span class='ocrx_word' id='word_1_158' title='bbox 3336 853 3445 893; x_wconf 89' lang='lat' dir='ltr'><strong>non</strong></span> <span class='ocrx_word' id='word_1_159' title='bbox 3476 837 3588 895; x_wconf 85' lang='lat' dir='ltr'><strong>suf-</strong></span> 
     </span>
    </p>
   </div>
   <div class='ocr_carea' id='block_1_24' title="bbox 1997 922 3586 1002">
    <p class='ocr_par' dir='ltr' id='par_1_24' title="bbox 1997 922 3586 1002">
     <span class='ocr_line' id='line_1_24' title="bbox 1997 922 3586 1002; baseline 0.005 -24"><span class='ocrx_word' id='word_1_160' title='bbox 1997 922 2186 981; x_wconf 88' lang='lat' dir='ltr'><strong>ﬁceret</strong></span> <span class='ocrx_word' id='word_1_161' title='bbox 2219 926 2509 997; x_wconf 74' lang='lat' dir='ltr'><strong>abnegatio</strong></span> <span class='ocrx_word' id='word_1_162' title='bbox 2558 927 2684 991; x_wconf 69' lang='lat' dir='ltr'><strong>line,</strong></span> <span class='ocrx_word' id='word_1_163' title='bbox 2737 943 2860 998; x_wconf 60' lang='lat' dir='ltr'><strong>qua‘</strong></span> <span class='ocrx_word' id='word_1_164' title='bbox 2888 927 3028 984; x_wconf 83' lang='lat' dir='ltr'><strong>facta</strong></span> <span class='ocrx_word' id='word_1_165' title='bbox 3052 938 3137 984; x_wconf 90' lang='lat' dir='ltr'><strong>est</strong></span> <span class='ocrx_word' id='word_1_166' title='bbox 3173 932 3242 984; x_wconf 88' lang='lat' dir='ltr'><strong>de</strong></span> <span class='ocrx_word' id='word_1_167' title='bbox 3273 929 3437 1001; x_wconf 86' lang='lat' dir='ltr'><strong>impia</strong></span> <span class='ocrx_word' id='word_1_168' title='bbox 3466 930 3586 1002; x_wconf 88' lang='lat' dir='ltr'><strong>epi-</strong></span> 
     </span>
    </p>
   </div>
   <div class='ocr_carea' id='block_1_25' title="bbox 1998 1004 3587 1093">
    <p class='ocr_par' dir='ltr' id='par_1_25' title="bbox 1998 1004 3587 1093">
     <span class='ocr_line' id='line_1_25' title="bbox 1998 1004 3587 1093; baseline 0.005 -22"><span class='ocrx_word' id='word_1_169' title='bbox 1998 1016 2157 1080; x_wconf 87' lang='lat' dir='ltr'><strong>stola,</strong></span> <span class='ocrx_word' id='word_1_170' title='bbox 2193 1004 2611 1089; x_wconf 83' lang='lat' dir='ltr'><strong>compuliteum</strong></span> <span class='ocrx_word' id='word_1_171' title='bbox 2660 1020 2934 1075; x_wconf 82' lang='lat' dir='ltr'><strong>contraria</strong></span> <span class='ocrx_word' id='word_1_172' title='bbox 2973 1020 3023 1076; x_wconf 84' lang='lat' dir='ltr'><strong>ei</strong></span> <span class='ocrx_word' id='word_1_173' title='bbox 3066 1035 3348 1093; x_wconf 77' lang='lat' dir='ltr'><strong>peragere,</strong></span> <span class='ocrx_word' id='word_1_174' title='bbox 3395 1022 3447 1078; x_wconf 82' lang='lat' dir='ltr'><strong>Id</strong></span> <span class='ocrx_word' id='word_1_175' title='bbox 3477 1029 3587 1089; x_wconf 85' lang='lat' dir='ltr'><strong>est,</strong></span> 
     </span>
    </p>
   </div>
   <div class='ocr_carea' id='block_1_26' title="bbox 1997 1108 3587 1182">
    <p class='ocr_par' dir='ltr' id='par_1_26' title="bbox 1997 1108 3587 1182">
     <span class='ocr_line' id='line_1_26' title="bbox 1997 1108 3587 1182; baseline 0.003 -20"><span class='ocrx_word' id='word_1_176' title='bbox 1997 1108 2343 1178; x_wconf 79' lang='lat' dir='ltr'><strong>reprobatam</strong></span> <span class='ocrx_word' id='word_1_177' title='bbox 2387 1109 2443 1164; x_wconf 91' lang='lat' dir='ltr'><strong>in</strong></span> <span class='ocrx_word' id='word_1_178' title='bbox 2471 1124 2537 1164; x_wconf 84' lang='lat' dir='ltr'><strong>ea</strong></span> <span class='ocrx_word' id='word_1_179' title='bbox 2574 1119 2779 1164; x_wconf 81' lang='lat' dir='ltr'><strong>rectam</strong></span> <span class='ocrx_word' id='word_1_180' title='bbox 2815 1109 2976 1165; x_wconf 82' lang='lat' dir='ltr'><strong>fidem</strong></span> <span class='ocrx_word' id='word_1_181' title='bbox 3009 1110 3282 1175; x_wconf 78' lang='lat' dir='ltr'><strong>conﬁteri,</strong></span> <span class='ocrx_word' id='word_1_182' title='bbox 3312 1119 3369 1167; x_wconf 87' lang='lat' dir='ltr'><strong>et</strong></span> <span class='ocrx_word' id='word_1_183' title='bbox 3400 1110 3587 1182; x_wconf 82' lang='lat' dir='ltr'><strong>Ephe-</strong></span> 
     </span>
    </p>
   </div>
   <div class='ocr_carea' id='block_1_27' title="bbox 1997 1199 3592 1274">
    <p class='ocr_par' dir='ltr' id='par_1_27' title="bbox 1997 1199 3592 1274">
     <span class='ocr_line' id='line_1_27' title="bbox 1997 1199 3592 1274; baseline 0.004 -21"><span class='ocrx_word' id='word_1_184' title='bbox 1997 1199 2173 1254; x_wconf 89' lang='lat' dir='ltr'><strong>sinam</strong></span> <span class='ocrx_word' id='word_1_185' title='bbox 2198 1200 2428 1270; x_wconf 85' lang='lat' dir='ltr'><strong>primam</strong></span> <span class='ocrx_word' id='word_1_186' title='bbox 2455 1208 2699 1256; x_wconf 83' lang='lat' dir='ltr'><strong>sanctam</strong></span> <span class='ocrx_word' id='word_1_187' title='bbox 2738 1202 3004 1273; x_wconf 85' lang='lat' dir='ltr'><strong>synodum</strong></span> <span class='ocrx_word' id='word_1_188' title='bbox 3031 1202 3334 1274; x_wconf 88' lang='lat' dir='ltr'><strong>suscipere,</strong></span> <span class='ocrx_word' id='word_1_189' title='bbox 3374 1211 3432 1258; x_wconf 87' lang='lat' dir='ltr'><strong>et</strong></span> <span class='ocrx_word' id='word_1_190' title='bbox 3460 1216 3592 1259; x_wconf 79' lang='lat' dir='ltr'><strong>san-</strong></span> 
     </span>
    </p>
   </div>
   <div class='ocr_carea' id='block_1_28' title="bbox 1996 1289 3587 1366">
    <p class='ocr_par' dir='ltr' id='par_1_28' title="bbox 1996 1289 3587 1366">
     <span class='ocr_line' id='line_1_28' title="bbox 1996 1289 3587 1366; baseline 0.004 -21"><span class='ocrx_word' id='word_1_191' title='bbox 1996 1299 2144 1345; x_wconf 86' lang='lat' dir='ltr'><strong>ctum</strong></span> <span class='ocrx_word' id='word_1_192' title='bbox 2172 1289 2430 1363; x_wconf 88' lang='lat' dir='ltr'><strong>Cyrillum</strong></span> <span class='ocrx_word' id='word_1_193' title='bbox 2472 1291 2687 1348; x_wconf 84' lang='lat' dir='ltr'><strong>Patrem</strong></span> <span class='ocrx_word' id='word_1_194' title='bbox 2722 1302 2779 1349; x_wconf 87' lang='lat' dir='ltr'><strong>et</strong></span> <span class='ocrx_word' id='word_1_195' title='bbox 2804 1293 3083 1349; x_wconf 86' lang='lat' dir='ltr'><strong>doctorem</strong></span> <span class='ocrx_word' id='word_1_196' title='bbox 3125 1293 3424 1361; x_wconf 83' lang='lat' dir='ltr'><strong>ascribere,</strong></span> <span class='ocrx_word' id='word_1_197' title='bbox 3461 1308 3587 1366; x_wconf 65' lang='lat' dir='ltr'><strong>qua</strong></span> 
     </span>
    </p>
   </div>
   <div class='ocr_carea' id='block_1_29' title="bbox 1996 1378 3582 1454">
    <p class='ocr_par' dir='ltr' id='par_1_29' title="bbox 1996 1378 3582 1454">
     <span class='ocr_line' id='line_1_29' title="bbox 1996 1378 3582 1454; baseline 0.004 -21"><span class='ocrx_word' id='word_1_198' title='bbox 1996 1378 2050 1433; x_wconf 89' lang='lat' dir='ltr'><strong>in</strong></span> <span class='ocrx_word' id='word_1_199' title='bbox 2078 1379 2268 1436; x_wconf 88' lang='lat' dir='ltr'><strong>eadem</strong></span> <span class='ocrx_word' id='word_1_200' title='bbox 2293 1381 2461 1453; x_wconf 88' lang='lat' dir='ltr'><strong>impia</strong></span> <span class='ocrx_word' id='word_1_201' title='bbox 2506 1382 2737 1454; x_wconf 86' lang='lat' dir='ltr'><strong>epistola</strong></span> <span class='ocrx_word' id='word_1_202' title='bbox 2776 1382 3130 1454; x_wconf 84' lang='lat' dir='ltr'><strong>injuriantur,</strong></span> <span class='ocrx_word' id='word_1_203' title='bbox 3159 1393 3216 1439; x_wconf 88' lang='lat' dir='ltr'><strong>et</strong></span> <span class='ocrx_word' id='word_1_204' title='bbox 3244 1384 3582 1454; x_wconf 59' lang='lat' dir='ltr'><strong>Nestorium,</strong></span> 
     </span>
    </p>
   </div>
   <div class='ocr_carea' id='block_1_30' title="bbox 1995 1467 3586 1545">
    <p class='ocr_par' dir='ltr' id='par_1_30' title="bbox 1995 1467 3586 1545">
     <span class='ocr_line' id='line_1_30' title="bbox 1995 1467 3586 1545; baseline 0.006 -21"><span class='ocrx_word' id='word_1_205' title='bbox 1995 1467 2338 1543; x_wconf 84' lang='lat' dir='ltr'><strong>impiumque</strong></span> <span class='ocrx_word' id='word_1_206' title='bbox 2397 1473 2520 1545; x_wconf 85' lang='lat' dir='ltr'><strong>ejus</strong></span> <span class='ocrx_word' id='word_1_207' title='bbox 2575 1473 2772 1544; x_wconf 79' lang='lat' dir='ltr'><strong>dogma</strong></span> <span class='ocrx_word' id='word_1_208' title='bbox 2820 1473 3303 1541; x_wconf 85' lang='lat' dir='ltr'><strong>anathematizare,</strong></span> <span class='ocrx_word' id='word_1_209' title='bbox 3354 1467 3480 1545; x_wconf 56' lang='grc' dir='ltr'>ᾗτε</span> <span class='ocrx_word' id='word_1_210' title='bbox 3525 1482 3586 1533; x_wconf 81' lang='lat' dir='ltr'><strong>et</strong></span> 
     </span>
    </p>
   </div>
   <div class='ocr_carea' id='block_1_31' title="bbox 1994 1559 3106 1635">
    <p class='ocr_par' dir='ltr' id='par_1_31' title="bbox 1994 1559 3106 1635">
     <span class='ocr_line' id='line_1_31' title="bbox 1994 1559 3106 1635; baseline 0.005 -21"><span class='ocrx_word' id='word_1_211' title='bbox 1994 1559 2162 1632; x_wconf 89' lang='lat' dir='ltr'><strong>impia</strong></span> <span class='ocrx_word' id='word_1_212' title='bbox 2195 1563 2430 1635; x_wconf 87' lang='lat' dir='ltr'><strong>epistola</strong></span> <span class='ocrx_word' id='word_1_213' title='bbox 2453 1563 2696 1620; x_wconf 81' lang='lat' dir='ltr'><strong>defendit</strong></span> <span class='ocrx_word' id='word_1_214' title='bbox 2731 1572 2787 1620; x_wconf 88' lang='lat' dir='ltr'><strong>et</strong></span> <span class='ocrx_word' id='word_1_215' title='bbox 2813 1564 3106 1621; x_wconf 81' lang='lat' dir='ltr'><strong>collaudat.</strong></span> 
     </span>
    </p>
   </div>
   <div class='ocr_carea' id='block_1_32' title="bbox 2070 1700 3641 1810">
    <p class='ocr_par' dir='ltr' id='par_1_32' title="bbox 2070 1700 3641 1810">
     <span class='ocr_line' id='line_1_32' title="bbox 2070 1700 3641 1810; baseline 0.005 -23"><span class='ocrx_word' id='word_1_216' title='bbox 2070 1753 2090 1787; x_wconf 81' lang='grc' dir='ltr'><strong>ι</strong></span> <span class='ocrx_word' id='word_1_217' title='bbox 2126 1732 2185 1789; x_wconf 88' lang='lat' dir='ltr'><strong>Si</strong></span> <span class='ocrx_word' id='word_1_218' title='bbox 2220 1700 2385 1806; x_wconf 57' lang='lat' dir='ltr'><strong>igitur</strong></span> <span class='ocrx_word' id='word_1_219' title='bbox 2421 1744 2477 1792; x_wconf 90' lang='lat' dir='ltr'><strong>et</strong></span> <span class='ocrx_word' id='word_1_220' title='bbox 2524 1735 2641 1807; x_wconf 91' lang='lat' dir='ltr'><strong>ipse</strong></span> <span class='ocrx_word' id='word_1_221' title='bbox 2679 1736 2801 1793; x_wconf 78' lang='lat' dir='ltr'><strong>lbas</strong></span> <span class='ocrx_word' id='word_1_222' title='bbox 2837 1746 3062 1808; x_wconf 84' lang='lat' dir='ltr'><strong>prepter</strong></span> <span class='ocrx_word' id='word_1_223' title='bbox 3101 1736 3324 1810; x_wconf 87' lang='lat' dir='ltr'><strong>impiam</strong></span> <span class='ocrx_word' id='word_1_224' title='bbox 3378 1737 3586 1810; x_wconf 61' lang='lat' dir='ltr'><strong>epistoc</strong></span> <span class='ocrx_word' id='word_1_225' title='bbox 3631 1739 3641 1748; x_wconf 85' lang='grc'><strong><em>“</em></strong></span> 
     </span>
    </p>
   </div>
   <div class='ocr_carea' id='block_1_33' title="bbox 288 1825 1890 1913">
    <p class='ocr_par' dir='ltr' id='par_1_33' title="bbox 288 1832 1889 1913">
     <span class='ocr_line' id='line_1_33' title="bbox 288 1832 1889 1913; baseline 0.007 -29"><span class='ocrx_word' id='word_1_226' title='bbox 288 1835 436 1903; x_wconf 76' lang='grc' dir='ltr'>περὶ</span> <span class='ocrx_word' id='word_1_227' title='bbox 463 1832 567 1904; x_wconf 80' lang='grc' dir='ltr'>τῆς</span> <span class='ocrx_word' id='word_1_228' title='bbox 610 1834 851 1902; x_wconf 79' lang='grc' dir='ltr'>ἀσεσοῦς</span> <span class='ocrx_word' id='word_1_229' title='bbox 888 1837 1184 1910; x_wconf 59' lang='lat' dir='ltr'><strong>intercidi;</strong></span> <span class='ocrx_word' id='word_1_230' title='bbox 1218 1839 1322 1894; x_wconf 80' lang='grc' dir='ltr'>οὐκ</span> <span class='ocrx_word' id='word_1_231' title='bbox 1376 1839 1680 1913; x_wconf 69' lang='grc' dir='ltr'>ἐτόλμησεν</span> <span class='ocrx_word' id='word_1_232' title='bbox 1713 1841 1889 1912; x_wconf 80' lang='grc' dir='ltr'>αὐτὴν</span> 
     </span>
    </p>
   </div>
   <div class='ocr_carea' id='block_1_34' title="bbox 1994 1825 3584 1913">
    <p class='ocr_par' dir='ltr' id='par_1_34' title="bbox 1994 1825 3584 1898">
     <span class='ocr_line' id='line_1_34' title="bbox 1994 1825 3584 1898; baseline 0.005 -18"><span class='ocrx_word' id='word_1_233' title='bbox 1994 1825 2099 1881; x_wconf 80' lang='lat' dir='ltr'><strong>lam</strong></span> <span class='ocrx_word' id='word_1_234' title='bbox 2155 1827 2358 1898; x_wconf 66' lang='lat' dir='ltr'><strong>saepius</strong></span> <span class='ocrx_word' id='word_1_235' title='bbox 2402 1837 2710 1895; x_wconf 86' lang='lat' dir='ltr'><strong>accusatus,</strong></span> <span class='ocrx_word' id='word_1_236' title='bbox 2746 1844 2858 1885; x_wconf 93' lang='lat' dir='ltr'><strong>non</strong></span> <span class='ocrx_word' id='word_1_237' title='bbox 2916 1837 3000 1883; x_wconf 89' lang='lat' dir='ltr'><strong>est</strong></span> <span class='ocrx_word' id='word_1_238' title='bbox 3053 1845 3218 1888; x_wconf 87' lang='lat' dir='ltr'><strong>ausus</strong></span> <span class='ocrx_word' id='word_1_239' title='bbox 3265 1845 3388 1887; x_wconf 81' lang='lat' dir='ltr'><strong>eam</strong></span> <span class='ocrx_word' id='word_1_240' title='bbox 3425 1845 3584 1887; x_wconf 86' lang='lat' dir='ltr'><strong>suam</strong></span> 
     </span>
    </p>
   </div>
   <div class='ocr_carea' id='block_1_35' title="bbox 288 1921 1887 2001">
    <p class='ocr_par' dir='ltr' id='par_1_35' title="bbox 288 1921 1887 2001">
     <span class='ocr_line' id='line_1_35' title="bbox 288 1921 1887 2001; baseline 0.007 -27"><span class='ocrx_word' id='word_1_241' title='bbox 288 1921 719 1991; x_wconf 80' lang='grc' dir='ltr'>οἰκειώσασθαι,</span> <span class='ocrx_word' id='word_1_242' title='bbox 750 1923 888 1981; x_wconf 85' lang='grc' dir='ltr'><strong>ἀλλά</strong></span> <span class='ocrx_word' id='word_1_243' title='bbox 923 1929 1019 1982; x_wconf 78' lang='grc' dir='ltr'>καὶ</span> <span class='ocrx_word' id='word_1_244' title='bbox 1059 1929 1094 2000; x_wconf 80' lang='grc' dir='ltr'><strong>ἡ</strong></span> <span class='ocrx_word' id='word_1_245' title='bbox 1132 1931 1192 1983; x_wconf 81' lang='grc' dir='ltr'>ὲν</span> <span class='ocrx_word' id='word_1_246' title='bbox 1240 1929 1550 2001; x_wconf 76' lang='grc' dir='ltr'>Χαλκηδόνι</span> <span class='ocrx_word' id='word_1_247' title='bbox 1592 1929 1723 2000; x_wconf 86' lang='grc' dir='ltr'>ἁγία</span> <span class='ocrx_word' id='word_1_248' title='bbox 1758 1929 1887 1985; x_wconf 80' lang='grc' dir='ltr'>σύνο</span> 
     </span>
    </p>
   </div>
   <div class='ocr_carea' id='block_1_36' title="bbox 289 2013 1886 2100">
    <p class='ocr_par' dir='ltr' id='par_1_36' title="bbox 289 2013 1886 2100">
     <span class='ocr_line' id='line_1_36' title="bbox 289 2013 1886 2100; baseline 0.008 -35"><span class='ocrx_word' id='word_1_249' title='bbox 289 2014 421 2075; x_wconf 78' lang='grc' dir='ltr'>οδος</span> <span class='ocrx_word' id='word_1_250' title='bbox 449 2013 630 2100; x_wconf 67' lang='grc' dir='ltr'>πάντα</span> <span class='ocrx_word' id='word_1_251' title='bbox 657 2015 728 2070; x_wconf 87' lang='grc' dir='ltr'><strong>τά</strong></span> <span class='ocrx_word' id='word_1_252' title='bbox 774 2017 996 2072; x_wconf 75' lang='grc' dir='ltr'>ἐναντία</span> <span class='ocrx_word' id='word_1_253' title='bbox 1028 2023 1236 2092; x_wconf 87' lang='grc' dir='ltr'>ταύτης</span> <span class='ocrx_word' id='word_1_254' title='bbox 1281 2020 1700 2092; x_wconf 76' lang='grc' dir='ltr'>παρεσκεύασεν</span> <span class='ocrx_word' id='word_1_255' title='bbox 1723 2021 1886 2079; x_wconf 81' lang='grc' dir='ltr'>αὐτὸν</span> 
     </span>
    </p>
   </div>
   <div class='ocr_carea' id='block_1_37' title="bbox 295 2100 1886 2186">
    <p class='ocr_par' dir='ltr' id='par_1_37' title="bbox 295 2100 1886 2186">
     <span class='ocr_line' id='line_1_37' title="bbox 295 2100 1886 2186; baseline 0.021 -31"><span class='ocrx_word' id='word_1_256' title='bbox 295 2102 533 2173; x_wconf 71' lang='grc' dir='ltr'>πρᾶξαι,</span> <span class='ocrx_word' id='word_1_257' title='bbox 571 2104 691 2170; x_wconf 83' lang='grc' dir='ltr'><strong>πῶς</strong></span> <span class='ocrx_word' id='word_1_258' title='bbox 711 2100 863 2178; x_wconf 78' lang='grc' dir='ltr'>εἶχεν</span> <span class='ocrx_word' id='word_1_259' title='bbox 889 2107 925 2180; x_wconf 74' lang='grc' dir='ltr'><strong>ἡ</strong></span> <span class='ocrx_word' id='word_1_260' title='bbox 960 2109 1101 2182; x_wconf 76' lang='grc' dir='ltr'>αὐτὴ</span> <span class='ocrx_word' id='word_1_261' title='bbox 1127 2111 1260 2181; x_wconf 81' lang='grc' dir='ltr'>ἁγία</span> <span class='ocrx_word' id='word_1_262' title='bbox 1293 2110 1340 2175; x_wconf 62' lang='grc' dir='ltr'><em>’ἓ</em></span> <span class='ocrx_word' id='word_1_263' title='bbox 1364 2111 1582 2177; x_wconf 77' lang='grc' dir='ltr'>σύνοδος</span> <span class='ocrx_word' id='word_1_264' title='bbox 1601 2112 1702 2182; x_wconf 75' lang='grc' dir='ltr'><strong>τὴν</strong></span> <span class='ocrx_word' id='word_1_265' title='bbox 1728 2113 1886 2186; x_wconf 67' lang='grc' dir='ltr'>εἰρη-</span> 
     </span>
    </p>
   </div>
   <div class='ocr_carea' id='block_1_38' title="bbox 303 2195 1886 2277">
    <p class='ocr_par' dir='ltr' id='par_1_38' title="bbox 303 2195 1886 2277">
     <span class='ocr_line' id='line_1_38' title="bbox 303 2195 1886 2277; baseline 0.008 -29"><span class='ocrx_word' id='word_1_266' title='bbox 303 2195 479 2267; x_wconf 69' lang='grc' dir='ltr'>μένην</span> <span class='ocrx_word' id='word_1_267' title='bbox 505 2196 801 2270; x_wconf 74' lang='grc' dir='ltr'>ἐπιστολὴν</span> <span class='ocrx_word' id='word_1_268' title='bbox 827 2198 1091 2265; x_wconf 78' lang='grc' dir='ltr'>δέξασθαι</span> <span class='ocrx_word' id='word_1_269' title='bbox 1138 2203 1237 2259; x_wconf 79' lang='grc' dir='ltr'>καὶ</span> <span class='ocrx_word' id='word_1_270' title='bbox 1266 2203 1347 2276; x_wconf 83' lang='grc' dir='ltr'><strong>τῷ</strong></span> <span class='ocrx_word' id='word_1_271' title='bbox 1395 2202 1626 2277; x_wconf 79' lang='grc' dir='ltr'>κρίματι</span> <span class='ocrx_word' id='word_1_272' title='bbox 1653 2205 1754 2277; x_wconf 81' lang='grc' dir='ltr'><strong>τῆς</strong></span> <span class='ocrx_word' id='word_1_273' title='bbox 1785 2222 1886 2260; x_wconf 85' lang='grc' dir='ltr'>πε-</span> 
     </span>
    </p>
   </div>
   <div class='ocr_carea' id='block_1_39' title="bbox 300 2289 1887 2372">
    <p class='ocr_par' dir='ltr' id='par_1_39' title="bbox 300 2289 1887 2372">
     <span class='ocr_line' id='line_1_39' title="bbox 300 2289 1887 2372; baseline 0.008 -30"><span class='ocrx_word' id='word_1_274' title='bbox 300 2289 636 2361; x_wconf 82' lang='grc' dir='ltr'>ριεχομένης</span> <span class='ocrx_word' id='word_1_275' title='bbox 664 2289 806 2364; x_wconf 79' lang='grc' dir='ltr'>αὐτῇ</span> <span class='ocrx_word' id='word_1_276' title='bbox 848 2293 1107 2360; x_wconf 79' lang='grc' dir='ltr'>ἀσεϐείας</span> <span class='ocrx_word' id='word_1_277' title='bbox 1144 2296 1467 2365; x_wconf 79' lang='grc' dir='ltr'>ὑποπεσεῖν,</span> <span class='ocrx_word' id='word_1_278' title='bbox 1511 2299 1606 2369; x_wconf 83' lang='grc' dir='ltr'><strong>ἀφ’</strong></span> <span class='ocrx_word' id='word_1_279' title='bbox 1633 2294 1703 2372; x_wconf 82' lang='grc' dir='ltr'>ἦς</span> <span class='ocrx_word' id='word_1_280' title='bbox 1731 2299 1887 2354; x_wconf 70' lang='grc' dir='ltr'>Ἴδαν</span> 
     </span>
    </p>
   </div>
   <div class='ocr_carea' id='block_1_40' title="bbox 293 2383 1081 2456">
    <p class='ocr_par' dir='ltr' id='par_1_40' title="bbox 293 2383 1081 2456">
     <span class='ocr_line' id='line_1_40' title="bbox 293 2383 1081 2456; baseline 0.01 -21"><span class='ocrx_word' id='word_1_281' title='bbox 293 2383 676 2456; x_wconf 70' lang='grc' dir='ltr'>ἐλευθερῶσαι</span> <span class='ocrx_word' id='word_1_282' title='bbox 706 2385 1045 2443; x_wconf 73' lang='grc' dir='ltr'>ἐσπούδασεν</span> <span class='ocrx_word' id='word_1_283' title='bbox 1064 2405 1081 2456; x_wconf 89' lang='lat'><strong>;</strong></span> 
     </span>
    </p>
   </div>
   <div class='ocr_carea' id='block_1_41' title="bbox 380 2475 1947 2562">
    <p class='ocr_par' dir='ltr' id='par_1_41' title="bbox 380 2475 1947 2562">
     <span class='ocr_line' id='line_1_41' title="bbox 380 2475 1947 2562; baseline 0.005 -33"><span class='ocrx_word' id='word_1_284' title='bbox 380 2495 401 2528; x_wconf 77' lang='grc' dir='ltr'><strong>ι</strong></span> <span class='ocrx_word' id='word_1_285' title='bbox 426 2475 653 2549; x_wconf 81' lang='grc' dir='ltr'>Ἐπειδὴ</span> <span class='ocrx_word' id='word_1_286' title='bbox 679 2477 740 2532; x_wconf 65' lang='grc' dir='ltr'>δὲ</span> <span class='ocrx_word' id='word_1_287' title='bbox 782 2479 964 2543; x_wconf 82' lang='grc' dir='ltr'>πάσας</span> <span class='ocrx_word' id='word_1_288' title='bbox 991 2480 1416 2562; x_wconf 73' lang='grc' dir='ltr'>ὑπερϐαίνοντες</span> <span class='ocrx_word' id='word_1_289' title='bbox 1433 2482 1535 2548; x_wconf 80' lang='grc' dir='ltr'>τὰς</span> <span class='ocrx_word' id='word_1_290' title='bbox 1559 2482 1885 2555; x_wconf 75' lang='grc' dir='ltr'>περιεχομέ-</span> <span class='ocrx_word' id='word_1_291' title='bbox 1936 2512 1947 2521; x_wconf 73' lang='grc' dir='ltr'><em>ο</em></span> 
     </span>
    </p>
   </div>
   <div class='ocr_carea' id='block_1_42' title="bbox 292 2568 1886 2644">
    <p class='ocr_par' dir='ltr' id='par_1_42' title="bbox 292 2568 1886 2644">
     <span class='ocr_line' id='line_1_42' title="bbox 292 2568 1886 2644; baseline 0.004 -25"><span class='ocrx_word' id='word_1_292' title='bbox 292 2581 404 2630; x_wconf 87' lang='grc' dir='ltr'><strong>νας</strong></span> <span class='ocrx_word' id='word_1_293' title='bbox 433 2569 501 2638; x_wconf 73' lang='grc' dir='ltr'>τῇ</span> <span class='ocrx_word' id='word_1_294' title='bbox 525 2568 788 2640; x_wconf 69' lang='grc' dir='ltr'>ἐπιστολῇ</span> <span class='ocrx_word' id='word_1_295' title='bbox 823 2568 1178 2641; x_wconf 77' lang='grc' dir='ltr'>βλασφημίας</span> <span class='ocrx_word' id='word_1_296' title='bbox 1195 2573 1242 2625; x_wconf 80' lang='lat' dir='ltr'><strong>oi</strong></span> <span class='ocrx_word' id='word_1_297' title='bbox 1272 2574 1568 2644; x_wconf 73' lang='grc' dir='ltr'>αἱρετικοὶ,</span> <span class='ocrx_word' id='word_1_298' title='bbox 1597 2572 1758 2628; x_wconf 85' lang='grc' dir='ltr'>τοῦτο</span> <span class='ocrx_word' id='word_1_299' title='bbox 1788 2573 1886 2644; x_wconf 74' lang='grc' dir='ltr'>μόο</span> 
     </span>
    </p>
   </div>
   <div class='ocr_carea' id='block_1_43' title="bbox 293 2655 1877 2736">
    <p class='ocr_par' dir='ltr' id='par_1_43' title="bbox 293 2655 1877 2736">
     <span class='ocr_line' id='line_1_43' title="bbox 293 2655 1877 2736; baseline 0.004 -24"><span class='ocrx_word' id='word_1_300' title='bbox 293 2673 397 2712; x_wconf 86' lang='grc' dir='ltr'><strong>νον</strong></span> <span class='ocrx_word' id='word_1_301' title='bbox 415 2655 478 2726; x_wconf 75' lang='grc' dir='ltr'><strong>ἐξ</strong></span> <span class='ocrx_word' id='word_1_302' title='bbox 496 2658 668 2730; x_wconf 76' lang='grc' dir='ltr'>αὐτῆς</span> <span class='ocrx_word' id='word_1_303' title='bbox 699 2659 1041 2732; x_wconf 78' lang='grc' dir='ltr'>προφέρουσι</span> <span class='ocrx_word' id='word_1_304' title='bbox 1065 2663 1128 2716; x_wconf 85' lang='grc' dir='ltr'>τὸ</span> <span class='ocrx_word' id='word_1_305' title='bbox 1146 2663 1287 2734; x_wconf 82' lang='grc' dir='ltr'>πρὸς</span> <span class='ocrx_word' id='word_1_306' title='bbox 1307 2665 1526 2736; x_wconf 81' lang='grc' dir='ltr'><strong>ἀπάτην</strong></span> <span class='ocrx_word' id='word_1_307' title='bbox 1549 2665 1659 2721; x_wconf 85' lang='grc' dir='ltr'><strong>τῶν</strong></span> <span class='ocrx_word' id='word_1_308' title='bbox 1681 2665 1877 2720; x_wconf 85' lang='grc' dir='ltr'>ἁπλου-</span> 
     </span>
    </p>
   </div>
   <div class='ocr_carea' id='block_1_44' title="bbox 295 2749 1887 2828">
    <p class='ocr_par' dir='ltr' id='par_1_44' title="bbox 295 2749 1887 2828">
     <span class='ocr_line' id='line_1_44' title="bbox 295 2749 1887 2828; baseline 0.003 -24"><span class='ocrx_word' id='word_1_309' title='bbox 295 2749 515 2822; x_wconf 78' lang='grc' dir='ltr'>στέρων</span> <span class='ocrx_word' id='word_1_310' title='bbox 544 2749 701 2822; x_wconf 82' lang='grc' dir='ltr'><strong>παρά</strong></span> <span class='ocrx_word' id='word_1_311' title='bbox 731 2750 830 2806; x_wconf 90' lang='grc' dir='ltr'><strong>τοῦ</strong></span> <span class='ocrx_word' id='word_1_312' title='bbox 861 2752 962 2824; x_wconf 77' lang='grc' dir='ltr'>τὴν</span> <span class='ocrx_word' id='word_1_313' title='bbox 988 2753 1285 2827; x_wconf 72' lang='grc' dir='ltr'>επιστολὴν</span> <span class='ocrx_word' id='word_1_314' title='bbox 1312 2756 1628 2827; x_wconf 74' lang='grc' dir='ltr'>γράψαντος</span> <span class='ocrx_word' id='word_1_315' title='bbox 1657 2753 1887 2828; x_wconf 72' lang='grc' dir='ltr'>είρημέ-</span> 
     </span>
    </p>
   </div>
   <div class='ocr_carea' id='block_1_45' title="bbox 292 2839 1878 2918">
    <p class='ocr_par' dir='ltr' id='par_1_45' title="bbox 292 2839 1878 2918">
     <span class='ocr_line' id='line_1_45' title="bbox 292 2839 1878 2918; baseline 0.001 -22"><span class='ocrx_word' id='word_1_316' title='bbox 292 2856 415 2907; x_wconf 83' lang='grc' dir='ltr'>νον,</span> <span class='ocrx_word' id='word_1_317' title='bbox 447 2839 594 2896; x_wconf 84' lang='grc' dir='ltr'>τοῦτ’</span> <span class='ocrx_word' id='word_1_318' title='bbox 614 2841 762 2895; x_wconf 78' lang='grc' dir='ltr'>ἔστιν</span> <span class='ocrx_word' id='word_1_319' title='bbox 790 2841 885 2896; x_wconf 83' lang='grc' dir='ltr'><strong>δύο</strong></span> <span class='ocrx_word' id='word_1_320' title='bbox 910 2842 1125 2912; x_wconf 84' lang='grc' dir='ltr'>φύσεις,</span> <span class='ocrx_word' id='word_1_321' title='bbox 1164 2844 1295 2912; x_wconf 87' lang='grc' dir='ltr'>μίαν</span> <span class='ocrx_word' id='word_1_322' title='bbox 1328 2844 1582 2916; x_wconf 82' lang='grc' dir='ltr'>δύναμιν,</span> <span class='ocrx_word' id='word_1_323' title='bbox 1611 2844 1671 2899; x_wconf 82' lang='grc' dir='ltr'>ἓν</span> <span class='ocrx_word' id='word_1_324' title='bbox 1701 2845 1878 2918; x_wconf 83' lang='grc' dir='ltr'>πρόσ-</span> 
     </span>
    </p>
   </div>
   <div class='ocr_carea' id='block_1_46' title="bbox 1989 1915 3584 1985">
    <p class='ocr_par' dir='ltr' id='par_1_46' title="bbox 1989 1915 3584 1985">
     <span class='ocr_line' id='line_1_46' title="bbox 1989 1915 3584 1985; baseline 0.005 -13"><span class='ocrx_word' id='word_1_325' title='bbox 1989 1915 2192 1985; x_wconf 88' lang='lat' dir='ltr'><strong>dicere,</strong></span> <span class='ocrx_word' id='word_1_326' title='bbox 2225 1917 2323 1973; x_wconf 90' lang='lat' dir='ltr'><strong>sed</strong></span> <span class='ocrx_word' id='word_1_327' title='bbox 2368 1917 2531 1974; x_wconf 89' lang='lat' dir='ltr'><strong>etiam</strong></span> <span class='ocrx_word' id='word_1_328' title='bbox 2597 1918 3046 1979; x_wconf 89' lang='lat' dir='ltr'><strong>Chalcedonense</strong></span> <span class='ocrx_word' id='word_1_329' title='bbox 3097 1930 3350 1979; x_wconf 88' lang='lat' dir='ltr'><strong>sanctum</strong></span> <span class='ocrx_word' id='word_1_330' title='bbox 3401 1923 3584 1980; x_wconf 83' lang='lat' dir='ltr'><strong>conci-</strong></span> 
     </span>
    </p>
   </div>
   <div class='ocr_carea' id='block_1_47' title="bbox 1985 2007 3580 2088">
    <p class='ocr_par' dir='ltr' id='par_1_47' title="bbox 1985 2007 3580 2088">
     <span class='ocr_line' id='line_1_47' title="bbox 1985 2007 3580 2088; baseline 0.005 -26"><span class='ocrx_word' id='word_1_331' title='bbox 1985 2007 2120 2063; x_wconf 87' lang='lat' dir='ltr'><strong>lium</strong></span> <span class='ocrx_word' id='word_1_332' title='bbox 2164 2009 2350 2064; x_wconf 89' lang='lat' dir='ltr'><strong>omnia</strong></span> <span class='ocrx_word' id='word_1_333' title='bbox 2391 2009 2443 2064; x_wconf 88' lang='lat' dir='ltr'><strong>ei</strong></span> <span class='ocrx_word' id='word_1_334' title='bbox 2495 2013 2771 2068; x_wconf 88' lang='lat' dir='ltr'><strong>contraria</strong></span> <span class='ocrx_word' id='word_1_335' title='bbox 2817 2014 3084 2085; x_wconf 87' lang='lat' dir='ltr'><strong>compulit</strong></span> <span class='ocrx_word' id='word_1_336' title='bbox 3111 2029 3239 2070; x_wconf 88' lang='lat' dir='ltr'><strong>eum</strong></span> <span class='ocrx_word' id='word_1_337' title='bbox 3273 2030 3580 2088; x_wconf 79' lang='lat' dir='ltr'><strong>peragere:</strong></span> 
     </span>
    </p>
   </div>
   <div class='ocr_carea' id='block_1_48' title="bbox 1987 2099 3585 2178">
    <p class='ocr_par' dir='ltr' id='par_1_48' title="bbox 1987 2099 3585 2178">
     <span class='ocr_line' id='line_1_48' title="bbox 1987 2099 3585 2178; baseline 0.005 -24"><span class='ocrx_word' id='word_1_338' title='bbox 1987 2099 2262 2170; x_wconf 88' lang='lat' dir='ltr'><strong>quomodo</strong></span> <span class='ocrx_word' id='word_1_339' title='bbox 2312 2101 2527 2165; x_wconf 69' lang='lat' dir='ltr'><strong>cadent-</strong></span> <span class='ocrx_word' id='word_1_340' title='bbox 2555 2113 2742 2160; x_wconf 85' lang='lat' dir='ltr'><strong>sancta</strong></span> <span class='ocrx_word' id='word_1_341' title='bbox 2788 2106 3030 2174; x_wconf 79' lang='lat' dir='ltr'><strong>synodus</strong></span> <span class='ocrx_word' id='word_1_342' title='bbox 3059 2113 3417 2162; x_wconf 85' lang='lat' dir='ltr'><strong>memoratam</strong></span> <span class='ocrx_word' id='word_1_343' title='bbox 3461 2106 3585 2178; x_wconf 87' lang='lat' dir='ltr'><strong>epi-</strong></span> 
     </span>
    </p>
   </div>
   <div class='ocr_carea' id='block_1_49' title="bbox 1989 2188 3587 2267">
    <p class='ocr_par' dir='ltr' id='par_1_49' title="bbox 1989 2188 3587 2267">
     <span class='ocr_line' id='line_1_49' title="bbox 1989 2188 3587 2267; baseline 0.004 -22"><span class='ocrx_word' id='word_1_344' title='bbox 1989 2188 2182 2245; x_wconf 86' lang='lat' dir='ltr'><strong>stolam</strong></span> <span class='ocrx_word' id='word_1_345' title='bbox 2212 2189 2518 2262; x_wconf 83' lang='lat' dir='ltr'><strong>susciperet</strong></span> <span class='ocrx_word' id='word_1_346' title='bbox 2561 2201 2616 2248; x_wconf 90' lang='lat' dir='ltr'><strong>et</strong></span> <span class='ocrx_word' id='word_1_347' title='bbox 2640 2193 3084 2250; x_wconf 88' lang='lat' dir='ltr'><strong>condemnationi</strong></span> <span class='ocrx_word' id='word_1_348' title='bbox 3133 2194 3435 2266; x_wconf 80' lang='lat' dir='ltr'><strong>impietatis</strong></span> <span class='ocrx_word' id='word_1_349' title='bbox 3463 2211 3587 2267; x_wconf 63' lang='lat' dir='ltr'><strong>qua</strong></span> 
     </span>
    </p>
   </div>
   <div class='ocr_carea' id='block_1_50' title="bbox 1988 2280 3586 2357">
    <p class='ocr_par' dir='ltr' id='par_1_50' title="bbox 1988 2280 3586 2357">
     <span class='ocr_line' id='line_1_50' title="bbox 1988 2280 3586 2357; baseline 0.004 -20"><span class='ocrx_word' id='word_1_350' title='bbox 1988 2280 2044 2337; x_wconf 89' lang='lat' dir='ltr'><strong>in</strong></span> <span class='ocrx_word' id='word_1_351' title='bbox 2071 2296 2137 2338; x_wconf 88' lang='lat' dir='ltr'><strong>ea</strong></span> <span class='ocrx_word' id='word_1_352' title='bbox 2179 2284 2515 2350; x_wconf 87' lang='lat' dir='ltr'><strong>continetur,</strong></span> <span class='ocrx_word' id='word_1_353' title='bbox 2541 2297 2665 2340; x_wconf 89' lang='lat' dir='ltr'><strong>sese</strong></span> <span class='ocrx_word' id='word_1_354' title='bbox 2699 2284 3020 2356; x_wconf 75' lang='lat' dir='ltr'><strong>subiiceret,</strong></span> <span class='ocrx_word' id='word_1_355' title='bbox 3059 2300 3092 2341; x_wconf 91' lang='lat' dir='ltr'><strong>a</strong></span> <span class='ocrx_word' id='word_1_356' title='bbox 3126 2301 3234 2357; x_wconf 87' lang='lat' dir='ltr'><strong>qua</strong></span> <span class='ocrx_word' id='word_1_357' title='bbox 3267 2285 3416 2342; x_wconf 83' lang='lat' dir='ltr'><strong>Ibam</strong></span> <span class='ocrx_word' id='word_1_358' title='bbox 3443 2287 3586 2344; x_wconf 87' lang='lat' dir='ltr'><strong>libe-</strong></span> 
     </span>
    </p>
   </div>
   <div class='ocr_carea' id='block_1_51' title="bbox 1990 2370 2460 2428">
    <p class='ocr_par' dir='ltr' id='par_1_51' title="bbox 1990 2370 2460 2428">
     <span class='ocr_line' id='line_1_51' title="bbox 1990 2370 2460 2428; baseline 0.002 -1"><span class='ocrx_word' id='word_1_359' title='bbox 1990 2387 2111 2427; x_wconf 80' lang='lat' dir='ltr'><strong>rare</strong></span> <span class='ocrx_word' id='word_1_360' title='bbox 2135 2370 2460 2428; x_wconf 78' lang='lat' dir='ltr'><strong>festinavit?</strong></span> 
     </span>
    </p>
   </div>
   <div class='ocr_carea' id='block_1_52' title="bbox 2067 2464 3588 2542">
    <p class='ocr_par' dir='ltr' id='par_1_52' title="bbox 2067 2464 3588 2542">
     <span class='ocr_line' id='line_1_52' title="bbox 2067 2464 3588 2542; baseline 0.007 -25"><span class='ocrx_word' id='word_1_361' title='bbox 2067 2483 2086 2517; x_wconf 82' lang='grc' dir='ltr'><strong>ι</strong></span> <span class='ocrx_word' id='word_1_362' title='bbox 2121 2464 2390 2532; x_wconf 87' lang='lat' dir='ltr'><strong>Quoniam</strong></span> <span class='ocrx_word' id='word_1_363' title='bbox 2444 2474 2627 2521; x_wconf 86' lang='lat' dir='ltr'><strong>autem</strong></span> <span class='ocrx_word' id='word_1_364' title='bbox 2681 2482 2874 2524; x_wconf 90' lang='lat' dir='ltr'><strong>omnes</strong></span> <span class='ocrx_word' id='word_1_365' title='bbox 2924 2468 3296 2540; x_wconf 85' lang='lat' dir='ltr'><strong>blasphemias</strong></span> <span class='ocrx_word' id='word_1_366' title='bbox 3340 2469 3588 2542; x_wconf 62' lang='lat' dir='ltr'><strong>epistolae</strong></span> 
     </span>
    </p>
   </div>
   <div class='ocr_carea' id='block_1_53' title="bbox 1991 2556 3720 2634">
    <p class='ocr_par' dir='ltr' id='par_1_53' title="bbox 1991 2556 3720 2634">
     <span class='ocr_line' id='line_1_53' title="bbox 1991 2556 3720 2634; baseline 0.006 -24"><span class='ocrx_word' id='word_1_367' title='bbox 1991 2556 2469 2627; x_wconf 77' lang='lat' dir='ltr'><strong>przetermittentes</strong></span> <span class='ocrx_word' id='word_1_368' title='bbox 2501 2557 2812 2624; x_wconf 63' lang='lat' dir='ltr'><strong>haereticos,</strong></span> <span class='ocrx_word' id='word_1_369' title='bbox 2855 2560 2961 2615; x_wconf 84' lang='lat' dir='ltr'><strong>hoc</strong></span> <span class='ocrx_word' id='word_1_370' title='bbox 2989 2561 3167 2616; x_wconf 77' lang='lat' dir='ltr'><strong>soium</strong></span> <span class='ocrx_word' id='word_1_371' title='bbox 3200 2576 3268 2616; x_wconf 82' lang='lat' dir='ltr'><strong>ex</strong></span> <span class='ocrx_word' id='word_1_372' title='bbox 3300 2561 3416 2632; x_wconf 90' lang='lat' dir='ltr'><strong>ipsa</strong></span> <span class='ocrx_word' id='word_1_373' title='bbox 3453 2578 3587 2634; x_wconf 59' lang='lat' dir='ltr'><strong>pro.</strong></span> <span class='ocrx_word' id='word_1_374' title='bbox 3708 2618 3720 2625; x_wconf 77' lang='grc'><strong>,</strong></span> 
     </span>
    </p>
   </div>
   <div class='ocr_carea' id='block_1_54' title="bbox 1987 2646 3585 2724">
    <p class='ocr_par' dir='ltr' id='par_1_54' title="bbox 1987 2646 3585 2724">
     <span class='ocr_line' id='line_1_54' title="bbox 1987 2646 3585 2724; baseline 0.005 -22"><span class='ocrx_word' id='word_1_375' title='bbox 1987 2646 2212 2713; x_wconf 83' lang='lat' dir='ltr'><strong>ferunt,</strong></span> <span class='ocrx_word' id='word_1_376' title='bbox 2267 2649 2414 2718; x_wconf 91' lang='lat' dir='ltr'><strong>quod</strong></span> <span class='ocrx_word' id='word_1_377' title='bbox 2472 2650 2539 2705; x_wconf 88' lang='lat' dir='ltr'><strong>ad</strong></span> <span class='ocrx_word' id='word_1_378' title='bbox 2610 2649 2964 2721; x_wconf 82' lang='lat' dir='ltr'><strong>decipiendos</strong></span> <span class='ocrx_word' id='word_1_379' title='bbox 3030 2652 3396 2724; x_wconf 85' lang='lat' dir='ltr'><strong>simpliciores</strong></span> <span class='ocrx_word' id='word_1_380' title='bbox 3444 2653 3585 2710; x_wconf 88' lang='lat' dir='ltr'><strong>scri-</strong></span> 
     </span>
    </p>
   </div>
   <div class='ocr_carea' id='block_1_55' title="bbox 1985 2741 3582 2811">
    <p class='ocr_par' dir='ltr' id='par_1_55' title="bbox 1985 2741 3582 2811">
     <span class='ocr_line' id='line_1_55' title="bbox 1985 2741 3582 2811; baseline 0.004 -16"><span class='ocrx_word' id='word_1_381' title='bbox 1985 2749 2113 2810; x_wconf 90' lang='lat' dir='ltr'><strong>ptor</strong></span> <span class='ocrx_word' id='word_1_382' title='bbox 2144 2741 2390 2811; x_wconf 79' lang='lat' dir='ltr'><strong>epistolae</strong></span> <span class='ocrx_word' id='word_1_383' title='bbox 2433 2741 2586 2806; x_wconf 78' lang='lat' dir='ltr'><strong>dixit,</strong></span> <span class='ocrx_word' id='word_1_384' title='bbox 2632 2741 2738 2799; x_wconf 81' lang='lat' dir='ltr'><strong>hoc</strong></span> <span class='ocrx_word' id='word_1_385' title='bbox 2789 2751 2895 2810; x_wconf 89' lang='lat' dir='ltr'><strong>est,</strong></span> <span class='ocrx_word' id='word_1_386' title='bbox 2937 2743 3075 2800; x_wconf 89' lang='lat' dir='ltr'><strong>duas</strong></span> <span class='ocrx_word' id='word_1_387' title='bbox 3123 2752 3370 2810; x_wconf 86' lang='lat' dir='ltr'><strong>naturas,</strong></span> <span class='ocrx_word' id='word_1_388' title='bbox 3415 2760 3582 2802; x_wconf 86' lang='lat' dir='ltr'><strong>unam</strong></span> 
     </span>
    </p>
   </div>
   <div class='ocr_carea' id='block_1_56' title="bbox 1989 2829 3584 2910">
    <p class='ocr_par' dir='ltr' id='par_1_56' title="bbox 1989 2829 3584 2910">
     <span class='ocr_line' id='line_1_56' title="bbox 1989 2829 3584 2910; baseline 0.006 -26"><span class='ocrx_word' id='word_1_389' title='bbox 1989 2829 2272 2895; x_wconf 73' lang='lat' dir='ltr'><strong>virtutem,</strong></span> <span class='ocrx_word' id='word_1_390' title='bbox 2325 2845 2489 2884; x_wconf 85' lang='lat' dir='ltr'><strong>unam</strong></span> <span class='ocrx_word' id='word_1_391' title='bbox 2530 2845 2858 2901; x_wconf 88' lang='lat' dir='ltr'><strong>personam;</strong></span> <span class='ocrx_word' id='word_1_392' title='bbox 2905 2833 3404 2910; x_wconf 82' lang='lat' dir='ltr'><strong>demonstrabimus</strong></span> <span class='ocrx_word' id='word_1_393' title='bbox 3434 2837 3584 2906; x_wconf 89' lang='lat' dir='ltr'><strong>quod</strong></span> 
     </span>
    </p>
   </div>
   <div class='ocr_carea' id='block_1_57' title="bbox 292 2918 1890 3008">
    <p class='ocr_par' dir='ltr' id='par_1_57' title="bbox 292 2932 1883 3008">
     <span class='ocr_line' id='line_1_57' title="bbox 292 2932 1883 3008; baseline 0.001 -20"><span class='ocrx_word' id='word_1_394' title='bbox 292 2949 477 2998; x_wconf 77' lang='grc' dir='ltr'>ωπον,</span> <span class='ocrx_word' id='word_1_395' title='bbox 511 2932 868 3004; x_wconf 78' lang='grc' dir='ltr'>ἀποδείξομεν</span> <span class='ocrx_word' id='word_1_396' title='bbox 902 2935 1065 2989; x_wconf 79' lang='grc' dir='ltr'>αὑτὸν</span> <span class='ocrx_word' id='word_1_397' title='bbox 1115 2935 1211 2990; x_wconf 73' lang='grc' dir='ltr'>καὶ</span> <span class='ocrx_word' id='word_1_398' title='bbox 1256 2937 1314 2990; x_wconf 80' lang='grc' dir='ltr'>ὲν</span> <span class='ocrx_word' id='word_1_399' title='bbox 1367 2936 1543 3008; x_wconf 85' lang='grc' dir='ltr'>τούτῳ</span> <span class='ocrx_word' id='word_1_400' title='bbox 1589 2936 1691 3008; x_wconf 77' lang='grc' dir='ltr'>τὴν</span> <span class='ocrx_word' id='word_1_401' title='bbox 1743 2936 1883 2990; x_wconf 82' lang='grc' dir='ltr'>ίδίαν</span> 
     </span>
    </p>
   </div>
   <div class='ocr_carea' id='block_1_58' title="bbox 1994 2918 3582 3008">
    <p class='ocr_par' dir='ltr' id='par_1_58' title="bbox 1994 2918 3582 2998">
     <span class='ocr_line' id='line_1_58' title="bbox 1994 2918 3582 2998; baseline 0.006 -23"><span class='ocrx_word' id='word_1_402' title='bbox 1994 2918 2454 2992; x_wconf 87' lang='lat' dir='ltr'><strong>[demonstramus</strong></span> <span class='ocrx_word' id='word_1_403' title='bbox 2497 2922 2674 2992; x_wconf 87' lang='lat' dir='ltr'><strong>ipsum</strong></span> <span class='ocrx_word' id='word_1_404' title='bbox 2708 2923 2853 2994; x_wconf 89' lang='lat' dir='ltr'><strong>quod</strong></span> <span class='ocrx_word' id='word_1_405' title='bbox 2893 2933 2951 2978; x_wconf 88' lang='lat' dir='ltr'><strong>et</strong></span> <span class='ocrx_word' id='word_1_406' title='bbox 2988 2923 3227 2998; x_wconf 59' lang='grc' dir='ltr'><strong>[λείπει]</strong></span> <span class='ocrx_word' id='word_1_407' title='bbox 3265 2925 3384 2996; x_wconf 86' lang='lat' dir='ltr'><strong>ipse</strong></span> <span class='ocrx_word' id='word_1_408' title='bbox 3414 2928 3582 2984; x_wconf 88' lang='lat' dir='ltr'><strong>etiam</strong></span> 
     </span>
    </p>
   </div>
   <div class='ocr_carea' id='block_1_59' title="bbox 294 3009 1890 3098">
    <p class='ocr_par' dir='ltr' id='par_1_59' title="bbox 294 3023 1878 3098">
     <span class='ocr_line' id='line_1_59' title="bbox 294 3023 1878 3098; baseline 0.001 -20"><span class='ocrx_word' id='word_1_409' title='bbox 294 3023 563 3079; x_wconf 73' lang='grc' dir='ltr'>ἀσέϐειαν</span> <span class='ocrx_word' id='word_1_410' title='bbox 596 3025 1043 3097; x_wconf 83' lang='grc' dir='ltr'>παραμιγνύντα.</span> <span class='ocrx_word' id='word_1_411' title='bbox 1093 3027 1252 3092; x_wconf 84' lang='grc' dir='ltr'>Τίνος</span> <span class='ocrx_word' id='word_1_412' title='bbox 1284 3027 1393 3098; x_wconf 79' lang='grc' dir='ltr'>γὰρ</span> <span class='ocrx_word' id='word_1_413' title='bbox 1427 3027 1494 3082; x_wconf 77' lang='grc' dir='ltr'>ἂν</span> <span class='ocrx_word' id='word_1_414' title='bbox 1519 3028 1616 3082; x_wconf 75' lang='grc' dir='ltr'>καὶ</span> <span class='ocrx_word' id='word_1_415' title='bbox 1647 3026 1800 3096; x_wconf 82' lang='grc' dir='ltr'>λέγοι</span> <span class='ocrx_word' id='word_1_416' title='bbox 1829 3026 1878 3058; x_wconf 70' lang='grc'>³⁸</span> 
     </span>
    </p>
   </div>
   <div class='ocr_carea' id='block_1_60' title="bbox 1994 3009 3582 3098">
    <p class='ocr_par' dir='ltr' id='par_1_60' title="bbox 1994 3009 3582 3087">
     <span class='ocr_line' id='line_1_60' title="bbox 1994 3009 3582 3087; baseline 0.005 -23"><span class='ocrx_word' id='word_1_417' title='bbox 1994 3009 2045 3065; x_wconf 88' lang='lat' dir='ltr'><strong>in</strong></span> <span class='ocrx_word' id='word_1_418' title='bbox 2098 3010 2204 3066; x_wconf 84' lang='lat' dir='ltr'><strong>hoc</strong></span> <span class='ocrx_word' id='word_1_419' title='bbox 2250 3026 2404 3066; x_wconf 89' lang='lat' dir='ltr'><strong>suam</strong></span> <span class='ocrx_word' id='word_1_420' title='bbox 2452 3013 2800 3068; x_wconf 86' lang='lat' dir='ltr'><strong>commiscuit</strong></span> <span class='ocrx_word' id='word_1_421' title='bbox 2847 3013 3207 3085; x_wconf 86' lang='lat' dir='ltr'><strong>impietatem.</strong></span> <span class='ocrx_word' id='word_1_422' title='bbox 3234 3015 3406 3087; x_wconf 86' lang='lat' dir='ltr'><strong>Cujus</strong></span> <span class='ocrx_word' id='word_1_423' title='bbox 3433 3017 3582 3073; x_wconf 89' lang='lat' dir='ltr'><strong>enim</strong></span> 
     </span>
    </p>
   </div>
   <div class='ocr_carea' id='block_1_61' title="bbox 295 3103 1890 3192">
    <p class='ocr_par' dir='ltr' id='par_1_61' title="bbox 295 3113 1886 3192">
     <span class='ocr_line' id='line_1_61' title="bbox 295 3113 1886 3192; baseline 0.003 -24"><span class='ocrx_word' id='word_1_424' title='bbox 295 3114 402 3169; x_wconf 84' lang='grc' dir='ltr'><strong>δύο</strong></span> <span class='ocrx_word' id='word_1_425' title='bbox 433 3113 624 3184; x_wconf 83' lang='grc' dir='ltr'>φύσεις</span> <span class='ocrx_word' id='word_1_426' title='bbox 679 3117 779 3171; x_wconf 73' lang='grc' dir='ltr'><strong>καὶ</strong></span> <span class='ocrx_word' id='word_1_427' title='bbox 820 3117 881 3171; x_wconf 75' lang='grc' dir='ltr'>ἐν</span> <span class='ocrx_word' id='word_1_428' title='bbox 941 3116 1239 3188; x_wconf 83' lang='grc' dir='ltr'>πρόσωπον</span> <span class='ocrx_word' id='word_1_429' title='bbox 1281 3121 1311 3173; x_wconf 87' lang='grc' dir='ltr'>ὁ</span> <span class='ocrx_word' id='word_1_430' title='bbox 1343 3118 1758 3192; x_wconf 79' lang='grc' dir='ltr'>ἀπαρνούμενος</span> <span class='ocrx_word' id='word_1_431' title='bbox 1793 3117 1886 3172; x_wconf 82' lang='grc' dir='ltr'>τὸν</span> 
     </span>
    </p>
   </div>
   <div class='ocr_carea' id='block_1_62' title="bbox 1994 3103 3583 3192">
    <p class='ocr_par' dir='ltr' id='par_1_62' title="bbox 1994 3103 3583 3180">
     <span class='ocr_line' id='line_1_62' title="bbox 1994 3103 3583 3180; baseline 0.006 -22"><span class='ocrx_word' id='word_1_432' title='bbox 1994 3103 2197 3160; x_wconf 81' lang='lat' dir='ltr'><strong>diceret</strong></span> <span class='ocrx_word' id='word_1_433' title='bbox 2227 3105 2363 3160; x_wconf 86' lang='lat' dir='ltr'><strong>duas</strong></span> <span class='ocrx_word' id='word_1_434' title='bbox 2390 3113 2615 3161; x_wconf 90' lang='lat' dir='ltr'><strong>naturas</strong></span> <span class='ocrx_word' id='word_1_435' title='bbox 2639 3117 2697 3161; x_wconf 86' lang='lat' dir='ltr'><strong>et</strong></span> <span class='ocrx_word' id='word_1_436' title='bbox 2724 3121 2889 3162; x_wconf 87' lang='lat' dir='ltr'><strong>unam</strong></span> <span class='ocrx_word' id='word_1_437' title='bbox 2929 3122 3242 3178; x_wconf 88' lang='lat' dir='ltr'><strong>personam,</strong></span> <span class='ocrx_word' id='word_1_438' title='bbox 3276 3109 3370 3180; x_wconf 88' lang='lat' dir='ltr'><strong>qui</strong></span> <span class='ocrx_word' id='word_1_439' title='bbox 3409 3109 3583 3167; x_wconf 89' lang='lat' dir='ltr'><strong>abne-</strong></span> 
     </span>
    </p>
   </div>
   <div class='ocr_carea' id='block_1_63' title="bbox 294 3196 1890 3282">
    <p class='ocr_par' dir='ltr' id='par_1_63' title="bbox 294 3205 1887 3282">
     <span class='ocr_line' id='line_1_63' title="bbox 294 3205 1887 3282; baseline 0.003 -22"><span class='ocrx_word' id='word_1_440' title='bbox 294 3205 440 3261; x_wconf 82' lang='grc' dir='ltr'>Θεδν</span> <span class='ocrx_word' id='word_1_441' title='bbox 468 3207 642 3278; x_wconf 85' lang='grc' dir='ltr'>Λόγον</span> <span class='ocrx_word' id='word_1_442' title='bbox 678 3209 1034 3281; x_wconf 83' lang='grc' dir='ltr'>σαρκωθῆναι</span> <span class='ocrx_word' id='word_1_443' title='bbox 1070 3211 1136 3265; x_wconf 80' lang='grc' dir='ltr'>ἐκ</span> <span class='ocrx_word' id='word_1_444' title='bbox 1166 3210 1268 3282; x_wconf 83' lang='grc' dir='ltr'>τῆς</span> <span class='ocrx_word' id='word_1_445' title='bbox 1303 3210 1468 3280; x_wconf 84' lang='grc' dir='ltr'>ἀγίας</span> <span class='ocrx_word' id='word_1_446' title='bbox 1499 3209 1714 3276; x_wconf 73' lang='grc' dir='ltr'>ἐνδόξου</span> <span class='ocrx_word' id='word_1_447' title='bbox 1753 3211 1887 3265; x_wconf 85' lang='grc' dir='ltr'>Θεο-</span> 
     </span>
    </p>
   </div>
   <div class='ocr_carea' id='block_1_64' title="bbox 1994 3196 3582 3282">
    <p class='ocr_par' dir='ltr' id='par_1_64' title="bbox 1994 3196 3582 3275">
     <span class='ocr_line' id='line_1_64' title="bbox 1994 3196 3582 3275; baseline 0.004 -25"><span class='ocrx_word' id='word_1_448' title='bbox 1994 3202 2082 3268; x_wconf 77' lang='lat' dir='ltr'><strong>gat</strong></span> <span class='ocrx_word' id='word_1_449' title='bbox 2135 3196 2301 3251; x_wconf 85' lang='lat' dir='ltr'><strong>Deum</strong></span> <span class='ocrx_word' id='word_1_450' title='bbox 2340 3196 2578 3252; x_wconf 85' lang='lat' dir='ltr'><strong>Verbum</strong></span> <span class='ocrx_word' id='word_1_451' title='bbox 2628 3197 2976 3254; x_wconf 88' lang='lat' dir='ltr'><strong>incarnatum</strong></span> <span class='ocrx_word' id='word_1_452' title='bbox 3025 3200 3093 3255; x_wconf 90' lang='lat' dir='ltr'><strong>de</strong></span> <span class='ocrx_word' id='word_1_453' title='bbox 3137 3208 3331 3257; x_wconf 86' lang='lat' dir='ltr'><strong>sancta</strong></span> <span class='ocrx_word' id='word_1_454' title='bbox 3379 3209 3438 3258; x_wconf 88' lang='lat' dir='ltr'><strong>et</strong></span> <span class='ocrx_word' id='word_1_455' title='bbox 3462 3201 3582 3275; x_wconf 75' lang='lat' dir='ltr'><strong>glo-</strong></span> 
     </span>
    </p>
   </div>
   <div class='ocr_carea' id='block_1_65' title="bbox 289 3288 1890 3374">
    <p class='ocr_par' dir='ltr' id='par_1_65' title="bbox 289 3297 1890 3374">
     <span class='ocr_line' id='line_1_65' title="bbox 289 3297 1890 3374; baseline 0.004 -24"><span class='ocrx_word' id='word_1_456' title='bbox 289 3297 468 3352; x_wconf 88' lang='grc' dir='ltr'>τόκου</span> <span class='ocrx_word' id='word_1_457' title='bbox 522 3298 623 3354; x_wconf 78' lang='grc' dir='ltr'>καὶ</span> <span class='ocrx_word' id='word_1_458' title='bbox 668 3299 1059 3372; x_wconf 70' lang='grc' dir='ltr'>’Δειπαρθένου</span> <span class='ocrx_word' id='word_1_459' title='bbox 1110 3301 1333 3374; x_wconf 83' lang='grc' dir='ltr'>Μαρίας</span> <span class='ocrx_word' id='word_1_460' title='bbox 1363 3301 1461 3357; x_wconf 77' lang='grc' dir='ltr'>καὶ</span> <span class='ocrx_word' id='word_1_461' title='bbox 1516 3299 1775 3372; x_wconf 79' lang='grc' dir='ltr'>τεχθῆναι</span> <span class='ocrx_word' id='word_1_462' title='bbox 1830 3300 1890 3367; x_wconf 76' lang='grc' dir='ltr'><strong>ἐξ</strong></span> 
     </span>
    </p>
   </div>
   <div class='ocr_carea' id='block_1_66' title="bbox 1994 3288 3584 3374">
    <p class='ocr_par' dir='ltr' id='par_1_66' title="bbox 1994 3288 3584 3365">
     <span class='ocr_line' id='line_1_66' title="bbox 1994 3288 3584 3365; baseline 0.005 -22"><span class='ocrx_word' id='word_1_463' title='bbox 1994 3288 2136 3345; x_wconf 90' lang='lat' dir='ltr'><strong>riosa</strong></span> <span class='ocrx_word' id='word_1_464' title='bbox 2180 3288 2277 3344; x_wconf 89' lang='lat' dir='ltr'><strong>Dei</strong></span> <span class='ocrx_word' id='word_1_465' title='bbox 2327 3288 2605 3346; x_wconf 83' lang='lat' dir='ltr'><strong>Genitrice</strong></span> <span class='ocrx_word' id='word_1_466' title='bbox 2656 3299 2713 3346; x_wconf 89' lang='lat' dir='ltr'><strong>et</strong></span> <span class='ocrx_word' id='word_1_467' title='bbox 2767 3305 2990 3362; x_wconf 89' lang='lat' dir='ltr'><strong>semper</strong></span> <span class='ocrx_word' id='word_1_468' title='bbox 3025 3292 3247 3365; x_wconf 76' lang='lat' dir='ltr'><strong>Virgine</strong></span> <span class='ocrx_word' id='word_1_469' title='bbox 3292 3292 3482 3362; x_wconf 82' lang='lat' dir='ltr'><strong>Maria,</strong></span> <span class='ocrx_word' id='word_1_470' title='bbox 3524 3305 3584 3352; x_wconf 86' lang='lat' dir='ltr'><strong>et</strong></span> 
     </span>
    </p>
   </div>
   <div class='ocr_carea' id='block_1_67' title="bbox 289 3387 1892 3467">
    <p class='ocr_par' dir='ltr' id='par_1_67' title="bbox 289 3387 1892 3467">
     <span class='ocr_line' id='line_1_67' title="bbox 289 3387 1892 3467; baseline 0.004 -25"><span class='ocrx_word' id='word_1_471' title='bbox 289 3387 475 3460; x_wconf 81' lang='grc' dir='ltr'>αὐτῆς</span> <span class='ocrx_word' id='word_1_472' title='bbox 499 3404 514 3456; x_wconf 90' lang='grc'><strong>;</strong></span> <span class='ocrx_word' id='word_1_473' title='bbox 545 3389 685 3444; x_wconf 84' lang='grc' dir='ltr'><strong>ἀλλά</strong></span> <span class='ocrx_word' id='word_1_474' title='bbox 704 3390 971 3462; x_wconf 80' lang='grc' dir='ltr'>πρόδηλον</span> <span class='ocrx_word' id='word_1_475' title='bbox 995 3391 1042 3424; x_wconf 82' lang='grc'>⁸⁸</span> <span class='ocrx_word' id='word_1_476' title='bbox 1060 3392 1136 3457; x_wconf 81' lang='grc' dir='ltr'><strong>ὡς</strong></span> <span class='ocrx_word' id='word_1_477' title='bbox 1153 3391 1364 3466; x_wconf 78' lang='grc' dir='ltr'>ἑκάστῃ</span> <span class='ocrx_word' id='word_1_478' title='bbox 1383 3392 1545 3462; x_wconf 82' lang='grc' dir='ltr'>φύσει</span> <span class='ocrx_word' id='word_1_479' title='bbox 1567 3394 1700 3448; x_wconf 78' lang='grc' dir='ltr'>ῐδιον</span> <span class='ocrx_word' id='word_1_480' title='bbox 1725 3395 1892 3467; x_wconf 65' lang='grc' dir='ltr'>πρόσ-</span> 
     </span>
    </p>
   </div>
   <div class='ocr_carea' id='block_1_68' title="bbox 291 3481 1890 3556">
    <p class='ocr_par' dir='ltr' id='par_1_68' title="bbox 291 3481 1890 3556">
     <span class='ocr_line' id='line_1_68' title="bbox 291 3481 1890 3556; baseline 0.004 -23"><span class='ocrx_word' id='word_1_481' title='bbox 291 3496 456 3534; x_wconf 82' lang='grc' dir='ltr'>ωπον</span> <span class='ocrx_word' id='word_1_482' title='bbox 496 3481 784 3553; x_wconf 78' lang='grc' dir='ltr'>ἀπονέμει,</span> <span class='ocrx_word' id='word_1_483' title='bbox 826 3481 1010 3548; x_wconf 89' lang='grc' dir='ltr'>καθὼς</span> <span class='ocrx_word' id='word_1_484' title='bbox 1049 3482 1327 3556; x_wconf 84' lang='grc' dir='ltr'>Θεόδωρος</span> <span class='ocrx_word' id='word_1_485' title='bbox 1369 3485 1463 3540; x_wconf 81' lang='grc' dir='ltr'>καὶ</span> <span class='ocrx_word' id='word_1_486' title='bbox 1498 3483 1797 3556; x_wconf 85' lang='grc' dir='ltr'>Νεστόριος</span> <span class='ocrx_word' id='word_1_487' title='bbox 1831 3486 1890 3540; x_wconf 81' lang='grc' dir='ltr'>ὲν</span> 
     </span>
    </p>
   </div>
   <div class='ocr_carea' id='block_1_69' title="bbox 290 3572 1891 3646">
    <p class='ocr_par' dir='ltr' id='par_1_69' title="bbox 290 3572 1891 3646">
     <span class='ocr_line' id='line_1_69' title="bbox 290 3572 1891 3646; baseline 0.002 -20"><span class='ocrx_word' id='word_1_488' title='bbox 290 3574 417 3637; x_wconf 73' lang='grc' dir='ltr'>τοῖς</span> <span class='ocrx_word' id='word_1_489' title='bbox 463 3573 684 3638; x_wconf 76' lang='grc' dir='ltr'>οἰκείοις</span> <span class='ocrx_word' id='word_1_490' title='bbox 724 3572 906 3643; x_wconf 87' lang='grc' dir='ltr'>λόγοις</span> <span class='ocrx_word' id='word_1_491' title='bbox 950 3573 1404 3646; x_wconf 77' lang='grc' dir='ltr'>βλασφημοῦντες</span> <span class='ocrx_word' id='word_1_492' title='bbox 1463 3573 1715 3643; x_wconf 70' lang='grc' dir='ltr'>ἐξέθεντο</span> <span class='ocrx_word' id='word_1_493' title='bbox 1752 3591 1766 3605; x_wconf 89' lang='grc'><strong>·</strong></span> <span class='ocrx_word' id='word_1_494' title='bbox 1795 3575 1891 3640; x_wconf 81' lang='grc' dir='ltr'>οὓς</span> 
     </span>
    </p>
   </div>
   <div class='ocr_carea' id='block_1_70' title="bbox 289 3647 1886 3741">
    <p class='ocr_par' dir='ltr' id='par_1_70' title="bbox 289 3647 1886 3741">
     <span class='ocr_line' id='line_1_70' title="bbox 289 3647 1886 3741; baseline 0.001 -21"><span class='ocrx_word' id='word_1_495' title='bbox 289 3665 403 3720; x_wconf 75' lang='grc' dir='ltr'>καὶ</span> <span class='ocrx_word' id='word_1_496' title='bbox 425 3667 472 3699; x_wconf 78' lang='grc'><strong>³⁸</strong></span> <span class='ocrx_word' id='word_1_497' title='bbox 497 3667 705 3722; x_wconf 72' lang='grc' dir='ltr'>ἐκδικεί</span> <span class='ocrx_word' id='word_1_498' title='bbox 733 3668 763 3722; x_wconf 86' lang='grc' dir='ltr'><strong>ό</strong></span> <span class='ocrx_word' id='word_1_499' title='bbox 792 3669 1014 3740; x_wconf 75' lang='grc' dir='ltr'>γράψας</span> <span class='ocrx_word' id='word_1_500' title='bbox 1041 3667 1140 3740; x_wconf 81' lang='grc' dir='ltr'>τὴν</span> <span class='ocrx_word' id='word_1_501' title='bbox 1172 3668 1464 3740; x_wconf 68' lang='grc' dir='ltr'>επιστολὴν</span> <span class='ocrx_word' id='word_1_502' title='bbox 1488 3647 1637 3741; x_wconf 60' lang='grc' dir='ltr'>’μετὰ</span> <span class='ocrx_word' id='word_1_503' title='bbox 1660 3669 1763 3741; x_wconf 81' lang='grc' dir='ltr'>τῆς</span> <span class='ocrx_word' id='word_1_504' title='bbox 1786 3671 1886 3726; x_wconf 86' lang='grc' dir='ltr'><strong>αὺ-</strong></span> 
     </span>
    </p>
   </div>
   <div class='ocr_carea' id='block_1_71' title="bbox 288 3755 1886 3830">
    <p class='ocr_par' dir='ltr' id='par_1_71' title="bbox 288 3755 1886 3830">
     <span class='ocr_line' id='line_1_71' title="bbox 288 3755 1886 3830; baseline 0.001 -19"><span class='ocrx_word' id='word_1_505' title='bbox 288 3755 414 3811; x_wconf 80' lang='grc' dir='ltr'><strong>τῶν</strong></span> <span class='ocrx_word' id='word_1_506' title='bbox 447 3756 725 3822; x_wconf 78' lang='grc' dir='ltr'>ἀσεσείας.</span> <span class='ocrx_word' id='word_1_507' title='bbox 771 3758 1004 3814; x_wconf 70' lang='grc' dir='ltr'>Ἐκεῖνοι</span> <span class='ocrx_word' id='word_1_508' title='bbox 1055 3759 1167 3828; x_wconf 78' lang='grc' dir='ltr'>γὰρ</span> <span class='ocrx_word' id='word_1_509' title='bbox 1207 3759 1460 3830; x_wconf 84' lang='grc' dir='ltr'>φανερῶς</span> <span class='ocrx_word' id='word_1_510' title='bbox 1515 3757 1737 3827; x_wconf 81' lang='grc' dir='ltr'>λέγουσι</span> <span class='ocrx_word' id='word_1_511' title='bbox 1789 3757 1886 3812; x_wconf 90' lang='grc' dir='ltr'><strong>δύο</strong></span> 
     </span>
    </p>
   </div>
   <div class='ocr_carea' id='block_1_72' title="bbox 292 3845 1888 3921">
    <p class='ocr_par' dir='ltr' id='par_1_72' title="bbox 292 3845 1888 3921">
     <span class='ocr_line' id='line_1_72' title="bbox 292 3845 1888 3921; baseline 0 -17"><span class='ocrx_word' id='word_1_512' title='bbox 292 3848 576 3920; x_wconf 83' lang='grc' dir='ltr'>πρόσωπα</span> <span class='ocrx_word' id='word_1_513' title='bbox 609 3848 705 3902; x_wconf 85' lang='grc' dir='ltr'><strong>τοῦ</strong></span> <span class='ocrx_word' id='word_1_514' title='bbox 731 3847 869 3903; x_wconf 83' lang='grc' dir='ltr'>Θεοῦ</span> <span class='ocrx_word' id='word_1_515' title='bbox 889 3848 1068 3918; x_wconf 80' lang='grc' dir='ltr'>Λόγου</span> <span class='ocrx_word' id='word_1_516' title='bbox 1091 3848 1186 3902; x_wconf 77' lang='grc' dir='ltr'>καὶ</span> <span class='ocrx_word' id='word_1_517' title='bbox 1214 3845 1311 3902; x_wconf 89' lang='grc' dir='ltr'><strong>τοῦ</strong></span> <span class='ocrx_word' id='word_1_518' title='bbox 1349 3847 1618 3920; x_wconf 84' lang='grc' dir='ltr'>Χριστοῦ,</span> <span class='ocrx_word' id='word_1_519' title='bbox 1637 3846 1698 3902; x_wconf 82' lang='grc' dir='ltr'>ὃν</span> <span class='ocrx_word' id='word_1_520' title='bbox 1727 3848 1888 3921; x_wconf 77' lang='grc' dir='ltr'>ψιλὸν</span> 
     </span>
    </p>
   </div>
   <div class='ocr_carea' id='block_1_73' title="bbox 289 3938 1888 4013">
    <p class='ocr_par' dir='ltr' id='par_1_73' title="bbox 289 3938 1888 4013">
     <span class='ocr_line' id='line_1_73' title="bbox 289 3938 1888 4013; baseline -0.001 -16"><span class='ocrx_word' id='word_1_521' title='bbox 289 3941 592 4011; x_wconf 72' lang='grc' dir='ltr'>ἄνθρωπον</span> <span class='ocrx_word' id='word_1_522' title='bbox 618 3938 958 3996; x_wconf 82' lang='grc' dir='ltr'>ἀποκαλοῦσι</span> <span class='ocrx_word' id='word_1_523' title='bbox 985 3939 1128 3995; x_wconf 84' lang='grc' dir='ltr'>κατὰ</span> <span class='ocrx_word' id='word_1_524' title='bbox 1155 3941 1414 4013; x_wconf 78' lang='grc' dir='ltr'>σχετικὴν</span> <span class='ocrx_word' id='word_1_525' title='bbox 1440 3941 1762 4011; x_wconf 82' lang='grc' dir='ltr'>συνάφειαν,</span> <span class='ocrx_word' id='word_1_526' title='bbox 1793 3942 1888 3996; x_wconf 83' lang='grc' dir='ltr'>καὶ</span> 
     </span>
    </p>
   </div>
   <div class='ocr_carea' id='block_1_74' title="bbox 290 4030 1884 4104">
    <p class='ocr_par' dir='ltr' id='par_1_74' title="bbox 290 4030 1884 4104">
     <span class='ocr_line' id='line_1_74' title="bbox 290 4030 1884 4104; baseline 0.002 -20"><span class='ocrx_word' id='word_1_527' title='bbox 290 4031 402 4104; x_wconf 81' lang='grc' dir='ltr'>τὴν</span> <span class='ocrx_word' id='word_1_528' title='bbox 434 4030 608 4102; x_wconf 76' lang='grc' dir='ltr'>αὐτὴν</span> <span class='ocrx_word' id='word_1_529' title='bbox 659 4031 820 4098; x_wconf 77' lang='grc' dir='ltr'>ἀξίαν</span> <span class='ocrx_word' id='word_1_530' title='bbox 861 4048 924 4086; x_wconf 87' lang='grc' dir='ltr'><strong>τε</strong></span> <span class='ocrx_word' id='word_1_531' title='bbox 978 4030 1073 4087; x_wconf 77' lang='grc' dir='ltr'>καὶ</span> <span class='ocrx_word' id='word_1_532' title='bbox 1103 4031 1270 4104; x_wconf 81' lang='grc' dir='ltr'>τιμὴν</span> <span class='ocrx_word' id='word_1_533' title='bbox 1315 4031 1377 4086; x_wconf 81' lang='grc' dir='ltr'>ἓν</span> <span class='ocrx_word' id='word_1_534' title='bbox 1407 4031 1702 4104; x_wconf 82' lang='grc' dir='ltr'>πρόσωπον</span> <span class='ocrx_word' id='word_1_535' title='bbox 1750 4033 1884 4087; x_wconf 84' lang='grc' dir='ltr'>ἀνα-</span> 
     </span>
    </p>
   </div>
   <div class='ocr_carea' id='block_1_75' title="bbox 294 4112 1886 4198">
    <p class='ocr_par' dir='ltr' id='par_1_75' title="bbox 294 4112 1886 4198">
     <span class='ocr_line' id='line_1_75' title="bbox 294 4112 1886 4198; baseline 0 -17"><span class='ocrx_word' id='word_1_536' title='bbox 294 4126 595 4198; x_wconf 78' lang='grc' dir='ltr'>φαίνεσθαι</span> <span class='ocrx_word' id='word_1_537' title='bbox 623 4126 670 4159; x_wconf 87' lang='grc'>³⁷</span> <span class='ocrx_word' id='word_1_538' title='bbox 721 4125 996 4196; x_wconf 83' lang='grc' dir='ltr'>λέγουσιν.</span> <span class='ocrx_word' id='word_1_539' title='bbox 1057 4124 1220 4180; x_wconf 81' lang='grc' dir='ltr'>Ἀλλὰ</span> <span class='ocrx_word' id='word_1_540' title='bbox 1270 4125 1368 4180; x_wconf 76' lang='grc' dir='ltr'><strong>καὶ</strong></span> <span class='ocrx_word' id='word_1_541' title='bbox 1402 4125 1513 4180; x_wconf 84' lang='grc' dir='ltr'>τῶν</span> <span class='ocrx_word' id='word_1_542' title='bbox 1543 4123 1640 4180; x_wconf 92' lang='grc' dir='ltr'><strong>δύο</strong></span> <span class='ocrx_word' id='word_1_543' title='bbox 1667 4112 1886 4196; x_wconf 84' lang='grc' dir='ltr'>φύσεων</span> 
     </span>
    </p>
   </div>
   <div class='ocr_carea' id='block_1_76' title="bbox 293 4215 1884 4296">
    <p class='ocr_par' dir='ltr' id='par_1_76' title="bbox 293 4215 1884 4296">
     <span class='ocr_line' id='line_1_76' title="bbox 293 4215 1884 4296; baseline 0 -23"><span class='ocrx_word' id='word_1_544' title='bbox 293 4219 435 4291; x_wconf 85' lang='grc' dir='ltr'>μίαν</span> <span class='ocrx_word' id='word_1_545' title='bbox 467 4218 700 4290; x_wconf 81' lang='grc' dir='ltr'>δύναμιν</span> <span class='ocrx_word' id='word_1_546' title='bbox 737 4217 859 4290; x_wconf 76' lang='grc' dir='ltr'>ἦτοι</span> <span class='ocrx_word' id='word_1_547' title='bbox 902 4216 1228 4272; x_wconf 80' lang='grc' dir='ltr'>δυναστείαν</span> <span class='ocrx_word' id='word_1_548' title='bbox 1259 4215 1438 4296; x_wconf 74' lang='grc' dir='ltr'>λέγων</span> <span class='ocrx_word' id='word_1_549' title='bbox 1460 4219 1490 4272; x_wconf 87' lang='grc' dir='ltr'><strong>ό</strong></span> <span class='ocrx_word' id='word_1_550' title='bbox 1525 4216 1749 4289; x_wconf 77' lang='grc' dir='ltr'>γράψας</span> <span class='ocrx_word' id='word_1_551' title='bbox 1782 4218 1884 4290; x_wconf 80' lang='grc' dir='ltr'>τὴν</span> 
     </span>
    </p>
   </div>
   <div class='ocr_carea' id='block_1_77' title="bbox 290 4307 1882 4381">
    <p class='ocr_par' dir='ltr' id='par_1_77' title="bbox 290 4307 1882 4381">
     <span class='ocr_line' id='line_1_77' title="bbox 290 4307 1882 4381; baseline -0.001 -16"><span class='ocrx_word' id='word_1_552' title='bbox 290 4311 595 4381; x_wconf 73' lang='grc' dir='ltr'>ἐπιστολὴν</span> <span class='ocrx_word' id='word_1_553' title='bbox 624 4307 858 4380; x_wconf 85' lang='grc' dir='ltr'>φανερός</span> <span class='ocrx_word' id='word_1_554' title='bbox 887 4307 935 4341; x_wconf 86' lang='grc'><strong><em>³³</em></strong></span> <span class='ocrx_word' id='word_1_555' title='bbox 965 4308 1115 4362; x_wconf 73' lang='grc' dir='ltr'>ἐστιν</span> <span class='ocrx_word' id='word_1_556' title='bbox 1147 4307 1225 4373; x_wconf 87' lang='grc' dir='ltr'>ὡς</span> <span class='ocrx_word' id='word_1_557' title='bbox 1247 4311 1340 4362; x_wconf 80' lang='grc' dir='ltr'>καὶ</span> <span class='ocrx_word' id='word_1_558' title='bbox 1369 4311 1427 4364; x_wconf 75' lang='grc' dir='ltr'>ὲν</span> <span class='ocrx_word' id='word_1_559' title='bbox 1451 4307 1628 4381; x_wconf 83' lang='grc' dir='ltr'>τούτῳ</span> <span class='ocrx_word' id='word_1_560' title='bbox 1651 4307 1882 4364; x_wconf 85' lang='grc' dir='ltr'>ἀκολου-</span> 
     </span>
    </p>
   </div>
   <div class='ocr_carea' id='block_1_78' title="bbox 291 4401 1883 4476">
    <p class='ocr_par' dir='ltr' id='par_1_78' title="bbox 291 4401 1883 4476">
     <span class='ocr_line' id='line_1_78' title="bbox 291 4401 1883 4476; baseline 0 -17"><span class='ocrx_word' id='word_1_561' title='bbox 291 4405 388 4460; x_wconf 78' lang='grc' dir='ltr'><strong>θεῖ</strong></span> <span class='ocrx_word' id='word_1_562' title='bbox 413 4407 523 4470; x_wconf 80' lang='grc' dir='ltr'>τοῖς</span> <span class='ocrx_word' id='word_1_563' title='bbox 548 4405 860 4476; x_wconf 78' lang='grc' dir='ltr'>είρημένοις</span> <span class='ocrx_word' id='word_1_564' title='bbox 891 4405 1223 4476; x_wconf 61' lang='grc' dir='ltr'>αίρετικοίς,</span> <span class='ocrx_word' id='word_1_565' title='bbox 1245 4401 1510 4475; x_wconf 84' lang='grc' dir='ltr'>Θεοδώρῳ</span> <span class='ocrx_word' id='word_1_566' title='bbox 1541 4402 1642 4476; x_wconf 75' lang='grc' dir='ltr'>μιν</span> <span class='ocrx_word' id='word_1_567' title='bbox 1669 4403 1883 4474; x_wconf 84' lang='grc' dir='ltr'>λέγοντι</span> 
     </span>
    </p>
   </div>
   <div class='ocr_carea' id='block_1_79' title="bbox 287 4491 1883 4568">
    <p class='ocr_par' dir='ltr' id='par_1_79' title="bbox 287 4491 1883 4568">
     <span class='ocr_line' id='line_1_79' title="bbox 287 4491 1883 4568; baseline 0 -20"><span class='ocrx_word' id='word_1_568' title='bbox 287 4497 357 4548; x_wconf 72' lang='grc' dir='ltr'><strong>ἀν</strong></span> <span class='ocrx_word' id='word_1_569' title='bbox 388 4496 500 4558; x_wconf 82' lang='grc' dir='ltr'>τοῖς</span> <span class='ocrx_word' id='word_1_570' title='bbox 535 4498 665 4563; x_wconf 80' lang='grc' dir='ltr'>περὶ</span> <span class='ocrx_word' id='word_1_571' title='bbox 693 4491 1166 4565; x_wconf 77' lang='grc' dir='ltr'>ὲνανθρωπὴσεως</span> <span class='ocrx_word' id='word_1_572' title='bbox 1194 4492 1240 4525; x_wconf 80' lang='grc'><strong>³⁸</strong></span> <span class='ocrx_word' id='word_1_573' title='bbox 1274 4493 1444 4549; x_wconf 69' lang='grc' dir='ltr'>αὑτοῦ</span> <span class='ocrx_word' id='word_1_574' title='bbox 1472 4493 1756 4568; x_wconf 81' lang='grc' dir='ltr'>διαφόροις</span> <span class='ocrx_word' id='word_1_575' title='bbox 1792 4494 1883 4548; x_wconf 86' lang='grc' dir='ltr'>λό-</span> 
     </span>
    </p>
   </div>
   <div class='ocr_carea' id='block_1_80' title="bbox 287 4583 1885 4659">
    <p class='ocr_par' dir='ltr' id='par_1_80' title="bbox 287 4583 1885 4659">
     <span class='ocr_line' id='line_1_80' title="bbox 287 4583 1885 4659; baseline 0.002 -20"><span class='ocrx_word' id='word_1_576' title='bbox 287 4602 418 4657; x_wconf 86' lang='grc' dir='ltr'>γοις</span> <span class='ocrx_word' id='word_1_577' title='bbox 441 4585 656 4651; x_wconf 75' lang='grc' dir='ltr'>ἀσεϐῶς</span> <span class='ocrx_word' id='word_1_578' title='bbox 682 4583 1012 4649; x_wconf 75' lang='grc' dir='ltr'>ἐκτεθεῖσιν,</span> <span class='ocrx_word' id='word_1_579' title='bbox 1034 4585 1318 4659; x_wconf 81' lang='grc' dir='ltr'>Νεστορίῳ</span> <span class='ocrx_word' id='word_1_580' title='bbox 1337 4585 1393 4640; x_wconf 76' lang='grc' dir='ltr'>δὲ</span> <span class='ocrx_word' id='word_1_581' title='bbox 1418 4586 1478 4639; x_wconf 71' lang='grc' dir='ltr'>ὲν</span> <span class='ocrx_word' id='word_1_582' title='bbox 1503 4585 1722 4652; x_wconf 76' lang='grc' dir='ltr'>πολλοῖς</span> <span class='ocrx_word' id='word_1_583' title='bbox 1750 4603 1885 4656; x_wconf 88' lang='grc' dir='ltr'>συγ-</span> 
     </span>
    </p>
   </div>
   <div class='ocr_carea' id='block_1_81' title="bbox 287 4676 1886 4752">
    <p class='ocr_par' dir='ltr' id='par_1_81' title="bbox 287 4676 1886 4752">
     <span class='ocr_line' id='line_1_81' title="bbox 287 4676 1886 4752; baseline 0 -20"><span class='ocrx_word' id='word_1_584' title='bbox 287 4677 614 4750; x_wconf 79' lang='grc' dir='ltr'>γράμμασι,</span> <span class='ocrx_word' id='word_1_585' title='bbox 651 4676 890 4748; x_wconf 86' lang='grc' dir='ltr'>μάλιστα</span> <span class='ocrx_word' id='word_1_586' title='bbox 909 4676 968 4732; x_wconf 76' lang='grc' dir='ltr'>δὲ</span> <span class='ocrx_word' id='word_1_587' title='bbox 997 4677 1056 4730; x_wconf 78' lang='grc' dir='ltr'><strong>ὲν</strong></span> <span class='ocrx_word' id='word_1_588' title='bbox 1083 4678 1150 4750; x_wconf 77' lang='grc' dir='ltr'>τῇ</span> <span class='ocrx_word' id='word_1_589' title='bbox 1192 4676 1456 4749; x_wconf 67' lang='grc' dir='ltr'>επιστολῇ</span> <span class='ocrx_word' id='word_1_590' title='bbox 1509 4681 1574 4750; x_wconf 82' lang='grc' dir='ltr'><strong>τῇ</strong></span> <span class='ocrx_word' id='word_1_591' title='bbox 1611 4680 1886 4752; x_wconf 80' lang='grc' dir='ltr'>γραφείσῃ</span> 
     </span>
    </p>
   </div>
   <div class='ocr_carea' id='block_1_82' title="bbox 285 4766 1886 4842">
    <p class='ocr_par' dir='ltr' id='par_1_82' title="bbox 285 4766 1886 4842">
     <span class='ocr_line' id='line_1_82' title="bbox 285 4766 1886 4842; baseline 0 -18"><span class='ocrx_word' id='word_1_592' title='bbox 285 4769 435 4842; x_wconf 69' lang='grc' dir='ltr'>πρὸς</span> <span class='ocrx_word' id='word_1_593' title='bbox 449 4766 615 4842; x_wconf 63' lang='lat'><strong>3“</strong></span> <span class='ocrx_word' id='word_1_594' title='bbox 640 4767 990 4840; x_wconf 77' lang='grc' dir='ltr'>Ἀλέξανδρον</span> <span class='ocrx_word' id='word_1_595' title='bbox 1017 4767 1110 4822; x_wconf 79' lang='grc' dir='ltr'>τὸν</span> <span class='ocrx_word' id='word_1_596' title='bbox 1124 4768 1399 4840; x_wconf 72' lang='grc' dir='ltr'>αἱρετικὸν</span> <span class='ocrx_word' id='word_1_597' title='bbox 1413 4769 1459 4802; x_wconf 78' lang='grc'>⁸⁸</span> <span class='ocrx_word' id='word_1_598' title='bbox 1497 4767 1564 4824; x_wconf 82' lang='grc' dir='ltr'>Ἰε</span> <span class='ocrx_word' id='word_1_599' title='bbox 1572 4769 1886 4842; x_wconf 85' lang='grc' dir='ltr'>ραπολίτην,</span> 
     </span>
    </p>
   </div>
   <div class='ocr_carea' id='block_1_83' title="bbox 284 4861 1890 4934">
    <p class='ocr_par' dir='ltr' id='par_1_83' title="bbox 284 4861 1890 4934">
     <span class='ocr_line' id='line_1_83' title="bbox 284 4861 1890 4934; baseline -0.002 -13"><span class='ocrx_word' id='word_1_600' title='bbox 284 4868 384 4921; x_wconf 77' lang='grc' dir='ltr'>ὅτι</span> <span class='ocrx_word' id='word_1_601' title='bbox 423 4863 535 4921; x_wconf 80' lang='grc' dir='ltr'><strong>τῶν</strong></span> <span class='ocrx_word' id='word_1_602' title='bbox 562 4863 660 4920; x_wconf 88' lang='grc' dir='ltr'><strong>δύο</strong></span> <span class='ocrx_word' id='word_1_603' title='bbox 686 4863 904 4934; x_wconf 81' lang='grc' dir='ltr'>φύσεων</span> <span class='ocrx_word' id='word_1_604' title='bbox 941 4861 1044 4933; x_wconf 84' lang='grc' dir='ltr'><strong>μία</strong></span> <span class='ocrx_word' id='word_1_605' title='bbox 1072 4861 1224 4917; x_wconf 72' lang='grc' dir='ltr'>ἐστὶν</span> <span class='ocrx_word' id='word_1_606' title='bbox 1249 4861 1511 4917; x_wconf 77' lang='grc' dir='ltr'>αὐθεντία</span> <span class='ocrx_word' id='word_1_607' title='bbox 1535 4863 1632 4917; x_wconf 83' lang='grc' dir='ltr'>καὶ</span> <span class='ocrx_word' id='word_1_608' title='bbox 1666 4862 1768 4932; x_wconf 87' lang='grc' dir='ltr'><strong>μία</strong></span> <span class='ocrx_word' id='word_1_609' title='bbox 1795 4862 1890 4917; x_wconf 77' lang='grc' dir='ltr'>δύο</span> 
     </span>
    </p>
   </div>
   <div class='ocr_carea' id='block_1_84' title="bbox 288 4949 1886 5027">
    <p class='ocr_par' dir='ltr' id='par_1_84' title="bbox 288 4949 1886 5027">
     <span class='ocr_line' id='line_1_84' title="bbox 288 4949 1886 5027; baseline -0.006 -14"><span class='ocrx_word' id='word_1_610' title='bbox 288 4972 465 5026; x_wconf 83' lang='grc' dir='ltr'>ναμις</span> <span class='ocrx_word' id='word_1_611' title='bbox 505 4955 628 5027; x_wconf 74' lang='grc' dir='ltr'>ἢτοι</span> <span class='ocrx_word' id='word_1_612' title='bbox 656 4951 969 5010; x_wconf 69' lang='grc' dir='ltr'>δυναστεία</span> <span class='ocrx_word' id='word_1_613' title='bbox 1017 4951 1114 5007; x_wconf 77' lang='grc' dir='ltr'>καὶ</span> <span class='ocrx_word' id='word_1_614' title='bbox 1143 4949 1204 5004; x_wconf 76' lang='grc' dir='ltr'>ἓν</span> <span class='ocrx_word' id='word_1_615' title='bbox 1236 4951 1533 5024; x_wconf 85' lang='grc' dir='ltr'>πρόσωπον</span> <span class='ocrx_word' id='word_1_616' title='bbox 1563 4953 1708 5006; x_wconf 87' lang='grc' dir='ltr'><strong>κατά</strong></span> <span class='ocrx_word' id='word_1_617' title='bbox 1753 4951 1886 5023; x_wconf 82' lang='grc' dir='ltr'>μίαν</span> 
     </span>
    </p>
   </div>
   <div class='ocr_carea' id='block_1_85' title="bbox 287 5035 1884 5117">
    <p class='ocr_par' dir='ltr' id='par_1_85' title="bbox 287 5035 1884 5117">
     <span class='ocr_line' id='line_1_85' title="bbox 287 5035 1884 5117; baseline -0.003 -15"><span class='ocrx_word' id='word_1_618' title='bbox 287 5042 457 5114; x_wconf 75' lang='grc' dir='ltr'>ἀξίαν</span> <span class='ocrx_word' id='word_1_619' title='bbox 483 5045 580 5100; x_wconf 73' lang='grc' dir='ltr'>καὶ</span> <span class='ocrx_word' id='word_1_620' title='bbox 599 5043 703 5116; x_wconf 73' lang='grc' dir='ltr'><strong>τὴν</strong></span> <span class='ocrx_word' id='word_1_621' title='bbox 728 5041 904 5117; x_wconf 59' lang='grc' dir='ltr'>αὐτην</span> <span class='ocrx_word' id='word_1_622' title='bbox 925 5044 1115 5116; x_wconf 83' lang='grc' dir='ltr'>τιμήν.</span> <span class='ocrx_word' id='word_1_623' title='bbox 1173 5042 1294 5113; x_wconf 79' lang='grc' dir='ltr'><strong>’Δφ’</strong></span> <span class='ocrx_word' id='word_1_624' title='bbox 1319 5035 1397 5098; x_wconf 82' lang='grc' dir='ltr'>ὧν</span> <span class='ocrx_word' id='word_1_625' title='bbox 1436 5043 1830 5099; x_wconf 85' lang='grc' dir='ltr'>ἀποδείκνυται</span> <span class='ocrx_word' id='word_1_626' title='bbox 1853 5045 1884 5098; x_wconf 90' lang='grc' dir='ltr'><strong>ό</strong></span> 
     </span>
    </p>
   </div>
   <div class='ocr_carea' id='block_1_86' title="bbox 285 5133 1883 5210">
    <p class='ocr_par' dir='ltr' id='par_1_86' title="bbox 285 5133 1883 5210">
     <span class='ocr_line' id='line_1_86' title="bbox 285 5133 1883 5210; baseline -0.002 -19"><span class='ocrx_word' id='word_1_627' title='bbox 285 5138 396 5210; x_wconf 81' lang='grc' dir='ltr'>τὴν</span> <span class='ocrx_word' id='word_1_628' title='bbox 414 5135 707 5205; x_wconf 77' lang='grc' dir='ltr'>επιστολὴν</span> <span class='ocrx_word' id='word_1_629' title='bbox 734 5133 958 5208; x_wconf 78' lang='grc' dir='ltr'>γράψας</span> <span class='ocrx_word' id='word_1_630' title='bbox 987 5133 1131 5189; x_wconf 85' lang='grc' dir='ltr'><strong>κατά</strong></span> <span class='ocrx_word' id='word_1_631' title='bbox 1152 5134 1253 5206; x_wconf 74' lang='grc' dir='ltr'>τὴν</span> <span class='ocrx_word' id='word_1_632' title='bbox 1292 5133 1522 5197; x_wconf 73' lang='grc' dir='ltr'>ἐκείνων</span> <span class='ocrx_word' id='word_1_633' title='bbox 1550 5134 1883 5200; x_wconf 82' lang='grc' dir='ltr'>κακοδοξίαν</span> 
     </span>
    </p>
   </div>
   <div class='ocr_carea' id='block_1_87' title="bbox 287 5224 1878 5301">
    <p class='ocr_par' dir='ltr' id='par_1_87' title="bbox 287 5224 1878 5301">
     <span class='ocr_line' id='line_1_87' title="bbox 287 5224 1878 5301; baseline -0.003 -16"><span class='ocrx_word' id='word_1_634' title='bbox 287 5231 422 5286; x_wconf 83' lang='grc' dir='ltr'>ἀντὶ</span> <span class='ocrx_word' id='word_1_635' title='bbox 449 5227 764 5301; x_wconf 75' lang='grc' dir='ltr'>προσώπων</span> <span class='ocrx_word' id='word_1_636' title='bbox 784 5227 855 5300; x_wconf 78' lang='grc' dir='ltr'>τῇ</span> <span class='ocrx_word' id='word_1_637' title='bbox 889 5225 1003 5281; x_wconf 84' lang='grc' dir='ltr'><strong>τῶν</strong></span> <span class='ocrx_word' id='word_1_638' title='bbox 1034 5224 1626 5300; x_wconf 62' lang='grc' dir='ltr'>φύσεωνιπροσηγορίᾳ</span> <span class='ocrx_word' id='word_1_639' title='bbox 1659 5227 1878 5299; x_wconf 81' lang='grc' dir='ltr'>χρησά-</span> 
     </span>
    </p>
   </div>
   <div class='ocr_carea' id='block_1_88' title="bbox 290 5315 1880 5395">
    <p class='ocr_par' dir='ltr' id='par_1_88' title="bbox 290 5315 1880 5395">
     <span class='ocr_line' id='line_1_88' title="bbox 290 5315 1880 5395; baseline 0 -19"><span class='ocrx_word' id='word_1_640' title='bbox 290 5337 482 5395; x_wconf 84' lang='grc' dir='ltr'>μενος.</span> <span class='ocrx_word' id='word_1_641' title='bbox 514 5319 633 5376; x_wconf 81' lang='grc' dir='ltr'>Μία</span> <span class='ocrx_word' id='word_1_642' title='bbox 661 5319 772 5392; x_wconf 73' lang='grc' dir='ltr'>γὰρ</span> <span class='ocrx_word' id='word_1_643' title='bbox 795 5315 1059 5374; x_wconf 81' lang='grc' dir='ltr'>αύθεντία</span> <span class='ocrx_word' id='word_1_644' title='bbox 1088 5319 1184 5392; x_wconf 54' lang='grc' dir='ltr'>καὶ</span> <span class='ocrx_word' id='word_1_645' title='bbox 1235 5318 1336 5391; x_wconf 87' lang='grc' dir='ltr'><strong>μία</strong></span> <span class='ocrx_word' id='word_1_646' title='bbox 1370 5318 1604 5391; x_wconf 83' lang='grc' dir='ltr'>δύναμις</span> <span class='ocrx_word' id='word_1_647' title='bbox 1629 5319 1754 5390; x_wconf 67' lang='grc' dir='ltr'>ἦτοι</span> <span class='ocrx_word' id='word_1_648' title='bbox 1783 5316 1880 5377; x_wconf 78' lang='grc' dir='ltr'>δῦ-</span> 
     </span>
    </p>
   </div>
   <div class='ocr_carea' id='block_1_89' title="bbox 1991 3379 3584 3455">
    <p class='ocr_par' dir='ltr' id='par_1_89' title="bbox 1991 3379 3584 3455">
     <span class='ocr_line' id='line_1_89' title="bbox 1991 3379 3584 3455; baseline 0.005 -22"><span class='ocrx_word' id='word_1_649' title='bbox 1991 3387 2182 3433; x_wconf 89' lang='lat' dir='ltr'><strong>natum</strong></span> <span class='ocrx_word' id='word_1_650' title='bbox 2209 3394 2331 3435; x_wconf 84' lang='lat' dir='ltr'><strong>esse</strong></span> <span class='ocrx_word' id='word_1_651' title='bbox 2375 3395 2441 3434; x_wconf 75' lang='lat' dir='ltr'><strong>ex</strong></span> <span class='ocrx_word' id='word_1_652' title='bbox 2473 3379 2630 3450; x_wconf 86' lang='lat' dir='ltr'><strong>ipsa?</strong></span> <span class='ocrx_word' id='word_1_653' title='bbox 2660 3379 2770 3438; x_wconf 87' lang='lat' dir='ltr'><strong>Sed</strong></span> <span class='ocrx_word' id='word_1_654' title='bbox 2815 3391 3024 3438; x_wconf 86' lang='lat' dir='ltr'><strong>certum</strong></span> <span class='ocrx_word' id='word_1_655' title='bbox 3074 3395 3158 3440; x_wconf 90' lang='lat' dir='ltr'><strong>est</strong></span> <span class='ocrx_word' id='word_1_656' title='bbox 3192 3386 3334 3455; x_wconf 90' lang='lat' dir='ltr'><strong>quod</strong></span> <span class='ocrx_word' id='word_1_657' title='bbox 3366 3385 3584 3442; x_wconf 88' lang='lat' dir='ltr'><strong>unicui-</strong></span> 
     </span>
    </p>
   </div>
   <div class='ocr_carea' id='block_1_90' title="bbox 1989 3476 3583 3544">
    <p class='ocr_par' dir='ltr' id='par_1_90' title="bbox 1989 3476 3583 3544">
     <span class='ocr_line' id='line_1_90' title="bbox 1989 3476 3583 3544; baseline 0.006 -19"><span class='ocrx_word' id='word_1_658' title='bbox 1989 3486 2098 3542; x_wconf 86' lang='lat' dir='ltr'><strong>que</strong></span> <span class='ocrx_word' id='word_1_659' title='bbox 2131 3480 2344 3527; x_wconf 71' lang='lat' dir='ltr'><strong>natura:</strong></span> <span class='ocrx_word' id='word_1_660' title='bbox 2378 3487 2534 3528; x_wconf 86' lang='lat' dir='ltr'><strong>suam</strong></span> <span class='ocrx_word' id='word_1_661' title='bbox 2577 3489 2871 3544; x_wconf 82' lang='lat' dir='ltr'><strong>personam</strong></span> <span class='ocrx_word' id='word_1_662' title='bbox 2917 3476 3187 3544; x_wconf 82' lang='lat' dir='ltr'><strong>attribuit,</strong></span> <span class='ocrx_word' id='word_1_663' title='bbox 3214 3477 3359 3533; x_wconf 88' lang='lat' dir='ltr'><strong>sicut</strong></span> <span class='ocrx_word' id='word_1_664' title='bbox 3396 3477 3583 3534; x_wconf 83' lang='lat' dir='ltr'><strong>Theo-</strong></span> 
     </span>
    </p>
   </div>
   <div class='ocr_carea' id='block_1_91' title="bbox 1990 3563 3585 3640">
    <p class='ocr_par' dir='ltr' id='par_1_91' title="bbox 1990 3563 3585 3640">
     <span class='ocr_line' id='line_1_91' title="bbox 1990 3563 3585 3640; baseline 0.004 -20"><span class='ocrx_word' id='word_1_665' title='bbox 1990 3563 2158 3620; x_wconf 90' lang='lat' dir='ltr'><strong>dorus</strong></span> <span class='ocrx_word' id='word_1_666' title='bbox 2203 3573 2258 3619; x_wconf 89' lang='lat' dir='ltr'><strong>et</strong></span> <span class='ocrx_word' id='word_1_667' title='bbox 2314 3563 2600 3622; x_wconf 82' lang='lat' dir='ltr'><strong>Nestorius</strong></span> <span class='ocrx_word' id='word_1_668' title='bbox 2656 3565 2712 3621; x_wconf 91' lang='lat' dir='ltr'><strong>in</strong></span> <span class='ocrx_word' id='word_1_669' title='bbox 2755 3567 2871 3623; x_wconf 87' lang='lat' dir='ltr'><strong>suis</strong></span> <span class='ocrx_word' id='word_1_670' title='bbox 2930 3567 3087 3625; x_wconf 88' lang='lat' dir='ltr'><strong>libris</strong></span> <span class='ocrx_word' id='word_1_671' title='bbox 3137 3569 3585 3640; x_wconf 82' lang='lat' dir='ltr'><strong>blasphemantes</strong></span> 
     </span>
    </p>
   </div>
   <div class='ocr_carea' id='block_1_92' title="bbox 1990 3659 3585 3732">
    <p class='ocr_par' dir='ltr' id='par_1_92' title="bbox 1990 3659 3585 3732">
     <span class='ocr_line' id='line_1_92' title="bbox 1990 3659 3585 3732; baseline 0.005 -22"><span class='ocrx_word' id='word_1_672' title='bbox 1990 3665 2385 3727; x_wconf 72' lang='lat' dir='ltr'><strong>exposuerunt,</strong></span> <span class='ocrx_word' id='word_1_673' title='bbox 2433 3672 2574 3728; x_wconf 89' lang='lat' dir='ltr'><strong>quos</strong></span> <span class='ocrx_word' id='word_1_674' title='bbox 2625 3659 2869 3715; x_wconf 80' lang='lat' dir='ltr'><strong>defendit</strong></span> <span class='ocrx_word' id='word_1_675' title='bbox 2915 3660 3152 3732; x_wconf 86' lang='lat' dir='ltr'><strong>scriptor</strong></span> <span class='ocrx_word' id='word_1_676' title='bbox 3181 3661 3429 3732; x_wconf 57' lang='lat' dir='ltr'><strong>epistola</strong></span> <span class='ocrx_word' id='word_1_677' title='bbox 3456 3677 3585 3718; x_wconf 85' lang='lat' dir='ltr'><strong>eum</strong></span> 
     </span>
    </p>
   </div>
   <div class='ocr_carea' id='block_1_93' title="bbox 1989 3749 3585 3828">
    <p class='ocr_par' dir='ltr' id='par_1_93' title="bbox 1989 3749 3585 3828">
     <span class='ocr_line' id='line_1_93' title="bbox 1989 3749 3585 3828; baseline 0.005 -23"><span class='ocrx_word' id='word_1_678' title='bbox 1989 3762 2179 3805; x_wconf 88' lang='lat' dir='ltr'><strong>eorum</strong></span> <span class='ocrx_word' id='word_1_679' title='bbox 2199 3749 2501 3820; x_wconf 78' lang='lat' dir='ltr'><strong>impietate.</strong></span> <span class='ocrx_word' id='word_1_680' title='bbox 2531 3750 2615 3807; x_wconf 84' lang='lat' dir='ltr'><strong>Illi</strong></span> <span class='ocrx_word' id='word_1_681' title='bbox 2641 3754 2790 3809; x_wconf 88' lang='lat' dir='ltr'><strong>enim</strong></span> <span class='ocrx_word' id='word_1_682' title='bbox 2817 3763 3008 3824; x_wconf 86' lang='lat' dir='ltr'><strong>aperte</strong></span> <span class='ocrx_word' id='word_1_683' title='bbox 3029 3754 3276 3811; x_wconf 81' lang='lat' dir='ltr'><strong>dicentes</strong></span> <span class='ocrx_word' id='word_1_684' title='bbox 3296 3755 3435 3813; x_wconf 88' lang='lat' dir='ltr'><strong>duas</strong></span> <span class='ocrx_word' id='word_1_685' title='bbox 3455 3772 3585 3828; x_wconf 88' lang='lat' dir='ltr'><strong>per-</strong></span> 
     </span>
    </p>
   </div>
   <div class='ocr_carea' id='block_1_94' title="bbox 1989 3839 3585 3918">
    <p class='ocr_par' dir='ltr' id='par_1_94' title="bbox 1989 3839 3585 3918">
     <span class='ocr_line' id='line_1_94' title="bbox 1989 3839 3585 3918; baseline 0.004 -21"><span class='ocrx_word' id='word_1_686' title='bbox 1989 3855 2152 3897; x_wconf 85' lang='lat' dir='ltr'><strong>sonas</strong></span> <span class='ocrx_word' id='word_1_687' title='bbox 2183 3839 2278 3897; x_wconf 90' lang='lat' dir='ltr'><strong>Dei</strong></span> <span class='ocrx_word' id='word_1_688' title='bbox 2302 3841 2490 3908; x_wconf 82' lang='lat' dir='ltr'><strong>Verbi,</strong></span> <span class='ocrx_word' id='word_1_689' title='bbox 2521 3852 2578 3899; x_wconf 86' lang='lat' dir='ltr'><strong>et</strong></span> <span class='ocrx_word' id='word_1_690' title='bbox 2604 3843 2830 3911; x_wconf 79' lang='lat' dir='ltr'><strong>Christi,</strong></span> <span class='ocrx_word' id='word_1_691' title='bbox 2858 3860 3025 3916; x_wconf 88' lang='lat' dir='ltr'><strong>quem</strong></span> <span class='ocrx_word' id='word_1_692' title='bbox 3069 3862 3265 3918; x_wconf 88' lang='lat' dir='ltr'><strong>purum</strong></span> <span class='ocrx_word' id='word_1_693' title='bbox 3299 3847 3585 3907; x_wconf 85' lang='lat' dir='ltr'><strong>hominem</strong></span> 
     </span>
    </p>
   </div>
   <div class='ocr_carea' id='block_1_95' title="bbox 1987 3935 3587 4012">
    <p class='ocr_par' dir='ltr' id='par_1_95' title="bbox 1987 3935 3587 4012">
     <span class='ocr_line' id='line_1_95' title="bbox 1987 3935 3587 4012; baseline 0.005 -22"><span class='ocrx_word' id='word_1_694' title='bbox 1987 3941 2210 4012; x_wconf 84' lang='lat' dir='ltr'><strong>vocant,</strong></span> <span class='ocrx_word' id='word_1_695' title='bbox 2238 3948 2338 4006; x_wconf 89' lang='lat' dir='ltr'><strong>per</strong></span> <span class='ocrx_word' id='word_1_696' title='bbox 2361 3935 2706 3999; x_wconf 62' lang='lat' dir='ltr'><strong>aﬂectualem</strong></span> <span class='ocrx_word' id='word_1_697' title='bbox 2733 3939 3203 4007; x_wconf 77' lang='lat' dir='ltr'><strong>coniunctionem,</strong></span> <span class='ocrx_word' id='word_1_698' title='bbox 3234 3949 3291 3997; x_wconf 86' lang='lat' dir='ltr'><strong>et</strong></span> <span class='ocrx_word' id='word_1_699' title='bbox 3316 3956 3415 4012; x_wconf 87' lang='lat' dir='ltr'><strong>per</strong></span> <span class='ocrx_word' id='word_1_700' title='bbox 3435 3956 3587 3998; x_wconf 81' lang='lat' dir='ltr'><strong>eam-</strong></span> 
     </span>
    </p>
   </div>
   <div class='ocr_carea' id='block_1_96' title="bbox 1988 4006 3582 4106">
    <p class='ocr_par' dir='ltr' id='par_1_96' title="bbox 1988 4006 3582 4106">
     <span class='ocr_line' id='line_1_96' title="bbox 1988 4006 3582 4106; baseline 0.003 -22"><span class='ocrx_word' id='word_1_701' title='bbox 1988 4027 2113 4084; x_wconf 87' lang='lat' dir='ltr'><strong>dem</strong></span> <span class='ocrx_word' id='word_1_702' title='bbox 2145 4006 2467 4098; x_wconf 70' lang='lat' dir='ltr'><strong>dignitatem</strong></span> <span class='ocrx_word' id='word_1_703' title='bbox 2517 4037 2576 4086; x_wconf 90' lang='lat' dir='ltr'><strong>et</strong></span> <span class='ocrx_word' id='word_1_704' title='bbox 2629 4006 2896 4087; x_wconf 86' lang='lat' dir='ltr'><strong>honorem</strong></span> <span class='ocrx_word' id='word_1_705' title='bbox 2949 4037 3115 4089; x_wconf 85' lang='lat' dir='ltr'><strong>unam</strong></span> <span class='ocrx_word' id='word_1_706' title='bbox 3155 4006 3449 4105; x_wconf 74' lang='lat' dir='ltr'><strong>personam</strong></span> <span class='ocrx_word' id='word_1_707' title='bbox 3480 4050 3582 4106; x_wconf 91' lang='lat' dir='ltr'><strong>ap-</strong></span> 
     </span>
    </p>
   </div>
   <div class='ocr_carea' id='block_1_97' title="bbox 1988 4121 3584 4190">
    <p class='ocr_par' dir='ltr' id='par_1_97' title="bbox 1988 4121 3584 4190">
     <span class='ocr_line' id='line_1_97' title="bbox 1988 4121 3584 4190; baseline 0.004 -15"><span class='ocrx_word' id='word_1_708' title='bbox 1988 4134 2181 4190; x_wconf 85' lang='lat' dir='ltr'><strong>parere</strong></span> <span class='ocrx_word' id='word_1_709' title='bbox 2234 4121 2471 4177; x_wconf 87' lang='lat' dir='ltr'><strong>dicunt:</strong></span> <span class='ocrx_word' id='word_1_710' title='bbox 2505 4121 2603 4178; x_wconf 85' lang='lat' dir='ltr'><strong>sed</strong></span> <span class='ocrx_word' id='word_1_711' title='bbox 2656 4129 2713 4178; x_wconf 88' lang='lat' dir='ltr'><strong>et</strong></span> <span class='ocrx_word' id='word_1_712' title='bbox 2740 4122 2974 4179; x_wconf 86' lang='lat' dir='ltr'><strong>duarum</strong></span> <span class='ocrx_word' id='word_1_713' title='bbox 3038 4132 3360 4181; x_wconf 88' lang='lat' dir='ltr'><strong>naturarum</strong></span> <span class='ocrx_word' id='word_1_714' title='bbox 3416 4140 3584 4186; x_wconf 82' lang='lat' dir='ltr'><strong>unam</strong></span> 
     </span>
    </p>
   </div>
   <div class='ocr_carea' id='block_1_98' title="bbox 1984 4212 3581 4289">
    <p class='ocr_par' dir='ltr' id='par_1_98' title="bbox 1984 4212 3581 4289">
     <span class='ocr_line' id='line_1_98' title="bbox 1984 4212 3581 4289; baseline 0.003 -20"><span class='ocrx_word' id='word_1_715' title='bbox 1984 4212 2244 4269; x_wconf 82' lang='lat' dir='ltr'><strong>virtutem</strong></span> <span class='ocrx_word' id='word_1_716' title='bbox 2289 4212 2405 4270; x_wconf 84' lang='lat' dir='ltr'><strong>sive</strong></span> <span class='ocrx_word' id='word_1_717' title='bbox 2459 4214 2761 4285; x_wconf 86' lang='lat' dir='ltr'><strong>potentiam</strong></span> <span class='ocrx_word' id='word_1_718' title='bbox 2804 4215 2998 4272; x_wconf 85' lang='lat' dir='ltr'><strong>dicens</strong></span> <span class='ocrx_word' id='word_1_719' title='bbox 3046 4217 3284 4288; x_wconf 80' lang='lat' dir='ltr'><strong>scriptor</strong></span> <span class='ocrx_word' id='word_1_720' title='bbox 3309 4218 3581 4289; x_wconf 71' lang='lat' dir='ltr'><strong>epistolae,</strong></span> 
     </span>
    </p>
   </div>
   <div class='ocr_carea' id='block_1_99' title="bbox 1985 4303 3582 4376">
    <p class='ocr_par' dir='ltr' id='par_1_99' title="bbox 1985 4303 3582 4376">
     <span class='ocr_line' id='line_1_99' title="bbox 1985 4303 3582 4376; baseline 0.004 -18"><span class='ocrx_word' id='word_1_721' title='bbox 1985 4303 2310 4372; x_wconf 80' lang='lat' dir='ltr'><strong>manifestus</strong></span> <span class='ocrx_word' id='word_1_722' title='bbox 2349 4313 2435 4360; x_wconf 87' lang='lat' dir='ltr'><strong>est</strong></span> <span class='ocrx_word' id='word_1_723' title='bbox 2470 4306 2616 4376; x_wconf 88' lang='lat' dir='ltr'><strong>quod</strong></span> <span class='ocrx_word' id='word_1_724' title='bbox 2643 4314 2701 4363; x_wconf 87' lang='lat' dir='ltr'><strong>et</strong></span> <span class='ocrx_word' id='word_1_725' title='bbox 2732 4307 2787 4363; x_wconf 86' lang='lat' dir='ltr'><strong>in</strong></span> <span class='ocrx_word' id='word_1_726' title='bbox 2827 4307 2933 4364; x_wconf 82' lang='lat' dir='ltr'><strong>hoc</strong></span> <span class='ocrx_word' id='word_1_727' title='bbox 2983 4318 3318 4365; x_wconf 85' lang='lat' dir='ltr'><strong>memoratos</strong></span> <span class='ocrx_word' id='word_1_728' title='bbox 3361 4310 3582 4365; x_wconf 66' lang='lat' dir='ltr'><strong>hereti-</strong></span> 
     </span>
    </p>
   </div>
   <div class='ocr_carea' id='block_1_100' title="bbox 1987 4396 3582 4472">
    <p class='ocr_par' dir='ltr' id='par_1_100' title="bbox 1987 4396 3582 4472">
     <span class='ocr_line' id='line_1_100' title="bbox 1987 4396 3582 4472; baseline 0.004 -20"><span class='ocrx_word' id='word_1_729' title='bbox 1987 4410 2081 4452; x_wconf 87' lang='lat' dir='ltr'><strong>cos</strong></span> <span class='ocrx_word' id='word_1_730' title='bbox 2119 4398 2388 4468; x_wconf 84' lang='lat' dir='ltr'><strong>sequitur,</strong></span> <span class='ocrx_word' id='word_1_731' title='bbox 2434 4396 2783 4455; x_wconf 86' lang='lat' dir='ltr'><strong>Theodorum</strong></span> <span class='ocrx_word' id='word_1_732' title='bbox 2829 4398 3053 4472; x_wconf 79' lang='lat' dir='ltr'><strong>quidem</strong></span> <span class='ocrx_word' id='word_1_733' title='bbox 3089 4403 3363 4458; x_wconf 87' lang='lat' dir='ltr'><strong>dicentem</strong></span> <span class='ocrx_word' id='word_1_734' title='bbox 3412 4403 3466 4457; x_wconf 89' lang='lat' dir='ltr'><strong>in</strong></span> <span class='ocrx_word' id='word_1_735' title='bbox 3495 4403 3582 4458; x_wconf 81' lang='lat' dir='ltr'><strong>di-</strong></span> 
     </span>
    </p>
   </div>
   <div class='ocr_carea' id='block_1_101' title="bbox 1985 4487 3579 4563">
    <p class='ocr_par' dir='ltr' id='par_1_101' title="bbox 1985 4487 3579 4563">
     <span class='ocr_line' id='line_1_101' title="bbox 1985 4487 3579 4563; baseline 0.004 -20"><span class='ocrx_word' id='word_1_736' title='bbox 1985 4487 2160 4545; x_wconf 79' lang='lat' dir='ltr'><strong>versis</strong></span> <span class='ocrx_word' id='word_1_737' title='bbox 2189 4488 2343 4563; x_wconf 80' lang='lat' dir='ltr'><strong>libris</strong></span> <span class='ocrx_word' id='word_1_738' title='bbox 2364 4489 2435 4545; x_wconf 92' lang='lat' dir='ltr'><strong>de</strong></span> <span class='ocrx_word' id='word_1_739' title='bbox 2461 4489 2840 4547; x_wconf 87' lang='lat' dir='ltr'><strong>incarnatione</strong></span> <span class='ocrx_word' id='word_1_740' title='bbox 2873 4491 3042 4562; x_wconf 89' lang='lat' dir='ltr'><strong>impie</strong></span> <span class='ocrx_word' id='word_1_741' title='bbox 3069 4493 3353 4563; x_wconf 78' lang='lat' dir='ltr'><strong>expositis,</strong></span> <span class='ocrx_word' id='word_1_742' title='bbox 3384 4491 3579 4549; x_wconf 82' lang='lat' dir='ltr'><strong>Nesto-</strong></span> 
     </span>
    </p>
   </div>
   <div class='ocr_carea' id='block_1_102' title="bbox 1988 4581 3582 4656">
    <p class='ocr_par' dir='ltr' id='par_1_102' title="bbox 1988 4581 3582 4656">
     <span class='ocr_line' id='line_1_102' title="bbox 1988 4581 3582 4656; baseline 0.003 -18"><span class='ocrx_word' id='word_1_743' title='bbox 1988 4581 2129 4639; x_wconf 86' lang='lat' dir='ltr'><strong>rium</strong></span> <span class='ocrx_word' id='word_1_744' title='bbox 2179 4591 2362 4639; x_wconf 87' lang='lat' dir='ltr'><strong>autem</strong></span> <span class='ocrx_word' id='word_1_745' title='bbox 2421 4583 2475 4639; x_wconf 90' lang='lat' dir='ltr'><strong>in</strong></span> <span class='ocrx_word' id='word_1_746' title='bbox 2520 4583 2707 4639; x_wconf 91' lang='lat' dir='ltr'><strong>multis</strong></span> <span class='ocrx_word' id='word_1_747' title='bbox 2735 4585 2955 4656; x_wconf 86' lang='lat' dir='ltr'><strong>quidem</strong></span> <span class='ocrx_word' id='word_1_748' title='bbox 2996 4585 3238 4656; x_wconf 85' lang='lat' dir='ltr'><strong>scriptis,</strong></span> <span class='ocrx_word' id='word_1_749' title='bbox 3263 4597 3320 4641; x_wconf 89' lang='lat' dir='ltr'><strong>et</strong></span> <span class='ocrx_word' id='word_1_750' title='bbox 3348 4585 3582 4643; x_wconf 79' lang='lat' dir='ltr'><strong>maxime</strong></span> 
     </span>
    </p>
   </div>
   <div class='ocr_carea' id='block_1_103' title="bbox 1987 4673 3582 4748">
    <p class='ocr_par' dir='ltr' id='par_1_103' title="bbox 1987 4673 3582 4748">
     <span class='ocr_line' id='line_1_103' title="bbox 1987 4673 3582 4748; baseline 0.001 -18"><span class='ocrx_word' id='word_1_751' title='bbox 1987 4674 2042 4730; x_wconf 93' lang='lat' dir='ltr'><strong>in</strong></span> <span class='ocrx_word' id='word_1_752' title='bbox 2071 4673 2303 4746; x_wconf 77' lang='lat' dir='ltr'><strong>epistola</strong></span> <span class='ocrx_word' id='word_1_753' title='bbox 2348 4675 2565 4747; x_wconf 78' lang='lat' dir='ltr'><strong>scripta&quot;</strong></span> <span class='ocrx_word' id='word_1_754' title='bbox 2591 4676 2659 4732; x_wconf 87' lang='lat' dir='ltr'><strong>ad</strong></span> <span class='ocrx_word' id='word_1_755' title='bbox 2699 4676 3067 4735; x_wconf 73' lang='lat' dir='ltr'><strong>Alexandrum</strong></span> <span class='ocrx_word' id='word_1_756' title='bbox 3110 4676 3582 4748; x_wconf 76' lang='lat' dir='ltr'><strong>Hierapolitanum</strong></span> 
     </span>
    </p>
   </div>
   <div class='ocr_carea' id='block_1_104' title="bbox 1988 4762 3582 4840">
    <p class='ocr_par' dir='ltr' id='par_1_104' title="bbox 1988 4762 3582 4840">
     <span class='ocr_line' id='line_1_104' title="bbox 1988 4762 3582 4840; baseline 0.003 -19"><span class='ocrx_word' id='word_1_757' title='bbox 1988 4765 2332 4835; x_wconf 78' lang='lat' dir='ltr'><strong>haeretieum,</strong></span> <span class='ocrx_word' id='word_1_758' title='bbox 2361 4769 2508 4840; x_wconf 90' lang='lat' dir='ltr'><strong>quod</strong></span> <span class='ocrx_word' id='word_1_759' title='bbox 2534 4762 2765 4824; x_wconf 75' lang='lat' dir='ltr'><strong>duar&#39;um</strong></span> <span class='ocrx_word' id='word_1_760' title='bbox 2798 4772 3119 4825; x_wconf 86' lang='lat' dir='ltr'><strong>naturarum</strong></span> <span class='ocrx_word' id='word_1_761' title='bbox 3149 4784 3256 4825; x_wconf 84' lang='lat' dir='ltr'><strong>una</strong></span> <span class='ocrx_word' id='word_1_762' title='bbox 3279 4777 3364 4825; x_wconf 89' lang='lat' dir='ltr'><strong>est</strong></span> <span class='ocrx_word' id='word_1_763' title='bbox 3389 4778 3582 4826; x_wconf 82' lang='lat' dir='ltr'><strong>aucto-</strong></span> 
     </span>
    </p>
   </div>
   <div class='ocr_carea' id='block_1_105' title="bbox 1987 4856 3580 4932">
    <p class='ocr_par' dir='ltr' id='par_1_105' title="bbox 1987 4856 3580 4932">
     <span class='ocr_line' id='line_1_105' title="bbox 1987 4856 3580 4932; baseline 0.004 -22"><span class='ocrx_word' id='word_1_764' title='bbox 1987 4856 2143 4924; x_wconf 81' lang='lat' dir='ltr'><strong>ritas,</strong></span> <span class='ocrx_word' id='word_1_765' title='bbox 2173 4867 2232 4916; x_wconf 87' lang='lat' dir='ltr'><strong>et</strong></span> <span class='ocrx_word' id='word_1_766' title='bbox 2277 4875 2388 4915; x_wconf 85' lang='lat' dir='ltr'><strong>una</strong></span> <span class='ocrx_word' id='word_1_767' title='bbox 2414 4861 2614 4926; x_wconf 86' lang='lat' dir='ltr'><strong>virtus,</strong></span> <span class='ocrx_word' id='word_1_768' title='bbox 2662 4859 2778 4917; x_wconf 89' lang='lat' dir='ltr'><strong>sive</strong></span> <span class='ocrx_word' id='word_1_769' title='bbox 2816 4860 3086 4932; x_wconf 84' lang='lat' dir='ltr'><strong>potentia.</strong></span> <span class='ocrx_word' id='word_1_770' title='bbox 3113 4867 3171 4916; x_wconf 87' lang='lat' dir='ltr'><strong>et</strong></span> <span class='ocrx_word' id='word_1_771' title='bbox 3204 4875 3314 4915; x_wconf 85' lang='lat' dir='ltr'><strong>una</strong></span> <span class='ocrx_word' id='word_1_772' title='bbox 3344 4874 3580 4931; x_wconf 86' lang='lat' dir='ltr'><strong>persona</strong></span> 
     </span>
    </p>
   </div>
   <div class='ocr_carea' id='block_1_106' title="bbox 1990 4949 3585 5023">
    <p class='ocr_par' dir='ltr' id='par_1_106' title="bbox 1990 4949 3585 5023">
     <span class='ocr_line' id='line_1_106' title="bbox 1990 4949 3585 5023; baseline 0.002 -19"><span class='ocrx_word' id='word_1_773' title='bbox 1990 4963 2090 5021; x_wconf 83' lang='lat' dir='ltr'><strong>per</strong></span> <span class='ocrx_word' id='word_1_774' title='bbox 2141 4949 2471 5023; x_wconf 79' lang='lat' dir='ltr'><strong>dignitatem</strong></span> <span class='ocrx_word' id='word_1_775' title='bbox 2508 4951 2874 5023; x_wconf 88' lang='lat' dir='ltr'><strong>eumdemque</strong></span> <span class='ocrx_word' id='word_1_776' title='bbox 2929 4951 3232 5018; x_wconf 85' lang='lat' dir='ltr'><strong>honorem;</strong></span> <span class='ocrx_word' id='word_1_777' title='bbox 3262 4966 3329 5007; x_wconf 83' lang='lat' dir='ltr'><strong>ex</strong></span> <span class='ocrx_word' id='word_1_778' title='bbox 3357 4966 3468 5022; x_wconf 81' lang='lat' dir='ltr'><strong>quo</strong></span> <span class='ocrx_word' id='word_1_779' title='bbox 3492 4967 3585 5007; x_wconf 88' lang='lat' dir='ltr'><strong>os-</strong></span> 
     </span>
    </p>
   </div>
   <div class='ocr_carea' id='block_1_107' title="bbox 1993 5039 3582 5114">
    <p class='ocr_par' dir='ltr' id='par_1_107' title="bbox 1993 5039 3582 5114">
     <span class='ocr_line' id='line_1_107' title="bbox 1993 5039 3582 5114; baseline 0.002 -20"><span class='ocrx_word' id='word_1_780' title='bbox 1993 5039 2255 5106; x_wconf 90' lang='lat' dir='ltr'><strong>tenditur,</strong></span> <span class='ocrx_word' id='word_1_781' title='bbox 2295 5042 2387 5112; x_wconf 87' lang='lat' dir='ltr'><strong>qui</strong></span> <span class='ocrx_word' id='word_1_782' title='bbox 2417 5041 2640 5114; x_wconf 86' lang='lat' dir='ltr'><strong>scripsit</strong></span> <span class='ocrx_word' id='word_1_783' title='bbox 2665 5042 2976 5114; x_wconf 85' lang='lat' dir='ltr'><strong>epistolam,</strong></span> <span class='ocrx_word' id='word_1_784' title='bbox 3017 5041 3322 5098; x_wconf 88' lang='lat' dir='ltr'><strong>secundum</strong></span> <span class='ocrx_word' id='word_1_785' title='bbox 3364 5041 3582 5099; x_wconf 89' lang='lat' dir='ltr'><strong>illorum</strong></span> 
     </span>
    </p>
   </div>
   <div class='ocr_carea' id='block_1_108' title="bbox 1991 5131 3581 5206">
    <p class='ocr_par' dir='ltr' id='par_1_108' title="bbox 1991 5131 3581 5206">
     <span class='ocr_line' id='line_1_108' title="bbox 1991 5131 3581 5206; baseline 0.001 -19"><span class='ocrx_word' id='word_1_786' title='bbox 1991 5131 2274 5203; x_wconf 82' lang='lat' dir='ltr'><strong>perﬁdiam</strong></span> <span class='ocrx_word' id='word_1_787' title='bbox 2307 5146 2408 5206; x_wconf 88' lang='lat' dir='ltr'><strong>pre</strong></span> <span class='ocrx_word' id='word_1_788' title='bbox 2454 5135 2705 5206; x_wconf 84' lang='lat' dir='ltr'><strong>personis</strong></span> <span class='ocrx_word' id='word_1_789' title='bbox 2752 5150 2886 5203; x_wconf 79' lang='lat' dir='ltr'><strong>usus</strong></span> <span class='ocrx_word' id='word_1_790' title='bbox 2920 5134 3190 5193; x_wconf 85' lang='lat' dir='ltr'><strong>vocabulo</strong></span> <span class='ocrx_word' id='word_1_791' title='bbox 3239 5144 3581 5192; x_wconf 85' lang='lat' dir='ltr'><strong>naturarum.</strong></span> 
     </span>
    </p>
   </div>
   <div class='ocr_carea' id='block_1_109' title="bbox 1989 5222 3584 5300">
    <p class='ocr_par' dir='ltr' id='par_1_109' title="bbox 1989 5222 3584 5300">
     <span class='ocr_line' id='line_1_109' title="bbox 1989 5222 3584 5300; baseline 0.001 -19"><span class='ocrx_word' id='word_1_792' title='bbox 1989 5222 2110 5281; x_wconf 86' lang='lat' dir='ltr'><strong>Una</strong></span> <span class='ocrx_word' id='word_1_793' title='bbox 2130 5226 2279 5282; x_wconf 90' lang='lat' dir='ltr'><strong>enim</strong></span> <span class='ocrx_word' id='word_1_794' title='bbox 2303 5226 2623 5294; x_wconf 86' lang='lat' dir='ltr'><strong>auctoritas,</strong></span> <span class='ocrx_word' id='word_1_795' title='bbox 2650 5236 2707 5284; x_wconf 89' lang='lat' dir='ltr'><strong>et</strong></span> <span class='ocrx_word' id='word_1_796' title='bbox 2735 5243 2842 5285; x_wconf 86' lang='lat' dir='ltr'><strong>una</strong></span> <span class='ocrx_word' id='word_1_797' title='bbox 2871 5228 3048 5286; x_wconf 89' lang='lat' dir='ltr'><strong>virtus</strong></span> <span class='ocrx_word' id='word_1_798' title='bbox 3081 5228 3201 5285; x_wconf 87' lang='lat' dir='ltr'><strong>sive</strong></span> <span class='ocrx_word' id='word_1_799' title='bbox 3233 5227 3502 5300; x_wconf 85' lang='lat' dir='ltr'><strong>potentia,</strong></span> <span class='ocrx_word' id='word_1_800' title='bbox 3525 5237 3584 5284; x_wconf 79' lang='lat' dir='ltr'><strong>et</strong></span> 
     </span>
    </p>
   </div>
   <div class='ocr_carea' id='block_1_110' title="bbox 1988 5319 3579 5392">
    <p class='ocr_par' dir='ltr' id='par_1_110' title="bbox 1988 5319 3579 5392">
     <span class='ocr_line' id='line_1_110' title="bbox 1988 5319 3579 5392; baseline 0.003 -20"><span class='ocrx_word' id='word_1_801' title='bbox 1988 5331 2097 5373; x_wconf 87' lang='lat' dir='ltr'><strong>una</strong></span> <span class='ocrx_word' id='word_1_802' title='bbox 2120 5319 2359 5392; x_wconf 78' lang='lat' dir='ltr'><strong>dignitas</strong></span> <span class='ocrx_word' id='word_1_803' title='bbox 2385 5329 2443 5377; x_wconf 87' lang='lat' dir='ltr'><strong>et</strong></span> <span class='ocrx_word' id='word_1_804' title='bbox 2467 5319 2613 5378; x_wconf 88' lang='lat' dir='ltr'><strong>idem</strong></span> <span class='ocrx_word' id='word_1_805' title='bbox 2640 5319 2840 5389; x_wconf 86' lang='lat' dir='ltr'><strong>honor,</strong></span> <span class='ocrx_word' id='word_1_806' title='bbox 2861 5337 2976 5379; x_wconf 89' lang='lat' dir='ltr'><strong>non</strong></span> <span class='ocrx_word' id='word_1_807' title='bbox 3010 5322 3067 5378; x_wconf 86' lang='lat' dir='ltr'><strong>in</strong></span> <span class='ocrx_word' id='word_1_808' title='bbox 3085 5320 3323 5381; x_wconf 85' lang='lat' dir='ltr'><strong>diversis</strong></span> <span class='ocrx_word' id='word_1_809' title='bbox 3342 5319 3579 5389; x_wconf 72' lang='lat' dir='ltr'><strong>naturis;</strong></span> 
     </span>
    </p>
   </div>
   <div class='ocr_carea' id='block_1_111' title="bbox 1609 5473 2292 5536">
    <p class='ocr_par' dir='ltr' id='par_1_111' title="bbox 1609 5473 2292 5536">
     <span class='ocr_line' id='line_1_111' title="bbox 1609 5473 2292 5536; baseline 0.004 -6"><span class='ocrx_word' id='word_1_810' title='bbox 1609 5473 1846 5532; x_wconf 70' lang='lat' dir='ltr'><strong>VARUE</strong></span> <span class='ocrx_word' id='word_1_811' title='bbox 1878 5475 2292 5536; x_wconf 79' lang='lat' dir='ltr'><strong>LECTIONES.</strong></span> 
     </span>
    </p>
   </div>
   <div class='ocr_carea' id='block_1_112' title="bbox 364 5570 1856 5736">
    <p class='ocr_par' dir='ltr' id='par_1_112' title="bbox 364 5570 1856 5736">
     <span class='ocr_line' id='line_1_112' title="bbox 364 5570 1856 5736; baseline 0.001 -67"><span class='ocrx_word' id='word_1_812' title='bbox 364 5617 411 5650; x_wconf 75' lang='grc' dir='ltr'><strong><em>οι</em></strong></span> <span class='ocrx_word' id='word_1_813' title='bbox 435 5570 576 5687; x_wconf 74' lang='grc' dir='ltr'>ὅπερ</span> <span class='ocrx_word' id='word_1_814' title='bbox 603 5630 678 5669; x_wconf 84' lang='lat' dir='ltr'><strong>m.</strong></span> <span class='ocrx_word' id='word_1_815' title='bbox 708 5613 775 5680; x_wconf 73' lang='grc' dir='ltr'><strong>ιι,</strong></span> <span class='ocrx_word' id='word_1_816' title='bbox 804 5612 950 5685; x_wconf 78' lang='grc' dir='ltr'>ειπερ</span> <span class='ocrx_word' id='word_1_817' title='bbox 979 5612 1088 5668; x_wconf 76' lang='lat' dir='ltr'><strong>pv.</strong></span> <span class='ocrx_word' id='word_1_818' title='bbox 1138 5611 1209 5649; x_wconf 63' lang='grc' dir='ltr'><strong>ευ</strong></span> <span class='ocrx_word' id='word_1_819' title='bbox 1240 5611 1394 5681; x_wconf 76' lang='grc' dir='ltr'>ἁγία.</span> <span class='ocrx_word' id='word_1_820' title='bbox 1429 5611 1625 5736; x_wconf 33' lang='lat' dir='ltr'><strong>mare;</strong></span> <span class='ocrx_word' id='word_1_821' title='bbox 1650 5612 1692 5668; x_wconf 90' lang='lat' dir='ltr'><strong>P</strong></span> <span class='ocrx_word' id='word_1_822' title='bbox 1719 5612 1856 5670; x_wconf 88' lang='lat' dir='ltr'><strong>sola.</strong></span> 
     </span>
     <span class='ocr_line' id='line_1_113' title="bbox 364 5681 1853 5736; baseline 0 0"><span class='ocrx_word' id='word_1_823' title='bbox 364 5689 391 5736; x_wconf 55' lang='grc' dir='ltr'>ξι</span> <span class='ocrx_word' id='word_1_824' title='bbox 414 5688 478 5736; x_wconf 87' lang='grc' dir='ltr'><strong><em>Ρ.</em></strong></span> <span class='ocrx_word' id='word_1_825' title='bbox 553 5685 597 5718; x_wconf 73' lang='grc'>³⁷</span> <span class='ocrx_word' id='word_1_826' title='bbox 620 5685 993 5736; x_wconf 54' lang='grc' dir='ltr'>ἀναφέρεσθαι</span> <span class='ocrx_word' id='word_1_827' title='bbox 1024 5685 1088 5736; x_wconf 86' lang='grc' dir='ltr'><strong>Ρ.</strong></span> <span class='ocrx_word' id='word_1_828' title='bbox 1146 5683 1450 5736; x_wconf 72' lang='grc' dir='ltr'>ἀναφαίνεις</span> <span class='ocrx_word' id='word_1_829' title='bbox 1484 5700 1542 5736; x_wconf 90' lang='grc' dir='ltr'><strong>αι</strong></span> <span class='ocrx_word' id='word_1_830' title='bbox 1571 5681 1635 5736; x_wconf 78' lang='grc' dir='ltr'>ν.</span> <span class='ocrx_word' id='word_1_831' title='bbox 1684 5698 1758 5736; x_wconf 89' lang='lat' dir='ltr'><strong>m.</strong></span> <span class='ocrx_word' id='word_1_832' title='bbox 1785 5682 1853 5736; x_wconf 71' lang='lat' dir='ltr'><strong>ll.</strong></span> 
     </span>
    </p>
   </div>
   <div class='ocr_carea' id='block_1_113' title="bbox 288 5681 1853 5755">
    <p class='ocr_par' dir='ltr' id='par_1_113' title="bbox 288 5681 1853 5755">
     <span class='ocr_line' id='line_1_114' title="bbox 288 5681 1853 5755; baseline -0.003 -11"><span class='ocrx_word' id='word_1_833' title='bbox 288 5689 391 5744; x_wconf 74' lang='grc' dir='ltr'>καὶ</span> <span class='ocrx_word' id='word_1_834' title='bbox 414 5688 478 5741; x_wconf 91' lang='lat' dir='ltr'><strong>P.</strong></span> <span class='ocrx_word' id='word_1_835' title='bbox 545 5681 597 5718; x_wconf 75' lang='grc'><strong>’⁸⁷</strong></span> <span class='ocrx_word' id='word_1_836' title='bbox 620 5681 993 5755; x_wconf 69' lang='grc' dir='ltr'>ἀναφέρεσθαι</span> <span class='ocrx_word' id='word_1_837' title='bbox 1024 5685 1088 5751; x_wconf 84' lang='grc' dir='ltr'><strong>Ρ,</strong></span> <span class='ocrx_word' id='word_1_838' title='bbox 1146 5681 1548 5754; x_wconf 78' lang='grc' dir='ltr'>ἀναφαίνεσθαι</span> <span class='ocrx_word' id='word_1_839' title='bbox 1571 5681 1635 5750; x_wconf 79' lang='grc' dir='ltr'><strong>ν,</strong></span> <span class='ocrx_word' id='word_1_840' title='bbox 1684 5698 1758 5739; x_wconf 86' lang='lat' dir='ltr'><strong>tn.</strong></span> <span class='ocrx_word' id='word_1_841' title='bbox 1785 5682 1853 5740; x_wconf 77' lang='grc' dir='ltr'><strong>Β.</strong></span> 
     </span>
    </p>
   </div>
   <div class='ocr_carea' id='block_1_114' title="bbox 292 5754 875 5828">
    <p class='ocr_par' dir='ltr' id='par_1_114' title="bbox 292 5754 875 5828">
     <span class='ocr_line' id='line_1_115' title="bbox 292 5754 875 5828; baseline -0.012 -11"><span class='ocrx_word' id='word_1_842' title='bbox 292 5758 390 5817; x_wconf 75' lang='grc' dir='ltr'>καὶ</span> <span class='ocrx_word' id='word_1_843' title='bbox 421 5754 792 5828; x_wconf 83' lang='grc' dir='ltr'>Ἱεραπολίτην</span> <span class='ocrx_word' id='word_1_844' title='bbox 806 5754 875 5810; x_wconf 77' lang='grc' dir='ltr'><strong>Ρ.</strong></span> 
     </span>
    </p>
   </div>
   <div class='ocr_carea' id='block_1_115' title="bbox 1966 5607 3568 5686">
    <p class='ocr_par' dir='ltr' id='par_1_115' title="bbox 1966 5607 3568 5686">
     <span class='ocr_line' id='line_1_116' title="bbox 1966 5607 3568 5686; baseline -0.006 -17"><span class='ocrx_word' id='word_1_845' title='bbox 1966 5614 2011 5647; x_wconf 75' lang='grc'>³⁸</span> <span class='ocrx_word' id='word_1_846' title='bbox 2040 5614 2190 5686; x_wconf 69' lang='grc' dir='ltr'>λέγει</span> <span class='ocrx_word' id='word_1_847' title='bbox 2218 5614 2328 5670; x_wconf 76' lang='lat' dir='ltr'><strong>PV:</strong></span> <span class='ocrx_word' id='word_1_848' title='bbox 2369 5684 2387 5686; x_wconf 21' lang='grc' dir='ltr'><strong><em>ᾉ</em></strong></span> <span class='ocrx_word' id='word_1_849' title='bbox 2414 5614 2468 5686; x_wconf 50' lang='grc' dir='ltr'><strong>ξ’</strong></span> <span class='ocrx_word' id='word_1_850' title='bbox 2514 5614 2654 5671; x_wconf 81' lang='grc' dir='ltr'><strong>ἀλλά</strong></span> <span class='ocrx_word' id='word_1_851' title='bbox 2707 5612 2980 5686; x_wconf 75' lang='grc' dir='ltr'>πρόδηλον</span> <span class='ocrx_word' id='word_1_852' title='bbox 3013 5628 3126 5686; x_wconf 62' lang='lat' dir='ltr'><strong>out.</strong></span> <span class='ocrx_word' id='word_1_853' title='bbox 3175 5612 3259 5686; x_wconf 66' lang='lat' dir='ltr'><strong>P,_</strong></span> <span class='ocrx_word' id='word_1_854' title='bbox 3312 5613 3360 5686; x_wconf 59' lang='grc' dir='ltr'><strong>’ξ</strong></span> <span class='ocrx_word' id='word_1_855' title='bbox 3428 5608 3486 5672; x_wconf 78' lang='grc' dir='ltr'>ὃς</span> <span class='ocrx_word' id='word_1_856' title='bbox 3509 5607 3568 5686; x_wconf 72' lang='grc' dir='ltr'>δὲ</span> 
     </span>
    </p>
   </div>
   <div class='ocr_carea' id='block_1_116' title="bbox 1965 5682 3580 5759">
    <p class='ocr_par' dir='ltr' id='par_1_116' title="bbox 1965 5682 3580 5759">
     <span class='ocr_line' id='line_1_117' title="bbox 1965 5682 3580 5759; baseline -0.011 -9"><span class='ocrx_word' id='word_1_857' title='bbox 1965 5686 2011 5720; x_wconf 80' lang='grc'><strong>³⁸</strong></span> <span class='ocrx_word' id='word_1_858' title='bbox 2060 5682 2311 5759; x_wconf 64' lang='grc' dir='ltr'>φάνερῶς</span> <span class='ocrx_word' id='word_1_859' title='bbox 2366 5684 2474 5744; x_wconf 76' lang='lat' dir='ltr'><strong>PV&#39;</strong></span> <span class='ocrx_word' id='word_1_860' title='bbox 2550 5686 2595 5720; x_wconf 80' lang='lat'>&quot;</span> <span class='ocrx_word' id='word_1_861' title='bbox 2638 5682 3046 5758; x_wconf 78' lang='grc' dir='ltr'>ἀνθρωπῆσεως</span> <span class='ocrx_word' id='word_1_862' title='bbox 3083 5683 3145 5739; x_wconf 87' lang='grc' dir='ltr'><strong>Ρ.</strong></span> <span class='ocrx_word' id='word_1_863' title='bbox 3218 5683 3265 5717; x_wconf 68' lang='grc'><strong>⁸⁸</strong></span> <span class='ocrx_word' id='word_1_864' title='bbox 3299 5682 3580 5756; x_wconf 75' lang='grc' dir='ltr'>αίρετικδν</span> 
     </span>
    </p>
   </div>
  </div>
