4040 6410
280 245 390 308 937

1478 247 1736 312 CHRON
1746 245 1919 310 [(ION
1964 242 2370 308 PASCHALE.

3462 239 3570 308 938

278 355 389 427 τὴν
417 353 600 410 αὐτῶν
633 355 819 411 ἄνοιαν
847 356 1229 428 προσδέξηται,
1267 357 1351 412 δεῖ
1374 357 1471 413 καὶ
1501 357 1746 432 Εὐτυχέα
1776 359 1872 413 καὶ

1996 359 2021 414 ιί
2046 359 2152 414 hoc
2179 357 2405 428 aliquies
2432 355 2731 413 secundum
2752 369 2942 411 eorum
2959 353 3293 412 dementiam
3321 355 3568 421 sulticiat,
3635 341 3642 418 ἶ

281 445 590 518 Νεστόριον
617 446 890 519 δέχεσθαι,
923 449 1114 522 ἐπειδὴ
1169 448 1342 504 πολλὰ
1390 451 1484 504 καὶ
1511 434 1876 521 περὶτούτων

279 539 405 602 τοῖς
431 539 490 591 ὲν
533 539 601 609 τῇ
659 538 862 610 συνόδῳ
900 540 1319 611 πεπραγμένοις
1353 540 1657 614 ἐμφέρεται
1697 557 1710 571 ·
1761 539 1877 594 ἀλλ’

281 631 467 693 οὐδεὶς
503 628 616 682 τῶν
649 624 707 684 εὖ
739 629 1082 702 φρονούντων
1119 628 1236 696 τοῖς
1276 631 1412 702 παρ’
1441 632 1624 686 αὐτῶν
1645 629 1879 703 λεγομέ-

285 739 406 787 νοις
433 719 693 793 προσέξει
734 722 828 775 τὸν
859 721 1005 776 νοῦν.
1037 721 1119 776 Τά
1149 723 1262 796 γὰρ
1289 724 1418 794 περὶ
1447 723 1564 800 τῶν.
1585 721 1884 795 αίρετικῶν

286 815 351 868 ὲν
405 815 528 878 ταῖς
581 814 628 846 ³³
678 813 919 878 συνόδοις
975 815 1368 886 προφερόμενα
1415 797 1510 870 καὶ
1560 797 1733 886 ’μέρος
1773 815 1883 868 τῶν

290 901 715 974 ὑπομνημάτων
753 903 1020 973 γινόμενα
1045 904 1148 959 οὐκ
1179 904 1272 957 ἐπὶ
1306 905 1383 974 τῷ
1417 901 1881 976 ὲλευθερωθῆναι,

285 991 408 1048 ἀλλ’
432 995 514 1058 είς
553 993 776 1065 ἔλεγχον
827 993 1010 1071 αὐτῶν
1035 995 1132 1049 καὶ
1154 980 1250 1049 ἐπὶ
1288 995 1500 1068 μείζονι
1559 995 1886 1068 κατακρίσει

291 1085 480 1141 αὐτῶν
533 1103 595 1140 τε
647 1086 743 1140 καὶ
797 1084 908 1139 τῶν
950 1085 1022 1141 τά
1065 1086 1235 1157 ὅμοια
1283 1082 1497 1152 τούτοις
1543 1085 1888 1160 φρονούντων

297 1177 815 1249 παραλαμϐάνεται.
1490 1187 1498 1194 ‘

1977 459 2194 522 oportet
2221 459 2277 506 et
2299 449 2611 505 Nestorium
2639 457 2694 505 et
2733 447 3032 520 Eutychem
3057 448 3282 520 suscipi,
3311 449 3572 520 quoniam
3635 453 3662 477 δ’·

1979 543 2209 615 plurima
2241 549 2298 598 et
2333 542 2402 598 de
2452 541 2540 598 bis
2568 542 2623 596 in
2655 542 2822 615 gestis
2872 543 3229 598 continentur
3275 554 3396 613 qua
3429 540 3574 611 apud

1980 634 2248 707 synodum
2288 641 2406 690 acta
2439 641 2586 691 sunt.
2616 635 2722 690 Sed
2760 649 2923 690 nemo
2949 635 3167 705 sapiens
3194 633 3354 690 dictis
3383 637 3576 689 eorum

1981 727 2226 782 animum
2283 727 2550 783 intendet.
2606 727 2739 795 Qua
2767 725 2918 784 enim
2961 727 3030 784 de
3082 726 3356 784 haereticis
3390 725 3578 797 profe-

1983 829 2180 875 runtur
2204 816 2259 874 in
2291 822 2513 892 synodis
2546 831 2601 878 et
2637 838 2763 893 pars
2793 825 3070 896 gestorum
3099 821 3258 888 ﬁunt,
3275 836 3385 876 non
3418 819 3485 875 ad
3517 817 3578 873 li-

1983 912 2326 969 berationem
2357 914 2698 980 inseruntur,
2725 915 2820 971 sed
2851 915 2919 972 ad
2952 916 3214 986 majorem
3245 913 3582 972 condemna-

1989 1003 2194 1060 tionem
2223 1020 2438 1073 eorum,
2466 1015 2523 1062 et
2557 1004 2650 1077 qui
2685 1007 2766 1062 eis
2804 1007 3002 1063 similia
3042 1007 3282 1078 sapiunt.
3307 1004 3584 1074 ‘Quamvis

1989 1091 2280 1166 [quamvis,
2310 1107 2441 1160 etc.,
2459 1099 2644 1154 desunt
2665 1102 2721 1154 in
2747 1101 2864 1155 cod.
2887 1109 2936 1155 et
2962 1098 3108 1169 apud
3135 1099 3374 1172 Leuncl.]
3398 1105 3582 1154 autem

1987 1175 2320 1256 exemplaria
2363 1187 2544 1258 impiae
2589 1188 2834 1261 cpistola
2859 1206 2980 1262 qua
3011 1189 3498 1256 circumferuntur,
3527 1188 3582 1242 in

298 1270 565 1342 aliquibus
621 1271 925 1362 codicibus,
969 1279 1030 1328 ut
1083 1271 1290 1329 dictum
1351 1259 1455 1356 est,
1517 1273 1721 1329 inserta
1756 1273 1889 1340 sint,
1924 1284 2104 1335 tamen
2137 1280 2190 1336 in
2222 1283 2555 1339 authenticis
2585 1259 2639 1338 in
2691 1259 2892 1362 quibus
2946 1269 3280 1342 sanctissimi
3341 1282 3586 1356 episcopi

298 1365 764 1436 subscripserunt,
786 1360 1096 1422 nullatenus
1129 1365 1506 1421 inveniuntur.

365 1456 432 1509 Et
460 1455 554 1507 καὶ
579 1454 628 1486 ⁵³
657 1454 740 1508 ὅτι
773 1453 843 1508 τά
880 1457 980 1526 τῆς
1013 1454 1248 1520 ἀσεϐοῦς
1277 1456 1576 1528 ἐπιστολῆς·
1607 1453 1888 1528 φερόμενα

297 1546 680 1617 ὑπομνήματα
711 1543 769 1598 ἐν
795 1562 905 1600 τισι
939 1547 1038 1617 μὲν
1089 1545 1440 1617 βιϐλίοιςμῦς
1473 1547 1712 1620 εἴρηται,
1738 1545 1888 1600 ἐντέ-

2077 1475 2098 1510 ‹
2130 1455 2366 1536 ρροι-ιει
2401 1469 2583 1516 autem
2640 1461 2802 1516 etiam
2845 1461 2976 1518 illud
3019 1463 3304 1519 attendere
3349 1479 3445 1520 eos
3491 1462 3589 1536 qui

1995 1551 2282 1607 veritatem
2328 1562 2770 1624 perscrutantur,
2823 1555 2969 1626 quod
3001 1555 3230 1612 forsitan
3259 1556 3313 1611 in
3343 1558 3590 1614 conciliis

291 1655 531 1702 τακται,
568 1637 626 1690 ὲν
659 1636 718 1690 δὲ
744 1639 856 1698 τοῖς
879 1637 1245 1703 αὑθεντικοῖς,
1269 1639 1327 1692 ἐν
1358 1632 1442 1702 οἷς
1477 1636 1807 1710 ὑπέγραψαν
1837 1639 1889 1692 οἱ

1996 1639 2243 1709 quadam
2275 1657 2307 1696 a
2355 1641 2522 1698 certis
2565 1642 2638 1699 ibi
2689 1645 3149 1702 convenientibus
3186 1647 3468 1713 dicuntur,
3495 1657 3590 1704 aut

290 1727 588 1783 ὁσιώτατοι
639 1727 953 1793 ἐπίσκοποι,
995 1727 1248 1800 οὐδαμῶς
1296 1728 1558 1801 ηὕρηται,
1609 1729 1751 1802 πλὴν
1793 1729 1892 1782 κά·

291 1819 466 1887 κείνῳ
504 1818 589 1872 δεῖ
627 1817 676 1849 ’⁸⁸
707 1805 998 1890 προσέχειν
1032 1821 1160 1884 τοὺς
1188 1819 1288 1890 τὴν
1311 1819 1574 1890 ἀλήθειαν
1621 1817 1891 1893 ἐρευνῶν-

290 1927 423 1975 τας,
474 1910 557 1964 δτι
589 1909 855 1976 πολλάκις
877 1912 1000 1966 τινά
1029 1913 1089 1968 ἐν
1109 1914 1233 1977 ταῖς
1263 1912 1504 1976 συνόδοις
1538 1911 1692 1985 παρά
1721 1927 1887 1966 τινων

263 2006 362 2073 ,ἐν
417 2003 600 2067 αὐτοῖς
649 2001 1066 2074 εὑρισκομένων
1113 1999 1339 2072 λέγεται
1364 2001 1400 2074 ἢ
1454 2003 1596 2058 κατά
1636 2001 1889 2074 προσπά-

302 2093 458 2148 θειαν
481 2093 536 2164 ,ἢ
572 2095 696 2146 κατ’
717 2093 1040 2148 ἐναντίωσιν
1072 2092 1123 2165 ἥ-
1151 2093 1296 2148 κατά
1325 2094 1573 2163 ἄγνοιαν.
1613 2093 1804 2159 Οὐδεὶς
1828 2091 1886 2147 δὲ

304 2197 559 2259 προσξχει
603 2188 720 2250 τοῖς
773 2183 918 2240 κατά
966 2185 1132 2258 μέρος
1170 2184 1325 2255 παρά
1359 2201 1522 2239 τινων
1549 2185 1886 2256 λεγομένοις,

299 2280 442 2334 ἀλλά
469 2280 654 2350 μόνοις
683 2280 795 2342 τοίς
823 2277 969 2332 κατά
997 2277 1184 2350 κοινὴν
1228 2277 1536 2358 συναίνεσιν
1573 2278 1728 2350 παρά
1747 2278 1890 2332 πάν-

1994 1747 2093 1804 per
2125 1725 2389 1801 favorem,
2415 1743 2511 1790 aut
2543 1751 2644 1807 per
2664 1739 3134 1804 contrarietatem,
3166 1749 3262 1796 aut
3289 1755 3388 1810 per
3419 1739 3591 1817 igno-

1994 1824 2251 1882 rantiam.
2281 1827 2460 1884 Nemo
2488 1837 2670 1884 autem
2703 1831 2935 1910 attendit
2961 1847 3024 1888 ea
3050 1848 3172 1903 qua
3197 1848 3298 1904 per
3321 1841 3532 1904 partem
3557 1848 3591 1888 a

1993 1917 2324 1989 quibusdam
2350 1919 2611 2002 dicuntur
2625 1940 2646 2002 _:
2675 1922 2773 1978 sed
2799 1923 2915 1980 sola
2943 1924 3054 1993 illa,
3089 1941 3212 1997 qua
3239 1927 3308 1982 ab
3333 1927 3593 1983 omnibus

1995 2007 2272 2062 communi
2325 1996 2599 2064 consensu
2625 1995 3005 2068 definiuntur.
3067 1995 3126 2068 Si
3181 2012 3330 2068 enim
3391 2013 3594 2084 aliquis
3699 2042 3705 2046 -

1995 2097 2296 2153 secundum
2337 2097 2459 2155 illos
2488 2099 2724 2158 voluerit
2760 2098 3044 2160 attendere
3073 2105 3343 2177 ejusmodi
3376 2113 3597 2162 contra-

1997 2189 2256 2257 rie-tates,
2321 2203 2664 2265 unaquaque
2717 2195 2958 2266 synodus
3023 2196 3334 2254 invenietur
3393 2205 3598 2254 semet-

1998 2278 2172 2350 ipsam
2202 2281 2516 2339 destruens.

295 2387 414 2424 των
445 2370 806 2443 ὁριζομένοις.
846 2367 1040 2441 Είγάρ
1069 2368 1192 2423 κατ’
1225 2369 1472 2434 ἐκείνους
1508 2365 1796 2441 βουληθείη
1823 2385 1908 2434 τις
1956 2372 2246 2444 πρόσέχειν
2274 2375 2396 2438 ταῖς
2437 2375 2714 2440 τοιαύταις
2767 2376 3174 2446 ἐναντιώσεσιν,
3214 2378 3424 2450 ἑκάστη
3473 2375 3600 2434 σύν-

296 2463 423 2528 οδος
457 2464 771 2535 εὑρίσκεται
804 2461 1438 2536 ἑαυτὴν-ἀνατρέπουσα.

385 2579 405 2612 ι
445 2559 545 2612 Διά
573 2550 746 2612 ταῦτα
768 2557 950 2610 τοίνυν
991 2555 1098 2610 ἔδει
1122 2556 1344 2622 αὐτοὺς,
1377 2554 1538 2628 είπερ
1567 2554 1744 2630 ὀρθῶς
1775 2553 1893 2609 ὲδέο

298 2669 464 2724 κοντο
498 2649 596 2721 τὴν
629 2650 790 2718 ἁγίαν
822 2648 1062 2713 σύνοδον,
1095 2647 1169 2720 μὴ
1189 2647 1446 2711 τοιαύτας
1477 2648 1616 2720 αὐτῇ
1655 2646 1896 2718 μέμψεις

300 2744 658 2815 περιάπτειν,
691 2740 828 2796 άλλά
859 2739 1228 2811 ἀκολουθῆσαι
1257 2741 1371 2802 τοῖς
1423 2740 1765 2804 διδασκάλοις
1795 2739 1896 2810 τῆς

299 2835 606 2906 meatui);
665 2833 1019 2905 Ἐκκλησίας,
1055 2833 1150 2886 καὶ
1184 2832 1421 2902 μάλιστα
1461 2837 1573 2896 τοῖς
1603 2835 1662 2886 ἐν
1717 2831 1897 2900 ἁγίοις

2069 2574 2088 2606 ε
2121 2551 2353 2625 Propter
2392 2554 2511 2610 hac
2551 2555 2716 2628 igitur
2765 2557 3056 2638 oportebat
3111 2573 3227 2625 eos,
3257 2558 3302 2614 si
3341 2573 3598 2622 sanctum

1993 2643 2284 2700 concilium
2313 2652 2464 2702 recte
2503 2645 2868 2717 susciperent,
2901 2650 3014 2704 non
3063 2647 3200 2705 tales
3223 2648 3599 2723 blasphemias

1991 2737 2045 2792 ei
2092 2737 2388 2809 applicare,
2439 2738 2536 2795 sed
2589 2737 2746 2809 sequi
2789 2738 3042 2796 doctores
3073 2741 3356 2799 catholica
3403 2743 3598 2804 Eccle-

1993 2827 2107 2892 sia,
2127 2837 2182 2884 et
2203 2829 2436 2884 maxime
2451 2838 2704 2885 sanctum
2720 2829 3105 2900 Athanasium,
3123 2833 3216 2904 qui
3237 2834 3341 2891 fuit
3360 2833 3600 2894 Alexan-

315 2928 625 2999 Ἀθανασίῳ
653 2926 729 2998 τῷ
759 2925 1037 2998 γενομένῳ
1059 2925 1156 2997 τῆς
1195 2911 1588 2998 Ἀλεξανδρέων
1607 2925 1893 2996 ὲπισκόπῳ

1997 2919 2131 2977 dria
2157 2919 2472 2992 episcopus,
2502 2931 2559 2978 et
2581 2921 2845 2992 plurimos
2873 2931 2929 2978 et
2957 2939 3182 2997 magnos
3212 2926 3430 2984 labores
3475 2946 3600 2986 sus-

301 3021 405 3076 καὶ
457 3011 686 3083 πολλοὺς
740 3017 836 3074 καὶ
894 3017 1166 3090 μεγάλους
1226 3018 1444 3088 ἀγῶνας
1509 3016 1895 3088 ἀναδεξαμένῳ

302 3114 448 3185 ὑπὲρ
471 3111 594 3185 *τῆς
629 3110 792 3182 ὀρθῆς
819 3107 866 3142 "
905 3107 1014 3164 τῶν
1064 3109 1412 3180 Χριστιανῶν
1466 3107 1704 3173 πίστεως
1752 3106 1895 3161 κατά

300 3183 490 3275 πάάηξ
545 3205 835 3277 αἱρέσεως,
886 3201 982 3256 καὶ
1045 3194 1281 3273 μάλιστα
1339 3199 1452 3255 τῶν
1484 3199 1896 3255 ,ἀσεϐεστάτων

313 3295 633 3368 ’Δρειανῶν.
667 3295 790 3368 Τῶν
810 3294 922 3366 γὰρ
949 3292 1130 3350 αὐτῶν
1173 3293 1485 3365 ’Δρειανῶν’
1509 3293 1647 3366 πρὸς
1678 3292 1897 3362 ἀπάτην

296 3390 419 3442 τῶν
446 3381 593 3442 λαῶν
617 3373 825 3458 εἰς”τὴν
856 3385 1068 3441 ἑαυτῶν
1100 3385 1296 3458 μερίδα
1323 3375 1732 3457 ἐπισπωμένων
1771 3386 1896 3438 Διο·

299 3465 513 3547 νύσιον,
539 3481 704 3552 366
723 3480 831 3552 πρὸ
852 3478 1064 3534 πολλῶν
1088 3479 1233 3534 ἑτῶν.
1250 3478 1341 3534 τοῦ
1368 3481 1427 3534 ὲν
1458 3479 1634 3550 ἁγίοις
1667 3477 1898 3532 Ἀθανα-

249 3555 254 3558 ’
302 3573 428 3626 σίου
457 3574 556 3643 τῆς
589 3567 989 3646 Ἀλεξανδρέων
1016 3572 1310 3644 γενόμενον
1333 3572 1658 3638 ἐπίσκοπον,
1682 3572 1776 3624 καὶ
1807 3570 1893 3624 λε’

297 3665 516 3738 γόντων
565 3665 643 3742 ὡς
690 3663 786 3719 καὶ
839 3665 1002 3741 αὐτὸς
1061 3663 1340 3729 Διονύσιος
1385 3663 1457 3718 τὰ
1499 3664 1665 3733 ὃμοια
1717 3665 1900 3726 αὐτοῖς

299 3757 637 3828 ἐφρόνησεν,
680 3756 1003 3821 ’Δθανάσιος
1025 3759 1055 3811 ό
1095 3757 1271 3828 μέγας
1300 3755 1404 3828 τῆς
1456 3754 1794 3825 Ἐκκλησίαςη
1821 3754 1900 3808 δι-

298 3849 575 3914 δάσκαλος
604 3848 822 3913 πολλοῖς
851 3849 1092 3921 τρόποιςι
1131 3848 1427 3921 ἐγγράφως
1460 3847 1744 3916 ἀπέδειξεν
1782 3845 1899 3918 τὴν

299 3937 479 4012 ὀρθὴν
504 3939 686 3995 πίστιν
710 3939 989 3994 Διονύσιον
1019 3939 1079 4006 ἐξ
1102 3940 1280 4012 ἀρχῆς
1305 3938 1543 4012 κηρῦξαι
1576 3939 1624 3972 ⁸⁸
1656 3941 1752 3994 καὶ
1792 3956 1900 4012 μ”Γ

302 4031 499 4101 δαμῶς
543 4032 972 4102 ὲπικοινωνῆσαι
1023 4021 1092 4105 τῇ
1141 4031 1253 4088 τῶν
1313 4024 1610 4104 ’Ᾱρειανῶν
1653 4031 1898 4104 ἀσεϐείᾳ.

309 4117 479 4178 οὗτοι
513 4125 572 4178 δὲ
614 4125 685 4180 τά
739 4125 786 4157 ³⁷
832 4125 942 4178 τῶν
983 4123 1279 4196 αἱρετικῶν
1304 4123 1630 4196 φρονοῦντες
1689 4126 1769 4190 εἰς
1802 4123 1900 4196 τὴν

301 4215 519 4271 οἰκείαν
553 4217 812 4270 ἀσέϐειαν
850 4217 894 4248 ⁸⁸
917 4215 1093 4288 ταύτῃ
1122 4217 1448 4288 περιάπτειν
1475 4214 1895 4282 σπουδάζουσιν.

1997 3014 2285 3092 (δερὶίντο
2329 3023 2475 3069 recta
2525 3015 2966 3070 Christianorum
3018 3016 3125 3074 fide
3163 3019 3428 3078 adversus
3479 3037 3600 3078 om-

1997 3120 2124 3162 nem
2147 3102 2420 3173 haresim,
2457 3115 2514 3162 ct
2559 3107 2796 3163 maxime
2835 3119 3027 3165 contra
3058 3109 3412 3182 impiissimos
3438 3113 3599 3171 Aria-

1999 3214 2124 3254 nos.
2158 3200 2294 3270 Ipsis
2320 3201 2466 3256 enim
2499 3194 2714 3256 Arianis
2745 3201 2812 3256 ad
2845 3201 3197 3274 decipiendos
3231 3206 3462 3278 populos
3495 3223 3609 3264 suo-

2001 3295 2176 3351 errori
2225 3295 2688 3366 conjungentibus
2733 3293 3082 3368 Dionysium,
3106 3298 3200 3370 qui
3233 3309 3360 3356 ante
3395 3302 3601 3358 multos

1998 3399 2175 3452 annos
2220 3383 2502 3441 Athanasii
2543 3385 2647 3441 fuit
2697 3386 3039 3444 Alexandria
3081 3389 3394 3462 episc0pus,
3431 3401 3489 3447 et
3513 3393 3600 3447 di-

1999 3477 2252 3533 centibus
2279 3477 2426 3549 quod
2469 3487 2526 3534 et
2571 3479 2689 3550 ipse
2725 3479 3017 3552 Dionysius
3055 3481 3254 3538 similia
3282 3484 3368 3539 eis
3397 3485 3600 3555 sapuit.

1998 3567 2333 3635 Athanasius
2381 3583 2610 3640 magnus
2637 3567 2912 3626 “Ecclesia
2945 3571 3138 3628 doctor
3184 3574 3372 3630 multis
3421 3575 3603 3631 modis

1999 3658 2242 3716 ostendit
2290 3662 2344 3715 in
2390 3661 2640 3732 scriptis,
2687 3673 2894 3718 rectam
2947 3663 3110 3719 fidem
3165 3663 3483 3738 Dionysium
3531 3665 3604 3721 ab

2001 3747 2158 3816 initio
2192 3750 2535 3820 praedicasse,
2559 3751 2816 3822 nulloque
2845 3752 3009 3808 modo
3036 3755 3360 3828 participem
3388 3756 3605 3812 Ariana

2002 3841 2297 3911 impietatis
2347 3839 2538 3898 fuisse.
2597 3840 2691 3898 isti
2741 3851 2925 3898 autem
2992 3845 3250 3901 haretica
3301 3848 3602 3918 sapientes,

2001 3948 2156 3988 suam
2180 3932 2516 4004 impietatem
2543 3933 2723 3988 eidem
2755 3934 2963 4006 synodo
2985 3935 3273 4006 applicare
3319 3936 3602 3994 festinant.

2002 4021 2192 4090 Qualis
2220 4033 2404 4079 autem
2465 4009 2551 4080 est
2584 4025 3004 4092 condemnatio,
3049 4035 3108 4082 et
3133 4027 3310 4098 qualis
3355 4028 3609 4090 imminet

2000 4113 2314 4171 maledictio
2342 4115 2423 4171 eis
2469 4114 2561 4185 qui
2599 4116 2657 4170 in
2707 4115 2900 4172 Patres
2947 4125 3198 4188 peccant,
3229 4118 3389 4176 docet
3415 4137 3518 4176 nos
3549 4131 3608 4177 et

2001 4207 2184 4264 divina
2207 4207 2509 4280 Scriptura.
2541 4209 2600 4265 Si
2624 4209 2771 4265 enim
2793 4209 2990 4274 Cbam.
3021 4209 3166 4266 filius
3205 4209 3342 4279 Noe,
3371 4228 3495 4284 cum
3525 4215 3605 4268 τί·

316 4310 538 4363 Ὀποίον
561 4309 620 4363 δέ
654 4311 772 4363 ἐστι
794 4308 1126 4384 ,κατάκριμα
1175 4308 1270 4362 καὶ
1320 4307 1450 4362 ποία
1476 4307 1749 4362 ἐπίκειται
1791 4308 1893 4381 ἀρὰ

2005 4300 2177 4356 disset
2201 4293 2409 4358 nudum
2439 4317 2599 4370 suum
2631 4312 2864 4376 patrem,
2896 4305 3154 4376 quoniam
3184 4322 3296 4362 non
3321 4310 3608 4379 conparuit

302 4403 425 4466 τοῖς
453 4401 533 4465 εἰς
557 4401 803 4472 πατέρας
831 4402 1243 4474 ἁμαρτάνουσιν
1267 4401 1508 4467 διδάσκει
1533 4399 1686 4471 ἡμᾶς
1720 4401 1823 4454 καὶ·
1850 4402 1898 4434 ⁸⁹

301 4493 342 4562 ὴ
377 4489 494 4544 θεία
522 4491 736 4563 Γραφή,
780 4492 860 4546 Ei.
877 4491 988 4562 γὰρ
1016 4491 1148 4564 Χάμ
1179 4493 1208 4546 ὁ
1241 4491 1356 4556 υίὸς
1387 4492 1482 4545 τοῦ
1499 4487 1644 4553 ίΝῶε
1699 4491 1898 4548 θεασά-

305 4592 476 4656 μενος
502 4584 714 4655 γυμνὸν
735 4583 827 4638 τὸν
866 4584 998 4639 [διον
1029 4585 1266 4656 πατέρα,
1298 4585 1394 4638 καὶ
1425 4586 1502 4656 μὴ
1527 4583 1776 4656 καλύψας
1803 4584 1903 4657 τὴν

303 4675 407 4730 τοῦ
440 4675 645 4748 πατρὸς
694 4676 1039 4748 σωματικὴν
1071 4675 1381 4750 γύμνωσιν,
1431 4676 1668 4743 ἐξελθὼν
1721 4678 1904 4750 ἀπήγ-

301 4764 462 4834 γειλε
498 4764 544 4797 ⁶⁶
593 4764 800 4836 ταύτην
834 4763 972 4830 τοῖς¹
1001 4765 1288 4837 ἀδελφοῖς,
1331 4768 1430 4820 καὶ
1457 4767 1657 4822 ἐκεῖνοι
1704 4767 1906 4838 ίματίῳ

298 4857 516 4928 ταύτην
548 4857 1014 4930 περιεσκέπασαν,
1053 4855 1216 4922 αὐτὸς
1266 4859 1324 4912 δὲ
1355 4859 1487 4931 Χάμ
1515 4860 1609 4914 καὶ
1642 4861 1691 4913 oi
1713 4859 1776 4926 ἐξ
1805 4859 1904 4914 αύ-

298 4947 408 5004 τοῦ
447 4951 804 5020 γεννηθέντες
837 4949 950 5004 ὑπὸ
969 4951 1218 5023 κατάραν
1260 4951 1574 5021 γεγόνασιν,
1611 4953 1658 5006 οἱ
1688 4951 1746 5006 δὲ
1781 4969 1906 5007 σκε-

301 5029 592 5106 πάσαντες
615 5043 868 5110 εὐλογίας
905 5042 1156 5114 μεγάλης
1188 5042 1524 5114 ἠξιώθησαν,
1558 5044 1740 5116 πολλῷ
1769 5045 1906 5116 μᾶλ-

297 5135 402 5188 λον
449 5127 596 5189 οὗτοι
647 5133 888 5206 μείζονος
949 5135 1043 5190 καὶ
1094 5133 1176 5188 Ξτι
1225 5135 1471 5201 πλείονος
1523 5135 1900 5208 κατακρίσεώς

300 5229 454 5280 εἰσιν
488 5225 628 5292 aeto:
677 5229 727 5281 ot
761 5227 860 5298 τὴν
893 5215 1162 5310 μηδαμῶς
1202 5227 1514 5299 προσοῦσαν
1565 5227 1792 5300 ἀτιμίαν
1831 5229 1901 5304 τῇ

2003 4393 2174 4464 patris
2205 4393 2544 4482 corporalem
2586 4395 2916 4463 nuditatem,
2966 4397 3064 4454 sed
3094 4412 3353 4470 egressus
3381 4402 3600 4454 nuntia-

1957 4481 1966 4488 ’
2004 4486 2086 4544 vit
2105 4501 2234 4542 eam
2273 4481 2570 4552 fratribus,
2627 4497 2685 4544 et
2742 4487 2820 4542 illi
2866 4489 3198 4551 vestimento
3244 4505 3366 4546 eam
3401 4505 3606 4560 coope-

2009 4584 2268 4642 ruerunt,
2323 4577 2443 4648 ipse
2485 4578 2706 4651 quidem
2750 4579 2962 4645 Cbam,
3014 4589 3074 4635 et
3123 4580 3198 4636 illi
3241 4579 3334 4651 qui
3373 4595 3439 4636 ex
3487 4580 3606 4652 ipso

2009 4671 2123 4726 nati
2171 4680 2324 4736 sunt,
2347 4672 2450 4728 sub
2490 4671 2870 4752 maledictione
2917 4672 3042 4728 facti
3075 4683 3238 4739 sunt;
3274 4672 3366 4744 qui
3407 4681 3593 4729 autem

2009 4773 2430 4835 cooperucrunt,
2482 4778 2732 4834 magnam
2769 4763 3212 4820 benedictionem
3247 4775 3603 4830 meruerunt;

2008 4855 2180 4911 multo
2221 4845 2406 4925 'magis
2453 4855 2543 4910 isti
2581 4855 2808 4926 majore
2856 4866 2914 4912 et
2958 4857 3224 4935 ampliore
3261 4857 3603 4914 condemna-

1967 4941 1974 4948 ’
2009 4947 2155 5004 tione
2194 4948 2341 5020 digni
2371 4996 2376 5000 .
2401 4958 2550 5014 sunt,
2588 4947 2681 5019 qui
2725 4948 2790 5004 ad
2845 4949 3113 5022 synodum
3170 4950 3398 5006 minime
3431 4951 3607 5024 perti-

2007 5051 2227 5098 nentem
2280 5041 2588 5104 infamiam,
2644 5040 2908 5098 festinant
2951 5057 3050 5115 per
3098 5042 3440 5114 impietatem
3482 5045 3602 5116 epi-

2009 5137 2183 5201 stola,
2216 5145 2269 5190 et
2304 5134 2594 5202 Theodori,
2619 5133 2796 5190 cidem
2828 5144 3033 5192 sancta
3071 5137 3281 5206 synodo
3303 5136 3601 5210 applicare.

2011 5226 2116 5281 Sed
2155 5241 2264 5280 non
2299 5224 2427 5279 ideo
2457 5222 2623 5294 impia
2655 5223 2909 5295 epistola,
2940 5225 3026 5280 vel
3063 5225 3424 5285 defendentes
3457 5242 3601 5292 eam,

1619 5410 1856 5467 unus
1887 5389 2292 5466 LECTIONES.

388 5573 436 5605 "
457 5574 570 5636 τοῖς
591 5571 700 5643 ΡΥ.
777 5573 826 5606 ⁸⁸
854 5573 914 5626 Εἰ
950 5572 1064 5626 καί.
1094 5575 1187 5626 Δεῖ
1217 5573 1271 5626 δὲ
1301 5572 1359 5628 Ρ.
1434 5572 1480 5603 ⁸³
1501 5571 1693 5643 δεῖηδὲ
1725 5569 1834 5627 PV.
1908 5570 1954 5604 ⁸⁸
1984 5571 2157 5642 ἀρχῆς
2178 5584 2290 5626 om.
2323 5569 2383 5626 Ρ.
2459 5569 2506 5602 ⁸⁸
2537 5568 2782 5643 κηρύξας
2797 5567 2860 5626 Ρ.
2937 5569 2987 5605 ⁸*
3011 5569 3081 5626 τὰ
3106 5585 3218 5626 om.
3251 5570 3315 5628 P.
3391 5569 3442 5605 ⁸⁸
3473 5568 3602 5626 ἀσέ-

309 5643 474 5698 ϐειαν
502 5657 611 5698 out.
643 5641 705 5695 P.
815 5643 861 5675 "
891 5643 986 5696 καὶ
1011 5658 1124 5697 om.
1155 5643 1216 5698 P.
1295 5645 1341 5676 ‘°
1373 5640 1670 5714 ἐπήγγειλε
1692 5643 1756 5697 Ρ.

521 5737 794 5798 Ρλτῐιοι..
825 5737 942 5797 Gn.
977 5735 1152 5797 XCII.

3213 5732 3290 5796 30
