4040 6418
290 301 396 370 941

1477 302 1912 370 CIIRONICON
1955 309 2359 370 PASCHALE.

3445 302 3555 367 942

287 413 583 488 Πατέρων,
623 411 704 480 οἷς
733 417 778 449 ⁷⁵
810 417 857 470 εί
888 415 962 486 μὴ
993 413 1272 486 βούλονται
1304 415 1588 474 πείθεσθαι
1619 419 1693 482 ὡς
1721 420 1872 490 αἱρε-

1977 420 2108 475 bant
2141 419 2425 475 catholicae
2477 417 2733 474 Ecclesiae
2775 418 3045 482 doctores,
3079 433 3149 471 ne
3191 417 3554 487 simpliciores

285 509 440 564 τιικοὶ⁵
467 509 518 561 oi
543 507 735 562 τούτου
759 509 1224 580 ἀντιποιούμενοι,
1265 512 1332 581 τῇ
1359 510 1492 576 γοῦν
1527 513 1659 582 παρ’
1691 511 1872 565 αὐτῶν

283 597 661 672 ὲκδικουμένῃ
707 597 895 650 ἀσεϐεῖ
921 595 1178 671 ἐπιστολῇ
1237 601 1707 666 πιστευσάτωσαν,
1751 601 1874 671 ἥτις

282 691 339 743 εί
375 690 470 743 καὶ
509 690 576 744 τὰ
609 690 845 760 μάλιστα
882 690 1160 763 Θεόδωρον
1194 693 1416 755 ὲκδικεϊ,
1440 694 1592 763 ὅμως
1625 694 1873 763 φανερῶς

283 781 443 848 λέγει
465 781 549 834 ὅτι
582 780 676 832 καὶ
709 781 798 834 ἐπ’
838 781 1174 852 Ἐκκλησίας
1220 783 1371 854 παρά
1401 785 1574 852 ἁγίων
1615 785 1872 856 Πατέρων

283 871 703 942 ἀνεθεματίσθη
737 873 786 905 ⁷³
819 889 832 902 ⁸
863 873 958 928 καὶ⁵
986 874 1048 940 ἐξ
1083 875 1294 928 ἐκείνου
1325 875 1492 947 πολλὴ
1519 876 1746 947 ζήτησις
1777 875 1871 943 γέ-

281 980 452 1028 γονεν
485 963 752 1034 περὶτῶν
793 963 958 1019 αὑτοῦ
1000 967 1472 1036 συγγραμμάτων,
1498 966 1574 1029 ὡς
1617 966 1872 1030 ἀσεϐείας

279 1041 539 1124 emi-mi
565 1053 1034 1126 πεπληρωμένων.
1058 1056 1228 1110 Τοῦτο
1254 1056 1311 1110 δὲ
1331 1044 1560 1111 ἐποίουν
1573 1057 1872 1128 τηνικαῦτα

284 1149 342 1202 oi.
375 1148 475 1218 τῆς
520 1145 818 1218 καθολικῆς
879 1142 1204 1220 Ἐ’κκλησίας
1249 1149 1562 1204 διδάσκαλοι
1617 1150 1683 1218 ’⁷,
1714 1151 1800 1220 ἐφ’
1827 1142 1872 1217 ᾧ

295 1237 383 1310 μὴ
437 1237 560 1302 τοὺς
600 1238 1002 1307 ἁπλουστέρους
1063 1235 1433 1309 τυγχάνοντας
1485 1243 1598 1304 τοῖς
1660 1239 1869 1294 ἐκείνου

291 1328 520 1382 ἀσεϐέσι
554 1330 954 1401 συγγράμμασι
987 1330 1088 1401 τῆς
1119 1331 1167 1364 ⁷⁸
1203 1329 1371 1404 ὀρθῆς
1415 1330 1870 1404 παρατρέπεσθαι

287 1420 553 1482 πίστεως.
591 1421 714 1484 Ὅτι
752 1421 811 1475 δὲ
853 1423 903 1476 oi
935 1422 983 1454 τ’
1015 1421 1233 1486 ἀσεϐεῖς
1262 1423 1310 1476 el
1363 1415 1462 1476 καὶ
1499 1423 1574 1493 μὴ
1607 1423 1698 1476 τὸν
1727 1422 1870 1477 κατά

283 1511 586 1581 πρόσωπον
607 1512 666 1563 ὲν
684 1511 798 1582 ζωῇ
827 1511 1071 1578 δέξονται
1101 1511 1566 1584 ἀναθεματισμὸν,
1595 1513 1744 1583 ὅμως
1775 1513 1870 1566 καὶ

287 1603 436 1674 μετά
470 1603 702 1657 θάνατον
731 1602 1225 1674 ἀναθεματίζονται
1277 1603 1382 1657 ὑπὸ
1427 1605 1529 1674 τῆς
1571 1603 1869 1675 καθολικῆς

296 1692 634 1771 Ἐκκλησίας
691 1691 968 1746 δείκνυται
1007 1694 1072 1748 ὲκ
1132 1693 1241 1746 τῶν
1273 1693 1446 1762 ἁγίων
1505 1693 1758 1748 συνόδων.
1797 1695 1863 1746 Ἦ

1977 513 2218 582 legentes
2261 511 2407 566 illius
2451 511 2616 581 impia
2644 510 2972 580 conscripta,
3003 524 3035 563 a
3069 517 3214 564 recta
3253 509 3360 567 ﬁde
3388 509 3555 584 decli-

1976 615 2200 659 narent.
2241 603 2398 670 Quod
2446 613 2630 660 autem
2694 603 2870 674 impii,
2927 603 3057 659 licet
3109 618 3217 658 non
3269 607 3324 657 in
3357 603 3552 658 vitain

1975 712 2128 750 suam
2181 711 2471 766 personam
2523 697 2814 752 anathema
2867 696 3226 775 susceperint,
3275 705 3459 756 tamen
3499 703 3556 750 et

1974 797 2097 856 post
2137 795 2366 842 mortem
2414 788 2944 842 anatliematizentur
2967 803 2996 842 a
3022 787 3284 842 catholica
3315 787 3554 842 Ecclesia

1972 881 2283 936 ostenditur
2323 896 2352 934 a
2403 880 2605 935 sanctis
2658 880 2899 950 synodis.
2951 879 3172 934 Nicmna
3207 881 3352 934 enim
3391 895 3552 951 syno-»

1973 971 2076 1026 dus
2099 987 2194 1028 eos
2231 972 2322 1042 qui
2368 971 2516 1042 impii
2554 971 2668 1026 Arii
2707 972 2910 1026 sectam
2959 971 3165 1036 colunt,
3185 972 3304 1028 sine
3331 972 3555 1027 nomine

1972 1065 2470 1119 anathematizavit.
2511 1063 2642 1132 Qua:
2692 1073 2874 1119 autem
2918 1063 3395 1134 Constantinopoli-
3420 1069 3555 1120 con-

1973 1163 2189 1226 gregata
2231 1163 2346 1220 est,
2389 1155 2609 1224 impiam
2649 1155 2948 1210 Macedonii
2988 1148 3242 1210 hmré‘sim
3303 1154 3555 1215 similiter

1972 1245 2392 1300 condemnavit:
2423 1245 2522 1303 sed
2569 1253 2748 1300 tamen
2803 1254 2994 1300 sancta
3057 1245 3150 1300 Dei
3206 1245 3445 1301 Ecclesia
3499 1253 3556 1300 et

1972 1343 2094 1405 post
2141 1345 2379 1390 mortem
2436 1334 2626 1390 Arium
2683 1345 2740 1392 et
2792 1336 3166 1403 Macedonium
3229 1337 3552 1394 nominatim

1970 1427 2396 1482 anathematizat
2410 1419 2954 1500 [anathematizavit].
2973 1427 3105 1482 Cum
3130 1436 3312 1482 autem
3325 1444 3390 1483 ex
3410 1425 3554 1482 mul-

1972 1515 2042 1572 tis
2074 1517 2492 1586 probationibus
2521 1517 2934 1572 -convincuntur
2957 1557 2970 1581 ,
3023 1517 3170 1588 quod
3213 1531 3555 1587 supervacue

1969 1616 2026 1662 et
2065 1607 2233 1678 impie
2265 1615 2436 1680 agunt
2470 1607 2563 1678 qui
2599 1607 2946 1664 Theodorum
2985 1616 3040 1662 et
3069 1609 3402 1678 impietatem
3433 1608 3580 1678 ejus'

1969 1698 2289 1763 defendunt,
2325 1700 2391 1754 ad
2415 1699 2575 1754 aliam
2607 1715 2799 1760 vanam
2839 1699 3181 1754 occasionem
3212 1698 3550 1770 confugiunt,

285 1783 394 1854 μὲν
421 1785 532 1853 γὰρ
563 1785 622 1838 ἐν
651 1784 860 1856 Νικαίᾳ
887 1785 1014 1849 τοὺς
1047 1785 1109 1839 τὸ
1139 1785 1334 1849 ἀσεϐὲς
1375 1785 1586 1856 Ἀρείου
1615 1786 1870 1857 φρόνημα

1975 1791 2223 1876 dicentes
2263 1807 2375 1846 non
2405 1800 2660 1862 oportere
2688 1807 2814 1846 eum
2849 1790 3294 1846 anathematizari
3320 1807 3386 1847 eo
3409 1793 3554 1862 quod

281 1871 694 1940 πρεσϐεύοντας
717 1872 1018 1942 ἀνωνύμως
1040 1873 1453 1944 ἀνεθεμάτισεν,
1482 1875 1517 1945 ἡ
1542 1874 1600 1928 δὲ
1629 1873 1686 1928 ἐν
1708 1875 1864 1929 Κων-

282 1963 732 2018 σταντινουπόλει
761 1967 862 2037 τὴν
883 1966 1222 2020 Μακεδονίου
1241 1967 1613 2037 ἀσεϐεστάτην
1630 1965 1752 2040 αἴρε
1761 1984 1866 2022 σιν·

283 2055 405 2108 ἀλλ’
441 2056 591 2124 ὅμως
615 2058 647 2126 ή
679 2055 814 2124 ἁγία
837 2056 930 2110 τοῦ
954 2057 1091 2112 Θεοῦ
1141 2057 1438 2128 Ἐκκλησία
1463 2058 1558 2110 καὶ
1599 2059 1738 2128 μετά
1767 2054 1880 2112 θά-“

290 2165 449 2201 νατον
490 2147 713 2217 Ἀρειον
772 2148 867 2204 καὶ
895 2147 1232 2211 Μακεδόνιον
1285 2151 1546 2220 ὀνομαστὶ
1591 2149 1868 2221 ἀναθεμα-

290 2237 449 2301 τίζει.
497 2239 592 2292 Ἐκ
635 2238 848 2293 πολλῶν
881 2239 938 2293 δὲ
991 2241 1102 2292 τῶν
1139 2239 1473 2305 ἀποδείξεων
1519 2240 1868 2312 ἐλεγχόμενοι

285 2330 366 2392 ὡς
393 2325 654 2386 ἀσεϐοῦσι
685 2330 941 2402 διακενῆς
964 2332 1010 2364 ⁸⁸
1037 2332 1088 2384 oi
1135 2331 1416 2404 Θεοδώρου
1455 2335 1554 2406 και
1598 2334 1699 2404 τῆς
1737 2336 1868 2388 ἀσε-

281 2422 442 2486 ϐείας
478 2422 644 2478 αὐτοῦ
698 2416 1160 2494 ἀντιποιούμενοι,
1217 2425 1386 2496 368
1415 2425 1502 2494 ἐφ’
1537 2425 1732 2497 ἑτέραν
1763 2443 1867 2496 μαη

277 2515 448 2569 ταίαν
504 2517 780 2586 πρόφασιν
831 2515 1264 2586 καταφεύγουσι,
1335 2517 1593 2584 λέγοντες
1643 2517 1719 2588 μὴ
1757 2517 1870 2572 δεῖν

284 2606 458 2660 αὐτὸν
511 2605 1016 2678 ἀναθεματισθῆναι
1063 2607 1152 2662 διά
1183 2607 1244 2661 τὸ
1279 2607 1337 2660 ὲν
1367 2610 1435 2678 τῇ
1485 2608 1738 2680 κοινωνίᾳ
1759 2607 1869 2660 τῶν

301 2696 648 2769 Ἐκκλησιῶν
677 2679 1148 2768 τετελευτηκέναιξ
1185 2698 1332 2752 Ἔδει
1353 2697 1411 2752 δὲ
1444 2680 1640 2762 αὐτοὺς
1666 2679 1870 2752 είδέναι

278 2787 362 2852 ὡς
417 2789 618 2844 ἐκεῖνοι
669 2789 998 2843 τελευτῶσιν
1060 2791 1120 2844 ὲν
1167 2793 1234 2861 τῇ
1273 2791 1531 2863 κοινωνίᾳ
1567 2789 1678 2844 τῶν
1747 2791 1870 2844 Ἐκέ

279 2879 529 2962 κλησιῶν
554 2882 605 2935 oi
649 2881 930 2945 τδκοινὸν
956 2883 1057 2952 τῆς
1102 2881 1390 2946 εὐσεϐείας
1443 2881 1620 2954 δόγμα
1669 2883 1734 2938 τὸ
1775 2883 1872 2938 ἐπὶ

277 2973 390 3042 τῆς
429 2971 726 3043 καθολικῖγς
759 2971 1165 3044 κηρυττόμενον
1203 2973 1531 3044 Ἐκκλησίας
1567 2974 1730 3046 μέχρι
1772 2975 1863 3028 τὲ-

1976 1885 2032 1939 in
2063 1885 2560 1940 communicatione
2589 1883 2956 1939 Ecclesiarurn
2987 1892 3236 1939 mortuus
3251 1893 3354 1940 est.
3378 1884 3556 1954 Opor-

1977 1977 2126 2031 tebat
2153 1985 2333 2036 autem
2358 1977 2498 2031 scire
2511 1977 2784 2046 eos,quod
2807 1975 2880 2030 illi
2899 1975 3210 2030 moriuntur
3232 1976 3286 2030 in
3307 1979 3556 2031 comma-

1975 2067 2248 2122 nicatione
2272 2066 2652 2140 Ecclesiarmu,
2681 2067 2771 2137 qui
2793 2083 3083 2122 commune
3105 2067 3320 2136 pietatis
3340 2067 3557 2138 dogma,

1963 2157 2108 2228 quod
2149 2157 2202 2211 in
2253 2157 2544 2213 universali
2594 2157 2834 2212 Ecclesia
2870 2153 3214 2227 praedicatur,
3279 2171 3452 2227 usque
3489 2159 3558 2211 ad

1969 2249 2134 2304 linem
2158 2257 2544 2319 servaverunt.
2577 2247 2684 2306 lste
2718 2258 2902 2304 autem
2940 2265 3115 2320 usque
3146 2251 3215 2304 ad
3244 2258 3476 2304 mortem
3502 2249 3557 2304 in

1973 2354 2072 2394 sua
2113 2353 2445 2409 permanens
2477 2339 2778 2414 impietate,
2803 2339 2873 2394 ab
2894 2340 3046 2395 omni
3077 2339 3318 2396 Ecclesia
3347 2339 3560 2410 eiectus

1967 2440 2070 2485 est.
2101 2430 2303 2500 'ltaque
2339 2438 2397 2485 et
2416 2429 2910 2500 omnis‘plenitudo
2943 2429 3342 2500 Mapsuestenm
3371 2428 3559 2485 Eccle-

1966 2521 2084 2584 size,
2134 2521 2190 2575 in
2225 2535 2332 2590 qua
2355 2519 2646 2590 episcopus
2671 2519 2870 2576 dicitur
2890 2517 3083 2593 fuisse,
3109 2535 3234 2575 cum
3260 2519 3562 2577 invenisset

1967 2612 2113 2684 quod
2154 2613 2380 2683 paganis
2421 2619 2480 2666 et
2514 2611 2718 2668 Iudaeis
2769 2619 2828 2667 et
2868 2609 3238 2670 Sodomitaais
3276 2626 3306 2665 a
3353 2612 3561 2668 sanctis

1967 2701 2224 2758 Patribus
2275 2710 2704 2758 connumeratus
2732 2708 2838 2766 est,
2871 2701 3196 2756 deleverunt
3227 2700 3350 2772 ipsi.
3369 2715 3438 2756 ex
3465 2700 3561 2758 illo

1967 2812 1998 2851 a
2028 2795 2198 2851 sacris
2226 2793 2484 2852 Ecclesiae
2523 2792 2793 2866 diptyehis
2819 2793 2940 2864 ejus
2964 2807 3188 2859 nomen,
3231 2793 3372 2849 sicut
3407 2801 3561 2866 gesta

1968 2887 2036 2944 de
2067 2887 2172 2942 hoc
2215 2885 2270 2940 in
2317 2885 2508 2941 eadem
2547 2885 2768 2941 civitate
2815 2885 2960 2956 apud
3013 2883 3307 2940 concilium
3340 2881 3560 2954 episeo-

1970 2987 2163 3044 porum
2194 2971 2340 3026 illius
2368 2971 2664 3042 provinciae.
2683 2969 2932 3049 confecta
2959 2970 3280 3025 ostendunt.

285 3065 415 3132 λους
460 3063 821 3134 φυλάξαντες.
871 3056 1040 3126 Οὗτος
1083 3063 1142 3118 δὲ
1189 3067 1258 3136 τῇ
1296 3065 1474 3136 οἰκείᾳ
1519 3065 1910 3138 ὲντελευτήσας
1951 3063 2180 3136 ἀσεϐείᾳ
2219 3063 2332 3120 ἀπὸ
2377 3063 2562 3132 πάσης
2613 3063 2944 3136 Ἐκκλησίας
2994 3060 3286 3136 ἐξεϐλήθη.
3339 3061 3561 3136 Ἀμέλει

281 3172 376 3211 τοι
403 3157 498 3211 καὶ⁵
549 3157 658 3210 πᾶν
705 3153 769 3210 τὸ
820 3154 1098 3227 πλήρωμα
1163 3155 1264 3226 τῆς
1303 3157 1360 3208 ὲν
1401 3156 1794 3229 Μομψουεστίᾳ
1822 3158 1866 3190 ⁸⁸
1912 3152 2262 3226 Ἐκκλησίας,
2286 3151 2402 3228 ἐνῇ
2435 3155 2658 3226 λέγεται
2707 3156 3007 3221 ἐπίσκοπος
3064 3155 3416 3227 γεγενῆσθαι,
3470 3157 3562 3211 διὰ

287 3249 398 3312 τάς
429 3246 804 3318 βλασφημίας,
844 3242 912 3300 δι’
937 3243 1118 3314 ἇσπερ
1148 3244 1380 3316 Ἕλλησί
1394 3261 1454 3298 τε
1481 3245 1580 3299 καὶ
1613 3244 1882 3323 Ἰουδαίοις
1915 3247 2012 3300 καὶ
2055 3243 2380 3314 Σοδομίταις
2425 3243 2580 3314 παρά
2627 3241 2739 3296 τῶν
2791 3243 2963 3312 ἁγίων
3022 3243 3289 3316 πατέρων·
3313 3245 3564 3318 συνηριθι

262 3339 468 3411 -μήθην
501 3325 817 3408 ﬁnitimam
845 3335 890 3369 ⁸³
920 3333 982 3400 ἐξ
1041 3335 1256 3400 ἐκείνου
1301 3333 1412 3388 τῶν
1465 3335 1629 3408 ἱερῶν
1670 3333 1771 3404 τῆς
1831 3331 2160 3406 Ἐκκλησίας
2205 3329 2484 3408 διπτύχων
2521 3331 2620 3403 τὴν
2660 3330 2853 3386 τούτου
2895 3332 3292 3404 προσηγορίαν,
3347 3333 3449 3398 ὡς.
3493 3336 3562 3391 τὰ

294 3432 434 3502 περὶ
457 3431 651 3486 τούτου
685 3429 959 3485 συστάντα
1006 3429 1150 3482 κατά
1185 3428 1289 3499 τὴν
1319 3428 1490 3498 αὐτὴν
1521 3428 1676 3490 πόλιν
1728 3428 1879 3498 παρά
1907 3429 1974 3498 τῇ
2015 3425 2220 3500 συνόδῳ
2247 3425 2348 3494 τῆς
2377 3425 2654 3496 ἐπαρχίας
2687 3425 3060 3497 ὑπομνήματα
3089 3425 3380 3484 δείκνυσιν.

369 3541 390 3577 ι
417 3523 784 3592 Θαυμάζομεν
827 3521 1010 3574 τοίνυν
1052 3519 1180 3584 τοὺς
1222 3513 1573 3582 ἔκδικοῦντας
1601 3519 1872 3588 Θεόδωρον

2055 3535 2074 3568 ι
2113 3515 2374 3572 Miramur
2427 3515 2594 3586 igitur
2639 3513 2910 3570 Theodori
2963 3531 3260 3587 sequaces,
3293 3519 3389 3590 qui
3432 3537 3560 3577 eum

281 3615 695 3686 οἰκειουμένους
722 3611 885 3666 αὐτόν
912 3627 973 3664 τε
998 3610 1094 3665 καὶ
1117 3609 1218 3681 τὴν
1247 3609 1412 3681 αὑτοῦ
1439 3609 1716 3673 ἀσέϐειαν,
1739 3610 1875 3662 ὅπου

283 3723 357 3776 γε
392 3706 428 3776 ἠ
473 3701 770 3776 Ἐκκλησία
803 3703 862 3756 ὲν
896 3694 930 3774 ᾗ
975 3701 1202 3769 γέγονεν
1232 3699 1534 3762 ἐπίσκοπος
1561 3698 1637 3762 ὡς
1670 3699 1876 3770 αἱρετι-

285 3797 390 3852 κὸν
419 3797 482 3849 ὲκ
515 3794 728 3848 πολλῶν
756 3791 866 3846 τῶν
894 3783 1111 3862 χρόνων·
1145 3790 1308 3844 αὐτὸν
1353 3789 1662 3844 ἀπεϐάλετο
1679 3790 1876 3844 ⁸³.Ὄτι

283 3890 348 3944 δὲ
383 3888 476 3941 ἐπὶ
505 3885 830 3958 κατακρίσει
857 3883 1038 3954 οἰκεία
1071 3882 1168 3954 τὴν
1193 3881 1452 3952 τοιαύτην
1483 3874 1875 3952 προϐάλλονται

285 3981 570 4055 πρόφασιν
593 3977 937 4046 οίΘεόδωιρον
963 3969 1304 4037 εκδικοῦντες
1333 3971 1510 4042 ἔξεστι
1543 3971 1748 4040 γνῶναι
1781 3968 1876 4026 καὶ
1905 4015 1908 4020 .

285 4073 354 4140 ἐξ
389 4069 556 4125 αὐτοῦ
585 4066 702 4123 ,τοῦ
751 4067 846 4121 ἐπὶ
863 4065 910 4134 ⁸⁴¹,
940 4065 1114 4120 Ἰούδα
1147 4063 1442 4134 γενομένου
1473 4061 1708 4133 φοϐεροῦ
1754 4061 1874 4134 κρί-

289 4179 486 4234 ματος.
504 4160 743 4223 Ἐκεῖνος
773 4159 885 4230 γὰρ
915 4157 1144 4227 νομίσας
1172 4155 1460 4212 λανθάνειν
1490 4154 1582 4208 τὸν
1631 4153 1700 4207 τὰ
1743 4171 1876 4226 κρυ-

289 4253 412 4310 πτά
441 4254 550 4308 τῶν
577 4249 882 4326 ἀνθρώπων
909 4249 1250 4319 γινώσκοντα
1275 4245 1605 4318 ἐκοινώνησε
1634 4246 1744 4300 τῶν
1773 4265 1876 4317 μυ-

288 4349 534 4420 στηρίων
583 4349 696 4410 τοῖς
745 4342 1087 4406 ἀποστόλοις.
1125 4339 1264 4396 Ἀλλ’
1311 4341 1462 4421 ὅμως
1511 4339 1665 4393 οὐδὲν
1713 4331 1876 4392 αὐτὸν

286 4439 504 4510 ὤνησεν
544 4437 640 4491 καὶ
689 4437 786 4508 ii"
833 4434 972 4506 μετά
1029 4431 1372 4510 ὑποκρίσεως
1426 4431 1702 4497 κοινωνία,
1747 4430 1876 4486 ἀλλ’

285 4529 415 4584 οὐδὲ
447 4528 508 4582 τὸ
530 4521 796 4598 καὶμετά
826 4525 1056 4579 θάνατον
1076 4509 1252 4578 ἀὐτοῦ
1283 4521 1488 4576 δώδεκα
1507 4514 1874 4598 ὀνομασθῆναι

289 4620 422 4682 τοὺς
461 4616 728 4689 μαθητὰς,
762 4615 839 4681 ῶς
865 4631 1032 4685 φησιν
1065 4613 1317 4684 Ἰωάννης
1337 4611 1385 4646 ⁸⁸
1421 4612 1453 4666 δ
1483 4611 1875 4682 εὐαγγελιστὴς

291 4710 468 4778 λέγων
486 4725 503 4742 ·
544 4707 752 4778 Θωμᾶς
777 4705 847 4761 δὲ
887 4709 920 4760 ό
957 4707 1285 4776 λεγόμενος
1313 4703 1590 4773 Δίδυμος,
1634 4698 1724 4770 εἷς
1755 4701 1876 4758 τῶν

286 4802 398 4868 ιβ’,
432 4803 546 4856 οὐκ
569 4797 650 4870 ἦν
669 4798 796 4870 μετ’
825 4796 1024 4858 αὐτῶν
1052 4795 1151 4850 ὅτε
1173 4780 1362 4867 ἦλθεν
1388 4793 1697 4863 όἸησοῦς,
1723 4794 1756 4866 ἦ
1785 4795 1874 4859 ἐξ·

1978 3615 2036 3661 et
2073 3605 2411 3676 impietatem
2441 3606 2562 3675 ejus
2595 3613 2851 3676 tanquam
2881 3620 3034 3679 suam
3069 3606 3400 3685 defendunt,
3433 3627 3560 3667 eum

1979 3697 2254 3760 Ecclesia,
2288 3698 2342 3751 in
2372 3713 2478 3767 qua
2525 3697 2631 3752 fuit
2657 3698 2979 3768 episcopus,
3014 3707 3203 3769 utpote
3241 3701 3560 3759 liaereticum

1977 3801 2044 3839 ex
2100 3785 2287 3840 multis
2346 3785 2722 3864 temporibus.
2752 3801 2877 3850 eum
2933 3785 3160 3855 ejecerit
3208 3785 3412 3860 (eiecit.
3483 3793 3560 3847 ila

1976 3876 2219 3950 [βίαιοι]
2274 3875 2430 3942 Quod
2479 3887 2663 3933 autem
2715 3875 2798 3934 ad'
2831 3867 3343 3936 condemnationem
3402 3897 3554 3938 suam

1979 3966 2511 4034 talemoccasionem
2541 3977 2858 4038 proponunt
2895 3967 3212 4023 defensores
3249 3968 3554 4032 Theodori.

1976 4049 2288 4114 seire'licet
2330 4067 2387 4114 et
2418 4073 2484 4114 ex
2537 4059 2656 4130 ipso
2702 4059 2965 4114 adversus
3018 4059 3212 4116 Judam
3259 4059 3405 4131 facto
3443 4070 3562 4118 tre-

1977 4148 2177 4204 mendo
2204 4149 2428 4218 judicio.
2452 4149 2547 4204 Ille
2581 4151 2728 4204 enim
2763 4165 2888 4222 cum
2923 4160 3170 4218 putasset
3215 4139 3386 4210 latere
3431 4169 3558 4210 eum

1976 4243 2066 4312 qui
2103 4243 2313 4296 occulta
2355 4242 2637 4297 hominum
2664 4243 2979 4314 cognoscit,
3017 4246 3376 4301 sacramentis
3403 4262 3546 4302 com-

1976 4333 2274 4389 municavit
2297 4349 2420 4389 cum
2448 4335 2708 4404 apostolis
2742 4353 2754 4389 :
2791 4337 2885 4390 sed
2931 4346 3114 4393 tamen
3160 4338 3296 4393 nihil
3329 4339 3378 4395 ei
3431 4356 3554 4410 pro-

1977 4426 2094 4505 fuit
2119 4425 2266 4497 quod
2314 4441 2440 4481 cum
2468 4426 2593 4482 dolo
2621 4429 3069 4485 communicavit.
3107 4431 3214 4485 Sed
3262 4431 3394 4487 licet
3435 4439 3556 4502 post

1977 4527 2206 4574 mortem
2277 4519 2396 4589 eius
2457 4519 2743 4574 duodecim
2799 4507 3064 4576 nominati
3121 4523 3231 4578 sint
3268 4524 3554 4596 discipuli,

1976 4613 2118 4666 sicut
2155 4611 2406 4682 Joannes
2457 4612 2787 4682 evangelista
2825 4612 2957 4667 dicit
3005 4631 3020 4667 :
3073 4613 3296 4670 Thomas
3343 4627 3557 4683 autem,

1975 4705 2066 4773 qui
2100 4704 2358 4775 Didymus
2387 4705 2677 4770 dicebatur,
2709 4723 2845 4760 unus
2873 4723 2938 4760 ea;
2969 4707 3278 4774 duodecim,
3311 4725 3413 4764 non
3442 4721 3560 4765 erat

1977 4813 2094 4852 cum
2128 4797 2257 4866 ipsis
2319 4783 2539 4869 quando.
2565 4799 2704 4853 venit
2759 4797 3026 4870 [veneraL
3078 4801 3154 4854 sic
3207 4810 3257 4855 et
3318 4800 3560 4877 Leuncl.]

283 4855 444 4966 ἀιρεῖ
482 4855 604 4946 τὸν⁸
627 4855 826 4945 Ἰούδαν
874 4855 975 4960 τῆς
1021 4855 1420 4957 κατακρίσεως,
1451 4887 1485 4957 ἢ
1505 4855 1872 4958 ’συνανριθνμεί-

1976 4888 2127 4943 Iesus
2157 4905 2175 4944 :
2217 4855 2396 4944 tamen
2432 4891 2536 4944 hoc
2566 4905 2676 4944 non
2715 4855 2908 4946 liberat
2939 4891 3132 4947 Judam
3163 4907 3193 4946 a
3223 4855 3560 4950 condemnat:

287 4984 422 5039 σθαι
449 4985 595 5037 ποιεῖ
621 4984 733 5048 τοῖς
763 4979 1103 5044 ἀποστόλοις.
1127 4977 1348 5050 Ἀμέλει
1377 4994 1458 5032 τοι
1488 4977 1628 5048 μετά
1652 4976 1752 5048 τὴν
1777 4976 1872 5030 τοῦ

1981 4979 2126 5034 tione
2148 5019 2163 5044 ,
2193 4990 2290 5035 aut
2319 4981 2701 5036 connumerari
2754 4981 2881 5038 facit
2931 4984 3212 5053 apostolis.
3245 4983 3402 5040 Unde
3437 4995 3560 5056 post

287 5075 504 5146 Κυρίου
531 5073 797 5144 ἀνάληψιν
824 5073 874 5126 oi
893 5070 1190 5128 ἀπόστολοι
1235 5069 1306 5124 δι’
1333 5069 1540 5132 οἰκείας
1563 5067 1746 5138 ψήφοτ
1781 5071 1872 5120 τὸν

1979 5070 2354 5124 ascensionem
2387 5071 2598 5125 Domini
2624 5111 2639 5130 .
2670 5073 2901 5142 apostoli
2928 5089 3026 5144 per
3053 5089 3207 5130 suam
3231 5078 3562 5132 sententiam

286 5165 460 5220 αὐτὸν
497 5163 696 5218 Ἰούδαν
739 5164 834 5218 καὶ
887 5161 1024 5234 μετά
1071 5160 1304 5214 θάνατον
1340 5157 1727 5222 κατεδίκασαν,
1779 5159 1872 5212 καὶ

1979 5159 2230 5213 eumdem
2275 5159 2467 5213 Judam
2517 5161 2680 5231 etiam
2707 5170 2841 5238 post
2886 5169 3118 5215 mortem
3162 5161 3565 5217 condemnave-

193 5268 212 5307 :
287 5253 486 5324 ἕτερον
535 5255 928 5324 ἀντεισήγαγον
948 5251 1014 5305 ⁸⁷.
1039 5251 1163 5304 Ὅτι
1207 5249 1265 5304 δὲ
1316 5249 1552 5320 ματαίαν
1601 5249 1872 5316 πρόφασιν

1981 5257 2110 5301 runt
2131 5287 2146 5308 .
2177 5259 2232 5302 et
2259 5249 2424 5302 alium
2453 5265 2554 5320 pro
2585 5250 2676 5304 illo
2699 5250 3149 5323 introduxerunt.
3177 5249 3333 5319 Quod
3381 5261 3564 5308 autem

288 5343 692 5416 προϐάλλονται
720 5345 972 5412 λέγοντες
1001 5342 1076 5412 μὴ
1101 5341 1209 5420 δεῖν
1235 5340 1362 5402 τοὺς
1389 5331 1759 5401 τελευτῶντας
1786 5339 1872 5391 al-

1983 5356 2176 5396 vanam
2231 5339 2444 5414 [unam]
2493 5342 2840 5398 occasionem
2899 5353 3254 5428 proponunt,
3289 5344 3568 5402 dicentes

1592 5428 1826 5486 VARIAE
1858 5431 2034 5488 LEC'I‘
2043 5432 2154 5489 ΙοΝ
2163 5434 2262 5490 ES.

367 5530 415 5562 "
443 5524 524 5590 οἷς
547 5544 658 5583 om.
690 5527 754 5581 V.
831 5527 876 5559 ⁷⁸
903 5525 1132 5596 ἀναθεμε
1160 5527 1223 5580 P.
1300 5525 1349 5596 ’ἶ
1368 5523 1678 5596 διδάσκαλοι
1697 5539 1806 5578 om.
1835 5523 1894 5579 γ.
1973 5526 2016 5558 ⁷⁸
2035 5527 2133 5594 τῆς
2162 5529 2230 5584 P-
2302 5529 2348 5563 ⁷⁸
2373 5531 2422 5583 oi
2442 5543 2550 5584 om.
2585 5529 2651 5582 P.
2725 5529 3036 5592 ⁸⁶διακενῶς
3061 5528 3123 5582 P.
3198 5525 3240 5596 ἐ
3265 5526 3476 5596 Μόψου.
3498 5525 3562 5596 P_.

288 5599 688 5740 ⁸¹ἱ⁵ἀήπείλειψὲν
717 5599 777 5652 Ρ.
853 5596 902 5629 ⁸³
947 5592 1283 5651 ἀπεϐάλλετο
1321 5592 1432 5648 PV.
1508 5593 1556 5624 ”
1582 5596 1709 5663 περὶ
1745 5596 1800 5648 Ρ.
1880 5596 1984 5666 ειυὴ
2025 5592 2206 5651 ριήκαὶ
2231 5614 2338 5652 οη..
2374 5598 2432 5652 P.
2510 5600 2554 5632 ⁸⁸
2600 5599 2874 5670 Ἰωάννης.
2909 5615 2996 5661 xx,
3029 5597 3122 5652 ‘24.
3183 5594 3376 5682 ξτάντ’
3399 5592 3562 5647 αὑτοῦ

301 5684 328 5720 ε
422 5685 590 5739 γαγον
666 5710 679 5723 .
935 5725 942 5731 ,
1063 5716 1068 5722 .
3220 5681 3268 5698 ,υ
