4040 6442
451 2512 472 2564 ὀ

501 363 601 430 947
870 383 877 392 ·
1688 371 2102 432 CHRONICOL‘

2193 373 2508 433 PASL‘HAL
2521 375 2585 434 Ε.
3653 375 3742 440 948

503 493 582 536 rat
642 465 940 554 episcopus
998 485 1141 541 idem
1187 495 1391 541 sanctae
1453 488 1726 542 memoriae
1792 487 2085 558 Gregorius

2193 491 2528 544 Kamzaaoxo
2547 507 2575 541 ν
2605 488 2934 560 μητρόπολις
2957 504 2971 518 ’
2999 490 3098 559 τῆς
3130 487 3186 541 δὲ
3209 488 3378 559 αὐτῆς
3409 485 3595 557 χώρας
3619 491 3746 544 ἐστὶν

501 584 556 629 et
583 575 852 634 Arianzus
879 577 1145 648 praedium
1165 619 1179 643 ,
1203 579 1349 634 unde
1381 589 1534 634 ortus
1562 579 1759 634 fuerat.
1794 579 1907 635 Hoc
1931 580 2079 634 enim

2193 583 2225 651 ἡ
2250 581 2577 648 Ναζιανζὸς,
2607 578 2676 654 ἦς
2705 581 2929 665 γέγονεν
2959 579 3252 644 ἐπίσκοπος
3272 581 3300 633 ὁ
3319 579 3486 643 αὐτὸς
3515 581 3573 634 ἐν
3595 581 3748 649 ἁγίοις

502 675 556 721 et
596 669 731 737 ipsae
756 671 998 742 epistola!
1031 680 1218 740 aperte
1264 671 1570 742 significant
1592 710 1606 733 ,
1637 673 1956 726 memoriam
2001 673 2084 724 fa-

2193 673 2408 744 Γρηγόρ
2419 687 2495 735 ιος
2514 671 2580 737 ³⁸,
2615 671 2710 725 καὶ
2731 669 3016 742 ’Δριανζὸς
3041 668 3102 722 τὸ
3125 668 3342 739 χωρίον,
3369 669 3498 723 ὅθεν
3525 669 3748 741 ὥρμητο.

502 757 715 814 cientes
769 759 1224 835 consuetudinum
1259 771 1316 815 et
1362 761 1784 824 collectionum,
1833 769 1889 817 et
1935 756 2084 832 ejus-

2193 765 2370 818 Τοῦτο
2397 763 2507 835 γὰρ
2537 763 2632 818 καὶ
2673 763 2836 817 αὐταὶ
2877 760 3066 828 σαφῶς
3100 759 3351 831 δηλοῦσιν
3380 761 3440 814 αἱ
3473 760 3750 828 ἐπιστολαὶ,

505 848 629 902 dent
661 829 850 920 praedii
883 851 1132 917 Arianzi,
1179 860 1234 906 et
1283 852 1515 907 aliorum
1563 853 1892 922 prandiorum
1943 829 2089 923 ejus-

2195 871 2260 926 με
2271 829 2543 925 μνιημέναι
2562 853 2702 907 ἐθῶν
2721 853 2766 884 ⁸³
2795 851 2888 906 καὶ
2917 851 3078 922 371
3111 829 3344 904 συνόδων
3366 851 3467 904 καὶ
3489 850 3586 903 τοῦ
3607 851 3752 904 αὑτοῦ

507 941 633 994 dem
693 942 1026 1012 provinciae,
1060 951 1116 998 et
1160 945 1371 999 mensis
1395 945 1686 1000 vernacula
1730 945 1914 1017 lingua
1943 944 2087 1015 Cap-

2193 947 2396 1016 χωρίου
2446 944 2736 1018 ’Λριανζοῦ
2791 945 2886 997 καὶ
2935 944 3142 1013 ἐτέρων
3191 943 3410 1013 χωρίων
3458 941 3560 1012 τῆς
3604 943 3752 1013 αὐτῆς

507 1033 776 1104 padopum
795 1035 1080 1102 nominati,
1109 1045 1164 1090 et
1180 1035 1464 1108 Bosphorii
1487 1034 1742 1108 episcopi.
1761 1038 1864 1092 sub
1896 1038 2088 1091 eodem

2193 1036 2462 1106 ἐπαρχίας
2497 1035 2591 1088 καὶ
2633 1033 2818 1104 μηνῶν
2837 1033 2880 1066 ¹⁸
2909 1034 2977 1103 τῇ
3010 1031 3290 1102 ἐπιχωρίῳ
3315 1030 3588 1101 διαλέκτῳ
3616 1032 3750 1084 Καπ-

507 1126 796 1181 Theodoro
817 1127 1118 1191 constituti,
1149 1128 1240 1198 qui
1271 1137 1401 1183 tunc
1423 1129 1682 1199 temporis
1696 1128 1937 1184 Coloniae
1957 1129 2092 1184 civi-

2195 1121 2447 1174 παδοκείν
2473 1112 2878 1191 ὠνομασμένων
2909 1119 3002 1174 καὶ
3031 1119 3328 1190 Βοσπορίου
3349 1119 3651 1172 ἐπισκόπου
3670 1121 3756 1174 ὑπ’

506 1209 634 1264 tatis
645 1209 888 1279 ejusdem
907 1211 1198 1280 provinciae
1213 1211 1502 1282 episcopus
1521 1223 1655 1279 erat,
1673 1213 1968 1267 etaliorum
1987 1213 2094 1282 epi-

2195 1212 2361 1265 αὐτὺν
2385 1212 2670 1275 τελοῦντος
2697 1211 2974 1274 Κολωνίας
2993 1211 3036 1244 ⁸³
3064 1209 3167 1281 τῆς
3197 1210 3402 1274 πόλεως
3441 1210 3540 1264 καὶ
3575 1209 3773 1295 ἐτέρων.

505 1295 815 1371 scoporum,
858 1311 914 1358 et
949 1303 1464 1374 chorepiscoporum
1508 1312 1564 1360 et
1614 1305 2092 1369 monasterioruln,

2199 1304 2516 1357 ἐπισκόπων
2547 1305 2642 1360 καὶ
2679 1304 3111 1375 χωρεπισκόπων
3138 1304 3234 1358 καὶ
3266 1302 3648 1374 μοναστηρίων
3670 1302 3756 1356 ὑπὸ

504 1407 627 1462 quae
651 1393 754 1448 sub
773 1392 1046 1448 Theodori
1069 1395 1450 1464 iurisdictione
1470 1404 1646 1458 erant,
1669 1412 1900 1466 quorum
1923 1411 2096 1465 usque

2197 1388 2318 1446 τδν’
2339 1392 2502 1446 αὑτὸν
2522 1393 2564 1425 ⁸⁸
2605 1391 2909 1446 τελούντων
2933 1391 3209 1462 Θεόδωρον
3247 1389 3683 1461 μνημονεύουσαι
3702 1391 3754 1457 ¹⁷,

508 1492 658 1537 nunc
684 1479 874 1534 eadem
903 1479 1124 1536 nomina
1156 1483 1467 1536 servantur.
1517 1480 1703 1548 Qualis
1749 1498 1910 1552 porro
1948 1497 2099 1536 com-

2198 1480 2273 1540 ὧν
2301 1484 2399 1539 καὶ
2426 1483 2586 1556 μέχρι
2619 1483 2714 1538 νῦν
2741 1483 2974 1548 σώζεται
3001 1483 3070 1538 τὰ
3096 1483 3235 1540 αῦτά
3265 1482 3531 1553 ὀνόματα.
3561 1483 3686 1537 Ποῖα
3709 1483 3756 1536 δὲ

505 1568 698 1624 munio
749 1568 1164 1642 Cappadocibus
1209 1572 1275 1628 ad
1345 1573 1641 1632 secundam
1689 1563 1934 1628 Ciliciam
1965 1616 1978 1640 ,
2014 1574 2096 1629 vel

2204 1576 2468 1646 μετουσία
2501 1575 2891 1639 Καππαδόκοις
2925 1567 3062 1646 πρὸς
3090 1576 3216 1638 τοὺς
3245 1574 3353 1628 ἀπὸ
3380 1574 3493 1653 τῆς·
3527 1575 3758 1644 δευτέρας

511 1670 644 1717 tunc
664 1699 680 1726 ,
711 1661 800 1716 vel
835 1662 999 1718 modo
1034 1661 1209 1718 divisa
1239 1660 1430 1719 earum
1462 1665 1872 1736 provinciarum
1901 1667 2101 1736 guber-

2201 1671 2456 1734 Κιλικίας
2499 1669 2534 1741 ἢ
2584 1669 2706 1723 τότε
2749 1669 2844 1740 ﬂ"
2873 1667 2968 1722 νῦν
2999 1669 3255 1740 ὑπάρχει,
3281 1666 3757 1738 διαμεμερισμένης

506 1753 732 1812 natione
751 1755 780 1809 ἲ
825 1753 894 1811 Et
921 1771 1060 1826 quos
1090 1757 1377 1828 episcopos
1422 1759 1524 1814 sub
1552 1773 1611 1812 se
1656 1758 1857 1813 habere
1891 1767 2099 1828 poterat

2203 1763 2302 1832 τῆς
2328 1761 2437 1815 τῶν
2464 1760 2745 1832 ἐπαρχιῶν
2777 1760 2984 1826 τούτων
3008 1761 3360 1832 διοικήσεωςς
3393 1760 3429 1830 ἢ
3459 1758 3643 1822 ποίους
3664 1759 3759 1812 ἐπι-

507 1845 928 1918 Mopmestenus
970 1849 1293 1920 episcopus,
1335 1865 1462 1906 cum
1515 1850 1630 1920 ipse
1678 1851 1778 1906 sub
1824 1859 2098 1921 metropo-

2207 1854 2448 1928 σκόπους
2488 1853 2578 1922 ὑφ’
2618 1851 2810 1906 ἐαυτὸν
2856 1851 3000 1922 ἐχειν
3047 1850 3278 1922 ἠδύνατο
3331 1852 3363 1904 ό
3412 1847 3757 1919 Μοψουεστίας

507 1936 678 2001 litano
705 1938 958 1999 secundae
977 1938 1176 1996 Ciliciae
1203 1941 1531 1998 constitutus
1545 1942 1722 1996 esset?
1745 1939 1984 1996 Joannes
1997 1956 2098 1996 au-

2205 1948 2527 2010 ἐπίσκοπος,
2558 1945 2721 2008 αὐτὸς
2749 1944 2854 1998 ὑπὸ
2881 1943 2973 1997 τὸν
3007 1944 3108 2013 τῆς
3136 1942 3307 2013 αὐτῆς
3341 1940 3606 2012 δευτέρας
3627 1939 3756 1992 Κιλι·

510 2039 621 2084 tem
664 2028 1304 2101 Constantinopolitanus
1357 2033 1578 2103 scripsit
1618 2033 1838 2103 quidem
1889 2031 2097 2103 episto-

2205 2040 2330 2104 κίας
2362 2037 2764 2111 μητροπρλίτην
2789 2035 2994 2100 τελῶν;
3023 2034 3278 2105 Ἰωάννης
3298 2033 3356 2087 δὲ
3385 2034 3414 2086 ὁ
3442 2034 3757 2086 Κωνσταντι-

508 2117 617 2174 lam
667 2118 737 2175 ad
787 2119 1140 2178 Theodorum
1210 2121 1654 2194 Mopsuesteuum
1685 2165 1702 2190 ,
1750 2139 1862 2179 non
1915 2134 2097 2180 tamen

2205 2131 2512 2194 νουπόλεως
2555 2129 2796 2202 ἔγραψεν
2851 2126 3142 2197 ἐπιστολὴν
3183 2123 3322 2197 πρὸς
3363 2123 3645 2194 Θεόδωρον
3687 2120 3759 2174 τὸν

509 2208 798 2279 laudibus,
834 2211 932 2267 sed
961 2212 1319 2282 querimoniis
1357 2222 1414 2269 et
1469 2213 1934 2285 increpationibus
1979 2215 2096 2286 ple-

511 2315 640 2371 nam
661 2339 677 2366 ,
709 2310 901 2384 utpote
923 2302 1016 2358 illo
1054 2319 1086 2358 a
1112 2303 1254 2360 bona
1289 2306 1908 2378 co‘nversatione’lapso.
1941 2306 2090 2374 Quo-

513 2393 664 2455 niam
720 2393 869 2450 enim
919 2409 1044 2450 cum
1115 2411 1182 2452 eo
1229 2397 1606 2470 monachicam
1651 2399 1818 2454 vitam
1880 2397 1935 2452 in
1989 2415 2101 2454 uno

519 2485 825 2556 eodemque
907 2487 1244 2544 monasterio
1308 2489 1604 2554 exercuit,
1674 2491 2101 2546 conversationis

513 2577 590 2633 ibi
634 2575 792 2632 factae
835 2591 962 2632 eum
991 2577 1320 2634 admonuit:
1354 2589 1410 2636 et
1461 2596 1562 2652 pro
1597 2581 1684 2637 bis
1728 2583 2100 2640 testimonium

512 2669 762 2740 praebent
802 2667 1188 2738 'Sozomenus,
1241 2680 1298 2727 et
1344 2670 1678 2746 Hesychius,
1709 2683 1766 2729 et
1812 2673 2063 2730 Socrates
2080 2670 2104 2743 ,’

515 2747 572 2816 et
615 2759 1151 2836 Theodoretus,’qui
1183 2763 1382 2820 multas
1413 2781 1516 2836 pro
1554 2765 1844 2822 Theodoro
1894 2756 2098 2823 oratio-

511 2866 616 2911 nes
645 2860 702 2908 et
729 2853 920 2910 laudes
949 2853 1099 2910 fecit.
1133 2854 1190 2910 Si
1221 2857 1402 2912 autem
1449 2857 1762 2914 testimonia
1809 2858 2100 2929 proferunt

511 2943 739 3000 Joannis
780 2946 1140 3014 Antiocheni,
1182 2957 1240 3004 et
1293 2947 1588 3009 Orientalis
1627 2951 1841 3007 concilii
1889 2952 1991 3007 sub
2029 2967 2098 3008 eo

514 3036 834 3103 constituti,
866 3037 1011 3096 facta
1056 3054 1158 3112 pro
1186 3038 1474 3097 Theodoro
1498 3083 1514 3107 .
1551 3051 1608 3098 et
1635 3043 1753 3114 ejus
1785 3043 2092 3114 impietate,

2205 2221 2604 2292 Μοψουεστίας,
2625 2221 2726 2274 οὐκ
2753 2219 2992 2272 ἐπαίνων
3014 2219 3072 2271 δὲ
3092 2215 3228 2270 ἀλλὰ
3262 2214 3532 2286 μέμψεων
3559 2213 3648 2266 καὶ
3667 2213 3761 2265 ἐπι-

2158 2346 2166 2352 ·
2205 2315 2480 2385 τιμήσεων
2500 2307 2665 2366 οὖσαν
2691 2309 3003 2382 μεστὴν,ῶς
3024 2308 3350 2370 ἐκπεσόντος
3371 2304 3541 2360 αὑτοῦ
3562 2304 3656 2374 τῆς
3673 2303 3761 2356 θεο-

2207 2404 2444 2469 σεϐείας.
2467 2403 2823 2473 Συνασκήσας
2843 2401 2952 2474 γὰρ
2972 2400 3122 2472 αὐτῷ
3139 2400 3232 2454 τὸν
3255 2401 3470 2470 μονήρη
3497 2397 3611 2469 βίον
3633 2398 3685 2452 ἐν
3695 2394 3761 2449 ἐνὶ

2207 2499 2301 2552 καὶ
2313 2497 2393 2567 τῷ
2407 2493 2557 2565 αὐτῷ
2575 2494 2926 2566 μοναστηρίῳ
2947 2495 3048 2564 τῆς
3075 2491 3254 2546 ἐκεῖσε
3275 2479 3652 2560 συνδιαγωγῆς
3661 2487 3759 2542 ἀνι·

2211 2588 2509 2660 μιμνήσκει
2539 2584 2724 2650 αὐτὸν,
2759 2584 2854 2638 καὶ
2879 2581 3055 2636 ταῦτα
3087 2579 3432 2653 μαρτυροῦσι
3451 2579 3758 2648 Σωζόμενος,

2207 2679 2303 2733 καὶ
2333 2676 2610 2748 Ἠσύχιος,
2636 2674 2732 2728 καὶ
2760 2673 3080 2744 Σωκράτης,
3119 2673 3213 2726 καὶ
3237 2669 3587 2742 Θεοδώρητος
3606 2671 3633 2722 ὁ
3655 2665 3757 2721 πολ-

2205 2769 2332 2832 λοὺς
2356 2766 2498 2837 ὑπὲρ
2521 2765 2799 2838 Θεοδώρου
2833 2764 3026 2834 λόγους
3051 2780 3111 2817 τε
3142 2763 3238 2817 xa’t
3255 2764 3299 2796 ¹⁹
3331 2762 3595 2824 ἐπαίνους
3613 2755 3758 2812 ἐκτείι

2205 2878 2320 2924 νας.
2340 2861 2403 2914 Et
2428 2859 2484 2913 δὲ
2506 2859 2844 2930 προφέρουσι
2864 2857 2911 2890 ³⁸
2939 2856 3246 2930 μαρτυρίας
3277 2855 3528 2910 Ἰωάννου
3550 2851 3638 2907 τοῦ
3668 2851 3758 2902 ’Λν-

2203 2953 2442 3024 τιοχείας
2471 2951 2569 3006 καὶ⁸
2608 2951 2708 3021 τῆς
2738 2949 2830 3004 ὑπ’
2855 2949 3020 3005 αὐτὸν
3045 2946 3376 3017 ἀνατολικῆς
3409 2944 3625 3000 συνόδου
3643 2939 3757 3008 ὑπὲρ

2203 3042 2480 3116 Θεοδώρου
2506 3042 2601 3096 καὶ
2628 3041 2728 3110 τῆς
2750 3033 2916 3094 αὐτοῦ
2935 3038 3190 3101 ἀσεϐείας
3216 3036 3545 3106 γενομένας,
3573 3032 3756 3098 ἀνάγκη

517 3142 740 3185 necesse
789 3137 874 3188 est
912 3145 1038 3200 eos,
1065 3139 1122 3188 et
1169 3131 1258 3188 illa
1307 3133 1620 3204 suscipere,
1655 3149 1776 3204 quae
1811 3135 2094 3206 (quantum

2205 3131 2404 3195 αὐτοὺς
2420 3132 2650 3208 κάκεῖνα
2665 3127 2942 3193 δέξασθαι;
2957 3125 3101 3198 άπερ
3115 3127 3239 3179 ὅσον
3253 3125 3313 3178 τό
3331 3141 3399 3193 γε
3417 3123 3504 3176 ἐπ’
3517 3122 3685 3181 αὐτοῖς
3693 3119 3756 3178 εἰς

511 3218 580 3280 ad
615 3219 738 3278 illos
777 3214 1041 3294 pertinet)
1095 3223 1163 3279 ad
1207 3218 1722 3280 condemnationem
1777 3227 1952 3284 sancti
1990 3225 2099 3298 Cy-

513 3311 622 3368 rilli
644 3353 660 3379 ,
691 3322 748 3369 et
797 3313 1244 3385 reprobationem
1294 3324 1457 3370 rectae
1495 3315 1618 3371 ﬁdei
1650 3315 1898 3372 fecerunt
1932 3317 2100 3374 Joan-

512 3417 616 3464 nes
657 3411 716 3460 et
765 3406 860 3474 qui
910 3399 1034 3460 cum
1065 3393 1162 3460 illo
1207 3414 1400 3469 erant,
1450 3420 1555 3461 nec
1603 3421 1715 3462 non
1769 3409 1932 3464 etiam
1979 3425 2103 3480 quae

515 3493 889 3566 scripserunt,
923 3495 1236 3555 Nestorium
1291 3504 1349 3551 et
1393 3484 1516 3568 eius
1566 3493 1849 3570 perﬁdiam
1893 3501 2100 3558 diutius

514 3577 896 3654 defendentes.
941 3586 1012 3642 Et
1059 3587 1164 3644 hoc
1189 3589 1496 3644 ostenditur
1529 3606 1594 3646 ex
1632 3591 1864 3648 diversis
1907 3609 2100 3651 eorum

517 3676 674 3732 libris
702 3685 761 3734 et
787 3677 1036 3748 epistolis
1055 3678 1237 3750 ,que's
1281 3680 1350 3738 ad
1380 3681 1752 3743 Theodosium
1783 3685 1885 3756 piae
1915 3701 2102 3743 recor-

517 3767 760 3823 dationis
781 3807 796 3834 ,
824 3775 882 3824 et
929 3768 996 3824 ad
1031 3769 1169 3826 alios
1187 3770 1450 3842 .diyersos
1477 3773 1838 3844 scripserunt.
1868 3775 1938 3832 Et
1985 3777 2104 3834 haec

517 3849 762 3930 quidem
789 3859 871 3917 sic
899 3876 961 3918 se
1001 3861 1231 3928 habent,
1263 3862 1336 3919 Ut
1383 3873 1564 3920 autem
1591 3865 1736 3920 nihil
1789 3868 2104 3926 subtilitatis

519 3950 1005 4016 praetermittamus
1039 3950 1118 4025 [et
1141 3953 1257 4010 haec
1276 3955 1496 4024 quidem
1518 3957 1617 4012 sic.
1641 3957 1710 4013 Ut
1741 3967 1944 4023 autem,
1969 3969 2100 4028 etc.,

517 4042 1006 4112 praetermittimus.
1039 4043 1280 4113 Leuncl.,
1331 4057 1390 4102 et
1446 4056 1508 4102 ut
1538 4048 1658 4104 haec
1683 4050 1904 4120 quidem
1960 4052 2104 4108 sicut

519 4129 661 4184 nihil
713 4130 1037 4190 subtilitatis
1103 4134 1378 4202 habentis.
1409 4138 1946 4214 prastermittamu‘s],
2000 4149 2104 4197 ‘ne-

522 4223 826 4279 cessarium
860 4226 1175 4296 putavimus
1211 4243 1516 4284 memorare
1539 4231 1704 4286 etiam
1734 4230 1852 4298 illa,
1885 4249 2008 4304 qua
2035 4234 2106 4290 ab

521 4311 830 4386 Augustino
893 4309 1112 4374 sancta!
1177 4321 1457 4376 memoriae
1515 4321 1776 4379 Africano
1799 4325 2104 4398 _.episcopo

524 4404 732 4476 scripta
765 4415 916 4462 sunt.
951 4407 1265 4475 Quaestione
1298 4411 1444 4466 enim
1489 4413 1670 4484 aliqua
1715 4423 1837 4486 post
1871 4427 2102 4473 mortem

2125 3184 2177 3246 ϐ

2207 3223 2536 3294 κατάκρισιν
2563 3220 2657 3275 τοῦ
2692 3221 2750 3274 ἐν
2775 3219 2952 3289 ἁγίοις
2986 3218 3256 3289 Κυρὶλλου
3283 3217 3383 3270 καὶ
3411 3215 3654 3288 ἀθέτησιν
3677 3209 3754 3279 τῆς

2202 3315 2368 3387 ὀρθῆς
2398 3315 2636 3376 πίστεως
2662 3313 2710 3366 οί
2737 3312 2866 3384 περὶ
2886 3311 3145 3380 Ἰωάννην
3172 3309 3508 3378 ἐτόλμησαν,
3535 3305 3623 3360 καὶ
3638 3301 3755 3370 ἅπερ

2202 3407 2469 3480 ἔγραψαν,
2501 3405 2801 3478 Νεπόριον
2846 3405 2940 3458 καὶ
2983 3403 3082 3476 τὴν
3111 3402 3290 3480 ,αὐτοῦ
3325 3399 3639 3464 κακοδοξίαν
3681 3395 3754 3447 ἐπὶ

2203 3499 2460 3557 πλεῖστον
2490 3497 2684 3570 χρόνον
2713 3493 3214 3558 ἐκδικοῦντες..Καὶ
3241 3492 3406 3546 τοῦτο
3433 3491 3687 3550 δείκνυται
3704 3485 3754 3536 ἐκ

2203 3591 2475 3662 διαφόρων
2502 3588 2683 3644 αὐτῶν
2709 3587 2886 3657 λόγων
2919 3603 2978 3640 τε
3012 3585 3111 3640 καὶ
3137 3583 3443 3640 ἐπιστολῶν
3489 3582 3618 3645 πρὸς
3652 3577 3754 3630 Θεο-

2203 3684 2380 3739 δόσιον
2407 3682 2499 3738 τὸν
2528 3681 2629 3752 τῆς
2655 3679 2914 3743 εὐσεϐοῦς
2950 3677 3158 3749 λήξεως
3198 3677 3296 3732 καὶ
3336 3676 3571 3748 ἐτέρους.
3599 3667 3754 3760 διαφό-

2205 3792 2334 3848 ρους
2359 3771 2696 3846 γραφεισῶν.
2719 3770 2829 3824 Καὶ
2854 3769 3028 3824 ταῦτα
3061 3768 3163 3840 μὲν
3193 3766 3514 3830 οῦτως.Ἴνα
3539 3764 3592 3816 δὲ
3617 3759 3754 3832 μηδὲν

2201 3867 2304 3938 τῆς
2331 3864 2620 3936 ἀκριϐείας
2641 3859 3090 3947 παραλείψωμεν,
3123 3850 3426 3928 ἀναγκαῖον
3460 3853 3753 3947 ἐνομίσαμεν

2207 3957 2513 4031 μνησθῆναι
2555 3956 2650 4010 καὶ
2690 3945 2800 4009 τῶν
2850 3953 3174 4024 γραφέντων
3219 3950 3374 4023 παρὰ
3427 3945 3750 4018 Δὺγουστὶνου

2204 4051 2300 4106 τοῦ
2329 4050 2430 4120 τῆς
2454 4049 2607 4112 ὁσίας
2640 4047 2862 4118 μνήμης
2894 4045 3197 4099 ἐπισκόπου
3220 4044 3280 4097 ἐν
3305 4042 3540 4114 Ἀφρικῇ
3561 4033 3752 4110 γενομέ-

2205 4159 2321 4197 νου.
2355 4141 2648 4212 Ζητήσεως
2672 4139 2780 4210 γάρ
2809 4152 2954 4200 τινος
2983 4135 3114 4206 περὶ
3137 4132 3495 4188 Καικιλιανοῦ
3525 4129 3653 4202 μετὰ
3671 4123 3750 4178 θά-

2205 4251 2366 4292 νατον
2395 4231 2559 4288 αὐτοῦ
2590 4229 2928 4301 κινηθείσης,
2957 4227 3034 4292 ὡς
3065 4227 3166 4297 τῆς
3191 4225 3640 4298 ἐκκλησιαστικῆς
3661 4233 3748 4271 πα-

2217 4325 2592 4400 ρατραπέντος
2639 4321 3016 4398 παραδόσεως,
3048 4320 3144 4375 καί
3190 4337 3353 4374 τινων
3387 4319 3574 4374 τούτου
3617 4311 3750 4400 χάριν

2208 4399 2563 4492 χωρισάντων
2587 4416 2816 4479 ἑαυτοὺς
2837 4414 2938 4484 τῆς
2963 4412 3260 4484 καθολικῆς
3287 4409 3624 4482 Ἐκκλησίας.
3640 4399 3750 4473 γρά-

524 4495 802 4552 Caeciliani
835 4498 906 4554 de
943 4513 1010 4556 eo
1058 4509 1204 4556 mota
1226 4540 1242 4566 ,
1286 4503 1434 4572 quod
1475 4504 1544 4559 ab
1585 4505 1951 4563 ecclesiastica
1989 4517 2102 4562 tra-

2209 4531 2300 4584 φει
2329 4511 2466 4595 πρὸς
2495 4497 2816 4577 Βονιφάτιον
2845 4505 2875 4558 δ
2897 4504 3064 4569 αὐτὸς
3091 4503 3194 4574 τῆς
3237 4505 3394 4568 ὁσίας
3425 4503 3632 4595 μνήμης
3645 4493 3747 4595 Ἀὐο

525 4586 734 4644 ditione
766 4588 1073 4648 declinasse
1113 4591 1418 4660 dicebatur,
1479 4601 1536 4650 et
1564 4605 1786 4666 propter
1817 4598 1924 4653 hoc
1975 4598 2104 4670 qui-

523 4676 758 4758 busdam
797 4695 831 4735 a
860 4682 1130 4740 catholica
1178 4684 1423 4740 ECclesia
1479 4688 1776 4757 separatis,
1818 4689 2010 4746 scribit
2036 4692 2106 4746 ad

523 4766 868 4826 Bonifacium
914 4771 1061 4829 idem
1115 4783 1338 4830 sanctus
1385 4767 1761 4848 Augustinus,
1795 4779 1942 4848 quod
1991 4796 2104 4839 non

527 4859 849 4927 oportebat,
897 4863 1110 4935 aliquos
1151 4865 1274 4922 ideo
1314 4881 1570 4937 separare
1601 4883 1724 4924 sese
1767 4885 1798 4924 a
1837 4872 2104 4928 catholica

529 4948 798 5010 Ecclesia.
860 4952 918 5010 Si
957 4955 1106 5011 enim
1158 4972 1288 5012 vera
1338 4957 1523 5014 essent
1569 4975 1633 5015 ea
1663 4975 1784 5031 quae
1815 4961 2104 5020 Caeciliano

524 5037 927 5112 inferebantur,
959 5055 1016 5110 et
1041 5047 1426 5106 manifestatus
1451 5060 1597 5106 esset
1641 5054 1975 5110 contrarium
2004 5055 2108 5110 ali-

525 5129 659 5200 quid
689 5134 1060 5202 ecclesiastico
1094 5140 1258 5194 statui
1293 5135 1541 5212 sapuisse
1561 5184 1578 5209 ,
1613 5143 1776 5200 etiam
1807 5155 1932 5216 post
1963 5163 2109 5202 mor-

525 5230 638 5277 tem
689 5239 818 5283 euln
868 5230 1201 5286 anathemati
1261 5233 1610 5303 subjicerem.
1665 5235 1773 5292 Sed
1817 5247 1874 5292 et
1923 5239 2108 5311 regula

525 5323 730 5371 sancta:
805 5320 999 5388 synodi
1072 5321 1342 5387 Africanae
1394 5326 1586 5382 statuit
1641 5327 1960 5400 episcopos,
2015 5332 2108 5402 qui

2207 4589 2490 4674 γουστῖνος
2517 4599 2594 4664 ῶς
2613 4601 2715 4654 οὐκ
2739 4598 2847 4656 ἔδει
2869 4597 3023 4662 τινὰς
3047 4597 3135 4651 διὰ
3154 4595 3313 4650 τοῦτο
3337 4595 3560 4667 χωρίσαι
3579 4587 3747 4669 “tau-

2210 4697 2334 4761 τοὺς
2378 4694 2480 4766 τῆς
2527 4691 2822 4762 καθολικῆς
2859 4689 3212 4760 Ἐκκλησίας·
3245 4688 3294 4742 εἰ
3324 4687 3430 4758 γὰρ
3477 4681 3634 4752 ἀληθῆ
3661 4677 3748 4757 ῦπ-

2209 4789 2382 4862 ἧρχεν
2435 4787 2507 4841 τὰ
2551 4785 2870 4856 ἐπαγόμενα
2919 4781 3281 4852 Καικιλιανῷ,
3323 4782 3420 4835 καὶ
3466 4767 3744 4862 ἐφανερώθη

2211 4860 2433 4937 ἐναντία
2460 4875 2736 4951 φρονήσας
2789 4876 2890 4944 τῆς
2937 4875 3234 4944 καθολικῆς
3283 4873 3461 4944 37a
3507 4860 3745 4924 καταστά-

2211 4968 2371 5036 σεως,
2393 4970 2489 5025 καὶ
2517 4968 2656 5038 μετὰ
2683 4967 2914 5022 θάνατον
2941 4965 3008 5021 ἂν
3029 4964 3220 5018 τοῦτον
3247 4964 3542 5034 ἁναθὲματι
3573 4951 3741 5010 tia-(61'

2205 5063 2320 5117 λον.
2346 5058 2516 5118 Ἀλλὰ
2543 5058 2640 5122 καὶ
2668 5055 2848 5112 κανὼν
2881 5057 2980 5126 τῆς
3005 5055 3166 5125 ἁγίας
3194 5056 3254 5109 ἐν
3284 5054 3511 5126 Ἀφρικῇ
3555 5043 3739 5102 συνόδου

2204 5149 2516 5222 διαγορεύει
2545 5147 2672 5210 τοὺς
2696 5145 3028 5208 ἐπισκόπους
3058 5145 3183 5208 τοὺς
3207 5141 3306 5215 τὴν
3329 5139 3526 5198 οἰκείαν
3553 5145 3740 5206 περιου-

2207 5245 2330 5298 σίαν
2362 5241 2396 5312 ἢ
2424 5243 2482 5296 ἐν
2514 5230 2754 5311 διαθήκῃ
2807 5237 2841 5309 ἢ
2883 5237 2944 5304 ἐξ
2989 5237 3270 5293 ἀδιαθέτου
3311 5231 3562 5308 αίρετικῷ
3588 5241 3724 5297 παρα-

2209 5333 2530 5404 πέμποντας
2560 5329 2761 5400 χρῆναι
2807 5326 2913 5382 καῖ
2953 5326 3092 5398 μετὰ
3133 5326 3363 5382 θάνατον
3391 5313 3732 5393 ἀναθεματίζῖ·

1814 5499 2048 5569 VARL‘E
2087 5513 2496 5573 LECTIONES.
3447 5583 3451 5588 .

598 5633 966 5728 ἷζιῖριξιεάριιξ
994 5636 1310 5728 ἑξξιῖέεὲν
1334 5639 1514 5728 Ms
1535 5640 1758 5712 γέγονεν
1785 5645 2077 5728 Emesa:
2103 5651 2168 5728 1?;
2308 5643 2481 5728 έονοῖηλ
2509 5656 2641 5728 ι’νε
2780 5655 3068 5728 eruditi);
3107 5656 3170 5728 ρ,
3207 5651 3314 5728 μῂγ
3337 5651 3410 5714 ὡς
3442 5648 3518 5728 νη
3571 5637 3723 5728 "Per

525 5701 822 5767 λονίαςῬῩ
853 5701 868 5710 ”
919 5709 965 5740 ¹⁶
993 5705 1103 5762 τῶν
1127 5701 1305 5762 αὐτῶν
1330 5701 1388 5766 PQ

525 5773 572 5808 ”
603 5773 849 5851 χωρῆσαι
869 5777 913 5833 Ρ
935 5777 998 5830 ν.

1469 5703 1514 5743 ’δ’
1546 5703 1917 5784 μνημονεῦσαι
1939 5703 2076 5774 Ρν.’

2198 5721 2231 5792 ἦ
2263 5703 2392 5780 ea:
2412 5703 2474 5781 ῐτζ
2511 5703 2534 5710 ’
2555 5703 2620 5760 ιδ’
2633 5703 2956 5796 λόγουῗᾎὲᾶϊ
2976 5703 3175 5780 ιῖέοῇιῖ
3207 5703 3303 5755 Ἥ
3320 5703 3652 5792 προσφέρουσι
3672 5703 3717 5758 Ρο
