3920 6454
223 330 328 403 969

1409 327 1848 394 CHRONICON
1878 325 2285 390 PASCHALE.

1967 227 2140 242 -.υκαι

3390 322 3496 387 970

225 449 387 514 ἑπτὰ,
418 443 528 502 ἀπὸ
559 445 603 500 θ’
630 445 725 501 καὶ
754 443 922 516 αὐτῆς
972 443 1078 508 ἕως
1114 447 1176 496 ιε’
1208 438 1298 496 τοῦ
1336 441 1502 495 αὑτοῦ
1534 441 1808 512 Φεϐρουα-

1947 447 2071 503 unt,
2114 437 2183 494 ab
2217 453 2270 491 xi
2314 433 2521 491 scilicet
2553 433 2670 499 die,
2701 431 2768 490 ad
2801 449 2870 488 xv
2889 430 3133 505 ejusdem
3157 433 3361 489 mensis
3391 432 3498 488 Fe-

229 541 342 610 ρίου
381 538 568 610 μηνός.
598 537 708 591 Καὶ
736 538 803 608 τῇ
838 540 893 601 ς’
923 533 1018 588 τοῦ
1050 533 1272 588 Ἰουλίου
1316 533 1485 604 μηνὶς
1505 532 1608 602 τῆς
1637 531 1808 600 αὐτῆς

224 637 272 684 ε’
303 629 630 693 ίνδικτιῶνος
653 627 874 699 ἠδίκτου
906 625 1265 698 προτεθέντος
1287 625 1504 694 ἐγράφη
1537 621 1614 694 τῷ
1634 620 1810 692 λοιπῷ

1909 528 2136 584 bruarii.
2167 531 2334 584 Sexto
2380 527 2579 583 deinde
2629 525 2757 582 Julii
2809 525 3016 581 mensis
3064 524 3154 580 die
3187 525 3434 596 ejusdem
3467 543 3498 579 ν

1912 620 2223 677 indictionis
2249 663 2264 687 ,
2295 619 2578 691 proposito
2605 617 2786 674 edicto
2807 659 2823 686 ,
2866 617 3128 688 scriptum
3175 627 3261 672 est
3289 617 3499 688 reliqua

230 725 386 796 μέρει
413 721 510 776 τοῦ
537 721 732 793 χρόνου
760 721 856 775 τοῦ
889 722 1051 792 μέχρι
1077 718 1322 790 δηλονότι
1357 716 1690 788 Ἰανουαρίου
1709 717 1810 786 τῆς

1951 723 2066 770 arte
2094 715 2261 781 anni,
2296 729 2498 784 nempe
2548 726 2724 783 usque
2771 710 2838 768 ad
2889 710 3208 767 Januarium
3243 728 3297 768 vr
3351 712 3495 768 indi-

227 813 394 884 ἕκτης
427 809 762 874 ίνδικτιῶνος
797 808 975 873 οὕτως
998 821 1015 838 ·
1044 809 1461 874 Καὶῠπατείας
1490 807 1599 864 τοῦ
1621 809 1810 863 αὐτοῦ

1947 805 2144 870 tionis,
2190 805 2268 860 sic
2300 823 2313 860 :
2352 802 2421 858 Et
2445 803 2721 858 consulatu
2747 801 2985 873 ejusdem
3027 803 3251 872 piissimi
3284 805 3496 859 Domini

225 901 668 960 εὐσεϐεστάτου
682 901 852 972 ἡμῶν
863 901 1166 956 δεσπότου
1180 901 1246 954 τὸ
1259 901 1542 968 δεύτερον
1553 901 1686 972 (95).
1702 902 1814 956 Καὶ

225 996 310 1069 τῷ
351 994 646 1068 Νοεμϐρίῳ
681 995 815 1065 μηνὶ
845 994 948 1066 τῆς
995 993 1164 1064 αὐτῆς
1196 999 1250 1059 ς’
1269 993 1316 1026 ⁷³
1353 990 1682 1056 ίνδικτιῶνος
1711 995 1813 1047 έπ-

226 1089 520 1152 ανάστασις
548 1087 741 1156 γέγονε
771 1085 1070 1157 Μαυρικίῳ
1096 1083 1252 1157 παρὰ
1279 1085 1447 1139 ⁴Ινωκόἱ
1478 1083 1814 1156 στρατιώτου

237 1181 372 1255 μετὰ
393 1178 490 1234 τοῦ
525 1176 786 1250 στρατοῦ.
815 1179 928 1232 Καὶ
956 1177 1266 1254 Μαυρίιςιος
1299 1178 1400 1248 μὲν
1432 1177 1684 1249 Τιϐέριος
1715 1178 1816 1232 σὺν

232 1278 304 1346 τῇ
329 1271 545 1344 γυναικὶ
582 1270 970 1342 Κωνσταντίνῃ
1003 1272 1098 1326 καὶ
1132 1270 1323 1326 παισὶν
1354 1270 1419 1336 θ’,
1453 1269 1730 1325 τουτέστιν
1762 1276 1815 1334 ς’

235 1369 336 1440 μὲν
385 1365 616 1438 appear,
668 1363 957 1435 Θεοδοσίῳ,
1011 1362 1268 1436 Τιϐερίῳ,
1321 1363 1536 1435 Πέτρῳ,
1593 1361 1812 1434 Παύλῳ,

245 1457 516 1528 Ἶουστίνῳ
578 1457 675 1512 καὶ
723 1455 1092 1528 Ἰουστινιανῷ
1117 1496 1133 1524 ,
1187 1457 1284 1510 καὶ
1338 1456 1490 1528 τρισὶ
1549 1454 1816 1528 θηλείαις,

245 1549 594 1622 Ἀναστασίᾳ,
609 1549 908 1626 ῥεοκτίστῃ
931 1549 1026 1602 καὶ
1045 1547 1397 1620 Κλεοπάτρᾳ,
1428 1547 1621 1618 φεύγει
1635 1549 1680 1581 ⁸⁰
1705 1547 1817 1617 (96)

225 1645 301 1716 τῇ
335 1642 417 1714 κβ¹
449 1641 546 1696 τοῦ
576 1641 700 1694 Δίου
738 1641 927 1713 μηνὸς,
959 1638 1104 1694 κατὰ
1135 1639 1444 1710 Ῥωμαίους
1484 1638 1818 1711 Νοεμϐρίου,

229 1737 302 1806 τῇ
333 1731 492 1786 νυκτὶ
519 1734 586 1804 τῇ
616 1731 712 1786 ἐπὶ
741 1737 828 1800 κγ’
851 1729 1188 1800 διαφαούσης
1219 1730 1608 1802 Παρασκευῆς.
1626 1731 1822 1794 Φωκᾶς

227 1789 302 1881 δέ.
318 1829 385 1897 τῇ
421 1831 508 1894 κγ’
541 1789 638 1878 τκοῦ
671 1789 840 1878 αὐτοῦ
891 1789 1059 1894 μηνὸς
1107 1789 1388 1896 ἡμέρᾳξ
1420 1789 1673 1893 στεῷθεὶς
1714 1789 1820 1876 ι)πὸ
1851 1789 1895 1846 Β

233 1915 518 1988 Κυριακοῦ
569 1915 916 1986 πατριάρχου
958 1913 1587 1978 Κωνσταντινουπόλεως
1617 1915 1698 1978 είς
1729 1913 1820 1969 τὸν

233 2006 540 2076 σεϐάσμιον
589 1999 738 2057 οἷκον
780 2001 876 2056 τοῦ
921 2002 1080 2072 ἁγίου
1115 2002 1367 2057 Ἰωάννου
1417 2003 1476 2058 ὲν
1524 2002 1604 2074 τῷ
1635 2003 1821 2057 Ἑϐδό-

243 2116 330 2170 μῳ
351 2095 461 2166 (97)
485 2097 552 2166 τῇ
583 2100 661 2148 κε’
688 2091 784 2148 τοῦ
819 2091 1081 2165 ῥηθέντος
1108 2091 1298 2164 μηνὸς,
1327 2091 1511 2163 ἡμέρᾳ
1539 2093 1819 2164 Κυριακῇ,

243 2187 486 2258 εἰσῆλθεν
505 2188 565 2240 ὲν
581 2183 1174 2252 Κωνσταντινουπόλει,
1198 2182 1486 2249 καθεσθεὶς
1505 2185 1586 2250 είς
1615 2185 1714 2257 ὅχη
1725 2202 1821 2256 μοι,

243 2281 354 2334 ἀπὸ
377 2278 467 2332 τοῦ
504 2277 768 2348 Ἐϐδόμου
804 2275 1064 2330 εἰσελθὼν
1093 2275 1183 2330 διὰ
1224 2277 1326 2348 τῆς
1367 2276 1592 2348 Χρυσῆς
1616 2277 1825 2348 πόρτας

240 2370 336 2424 καὶ
381 2369 490 2423 τῶν
539 2367 910 2440 Τρωαδησίων
947 2365 1132 2438 379
1183 2367 1429 2438 ἐμϐόλων
1464 2367 1574 2438 (98)
1604 2369 1825 2441 καὶτῆς

234 2463 430 2533 Μέσης
460 2461 574 2532 (99)
625 2461 754 2531 ὅλης
788 2461 909 2530 ,ἕως
955 2460 1050 2515 τοῦ
1101 2460 1388 2523 παλατίου,
1424 2459 1652 2532 μηδενὸς
1689 2461 1826 2526 ὅλως

232 2554 613 2618 ἀντιστάντος,
643 2551 781 2606 ἀλλὰ
813 2551 1034 2606 πάντων
1068 2551 1485 2622 εὐφημούντων.

307 2643 626 2715 Ἐκρατήθη
639 2645 696 2696 δὲ
709 2643 1012 2716 Μαυρίκιος
1023 2641 1276 2713 Τιϐέριος
1293 2642 1434 2710 μετὰ
1456 2643 1560 2714 τῆς
1571 2645 1827 2712 γυναικὸς

235 2733 336 2789 καὶ
365 2733 514 2787 ὀκτὼ
537 2733 743 2787 τέκνων
769 2732 936 2786 αὑτοῦ
963 2735 1046 2796 είς
1067 2731 1160 2786 τὸν
1185 2733 1376 2800 ’Ἀγιον
1398 2733 1704 2806 Αὐτόνομον
1727 2735 1824 2808 (1),

237 2825 472 2894 πλησίον
504 2823 804 2896 Πραινέτου
839 2823 949 2895 (2)*
1005 2822 1100 2877 καὶ
1151 2825 1217 2894 τῇ
1251 2823 1333 2889 κζ’
1362 2823 1458 2878 τοῦ
1504 2825 1672 2878 αὐτοῦ
1720 2842 1830 2898 μη-

237 2919 356 2984 νὸς,
386 2917 576 2990 ἡμέρᾳ
604 2917 787 2988 τρίτῃ,
828 2918 1042 2988 ἐσφάγη
1075 2917 1304 2988 πλησίον
1338 2916 1686 2989 Χαλκηδόνος
1735 2919 1833 2973 αὖε

237 3012 336 3076 τδς
363 3011 671 3083 Μαυρίκιος
703 3011 800 3064 καὶ
819 3009 1074 3081 Τιϐέριος
1093 3010 1138 3043 ⁸³
1169 3009 1262 3063 καὶ
1293 3009 1519 3082 Πέτρος,
1542 3010 1832 3078 Ἰουστῖνος

241 3103 346 3157 καὶ
373 3099 770 3168 Ἰουστινιανὺς,
801 3100 896 3154 καὶ
925 3101 1136 3172 Πέτρος
1178 3101 1236 3154 δὲ
1283 3103 1312 3154 ὁ
1357 3101 1586 3171 ἀδελφὸς
1620 3103 1834 3173 Μαυρι-

1917 898 2084 951 nostri
2117 897 2365 951 secundo.
2395 895 2464 950 Et
2489 895 2787 954 Novembri
2834 909 3024 952 mense
3066 895 3311 966 ejusdem
3353 897 3500 952 indi-

1917 990 2120 1046 ctionis
2145 1031 2158 1056 ,
2209 989 2382 1046 Focas
2412 988 2571 1045 miles
2617 1005 2730 1044 una
2753 1003 2880 1045 cum
2907 988 3150 1044 exercitu
3202 989 3258 1044 in
3307 989 3522 1055 Mauria

1919 1084 2066 1140 cium
2099 1083 2440 1155 tyrannidem
2471 1082 2748 1153 arripuit:
2791 1097 2859 1140 ac
2907 1081 3199 1138 Mauricius
3249 1079 3505 1138 Tiberius

1918 1192 2042 1232 cum
2077 1192 2244 1233 uxore
2272 1175 2632 1232 Constantina
2653 1217 2669 1242 ,
2703 1183 2759 1231 et
2780 1189 2979 1231 novem
3008 1175 3230 1242 liberis,
3267 1190 3360 1232 sex
3385 1192 3508 1232 ma-

1919 1268 2088 1325 sculis
2109 1311 2124 1336 ,
2157 1285 2358 1340 nempe
2392 1267 2732 1334 Theodosio,
2769 1267 3020 1333 Tiberio,
3067 1265 3266 1334 Petro,
3315 1267 3505 1334 Paulo,

1918 1361 2178 1428 Justino,
2218 1371 2274 1416 et
2327 1360 2636 1416 Justiniano
2681 1369 2798 1418 :.et
2843 1361 3020 1416 tribus
3055 1359 3317 1428 ﬁliabus,
3359 1361 3508 1417 Ana-

1920 1453 2089 1510 stasia
2115 1496 2130 1522 ,
2167 1453 2484 1510 Theoctiste
2505 1494 2520 1518 ,
2552 1462 2606 1510 et
2632 1453 2921 1524 Cleopatra
2942 1493 2958 1519 ,
2993 1451 3258 1524 fugitxxn
3303 1453 3530 1512 mensis.

1920 1545 2039 1612 Dii,
2074 1547 2377 1602 secundum
2422 1545 2703 1602 Romanos
2747 1544 3108 1611 Novembris,
3142 1553 3350 1613 noctu,
3384 1547 3511 1602 illu-

1921 1648 2178 1695 cescente
2209 1639 2322 1710 jam
2363 1654 2502 1694 xxm
2559 1638 2648 1694 die
2701 1637 2854 1694 feriae
2898 1645 3086 1694 sextae.
3123 1637 3296 1694 Focas
3327 1647 3513 1694 autem

1923 1746 2060 1787 mu
2093 1729 2342 1803 ejusdem
2374 1730 2580 1786 mensis
2601 1771 2615 1798 ,
2652 1729 2789 1786 feria
2816 1747 2872 1787 vr
2904 1739 3202 1786 coronatur
3227 1747 3260 1785 a
3288 1729 3515 1802 Cyriaco

1924 1823 2248 1895 patriarcha
2285 1822 2893 1894 Constantinopolitano
2933 1823 2990 1878 in
3032 1823 3344 1878 veneranda
3393 1823 3517 1880 teda

1929 1913 2124 1972 Sancti
2169 1914 2397 1972 Joannis
2430 1915 2489 1970 in
2515 1915 2818 1971 Hebdomo.
2871 1913 2968 1970 Die
3007 1930 3140 1970 vero
3167 1931 3236 1972 xv
3270 1915 3516 1986 praedicti

1901 1999 2166 2076 mensis,
2212 2008 2306 2078 qui
2356 2007 2413 2063 in
2465 2007 2810 2062 Dominicam
2858 2007 3078 2072 incidit,
3108 2007 3180 2062 ab
3234 2007 3518 2064 Hebdomo

1926 2116 2024 2171 per
2073 2109 2289 2170 portam
2339 2101 2606 2166 Auream,
2657 2109 2713 2155 et
2756 2099 3000 2171 porticus
3047 2099 3420 2165 Troadenses,
3465 2108 3523 2156 et

1927 2207 2026 2264 per
2058 2199 2228 2248 totam
2265 2191 2500 2251 Mediam
2530 2193 2768 2262 plateam
2787 2232 2802 2259 ,
2841 2192 3098 2248 obstante
3123 2191 3377 2259 nemine,
3408 2191 3522 2247 imo

1928 2284 2144 2339 cunctis
2203 2283 2382 2339 fausta
2441 2283 2890 2354 apprecantibus,
2923 2299 3089 2341 curru
3139 2291 3331 2341 vectus
3373 2281 3523 2340 Con-

1929 2375 2346 2447 stantinOpolim
2383 2377 2660 2448 ingressus
2697 2384 2800 2436 est.

1999 2646 2554 2720 Comprehensus'est
2578 2638 2763 2702 autem
2797 2644 3088 2702 Mauricius
3120 2645 3373 2704 Tiberius
3397 2663 3526 2705 cum

1931 2755 2102 2796 uxore
2130 2749 2187 2796 et
2213 2746 2339 2796 octo
2383 2739 2572 2796 liberis
2597 2753 2790 2795 versus
2837 2736 3099 2794 Sanctum
3145 2738 3520 2798 Autonomum

1930 2832 2090 2903 juxta
2157 2832 2508 2890 Praenetum:
2557 2840 2612 2888 et
2661 2847 2809 2888 xxvn
2846 2831 3092 2902 ejusdem
3130 2832 3338 2888 mensis
3394 2833 3519 2901 die,

1931 2925 2070 2980 feria
2127 2941 2188 2980 ιιι
2243 2925 2565 2981 interfectus
2611 2933 2696 2980 est
2740 2915 2893 2996 ju'xta
2942 2923 3341 2983 Chalcedonem
3383 2926 3528 2983 idem

1932 3013 2234 3072 Mauricius
2279 3016 2568 3084 Tiberius,
2633 3031 2739 3070 una
2787 3032 2912 3070 cum
2957 3013 3154 3082 Petro,
3203 3015 3420 3074 Justino
3471 3029 3531 3076 et

1935 3107 2252 3164 Iustiniano
2278 3127 2290 3162 :
2323 3107 2518 3164 Petrus
2545 3107 2708 3166 etiam
2738 3105 3064 3179 Cnropalata
3089 3148 3106 3173 ,
3137 3107 3382 3166 Mauricii
3416 3109 3532 3167 fra-

242 3193 394 3258 κίου,
437 3193 857 3266 κουροποιλάτης
887 3191 984 3258 ὢν,
1021 3191 1304 3264 συσχεθεὶς
1332 3193 1425 3246 καὶ
1458 3193 1622 3257 αὐτὸς
1659 3194 1832 3263 ἐσφά-

1947 3207 2065 3268 ter,
2095 3201 2190 3270 qui
2237 3201 2442 3271 pariter
2489 3207 2683 3271 captus
2736 3177 2933 3255 fuerat.
2977 3199 3254 3256 lnterfecti
3301 3202 3532 3272 perinde

239 3303 319 3358 γη
331 3286 404 3350 si,
432 3287 528 3340 καὶ
557 3285 710 3340 ἄλλοι
739 3285 797 3338 δὲ
829 3284 1234 3358 συνεσχέθησαν
1259 3284 1538 3357 ἄρχοντες.
1558 3283 1836 3356 Ἐσφάγη-

241 3393 353 3434 σαν
397 3378 456 3432 δὲ
499 3380 579 3444 εἰς
614 3377 950 3448 Διαδρόμους
981 3377 1057 3448 ('5)
1097 3375 1325 3448 πλησίον
1357 3374 1450 3430 τοῦ
1495 3375 1720 3448 Ἀκρίτα
1756 3377 1832 3450 (4)

1943 3291 2008 3346 ad
2054 3291 2374 3348 Diadromos
2407 3293 2562 3364 juxta
2613 3292 2852 3346 Acritam
2895 3290 3289 3349 Constantinus
3339 3293 3534 3355 Lardis

1940 3383 2296 3456 ear-praefecto
2339 3383 2596 3458 praetorio
2641 3395 2700 3440 et
2739 3383 3044 3457 Logotheta
3097 3394 3154 3442 et
3181 3395 3403 3445 curator
3432 3404 3534 3460 pa-

1600 3514 1938 3576 DUCANGII
1973 3521 2202 3579 NOTAE.

237 3640 315 3696 τδ
344 3641 655 3712 θυγάτριον.
697 3639 944 3712 Denique
986 3638 1397 3712 subditpaucis
1441 3637 1634 3694 diebus
1657 3655 1702 3712 _a
1734 3656 1844 3696 nu-

226 3712 403 3782 ‘ptiis,
425 3709 558 3781 ipsa
592 3712 790 3776 hieme,
816 3711 1109 3782 Byzantios
1148 3709 1220 3764 ob
1255 3723 1485 3782 annonas
1525 3709 1844 3782 gravitatem

242 3778 397 3837 Fame
455 3778 756 3851 laborasse,
797 3778 1107 3851 diéque(a
1133 3778 1845 3851 Διιιιριίἰει)-Αιιιιιιὶ]ποειξςειείιιιο

240 3851 458 3922 elapso,
491 3852 607 3920 ipso
638 3850 843 3922 Natalis
876 3847 1088 3922 Domini
1125 3847 1284 3922 festo,
1316 3847 1718 3922 seditionem'in
1743 3850 1847 3922 im-

239 3917 560 3992 peratorem
589 3936 620 3974 a
649 3919 808 3990 plebe
841 3921 1151 3992 excitatam.
1185 3917 1541 3992 Cui_quide_m
1585 3921 1846 3992 temporis

241 3987 673 4046 Ebaracterismd
703 3989 992 4044 concinere
1022 3989 1237 4044 videtur
1277 3987 1674 4059 Theophanes,
1699 3987 1843 4045 scri-

241 4060 391 4115 bens
430 4075 617 4115 mense
655 4059 948 4114 Novembri
977 4059 1164 4114 indict.
1203 4075 1238 4113 v
1269 4056 1451 4182 (pune
1473 4058 1680 4127 imperii
1714 4065 1839 4130 xx),

245 4129 572 4182 Mauricium
601 4129 856 4182 Germani
886 4128 1092 4182 patricii
1123 4128 1244 4182 ﬁlia:
1327 4128 1641 4182 heodosium
1673 4129 1839 4182 ﬁlium

245 4129 572 4185 Mauricium
601 4129 856 4186 Germani
886 4128 1092 4198 patricii
1123 4128 1244 4182 ﬁliae
1277 4128 1641 4198 Theodosium
1673 4128 1842 4185 ﬁlium

245 4200 558 4270 copulasse,
593 4199 864 4269 nuptiales
889 4197 1122 4270 coronas
1153 4199 1470 4268 imponente
1497 4197 1720 4270 Cyriaco
1746 4215 1844 4270 pa-

248 4267 511 4327 triarcha.
537 4271 615 4324 Ex
637 4267 837 4340 quibus
865 4268 1038 4340 colligi
1077 4267 1257 4340 potest
1280 4267 1550 4340 peractas
1582 4267 1702 4340 illas
1735 4267 1841 4340 riu-

245 4340 398 4412 ptias
432 4341 535 4412 sub
563 4356 634 4397 xv
655 4338 959 4412 Novembr.
977 4338 1136 4412 anno
1150 4338 1366 4412 Christi
1392 4338 1597 4412 vulgari
1623 4353 1728 4393 scr.
1775 4339 1842 4394 Et

250 4479 514 4536 Cbronici
545 4499 558 4534 :
590 4481 721 4535 dum
755 4479 830 4532 ait
858 4477 1120 4534 solemnia
1152 4478 1256 4532 ista
1287 4477 1850 4549 nuptiarumrperacta

251 4565 362 4620 per
388 4565 460 4606 vn
491 4550 608 4604 dies
639 4549 902 4620 integros,
931 4562 964 4602 a
988 4563 1040 4601 ιι
1061 4563 1232 4620 usque
1261 4550 1329 4604 ad
1357 4546 1426 4602 iv
1450 4546 1654 4602 mensis
1668 4547 1850 4620 diem,

251 4617 372 4690 quo
421 4621 631 4675 fortean
677 4617 898 4690 tandem
923 4617 1327 4673 matrimOnium
1365 4625 1636 4690 exactum
1661 4617 1852 4684 fuerit,

255 4687 476 4768 caeteris
496 4690 697 4768 _d_ie_bus
723 4689 780 4743 in
812 4701 1027 4768 pompae
1043 4696 1348 4768 apparatps
1377 4687 1690 4768 insumptis.

1941 3645 2261 3716 missilibus,
2291 3645 2558 3716 ejusmodi
2585 3657 2876 3716 processus
2906 3641 3166 3716 agerent?
3187 3641 3362 3700 Annis
3389 3643 3538 3701 enim

1943 3715 2066 3771 aliis
2111 3713 2604 3773 revera'consules
2649 3729 2760 3770 non
2805 3713 3263 3781 inscribebantur,
3309 3731 3435 3770 cum
3481 3717 3540 3770 in

1943 3785 2144 3841 tabulis
2185 3787 2418 3857 publicis
2465 3785 2570 3841 acti
2607 3783 2924 3857 consulat_us
2965 3784 3228 3857 duntaxat
3275 3786 3542 3857 memoria

1945 3853 2258 3926 servaretur
2293 3864 2349 3911 et
2384 3857 2796 3926 inscriberetur.
2839 3853 3022 3910 Semel
3064 3855 3232 3918 enim,
3275 3869 3380 3910 nec
3416 3855 3544 3926 plu-

1945 3925 2075 3992 ries,
2107 3927 2359 3982 consules
2388 3925 2721 3996 processisse
2749 3924 3128 3996 imperatores,
3153 3938 3222 3978 ex
3254 3939 3364 3996 quo
3379 3924 3546 3996 alu-

1949 3996 2190 4066 Stiniano
2212 3993 2517 4066 abrogatus
2543 4007 2629 4050 est
2657 3993 2994 4066 consulatus,
3027 3993 3541 4066 prorsusjlegimus.

2023 4065 2132 4138 (9g)
2158 4061 2434 4138 {#3797675
2454 4064 2781 4138 _Simocatta.
2808 4061 2904 4120 lib.
2933 4061 3060 4128 vui,
3098 4077 3218 4133 cap.
3244 4063 3298 4130 9,
3333 4061 3422 4132 ιο,
3455 4065 3544 4128 ll,

1950 4134 2200 4206 12.7Vi'de
2225 4134 2420 4206 Famil.
2446 4134 2670 4206 Byzant.
2839 4205 2847 4206 ί
3054 4203 3065 4206 _
3179 4181 3184 4190 .

2023 4205 2134 4277 (97)
2175 4201 2356 4262 Οἷκον
2379 4196 3004 4277 τοῇέάγίουί-’Ῑωάννου
3041 4203 3112 4277 ἐκ
3139 4199 3220 4268 τῷ
3244 4196 3546 4277 ξΕϐδόμῳ.

1951 4271 2404 4339 Οοὴειὶιηιὶηονοί.
2437 4271 2634 4334 Christ.
2677 4273 2773 4331 lib.
2805 4291 2879 4337 Iv,
2911 4282 3048 4329 sect.
3079 4273 3134 4338 4,
3165 4287 3222 4326 ιι.
3251 4271 3307 4339 6,
3334 4282 3390 4327 et
3425 4271 3550 4328 Dis-

247 4342 398 4412 ptias
432 4342 534 4396 sub
563 4356 634 4397 xv
668 4342 959 4419 Novembr.
991 4353 1136 4420 anno
1149 4342 1366 4420 .Cliristi
1392 4342 1597 4420 vulgari
1623 4353 1728 4393 scr.
1775 4342 1842 4394 Et
1876 4369 1928 4424 n
1950 4355 2094 4416 cepi.
2117 4347 2186 4402 de
2214 4342 2386 4403 Hebd,
2416 4344 2936 4415 Constantinopolit.
2967 4359 3024 4424 ιι.
3057 4343 3149 4424 19,
3169 4342 3260 4412 ᾃο.

247 4424 390 4466 sane
420 4426 490 4466 xv
524 4411 672 4466 hunc
713 4423 920 4464 mensus
961 4407 1109 4463 diem
1149 4409 1387 4464 indicare
1411 4409 1628 4463 videtur
1656 4417 1846 4464 auctor
2019 4414 2130 4466 (98)
2176 4416 2567 4466 Τοωαδπσίων
2592 4415 2882 4466 ἐιιϐόλων.
2923 4413 3084 4466 ιιιιιι..
3116 4412 3210 4466 lib.
3236 4428 3260 4466 l1

2019 4407 2130 4487 (98)
2176 4416 2567 4487 Τρωαδησίων
2592 4407 2882 4485 ἐμϐόλων.
2923 4413 3084 4478 lbid.,
3116 4407 3210 4466 lib.
3236 4428 3297 4476 ιι,
3329 4420 3464 4466 sect.
3491 4413 3546 4480 3,

1947 4485 2134 4627 1ῐ¹’(ἷῖἒὶ)
2175 4556 2284 4627 Kat
2312 4550 2423 4627 τῆς
2447 4554 2673 4622 Μέσης.
2701 4552 2862 4627 una,
2891 4552 2986 4608 lib.
3013 4560 3214 4627 ιιεεε-ι.
3241 4549 3329 4606 es.

2027 4620 2126 4694 (ιγ
2145 4624 2250 4693 Εἰς
2280 4620 2614 4694 tbi—"Ag:th
2639 4621 3147 4694 Aérdropor.‘Qui
3167 4622 3340 4694 locus,
3371 4620 3547 4690 inquit

1956 4691 2274 4762 Simocatta,
2305 4697 2374 4752 ab
2402 4691 2538 4752 urbe
2563 4691 3080 4764 Constantinopolit.
3103 4691 3323 4747 circiter
3349 4706 3412 4746 οι.
3437 4701 3546 4746 sta-

337 4761 449 4829 (95)
487 4760 600 4814 Kal
637 4755 928 4829 ὑπατείας
947 4755 1305 4829 rogasses
1351 4755 1644 4829 εὐσεϐοῇ·
1687 4755 1834 4829 ήμῶι

1956 4764 2060 4821 diis
2089 4755 2266 4821 abest;

255 4825 568 4884 δεσπότου
598 4830 664 4884 τὸ
696 4827 1001 4894 δεύτερον.
1031 4827 1232 4882 Nescio
1256 4843 1354 4883 cur
1384 4830 1530 4882 hunc
1567 4825 1852 4882 Mauricia-

253 4916 396 4956 num
431 4899 914 4968 characterismum
963 4897 1209 4952 omiserit
1255 4897 1693 4955 accuratissimus
1740 4897 1850 4968 Hy-

253 4969 454 5041 paticae
483 4969 762 5041 dignitatis
789 4967 1098 5041 interpres_:
1127 4975 1186 5022 et
1217 4983 1386 5041 quare
1421 4976 1536 5024 tum
1565 4967 1801 5041 demum
1821 4983 1852 5021 a

256 5035 453 5095 inense
490 5035 637 5096 Jtilio
674 5039 744 5093 ad
773 5035 1018 5091 mensem
1055 5035 1373 5092 Ianuarium
1417 5038 1696 5093 consulem
1729 5051 1854 5093 sese

256 5110 486 5173 iterum,
513 5125 611 5164 seu
636 5108 943 5178 secundum,
971 5107 1194 5178 inscribi
1225 5109 1408 5162 edicto
1446 5108 1850 5178 proposiurde-

256 5181 496 5235 creverit
529 5177 822 5234 Mauricius
848 5195 861 5229 :
893 5189 1072 5245 neque
1092 5177 1237 5232 enim
1265 5179 1380 5234 haec
1403 5177 1564 5232 verba
1585 5178 1653 5232 ad
1680 5177 1854 5232 Theo-

259 5249 482 5304 dosium
515 5249 684 5303 ﬁlium
719 5246 1002 5301 referenda
1031 5249 1358 5304 censuerim.
1391 5247 1474 5301 An
1509 5247 1668 5318 igitur
1707 5248 1852 5316 quod

255 5335 329 5375 ea
367 5327 686 5390 tempestate
717 5332 953 5390 rursum
981 5325 1042 5390 ut
1083 5319 1273 5373 consul
1322 5318 1680 5390 processerit,
1728 5333 1853 5390 cum

254 5403 390 5445 sese
417 5386 668 5444 consules
701 5396 817 5442 tum
846 5386 1227 5456 indigitarent,
1269 5386 1482 5457 quoties
1513 5397 1574 5441 ut
1604 5389 1856 5443 consules

246 5462 309 5518 in
356 5458 634 5530 publicum
667 5473 864 5529 pompa
897 5457 1146 5522 solemni,
1171 5459 1481 5528 sparsisque
1514 5457 1569 5511 in
1596 5458 1856 5528 populum

2025 4835 2098 4906 (2)
2138 4835 2426 4906 (Unam:
2454 4833 2800 4906 Πρᾳινέτου.
2829 4829 2972 4888 Urbs
3003 4831 3299 4906 Bithyniae,
3329 4847 3395 4886 cx
3443 4837 3542 4906 ad-

1949 4900 2122 4962 versae
2153 4900 2513 4974 Nicomediae,
2542 4905 2610 4960 de
2651 4920 2756 4974 qua
2792 4903 3093 4974 praesertim
3131 4900 3411 4974 Socrates,
3439 4902 3540 4974 lib.

1949 4991 2029 5046 vt,
2058 4989 2178 5046 cap.
2209 4975 2310 5044 16;
2341 4971 2695 5042 Sozomenus',
2725 4971 2819 5029 lib'.
2845 4987 2964 5036 νιιι,
2985 4987 3106 5042 cap.
3133 4973 3220 5036 18,
3246 4982 3303 5028 et
3329 4971 3549 5027 Notitite

1950 5045 2380 5116 episcopatuum.

2024 5115 2100 5186 (3)
2137 5107 2524 5186 Ἀιαδρόμους.
2557 5107 2874 5186 Simocatta,
2906 5111 3001 5167 lib.
3029 5128 3148 5180 vm,
3181 5127 3302 5182 cap.
3337 5112 3420 5179 15,
3454 5111 3552 5173 El;

1947 5183 2090 5250 τοῦς
2121 5183 2452 5255 λεγομένους
2474 5183 2826 5255 Διαδρόμους.

2032 5249 2107 5328 (ὅ)
2135 5249 2393 5328 λἈζκρίτα.
2427 5249 2868 5328 Promonio_rium
2904 5252 3380 5328 Bithyniaanotum
3419 5264 3553 5328 geo-

2032 5269 2107 5328 (4)
2151 5269 2393 5323 Ἀκρίτα.
2427 5269 2868 5335 Promontorium
2907 5269 3166 5378 bulian
3193 5269 3380 5308 nctum
3419 5269 3552 5322 geo-

1959 5326 2213 5450 ᾗτέρᾶιέίίῗ.
2235 5327 2302 5381 de
2335 5341 2442 5395 quo
2487 5326 2540 5380 in
2571 5339 2762 5395 primis
2788 5334 2899 5396 egit
2925 5321 3022 5394 Gyl
3046 5339 3132 5380 ius
3161 5323 3231 5379 de
3273 5321 3552 5393 Bosphoro

2049 5412 2213 5452 l'aCIO.

1570 5599 1806 5656 VARME
1851 5599 2255 5657 LECTIONES.

253 5751 304 5780 τέ
349 5746 402 5808 ς’
433 5753 544 5794 om.
573 5737 632 5792 P.

505 5831 776 5892 PATROL.
818 5831 933 5891 GR.
961 5829 1142 5890 XCII.

743 5736 788 5769 ιο
813 5735 1028 5806 φεύγων
1062 5735 1122 5791 Ρ,
1195 5735 1239 5768 ει
1277 5733 1578 5806 Μαυρίκιος
1604 5735 1850 5818 ’ζιϐέριος
1883 5735 1943 5792 Ρ.

2052 5735 2097 5768 "
2131 5735 2344 5808 ἐσφάγη
2379 5767 2448 5778 --
2481 5737 2740 5810 ἄρχοντες
2782 5757 2890 5796 om.
2926 5738 2981 5792 P.
3143 5820 3217 5888 Ἦ
