3920 6458
1533 201 1547 204 ⁸
1579 203 1642 212 η.--

241 310 364 376 $93

1443 307 1877 369 CHRONICON
1935 309 2334 376 PASCI-IALE.

3423 327 3528 394 995

243 419 590 491 ἀείμνηστος
617 418 824 492 πατὴρ,
855 415 1246 472 ἐϐουλεύσαντο
1271 417 1366 489 τῆς
1400 419 1668 488 τοσαύτης
1693 418 1831 471 ὲκεί-

1945 424 2276 480 invenirent.
2325 425 2456 482 Post
2497 435 2728 485 mortem
2759 446 2889 504 ergo
2920 435 3153 506 tyranni,
3187 451 3310 493 cum
3351 440 3528 513 impe-

243 529 352 566 νου
375 511 625 581 ἀνάγκης
657 509 1022 582 ἐλευθερῶσαι
1051 510 1152 582 τὴν
1198 510 1512 580 Ῥωμαϊκὴν
1538 509 1832 564 πολιτείαν⁸

241 603 396 676 ὅπερ
422 602 516 656 καὶ
541 600 811 674 ἔπραξαν,
842 600 1326 672 τεταπεινωμένην
1364 601 1580 670 ἐκείνην
1628 601 1694 654 ἐκ
1743 599 1836 654 τοῦ

247 694 532 764 ὑμετέρου
588 691 824 762 κράτους
859 692 1151 763 εὑρόντες.
1183 693 1294 746 Καὶ
1331 691 1469 762 μετὰ
1507 691 1599 745 τὸν
1625 691 1720 745 τοῦ
1747 707 1839 744 τυ-

248 785 456 854 ράννου
511 783 742 837 θάνατον
803 781 1160 856 βουληθέντος
1207 781 1302 835 τοῦ
1353 782 1512 854 ἡμῶν
1573 782 1839 854 βασιλέως

241 875 383 938 τοὺς
410 873 578 938 ἰδίους
607 873 797 927 λαϐεῖν
829 877 1117 944 συγγενεῖς
1140 875 1236 929 καὶ
1267 873 1406 944 πρὸς
1430 873 1520 928 τὸν
1543 875 1740 928 οἰκεῖον
1777 873 1837 926 ἐν

259 966 504 1036 Ἀφρικῇ
531 963 902 1030 ἐπαναζεῦξαι
932 966 1167 1038 πατέρα,
1207 964 1610 1036 προτρέψαντός
1639 963 1748 1036 (97)
1777 981 1835 1017 τε

240 1054 402 1126 ἡμᾶς
429 1055 489 1110 ὃν
545 1055 774 1126 θέλομεν
839 1055 1203 1122 ἐπιλέξασθαι
1237 1054 1484 1126 βασιλέα,
1522 1055 1676 1125 μόλις
1715 1057 1836 1118 ταῖς

244 1145 541 1216 αἰτήσεσιν
572 1145 734 1218 ἡμῶν
767 1147 1012 1210 πεισθεὶς
1045 1146 1373 1212 κατεδέξατο
1405 1148 1504 1218 τὴν
1536 1147 1834 1217 βασιλείαν,

251 1233 354 1286 καὶ
378 1233 465 1287 διὰ
487 1233 589 1302 τὴν
619 1235 932 1306 κρατοῦσαν
952 1237 1012 1290 ἐν
1045 1239 1166 1300 ταῖς
1203 1235 1296 1289 δύο
1333 1235 1629 1300 πολιτείαις
1669 1253 1836 1306 ταρα-

245 1325 377 1395 χὴν,
419 1324 498 1379 ἔτι
529 1326 602 1396 ⁸δὲ
634 1327 680 1360 ⁸⁸
710 1327 808 1382 καὶ
843 1329 946 1400 τὴν
1003 1327 1270 1398 ἐμφύλιον
1318 1329 1529 1394 στάσιν,
1569 1328 1672 1382 οὐκ
1707 1326 1834 1398 ἔσχε

244 1419 466 1490 καιρὸν,
501 1419 638 1490 ὅπερ
677 1421 850 1494 ἐχρῆν
901 1421 1232 1493 πραχθῆναι,
1279 1419 1374 1474 τοῦ
1421 1419 1509 1474 διὰ
1539 1419 1834 1491 πρεσϐείας

239 1507 351 1579 τὴν
375 1507 734 1581 ὀφειλομένην
786 1510 955 1581 τιμὴν
1011 1509 1090 1580 τῷ
1148 1509 1441 1581 ὑπερόγκῳ
1487 1509 1681 1582 κράτει
1733 1507 1834 1579 τῆς

245 1601 527 1673 ὑμετέρας
585 1602 833 1674 γαλήνης
893 1605 1288 1674 προσαγαγεῖν.
1367 1600 1834 1672 Ἐϐουλευσόιμεθα

169 1680 184 1688 ’
238 1687 343 1745 οὖν
381 1692 631 1762 παριδεῖν
671 1692 732 1746 τὸ
763 1692 907 1758 ἔθος,
949 1685 1123 1764 οὗπερ
1171 1694 1428 1766 ἀνωτέρω
1456 1692 1827 1765 ἐμνήσθημεν,

239 1785 347 1838 καὶ
383 1784 608 1857 βραχεῖς
633 1784 788 1849 ὄντες
839 1785 1118 1858 ἄνθρωποι
1155 1786 1291 1858 πρὸς
1333 1784 1688 1857 ἅρχιϐασιλέα
1717 1785 1828 1857 (98)
1860 1771 1902 1824 Β

236 1876 570 1948 τηλικοῦτον
628 1881 694 1949 τῇ
743 1877 927 1948 δεήσει
984 1878 1320 1950 χρήσασθαι,
1376 1877 1686 1942 στέλλοντες
1739 1879 1830 1932 καί

238 1985 400 2033 τινας
428 1967 486 2036 ἐξ
515 1969 671 2040 ἡμῶν
695 1968 1009 2038 ὀφείλοντας
1031 1969 1138 2023 τῶν
1173 1969 1456 2040 ὑμετέρων
1475 1969 1638 2040 ἰχνῶν
1662 1967 1830 2036 ἀξιω-

245 2060 430 2132 θῆναι.
467 2059 633 2114 nam
665 2060 754 2114 διὰ
781 2060 852 2114 τὰ
895 2061 952 2115 ἐν
999 2061 1153 2132 μέσῳ
1186 2061 1472 2131 συμϐάντα
1497 2059 1656 2115 τοῦτο
1685 2063 1829 2134 πρᾶο

252 2151 346 2218 ξαι
373 2151 526 2224 μέχρι
563 2149 661 2213 νῦν
684 2151 784 2205 οὐκ
810 2152 1192 2223 ἐτολμήσαμεν
1215 2168 1231 2184 ο
1269 2152 1360 2206 ὅτε
1397 2153 1440 2184 ⁸⁷
1469 2153 1656 2224 μέντοι
1687 2153 1831 2225 Σαὴν

251 2245 284 2296 6
304 2241 639 2308 ἐνδοξότατος
668 2241 1144 2313 Βαϐμανζαδαγὼ,
1173 2241 1272 2297 τοῦ
1299 2243 1572 2316 Περσικοῦ
1597 2245 1828 2317 στρατοῦ

243 2335 494 2406 ἔξαρχος,
525 2339 585 2391 ἐν
609 2338 724 2398 τοῖς
753 2335 946 2406 μέρεσι
975 2335 1320 2407 Χαλκηδόνος
1345 2337 1557 2407 γέγονε,
1585 2339 1678 2392 καὶ
1708 2356 1831 2394 συν-

239 2425 425 2497 τυχὼν
454 2427 534 2498 τῷ
563 2427 948 2498 εύσεϐεστάτῳ
988 2427 1148 2498 ἡμῶν
1181 2429 1395 2500 βασιλεῖ
1422 2431 1519 2484 καὶ
1549 2433 1704 2502 ἡμῖν,
1737 2431 1832 2485 καὶ

235 2520 309 2572 ἐκ
337 2518 564 2574 πάντων
593 2518 840 2590 αἰτηθεὶς
859 2519 931 2574 τὰ
981 2519 1111 2590 περὶ
1154 2521 1254 2592 τῆς
1293 2523 1518 2593 εἰρήνης
1553 2523 1834 2595 διαλεχθῆ-

236 2625 358 2676 ναι,
393 2610 558 2674 αὑτὸς
591 2609 637 2642 ⁸⁸
669 2610 768 2681 μὲν
800 2605 958 2664 εἷπεν
991 2609 1066 2681 μὴ
1099 2611 1244 2681 ἔχειν
1266 2613 1530 2685 τοιαύτην
1555 2614 1828 2681 ἐξουσίαν,

233 2697 458 2752 δέεσθαι
485 2698 542 2752 δὲ
563 2699 634 2752 τὰ
674 2698 720 2732 ⁸⁸
770 2698 901 2770 περί⁹
939 2698 1128 2754 τούτου
1171 2700 1272 2771 τῆς
1321 2701 1480 2770 ὑμῶν
1524 2703 1830 2776 φιλανθρω-

235 2790 392 2853 πίας.
423 2790 560 2843 Νυνί¹
599 2790 658 2844 δὲ
693 2791 787 2845 καὶ
811 2789 1111 2863 ἀπόκρισιν
1161 2790 1368 2846 ἔστειλε
1398 2791 1535 2863 πρὸς
1565 2794 1713 2864 ἡμᾶς
1740 2792 1832 2848 διὰ

233 2883 336 2938 τοῦ
366 2883 740 2955 Σπαδαδουὰρ,
767 2884 1138 2956 ὑποσχόμενος
1151 2884 1438 2956 ἐνωμότως
1464 2886 1546 2940 ὅτι
1569 2886 1630 2940 τὸ
1657 2885 1829 2958 ὑπέρ-

233 2991 408 3043 ογκον
441 2975 600 3046 ὑμῶν
664 2976 866 3047 κράτος
898 2975 1030 3039 τοὺς
1066 2974 1459 3047 στελλομένους
1492 2979 1622 3048 παρ’
1671 2977 1828 3048 ἡμῶν

1939 526 2086 572 rator
2107 524 2313 588 noster,
2342 519 2596 578 afﬁnibus
2648 539 2830 580 secum
2860 528 3172 598 assumptis,
3209 531 3262 584 in
3291 531 3530 589 Africam

1939 610 2005 663 ad
2033 619 2242 680 patrem
2275 627 2434 668 suum
2464 617 2664 672 reverti
2699 627 2984 685 statueret,
3014 632 3371 693 moneretque
3405 640 3528 692 nos,

1939 707 1998 752 ut
2031 715 2194 770 quem
2217 701 2481 759 vellemus
2509 704 2896 776 imperatorem
2921 711 3356 780 designaremus,
3387 730 3532 786 aegre

1937 793 2194 863 precibus
2224 799 2430 852 nostris
2451 798 2674 864 cedens,
2699 801 2988 872 imperium
3017 804 3236 858 tandem
3266 807 3529 878 suscepit.

1937 885 2008 939 At
2057 895 2283 957 propter
2329 890 2610 962 utriusque
2665 893 2976 964 reipublicae
3022 899 3527 967 perturbationem,

1937 976 2232 1050 civilesque
2274 991 2476 1048 motus,
2511 985 2664 1040 locus
2692 986 2795 1056 ipsi
2842 987 2988 1042 haud
3032 988 3136 1044 fuit
3169 1005 3267 1060 per
3298 989 3527 1062 legatos,

1939 1068 2018 1122 uti
2065 1085 2164 1140 par
2205 1081 2343 1136 erat,
2387 1074 2438 1128 id
2480 1077 2796 1145 praestandi,
2837 1094 2945 1148 quo
2979 1079 3226 1134 debitum
3263 1081 3527 1136 honorem

1943 1157 2296 1245 amplissimae
2343 1161 2642 1231 majestatis
2677 1173 2872 1219 vestrae
2901 1167 3182 1220 serenitati
3216 1166 3522 1223 exhiberet.

1935 1246 2307 1307 Statueramus
2336 1253 2527 1324 igitur,
2561 1257 2764 1312 omisso
2787 1271 2940 1313 more
2966 1259 3123 1329 cujus
3151 1260 3524 1326 meminimus,

1933 1351 2035 1391 nos
2056 1338 2235 1406 pusilli
2259 1339 2507 1396 homines
2523 1358 2650 1413 erga
2674 1344 3109 1413 potentissimum
3139 1361 3318 1416 regem
3343 1347 3525 1416 preci-

1933 1420 2035 1476 bus
2053 1423 2152 1489 uti,
2170 1434 2226 1480 et
2245 1426 2452 1496 aliquos
2470 1444 2532 1483 ex
2566 1431 2723 1484 nobis
2755 1433 2968 1486 mittere
2990 1433 3081 1500 qui
3103 1433 3170 1487 ad
3187 1433 3412 1504 vestigia
3428 1450 3528 1490 ve-

1933 1519 2044 1568 stra
2061 1517 2494 1574 admitterentur.
2513 1520 2620 1575 Sed
2635 1537 2702 1577 ex
2719 1523 2784 1578 iis
2805 1539 2926 1593 quae
2941 1523 3170 1580 subinde
3191 1540 3442 1592 evenere,
3467 1521 3529 1580 id

1932 1604 2000 1658 ad
2027 1603 2172 1658 hunc
2200 1619 2371 1674 usque
2396 1607 2538 1661 diem
2568 1609 2761 1678 exequi
2782 1609 2898 1663 ausi
2927 1625 3036 1664 non
3063 1626 3272 1666 sumus.
3308 1613 3378 1667 At
3397 1628 3524 1668 cum

1934 1693 2077 1749 Saen
2094 1695 2482 1753 illustrissimus
2499 1698 2958 1771 Badmanzadago,
2979 1699 3314 1756 Persicarum
3338 1702 3525 1773 copia-

1933 1801 2054 1841 rum
2087 1788 2194 1844 dux
2223 1805 2511 1860 supremus
2531 1792 2598 1846 ad
2631 1791 2767 1846 ﬁnes
2789 1792 3147 1848 Chalcedonis
3170 1795 3510 1861 accessisset,

1889 1905 1895 1912 -
1931 1895 2054 1935 cum
2082 1881 2324 1951 piissimo
2352 1892 2540 1939 nostro
2565 1885 2891 1954 imperatore
2911 1887 3175 1956 nobisque
3200 1887 3522 1950 collocutus.

1931 1982 2150 2044 rogatus
2181 1985 2264 2030 est
2313 1975 2381 2029 ab
2408 1976 2664 2031 omnibus
2692 1985 2754 2032 ut
2799 1977 2868 2032 de
2919 1992 3054 2047 pace
3102 1984 3379 2032 tractaret.
3415 1977 3526 2045 Qui

1931 2065 2216 2132 respondit
2268 2067 2368 2121 sibi
2416 2068 2636 2138 quidem
2682 2069 2948 2139 ejusmodi
2993 2068 3220 2124 minime
3257 2069 3524 2124 indultam

1932 2170 2055 2213 esse
2101 2157 2414 2214 facultatem
2447 2175 2462 2214 :
2493 2159 2913 2230 deprecaturum
2974 2165 3156 2215 tamen
3199 2174 3364 2230 super
3416 2160 3524 2216 hoc

1932 2249 2277 2304 clementiam
2302 2257 2560 2306 vestram.
2591 2251 2750 2306 Nunc
2787 2265 2918 2306 vero
2964 2257 3022 2305 et
3049 2265 3374 2321 responsum
3414 2252 3524 2306 mi-

1932 2339 2003 2394 sit
2033 2339 2191 2394 nobis
2219 2355 2319 2410 per
2343 2340 2800 2410 Spadadovarem,
2833 2355 2954 2396 cum
2987 2349 3332 2396 sacramento
3359 2341 3523 2411 polli-

1930 2431 2100 2498 citus,
2141 2431 2534 2502 amplissimam
2580 2441 2820 2488 vcstram
2871 2433 3248 2502 majestatem,
3293 2446 3389 2486 eos
3422 2449 3524 2504 pro

1929 2521 2189 2592 dignitate
2217 2531 2592 2593 suscepturam
2643 2523 2736 2594 qui
2788 2539 2818 2577 a
2864 2523 3024 2578 nobis
3060 2523 3432 2589 mitterentur,
3464 2532 3524 2580 et

1931 2612 2107 2668 salvos
2161 2628 2224 2667 ac
2269 2613 2570 2668 incolumes
2614 2613 2683 2668 ad
2729 2629 2828 2668 nos
2871 2617 3244 2683 remissuram,
3293 2615 3456 2687 idque
3489 2632 3519 2671 ε

1931 2703 2216 2760 clementia
2243 2713 2417 2759 vestra
2447 2715 2506 2759 ut
2534 2705 2739 2760 faceret
2762 2705 2865 2761 sibi
2897 2720 3018 2760 esse
3037 2707 3381 2775 imperatum.
3410 2705 3522 2761 Nos

1931 2794 2114 2865 itaque
2144 2795 2294 2850 hisce
2323 2795 2512 2850 conﬁsi
2539 2796 2843 2866 promissis,
2870 2798 3173 2866 prmsertim
3200 2804 3383 2852 autem
3407 2797 3523 2852 Deo

1932 2895 1988 2941 et
2019 2895 2196 2942 vestra
2217 2885 2597 2958 amplitudine,
2630 2901 2816 2942 servos
2856 2895 3069 2942 vestros
3108 2887 3358 2941 misim'us
3404 2886 3522 2958 glo-

1933 2977 2298 3032 riosissimum
2355 2977 2667 3049 Olympium
2713 2992 2777 3032 ex
2831 2976 3088 3040 consule,
3121 2975 3414 3046 patricium
3465 2985 3524 3032 et

235 3065 318 3145 ᾡς
347 3066 558 3136 πρέπον
589 3067 708 3120 ἐστί
767 3067 984 3137 δέχεται
1017 3069 1114 3120 καὶ
1145 3067 1374 3122 ἀπολύει
1399 3067 1661 3132 ἀϐλαϐεῖς
1689 3069 1826 3141 πρὸς

1933 3070 2254 3140 praefectum
2274 3069 2549 3141 praetorio,
2572 3080 2628 3124 et
2665 3067 3113 3140 gloriosissimum
3140 3066 3428 3122 Leontium
3453 3082 3523 3123 ex

237 3144 390 3229 ἡμᾶς
422 3157 782 3223 ἐπαναλῦσαι,
819 3161 916 3214 καὶ
961 3161 1046 3214 ὅτι
1077 3159 1230 3231 παρὰ
1260 3161 1360 3231 τῆς
1397 3161 1671 3232 ὑμετέρας
1706 3162 1827 3231 φιλ.

234 3253 560 3324 ανθρωπίας
613 3254 773 3308 τοῦτο
819 3255 1031 3326 πρᾶξαι
1087 3254 1407 3326 ἐκελεύσθη.
1464 3256 1655 3326 Ἡμεῖς
1685 3257 1729 3289 ⁷ο
1769 3258 1827 3311 δὲ

235 3342 408 3400 πάλιν
466 3349 580 3411 τοῖς
639 3346 784 3401 οὕτω
845 3347 1368 3420 παρακολουθήσασι
1427 3347 1823 3421 θαρρήσαντες,

233 3432 352 3506 πρδ
381 3435 602 3490 πάντων
636 3435 694 3490 δὲ
739 3434 818 3508 τῷ
849 3435 970 3507 Θεῷ
1007 3435 1104 3490 καὶ
1143 3439 1208 3508 τῇ
1249 3435 1495 3508 ὑμετέρᾳ
1537 3437 1824 3506 μεγαλειό-

231 3542 390 3598 τητι,
422 3527 549 3592 τοὺς
577 3527 802 3592 δούλους
833 3527 990 3597 ὑμῶν
1015 3527 1370 3598 ἀπελύσαμεν
1405 3525 1700 3598 Ὀλύμπιον
1737 3530 1829 3583 τὸν

233 3617 588 3685 ἐνδοξότατον
613 3619 725 3674 ἀπὸ
755 3621 1304 3690 ὑπάτων,πατρίκιον
1330 3619 1426 3672 καὶ
1456 3618 1694 3692 ἔπαρχον
1722 3621 1830 3678 τῶν

233 3713 621 3783 πραιτωρίων,
648 3713 745 3768 καὶ
785 3713 1041 3767 Λεόντιον
1065 3713 1159 3765 τὸν
1184 3710 1526 3776 ἐνδοξότατον
1555 3713 1662 3766 ἀπὸ
1694 3713 1832 3767 ὑπά-

230 3819 352 3857 των
385 3801 676 3873 πατρίκιον
699 3805 794 3858 καὶ
815 3802 1056 3874 ἔπαρχον
1081 3803 1314 3870 πόλεως,
1340 3805 1436 3859 καὶ
1478 3791 1830 3859 Ἀναστάσίον

230 3893 336 3946 τὸν
390 3893 810 3964 θεοφιλέστατον
862 3896 1236 3968 πρεσϐύτερον
1282 3896 1380 3950 καὶ
1413 3895 1710 3966 σύγκελλον
1762 3897 1830 3964 ⁷⁸,

235 3983 341 4050 οὓς
363 3986 722 4058 δυσωποῦμεν
751 3987 827 4052 ὡς
860 3988 1064 4060 πρέπει
1093 3986 1172 4059 τῷ
1196 3987 1490 4059 ὑπερόγκῳ
1520 3987 1675 4059 ὑμῶν
1696 3988 1836 4060 κρὰα

235 4094 335 4131 τει
363 4077 622 4150 δεχθῆναι
655 4081 752 4135 καὶ
784 4082 1071 4152 συντόμως
1115 4080 1458 4135 ἐπαναλῦσαι
1503 4079 1640 4152 πρὸς
1689 4085 1834 4153 ἡμᾶς

236 4169 346 4242 τὴν
375 4171 719 4243 ἁρέσκουσαν
750 4173 830 4245 τῷ
861 4173 982 4244 Θεῷ
1007 4173 1234 4244 εἰρήνην
1279 4172 1378 4226 καὶ
1407 4173 1726 4244 πρέπουσαν
1755 4173 1835 4244 τῷ

238 4263 544 4337 φιλειρήνῳ
565 4265 720 4337 ὑμῶν
750 4265 944 4338 κράτει
971 4265 1357 4330 ἀποσώζοντας
1387 4267 1538 4336 ἡμῖν.
1589 4266 1835 4336 Δεόμεθα

1931 3162 2174 3227 consule,
2200 3163 2489 3232 patricium
2512 3173 2568 3216 et
2581 3161 2896 3232 prafectum
2910 3159 3050 3226 urbi,
3075 3173 3140 3214 ac
3155 3158 3521 3214 venerabilem

1927 3254 2269 3310 Anastasium
2287 3256 2663 3326 presbyterum
2677 3261 2732 3308 et
2745 3251 3062 3324 syncellum,
3074 3265 3210 3322 quos
3235 3259 3294 3306 ut
3309 3251 3524 3321 amplis-

1929 3347 2064 3402 sima
2082 3347 2337 3418 majestas
2351 3355 2553 3410 vestra,
2571 3353 2732 3416 prout
2747 3361 2843 3416 par
2858 3353 2940 3400 est
2951 3343 3182 3413 excipiat
3197 3341 3518 3414 ﬂagitamus,

1929 3452 1986 3496 et
2001 3441 2077 3495 uti
2089 3456 2251 3511 quam
2268 3439 2502 3510 primum
2521 3438 2638 3494 ﬁeri
2651 3437 2852 3509 poterit
2867 3452 2992 3492 cum
3007 3447 3159 3508 grata
3175 3435 3284 3490 Deo
3301 3451 3451 3506 pace.
3467 3444 3524 3489 et

1933 3546 2056 3601 quae
2105 3529 2388 3600 paciﬁcam
2437 3529 2779 3600 maiestatem
2831 3537 3069 3583 vestram
3113 3527 3292 3591 decet,
3343 3527 3524 3581 salvos

1930 3625 2093 3681 nobis
2118 3625 2430 3680 remittatis.
2459 3621 2822 3678 Obsecramus
2853 3621 3019 3676 etiam
3045 3619 3521 3673 mansuetudinem

1932 3725 2170 3772 vestram
2213 3724 2277 3770 ut
2305 3715 2614 3772 Heraclium
2653 3714 2960 3785 piissimum
3005 3720 3254 3766 nostrum
3285 3711 3526 3780 impera-

1937 3817 2108 3862 torem
2135 3807 2256 3862 loco
2281 3807 2486 3877 proprii
2522 3805 2617 3860 ﬁlii
2647 3805 2867 3868 habeat,
2899 3811 3148 3874 paratum
3177 3802 3235 3855 in
3265 3799 3526 3856 omnibus

1935 3899 2216 3954 serenitati
2245 3907 2440 3954 vestrae
2472 3897 2679 3952 cultum
2707 3904 2765 3950 et
2797 3895 3037 3951 ofﬁcium
3061 3902 3342 3964 praestare.
3368 3891 3526 3959 Quod

1935 3991 2156 4062 quidem
2190 3991 2235 4044 si
2259 3989 2519 4055 feceritis,
2551 3987 2820 4060 geminam
2863 3986 3018 4042 vobis
3043 3985 3267 4057 gloriam
3301 3999 3527 4058 compa-

1937 4081 2148 4144 rabitis,
2199 4096 2325 4134 cum
2372 4095 2440 4134 ex
2485 4077 2809 4134 fortitudine
2855 4075 3068 4140 bellica,
3114 4083 3230 4130 tum
3263 4089 3330 4128 ex
3374 4077 3529 4146 pacis

1937 4172 2314 4230 concessione.
2345 4171 2455 4226 Nos
2477 4185 2643 4240 porro
2663 4168 2922 4239 deinceps
2947 4183 3046 4238 per
3073 4182 3354 4238 nunquam
3383 4167 3526 4222 obli-

1936 4263 2196 4319 viscenda
2218 4271 2399 4317 vestra
2437 4274 2666 4316 munera
2713 4258 2958 4316 fruemur
2999 4258 3203 4330 quiete,
3261 4257 3529 4328 nobisque

235 4353 302 4408 δὲ
350 4358 449 4428 τῆς
477 4351 645 4428 388
677 4357 951 4429 ὑμετέρας
991 4357 1330 4429 ἡμερότητος
1377 4357 1472 4412 καὶ
1513 4357 1831 4428 Ἡράκλειον

1939 4363 2196 4426 suppetet
2225 4353 2440 4410 occasio
2472 4367 2572 4424 pro
2601 4359 2799 4408 vestra:
2844 4351 2970 4407 vita;
3015 4349 3378 4405 diuturnitate
3416 4349 3529 4404 Deo

235 4445 337 4500 τὸν
383 4447 775 4503 εὐσεϐέστατον
818 4449 980 4520 ἡμῶν
1028 4449 1253 4518 βασιλέα
1297 4451 1520 4520 γνήσιον
1567 4450 1711 4522 ἔχειν
1756 4453 1831 4506 τέ·

1943 4464 2137 4521 preces
2156 4447 2443 4512 oﬁ‘erendi,
2473 4445 2714 4517 quandiu
2738 4444 2904 4501 stabit
2947 4443 3193 4499 Romana
3221 4441 3530 4514 respublica

237 4554 392 4606 κνον,
425 4540 724 4612 προθύμως
749 4541 946 4614 ἔχοντα
984 4543 1043 4596 ἐν
1073 4543 1246 4597 ἅπασι
1275 4543 1376 4614 τὴν
1419 4541 1716 4614 θεραπείαν
1739 4549 1831 4620 τῆς

1945 4555 2186 4604 vestrum
2228 4539 2556 4598 beneﬁcium
2596 4553 2880 4609 nunquam
2925 4535 3185 4592 oblivioni
3231 4536 3464 4592 daturis.

239 4629 519 4702 ὑμετέρας
559 4635 738 4690 ποιεῖν
789 4633 1051 4705 γαλήνης·
1097 4633 1281 4686 Ταῦτσο
1306 4633 1353 4666 "
1415 4633 1526 4706 γὰρ
1579 4635 1690 4708 (99)
1749 4643 2080 4712 πράττοντες
2143 4633 2335 4706 διπλῆν
2399 4633 2612 4696 ἑαυτοῖς
2657 4631 2994 4701 περιποιεῖτε
3050 4627 3228 4696 δόξαν,
3290 4626 3387 4680 καὶ
3436 4627 3533 4682 ἐπὶ

1592 4769 1920 4830 DUCANGll
1958 4769 2193 4828 NOTAE.

317 4886 427 4961 (97)
464 4886 962 4961 Προςρέψαρςτοςκ
971 4883 1132 4961 Quod
1162 4883 1229 4961 in
1256 4883 1446 4961 primis
1473 4884 1650 4940 ﬁrmat
1677 4887 1833 4945 Nice-
2009 4882 2587 4961 (98)_'Apx_t6q0't.1éa.
2616 4881 2830 4961 Quippe
2861 4893 2957 4934 rex
3001 4875 3286 4958 Persarum
3323 4891 3418 4930 rea:
3447 4891 3526 4961 re:

233 4946 468 5032 Dinonis,
491 4946 741 5032 scribens
771 4946 1082 5032 heraclium
1113 4955 1180 5010 ad
1209 4946 1830 5032 imperium__capessen-
1891 4974 1894 4978 '
1940 4946 2064 5032 gain
2105 4946 2739 5032 'insijrihehatur,_quod'
2761 4946 2894 5032 cum
2952 4946 3355 5032 provinciarum
3371 4946 3528 5032 ,χει

238 5015 668 5101 auth'riSpum
702 5027 1070 5101 cohortatum,
1097 5015 1364 5101 cum_non
1393 5039 1466 5101 se
1496 5015 1642 5080 illiu's
1673 5041 1834 5082 usur—
1939 5015 2102 5101 Etiam
2134 5028 2412 5101 civitatum
2456 5015 3004 5101 majorum'rectorés
3046 5015 3302 5101 βασιλεξ
3324 5015 3524 5101 pariter

238 5083 407 5170 pandi
435 5083 1103 5170 gratia‘venjssediceret,
1139 5094 1238 5170 sed
1279 5101 1340 5170 ut
1367 5092 1569 5170 africa
1605 5103 1834 5166 tyranno
1932 5083 2264 5170 dicerentur,
2313 5094 2407 5164 qui
2455 5094 2522 5148 iis
2545 5083 2835 5170 'pmnibus
2889 5083 3193 5170 imperabat
3225 5083 3527 5170 Persaer

242 5155 582 5242 'eoruquuge
607 5166 669 5242 in
705 5165 1024 5220 Mauricium
1062 5155 1126 5219 ac
1167 5155 1651 5242 Mauriciinliberos
1681 5181 1836 5242 com-
1934 5185 2050 5233 rex,
2081 5183 2145 5222 ea
2171 5155 2438 5242 de'ca'usa
2460 5162 2618 5242 regis
2663 5155 3048 5242 regumﬁtitulo
3083 5157 3263 5242 vulgo;
3283 5155 3520 5242 donabat

244 5224 497 5302 miserat;
519 5237 819 5310 facinorum
851 5248 1044 5304 poenas
1071 5241 1342 5310 repeteret
1367 5251 1382 5286 :
1403 5233 1714 5310 _(_.‘.rispoque
1741 5237 1840 5292 ab-
1937 5224 2050 5310 tur,’
2069 5245 2134 5310 ut
2166 5245 2252 5291 est
2283 5235 2428 5304 apud
2460 5224 2926 5310 Bri'ssoniu'rn,ml)e
2953 5241 3110 5310 πρὶῃο
3137 5224 3446 5291 Ρὲνεαηιηι,
3473 5231 3525 5280 ει

241 5295 486 5373 nuente,
527 5307 748 5362 tandem
789 5295 1171 5374 imperatorem
1226 5295 1554 5358 iicraclium‘
1576 5295 1837 5362 a'senatu
1936 5308 1990 5362 in
2022 5295 2519 5374 Dissertatfnostra
2551 5303 2619 5356 ad
2646 5299 2976 5374 Joinvillam,
3009 5295 3102 5351 97.

237 5375 548 5446 populoque
576 5373 974 5446 proclamatum
1003 5389 1146 5444 esse,
1181 5381 1235 5432 et
1255 5389 1286 5430 a
1322 5375 1636 5446 patriarcha
1661 5387 1820 5430 coro-

2004 5373 2118 5446 (99)
2157 5374 2338 5430 Τοῦτο
2365 5375 2498 5443 γάρ.
2540 5374 2782 5428 llolsten.
2812 5373 3008 5426 ταῦτα.

238 5455 452 5501 natum.
561 5479 569 5486 ο

1543 5565 1779 5625 ἾΔΒΙᾸΞ
1807 5563 2105 5623 LECTION
2113 5564 2212 5619 ES.

315 5664 360 5696 “
387 5665 448 5738 δέ
475 5678 588 5738 o_In.
621 5667 678 5720 P.
757 5669 799 5699 ⁸⁷
833 5669 914 5722 ὅτι
945 5667 1005 5723 Ρ.
1089 5666 1132 5699 ⁸⁸
1167 5666 1328 5722 αὐτὸν
1371 5667 1439 5722 R.
1519 5668 1563 5700 "
1597 5669 1664 5722 τὰ
1697 5684 1810 5723 om.
1868 5668 1934 5722 Β.
2017 5667 2059 5697 ⁷⁸
2103 5665 2249 5738 ἡμᾶς
2284 5692 2352 5701 --
2388 5663 2776 5734 οαρῤἠσαντας
2843 5660 2958 5718 Rv-

3039 5661 3076 5692 τ’
3114 5656 3411 5727 σύγγελλον
3445 5657 3513 5716 Ρ.

241 5735 293 5773 τ’
321 5733 480 5790 τοῦτο
501 5736 566 5792 Ρ.
2124 5733 2135 5738 ’
2467 5733 2470 5734 ⁷
2558 5733 2562 5734 ί
3547 5758 3557 5784 έ
