  <div class='ocr_page' id='page_1' title='image "/cluster/home/n/w/nwhite01/storage/ocr_20150623/92/coo.31924054869965/516.png"; bbox 0 0 3920 6410; ppageno 0'>
   <div class='ocr_carea' id='block_1_1' title="bbox 67 353 3418 432">
    <p class='ocr_par' dir='ltr' id='par_1_1' title="bbox 67 353 3418 432">
     <span class='ocr_line' id='line_1_1' title="bbox 67 353 3418 432; baseline -0.008 0"><span class='ocrx_word' id='word_1_1' title='bbox 67 363 246 432; x_wconf 73' lang='lat'><strong>1005</strong></span> <span class='ocrx_word' id='word_1_2' title='bbox 1316 355 1750 424; x_wconf 82' lang='lat' dir='ltr'><strong>CHRONICON</strong></span> <span class='ocrx_word' id='word_1_3' title='bbox 1807 353 2214 416; x_wconf 86' lang='lat' dir='ltr'><strong>PASCHALE.</strong></span> <span class='ocrx_word' id='word_1_4' title='bbox 3236 353 3378 415; x_wconf 72' lang='grc'><strong>’1096</strong></span> <span class='ocrx_word' id='word_1_5' title='bbox 3411 421 3418 426; x_wconf 27' lang='lat'><em>.</em></span> 
     </span>
    </p>
   </div>
   <div class='ocr_carea' id='block_1_2' title="bbox 69 457 1704 544">
    <p class='ocr_par' dir='ltr' id='par_1_2' title="bbox 69 462 1694 544">
     <span class='ocr_line' id='line_1_2' title="bbox 69 462 1694 544; baseline -0.009 -15"><span class='ocrx_word' id='word_1_6' title='bbox 69 481 137 542; x_wconf 77' lang='grc' dir='ltr'>γ’</span> <span class='ocrx_word' id='word_1_7' title='bbox 163 471 420 544; x_wconf 79' lang='grc' dir='ltr'>φόλλεων</span> <span class='ocrx_word' id='word_1_8' title='bbox 447 470 896 543; x_wconf 76' lang='grc' dir='ltr'><strong>πιπρασκομένου</strong></span> <span class='ocrx_word' id='word_1_9' title='bbox 925 467 1018 524; x_wconf 82' lang='grc' dir='ltr'>τοῦ</span> <span class='ocrx_word' id='word_1_10' title='bbox 1051 465 1268 540; x_wconf 77' lang='grc' dir='ltr'>ψωμίου</span> <span class='ocrx_word' id='word_1_11' title='bbox 1299 467 1463 531; x_wconf 80' lang='grc' dir='ltr'>αὐτὸς</span> <span class='ocrx_word' id='word_1_12' title='bbox 1491 465 1540 538; x_wconf 87' lang='grc' dir='ltr'>η’</span> <span class='ocrx_word' id='word_1_13' title='bbox 1569 462 1694 534; x_wconf 77' lang='grc' dir='ltr'><strong>φύλ-</strong></span> 
     </span>
    </p>
   </div>
   <div class='ocr_carea' id='block_1_3' title="bbox 1811 457 3376 544">
    <p class='ocr_par' dir='ltr' id='par_1_3' title="bbox 1811 457 3376 528">
     <span class='ocr_line' id='line_1_3' title="bbox 1811 457 3376 528; baseline 0.001 -14"><span class='ocrx_word' id='word_1_14' title='bbox 1811 459 2061 527; x_wconf 86' lang='lat' dir='ltr'><strong>leretur,</strong></span> <span class='ocrx_word' id='word_1_15' title='bbox 2100 474 2217 514; x_wconf 90' lang='lat' dir='ltr'><strong>rem</strong></span> <span class='ocrx_word' id='word_1_16' title='bbox 2276 459 2392 528; x_wconf 86' lang='lat' dir='ltr'><strong>ipse</strong></span> <span class='ocrx_word' id='word_1_17' title='bbox 2441 457 2829 514; x_wconf 85' lang='lat' dir='ltr'><strong>eo—deducere</strong></span> <span class='ocrx_word' id='word_1_18' title='bbox 2891 458 3190 514; x_wconf 76' lang='lat' dir='ltr'><strong>conabatur</strong></span> <span class='ocrx_word' id='word_1_19' title='bbox 3223 501 3237 523; x_wconf 95' lang='lat'><strong>,</strong></span> <span class='ocrx_word' id='word_1_20' title='bbox 3298 466 3376 517; x_wconf 86' lang='lat' dir='ltr'><strong>uti</strong></span> 
     </span>
    </p>
   </div>
   <div class='ocr_carea' id='block_1_4' title="bbox 77 551 1704 636">
    <p class='ocr_par' dir='ltr' id='par_1_4' title="bbox 77 553 1698 636">
     <span class='ocr_line' id='line_1_4' title="bbox 77 553 1698 636; baseline -0.007 -19"><span class='ocrx_word' id='word_1_21' title='bbox 77 566 241 619; x_wconf 77' lang='grc' dir='ltr'>λεων</span> <span class='ocrx_word' id='word_1_22' title='bbox 275 563 413 618; x_wconf 79' lang='grc' dir='ltr'>αὐτὸ</span> <span class='ocrx_word' id='word_1_23' title='bbox 441 563 718 636; x_wconf 75' lang='grc' dir='ltr'>ἠϐουλήθη</span> <span class='ocrx_word' id='word_1_24' title='bbox 752 563 978 634; x_wconf 83' lang='grc' dir='ltr'>ποιῆσαι</span> <span class='ocrx_word' id='word_1_25' title='bbox 1000 577 1016 594; x_wconf 77' lang='grc' dir='ltr'><strong>ο</strong></span> <span class='ocrx_word' id='word_1_26' title='bbox 1046 561 1142 614; x_wconf 81' lang='grc' dir='ltr'><strong>καὶ</strong></span> <span class='ocrx_word' id='word_1_27' title='bbox 1182 562 1211 614; x_wconf 82' lang='grc' dir='ltr'>ὁ</span> <span class='ocrx_word' id='word_1_28' title='bbox 1251 558 1388 624; x_wconf 81' lang='grc' dir='ltr'>Θεὸς</span> <span class='ocrx_word' id='word_1_29' title='bbox 1427 553 1698 612; x_wconf 76' lang='grc' dir='ltr'>κατέδαλε</span> 
     </span>
    </p>
   </div>
   <div class='ocr_carea' id='block_1_5' title="bbox 1811 551 3381 636">
    <p class='ocr_par' dir='ltr' id='par_1_5' title="bbox 1811 551 3381 626">
     <span class='ocr_line' id='line_1_5' title="bbox 1811 551 3381 626; baseline 0.001 -16"><span class='ocrx_word' id='word_1_30' title='bbox 1811 565 1923 611; x_wconf 74' lang='lat' dir='ltr'><strong>)ct&#39;o</strong></span> <span class='ocrx_word' id='word_1_31' title='bbox 1971 555 2128 610; x_wconf 87' lang='lat' dir='ltr'><strong>folles</strong></span> <span class='ocrx_word' id='word_1_32' title='bbox 2169 553 2558 626; x_wconf 85' lang='lat' dir='ltr'><strong>exigerentur:</strong></span> <span class='ocrx_word' id='word_1_33' title='bbox 2587 553 2684 608; x_wconf 88' lang='lat' dir='ltr'><strong>sed</strong></span> <span class='ocrx_word' id='word_1_34' title='bbox 2732 551 2878 609; x_wconf 82' lang='lat' dir='ltr'><strong>Deus</strong></span> <span class='ocrx_word' id='word_1_35' title='bbox 2929 553 3221 610; x_wconf 83' lang='lat' dir='ltr'><strong>consilium</strong></span> <span class='ocrx_word' id='word_1_36' title='bbox 3260 557 3381 626; x_wconf 76' lang='lat' dir='ltr'><strong>eius</strong></span> 
     </span>
    </p>
   </div>
   <div class='ocr_carea' id='block_1_6' title="bbox 79 649 1704 727">
    <p class='ocr_par' dir='ltr' id='par_1_6' title="bbox 79 655 654 727">
     <span class='ocr_line' id='line_1_6' title="bbox 79 655 654 727; baseline -0.003 -16"><span class='ocrx_word' id='word_1_37' title='bbox 79 661 200 727; x_wconf 73' lang='grc' dir='ltr'>’τὴν</span> <span class='ocrx_word' id='word_1_38' title='bbox 237 656 434 727; x_wconf 82' lang='grc' dir='ltr'>βουλὴν</span> <span class='ocrx_word' id='word_1_39' title='bbox 465 655 654 709; x_wconf 78' lang='grc' dir='ltr'><strong>αὑτοῦ.</strong></span> 
     </span>
    </p>
   </div>
   <div class='ocr_carea' id='block_1_7' title="bbox 1811 649 2014 727">
    <p class='ocr_par' dir='ltr' id='par_1_7' title="bbox 1811 649 2014 702">
     <span class='ocr_line' id='line_1_7' title="bbox 1811 649 2014 702; baseline 0 0"><span class='ocrx_word' id='word_1_40' title='bbox 1811 649 2014 702; x_wconf 73' lang='lat' dir='ltr'><strong>avertit.</strong></span> 
     </span>
    </p>
   </div>
   <div class='ocr_carea' id='block_1_8' title="bbox 173 743 1699 820">
    <p class='ocr_par' dir='ltr' id='par_1_8' title="bbox 173 743 1699 820">
     <span class='ocr_line' id='line_1_8' title="bbox 173 743 1699 820; baseline -0.008 -16"><span class='ocrx_word' id='word_1_41' title='bbox 173 748 346 820; x_wconf 73' lang='lat'><strong>392</strong></span> <span class='ocrx_word' id='word_1_42' title='bbox 380 747 562 802; x_wconf 82' lang='grc' dir='ltr'>Καλὸν</span> <span class='ocrx_word' id='word_1_43' title='bbox 589 747 648 800; x_wconf 86' lang='grc' dir='ltr'>δὲ</span> <span class='ocrx_word' id='word_1_44' title='bbox 680 747 1046 818; x_wconf 85' lang='grc' dir='ltr'>διηγήσασθαι</span> <span class='ocrx_word' id='word_1_45' title='bbox 1074 745 1224 807; x_wconf 81' lang='grc' dir='ltr'>ὅπως</span> <span class='ocrx_word' id='word_1_46' title='bbox 1252 745 1348 798; x_wconf 69' lang='grc' dir='ltr'>καὶ</span> <span class='ocrx_word' id='word_1_47' title='bbox 1372 743 1467 798; x_wconf 78' lang='grc' dir='ltr'>νῦν</span> <span class='ocrx_word' id='word_1_48' title='bbox 1484 745 1513 796; x_wconf 88' lang='grc' dir='ltr'><strong>ὁ</strong></span> <span class='ocrx_word' id='word_1_49' title='bbox 1541 744 1699 813; x_wconf 82' lang='grc' dir='ltr'>μόνος</span> 
     </span>
    </p>
   </div>
   <div class='ocr_carea' id='block_1_9' title="bbox 93 835 1700 910">
    <p class='ocr_par' dir='ltr' id='par_1_9' title="bbox 93 835 1700 910">
     <span class='ocr_line' id='line_1_9' title="bbox 93 835 1700 910; baseline -0.003 -18"><span class='ocrx_word' id='word_1_50' title='bbox 93 839 396 900; x_wconf 79' lang='grc' dir='ltr'>πολυέλεος</span> <span class='ocrx_word' id='word_1_51' title='bbox 441 839 537 892; x_wconf 79' lang='grc' dir='ltr'>καὶ</span> <span class='ocrx_word' id='word_1_52' title='bbox 583 837 960 909; x_wconf 79' lang='grc' dir='ltr'>εὔσπλαγχνος</span> <span class='ocrx_word' id='word_1_53' title='bbox 1008 839 1142 904; x_wconf 81' lang='grc' dir='ltr'>Θεὸς</span> <span class='ocrx_word' id='word_1_54' title='bbox 1189 841 1256 910; x_wconf 79' lang='grc' dir='ltr'><strong>τῇ</strong></span> <span class='ocrx_word' id='word_1_55' title='bbox 1317 835 1700 908; x_wconf 79' lang='grc' dir='ltr'>εὐπροσδέκτῳ</span> 
     </span>
    </p>
   </div>
   <div class='ocr_carea' id='block_1_10' title="bbox 93 929 1700 1004">
    <p class='ocr_par' dir='ltr' id='par_1_10' title="bbox 93 929 1700 1004">
     <span class='ocr_line' id='line_1_10' title="bbox 93 929 1700 1004; baseline -0.002 -19"><span class='ocrx_word' id='word_1_56' title='bbox 93 930 379 1002; x_wconf 74' lang='grc' dir='ltr'>πρεσϐείᾳ</span> <span class='ocrx_word' id='word_1_57' title='bbox 406 931 508 1000; x_wconf 83' lang='grc' dir='ltr'>τῆς</span> <span class='ocrx_word' id='word_1_58' title='bbox 539 931 813 1002; x_wconf 78' lang='grc' dir='ltr'>ἀχράντου</span> <span class='ocrx_word' id='word_1_59' title='bbox 842 931 1008 985; x_wconf 81' lang='grc' dir='ltr'>αὑτοῦ</span> <span class='ocrx_word' id='word_1_60' title='bbox 1037 931 1245 1004; x_wconf 77' lang='grc' dir='ltr'>μητρὸς</span> <span class='ocrx_word' id='word_1_61' title='bbox 1275 931 1369 983; x_wconf 79' lang='grc' dir='ltr'>καὶ</span> <span class='ocrx_word' id='word_1_62' title='bbox 1395 930 1536 983; x_wconf 86' lang='grc' dir='ltr'>κατὰ</span> <span class='ocrx_word' id='word_1_63' title='bbox 1562 929 1700 1000; x_wconf 82' lang='grc' dir='ltr'><strong>ἀλή-</strong></span> 
     </span>
    </p>
   </div>
   <div class='ocr_carea' id='block_1_11' title="bbox 91 1021 1699 1094">
    <p class='ocr_par' dir='ltr' id='par_1_11' title="bbox 91 1021 1699 1094">
     <span class='ocr_line' id='line_1_11' title="bbox 91 1021 1699 1094; baseline -0.002 -17"><span class='ocrx_word' id='word_1_64' title='bbox 91 1025 262 1079; x_wconf 82' lang='grc' dir='ltr'>θειαν</span> <span class='ocrx_word' id='word_1_65' title='bbox 305 1025 604 1093; x_wconf 76' lang='grc' dir='ltr'>Δεσποίνης</span> <span class='ocrx_word' id='word_1_66' title='bbox 662 1024 822 1094; x_wconf 84' lang='grc' dir='ltr'>ἡμῶν</span> <span class='ocrx_word' id='word_1_67' title='bbox 870 1025 1134 1079; x_wconf 85' lang='grc' dir='ltr'>Θεοτόκου</span> <span class='ocrx_word' id='word_1_68' title='bbox 1180 1023 1276 1078; x_wconf 81' lang='grc' dir='ltr'><strong>καὶ</strong></span> <span class='ocrx_word' id='word_1_69' title='bbox 1311 1021 1699 1094; x_wconf 81' lang='grc' dir='ltr'>Ἀειπαρθένου</span> 
     </span>
    </p>
   </div>
   <div class='ocr_carea' id='block_1_12' title="bbox 91 1115 1701 1188">
    <p class='ocr_par' dir='ltr' id='par_1_12' title="bbox 91 1115 1701 1188">
     <span class='ocr_line' id='line_1_12' title="bbox 91 1115 1701 1188; baseline -0.003 -16"><span class='ocrx_word' id='word_1_70' title='bbox 91 1117 332 1187; x_wconf 78' lang='grc' dir='ltr'>Μαρίας</span> <span class='ocrx_word' id='word_1_71' title='bbox 364 1117 465 1188; x_wconf 76' lang='grc' dir='ltr'><strong>τὴν</strong></span> <span class='ocrx_word' id='word_1_72' title='bbox 500 1116 764 1187; x_wconf 82' lang='grc' dir='ltr'>ταπεινὴν</span> <span class='ocrx_word' id='word_1_73' title='bbox 791 1117 999 1186; x_wconf 83' lang='grc' dir='ltr'>ταύτην</span> <span class='ocrx_word' id='word_1_74' title='bbox 1020 1116 1187 1170; x_wconf 82' lang='grc' dir='ltr'>αὐτοῦ</span> <span class='ocrx_word' id='word_1_75' title='bbox 1220 1116 1374 1170; x_wconf 86' lang='grc' dir='ltr'>πόλιν</span> <span class='ocrx_word' id='word_1_76' title='bbox 1399 1117 1604 1169; x_wconf 77' lang='grc' dir='ltr'>ἔσωσεν</span> <span class='ocrx_word' id='word_1_77' title='bbox 1636 1115 1701 1167; x_wconf 87' lang='grc' dir='ltr'>ἐκ</span> 
     </span>
    </p>
   </div>
   <div class='ocr_carea' id='block_1_13' title="bbox 93 1207 1700 1280">
    <p class='ocr_par' dir='ltr' id='par_1_13' title="bbox 93 1207 1700 1280">
     <span class='ocr_line' id='line_1_13' title="bbox 93 1207 1700 1280; baseline -0.001 -17"><span class='ocrx_word' id='word_1_78' title='bbox 93 1211 217 1264; x_wconf 72' lang='grc' dir='ltr'>τῶν</span> <span class='ocrx_word' id='word_1_79' title='bbox 242 1209 383 1263; x_wconf 81' lang='grc' dir='ltr'>κατὰ</span> <span class='ocrx_word' id='word_1_80' title='bbox 417 1211 739 1280; x_wconf 74' lang='grc' dir='ltr'><strong>συμφωνίαν</strong></span> <span class='ocrx_word' id='word_1_81' title='bbox 774 1210 1172 1264; x_wconf 80' lang='grc' dir='ltr'><strong>κυκλωσάντων</strong></span> <span class='ocrx_word' id='word_1_82' title='bbox 1217 1210 1386 1278; x_wconf 79' lang='grc' dir='ltr'>αὐτὴν</span> <span class='ocrx_word' id='word_1_83' title='bbox 1417 1207 1700 1263; x_wconf 83' lang='grc' dir='ltr'>παναθέων</span> 
     </span>
    </p>
   </div>
   <div class='ocr_carea' id='block_1_14' title="bbox 96 1297 1699 1373">
    <p class='ocr_par' dir='ltr' id='par_1_14' title="bbox 96 1297 1699 1373">
     <span class='ocr_line' id='line_1_14' title="bbox 96 1297 1699 1373; baseline -0.001 -19"><span class='ocrx_word' id='word_1_84' title='bbox 96 1301 320 1373; x_wconf 70' lang='grc' dir='ltr'>ἐχθρῶν</span> <span class='ocrx_word' id='word_1_85' title='bbox 355 1303 420 1372; x_wconf 79' lang='grc' dir='ltr'>τῇ</span> <span class='ocrx_word' id='word_1_86' title='bbox 459 1297 698 1372; x_wconf 81' lang='grc' dir='ltr'>κροίταιᾷ</span> <span class='ocrx_word' id='word_1_87' title='bbox 728 1301 895 1355; x_wconf 84' lang='grc' dir='ltr'>αὑτοῦ</span> <span class='ocrx_word' id='word_1_88' title='bbox 921 1301 1086 1373; x_wconf 79' lang='grc' dir='ltr'>χειρὶ,</span> <span class='ocrx_word' id='word_1_89' title='bbox 1121 1301 1216 1354; x_wconf 75' lang='grc' dir='ltr'><strong>καὶ</strong></span> <span class='ocrx_word' id='word_1_90' title='bbox 1240 1301 1331 1354; x_wconf 79' lang='grc' dir='ltr'>τὸν</span> <span class='ocrx_word' id='word_1_91' title='bbox 1351 1303 1408 1354; x_wconf 73' lang='grc' dir='ltr'><strong>ἐν</strong></span> <span class='ocrx_word' id='word_1_92' title='bbox 1440 1301 1579 1372; x_wconf 76' lang='grc' dir='ltr'>αὐτῇ</span> <span class='ocrx_word' id='word_1_93' title='bbox 1607 1300 1699 1353; x_wconf 81' lang='grc' dir='ltr'>εὑ-</span> 
     </span>
    </p>
   </div>
   <div class='ocr_carea' id='block_1_15' title="bbox 98 1391 1701 1465">
    <p class='ocr_par' dir='ltr' id='par_1_15' title="bbox 98 1391 1701 1465">
     <span class='ocr_line' id='line_1_15' title="bbox 98 1391 1701 1465; baseline -0.001 -19"><span class='ocrx_word' id='word_1_94' title='bbox 98 1393 338 1464; x_wconf 81' lang='grc' dir='ltr'>ρεθέντα</span> <span class='ocrx_word' id='word_1_95' title='bbox 384 1391 512 1446; x_wconf 79' lang='grc' dir='ltr'>λαὸν</span> <span class='ocrx_word' id='word_1_96' title='bbox 567 1393 912 1464; x_wconf 81' lang='grc' dir='ltr'>ἐλυτρὼσατο</span> <span class='ocrx_word' id='word_1_97' title='bbox 953 1394 1056 1464; x_wconf 85' lang='grc' dir='ltr'>τῆς</span> <span class='ocrx_word' id='word_1_98' title='bbox 1083 1392 1566 1465; x_wconf 64' lang='grc' dir='ltr'><strong>Δ’προσδοκωμένης</strong></span> <span class='ocrx_word' id='word_1_99' title='bbox 1598 1407 1701 1462; x_wconf 88' lang='grc' dir='ltr'>μα-</span> 
     </span>
    </p>
   </div>
   <div class='ocr_carea' id='block_1_16' title="bbox 96 1452 1696 1558">
    <p class='ocr_par' dir='ltr' id='par_1_16' title="bbox 96 1452 1696 1558">
     <span class='ocr_line' id='line_1_16' title="bbox 96 1452 1696 1558; baseline -0.001 -19"><span class='ocrx_word' id='word_1_100' title='bbox 96 1452 330 1556; x_wconf 52' lang='grc' dir='ltr'>χαίρας,</span> <span class='ocrx_word' id='word_1_101' title='bbox 369 1452 752 1554; x_wconf 74' lang='grc' dir='ltr'>αἰχμαλωσίας</span> <span class='ocrx_word' id='word_1_102' title='bbox 797 1503 856 1539; x_wconf 85' lang='grc' dir='ltr'><strong>τε</strong></span> <span class='ocrx_word' id='word_1_103' title='bbox 905 1452 1696 1558; x_wconf 40' lang='grc' dir='ltr'>καὶμπῗδίροτάτηςιδουλείας,</span> 
     </span>
    </p>
   </div>
   <div class='ocr_carea' id='block_1_17' title="bbox 96 1575 1700 1651">
    <p class='ocr_par' dir='ltr' id='par_1_17' title="bbox 96 1575 1700 1651">
     <span class='ocr_line' id='line_1_17' title="bbox 96 1575 1700 1651; baseline 0.001 -20"><span class='ocrx_word' id='word_1_104' title='bbox 96 1577 136 1631; x_wconf 84' lang='grc' dir='ltr'><strong>ὃ</strong></span> <span class='ocrx_word' id='word_1_105' title='bbox 167 1579 212 1610; x_wconf 76' lang='grc'><strong>³⁸</strong></span> <span class='ocrx_word' id='word_1_106' title='bbox 243 1577 419 1640; x_wconf 78' lang='grc' dir='ltr'>οὐδεὶς</span> <span class='ocrx_word' id='word_1_107' title='bbox 455 1577 566 1630; x_wconf 75' lang='grc' dir='ltr'><strong>τῶν</strong></span> <span class='ocrx_word' id='word_1_108' title='bbox 611 1577 832 1631; x_wconf 84' lang='grc' dir='ltr'>πάντων</span> <span class='ocrx_word' id='word_1_109' title='bbox 864 1579 1164 1651; x_wconf 83' lang='grc' dir='ltr'>εὐπορήσει</span> <span class='ocrx_word' id='word_1_110' title='bbox 1205 1577 1592 1649; x_wconf 82' lang='grc' dir='ltr'>διηγήσασθαι.</span> <span class='ocrx_word' id='word_1_111' title='bbox 1639 1575 1700 1632; x_wconf 86' lang='grc'><strong>’0</strong></span> 
     </span>
    </p>
   </div>
   <div class='ocr_carea' id='block_1_18' title="bbox 97 1668 1700 1743">
    <p class='ocr_par' dir='ltr' id='par_1_18' title="bbox 97 1668 1700 1743">
     <span class='ocr_line' id='line_1_18' title="bbox 97 1668 1700 1743; baseline 0 -21"><span class='ocrx_word' id='word_1_112' title='bbox 97 1668 223 1742; x_wconf 84' lang='grc' dir='ltr'>γὰρ</span> <span class='ocrx_word' id='word_1_113' title='bbox 255 1670 662 1740; x_wconf 75' lang='grc' dir='ltr'>ἐπικατάρατος</span> <span class='ocrx_word' id='word_1_114' title='bbox 691 1671 980 1742; x_wconf 77' lang='grc' dir='ltr'>Σαλϐἀρας</span> <span class='ocrx_word' id='word_1_115' title='bbox 1007 1671 1142 1742; x_wconf 85' lang='lat' dir='ltr'><strong>(l9),</strong></span> <span class='ocrx_word' id='word_1_116' title='bbox 1173 1670 1402 1743; x_wconf 69' lang='grc' dir='ltr'>ἔξαρχος</span> <span class='ocrx_word' id='word_1_117' title='bbox 1428 1670 1524 1724; x_wconf 83' lang='grc' dir='ltr'><strong>τοῦ</strong></span> <span class='ocrx_word' id='word_1_118' title='bbox 1557 1671 1700 1742; x_wconf 86' lang='grc' dir='ltr'>Περ-</span> 
     </span>
    </p>
   </div>
   <div class='ocr_carea' id='block_1_19' title="bbox 97 1761 1698 1834">
    <p class='ocr_par' dir='ltr' id='par_1_19' title="bbox 97 1761 1698 1834">
     <span class='ocr_line' id='line_1_19' title="bbox 97 1761 1698 1834; baseline -0.001 -17"><span class='ocrx_word' id='word_1_119' title='bbox 97 1761 271 1817; x_wconf 80' lang='grc' dir='ltr'>σικοῦ</span> <span class='ocrx_word' id='word_1_120' title='bbox 305 1762 541 1834; x_wconf 81' lang='grc' dir='ltr'>στρατοῦ</span> <span class='ocrx_word' id='word_1_121' title='bbox 563 1801 580 1828; x_wconf 91' lang='grc'><strong>,</strong></span> <span class='ocrx_word' id='word_1_122' title='bbox 611 1764 992 1834; x_wconf 80' lang='grc' dir='ltr'>ἐκδεχόμενος,</span> <span class='ocrx_word' id='word_1_123' title='bbox 1025 1764 1102 1828; x_wconf 85' lang='grc' dir='ltr'>ὡς</span> <span class='ocrx_word' id='word_1_124' title='bbox 1157 1762 1354 1829; x_wconf 65' lang='grc' dir='ltr'>ἔοικεν,</span> <span class='ocrx_word' id='word_1_125' title='bbox 1388 1763 1488 1816; x_wconf 80' lang='grc' dir='ltr'>καὶ</span> <span class='ocrx_word' id='word_1_126' title='bbox 1516 1762 1698 1832; x_wconf 72' lang='grc' dir='ltr'>ἔργοις</span> 
     </span>
    </p>
   </div>
   <div class='ocr_carea' id='block_1_20' title="bbox 93 1854 1696 1929">
    <p class='ocr_par' dir='ltr' id='par_1_20' title="bbox 93 1854 1696 1929">
     <span class='ocr_line' id='line_1_20' title="bbox 93 1854 1696 1929; baseline 0 -21"><span class='ocrx_word' id='word_1_127' title='bbox 93 1854 166 1908; x_wconf 75' lang='grc' dir='ltr'><strong>δὲ</strong></span> <span class='ocrx_word' id='word_1_128' title='bbox 202 1855 514 1909; x_wconf 80' lang='grc' dir='ltr'>τελευταῖον</span> <span class='ocrx_word' id='word_1_129' title='bbox 540 1856 859 1928; x_wconf 84' lang='grc' dir='ltr'>ἀπεδείχθη,</span> <span class='ocrx_word' id='word_1_130' title='bbox 886 1857 987 1929; x_wconf 79' lang='grc' dir='ltr'><strong>τὴν</strong></span> <span class='ocrx_word' id='word_1_131' title='bbox 1025 1857 1121 1910; x_wconf 80' lang='grc' dir='ltr'>τοῦ</span> <span class='ocrx_word' id='word_1_132' title='bbox 1147 1856 1420 1912; x_wconf 79' lang='grc' dir='ltr'>παναθίου</span> <span class='ocrx_word' id='word_1_133' title='bbox 1441 1855 1696 1924; x_wconf 86' lang='grc' dir='ltr'>Χαγάνου</span> 
     </span>
    </p>
   </div>
   <div class='ocr_carea' id='block_1_21' title="bbox 99 1947 1756 2022">
    <p class='ocr_par' dir='ltr' id='par_1_21' title="bbox 99 1947 1756 2022">
     <span class='ocr_line' id='line_1_21' title="bbox 99 1947 1756 2022; baseline 0 -20"><span class='ocrx_word' id='word_1_134' title='bbox 99 1947 224 2002; x_wconf 78' lang='grc' dir='ltr'><strong>τῶν</strong></span> <span class='ocrx_word' id='word_1_135' title='bbox 267 1947 514 2019; x_wconf 78' lang='grc' dir='ltr'>’Δὸάρων</span> <span class='ocrx_word' id='word_1_136' title='bbox 537 1949 846 2014; x_wconf 74' lang='grc' dir='ltr'>ἐπέλευσιν,</span> <span class='ocrx_word' id='word_1_137' title='bbox 885 1949 994 2022; x_wconf 77' lang='grc' dir='ltr'>πρὸ</span> <span class='ocrx_word' id='word_1_138' title='bbox 1018 1949 1290 2004; x_wconf 79' lang='grc' dir='ltr'><strong>πλείστων</strong></span> <span class='ocrx_word' id='word_1_139' title='bbox 1315 1949 1522 2004; x_wconf 81' lang='grc' dir='ltr'>τούτων</span> <span class='ocrx_word' id='word_1_140' title='bbox 1559 1951 1698 2022; x_wconf 72' lang='grc' dir='ltr'>ἡμε-</span> <span class='ocrx_word' id='word_1_141' title='bbox 1751 2006 1756 2010; x_wconf 66' lang='grc'><strong>,</strong></span> 
     </span>
    </p>
   </div>
   <div class='ocr_carea' id='block_1_22' title="bbox 114 2038 1701 2113">
    <p class='ocr_par' dir='ltr' id='par_1_22' title="bbox 114 2038 1701 2113">
     <span class='ocr_line' id='line_1_22' title="bbox 114 2038 1701 2113; baseline 0.003 -22"><span class='ocrx_word' id='word_1_142' title='bbox 114 2038 238 2108; x_wconf 81' lang='grc' dir='ltr'>ρῶν</span> <span class='ocrx_word' id='word_1_143' title='bbox 269 2039 558 2113; x_wconf 77' lang='grc' dir='ltr'>γενόμενος</span> <span class='ocrx_word' id='word_1_144' title='bbox 612 2041 672 2092; x_wconf 87' lang='grc' dir='ltr'><strong>ἐν</strong></span> <span class='ocrx_word' id='word_1_145' title='bbox 715 2040 1024 2112; x_wconf 82' lang='grc' dir='ltr'><strong>Χαλκηδόνι</strong></span> <span class='ocrx_word' id='word_1_146' title='bbox 1077 2041 1258 2096; x_wconf 81' lang='grc' dir='ltr'>πάντα</span> <span class='ocrx_word' id='word_1_147' title='bbox 1297 2042 1370 2096; x_wconf 83' lang='grc' dir='ltr'>τά</span> <span class='ocrx_word' id='word_1_148' title='bbox 1394 2057 1455 2094; x_wconf 86' lang='grc' dir='ltr'><strong>τε</strong></span> <span class='ocrx_word' id='word_1_149' title='bbox 1491 2041 1536 2073; x_wconf 81' lang='grc'><strong>¹⁶</strong></span> <span class='ocrx_word' id='word_1_150' title='bbox 1563 2057 1701 2113; x_wconf 81' lang='grc' dir='ltr'>προ-</span> 
     </span>
    </p>
   </div>
   <div class='ocr_carea' id='block_1_23' title="bbox 109 2129 1703 2206">
    <p class='ocr_par' dir='ltr' id='par_1_23' title="bbox 109 2129 1703 2206">
     <span class='ocr_line' id='line_1_23' title="bbox 109 2129 1703 2206; baseline 0.001 -22"><span class='ocrx_word' id='word_1_151' title='bbox 109 2129 314 2184; x_wconf 79' lang='grc' dir='ltr'>άστεια</span> <span class='ocrx_word' id='word_1_152' title='bbox 332 2130 424 2184; x_wconf 77' lang='grc' dir='ltr'><strong>καὶ</strong></span> <span class='ocrx_word' id='word_1_153' title='bbox 445 2131 686 2186; x_wconf 80' lang='grc' dir='ltr'>παλὰτια</span> <span class='ocrx_word' id='word_1_154' title='bbox 707 2132 806 2186; x_wconf 73' lang='grc' dir='ltr'><strong>καὶ</strong></span> <span class='ocrx_word' id='word_1_155' title='bbox 827 2133 953 2197; x_wconf 80' lang='grc' dir='ltr'>τοὺς</span> <span class='ocrx_word' id='word_1_156' title='bbox 973 2133 1302 2206; x_wconf 81' lang='grc' dir='ltr'>εὐκτηρίους</span> <span class='ocrx_word' id='word_1_157' title='bbox 1321 2133 1506 2198; x_wconf 74' lang='grc' dir='ltr'>οἴκους</span> <span class='ocrx_word' id='word_1_158' title='bbox 1523 2134 1703 2197; x_wconf 77' lang='grc' dir='ltr'>ἀθέως</span> 
     </span>
    </p>
   </div>
   <div class='ocr_carea' id='block_1_24' title="bbox 113 2221 1700 2299">
    <p class='ocr_par' dir='ltr' id='par_1_24' title="bbox 113 2221 1700 2299">
     <span class='ocr_line' id='line_1_24' title="bbox 113 2221 1700 2299; baseline 0.003 -26"><span class='ocrx_word' id='word_1_159' title='bbox 113 2221 434 2294; x_wconf 70' lang='grc' dir='ltr'>ἐνέπρησεν,</span> <span class='ocrx_word' id='word_1_160' title='bbox 462 2224 557 2277; x_wconf 75' lang='grc' dir='ltr'><strong>καὶ</strong></span> <span class='ocrx_word' id='word_1_161' title='bbox 583 2223 796 2294; x_wconf 75' lang='grc' dir='ltr'>ἔμεινεν</span> <span class='ocrx_word' id='word_1_162' title='bbox 817 2225 1005 2280; x_wconf 81' lang='grc' dir='ltr'>λοιπὸν</span> <span class='ocrx_word' id='word_1_163' title='bbox 1037 2225 1136 2298; x_wconf 78' lang='grc' dir='ltr'><strong>τὴν</strong></span> <span class='ocrx_word' id='word_1_164' title='bbox 1161 2228 1372 2282; x_wconf 75' lang='grc' dir='ltr'>ἐκείνου</span> <span class='ocrx_word' id='word_1_165' title='bbox 1396 2227 1700 2299; x_wconf 78' lang='grc' dir='ltr'><strong>παρουσίαν</strong></span> 
     </span>
    </p>
   </div>
   <div class='ocr_carea' id='block_1_25' title="bbox 111 2313 1706 2392">
    <p class='ocr_par' dir='ltr' id='par_1_25' title="bbox 111 2313 1706 2392">
     <span class='ocr_line' id='line_1_25' title="bbox 111 2313 1706 2392; baseline 0.007 -26"><span class='ocrx_word' id='word_1_166' title='bbox 111 2313 488 2384; x_wconf 79' lang='grc' dir='ltr'>ἐκδεχόμενος.</span> <span class='ocrx_word' id='word_1_167' title='bbox 521 2317 599 2386; x_wconf 75' lang='grc' dir='ltr'><strong>Τῇ</strong></span> <span class='ocrx_word' id='word_1_168' title='bbox 633 2313 728 2371; x_wconf 83' lang='grc' dir='ltr'>οὖν</span> <span class='ocrx_word' id='word_1_169' title='bbox 757 2317 836 2372; x_wconf 82' lang='grc' dir='ltr'>κθ¹</span> <span class='ocrx_word' id='word_1_170' title='bbox 859 2318 955 2372; x_wconf 84' lang='grc' dir='ltr'><strong>τοῦ</strong></span> <span class='ocrx_word' id='word_1_171' title='bbox 994 2320 1212 2374; x_wconf 79' lang='grc' dir='ltr'>Ἰουνίου</span> <span class='ocrx_word' id='word_1_172' title='bbox 1242 2321 1412 2392; x_wconf 83' lang='grc' dir='ltr'>μηνὸς</span> <span class='ocrx_word' id='word_1_173' title='bbox 1433 2323 1532 2392; x_wconf 82' lang='grc' dir='ltr'><strong>τῆς</strong></span> <span class='ocrx_word' id='word_1_174' title='bbox 1569 2335 1706 2392; x_wconf 76' lang='grc' dir='ltr'>παρ·</span> 
     </span>
    </p>
   </div>
   <div class='ocr_carea' id='block_1_26' title="bbox 100 2407 1702 2488">
    <p class='ocr_par' dir='ltr' id='par_1_26' title="bbox 100 2407 1702 2488">
     <span class='ocr_line' id='line_1_26' title="bbox 100 2407 1702 2488; baseline 0.006 -29"><span class='ocrx_word' id='word_1_175' title='bbox 100 2407 282 2478; x_wconf 76' lang='grc' dir='ltr'>οὔσης</span> <span class='ocrx_word' id='word_1_176' title='bbox 319 2407 382 2462; x_wconf 84' lang='grc' dir='ltr'><strong>ιδ’</strong></span> <span class='ocrx_word' id='word_1_177' title='bbox 406 2409 760 2476; x_wconf 85' lang='grc' dir='ltr'>ίνδικτιῶνος,</span> <span class='ocrx_word' id='word_1_178' title='bbox 789 2413 1072 2466; x_wconf 77' lang='grc' dir='ltr'>τουτέστιν</span> <span class='ocrx_word' id='word_1_179' title='bbox 1119 2416 1186 2486; x_wconf 79' lang='grc' dir='ltr'>τῇ</span> <span class='ocrx_word' id='word_1_180' title='bbox 1219 2416 1404 2488; x_wconf 73' lang='grc' dir='ltr'>ἡμέρᾳ</span> <span class='ocrx_word' id='word_1_181' title='bbox 1433 2417 1534 2488; x_wconf 77' lang='grc' dir='ltr'><strong>τῆς</strong></span> <span class='ocrx_word' id='word_1_182' title='bbox 1573 2431 1702 2470; x_wconf 83' lang='grc' dir='ltr'>συν-</span> 
     </span>
    </p>
   </div>
   <div class='ocr_carea' id='block_1_27' title="bbox 101 2496 1703 2574">
    <p class='ocr_par' dir='ltr' id='par_1_27' title="bbox 101 2496 1703 2574">
     <span class='ocr_line' id='line_1_27' title="bbox 101 2496 1703 2574; baseline 0.006 -24"><span class='ocrx_word' id='word_1_183' title='bbox 101 2496 286 2562; x_wconf 77' lang='grc' dir='ltr'>ἁξεως</span> <span class='ocrx_word' id='word_1_184' title='bbox 305 2499 418 2552; x_wconf 81' lang='grc' dir='ltr'>τῶν</span> <span class='ocrx_word' id='word_1_185' title='bbox 442 2500 615 2568; x_wconf 81' lang='grc' dir='ltr'>ἁγίων</span> <span class='ocrx_word' id='word_1_186' title='bbox 651 2501 745 2554; x_wconf 74' lang='grc' dir='ltr'><strong>καὶ</strong></span> <span class='ocrx_word' id='word_1_187' title='bbox 788 2500 1014 2566; x_wconf 81' lang='grc' dir='ltr'>ἐνδόξων</span> <span class='ocrx_word' id='word_1_188' title='bbox 1043 2505 1358 2574; x_wconf 74' lang='grc' dir='ltr'>κορυφαίων</span> <span class='ocrx_word' id='word_1_189' title='bbox 1389 2507 1703 2560; x_wconf 80' lang='grc' dir='ltr'>ἀποστόλων</span> 
     </span>
    </p>
   </div>
   <div class='ocr_carea' id='block_1_28' title="bbox 99 2590 1702 2670">
    <p class='ocr_par' dir='ltr' id='par_1_28' title="bbox 99 2590 1702 2670">
     <span class='ocr_line' id='line_1_28' title="bbox 99 2590 1702 2670; baseline 0.007 -28"><span class='ocrx_word' id='word_1_190' title='bbox 99 2590 321 2661; x_wconf 81' lang='grc' dir='ltr'>Πέτρου</span> <span class='ocrx_word' id='word_1_191' title='bbox 363 2594 459 2646; x_wconf 60' lang='grc' dir='ltr'><strong>καὶ⁵</strong></span> <span class='ocrx_word' id='word_1_192' title='bbox 489 2593 728 2656; x_wconf 87' lang='grc' dir='ltr'>Παύλου,</span> <span class='ocrx_word' id='word_1_193' title='bbox 756 2593 1027 2648; x_wconf 77' lang='grc' dir='ltr'>κατέλαϐε</span> <span class='ocrx_word' id='word_1_194' title='bbox 1073 2599 1415 2670; x_wconf 83' lang='grc' dir='ltr'>πρόκουρσον</span> <span class='ocrx_word' id='word_1_195' title='bbox 1454 2598 1552 2653; x_wconf 84' lang='grc' dir='ltr'><strong>τοῦ</strong></span> <span class='ocrx_word' id='word_1_196' title='bbox 1581 2599 1702 2654; x_wconf 87' lang='grc' dir='ltr'>θεο-</span> 
     </span>
    </p>
   </div>
   <div class='ocr_carea' id='block_1_29' title="bbox 113 2684 1704 2768">
    <p class='ocr_par' dir='ltr' id='par_1_29' title="bbox 113 2684 1704 2768">
     <span class='ocr_line' id='line_1_29' title="bbox 113 2684 1704 2768; baseline 0.005 -32"><span class='ocrx_word' id='word_1_197' title='bbox 113 2686 352 2755; x_wconf 81' lang='grc' dir='ltr'>μισὴτου</span> <span class='ocrx_word' id='word_1_198' title='bbox 381 2684 658 2764; x_wconf 80' lang='grc' dir='ltr'>Χαγάνου,</span> <span class='ocrx_word' id='word_1_199' title='bbox 707 2687 784 2750; x_wconf 84' lang='grc' dir='ltr'>ὡς</span> <span class='ocrx_word' id='word_1_200' title='bbox 815 2686 944 2760; x_wconf 78' lang='grc' dir='ltr'>ἄχρι</span> <span class='ocrx_word' id='word_1_201' title='bbox 973 2687 1228 2758; x_wconf 80' lang='grc' dir='ltr'>χιλιάδων</span> <span class='ocrx_word' id='word_1_202' title='bbox 1260 2691 1593 2768; x_wconf 68' lang='grc' dir='ltr'>τριάκοντα,</span> <span class='ocrx_word' id='word_1_203' title='bbox 1613 2689 1704 2744; x_wconf 83' lang='grc' dir='ltr'>διὰ</span> 
     </span>
    </p>
   </div>
   <div class='ocr_carea' id='block_1_30' title="bbox 109 2774 1705 2854">
    <p class='ocr_par' dir='ltr' id='par_1_30' title="bbox 109 2774 1705 2854">
     <span class='ocr_line' id='line_1_30' title="bbox 109 2774 1705 2854; baseline 0.005 -24"><span class='ocrx_word' id='word_1_204' title='bbox 109 2774 456 2848; x_wconf 62' lang='grc' dir='ltr'><strong>δηΜμάτων</strong></span> <span class='ocrx_word' id='word_1_205' title='bbox 482 2779 819 2850; x_wconf 79' lang='grc' dir='ltr'>φημίσαντος</span> <span class='ocrx_word' id='word_1_206' title='bbox 845 2783 905 2834; x_wconf 86' lang='grc' dir='ltr'><strong>τό</strong></span> <span class='ocrx_word' id='word_1_207' title='bbox 917 2798 985 2838; x_wconf 90' lang='grc' dir='ltr'><strong>,τε</strong></span> <span class='ocrx_word' id='word_1_208' title='bbox 1007 2781 1236 2853; x_wconf 77' lang='grc' dir='ltr'>Μακρὸν</span> <span class='ocrx_word' id='word_1_209' title='bbox 1255 2785 1434 2854; x_wconf 81' lang='grc' dir='ltr'>τεῑχος</span> <span class='ocrx_word' id='word_1_210' title='bbox 1466 2783 1705 2838; x_wconf 84' lang='grc' dir='ltr'>καταλα-</span> 
     </span>
    </p>
   </div>
   <div class='ocr_carea' id='block_1_31' title="bbox 111 2867 1700 2946">
    <p class='ocr_par' dir='ltr' id='par_1_31' title="bbox 111 2867 1700 2946">
     <span class='ocr_line' id='line_1_31' title="bbox 111 2867 1700 2946; baseline 0.005 -25"><span class='ocrx_word' id='word_1_211' title='bbox 111 2867 232 2922; x_wconf 79' lang='grc' dir='ltr'>ϐεῖν</span> <span class='ocrx_word' id='word_1_212' title='bbox 257 2869 353 2923; x_wconf 77' lang='grc' dir='ltr'><strong>καὶ</strong></span> <span class='ocrx_word' id='word_1_213' title='bbox 380 2869 449 2923; x_wconf 77' lang='grc' dir='ltr'>τὰ</span> <span class='ocrx_word' id='word_1_214' title='bbox 483 2869 631 2924; x_wconf 68' lang='grc' dir='ltr'>ἔνδον</span> <span class='ocrx_word' id='word_1_215' title='bbox 655 2871 844 2938; x_wconf 81' lang='grc' dir='ltr'>αὐτοῦ,</span> <span class='ocrx_word' id='word_1_216' title='bbox 874 2871 1016 2926; x_wconf 83' lang='grc' dir='ltr'>ὥστε</span> <span class='ocrx_word' id='word_1_217' title='bbox 1051 2874 1180 2936; x_wconf 79' lang='grc' dir='ltr'>τοὺς</span> <span class='ocrx_word' id='word_1_218' title='bbox 1211 2873 1537 2946; x_wconf 82' lang='grc' dir='ltr'>εὑρεθέντας</span> <span class='ocrx_word' id='word_1_219' title='bbox 1566 2873 1700 2940; x_wconf 76' lang='grc' dir='ltr'><strong>ἔξω·</strong></span> 
     </span>
    </p>
   </div>
   <div class='ocr_carea' id='block_1_32' title="bbox 109 2955 1704 3036">
    <p class='ocr_par' dir='ltr' id='par_1_32' title="bbox 109 2955 1704 3036">
     <span class='ocr_line' id='line_1_32' title="bbox 109 2955 1704 3036; baseline 0.006 -27"><span class='ocrx_word' id='word_1_220' title='bbox 109 2955 211 3010; x_wconf 84' lang='grc' dir='ltr'><strong>θεν</strong></span> <span class='ocrx_word' id='word_1_221' title='bbox 243 2957 344 3028; x_wconf 84' lang='grc' dir='ltr'>τῆς</span> <span class='ocrx_word' id='word_1_222' title='bbox 374 2958 580 3022; x_wconf 82' lang='grc' dir='ltr'>πόλεως</span> <span class='ocrx_word' id='word_1_223' title='bbox 613 2961 888 3028; x_wconf 80' lang='grc' dir='ltr'>ἐφίππους</span> <span class='ocrx_word' id='word_1_224' title='bbox 911 2963 1328 3032; x_wconf 79' lang='grc' dir='ltr'>γενναιοτάτους</span> <span class='ocrx_word' id='word_1_225' title='bbox 1362 2965 1704 3036; x_wconf 84' lang='grc' dir='ltr'>στρατιώτας</span> 
     </span>
    </p>
   </div>
   <div class='ocr_carea' id='block_1_33' title="bbox 113 3047 1704 3127">
    <p class='ocr_par' dir='ltr' id='par_1_33' title="bbox 113 3047 1704 3127">
     <span class='ocr_line' id='line_1_33' title="bbox 113 3047 1704 3127; baseline 0.005 -25"><span class='ocrx_word' id='word_1_226' title='bbox 113 3051 266 3102; x_wconf 82' lang='grc' dir='ltr'>κατὰ</span> <span class='ocrx_word' id='word_1_227' title='bbox 290 3050 392 3119; x_wconf 84' lang='grc' dir='ltr'>τὴν</span> <span class='ocrx_word' id='word_1_228' title='bbox 421 3050 592 3123; x_wconf 81' lang='grc' dir='ltr'>αὐτὴν</span> <span class='ocrx_word' id='word_1_229' title='bbox 625 3047 859 3124; x_wconf 76' lang='grc' dir='ltr'>ἡμέραν,</span> <span class='ocrx_word' id='word_1_230' title='bbox 890 3054 1180 3127; x_wconf 81' lang='grc' dir='ltr'>Κυριακὴν</span> <span class='ocrx_word' id='word_1_231' title='bbox 1214 3052 1399 3122; x_wconf 79' lang='grc' dir='ltr'>οὖσαν,</span> <span class='ocrx_word' id='word_1_232' title='bbox 1433 3057 1580 3111; x_wconf 79' lang='grc' dir='ltr'>ἔνδον</span> <span class='ocrx_word' id='word_1_233' title='bbox 1611 3073 1704 3126; x_wconf 83' lang='grc' dir='ltr'>γε-</span> 
     </span>
    </p>
   </div>
   <div class='ocr_carea' id='block_1_34' title="bbox 1867 739 3383 814">
    <p class='ocr_par' dir='ltr' id='par_1_34' title="bbox 1867 739 3383 814">
     <span class='ocr_line' id='line_1_34' title="bbox 1867 739 3383 814; baseline 0.001 -18"><span class='ocrx_word' id='word_1_234' title='bbox 1867 739 2058 812; x_wconf 71' lang='grc' dir='ltr'>Ορρττε</span> <span class='ocrx_word' id='word_1_235' title='bbox 2103 741 2338 812; x_wconf 75' lang='lat' dir='ltr'><strong>pretium</strong></span> <span class='ocrx_word' id='word_1_236' title='bbox 2364 756 2530 812; x_wconf 86' lang='lat' dir='ltr'><strong>porro</strong></span> <span class='ocrx_word' id='word_1_237' title='bbox 2561 741 2778 798; x_wconf 83' lang='lat' dir='ltr'><strong>videtur</strong></span> <span class='ocrx_word' id='word_1_238' title='bbox 2828 758 3137 814; x_wconf 77' lang='lat' dir='ltr'><strong>exponere,</strong></span> <span class='ocrx_word' id='word_1_239' title='bbox 3189 759 3383 814; x_wconf 86' lang='lat' dir='ltr'><strong>quem-</strong></span> 
     </span>
    </p>
   </div>
   <div class='ocr_carea' id='block_1_35' title="bbox 1807 833 3384 892">
    <p class='ocr_par' dir='ltr' id='par_1_35' title="bbox 1807 833 3384 892">
     <span class='ocr_line' id='line_1_35' title="bbox 1807 833 3384 892; baseline 0.003 -5"><span class='ocrx_word' id='word_1_240' title='bbox 1807 833 2102 888; x_wconf 81' lang='lat' dir='ltr'><strong>admodum</strong></span> <span class='ocrx_word' id='word_1_241' title='bbox 2161 843 2216 888; x_wconf 92' lang='lat' dir='ltr'><strong>ct</strong></span> <span class='ocrx_word' id='word_1_242' title='bbox 2252 849 2401 888; x_wconf 86' lang='lat' dir='ltr'><strong>nunc</strong></span> <span class='ocrx_word' id='word_1_243' title='bbox 2430 835 2580 890; x_wconf 90' lang='lat' dir='ltr'><strong>solus</strong></span> <span class='ocrx_word' id='word_1_244' title='bbox 2635 835 2950 891; x_wconf 84' lang='lat' dir='ltr'><strong>misericors</strong></span> <span class='ocrx_word' id='word_1_245' title='bbox 2995 850 3060 890; x_wconf 89' lang='lat' dir='ltr'><strong>ac</strong></span> <span class='ocrx_word' id='word_1_246' title='bbox 3097 837 3384 892; x_wconf 87' lang='lat' dir='ltr'><strong>clementia</strong></span> 
     </span>
    </p>
   </div>
   <div class='ocr_carea' id='block_1_36' title="bbox 1797 927 3386 998">
    <p class='ocr_par' dir='ltr' id='par_1_36' title="bbox 1797 927 3386 998">
     <span class='ocr_line' id='line_1_36' title="bbox 1797 927 3386 998; baseline 0.003 -18"><span class='ocrx_word' id='word_1_247' title='bbox 1797 928 1998 998; x_wconf 86' lang='lat' dir='ltr'><strong>plenus</strong></span> <span class='ocrx_word' id='word_1_248' title='bbox 2045 927 2189 982; x_wconf 83' lang='lat' dir='ltr'><strong>Deus</strong></span> <span class='ocrx_word' id='word_1_249' title='bbox 2221 943 2320 998; x_wconf 90' lang='lat' dir='ltr'><strong>per</strong></span> <span class='ocrx_word' id='word_1_250' title='bbox 2346 928 2785 998; x_wconf 87' lang='lat' dir='ltr'><strong>acceptissimam</strong></span> <span class='ocrx_word' id='word_1_251' title='bbox 2829 930 3167 984; x_wconf 71' lang='lat' dir='ltr'><strong>intemeratae</strong></span> <span class='ocrx_word' id='word_1_252' title='bbox 3197 931 3386 985; x_wconf 90' lang='lat' dir='ltr'><strong>matris</strong></span> 
     </span>
    </p>
   </div>
   <div class='ocr_carea' id='block_1_37' title="bbox 1799 1020 3388 1091">
    <p class='ocr_par' dir='ltr' id='par_1_37' title="bbox 1799 1020 3388 1091">
     <span class='ocr_line' id='line_1_37' title="bbox 1799 1020 3388 1091; baseline 0.004 -17"><span class='ocrx_word' id='word_1_253' title='bbox 1799 1020 1999 1089; x_wconf 86' lang='lat' dir='ltr'><strong>ipsius,</strong></span> <span class='ocrx_word' id='word_1_254' title='bbox 2034 1029 2090 1075; x_wconf 91' lang='lat' dir='ltr'><strong>et</strong></span> <span class='ocrx_word' id='word_1_255' title='bbox 2133 1035 2261 1076; x_wconf 90' lang='lat' dir='ltr'><strong>vere</strong></span> <span class='ocrx_word' id='word_1_256' title='bbox 2294 1020 2536 1077; x_wconf 70' lang='lat' dir='ltr'><strong>Dominae</strong></span> <span class='ocrx_word' id='word_1_257' title='bbox 2578 1030 2780 1077; x_wconf 71' lang='lat' dir='ltr'><strong>nostra:</strong></span> <span class='ocrx_word' id='word_1_258' title='bbox 2830 1021 2925 1077; x_wconf 88' lang='lat' dir='ltr'><strong>Dei</strong></span> <span class='ocrx_word' id='word_1_259' title='bbox 2972 1022 3298 1091; x_wconf 89' lang='lat' dir='ltr'><strong>Genitricis,</strong></span> <span class='ocrx_word' id='word_1_260' title='bbox 3331 1033 3388 1080; x_wconf 87' lang='lat' dir='ltr'><strong>et</strong></span> 
     </span>
    </p>
   </div>
   <div class='ocr_carea' id='block_1_38' title="bbox 1797 1111 3386 1183">
    <p class='ocr_par' dir='ltr' id='par_1_38' title="bbox 1797 1111 3386 1183">
     <span class='ocr_line' id='line_1_38' title="bbox 1797 1111 3386 1183; baseline 0.001 -15"><span class='ocrx_word' id='word_1_261' title='bbox 1797 1127 2017 1182; x_wconf 84' lang='lat' dir='ltr'><strong>semper</strong></span> <span class='ocrx_word' id='word_1_262' title='bbox 2063 1111 2303 1183; x_wconf 76' lang='lat' dir='ltr'><strong>Virginis</strong></span> <span class='ocrx_word' id='word_1_263' title='bbox 2355 1111 2537 1168; x_wconf 72' lang='lat' dir='ltr'><strong>Mariae</strong></span> <span class='ocrx_word' id='word_1_264' title='bbox 2589 1112 3074 1180; x_wconf 73' lang='lat' dir='ltr'><strong>intercessionem,</strong></span> <span class='ocrx_word' id='word_1_265' title='bbox 3124 1113 3386 1170; x_wconf 85' lang='lat' dir='ltr'><strong>humilem</strong></span> 
     </span>
    </p>
   </div>
   <div class='ocr_carea' id='block_1_39' title="bbox 1799 1206 3387 1276">
    <p class='ocr_par' dir='ltr' id='par_1_39' title="bbox 1799 1206 3387 1276">
     <span class='ocr_line' id='line_1_39' title="bbox 1799 1206 3387 1276; baseline 0.001 -15"><span class='ocrx_word' id='word_1_266' title='bbox 1799 1207 1943 1261; x_wconf 90' lang='lat' dir='ltr'><strong>hanc</strong></span> <span class='ocrx_word' id='word_1_267' title='bbox 1975 1220 2130 1260; x_wconf 90' lang='lat' dir='ltr'><strong>suam</strong></span> <span class='ocrx_word' id='word_1_268' title='bbox 2163 1206 2360 1260; x_wconf 90' lang='lat' dir='ltr'><strong>urbem</strong></span> <span class='ocrx_word' id='word_1_269' title='bbox 2400 1222 2466 1262; x_wconf 88' lang='lat' dir='ltr'><strong>ex</strong></span> <span class='ocrx_word' id='word_1_270' title='bbox 2511 1206 2692 1276; x_wconf 88' lang='lat' dir='ltr'><strong>impiis</strong></span> <span class='ocrx_word' id='word_1_271' title='bbox 2739 1206 2988 1262; x_wconf 86' lang='lat' dir='ltr'><strong>hostibus</strong></span> <span class='ocrx_word' id='word_1_272' title='bbox 3010 1249 3024 1273; x_wconf 92' lang='lat'><strong>,</strong></span> <span class='ocrx_word' id='word_1_273' title='bbox 3059 1207 3192 1262; x_wconf 88' lang='lat' dir='ltr'><strong>inita</strong></span> <span class='ocrx_word' id='word_1_274' title='bbox 3245 1207 3387 1263; x_wconf 87' lang='lat' dir='ltr'><strong>invi-</strong></span> 
     </span>
    </p>
   </div>
   <div class='ocr_carea' id='block_1_40' title="bbox 1797 1297 3386 1372">
    <p class='ocr_par' dir='ltr' id='par_1_40' title="bbox 1797 1297 3386 1372">
     <span class='ocr_line' id='line_1_40' title="bbox 1797 1297 3386 1372; baseline 0.003 -20"><span class='ocrx_word' id='word_1_275' title='bbox 1797 1312 1920 1352; x_wconf 88' lang='lat' dir='ltr'><strong>cem</strong></span> <span class='ocrx_word' id='word_1_276' title='bbox 1966 1297 2345 1366; x_wconf 74' lang='lat' dir='ltr'><strong>coniuratione</strong></span> <span class='ocrx_word' id='word_1_277' title='bbox 2392 1297 2536 1352; x_wconf 91' lang='lat' dir='ltr'><strong>hanc</strong></span> <span class='ocrx_word' id='word_1_278' title='bbox 2580 1297 2988 1361; x_wconf 88' lang='lat' dir='ltr'><strong>obsidentibus,</strong></span> <span class='ocrx_word' id='word_1_279' title='bbox 3022 1307 3077 1354; x_wconf 93' lang='lat' dir='ltr'><strong>et</strong></span> <span class='ocrx_word' id='word_1_280' title='bbox 3118 1300 3386 1372; x_wconf 84' lang='lat' dir='ltr'><strong>cingenti-</strong></span> 
     </span>
    </p>
   </div>
   <div class='ocr_carea' id='block_1_41' title="bbox 1798 1389 3386 1466">
    <p class='ocr_par' dir='ltr' id='par_1_41' title="bbox 1798 1389 3386 1466">
     <span class='ocr_line' id='line_1_41' title="bbox 1798 1389 3386 1466; baseline 0.001 -20"><span class='ocrx_word' id='word_1_281' title='bbox 1798 1391 1933 1458; x_wconf 85' lang='lat' dir='ltr'><strong>bus,</strong></span> <span class='ocrx_word' id='word_1_282' title='bbox 1967 1389 2178 1461; x_wconf 88' lang='lat' dir='ltr'><strong>potenti</strong></span> <span class='ocrx_word' id='word_1_283' title='bbox 2227 1405 2331 1445; x_wconf 86' lang='lat' dir='ltr'><strong>sua</strong></span> <span class='ocrx_word' id='word_1_284' title='bbox 2363 1405 2558 1455; x_wconf 90' lang='lat' dir='ltr'><strong>manu,</strong></span> <span class='ocrx_word' id='word_1_285' title='bbox 2591 1399 2648 1445; x_wconf 88' lang='lat' dir='ltr'><strong>et</strong></span> <span class='ocrx_word' id='word_1_286' title='bbox 2675 1391 2766 1461; x_wconf 90' lang='lat' dir='ltr'><strong>qui</strong></span> <span class='ocrx_word' id='word_1_287' title='bbox 2803 1399 2916 1446; x_wconf 91' lang='lat' dir='ltr'><strong>tum</strong></span> <span class='ocrx_word' id='word_1_288' title='bbox 2953 1391 3007 1446; x_wconf 93' lang='lat' dir='ltr'><strong>in</strong></span> <span class='ocrx_word' id='word_1_289' title='bbox 3040 1408 3100 1448; x_wconf 87' lang='lat' dir='ltr'><strong>ea</strong></span> <span class='ocrx_word' id='word_1_290' title='bbox 3130 1405 3249 1450; x_wconf 90' lang='lat' dir='ltr'><strong>erat</strong></span> <span class='ocrx_word' id='word_1_291' title='bbox 3286 1411 3386 1466; x_wconf 90' lang='lat' dir='ltr'><strong>po-</strong></span> 
     </span>
    </p>
   </div>
   <div class='ocr_carea' id='block_1_42' title="bbox 1799 1483 3386 1556">
    <p class='ocr_par' dir='ltr' id='par_1_42' title="bbox 1799 1483 3386 1556">
     <span class='ocr_line' id='line_1_42' title="bbox 1799 1483 3386 1556; baseline 0.003 -18"><span class='ocrx_word' id='word_1_292' title='bbox 1799 1485 1988 1556; x_wconf 87' lang='lat' dir='ltr'><strong>pulum</strong></span> <span class='ocrx_word' id='word_1_293' title='bbox 2017 1485 2086 1539; x_wconf 88' lang='lat' dir='ltr'><strong>ab</strong></span> <span class='ocrx_word' id='word_1_294' title='bbox 2133 1483 2456 1539; x_wconf 87' lang='lat' dir='ltr'><strong>imminente</strong></span> <span class='ocrx_word' id='word_1_295' title='bbox 2501 1483 2708 1555; x_wconf 82' lang='lat' dir='ltr'><strong>gladio,</strong></span> <span class='ocrx_word' id='word_1_296' title='bbox 2745 1485 3096 1554; x_wconf 84' lang='lat' dir='ltr'><strong>captivitate,</strong></span> <span class='ocrx_word' id='word_1_297' title='bbox 3124 1497 3180 1544; x_wconf 91' lang='lat' dir='ltr'><strong>et</strong></span> <span class='ocrx_word' id='word_1_298' title='bbox 3230 1504 3386 1545; x_wconf 88' lang='lat' dir='ltr'><strong>acer-</strong></span> 
     </span>
    </p>
   </div>
   <div class='ocr_carea' id='block_1_43' title="bbox 1799 1579 3387 1652">
    <p class='ocr_par' dir='ltr' id='par_1_43' title="bbox 1799 1579 3387 1652">
     <span class='ocr_line' id='line_1_43' title="bbox 1799 1579 3387 1652; baseline 0.003 -18"><span class='ocrx_word' id='word_1_299' title='bbox 1799 1579 2024 1634; x_wconf 86' lang='lat' dir='ltr'><strong>bissima</strong></span> <span class='ocrx_word' id='word_1_300' title='bbox 2069 1579 2336 1635; x_wconf 82' lang='lat' dir='ltr'><strong>servitute</strong></span> <span class='ocrx_word' id='word_1_301' title='bbox 2383 1579 2698 1633; x_wconf 89' lang='lat' dir='ltr'><strong>liberaverit</strong></span> <span class='ocrx_word' id='word_1_302' title='bbox 2735 1597 2748 1634; x_wconf 90' lang='lat'>:</span> <span class='ocrx_word' id='word_1_303' title='bbox 2785 1595 2905 1650; x_wconf 84' lang='lat' dir='ltr'><strong>quae</strong></span> <span class='ocrx_word' id='word_1_304' title='bbox 2951 1583 3168 1652; x_wconf 89' lang='lat' dir='ltr'><strong>quidem</strong></span> <span class='ocrx_word' id='word_1_305' title='bbox 3203 1585 3387 1640; x_wconf 87' lang='lat' dir='ltr'><strong>omnia</strong></span> 
     </span>
    </p>
   </div>
   <div class='ocr_carea' id='block_1_44' title="bbox 1799 1673 3390 1745">
    <p class='ocr_par' dir='ltr' id='par_1_44' title="bbox 1799 1673 3390 1745">
     <span class='ocr_line' id='line_1_44' title="bbox 1799 1673 3390 1745; baseline 0.004 -17"><span class='ocrx_word' id='word_1_306' title='bbox 1799 1689 1964 1729; x_wconf 85' lang='lat' dir='ltr'><strong>nemo</strong></span> <span class='ocrx_word' id='word_1_307' title='bbox 2007 1673 2141 1729; x_wconf 87' lang='lat' dir='ltr'><strong>satis</strong></span> <span class='ocrx_word' id='word_1_308' title='bbox 2192 1673 2392 1745; x_wconf 80' lang='lat' dir='ltr'><strong>poterit</strong></span> <span class='ocrx_word' id='word_1_309' title='bbox 2425 1689 2720 1745; x_wconf 74' lang='lat' dir='ltr'><strong>exponere.</strong></span> <span class='ocrx_word' id='word_1_310' title='bbox 2775 1674 2987 1730; x_wconf 87' lang='lat' dir='ltr'><strong>Etenim</strong></span> <span class='ocrx_word' id='word_1_311' title='bbox 3022 1681 3390 1738; x_wconf 87' lang='lat' dir='ltr'><strong>exsecrandus</strong></span> 
     </span>
    </p>
   </div>
   <div class='ocr_carea' id='block_1_45' title="bbox 1801 1767 3387 1839">
    <p class='ocr_par' dir='ltr' id='par_1_45' title="bbox 1801 1767 3387 1839">
     <span class='ocr_line' id='line_1_45' title="bbox 1801 1767 3387 1839; baseline 0.006 -17"><span class='ocrx_word' id='word_1_312' title='bbox 1801 1767 1894 1823; x_wconf 87' lang='lat' dir='ltr'><strong>ille</strong></span> <span class='ocrx_word' id='word_1_313' title='bbox 1929 1767 2214 1832; x_wconf 84' lang='lat' dir='ltr'><strong>Salbaras,</strong></span> <span class='ocrx_word' id='word_1_314' title='bbox 2246 1767 2450 1824; x_wconf 87' lang='lat' dir='ltr'><strong>Persici</strong></span> <span class='ocrx_word' id='word_1_315' title='bbox 2507 1769 2782 1824; x_wconf 81' lang='lat' dir='ltr'><strong>exercitus</strong></span> <span class='ocrx_word' id='word_1_316' title='bbox 2830 1769 2939 1826; x_wconf 87' lang='lat' dir='ltr'><strong>dux</strong></span> <span class='ocrx_word' id='word_1_317' title='bbox 2994 1783 3050 1828; x_wconf 91' lang='lat' dir='ltr'><strong>et</strong></span> <span class='ocrx_word' id='word_1_318' title='bbox 3080 1775 3348 1830; x_wconf 87' lang='lat' dir='ltr'><strong>exarcbus</strong></span> <span class='ocrx_word' id='word_1_319' title='bbox 3370 1815 3387 1839; x_wconf 92' lang='lat'><strong>,</strong></span> 
     </span>
    </p>
   </div>
   <div class='ocr_carea' id='block_1_46' title="bbox 1803 1865 3390 1933">
    <p class='ocr_par' dir='ltr' id='par_1_46' title="bbox 1803 1865 3390 1933">
     <span class='ocr_line' id='line_1_46' title="bbox 1803 1865 3390 1933; baseline 0.004 -17"><span class='ocrx_word' id='word_1_320' title='bbox 1803 1876 1928 1916; x_wconf 88' lang='lat' dir='ltr'><strong>cum</strong></span> <span class='ocrx_word' id='word_1_321' title='bbox 1961 1870 2342 1933; x_wconf 84' lang='lat' dir='ltr'><strong>exspectaret,</strong></span> <span class='ocrx_word' id='word_1_322' title='bbox 2369 1872 2433 1919; x_wconf 91' lang='lat' dir='ltr'><strong>ut</strong></span> <span class='ocrx_word' id='word_1_323' title='bbox 2477 1879 2610 1921; x_wconf 91' lang='lat' dir='ltr'><strong>vero</strong></span> <span class='ocrx_word' id='word_1_324' title='bbox 2653 1865 2829 1919; x_wconf 88' lang='lat' dir='ltr'><strong>simile</strong></span> <span class='ocrx_word' id='word_1_325' title='bbox 2877 1875 2988 1931; x_wconf 90' lang='lat' dir='ltr'><strong>est,</strong></span> <span class='ocrx_word' id='word_1_326' title='bbox 3017 1875 3074 1922; x_wconf 87' lang='lat' dir='ltr'><strong>et</strong></span> <span class='ocrx_word' id='word_1_327' title='bbox 3118 1884 3184 1923; x_wconf 89' lang='lat' dir='ltr'><strong>ex</strong></span> <span class='ocrx_word' id='word_1_328' title='bbox 3230 1867 3390 1925; x_wconf 87' lang='lat' dir='ltr'><strong>factis</strong></span> 
     </span>
    </p>
   </div>
   <div class='ocr_carea' id='block_1_47' title="bbox 1803 1955 3390 2035">
    <p class='ocr_par' dir='ltr' id='par_1_47' title="bbox 1803 1955 3390 2035">
     <span class='ocr_line' id='line_1_47' title="bbox 1803 1955 3390 2035; baseline 0.004 -26"><span class='ocrx_word' id='word_1_329' title='bbox 1803 1955 2024 2010; x_wconf 85' lang='lat' dir='ltr'><strong>demum</strong></span> <span class='ocrx_word' id='word_1_330' title='bbox 2075 1957 2360 2027; x_wconf 86' lang='lat' dir='ltr'><strong>apparuit,</strong></span> <span class='ocrx_word' id='word_1_331' title='bbox 2421 1958 2534 2013; x_wconf 87' lang='lat' dir='ltr'><strong>Deo</strong></span> <span class='ocrx_word' id='word_1_332' title='bbox 2605 1959 2767 2014; x_wconf 78' lang='lat' dir='ltr'><strong>invisi</strong></span> <span class='ocrx_word' id='word_1_333' title='bbox 2831 1960 3071 2016; x_wconf 79' lang='lat' dir='ltr'><strong>Avarum</strong></span> <span class='ocrx_word' id='word_1_334' title='bbox 3146 1962 3390 2035; x_wconf 82' lang='lat' dir='ltr'><strong>Chagani</strong></span> 
     </span>
    </p>
   </div>
   <div class='ocr_carea' id='block_1_48' title="bbox 1801 2048 3389 2122">
    <p class='ocr_par' dir='ltr' id='par_1_48' title="bbox 1801 2048 3389 2122">
     <span class='ocr_line' id='line_1_48' title="bbox 1801 2048 3389 2122; baseline 0.006 -19"><span class='ocrx_word' id='word_1_335' title='bbox 1801 2048 2096 2104; x_wconf 77' lang='lat' dir='ltr'><strong>adventum</strong></span> <span class='ocrx_word' id='word_1_336' title='bbox 2116 2091 2133 2116; x_wconf 96' lang='lat'><strong>,</strong></span> <span class='ocrx_word' id='word_1_337' title='bbox 2163 2049 2384 2106; x_wconf 84' lang='lat' dir='ltr'><strong>interim</strong></span> <span class='ocrx_word' id='word_1_338' title='bbox 2428 2052 2735 2122; x_wconf 87' lang='lat' dir='ltr'><strong>complures</strong></span> <span class='ocrx_word' id='word_1_339' title='bbox 2764 2064 2891 2109; x_wconf 83' lang='lat' dir='ltr'><strong>ante</strong></span> <span class='ocrx_word' id='word_1_340' title='bbox 2939 2055 3058 2110; x_wconf 86' lang='lat' dir='ltr'><strong>dies</strong></span> <span class='ocrx_word' id='word_1_341' title='bbox 3100 2057 3293 2112; x_wconf 81' lang='lat' dir='ltr'><strong>castris</strong></span> <span class='ocrx_word' id='word_1_342' title='bbox 3321 2057 3389 2113; x_wconf 84' lang='lat' dir='ltr'><strong>ad</strong></span> 
     </span>
    </p>
   </div>
   <div class='ocr_carea' id='block_1_49' title="bbox 1801 2140 3415 2214">
    <p class='ocr_par' dir='ltr' id='par_1_49' title="bbox 1801 2140 3415 2214">
     <span class='ocr_line' id='line_1_49' title="bbox 1801 2140 3415 2214; baseline 0.006 -16"><span class='ocrx_word' id='word_1_343' title='bbox 1801 2140 2208 2198; x_wconf 86' lang='lat' dir='ltr'><strong>Chalcedonem</strong></span> <span class='ocrx_word' id='word_1_344' title='bbox 2242 2145 2437 2214; x_wconf 86' lang='lat' dir='ltr'><strong>positis</strong></span> <span class='ocrx_word' id='word_1_345' title='bbox 2461 2187 2474 2210; x_wconf 96' lang='lat'><strong>,</strong></span> <span class='ocrx_word' id='word_1_346' title='bbox 2507 2147 2820 2202; x_wconf 85' lang='lat' dir='ltr'><strong>suburbana</strong></span> <span class='ocrx_word' id='word_1_347' title='bbox 2866 2149 3082 2210; x_wconf 86' lang='lat' dir='ltr'><strong>omnia.</strong></span> <span class='ocrx_word' id='word_1_348' title='bbox 3112 2160 3167 2205; x_wconf 88' lang='lat' dir='ltr'><strong>et</strong></span> <span class='ocrx_word' id='word_1_349' title='bbox 3212 2167 3415 2207; x_wconf 89' lang='lat' dir='ltr'><strong>sacras-</strong></span> 
     </span>
    </p>
   </div>
   <div class='ocr_carea' id='block_1_50' title="bbox 1803 2236 3392 2312">
    <p class='ocr_par' dir='ltr' id='par_1_50' title="bbox 1803 2236 3392 2312">
     <span class='ocr_line' id='line_1_50' title="bbox 1803 2236 3392 2312; baseline 0.004 -21"><span class='ocrx_word' id='word_1_350' title='bbox 1803 2236 1952 2292; x_wconf 65' lang='lat' dir='ltr'><strong>ades</strong></span> <span class='ocrx_word' id='word_1_351' title='bbox 1981 2236 2238 2292; x_wconf 88' lang='lat' dir='ltr'><strong>incendio</strong></span> <span class='ocrx_word' id='word_1_352' title='bbox 2269 2239 2530 2310; x_wconf 85' lang='lat' dir='ltr'><strong>sacrilege</strong></span> <span class='ocrx_word' id='word_1_353' title='bbox 2560 2241 2900 2311; x_wconf 86' lang='lat' dir='ltr'><strong>absumpsit:</strong></span> <span class='ocrx_word' id='word_1_354' title='bbox 2935 2242 3118 2312; x_wconf 80' lang='lat' dir='ltr'><strong>ibique</strong></span> <span class='ocrx_word' id='word_1_355' title='bbox 3137 2244 3350 2300; x_wconf 87' lang='lat' dir='ltr'><strong>&#39;mansit</strong></span> <span class='ocrx_word' id='word_1_356' title='bbox 3377 2285 3392 2311; x_wconf 94' lang='lat'><strong>,</strong></span> 
     </span>
    </p>
   </div>
   <div class='ocr_carea' id='block_1_51' title="bbox 1805 2329 3394 2403">
    <p class='ocr_par' dir='ltr' id='par_1_51' title="bbox 1805 2329 3394 2403">
     <span class='ocr_line' id='line_1_51' title="bbox 1805 2329 3394 2403; baseline 0.006 -20"><span class='ocrx_word' id='word_1_357' title='bbox 1805 2329 1951 2384; x_wconf 83' lang='lat' dir='ltr'><strong>illius</strong></span> <span class='ocrx_word' id='word_1_358' title='bbox 1983 2329 2277 2385; x_wconf 84' lang='lat' dir='ltr'><strong>adventum</strong></span> <span class='ocrx_word' id='word_1_359' title='bbox 2303 2332 2670 2401; x_wconf 66' lang='lat' dir='ltr'><strong>praestolatus.</strong></span> <span class='ocrx_word' id='word_1_360' title='bbox 2700 2333 2884 2403; x_wconf 86' lang='lat' dir='ltr'><strong>Itaque</strong></span> <span class='ocrx_word' id='word_1_361' title='bbox 2910 2347 3034 2388; x_wconf 74' lang='lat' dir='ltr'><strong>xxrx</strong></span> <span class='ocrx_word' id='word_1_362' title='bbox 3059 2335 3204 2390; x_wconf 85' lang='lat' dir='ltr'><strong>Junii</strong></span> <span class='ocrx_word' id='word_1_363' title='bbox 3241 2351 3394 2392; x_wconf 87' lang='lat' dir='ltr'><strong>men-</strong></span> 
     </span>
    </p>
   </div>
   <div class='ocr_carea' id='block_1_52' title="bbox 1807 2423 3397 2494">
    <p class='ocr_par' dir='ltr' id='par_1_52' title="bbox 1807 2423 3397 2494">
     <span class='ocr_line' id='line_1_52' title="bbox 1807 2423 3397 2494; baseline 0.004 -16"><span class='ocrx_word' id='word_1_364' title='bbox 1807 2423 1917 2488; x_wconf 85' lang='lat' dir='ltr'><strong>sis,</strong></span> <span class='ocrx_word' id='word_1_365' title='bbox 1969 2423 2259 2494; x_wconf 80' lang='lat' dir='ltr'><strong>praesentis</strong></span> <span class='ocrx_word' id='word_1_366' title='bbox 2312 2440 2406 2480; x_wconf 86' lang='lat' dir='ltr'><strong>xtv</strong></span> <span class='ocrx_word' id='word_1_367' title='bbox 2461 2425 2806 2493; x_wconf 87' lang='lat' dir='ltr'><strong>indictionis,</strong></span> <span class='ocrx_word' id='word_1_368' title='bbox 2857 2428 2945 2482; x_wconf 89' lang='lat' dir='ltr'><strong>die</strong></span> <span class='ocrx_word' id='word_1_369' title='bbox 2993 2428 3203 2483; x_wconf 88' lang='lat' dir='ltr'><strong>scilicet</strong></span> <span class='ocrx_word' id='word_1_370' title='bbox 3254 2427 3397 2484; x_wconf 90' lang='lat' dir='ltr'><strong>festo</strong></span> 
     </span>
    </p>
   </div>
   <div class='ocr_carea' id='block_1_53' title="bbox 1807 2517 3394 2589">
    <p class='ocr_par' dir='ltr' id='par_1_53' title="bbox 1807 2517 3394 2589">
     <span class='ocr_line' id='line_1_53' title="bbox 1807 2517 3394 2589; baseline 0.004 -21"><span class='ocrx_word' id='word_1_371' title='bbox 1807 2524 2120 2570; x_wconf 87' lang='lat' dir='ltr'><strong>sanctorum</strong></span> <span class='ocrx_word' id='word_1_372' title='bbox 2149 2524 2204 2571; x_wconf 91' lang='lat' dir='ltr'><strong>et</strong></span> <span class='ocrx_word' id='word_1_373' title='bbox 2229 2517 2524 2573; x_wconf 91' lang='lat' dir='ltr'><strong>illustrium</strong></span> <span class='ocrx_word' id='word_1_374' title='bbox 2573 2519 2989 2589; x_wconf 74' lang='lat' dir='ltr'><strong>coryplueorum</strong></span> <span class='ocrx_word' id='word_1_375' title='bbox 3023 2521 3394 2589; x_wconf 90' lang='lat' dir='ltr'><strong>apostolorum</strong></span> 
     </span>
    </p>
   </div>
   <div class='ocr_carea' id='block_1_54' title="bbox 1807 2606 3394 2680">
    <p class='ocr_par' dir='ltr' id='par_1_54' title="bbox 1807 2606 3394 2680">
     <span class='ocr_line' id='line_1_54' title="bbox 1807 2606 3394 2680; baseline 0.003 -20"><span class='ocrx_word' id='word_1_376' title='bbox 1807 2606 1954 2661; x_wconf 89' lang='lat' dir='ltr'><strong>Petri</strong></span> <span class='ocrx_word' id='word_1_377' title='bbox 2011 2616 2068 2662; x_wconf 88' lang='lat' dir='ltr'><strong>et</strong></span> <span class='ocrx_word' id='word_1_378' title='bbox 2112 2606 2295 2674; x_wconf 88' lang='lat' dir='ltr'><strong>Pauli,</strong></span> <span class='ocrx_word' id='word_1_379' title='bbox 2349 2608 2582 2664; x_wconf 87' lang='lat' dir='ltr'><strong>accessit</strong></span> <span class='ocrx_word' id='word_1_380' title='bbox 2639 2609 2813 2680; x_wconf 86' lang='lat' dir='ltr'><strong>prima</strong></span> <span class='ocrx_word' id='word_1_381' title='bbox 2858 2610 3007 2666; x_wconf 85' lang='lat' dir='ltr'><strong>acies</strong></span> <span class='ocrx_word' id='word_1_382' title='bbox 3058 2611 3172 2666; x_wconf 89' lang='lat' dir='ltr'><strong>Deo</strong></span> <span class='ocrx_word' id='word_1_383' title='bbox 3221 2613 3394 2666; x_wconf 88' lang='lat' dir='ltr'><strong>odiosi</strong></span> 
     </span>
    </p>
   </div>
   <div class='ocr_carea' id='block_1_55' title="bbox 1807 2698 3398 2776">
    <p class='ocr_par' dir='ltr' id='par_1_55' title="bbox 1807 2698 3398 2776">
     <span class='ocr_line' id='line_1_55' title="bbox 1807 2698 3398 2776; baseline 0.003 -22"><span class='ocrx_word' id='word_1_384' title='bbox 1807 2698 2078 2770; x_wconf 85' lang='lat' dir='ltr'><strong>Chagani,</strong></span> <span class='ocrx_word' id='word_1_385' title='bbox 2111 2701 2330 2772; x_wconf 84' lang='lat' dir='ltr'><strong>triginta</strong></span> <span class='ocrx_word' id='word_1_386' title='bbox 2378 2701 2600 2756; x_wconf 90' lang='lat' dir='ltr'><strong>circiter</strong></span> <span class='ocrx_word' id='word_1_387' title='bbox 2645 2701 2930 2758; x_wconf 84' lang='lat' dir='ltr'><strong>hominum</strong></span> <span class='ocrx_word' id='word_1_388' title='bbox 2977 2703 3248 2770; x_wconf 91' lang='lat' dir='ltr'><strong>millium;</strong></span> <span class='ocrx_word' id='word_1_389' title='bbox 3297 2721 3398 2776; x_wconf 87' lang='lat' dir='ltr'><strong>per</strong></span> 
     </span>
    </p>
   </div>
   <div class='ocr_carea' id='block_1_56' title="bbox 1806 2793 3396 2870">
    <p class='ocr_par' dir='ltr' id='par_1_56' title="bbox 1806 2793 3396 2870">
     <span class='ocr_line' id='line_1_56' title="bbox 1806 2793 3396 2870; baseline 0.003 -24"><span class='ocrx_word' id='word_1_390' title='bbox 1806 2793 2032 2849; x_wconf 88' lang='lat' dir='ltr'><strong>nuntios</strong></span> <span class='ocrx_word' id='word_1_391' title='bbox 2081 2793 2480 2866; x_wconf 82' lang='lat' dir='ltr'><strong>promulgantis</strong></span> <span class='ocrx_word' id='word_1_392' title='bbox 2529 2810 2589 2851; x_wconf 87' lang='lat' dir='ltr'><strong>se</strong></span> <span class='ocrx_word' id='word_1_393' title='bbox 2649 2811 2811 2865; x_wconf 88' lang='lat' dir='ltr'><strong>quam</strong></span> <span class='ocrx_word' id='word_1_394' title='bbox 2853 2795 3090 2867; x_wconf 89' lang='lat' dir='ltr'><strong>primum</strong></span> <span class='ocrx_word' id='word_1_395' title='bbox 3149 2796 3396 2870; x_wconf 82' lang='lat' dir='ltr'><strong>Longum</strong></span> 
     </span>
    </p>
   </div>
   <div class='ocr_carea' id='block_1_57' title="bbox 1807 2889 3393 2960">
    <p class='ocr_par' dir='ltr' id='par_1_57' title="bbox 1807 2889 3393 2960">
     <span class='ocr_line' id='line_1_57' title="bbox 1807 2889 3393 2960; baseline 0.003 -20"><span class='ocrx_word' id='word_1_396' title='bbox 1807 2901 2025 2941; x_wconf 82' lang='lat' dir='ltr'><strong>murum</strong></span> <span class='ocrx_word' id='word_1_397' title='bbox 2055 2896 2486 2958; x_wconf 86' lang='lat' dir='ltr'><strong>occupaturum,</strong></span> <span class='ocrx_word' id='word_1_398' title='bbox 2519 2898 2575 2944; x_wconf 92' lang='lat' dir='ltr'><strong>et</strong></span> <span class='ocrx_word' id='word_1_399' title='bbox 2611 2889 2876 2960; x_wconf 86' lang='lat' dir='ltr'><strong>quidquid</strong></span> <span class='ocrx_word' id='word_1_400' title='bbox 2909 2889 3052 2945; x_wconf 89' lang='lat' dir='ltr'><strong>intra</strong></span> <span class='ocrx_word' id='word_1_401' title='bbox 3083 2891 3234 2945; x_wconf 91' lang='lat' dir='ltr'><strong>illum</strong></span> <span class='ocrx_word' id='word_1_402' title='bbox 3273 2901 3393 2946; x_wconf 91' lang='lat' dir='ltr'><strong>est:</strong></span> 
     </span>
    </p>
   </div>
   <div class='ocr_carea' id='block_1_58' title="bbox 1807 2977 3400 3050">
    <p class='ocr_par' dir='ltr' id='par_1_58' title="bbox 1807 2977 3400 3050">
     <span class='ocr_line' id='line_1_58' title="bbox 1807 2977 3400 3050; baseline 0.004 -18"><span class='ocrx_word' id='word_1_403' title='bbox 1807 2977 1882 3032; x_wconf 85' lang='lat' dir='ltr'><strong>ita</strong></span> <span class='ocrx_word' id='word_1_404' title='bbox 1913 2985 1975 3033; x_wconf 89' lang='lat' dir='ltr'><strong>ut</strong></span> <span class='ocrx_word' id='word_1_405' title='bbox 2001 2987 2352 3050; x_wconf 88' lang='lat' dir='ltr'><strong>quotquotex</strong></span> <span class='ocrx_word' id='word_1_406' title='bbox 2385 2980 2662 3050; x_wconf 89' lang='lat' dir='ltr'><strong>equitibus</strong></span> <span class='ocrx_word' id='word_1_407' title='bbox 2693 2996 2758 3037; x_wconf 90' lang='lat' dir='ltr'><strong>ac</strong></span> <span class='ocrx_word' id='word_1_408' title='bbox 2791 2980 3108 3038; x_wconf 79' lang='lat' dir='ltr'><strong>fortissimis</strong></span> <span class='ocrx_word' id='word_1_409' title='bbox 3134 2981 3400 3038; x_wconf 79' lang='lat' dir='ltr'><strong>militibus</strong></span> 
     </span>
    </p>
   </div>
   <div class='ocr_carea' id='block_1_59' title="bbox 1809 3071 3398 3146">
    <p class='ocr_par' dir='ltr' id='par_1_59' title="bbox 1809 3071 3398 3146">
     <span class='ocr_line' id='line_1_59' title="bbox 1809 3071 3398 3146; baseline 0.003 -21"><span class='ocrx_word' id='word_1_410' title='bbox 1809 3071 1900 3142; x_wconf 92' lang='lat' dir='ltr'><strong>qui</strong></span> <span class='ocrx_word' id='word_1_411' title='bbox 1932 3073 2200 3128; x_wconf 88' lang='lat' dir='ltr'><strong>hactenus</strong></span> <span class='ocrx_word' id='word_1_412' title='bbox 2227 3082 2383 3129; x_wconf 81' lang='lat' dir='ltr'><strong>extra</strong></span> <span class='ocrx_word' id='word_1_413' title='bbox 2414 3075 2610 3130; x_wconf 89' lang='lat' dir='ltr'><strong>urbem</strong></span> <span class='ocrx_word' id='word_1_414' title='bbox 2638 3083 2830 3140; x_wconf 85' lang='lat' dir='ltr'><strong>erant,</strong></span> <span class='ocrx_word' id='word_1_415' title='bbox 2866 3075 2972 3132; x_wconf 89' lang='lat' dir='ltr'><strong>hoc</strong></span> <span class='ocrx_word' id='word_1_416' title='bbox 3006 3075 3127 3146; x_wconf 91' lang='lat' dir='ltr'><strong>ipso</strong></span> <span class='ocrx_word' id='word_1_417' title='bbox 3160 3076 3270 3140; x_wconf 85' lang='lat' dir='ltr'><strong>die,</strong></span> <span class='ocrx_word' id='word_1_418' title='bbox 3304 3077 3398 3146; x_wconf 91' lang='lat' dir='ltr'><strong>qui</strong></span> 
     </span>
    </p>
   </div>
   <div class='ocr_carea' id='block_1_60' title="bbox 114 3141 1704 3242">
    <p class='ocr_par' dir='ltr' id='par_1_60' title="bbox 114 3141 1702 3222">
     <span class='ocr_line' id='line_1_60' title="bbox 114 3141 1702 3222; baseline 0.012 -26"><span class='ocrx_word' id='word_1_419' title='bbox 114 3141 307 3196; x_wconf 81' lang='grc' dir='ltr'>νέσθαι</span> <span class='ocrx_word' id='word_1_420' title='bbox 335 3141 430 3196; x_wconf 81' lang='grc' dir='ltr'>τοὸ</span> <span class='ocrx_word' id='word_1_421' title='bbox 460 3143 584 3198; x_wconf 76' lang='grc' dir='ltr'>νέου</span> <span class='ocrx_word' id='word_1_422' title='bbox 625 3145 984 3202; x_wconf 82' lang='grc' dir='ltr'>Θεοδοσιακοῦ</span> <span class='ocrx_word' id='word_1_423' title='bbox 1032 3149 1246 3220; x_wconf 83' lang='grc' dir='ltr'>τείχους</span> <span class='ocrx_word' id='word_1_424' title='bbox 1279 3150 1393 3221; x_wconf 67' lang='grc' dir='ltr'><strong>(9ο)</strong></span> <span class='ocrx_word' id='word_1_425' title='bbox 1421 3150 1627 3222; x_wconf 82' lang='grc' dir='ltr'>ταύτης</span> <span class='ocrx_word' id='word_1_426' title='bbox 1661 3149 1702 3184; x_wconf 70' lang='grc'><strong>³⁷</strong></span> 
     </span>
    </p>
   </div>
   <div class='ocr_carea' id='block_1_61' title="bbox 1811 3141 3397 3242">
    <p class='ocr_par' dir='ltr' id='par_1_61' title="bbox 1811 3167 3397 3238">
     <span class='ocr_line' id='line_1_61' title="bbox 1811 3167 3397 3238; baseline -0.001 -14"><span class='ocrx_word' id='word_1_427' title='bbox 1811 3170 1865 3224; x_wconf 84' lang='lat' dir='ltr'><strong>in</strong></span> <span class='ocrx_word' id='word_1_428' title='bbox 1894 3168 2230 3226; x_wconf 61' lang='lat' dir='ltr'><strong>Domini-cam</strong></span> <span class='ocrx_word' id='word_1_429' title='bbox 2257 3167 2484 3238; x_wconf 84' lang='lat' dir='ltr'><strong>incidit,</strong></span> <span class='ocrx_word' id='word_1_430' title='bbox 2520 3171 2662 3226; x_wconf 89' lang='lat' dir='ltr'><strong>intra</strong></span> <span class='ocrx_word' id='word_1_431' title='bbox 2707 3184 2910 3224; x_wconf 88' lang='lat' dir='ltr'><strong>novum</strong></span> <span class='ocrx_word' id='word_1_432' title='bbox 2959 3168 3397 3226; x_wconf 89' lang='lat' dir='ltr'><strong>Theodosiacum</strong></span> 
     </span>
    </p>
   </div>
   <div class='ocr_carea' id='block_1_62' title="bbox 113 3231 1708 3316">
    <p class='ocr_par' dir='ltr' id='par_1_62' title="bbox 113 3231 1708 3316">
     <span class='ocr_line' id='line_1_62' title="bbox 113 3231 1708 3316; baseline 0.008 -30"><span class='ocrx_word' id='word_1_433' title='bbox 113 3231 220 3302; x_wconf 87' lang='grc' dir='ltr'><strong>τῆς</strong></span> <span class='ocrx_word' id='word_1_434' title='bbox 255 3232 528 3303; x_wconf 77' lang='grc' dir='ltr'>βασιλίδος</span> <span class='ocrx_word' id='word_1_435' title='bbox 555 3237 784 3302; x_wconf 82' lang='grc' dir='ltr'>πόλεως,</span> <span class='ocrx_word' id='word_1_436' title='bbox 817 3239 912 3293; x_wconf 77' lang='grc' dir='ltr'><strong>καὶ</strong></span> <span class='ocrx_word' id='word_1_437' title='bbox 940 3239 1158 3310; x_wconf 78' lang='grc' dir='ltr'>ἔμεινεν</span> <span class='ocrx_word' id='word_1_438' title='bbox 1185 3242 1250 3296; x_wconf 81' lang='grc' dir='ltr'>τὸ</span> <span class='ocrx_word' id='word_1_439' title='bbox 1275 3242 1410 3296; x_wconf 81' lang='grc' dir='ltr'>αὐτὸ</span> <span class='ocrx_word' id='word_1_440' title='bbox 1441 3245 1708 3316; x_wconf 83' lang='grc' dir='ltr'>πρόκουρ-</span> 
     </span>
    </p>
   </div>
   <div class='ocr_carea' id='block_1_63' title="bbox 119 3325 1708 3406">
    <p class='ocr_par' dir='ltr' id='par_1_63' title="bbox 119 3325 1708 3406">
     <span class='ocr_line' id='line_1_63' title="bbox 119 3325 1708 3406; baseline 0.009 -29"><span class='ocrx_word' id='word_1_441' title='bbox 119 3341 214 3378; x_wconf 89' lang='grc' dir='ltr'>σον</span> <span class='ocrx_word' id='word_1_442' title='bbox 237 3325 333 3379; x_wconf 82' lang='grc' dir='ltr'><strong>ἐπὶ</strong></span> <span class='ocrx_word' id='word_1_443' title='bbox 356 3325 426 3380; x_wconf 84' lang='grc' dir='ltr'>τὰ</span> <span class='ocrx_word' id='word_1_444' title='bbox 455 3327 598 3399; x_wconf 84' lang='grc' dir='ltr'>μέρη</span> <span class='ocrx_word' id='word_1_445' title='bbox 631 3328 996 3396; x_wconf 81' lang='grc' dir='ltr'>Μελαντιάδος</span> <span class='ocrx_word' id='word_1_446' title='bbox 1020 3333 1156 3406; x_wconf 76' lang='lat'><strong>(2|),</strong></span> <span class='ocrx_word' id='word_1_447' title='bbox 1197 3335 1400 3404; x_wconf 75' lang='grc' dir='ltr'>ὀλίγων</span> <span class='ocrx_word' id='word_1_448' title='bbox 1436 3335 1496 3403; x_wconf 78' lang='grc' dir='ltr'>ἐξ</span> <span class='ocrx_word' id='word_1_449' title='bbox 1523 3336 1708 3391; x_wconf 78' lang='grc' dir='ltr'>αὐτῶν</span> 
     </span>
    </p>
   </div>
   <div class='ocr_carea' id='block_1_64' title="bbox 120 3413 1712 3496">
    <p class='ocr_par' dir='ltr' id='par_1_64' title="bbox 120 3413 1712 3496">
     <span class='ocr_line' id='line_1_64' title="bbox 120 3413 1712 3496; baseline 0.009 -30"><span class='ocrx_word' id='word_1_450' title='bbox 120 3415 497 3485; x_wconf 69' lang='grc' dir='ltr'>ἐκτρεχόντων</span> <span class='ocrx_word' id='word_1_451' title='bbox 529 3417 695 3488; x_wconf 83' lang='grc' dir='ltr'>μέχρι</span> <span class='ocrx_word' id='word_1_452' title='bbox 724 3419 819 3472; x_wconf 81' lang='grc' dir='ltr'>τοῦ</span> <span class='ocrx_word' id='word_1_453' title='bbox 848 3421 1064 3494; x_wconf 85' lang='grc' dir='ltr'>τείχους</span> <span class='ocrx_word' id='word_1_454' title='bbox 1091 3425 1155 3478; x_wconf 82' lang='grc' dir='ltr'>ἐκ</span> <span class='ocrx_word' id='word_1_455' title='bbox 1174 3424 1586 3496; x_wconf 76' lang='grc' dir='ltr'>διαλειμμάτων</span> <span class='ocrx_word' id='word_1_456' title='bbox 1613 3413 1712 3481; x_wconf 66' lang='grc' dir='ltr'><strong>καὶ</strong></span> 
     </span>
    </p>
   </div>
   <div class='ocr_carea' id='block_1_65' title="bbox 42 3500 1711 3584">
    <p class='ocr_par' dir='ltr' id='par_1_65' title="bbox 42 3500 1711 3584">
     <span class='ocr_line' id='line_1_65' title="bbox 42 3500 1711 3584; baseline 0.013 -33"><span class='ocrx_word' id='word_1_457' title='bbox 42 3561 44 3564; x_wconf 26' lang='grc' dir='ltr'>ι</span> <span class='ocrx_word' id='word_1_458' title='bbox 127 3500 204 3572; x_wconf 77' lang='grc' dir='ltr'>μὴ</span> <span class='ocrx_word' id='word_1_459' title='bbox 223 3503 654 3575; x_wconf 82' lang='grc' dir='ltr'>συγχωρούντων</span> <span class='ocrx_word' id='word_1_460' title='bbox 669 3507 792 3564; x_wconf 81' lang='grc' dir='ltr'>τινὰ</span> <span class='ocrx_word' id='word_1_461' title='bbox 810 3507 1058 3584; x_wconf 77' lang='grc' dir='ltr'>ἐξιέναιῆ</span> <span class='ocrx_word' id='word_1_462' title='bbox 1078 3512 1215 3578; x_wconf 84' lang='grc' dir='ltr'>ὅλως</span> <span class='ocrx_word' id='word_1_463' title='bbox 1236 3513 1450 3584; x_wconf 85' lang='grc' dir='ltr'>ἀλόγων</span> <span class='ocrx_word' id='word_1_464' title='bbox 1464 3516 1711 3583; x_wconf 84' lang='grc' dir='ltr'>δαπάνας</span> 
     </span>
    </p>
   </div>
   <div class='ocr_carea' id='block_1_66' title="bbox 42 3591 1712 3681">
    <p class='ocr_par' dir='ltr' id='par_1_66' title="bbox 42 3591 1712 3681">
     <span class='ocr_line' id='line_1_66' title="bbox 42 3591 1712 3681; baseline 0.015 -41"><span class='ocrx_word' id='word_1_465' title='bbox 42 3633 43 3636; x_wconf 53' lang='grc' dir='ltr'><strong>η</strong></span> <span class='ocrx_word' id='word_1_466' title='bbox 123 3591 432 3661; x_wconf 76' lang='grc' dir='ltr'>συλλέγειν.</span> <span class='ocrx_word' id='word_1_467' title='bbox 449 3593 539 3650; x_wconf 84' lang='grc' dir='ltr'>Ἐν</span> <span class='ocrx_word' id='word_1_468' title='bbox 569 3597 648 3668; x_wconf 83' lang='grc' dir='ltr'>τῷ</span> <span class='ocrx_word' id='word_1_469' title='bbox 671 3598 822 3672; x_wconf 77' lang='grc' dir='ltr'>μέσῳ</span> <span class='ocrx_word' id='word_1_470' title='bbox 841 3600 900 3654; x_wconf 85' lang='grc' dir='ltr'><strong>δέ</strong></span> <span class='ocrx_word' id='word_1_471' title='bbox 918 3601 1078 3673; x_wconf 76' lang='grc' dir='ltr'>ἄχρις</span> <span class='ocrx_word' id='word_1_472' title='bbox 1095 3605 1318 3676; x_wconf 81' lang='grc' dir='ltr'>ἡμερῶν</span> <span class='ocrx_word' id='word_1_473' title='bbox 1346 3606 1480 3660; x_wconf 78' lang='grc' dir='ltr'>δέκα</span> <span class='ocrx_word' id='word_1_474' title='bbox 1509 3607 1712 3681; x_wconf 79' lang='grc' dir='ltr'>ἐφεξῆς</span> 
     </span>
    </p>
   </div>
   <div class='ocr_carea' id='block_1_67' title="bbox 119 3685 1711 3772">
    <p class='ocr_par' dir='ltr' id='par_1_67' title="bbox 119 3685 1711 3772">
     <span class='ocr_line' id='line_1_67' title="bbox 119 3685 1711 3772; baseline 0.011 -32"><span class='ocrx_word' id='word_1_475' title='bbox 119 3685 570 3758; x_wconf 85' lang='grc' dir='ltr'>διαδραμουσῶν,</span> <span class='ocrx_word' id='word_1_476' title='bbox 624 3691 722 3745; x_wconf 78' lang='grc' dir='ltr'>καὶ</span> <span class='ocrx_word' id='word_1_477' title='bbox 769 3693 999 3765; x_wconf 84' lang='grc' dir='ltr'>μηδενὸς</span> <span class='ocrx_word' id='word_1_478' title='bbox 1045 3697 1158 3750; x_wconf 87' lang='grc' dir='ltr'><strong>τῶν</strong></span> <span class='ocrx_word' id='word_1_479' title='bbox 1179 3699 1394 3771; x_wconf 82' lang='grc' dir='ltr'>ἐχθρῶν</span> <span class='ocrx_word' id='word_1_480' title='bbox 1439 3700 1711 3772; x_wconf 84' lang='grc' dir='ltr'>σύνεγγυς</span> 
     </span>
    </p>
   </div>
   <div class='ocr_carea' id='block_1_68' title="bbox 122 3778 1711 3865">
    <p class='ocr_par' dir='ltr' id='par_1_68' title="bbox 122 3778 1711 3865">
     <span class='ocr_line' id='line_1_68' title="bbox 122 3778 1711 3865; baseline 0.013 -36"><span class='ocrx_word' id='word_1_481' title='bbox 122 3778 224 3830; x_wconf 82' lang='grc' dir='ltr'><strong>τοῦ</strong></span> <span class='ocrx_word' id='word_1_482' title='bbox 274 3780 492 3851; x_wconf 85' lang='grc' dir='ltr'>τείχους</span> <span class='ocrx_word' id='word_1_483' title='bbox 535 3785 818 3853; x_wconf 82' lang='grc' dir='ltr'>φανέντος,</span> <span class='ocrx_word' id='word_1_484' title='bbox 855 3787 1092 3858; x_wconf 82' lang='grc' dir='ltr'>ἐξῆλθαν</span> <span class='ocrx_word' id='word_1_485' title='bbox 1111 3790 1154 3822; x_wconf 80' lang='grc'>¹³</span> <span class='ocrx_word' id='word_1_486' title='bbox 1191 3793 1524 3864; x_wconf 85' lang='grc' dir='ltr'>στρατιῶται</span> <span class='ocrx_word' id='word_1_487' title='bbox 1570 3795 1711 3865; x_wconf 77' lang='grc' dir='ltr'>μετὰ</span> 
     </span>
    </p>
   </div>
   <div class='ocr_carea' id='block_1_69' title="bbox 123 3871 1710 3952">
    <p class='ocr_par' dir='ltr' id='par_1_69' title="bbox 123 3871 1710 3952">
     <span class='ocr_line' id='line_1_69' title="bbox 123 3871 1710 3952; baseline 0.011 -29"><span class='ocrx_word' id='word_1_488' title='bbox 123 3871 504 3946; x_wconf 72' lang='grc' dir='ltr'>παλλικαρίων</span> <span class='ocrx_word' id='word_1_489' title='bbox 527 3877 621 3932; x_wconf 80' lang='grc' dir='ltr'><strong>καὶ</strong></span> <span class='ocrx_word' id='word_1_490' title='bbox 639 3877 686 3909; x_wconf 76' lang='grc'><strong>⁸⁸</strong></span> <span class='ocrx_word' id='word_1_491' title='bbox 717 3879 973 3944; x_wconf 81' lang='grc' dir='ltr'>πολιτῶν,</span> <span class='ocrx_word' id='word_1_492' title='bbox 995 3882 1305 3952; x_wconf 81' lang='grc' dir='ltr'>ὀφείλοντες</span> <span class='ocrx_word' id='word_1_493' title='bbox 1338 3884 1415 3949; x_wconf 84' lang='grc' dir='ltr'>ὡς</span> <span class='ocrx_word' id='word_1_494' title='bbox 1435 3887 1546 3940; x_wconf 77' lang='grc' dir='ltr'><strong>ἀπὸ</strong></span> <span class='ocrx_word' id='word_1_495' title='bbox 1573 3886 1710 3942; x_wconf 82' lang='grc' dir='ltr'>δέκα</span> 
     </span>
    </p>
   </div>
   <div class='ocr_carea' id='block_1_70' title="bbox 125 3962 1712 4050">
    <p class='ocr_par' dir='ltr' id='par_1_70' title="bbox 125 3962 1712 4050">
     <span class='ocr_line' id='line_1_70' title="bbox 125 3962 1712 4050; baseline 0.012 -35"><span class='ocrx_word' id='word_1_496' title='bbox 125 3962 326 4032; x_wconf 77' lang='grc' dir='ltr'>μιλίων</span> <span class='ocrx_word' id='word_1_497' title='bbox 355 3965 571 4036; x_wconf 88' lang='grc' dir='ltr'>θερίσαι</span> <span class='ocrx_word' id='word_1_498' title='bbox 597 3969 757 4038; x_wconf 85' lang='grc' dir='ltr'>ὀλίγα</span> <span class='ocrx_word' id='word_1_499' title='bbox 793 3975 1134 4044; x_wconf 81' lang='grc' dir='ltr'>γεννήματα,</span> <span class='ocrx_word' id='word_1_500' title='bbox 1166 3977 1262 4030; x_wconf 83' lang='grc' dir='ltr'><strong>καὶ</strong></span> <span class='ocrx_word' id='word_1_501' title='bbox 1292 3978 1492 4050; x_wconf 76' lang='grc' dir='ltr'>συνέση</span> <span class='ocrx_word' id='word_1_502' title='bbox 1535 3979 1712 4034; x_wconf 83' lang='grc' dir='ltr'>ἀπαν-</span> 
     </span>
    </p>
   </div>
   <div class='ocr_carea' id='block_1_71' title="bbox 123 4055 1712 4138">
    <p class='ocr_par' dir='ltr' id='par_1_71' title="bbox 123 4055 1712 4138">
     <span class='ocr_line' id='line_1_71' title="bbox 123 4055 1712 4138; baseline 0.013 -31"><span class='ocrx_word' id='word_1_503' title='bbox 123 4055 363 4126; x_wconf 84' lang='grc' dir='ltr'>τηθῆναι</span> <span class='ocrx_word' id='word_1_504' title='bbox 395 4059 578 4124; x_wconf 78' lang='grc' dir='ltr'>αὐτοῖς</span> <span class='ocrx_word' id='word_1_505' title='bbox 601 4062 730 4126; x_wconf 74' lang='grc' dir='ltr'>τοὺς</span> <span class='ocrx_word' id='word_1_506' title='bbox 755 4064 984 4135; x_wconf 81' lang='grc' dir='ltr'>ἐχθροὺς</span> <span class='ocrx_word' id='word_1_507' title='bbox 1005 4070 1100 4120; x_wconf 74' lang='grc' dir='ltr'><strong>καὶ</strong></span> <span class='ocrx_word' id='word_1_508' title='bbox 1114 4066 1267 4122; x_wconf 79' lang='grc' dir='ltr'>ἐνθεν</span> <span class='ocrx_word' id='word_1_509' title='bbox 1287 4071 1543 4126; x_wconf 77' lang='grc' dir='ltr'><strong>κάκεῖθέν</strong></span> <span class='ocrx_word' id='word_1_510' title='bbox 1559 4088 1712 4138; x_wconf 87' lang='grc' dir='ltr'>τινας</span> 
     </span>
    </p>
   </div>
   <div class='ocr_carea' id='block_1_72' title="bbox 126 4145 1710 4225">
    <p class='ocr_par' dir='ltr' id='par_1_72' title="bbox 126 4145 1710 4225">
     <span class='ocr_line' id='line_1_72' title="bbox 126 4145 1710 4225; baseline 0.013 -27"><span class='ocrx_word' id='word_1_511' title='bbox 126 4146 433 4214; x_wconf 79' lang='grc' dir='ltr'>διαπεσεῖν,</span> <span class='ocrx_word' id='word_1_512' title='bbox 459 4153 789 4225; x_wconf 84' lang='grc' dir='ltr'>συσχεθῆναι</span> <span class='ocrx_word' id='word_1_513' title='bbox 816 4156 874 4210; x_wconf 79' lang='grc' dir='ltr'><strong>δὲ</strong></span> <span class='ocrx_word' id='word_1_514' title='bbox 896 4159 991 4211; x_wconf 86' lang='grc' dir='ltr'>καί</span> <span class='ocrx_word' id='word_1_515' title='bbox 1025 4176 1180 4224; x_wconf 86' lang='grc' dir='ltr'>τινας</span> <span class='ocrx_word' id='word_1_516' title='bbox 1213 4163 1277 4215; x_wconf 77' lang='grc' dir='ltr'>ἐκ</span> <span class='ocrx_word' id='word_1_517' title='bbox 1301 4162 1412 4216; x_wconf 84' lang='grc' dir='ltr'><strong>τῶν</strong></span> <span class='ocrx_word' id='word_1_518' title='bbox 1441 4145 1710 4218; x_wconf 80' lang='grc' dir='ltr'>παλλικα-</span> 
     </span>
    </p>
   </div>
   <div class='ocr_carea' id='block_1_73' title="bbox 124 4237 1712 4322">
    <p class='ocr_par' dir='ltr' id='par_1_73' title="bbox 124 4237 1712 4322">
     <span class='ocr_line' id='line_1_73' title="bbox 124 4237 1712 4322; baseline 0.014 -35"><span class='ocrx_word' id='word_1_519' title='bbox 124 4237 286 4310; x_wconf 84' lang='grc' dir='ltr'>ρίων,</span> <span class='ocrx_word' id='word_1_520' title='bbox 319 4237 426 4292; x_wconf 83' lang='grc' dir='ltr'><strong>τῶν</strong></span> <span class='ocrx_word' id='word_1_521' title='bbox 461 4243 813 4312; x_wconf 84' lang='grc' dir='ltr'>στρατιωτῶν</span> <span class='ocrx_word' id='word_1_522' title='bbox 843 4247 936 4300; x_wconf 80' lang='grc' dir='ltr'><strong>καὶ</strong></span> <span class='ocrx_word' id='word_1_523' title='bbox 961 4247 1071 4302; x_wconf 84' lang='grc' dir='ltr'>τῶν</span> <span class='ocrx_word' id='word_1_524' title='bbox 1097 4249 1334 4316; x_wconf 70' lang='grc' dir='ltr'>πολιτῶν</span> <span class='ocrx_word' id='word_1_525' title='bbox 1360 4252 1470 4306; x_wconf 85' lang='grc' dir='ltr'>τῶν</span> <span class='ocrx_word' id='word_1_526' title='bbox 1495 4255 1540 4286; x_wconf 75' lang='grc'><strong>⁸⁸</strong></span> <span class='ocrx_word' id='word_1_527' title='bbox 1564 4255 1712 4322; x_wconf 75' lang='grc' dir='ltr'>ἐξελ-</span> 
     </span>
    </p>
   </div>
   <div class='ocr_carea' id='block_1_74' title="bbox 124 4330 1713 4420">
    <p class='ocr_par' dir='ltr' id='par_1_74' title="bbox 124 4330 1713 4420">
     <span class='ocr_line' id='line_1_74' title="bbox 124 4330 1713 4420; baseline 0.013 -37"><span class='ocrx_word' id='word_1_528' title='bbox 124 4330 332 4386; x_wconf 85' lang='grc' dir='ltr'>θόντων</span> <span class='ocrx_word' id='word_1_529' title='bbox 361 4336 460 4388; x_wconf 78' lang='grc' dir='ltr'>σὺν</span> <span class='ocrx_word' id='word_1_530' title='bbox 499 4337 702 4402; x_wconf 78' lang='grc' dir='ltr'><strong>αὐτοῖς.</strong></span> <span class='ocrx_word' id='word_1_531' title='bbox 735 4339 798 4394; x_wconf 76' lang='lat' dir='ltr'><strong>Et</strong></span> <span class='ocrx_word' id='word_1_532' title='bbox 821 4340 896 4413; x_wconf 77' lang='grc' dir='ltr'>μὴ</span> <span class='ocrx_word' id='word_1_533' title='bbox 923 4341 1034 4414; x_wconf 79' lang='grc' dir='ltr'><strong>γὰρ</strong></span> <span class='ocrx_word' id='word_1_534' title='bbox 1057 4345 1256 4417; x_wconf 75' lang='grc' dir='ltr'>συνέϐη</span> <span class='ocrx_word' id='word_1_535' title='bbox 1288 4348 1414 4411; x_wconf 82' lang='grc' dir='ltr'>τοὺς</span> <span class='ocrx_word' id='word_1_536' title='bbox 1441 4347 1713 4420; x_wconf 82' lang='grc' dir='ltr'>στρατιώ-</span> 
     </span>
    </p>
   </div>
   <div class='ocr_carea' id='block_1_75' title="bbox 123 4428 1714 4507">
    <p class='ocr_par' dir='ltr' id='par_1_75' title="bbox 123 4428 1714 4507">
     <span class='ocr_line' id='line_1_75' title="bbox 123 4428 1714 4507; baseline 0.014 -32"><span class='ocrx_word' id='word_1_537' title='bbox 123 4439 231 4486; x_wconf 87' lang='grc' dir='ltr'><strong>τας</strong></span> <span class='ocrx_word' id='word_1_538' title='bbox 261 4428 704 4500; x_wconf 80' lang='grc' dir='ltr'>περισπασθῆναι</span> <span class='ocrx_word' id='word_1_539' title='bbox 739 4433 818 4496; x_wconf 87' lang='grc' dir='ltr'><strong>είς</strong></span> <span class='ocrx_word' id='word_1_540' title='bbox 843 4435 904 4487; x_wconf 85' lang='grc' dir='ltr'>τὸ</span> <span class='ocrx_word' id='word_1_541' title='bbox 947 4435 1234 4507; x_wconf 82' lang='grc' dir='ltr'>ἐκδικῆσαι</span> <span class='ocrx_word' id='word_1_542' title='bbox 1263 4439 1334 4492; x_wconf 78' lang='grc' dir='ltr'>τὰ</span> <span class='ocrx_word' id='word_1_543' title='bbox 1373 4439 1485 4494; x_wconf 80' lang='grc' dir='ltr'>ίδια</span> <span class='ocrx_word' id='word_1_544' title='bbox 1514 4439 1714 4496; x_wconf 85' lang='grc' dir='ltr'>παλλι-</span> 
     </span>
    </p>
   </div>
   <div class='ocr_carea' id='block_1_76' title="bbox 1809 3256 3400 3330">
    <p class='ocr_par' dir='ltr' id='par_1_76' title="bbox 1809 3256 3400 3330">
     <span class='ocr_line' id='line_1_76' title="bbox 1809 3256 3400 3330; baseline -0.001 -18"><span class='ocrx_word' id='word_1_545' title='bbox 1809 3273 2026 3312; x_wconf 90' lang='lat' dir='ltr'><strong>murum</strong></span> <span class='ocrx_word' id='word_1_546' title='bbox 2058 3259 2224 3328; x_wconf 87' lang='lat' dir='ltr'><strong>hujus</strong></span> <span class='ocrx_word' id='word_1_547' title='bbox 2253 3258 2471 3314; x_wconf 91' lang='lat' dir='ltr'><strong>urbium</strong></span> <span class='ocrx_word' id='word_1_548' title='bbox 2503 3259 2706 3330; x_wconf 67' lang='lat' dir='ltr'><strong>reginae</strong></span> <span class='ocrx_word' id='word_1_549' title='bbox 2735 3271 2794 3312; x_wconf 91' lang='lat' dir='ltr'><strong>se</strong></span> <span class='ocrx_word' id='word_1_550' title='bbox 2845 3256 3136 3314; x_wconf 86' lang='lat' dir='ltr'><strong>confestim</strong></span> <span class='ocrx_word' id='word_1_551' title='bbox 3185 3257 3400 3328; x_wconf 89' lang='lat' dir='ltr'><strong>recipe-</strong></span> 
     </span>
    </p>
   </div>
   <div class='ocr_carea' id='block_1_77' title="bbox 1809 3349 3400 3422">
    <p class='ocr_par' dir='ltr' id='par_1_77' title="bbox 1809 3349 3400 3422">
     <span class='ocr_line' id='line_1_77' title="bbox 1809 3349 3400 3422; baseline -0.002 -16"><span class='ocrx_word' id='word_1_552' title='bbox 1809 3359 1954 3406; x_wconf 86' lang='lat' dir='ltr'><strong>rent.</strong></span> <span class='ocrx_word' id='word_1_553' title='bbox 2015 3351 2322 3422; x_wconf 81' lang='lat' dir='ltr'><strong>Mansitque</strong></span> <span class='ocrx_word' id='word_1_554' title='bbox 2356 3352 2532 3422; x_wconf 88' lang='lat' dir='ltr'><strong>prima</strong></span> <span class='ocrx_word' id='word_1_555' title='bbox 2587 3351 2690 3406; x_wconf 90' lang='lat' dir='ltr'><strong>ista</strong></span> <span class='ocrx_word' id='word_1_556' title='bbox 2735 3351 2882 3406; x_wconf 89' lang='lat' dir='ltr'><strong>acies</strong></span> <span class='ocrx_word' id='word_1_557' title='bbox 2934 3351 3076 3406; x_wconf 87' lang='lat' dir='ltr'><strong>circa</strong></span> <span class='ocrx_word' id='word_1_558' title='bbox 3120 3349 3400 3406; x_wconf 83' lang='lat' dir='ltr'><strong>Melautia-</strong></span> 
     </span>
    </p>
   </div>
   <div class='ocr_carea' id='block_1_78' title="bbox 1811 3440 3396 3514">
    <p class='ocr_par' dir='ltr' id='par_1_78' title="bbox 1811 3440 3396 3514">
     <span class='ocr_line' id='line_1_78' title="bbox 1811 3440 3396 3514; baseline -0.003 -15"><span class='ocrx_word' id='word_1_559' title='bbox 1811 3444 1969 3507; x_wconf 88' lang='lat' dir='ltr'><strong>dem,</strong></span> <span class='ocrx_word' id='word_1_560' title='bbox 1998 3443 2188 3514; x_wconf 90' lang='lat' dir='ltr'><strong>paucis</strong></span> <span class='ocrx_word' id='word_1_561' title='bbox 2217 3458 2284 3498; x_wconf 81' lang='lat' dir='ltr'><strong>ex</strong></span> <span class='ocrx_word' id='word_1_562' title='bbox 2324 3443 2391 3498; x_wconf 92' lang='lat' dir='ltr'><strong>iis</strong></span> <span class='ocrx_word' id='word_1_563' title='bbox 2446 3458 2618 3514; x_wconf 90' lang='lat' dir='ltr'><strong>usque</strong></span> <span class='ocrx_word' id='word_1_564' title='bbox 2647 3443 2712 3497; x_wconf 90' lang='lat' dir='ltr'><strong>ad</strong></span> <span class='ocrx_word' id='word_1_565' title='bbox 2745 3458 2934 3498; x_wconf 90' lang='lat' dir='ltr'><strong>muros</strong></span> <span class='ocrx_word' id='word_1_566' title='bbox 2984 3457 3082 3513; x_wconf 87' lang='lat' dir='ltr'><strong>per</strong></span> <span class='ocrx_word' id='word_1_567' title='bbox 3115 3440 3396 3495; x_wconf 85' lang='lat' dir='ltr'><strong>intervalla</strong></span> 
     </span>
    </p>
   </div>
   <div class='ocr_carea' id='block_1_79' title="bbox 1811 3535 3400 3607">
    <p class='ocr_par' dir='ltr' id='par_1_79' title="bbox 1811 3535 3400 3607">
     <span class='ocr_line' id='line_1_79' title="bbox 1811 3535 3400 3607; baseline -0.002 -15"><span class='ocrx_word' id='word_1_568' title='bbox 1811 3537 2268 3604; x_wconf 78' lang='lat' dir='ltr'><strong>excurrentibus,</strong></span> <span class='ocrx_word' id='word_1_569' title='bbox 2297 3545 2354 3592; x_wconf 92' lang='lat' dir='ltr'><strong>et</strong></span> <span class='ocrx_word' id='word_1_570' title='bbox 2390 3552 2720 3607; x_wconf 89' lang='lat' dir='ltr'><strong>quemquam</strong></span> <span class='ocrx_word' id='word_1_571' title='bbox 2755 3537 2940 3602; x_wconf 85' lang='lat' dir='ltr'><strong>exire,</strong></span> <span class='ocrx_word' id='word_1_572' title='bbox 2988 3535 3074 3590; x_wconf 86' lang='lat' dir='ltr'><strong>vel</strong></span> <span class='ocrx_word' id='word_1_573' title='bbox 3119 3535 3186 3590; x_wconf 91' lang='lat' dir='ltr'><strong>ad</strong></span> <span class='ocrx_word' id='word_1_574' title='bbox 3233 3550 3400 3605; x_wconf 84' lang='lat' dir='ltr'><strong>equo-</strong></span> 
     </span>
    </p>
   </div>
   <div class='ocr_carea' id='block_1_80' title="bbox 1811 3625 3401 3698">
    <p class='ocr_par' dir='ltr' id='par_1_80' title="bbox 1811 3625 3401 3698">
     <span class='ocr_line' id='line_1_80' title="bbox 1811 3625 3401 3698; baseline -0.001 -18"><span class='ocrx_word' id='word_1_575' title='bbox 1811 3642 1934 3681; x_wconf 88' lang='lat' dir='ltr'><strong>rum</strong></span> <span class='ocrx_word' id='word_1_576' title='bbox 1977 3627 2390 3698; x_wconf 89' lang='lat' dir='ltr'><strong>pahulationem</strong></span> <span class='ocrx_word' id='word_1_577' title='bbox 2435 3627 2731 3696; x_wconf 87' lang='lat' dir='ltr'><strong>quidquam</strong></span> <span class='ocrx_word' id='word_1_578' title='bbox 2789 3626 3045 3696; x_wconf 83' lang='lat' dir='ltr'><strong>colligere</strong></span> <span class='ocrx_word' id='word_1_579' title='bbox 3098 3625 3401 3696; x_wconf 86' lang='lat' dir='ltr'><strong>prohiben-</strong></span> 
     </span>
    </p>
   </div>
   <div class='ocr_carea' id='block_1_81' title="bbox 1811 3718 3397 3790">
    <p class='ocr_par' dir='ltr' id='par_1_81' title="bbox 1811 3718 3397 3790">
     <span class='ocr_line' id='line_1_81' title="bbox 1811 3718 3397 3790; baseline -0.003 -15"><span class='ocrx_word' id='word_1_580' title='bbox 1811 3721 1979 3775; x_wconf 85' lang='lat' dir='ltr'><strong>tibus.</strong></span> <span class='ocrx_word' id='word_1_581' title='bbox 2035 3719 2249 3790; x_wconf 87' lang='lat' dir='ltr'><strong>Elapsis</strong></span> <span class='ocrx_word' id='word_1_582' title='bbox 2303 3719 2512 3774; x_wconf 87' lang='lat' dir='ltr'><strong>interea</strong></span> <span class='ocrx_word' id='word_1_583' title='bbox 2557 3719 2752 3774; x_wconf 89' lang='lat' dir='ltr'><strong>diebus</strong></span> <span class='ocrx_word' id='word_1_584' title='bbox 2804 3720 3033 3782; x_wconf 85' lang='lat' dir='ltr'><strong>decem,</strong></span> <span class='ocrx_word' id='word_1_585' title='bbox 3065 3718 3286 3773; x_wconf 89' lang='lat' dir='ltr'><strong>nemine</strong></span> <span class='ocrx_word' id='word_1_586' title='bbox 3333 3734 3397 3772; x_wconf 74' lang='lat' dir='ltr'><strong>ex</strong></span> 
     </span>
    </p>
   </div>
   <div class='ocr_carea' id='block_1_82' title="bbox 1813 3808 3397 3880">
    <p class='ocr_par' dir='ltr' id='par_1_82' title="bbox 1813 3808 3397 3880">
     <span class='ocr_line' id='line_1_82' title="bbox 1813 3808 3397 3880; baseline -0.004 -14"><span class='ocrx_word' id='word_1_587' title='bbox 1813 3810 2066 3866; x_wconf 85' lang='lat' dir='ltr'><strong>hostibus</strong></span> <span class='ocrx_word' id='word_1_588' title='bbox 2093 3810 2160 3864; x_wconf 87' lang='lat' dir='ltr'><strong>ad</strong></span> <span class='ocrx_word' id='word_1_589' title='bbox 2193 3809 2395 3866; x_wconf 84' lang='lat' dir='ltr'><strong>moenia</strong></span> <span class='ocrx_word' id='word_1_590' title='bbox 2425 3818 2725 3880; x_wconf 86' lang='lat' dir='ltr'><strong>apparente</strong></span> <span class='ocrx_word' id='word_1_591' title='bbox 2744 3851 2758 3873; x_wconf 94' lang='lat'><strong>,</strong></span> <span class='ocrx_word' id='word_1_592' title='bbox 2793 3808 2998 3880; x_wconf 86' lang='lat' dir='ltr'><strong>egressi</strong></span> <span class='ocrx_word' id='word_1_593' title='bbox 3042 3808 3245 3862; x_wconf 88' lang='lat' dir='ltr'><strong>milites</strong></span> <span class='ocrx_word' id='word_1_594' title='bbox 3273 3823 3397 3862; x_wconf 86' lang='lat' dir='ltr'><strong>cum</strong></span> 
     </span>
    </p>
   </div>
   <div class='ocr_carea' id='block_1_83' title="bbox 1811 3901 3400 3967">
    <p class='ocr_par' dir='ltr' id='par_1_83' title="bbox 1811 3901 3400 3967">
     <span class='ocr_line' id='line_1_83' title="bbox 1811 3901 3400 3967; baseline -0.003 -9"><span class='ocrx_word' id='word_1_595' title='bbox 1811 3903 2099 3958; x_wconf 87' lang='lat' dir='ltr'><strong>calonibus</strong></span> <span class='ocrx_word' id='word_1_596' title='bbox 2132 3911 2187 3957; x_wconf 89' lang='lat' dir='ltr'><strong>et</strong></span> <span class='ocrx_word' id='word_1_597' title='bbox 2215 3901 2462 3967; x_wconf 80' lang='lat' dir='ltr'><strong>civibus&#39;,</strong></span> <span class='ocrx_word' id='word_1_598' title='bbox 2491 3901 2571 3956; x_wconf 88' lang='lat' dir='ltr'><strong>uti</strong></span> <span class='ocrx_word' id='word_1_599' title='bbox 2619 3901 2686 3956; x_wconf 89' lang='lat' dir='ltr'><strong>ad</strong></span> <span class='ocrx_word' id='word_1_600' title='bbox 2717 3901 2994 3958; x_wconf 89' lang='lat' dir='ltr'><strong>decimum</strong></span> <span class='ocrx_word' id='word_1_601' title='bbox 3042 3901 3113 3955; x_wconf 89' lang='lat' dir='ltr'><strong>ab</strong></span> <span class='ocrx_word' id='word_1_602' title='bbox 3157 3902 3290 3956; x_wconf 87' lang='lat' dir='ltr'><strong>urbe</strong></span> <span class='ocrx_word' id='word_1_603' title='bbox 3319 3901 3400 3955; x_wconf 86' lang='lat' dir='ltr'><strong>la-</strong></span> 
     </span>
    </p>
   </div>
   <div class='ocr_carea' id='block_1_84' title="bbox 1811 3992 3400 4063">
    <p class='ocr_par' dir='ltr' id='par_1_84' title="bbox 1811 3992 3400 4063">
     <span class='ocr_line' id='line_1_84' title="bbox 1811 3992 3400 4063; baseline 0.001 -16"><span class='ocrx_word' id='word_1_604' title='bbox 1811 3993 1994 4063; x_wconf 86' lang='lat' dir='ltr'><strong>pidem</strong></span> <span class='ocrx_word' id='word_1_605' title='bbox 2034 4001 2306 4048; x_wconf 86' lang='lat' dir='ltr'><strong>meterent</strong></span> <span class='ocrx_word' id='word_1_606' title='bbox 2336 3992 2587 4063; x_wconf 87' lang='lat' dir='ltr'><strong>exiguam</strong></span> <span class='ocrx_word' id='word_1_607' title='bbox 2616 4001 2877 4062; x_wconf 81' lang='lat' dir='ltr'><strong>&#39;segetem</strong></span> <span class='ocrx_word' id='word_1_608' title='bbox 2899 4035 2913 4054; x_wconf 92' lang='lat'><strong>,</strong></span> <span class='ocrx_word' id='word_1_609' title='bbox 2951 3993 3004 4046; x_wconf 88' lang='lat' dir='ltr'><strong>in</strong></span> <span class='ocrx_word' id='word_1_610' title='bbox 3041 3993 3228 4048; x_wconf 88' lang='lat' dir='ltr'><strong>hostes</strong></span> <span class='ocrx_word' id='word_1_611' title='bbox 3259 3993 3400 4048; x_wconf 86' lang='lat' dir='ltr'><strong>inci-</strong></span> 
     </span>
    </p>
   </div>
   <div class='ocr_carea' id='block_1_85' title="bbox 1813 4082 3398 4155">
    <p class='ocr_par' dir='ltr' id='par_1_85' title="bbox 1813 4082 3398 4155">
     <span class='ocr_line' id='line_1_85' title="bbox 1813 4082 3398 4155; baseline 0.001 -16"><span class='ocrx_word' id='word_1_612' title='bbox 1813 4083 1978 4148; x_wconf 87' lang='lat' dir='ltr'><strong>dere,</strong></span> <span class='ocrx_word' id='word_1_613' title='bbox 2011 4084 2218 4154; x_wconf 89' lang='lat' dir='ltr'><strong>aliquot</strong></span> <span class='ocrx_word' id='word_1_614' title='bbox 2269 4099 2332 4137; x_wconf 87' lang='lat' dir='ltr'><strong>ex</strong></span> <span class='ocrx_word' id='word_1_615' title='bbox 2379 4082 2448 4138; x_wconf 90' lang='lat' dir='ltr'><strong>iis</strong></span> <span class='ocrx_word' id='word_1_616' title='bbox 2496 4083 2688 4150; x_wconf 58' lang='lat' dir='ltr'><strong>caesis,</strong></span> <span class='ocrx_word' id='word_1_617' title='bbox 2737 4084 3065 4155; x_wconf 90' lang='lat' dir='ltr'><strong>quibusdam</strong></span> <span class='ocrx_word' id='word_1_618' title='bbox 3132 4084 3297 4140; x_wconf 85' lang='lat' dir='ltr'><strong>etiam</strong></span> <span class='ocrx_word' id='word_1_619' title='bbox 3333 4102 3398 4140; x_wconf 76' lang='lat' dir='ltr'><strong>ex</strong></span> 
     </span>
    </p>
   </div>
   <div class='ocr_carea' id='block_1_86' title="bbox 1814 4175 3400 4248">
    <p class='ocr_par' dir='ltr' id='par_1_86' title="bbox 1814 4175 3400 4248">
     <span class='ocr_line' id='line_1_86' title="bbox 1814 4175 3400 4248; baseline 0.001 -18"><span class='ocrx_word' id='word_1_620' title='bbox 1814 4175 2049 4230; x_wconf 86' lang='lat' dir='ltr'><strong>militum</strong></span> <span class='ocrx_word' id='word_1_621' title='bbox 2080 4175 2363 4230; x_wconf 88' lang='lat' dir='ltr'><strong>calonibus</strong></span> <span class='ocrx_word' id='word_1_622' title='bbox 2392 4183 2449 4229; x_wconf 87' lang='lat' dir='ltr'><strong>et</strong></span> <span class='ocrx_word' id='word_1_623' title='bbox 2478 4192 2542 4230; x_wconf 85' lang='lat' dir='ltr'><strong>ex</strong></span> <span class='ocrx_word' id='word_1_624' title='bbox 2571 4175 2784 4232; x_wconf 87' lang='lat' dir='ltr'><strong>civibus</strong></span> <span class='ocrx_word' id='word_1_625' title='bbox 2813 4176 2905 4246; x_wconf 88' lang='lat' dir='ltr'><strong>qui</strong></span> <span class='ocrx_word' id='word_1_626' title='bbox 2939 4192 3062 4231; x_wconf 92' lang='lat' dir='ltr'><strong>cum</strong></span> <span class='ocrx_word' id='word_1_627' title='bbox 3100 4176 3166 4232; x_wconf 90' lang='lat' dir='ltr'><strong>iis</strong></span> <span class='ocrx_word' id='word_1_628' title='bbox 3196 4178 3400 4248; x_wconf 80' lang='lat' dir='ltr'><strong>egressi</strong></span> 
     </span>
    </p>
   </div>
   <div class='ocr_carea' id='block_1_87' title="bbox 1813 4266 3404 4338">
    <p class='ocr_par' dir='ltr' id='par_1_87' title="bbox 1813 4266 3404 4338">
     <span class='ocr_line' id='line_1_87' title="bbox 1813 4266 3404 4338; baseline -0.001 -15"><span class='ocrx_word' id='word_1_629' title='bbox 1813 4268 2065 4327; x_wconf 85' lang='lat' dir='ltr'><strong>fuerant,</strong></span> <span class='ocrx_word' id='word_1_630' title='bbox 2119 4269 2313 4338; x_wconf 83' lang='lat' dir='ltr'><strong>captis.</strong></span> <span class='ocrx_word' id='word_1_631' title='bbox 2373 4266 2490 4322; x_wconf 81' lang='lat' dir='ltr'><strong>Nisi</strong></span> <span class='ocrx_word' id='word_1_632' title='bbox 2537 4275 2720 4324; x_wconf 88' lang='lat' dir='ltr'><strong>tamen</strong></span> <span class='ocrx_word' id='word_1_633' title='bbox 2777 4269 2978 4324; x_wconf 89' lang='lat' dir='ltr'><strong>milites</strong></span> <span class='ocrx_word' id='word_1_634' title='bbox 3027 4270 3081 4324; x_wconf 93' lang='lat' dir='ltr'><strong>in</strong></span> <span class='ocrx_word' id='word_1_635' title='bbox 3119 4269 3404 4325; x_wconf 64' lang='lat' dir='ltr'><strong>calonibus</strong></span> 
     </span>
    </p>
   </div>
   <div class='ocr_carea' id='block_1_88' title="bbox 1817 4360 3403 4434">
    <p class='ocr_par' dir='ltr' id='par_1_88' title="bbox 1817 4360 3403 4434">
     <span class='ocr_line' id='line_1_88' title="bbox 1817 4360 3403 4434; baseline -0.003 -16"><span class='ocrx_word' id='word_1_636' title='bbox 1817 4363 1930 4418; x_wconf 79' lang='lat' dir='ltr'><strong>Suis</strong></span> <span class='ocrx_word' id='word_1_637' title='bbox 1961 4360 2319 4416; x_wconf 78' lang='lat' dir='ltr'><strong>defendendis</strong></span> <span class='ocrx_word' id='word_1_638' title='bbox 2370 4361 2607 4414; x_wconf 79' lang='lat' dir='ltr'><strong>fuissent</strong></span> <span class='ocrx_word' id='word_1_639' title='bbox 2655 4361 2940 4431; x_wconf 87' lang='lat' dir='ltr'><strong>occupati,</strong></span> <span class='ocrx_word' id='word_1_640' title='bbox 2977 4377 3234 4434; x_wconf 81' lang='lat' dir='ltr'><strong>magnum</strong></span> <span class='ocrx_word' id='word_1_641' title='bbox 3271 4361 3403 4417; x_wconf 76' lang='lat' dir='ltr'><strong>satis</strong></span> 
     </span>
    </p>
   </div>
   <div class='ocr_carea' id='block_1_89' title="bbox 1817 4449 3403 4507">
    <p class='ocr_par' dir='ltr' id='par_1_89' title="bbox 1817 4449 3403 4507">
     <span class='ocr_line' id='line_1_89' title="bbox 1817 4449 3403 4507; baseline -0.001 -1"><span class='ocrx_word' id='word_1_642' title='bbox 1817 4466 1881 4507; x_wconf 89' lang='lat' dir='ltr'><strong>ex</strong></span> <span class='ocrx_word' id='word_1_643' title='bbox 1916 4452 2170 4507; x_wconf 88' lang='lat' dir='ltr'><strong>hostibus</strong></span> <span class='ocrx_word' id='word_1_644' title='bbox 2204 4465 2494 4506; x_wconf 87' lang='lat' dir='ltr'><strong>munerum</strong></span> <span class='ocrx_word' id='word_1_645' title='bbox 2543 4463 2610 4504; x_wconf 90' lang='lat' dir='ltr'><strong>eo</strong></span> <span class='ocrx_word' id='word_1_646' title='bbox 2644 4449 2733 4505; x_wconf 92' lang='lat' dir='ltr'><strong>die</strong></span> <span class='ocrx_word' id='word_1_647' title='bbox 2762 4449 3190 4506; x_wconf 89' lang='lat' dir='ltr'><strong>interfecissent.</strong></span> <span class='ocrx_word' id='word_1_648' title='bbox 3225 4450 3403 4507; x_wconf 69' lang='lat' dir='ltr'><strong>Caetc~</strong></span> 
     </span>
    </p>
   </div>
   <div class='ocr_carea' id='block_1_90' title="bbox 124 4515 1704 4610">
    <p class='ocr_par' dir='ltr' id='par_1_90' title="bbox 124 4515 1704 4598">
     <span class='ocr_line' id='line_1_90' title="bbox 124 4515 1704 4598; baseline 0.013 -29"><span class='ocrx_word' id='word_1_649' title='bbox 124 4515 301 4586; x_wconf 73' lang='grc' dir='ltr'>κάρια</span> <span class='ocrx_word' id='word_1_650' title='bbox 327 4517 420 4570; x_wconf 74' lang='grc' dir='ltr'>καὶ</span> <span class='ocrx_word' id='word_1_651' title='bbox 458 4522 584 4584; x_wconf 82' lang='grc' dir='ltr'>τοὺς</span> <span class='ocrx_word' id='word_1_652' title='bbox 632 4523 879 4590; x_wconf 85' lang='grc' dir='ltr'>πολίτας,</span> <span class='ocrx_word' id='word_1_653' title='bbox 919 4526 1096 4580; x_wconf 75' lang='grc' dir='ltr'>ίκανοὶ</span> <span class='ocrx_word' id='word_1_654' title='bbox 1143 4531 1464 4598; x_wconf 80' lang='grc' dir='ltr'>ἐφονεύοντο</span> <span class='ocrx_word' id='word_1_655' title='bbox 1499 4535 1564 4588; x_wconf 86' lang='grc' dir='ltr'>ἐκ</span> <span class='ocrx_word' id='word_1_656' title='bbox 1606 4535 1704 4588; x_wconf 56' lang='grc' dir='ltr'>τῶν</span> 
     </span>
    </p>
   </div>
   <div class='ocr_carea' id='block_1_91' title="bbox 1811 4515 3399 4610">
    <p class='ocr_par' dir='ltr' id='par_1_91' title="bbox 1819 4539 3399 4610">
     <span class='ocr_line' id='line_1_91' title="bbox 1819 4539 3399 4610; baseline -0.002 -12"><span class='ocrx_word' id='word_1_657' title='bbox 1819 4558 1939 4598; x_wconf 89' lang='lat' dir='ltr'><strong>rum</strong></span> <span class='ocrx_word' id='word_1_658' title='bbox 1990 4558 2100 4596; x_wconf 89' lang='lat' dir='ltr'><strong>non</strong></span> <span class='ocrx_word' id='word_1_659' title='bbox 2151 4541 2321 4594; x_wconf 85' lang='lat' dir='ltr'><strong>multo</strong></span> <span class='ocrx_word' id='word_1_660' title='bbox 2353 4548 2476 4610; x_wconf 90' lang='lat' dir='ltr'><strong>post</strong></span> <span class='ocrx_word' id='word_1_661' title='bbox 2513 4539 2736 4596; x_wconf 89' lang='lat' dir='ltr'><strong>circiter</strong></span> <span class='ocrx_word' id='word_1_662' title='bbox 2787 4540 2936 4595; x_wconf 91' lang='lat' dir='ltr'><strong>mille</strong></span> <span class='ocrx_word' id='word_1_663' title='bbox 2978 4556 3046 4596; x_wconf 90' lang='lat' dir='ltr'><strong>ex</strong></span> <span class='ocrx_word' id='word_1_664' title='bbox 3107 4541 3399 4606; x_wconf 81' lang='lat' dir='ltr'><strong>hostibus,</strong></span> 
     </span>
    </p>
   </div>
   <div class='ocr_carea' id='block_1_92' title="bbox 124 4605 1710 4692">
    <p class='ocr_par' dir='ltr' id='par_1_92' title="bbox 124 4605 1710 4692">
     <span class='ocr_line' id='line_1_92' title="bbox 124 4605 1710 4692; baseline 0.016 -36"><span class='ocrx_word' id='word_1_665' title='bbox 124 4605 340 4676; x_wconf 79' lang='grc' dir='ltr'>ἐχθρῶν</span> <span class='ocrx_word' id='word_1_666' title='bbox 384 4611 506 4662; x_wconf 84' lang='grc' dir='ltr'>κατ’</span> <span class='ocrx_word' id='word_1_667' title='bbox 553 4613 769 4686; x_wconf 83' lang='grc' dir='ltr'>ἐκείνην</span> <span class='ocrx_word' id='word_1_668' title='bbox 797 4614 897 4688; x_wconf 82' lang='grc' dir='ltr'><strong>τὴν</strong></span> <span class='ocrx_word' id='word_1_669' title='bbox 932 4620 1168 4692; x_wconf 82' lang='grc' dir='ltr'>ἡμέραν.</span> <span class='ocrx_word' id='word_1_670' title='bbox 1225 4623 1360 4678; x_wconf 88' lang='grc' dir='ltr'><strong>Μετ’</strong></span> <span class='ocrx_word' id='word_1_671' title='bbox 1388 4627 1450 4680; x_wconf 85' lang='grc' dir='ltr'><strong>οὐ</strong></span> <span class='ocrx_word' id='word_1_672' title='bbox 1485 4625 1624 4680; x_wconf 83' lang='grc' dir='ltr'>πολὺ</span> <span class='ocrx_word' id='word_1_673' title='bbox 1653 4627 1710 4680; x_wconf 80' lang='grc' dir='ltr'>δὲ</span> 
     </span>
    </p>
   </div>
   <div class='ocr_carea' id='block_1_93' title="bbox 120 4693 1711 4795">
    <p class='ocr_par' dir='ltr' id='par_1_93' title="bbox 120 4693 1711 4795">
     <span class='ocr_line' id='line_1_93' title="bbox 120 4693 1711 4795; baseline 0.019 -48"><span class='ocrx_word' id='word_1_674' title='bbox 120 4693 292 4795; x_wconf 50' lang='grc' dir='ltr'>τιν-ῶν</span> <span class='ocrx_word' id='word_1_675' title='bbox 323 4699 536 4795; x_wconf 76' lang='grc' dir='ltr'>ἐχθρῷν</span> <span class='ocrx_word' id='word_1_676' title='bbox 568 4703 696 4775; x_wconf 84' lang='grc' dir='ltr'>ἄχρι</span> <span class='ocrx_word' id='word_1_677' title='bbox 731 4709 863 4775; x_wconf 79' lang='grc' dir='ltr'>μιᾶς</span> <span class='ocrx_word' id='word_1_678' title='bbox 894 4711 1134 4780; x_wconf 82' lang='grc' dir='ltr'>χιλιάδος</span> <span class='ocrx_word' id='word_1_679' title='bbox 1167 4715 1431 4795; x_wconf 78' lang='grc' dir='ltr'>ἐλθόντων</span> <span class='ocrx_word' id='word_1_680' title='bbox 1479 4721 1711 4795; x_wconf 87' lang='grc' dir='ltr'>πλησίον</span> 
     </span>
    </p>
   </div>
   <div class='ocr_carea' id='block_1_94' title="bbox 118 4786 1704 4888">
    <p class='ocr_par' dir='ltr' id='par_1_94' title="bbox 118 4786 1704 4888">
     <span class='ocr_line' id='line_1_94' title="bbox 118 4786 1704 4888; baseline 0.02 -49"><span class='ocrx_word' id='word_1_681' title='bbox 118 4786 225 4841; x_wconf 79' lang='grc' dir='ltr'>τοῦ</span> <span class='ocrx_word' id='word_1_682' title='bbox 275 4789 572 4864; x_wconf 78' lang='grc' dir='ltr'>σεϐασμίου</span> <span class='ocrx_word' id='word_1_683' title='bbox 619 4796 776 4854; x_wconf 85' lang='grc' dir='ltr'>οίκου</span> <span class='ocrx_word' id='word_1_684' title='bbox 815 4800 928 4856; x_wconf 86' lang='grc' dir='ltr'><strong>τῶν</strong></span> <span class='ocrx_word' id='word_1_685' title='bbox 966 4804 1139 4874; x_wconf 77' lang='grc' dir='ltr'>ἁγίων</span> <span class='ocrx_word' id='word_1_686' title='bbox 1172 4793 1554 4869; x_wconf 78' lang='grc' dir='ltr'>Μακκασαίων</span> <span class='ocrx_word' id='word_1_687' title='bbox 1577 4786 1704 4888; x_wconf 48' lang='grc'><strong>’(22)</strong></span> 
     </span>
    </p>
   </div>
   <div class='ocr_carea' id='block_1_95' title="bbox 1820 4631 3401 4704">
    <p class='ocr_par' dir='ltr' id='par_1_95' title="bbox 1820 4631 3401 4704">
     <span class='ocr_line' id='line_1_95' title="bbox 1820 4631 3401 4704; baseline -0.002 -15"><span class='ocrx_word' id='word_1_688' title='bbox 1820 4636 1926 4690; x_wconf 85' lang='lat' dir='ltr'><strong>hoc</strong></span> <span class='ocrx_word' id='word_1_689' title='bbox 1954 4635 2073 4704; x_wconf 88' lang='lat' dir='ltr'><strong>ipso</strong></span> <span class='ocrx_word' id='word_1_690' title='bbox 2109 4632 2230 4695; x_wconf 86' lang='lat' dir='ltr'><strong>die,</strong></span> <span class='ocrx_word' id='word_1_691' title='bbox 2259 4631 2413 4702; x_wconf 82' lang='lat' dir='ltr'><strong>juxta</strong></span> <span class='ocrx_word' id='word_1_692' title='bbox 2456 4632 2824 4687; x_wconf 83' lang='lat' dir='ltr'><strong>venerandam</strong></span> <span class='ocrx_word' id='word_1_693' title='bbox 2870 4633 3042 4687; x_wconf 67' lang='lat' dir='ltr'><strong>aedem</strong></span> <span class='ocrx_word' id='word_1_694' title='bbox 3075 4631 3401 4686; x_wconf 87' lang='lat' dir='ltr'><strong>Sanctorum</strong></span> 
     </span>
    </p>
   </div>
   <div class='ocr_carea' id='block_1_96' title="bbox 1820 4720 3402 4793">
    <p class='ocr_par' dir='ltr' id='par_1_96' title="bbox 1820 4720 3402 4793">
     <span class='ocr_line' id='line_1_96' title="bbox 1820 4720 3402 4793; baseline -0.003 -13"><span class='ocrx_word' id='word_1_695' title='bbox 1820 4725 2248 4781; x_wconf 81' lang='lat' dir='ltr'><strong>Maccabaeorum</strong></span> <span class='ocrx_word' id='word_1_696' title='bbox 2277 4722 2418 4778; x_wconf 88' lang='lat' dir='ltr'><strong>ultra</strong></span> <span class='ocrx_word' id='word_1_697' title='bbox 2448 4721 2627 4778; x_wconf 89' lang='lat' dir='ltr'><strong>sinum</strong></span> <span class='ocrx_word' id='word_1_698' title='bbox 2662 4722 2719 4776; x_wconf 90' lang='lat' dir='ltr'><strong>in</strong></span> <span class='ocrx_word' id='word_1_699' title='bbox 2752 4720 2938 4793; x_wconf 85' lang='lat' dir='ltr'><strong>Sycis,</strong></span> <span class='ocrx_word' id='word_1_700' title='bbox 2979 4721 3366 4778; x_wconf 83' lang='lat' dir='ltr'><strong>accedentibus</strong></span> <span class='ocrx_word' id='word_1_701' title='bbox 3387 4762 3402 4783; x_wconf 94' lang='lat'><strong>,</strong></span> 
     </span>
    </p>
   </div>
   <div class='ocr_carea' id='block_1_97' title="bbox 1816 4813 3403 4886">
    <p class='ocr_par' dir='ltr' id='par_1_97' title="bbox 1816 4813 3403 4886">
     <span class='ocr_line' id='line_1_97' title="bbox 1816 4813 3403 4886; baseline -0.004 -13"><span class='ocrx_word' id='word_1_702' title='bbox 1816 4834 1883 4873; x_wconf 86' lang='lat' dir='ltr'><strong>ac</strong></span> <span class='ocrx_word' id='word_1_703' title='bbox 1924 4831 2047 4872; x_wconf 89' lang='lat' dir='ltr'><strong>sese</strong></span> <span class='ocrx_word' id='word_1_704' title='bbox 2101 4813 2278 4868; x_wconf 84' lang='lat' dir='ltr'><strong>Persis</strong></span> <span class='ocrx_word' id='word_1_705' title='bbox 2332 4814 2588 4871; x_wconf 86' lang='lat' dir='ltr'><strong>visendos</strong></span> <span class='ocrx_word' id='word_1_706' title='bbox 2625 4815 3002 4886; x_wconf 64' lang='lat' dir='ltr'><strong>praebentibus</strong></span> <span class='ocrx_word' id='word_1_707' title='bbox 3027 4857 3042 4881; x_wconf 92' lang='lat'><strong>,</strong></span> <span class='ocrx_word' id='word_1_708' title='bbox 3072 4817 3163 4886; x_wconf 85' lang='lat' dir='ltr'><strong>qui</strong></span> <span class='ocrx_word' id='word_1_709' title='bbox 3213 4827 3403 4869; x_wconf 77' lang='lat' dir='ltr'><strong>versus</strong></span> 
     </span>
    </p>
   </div>
   <div class='ocr_carea' id='block_1_98' title="bbox 1467 4969 2060 5030">
    <p class='ocr_par' dir='ltr' id='par_1_98' title="bbox 1467 4969 2060 5030">
     <span class='ocr_line' id='line_1_98' title="bbox 1467 4969 2060 5030; baseline 0.012 -7"><span class='ocrx_word' id='word_1_710' title='bbox 1467 4969 1795 5027; x_wconf 79' lang='lat' dir='ltr'><strong>DUCANGII</strong></span> <span class='ocrx_word' id='word_1_711' title='bbox 1827 4972 2060 5030; x_wconf 66' lang='lat' dir='ltr'><strong>NOTAE.</strong></span> 
     </span>
    </p>
   </div>
   <div class='ocr_carea' id='block_1_99' title="bbox 205 5086 1704 5174">
    <p class='ocr_par' dir='ltr' id='par_1_99' title="bbox 205 5086 1704 5174">
     <span class='ocr_line' id='line_1_99' title="bbox 205 5086 1704 5174; baseline 0.018 -37"><span class='ocrx_word' id='word_1_712' title='bbox 205 5086 332 5174; x_wconf 59' lang='grc' dir='ltr'>(μη</span> <span class='ocrx_word' id='word_1_713' title='bbox 365 5089 560 5174; x_wconf 58' lang='grc' dir='ltr'>’ρχέιρ</span> <span class='ocrx_word' id='word_1_714' title='bbox 587 5091 1024 5174; x_wconf 57' lang='grc' dir='ltr'>ἐπιῖξςιιςᾴρατος</span> <span class='ocrx_word' id='word_1_715' title='bbox 1067 5103 1408 5172; x_wconf 76' lang='grc' dir='ltr'>Σαλσάρας.</span> <span class='ocrx_word' id='word_1_716' title='bbox 1463 5105 1567 5174; x_wconf 84' lang='lat' dir='ltr'><strong>Qui</strong></span> <span class='ocrx_word' id='word_1_717' title='bbox 1620 5110 1704 5163; x_wconf 86' lang='lat' dir='ltr'><strong>in-</strong></span> 
     </span>
    </p>
   </div>
   <div class='ocr_carea' id='block_1_100' title="bbox 125 5157 1706 5233">
    <p class='ocr_par' dir='ltr' id='par_1_100' title="bbox 125 5157 1706 5233">
     <span class='ocr_line' id='line_1_100' title="bbox 125 5157 1706 5233; baseline 0.013 -21"><span class='ocrx_word' id='word_1_718' title='bbox 125 5157 346 5233; x_wconf 73' lang='lat' dir='ltr'><strong>terdum</strong></span> <span class='ocrx_word' id='word_1_719' title='bbox 375 5157 672 5232; x_wconf 81' lang='grc' dir='ltr'><strong>Σάλὸσρος.</strong></span> <span class='ocrx_word' id='word_1_720' title='bbox 713 5157 916 5220; x_wconf 79' lang='lat' dir='ltr'><strong>Bellum</strong></span> <span class='ocrx_word' id='word_1_721' title='bbox 951 5157 1052 5225; x_wconf 75' lang='lat' dir='ltr'><strong>hoc</strong></span> <span class='ocrx_word' id='word_1_722' title='bbox 1079 5157 1374 5230; x_wconf 62' lang='lat' dir='ltr'><strong>Avaricum</strong></span> <span class='ocrx_word' id='word_1_723' title='bbox 1395 5157 1706 5233; x_wconf 27' lang='lat' dir='ltr'><strong>Vad‘mur-os</strong></span> 
     </span>
    </p>
   </div>
   <div class='ocr_carea' id='block_1_101' title="bbox 127 5227 2504 5314">
    <p class='ocr_par' dir='ltr' id='par_1_101' title="bbox 127 5227 2504 5314">
     <span class='ocr_line' id='line_1_101' title="bbox 127 5227 2504 5314; baseline 0.012 -34"><span class='ocrx_word' id='word_1_724' title='bbox 127 5227 283 5314; x_wconf 70' lang='lat' dir='ltr'><strong>prbis</strong></span> <span class='ocrx_word' id='word_1_725' title='bbox 308 5227 919 5314; x_wconf 68' lang='lat' dir='ltr'><strong>constantinopnlitanre</strong></span> <span class='ocrx_word' id='word_1_726' title='bbox 947 5239 1086 5314; x_wconf 85' lang='lat' dir='ltr'><strong>l_ibro</strong></span> <span class='ocrx_word' id='word_1_727' title='bbox 1113 5227 1708 5307; x_wconf 32' lang='lat' dir='ltr'><strong>unicoiacﬂversibus</strong></span> <span class='ocrx_word' id='word_1_728' title='bbox 1807 5227 2005 5306; x_wconf 33' lang='lat' dir='ltr'><strong>Clu-istc</strong></span> <span class='ocrx_word' id='word_1_729' title='bbox 2038 5227 2504 5314; x_wconf 51' lang='lat'><strong>“13.738.37.76.</strong></span> 
     </span>
    </p>
   </div>
   <div class='ocr_carea' id='block_1_102' title="bbox 127 5301 1706 5385">
    <p class='ocr_par' dir='ltr' id='par_1_102' title="bbox 127 5301 1706 5385">
     <span class='ocr_line' id='line_1_102' title="bbox 127 5301 1706 5385; baseline 0.013 -33"><span class='ocrx_word' id='word_1_730' title='bbox 127 5301 461 5385; x_wconf 69' lang='lat' dir='ltr'><strong>hexametris</strong></span> <span class='ocrx_word' id='word_1_731' title='bbox 494 5301 1419 5385; x_wconf 32' lang='lat' dir='ltr'><strong>complexusestGeurgtl’isides,</strong></span> <span class='ocrx_word' id='word_1_732' title='bbox 1450 5301 1616 5385; x_wconf 82' lang='lat' dir='ltr'><strong>cujus</strong></span> <span class='ocrx_word' id='word_1_733' title='bbox 1639 5301 1706 5372; x_wconf 54' lang='lat' dir='ltr'><strong>li;</strong></span> 
     </span>
    </p>
   </div>
   <div class='ocr_carea' id='block_1_103' title="bbox 125 5371 1706 5444">
    <p class='ocr_par' dir='ltr' id='par_1_103' title="bbox 125 5371 1706 5444">
     <span class='ocr_line' id='line_1_103' title="bbox 125 5371 1706 5444; baseline 0.013 -19"><span class='ocrx_word' id='word_1_734' title='bbox 125 5371 238 5431; x_wconf 77' lang='lat' dir='ltr'><strong>bri,</strong></span> <span class='ocrx_word' id='word_1_735' title='bbox 269 5379 323 5424; x_wconf 92' lang='lat' dir='ltr'><strong>ut</strong></span> <span class='ocrx_word' id='word_1_736' title='bbox 351 5379 407 5425; x_wconf 89' lang='lat' dir='ltr'><strong>et</strong></span> <span class='ocrx_word' id='word_1_737' title='bbox 443 5371 712 5430; x_wconf 32' lang='lat' dir='ltr'><strong>trinm’De</strong></span> <span class='ocrx_word' id='word_1_738' title='bbox 736 5376 869 5430; x_wconf 84' lang='lat' dir='ltr'><strong>bello</strong></span> <span class='ocrx_word' id='word_1_739' title='bbox 897 5371 1121 5436; x_wconf 53' lang='lat' dir='ltr'><strong>Persici</strong></span> <span class='ocrx_word' id='word_1_740' title='bbox 1141 5383 1376 5440; x_wconf 86' lang='lat' dir='ltr'><strong>Heraclii</strong></span> <span class='ocrx_word' id='word_1_741' title='bbox 1407 5371 1706 5444; x_wconf 73' lang='lat' dir='ltr'><strong>editionem</strong></span> 
     </span>
    </p>
   </div>
   <div class='ocr_carea' id='block_1_104' title="bbox 122 5444 1709 5516">
    <p class='ocr_par' dir='ltr' id='par_1_104' title="bbox 122 5444 1709 5516">
     <span class='ocr_line' id='line_1_104' title="bbox 122 5444 1709 5516; baseline 0.011 -20"><span class='ocrx_word' id='word_1_742' title='bbox 122 5451 486 5510; x_wconf 76' lang='lat' dir='ltr'><strong>apparaverat</strong></span> <span class='ocrx_word' id='word_1_743' title='bbox 508 5444 695 5500; x_wconf 79' lang='lat' dir='ltr'><strong>Claud.</strong></span> <span class='ocrx_word' id='word_1_744' title='bbox 730 5446 1028 5516; x_wconf 80' lang='lat' dir='ltr'><strong>Maltretus,</strong></span> <span class='ocrx_word' id='word_1_745' title='bbox 1067 5454 1142 5508; x_wconf 91' lang='lat' dir='ltr'><strong>uti</strong></span> <span class='ocrx_word' id='word_1_746' title='bbox 1177 5455 1223 5508; x_wconf 89' lang='lat' dir='ltr'><strong>is</strong></span> <span class='ocrx_word' id='word_1_747' title='bbox 1261 5467 1448 5513; x_wconf 90' lang='lat' dir='ltr'><strong>monet</strong></span> <span class='ocrx_word' id='word_1_748' title='bbox 1475 5459 1529 5512; x_wconf 88' lang='lat' dir='ltr'><strong>iu</strong></span> <span class='ocrx_word' id='word_1_749' title='bbox 1562 5459 1709 5514; x_wconf 68' lang='lat' dir='ltr'><strong>Prae-</strong></span> 
     </span>
    </p>
   </div>
   <div class='ocr_carea' id='block_1_105' title="bbox 1803 5109 2492 5182">
    <p class='ocr_par' dir='ltr' id='par_1_105' title="bbox 1803 5109 2492 5182">
     <span class='ocr_line' id='line_1_105' title="bbox 1803 5109 2492 5182; baseline 0.004 -17"><span class='ocrx_word' id='word_1_750' title='bbox 1803 5109 2012 5166; x_wconf 85' lang='lat' dir='ltr'><strong>fatione</strong></span> <span class='ocrx_word' id='word_1_751' title='bbox 2040 5111 2109 5166; x_wconf 87' lang='lat' dir='ltr'><strong>ad</strong></span> <span class='ocrx_word' id='word_1_752' title='bbox 2143 5110 2492 5182; x_wconf 82' lang='lat' dir='ltr'><strong>Procopium.</strong></span> 
     </span>
    </p>
   </div>
   <div class='ocr_carea' id='block_1_106' title="bbox 1878 5181 3400 5254">
    <p class='ocr_par' dir='ltr' id='par_1_106' title="bbox 1878 5181 3400 5254">
     <span class='ocr_line' id='line_1_106' title="bbox 1878 5181 3400 5254; baseline 0.002 -20"><span class='ocrx_word' id='word_1_753' title='bbox 1878 5182 1990 5254; x_wconf 77' lang='lat'><strong>(20)</strong></span> <span class='ocrx_word' id='word_1_754' title='bbox 2038 5181 2492 5254; x_wconf 64' lang='lat' dir='ltr'><strong>__8€odoaiaxoi3</strong></span> <span class='ocrx_word' id='word_1_755' title='bbox 2578 5185 2838 5254; x_wconf 73' lang='grc' dir='ltr'>τείχους.</span> <span class='ocrx_word' id='word_1_756' title='bbox 2941 5183 3400 5252; x_wconf 75' lang='lat' dir='ltr'><strong>Constantinapol.</strong></span> 
     </span>
    </p>
   </div>
   <div class='ocr_carea' id='block_1_107' title="bbox 1878 5321 3156 5390">
    <p class='ocr_par' dir='ltr' id='par_1_107' title="bbox 1878 5321 3156 5390">
     <span class='ocr_line' id='line_1_107' title="bbox 1878 5321 3156 5390; baseline 0.002 -16"><span class='ocrx_word' id='word_1_757' title='bbox 1878 5321 1988 5388; x_wconf 67' lang='lat'><strong>(2|)</strong></span> <span class='ocrx_word' id='word_1_758' title='bbox 2033 5323 2476 5390; x_wconf 69' lang='grc' dir='ltr'>Μελαιτνάδος.</span> <span class='ocrx_word' id='word_1_759' title='bbox 2510 5322 2624 5379; x_wconf 85' lang='lat' dir='ltr'><strong>Ibid</strong></span> <span class='ocrx_word' id='word_1_760' title='bbox 2679 5336 2815 5380; x_wconf 83' lang='lat' dir='ltr'><strong>sect.</strong></span> <span class='ocrx_word' id='word_1_761' title='bbox 2858 5325 2942 5385; x_wconf 77' lang='grc'><strong>15.</strong></span> <span class='ocrx_word' id='word_1_762' title='bbox 2976 5343 3030 5380; x_wconf 89' lang='lat' dir='ltr'><strong>n.</strong></span> <span class='ocrx_word' id='word_1_763' title='bbox 3069 5327 3156 5380; x_wconf 77' lang='grc'><strong>15.</strong></span> 
     </span>
    </p>
   </div>
   <div class='ocr_carea' id='block_1_108' title="bbox 1883 5391 3399 5518">
    <p class='ocr_par' dir='ltr' id='par_1_108' title="bbox 1883 5391 3399 5518">
     <span class='ocr_line' id='line_1_108' title="bbox 1883 5391 3399 5518; baseline 0.005 -73"><span class='ocrx_word' id='word_1_764' title='bbox 1883 5391 2352 5518; x_wconf 54' lang='lat' dir='ltr'><strong>(?2)4le02!}01(3?</strong></span> <span class='ocrx_word' id='word_1_765' title='bbox 2375 5394 2566 5464; x_wconf 76' lang='grc' dir='ltr'>ἁγίων</span> <span class='ocrx_word' id='word_1_766' title='bbox 2589 5398 3010 5452; x_wconf 71' lang='grc' dir='ltr'>Μιικκαὸαίων.</span> <span class='ocrx_word' id='word_1_767' title='bbox 3043 5397 3178 5452; x_wconf 80' lang='lat' dir='ltr'><strong>Ibid.</strong></span> <span class='ocrx_word' id='word_1_768' title='bbox 3210 5397 3302 5452; x_wconf 87' lang='lat' dir='ltr'><strong>lib.</strong></span> <span class='ocrx_word' id='word_1_769' title='bbox 3324 5412 3399 5461; x_wconf 84' lang='lat' dir='ltr'><strong>Iv,</strong></span> 
     </span>
     <span class='ocr_line' id='line_1_109' title="bbox 1883 5469 2244 5518; baseline 0.006 -2"><span class='ocrx_word' id='word_1_770' title='bbox 1883 5478 1902 5516; x_wconf 71' lang='grc' dir='ltr'><strong>[ε</strong></span> <span class='ocrx_word' id='word_1_771' title='bbox 1932 5502 1944 5514; x_wconf 93' lang='grc'><em>.</em></span> <span class='ocrx_word' id='word_1_772' title='bbox 2019 5505 2032 5518; x_wconf 92' lang='grc'><strong>.</strong></span> <span class='ocrx_word' id='word_1_773' title='bbox 2076 5469 2174 5518; x_wconf 75' lang='lat' dir='ltr'><strong>n.°</strong></span> <span class='ocrx_word' id='word_1_774' title='bbox 2231 5504 2244 5518; x_wconf 93' lang='lat'><strong>.</strong></span> 
     </span>
    </p>
   </div>
   <div class='ocr_carea' id='block_1_109' title="bbox 1809 5469 2244 5528">
    <p class='ocr_par' dir='ltr' id='par_1_109' title="bbox 1809 5469 2244 5528">
     <span class='ocr_line' id='line_1_110' title="bbox 1809 5469 2244 5528; baseline 0.005 -12"><span class='ocrx_word' id='word_1_775' title='bbox 1809 5472 1944 5516; x_wconf 88' lang='lat' dir='ltr'><strong>sect.</strong></span> <span class='ocrx_word' id='word_1_776' title='bbox 1978 5469 2032 5528; x_wconf 67' lang='lat'><strong>4,</strong></span> <span class='ocrx_word' id='word_1_777' title='bbox 2076 5479 2132 5518; x_wconf 91' lang='lat' dir='ltr'><strong>n.</strong></span> <span class='ocrx_word' id='word_1_778' title='bbox 2156 5469 2244 5518; x_wconf 67' lang='lat'><strong>‘20.</strong></span> 
     </span>
    </p>
   </div>
   <div class='ocr_carea' id='block_1_110' title="bbox 1411 5612 2089 5674">
    <p class='ocr_par' dir='ltr' id='par_1_110' title="bbox 1411 5612 2089 5674">
     <span class='ocr_line' id='line_1_111' title="bbox 1411 5612 2089 5674; baseline 0.012 -7"><span class='ocrx_word' id='word_1_779' title='bbox 1411 5612 1643 5670; x_wconf 73' lang='lat' dir='ltr'><strong>VAltlAi‘.</strong></span> <span class='ocrx_word' id='word_1_780' title='bbox 1684 5615 2089 5674; x_wconf 79' lang='lat' dir='ltr'><strong>LECTIONES.</strong></span> 
     </span>
    </p>
   </div>
   <div class='ocr_carea' id='block_1_111' title="bbox 209 5735 3406 5828">
    <p class='ocr_par' dir='ltr' id='par_1_111' title="bbox 209 5735 3406 5828">
     <span class='ocr_line' id='line_1_112' title="bbox 209 5735 3406 5828; baseline 0.01 -40"><span class='ocrx_word' id='word_1_781' title='bbox 209 5737 252 5828; x_wconf 58' lang='grc' dir='ltr'><strong>¹ξ</strong></span> <span class='ocrx_word' id='word_1_782' title='bbox 281 5735 608 5828; x_wconf 37' lang='lat' dir='ltr'><strong>{afﬁgit}in</strong></span> <span class='ocrx_word' id='word_1_783' title='bbox 631 5741 790 5828; x_wconf 34' lang='lat' dir='ltr'><strong>sola;</strong></span> <span class='ocrx_word' id='word_1_784' title='bbox 862 5745 904 5774; x_wconf 80' lang='grc'>¹⁶</span> <span class='ocrx_word' id='word_1_785' title='bbox 927 5760 983 5796; x_wconf 89' lang='grc' dir='ltr'><strong>τε</strong></span> <span class='ocrx_word' id='word_1_786' title='bbox 1008 5753 1063 5797; x_wconf 87' lang='lat' dir='ltr'><strong>et</strong></span> <span class='ocrx_word' id='word_1_787' title='bbox 1096 5747 1190 5828; x_wconf 56' lang='grc' dir='ltr'>καὶ</span> <span class='ocrx_word' id='word_1_788' title='bbox 1229 5745 1469 5802; x_wconf 79' lang='grc' dir='ltr'>παλάτια</span> <span class='ocrx_word' id='word_1_789' title='bbox 1498 5764 1606 5802; x_wconf 77' lang='lat' dir='ltr'><strong>oin.</strong></span> <span class='ocrx_word' id='word_1_790' title='bbox 1642 5749 1700 5806; x_wconf 89' lang='lat' dir='ltr'><strong>P.</strong></span> <span class='ocrx_word' id='word_1_791' title='bbox 1781 5752 1823 5782; x_wconf 85' lang='grc'><strong>¹⁷</strong></span> <span class='ocrx_word' id='word_1_792' title='bbox 1855 5751 1946 5804; x_wconf 79' lang='grc' dir='ltr'>τοῦ</span> <span class='ocrx_word' id='word_1_793' title='bbox 1982 5752 2186 5824; x_wconf 71' lang='grc' dir='ltr'>ταύτης</span> <span class='ocrx_word' id='word_1_794' title='bbox 2217 5753 2276 5810; x_wconf 85' lang='lat' dir='ltr'><strong>P.</strong></span> <span class='ocrx_word' id='word_1_795' title='bbox 2358 5756 2400 5788; x_wconf 85' lang='grc'><strong>¹⁸</strong></span> <span class='ocrx_word' id='word_1_796' title='bbox 2429 5757 2647 5828; x_wconf 68' lang='grc' dir='ltr'>ἐξῆλθον</span> <span class='ocrx_word' id='word_1_797' title='bbox 2687 5759 2742 5814; x_wconf 88' lang='lat' dir='ltr'><strong>P.</strong></span> <span class='ocrx_word' id='word_1_798' title='bbox 2825 5762 2866 5792; x_wconf 85' lang='lat'>&quot;</span> <span class='ocrx_word' id='word_1_799' title='bbox 2897 5761 2989 5813; x_wconf 69' lang='grc' dir='ltr'>καὶ</span> <span class='ocrx_word' id='word_1_800' title='bbox 3013 5775 3122 5814; x_wconf 87' lang='lat' dir='ltr'><strong>om.</strong></span> <span class='ocrx_word' id='word_1_801' title='bbox 3155 5760 3220 5826; x_wconf 68' lang='lat' dir='ltr'><strong>li,</strong></span> <span class='ocrx_word' id='word_1_802' title='bbox 3247 5761 3406 5819; x_wconf 82' lang='lat' dir='ltr'><strong>uncis</strong></span> 
     </span>
    </p>
   </div>
   <div class='ocr_carea' id='block_1_112' title="bbox 129 5805 1185 5870">
    <p class='ocr_par' dir='ltr' id='par_1_112' title="bbox 129 5805 1185 5870">
     <span class='ocr_line' id='line_1_113' title="bbox 129 5805 1185 5870; baseline 0.009 -9"><span class='ocrx_word' id='word_1_803' title='bbox 129 5806 353 5861; x_wconf 87' lang='lat' dir='ltr'><strong>inclusit</strong></span> <span class='ocrx_word' id='word_1_804' title='bbox 383 5805 438 5862; x_wconf 90' lang='lat' dir='ltr'><strong>P.</strong></span> <span class='ocrx_word' id='word_1_805' title='bbox 517 5811 562 5842; x_wconf 77' lang='lat'>&quot;</span> <span class='ocrx_word' id='word_1_806' title='bbox 589 5812 695 5863; x_wconf 78' lang='grc' dir='ltr'>τῶν</span> <span class='ocrx_word' id='word_1_807' title='bbox 723 5812 952 5867; x_wconf 76' lang='lat' dir='ltr'><strong>alterum</strong></span> <span class='ocrx_word' id='word_1_808' title='bbox 983 5830 1092 5868; x_wconf 88' lang='lat' dir='ltr'><strong>om.</strong></span> <span class='ocrx_word' id='word_1_809' title='bbox 1127 5816 1185 5870; x_wconf 85' lang='lat' dir='ltr'><strong>P.</strong></span> 
     </span>
    </p>
   </div>
  </div>
