3920 6410
53 393 220 460 1009

1273 392 1710 454 CHRONICON
1762 392 2171 454 PASCHALE.

3223 386 3363 455 1010

61 505 262 569 πεζῶν
318 505 578 560 Σκλάδων
639 502 886 575 γυμνῶν,
935 503 1078 558 κατὰ
1113 504 1172 558 δέ
1213 504 1477 576 δευτέραν
1503 507 1656 574 τάξιν
1689 554 1690 557 η

1796 505 1954 561 hinas
1999 507 2143 562 intra
2189 522 2376 562 muros
2423 521 2744 578 apponere,
2801 505 3079 578 peditibus
3127 502 3368 574 quotidie

58 597 165 652 διὰ
187 597 234 630 ⁸⁸
267 595 450 662 πεζῶν
481 595 753 662 ζαὸάτων.
816 596 927 650 Καὶ
960 595 1088 667 περ)⁵
1143 596 1388 668 ἑσπέραν
1431 597 1661 668 ἔστησεν

1796 597 2002 654 nvicem
2048 599 2440 670 pugnantibus,
2472 598 2816 670 nostrisque,
2854 597 2949 654 Dei
2983 595 3326 668 providentia
3349 635 3365 660 ,

66 686 236 757 ἐλίγα
287 689 604 759 μαγγανικέι
639 689 734 742 καὶ
775 687 1019 759 χελώνας
1058 689 1167 743 ἀπὸ
1198 689 1532 760 Βραχιαλίου
1567 691 1664 744 και)⁸

1796 691 2088 758 ’ἰοιοι-ἰδυε,
2116 707 2182 748 ac
2211 693 2398 747 hostes
2423 692 2584 764 longe
2613 690 3087 763 propulsantibus.
3121 686 3371 744 Confecit

69 779 186 845 ἕως
223 780 570 851 Βραχιαλίου.
601 782 712 835 Καὶ
748 781 912 834 πάλιν
965 783 1034 853 τῇ
1067 781 1195 852 ἐξῆς
1229 781 1426 852 ἔστησε
1458 780 1665 851 πλῆθος

79 874 436 944 μαγγανικῶν
471 875 552 936 είς
587 874 650 928 τὸ
683 877 1056 945 μέρος·ἐκείνο
1083 874 1146 928 τὸ
1189 874 1498 946 πολεμηθέν
1533 875 1666 947 παρ’

72 967 250 1019 αὑτοῦ
277 965 542 1035 σύνεγγυς
568 967 838 1038 ἀλλήλων,
871 968 947 1034 ὡς
967 968 1386 1039 ἀναγκασθῆναι
1409 969 1537 1030 τοὺς
1568 967 1670 1038 τῆς

1768 793 2034 856 praeterea
2052 786 2334 842 machinas
2347 785 2722 856 jaculatorias,
2741 799 2880 856 quas
2897 792 3206 840 extrorsum
3219 779 3374 838 corio

1772 874 1938 932 texit.
1987 875 2303 932 Ediﬁcavit
2347 885 2530 932 autem
2563 876 2618 931 in
2643 887 2731 932 'eo
2780 874 2990 946 spatio,
3037 872 3186 944 quod
3227 869 3374 927 inter

1771 977 1987 1040 portam
2027 968 2334 1042 Polyandrii
2366 977 2424 1024 et
2461 977 2670 1039 portam
2711 969 2900 1024 Sancti
2929 966 3163 1023 Romani
3197 965 3373 1022 intere

71 1055 294 1118 πόλεως
336 1055 636 1126 πάμπολλα
693 1059 890 1126 στῆσαι
941 1057 1260 1128 μαγγανικὰ
1305 1057 1518 1112 ἔνδοθεν
1573 1057 1670 1111 τοῦ

1796 1071 1935 1126 acet,
1960 1078 2041 1118 xu
2077 1071 2258 1119 turres
2281 1062 2523 1118 castellis
2552 1061 2872 1127 instructas,
2906 1059 3159 1132 praealtas
3174 1066 3231 1114 et
3251 1073 3374 1129 qua

69 1146 294 1218 τείχους
309 1147 412 1218 τῆς
438 1147 619 1218 μάχης
661 1148 786 1203 καθ’
815 1151 1057 1222 ἑκάστην
1089 1149 1199 1204 τῶν
1225 1149 1408 1216 πεζῶν
1437 1165 1674 1220 συγκρο-

75 1239 372 1311 τουμένης,
409 1244 508 1292 καὶ
528 1239 642 1293 τῶν
663 1241 956 1313 ἡμετέρων
981 1242 1124 1296 κατὰ
1146 1241 1282 1295 Θεοῦ
1311 1240 1674 1312 δημιουργίαν

81 1333 156 1386 ἐκ
193 1331 286 1386 τοῦ
345 1333 767 1402 περιγεγονότος
804 1334 1226 1390 ἁποσοδούντων
1272 1333 1516 1406 μήκοθεν
1549 1335 1675 1398 τοὺς

79 1425 335 1497 ἐχθρούς.
376 1426 745 1498 Ἐκαλάμωσε
769 1427 882 1498 (51)
915 1426 974 1480 δέ
1001 1424 1168 1498 394
1220 1425 1321 1488 τὰς
1373 1423 1676 1498 πετραρίας

79 1519 258 1574 αὑτοῦ
287 1520 382 1572 καὶ
419 1517 623 1584 ἔξωθεν
654 1519 993 1590 ἐσύρσωσεν.
1029 1518 1458 1590 Παρεσκεύασεν
1505 1516 1565 1571 δὲ
1597 1519 1678 1580 είς

77 1610 152 1664 τὸ
180 1610 458 1682 διάστημα
487 1612 549 1665 τὸ
578 1611 689 1666 ἀπὸ
710 1611 811 1684 τῆς
834 1611 1202 1683 Πολυανδρίου
1231 1611 1437 1682 πόρτας
1453 1609 1559 1674 ἓως
1577 1607 1679 1680 τῆς

77 1705 294 1774 πόρτας
321 1702 416 1756 τοῦ
439 1703 598 1774 ἁγίου
643 1703 931 1775 Ῥωμανοῦ
971 1703 1083 1776 (52)
1126 1704 1320 1775 στῆναι
1362 1703 1428 1774 ιβ’
1477 1718 1679 1773 πυργο-

77 1799 421 1864 καστέλλους
463 1799 733 1872 ὑψηλοὺς,
797 1799 1104 1870 φθάνοντας
1171 1797 1360 1868 σχεδον
1411 1796 1518 1859 ἓως
1573 1795 1682 1850 τῶν

78 1893 536 1962 προμαχεώνων,
593 1893 688 1946 καὶ
736 1890 1055 1963 ἐὸύρσωσεν
1119 1887 1340 1952 αύτούς.
1410 1887 1523 1941 Καὶ
1565 1888 1684 1939 oi”
1719 1883 1760 1938 Β

1776 1153 1892 1222 ipsa
1923 1152 2037 1208 fere
2074 1152 2481 1223 propugnacula
2513 1151 2867 1222 attingerent,
2893 1164 3030 1221 quas
3057 1158 3114 1206 et
3148 1147 3378 1220 perinde

1775 1241 1925 1298 corio
1975 1230 2236 1298 munivit.
2292 1241 2400 1298 Sed
2440 1250 2498 1299 et
2553 1251 2735 1300 nautae
2773 1242 2870 1314 qui
2921 1250 3084 1298 erant
3127 1239 3184 1296 in
3216 1239 3377 1306 urbe.

1777 1334 2004 1406 egressi,
2033 1333 2246 1391 civibus
2279 1335 2525 1392 subsidio
2553 1345 2714 1392 erant
2751 1354 2764 1390 :
2797 1349 3052 1406 unusque
3087 1349 3156 1390 ex
3181 1331 3378 1388 iisdem

1778 1425 1962 1482 nautis
2003 1416 2206 1481 malum
2247 1428 2532 1483 nauticum
2576 1427 2926 1484 machinatus
2973 1435 3080 1491 est,
3124 1425 3180 1480 in
3223 1423 3380 1496 cujus

1780 1517 2096 1574 summitate
2121 1517 2451 1590 navigiolum
2482 1517 2764 1590 appendit,
2795 1534 2904 1590 quo
2927 1517 3169 1573 hostium
3200 1525 3382 1572 turres

1781 1611 2020 1668 castellis
2049 1611 2348 1667 instructas
2385 1611 2708 1668 incenderet
2739 1629 2753 1667 :
2787 1627 2951 1684 quem
2991 1609 3211 1683 quidem
3241 1623 3386 1665 nau—

1784 1712 1916 1769 tam,
1951 1705 2044 1774 qui
2085 1705 2271 1760 hostes
2305 1703 2444 1762 adeo
2473 1705 2804 1777 perculerat.
2843 1703 3174 1764 collaudavit
3201 1699 3385 1760 Bonus

1785 1798 2059 1871 gloriosus
2091 1798 2372 1871 magister.

80 1983 408 2054 εὑρεθέντες
437 1985 496 2040 δέ
524 1971 720 2040 ναῦται
751 1987 812 2038 ἐν
845 1987 914 2056 τῇ
946 1984 1100 2038 πόλει
1128 1983 1225 2060 κα).
1262 1981 1417 2036 αὐτοὶ
1455 1979 1680 2053 ἐξῆλθον
1705 1980 1788 2044 είς
1825 1981 2150 2053 συμμαχίαν
2180 1985 2295 2045 τοῖς
2349 1979 2598 2044 πολίταις
2628 1997 2644 2011 ο
2683 1980 2779 2034 καὶ
2835 1975 2915 2043 εἷς
2963 1977 3026 2044 ἐξ
3055 1975 3236 2032 αὐτῶν
3275 1971 3389 2026 τῶν

84 2080 313 2135 ναυτῶν
337 2083 726 2154 ἐμηχανήσατο
772 2081 1077 2154 καταρτίαν
1132 2080 1229 2134 καὶ
1279 2078 1590 2150 ἐκρέμασεν
1620 2078 1702 2142 είς
1755 2079 1927 2152 αὐτὴν
1975 2077 2249 2150 κάραϐον,
2291 2077 2528 2146 ὀφείλων
2582 2075 2652 2131 δι’
2698 2075 2864 2130 αὑτοῦ
2920 2071 3208 2146 ἐμπρῆσαι
3259 2069 3388 2128 τοὺς

91 2178 605 2248 πυργοκαστέλλους
657 2178 769 2232 τῶν
805 2177 1039 2249 ἐχθρῶν,
1090 2177 1274 2230 ὅντινα
1328 2171 1536 2245 ναύτην
1595 2174 2026 2248 καταπλήξαντα
2094 2176 2224 2240 τοὺς
2278 2173 2570 2246 πολεμίους
2616 2173 2676 2227 ού
2721 2170 2965 2244 μετρίως
3012 2161 3408 2236 συνεκρότησε·

93 2266 268 2332 Βόνος
301 2270 330 2322 6
361 2271 715 2341 πανεύφημος
743 2271 1068 2342 μάγιστρος.

181 2363 239 2416 '0
254 2362 308 2416 δὲ
331 2363 492 2428 αὐτὸς
510 2366 556 2398 ³ο
585 2356 974 2428 εὐκλεέστατος
996 2363 1040 2394 ³⁸
1068 2360 1180 2434 (53)
1215 2360 1516 2434 μάγιστρος
1551 2360 1692 2432 μετὰ

85 2451 154 2505 τὸ
175 2454 394 2523 ἐγγίσαι
421 2456 512 2510 τὸν
535 2457 628 2528 ἐχθ
638 2457 730 2529 ρὶν
748 2457 799 2488 "
822 2457 899 2528 τῷ
917 2456 1088 2527 τείχει
1108 2455 1170 2508 ού
1190 2454 1462 2509 διέλειπεν
1481 2454 1526 2486 ³³
1553 2470 1690 2526 προ.

84 2545 318 2615 τρέπων
341 2547 504 2602 αὑτὸν
533 2549 718 2604 λαδεῐν
740 2549 816 2621 μὴ
847 2548 1008 2620 μόνον
1035 2548 1105 2602 τὰ
1127 2547 1313 2602 πάκτα
1335 2545 1524 2612 αὑτοῦ,
1553 2545 1692 2601 ἀλλὰ

91 2636 195 2691 καὶ
246 2638 438 2712 ἕτερον
483 2641 666 2714 στίχον
721 2643 868 2716 ύπέρ
914 2642 1010 2697 τοῦ
1051 2641 1228 2696 ἐλθεῖν
1259 2641 1424 2696 αὑτὸν
1453 2641 1560 2702 ἕως
1595 2637 1690 2692 τοῦ

92 2729 332 2800 τείχους.
365 2732 478 2787 Καὶ
505 2734 566 2787 ού
596 2735 984 2806 προσεδέξατο,
1024 2734 1140 2789 ἀλλ’
1171 2734 1381 2802 ἔλεγεν,
1419 2733 1692 2788 auum-

95 2819 418 2890 χωρήσατε
480 2823 591 2892 τῆς
621 2826 856 2893 πόλεως
923 2825 1023 2881 καὶ
1075 2822 1296 2879 ἐάσατέ
1325 2823 1372 2858 ³⁸
1417 2841 1520 2893 μοι
1584 2823 1694 2891 τὰς

95 2909 480 2980 ὑποστάσεις
505 2916 694 2984 ὑμῶν,
742 2917 838 2971 καί
889 2916 1129 2972 σώσητε
1153 2917 1408 2986 ἑαυτοὺς
1440 2918 1542 2972 καὶ
1587 2919 1695 2985 τὰς

97 3003 400 3072 φαμιλίας
435 3004 627 3076 ὑμῶν.
682 3007 922 3078 Ἦγωνία
943 3008 1002 3062 δέ
1032 3009 1265 3080 χαλάσαι
1287 3009 1334 3042 ³⁸
1367 3011 1448 3073 εἰς
1489 3009 1692 3063 θάλασ-

102 3110 208 3148 σαν
237 3095 308 3150 τὰ
339 3098 386 3130 ³⁸
423 3098 712 3169 μονόξυλα,
745 3099 890 3172 ἅπερ
918 3099 1127 3172 ἤγαγεν
1185 3100 1305 3171 μεθ’
1331 3101 1547 3164 ἐαυτοῦ,
1603 3101 1698 3154 καὶ

1861 2354 2006 2412 Idem
2049 2371 2212 2427 porro
2240 2354 2712 2410 eelebratissimus
2747 2366 2870 2422 mag
2894 2359 3026 2414 ster,
3068 2347 3285 2418 quoties
3323 2349 3391 2404 ad

1787 2447 1992 2503 moenia
2043 2445 2294 2512 accessit,
2336 2459 2446 2500 non
2505 2444 2719 2500 destitit
2759 2443 2975 2498 hostem
3019 2437 3248 2506 hortari,
3280 2453 3391 2494 non

1789 2538 1968 2596 solum
2005 2546 2064 2593 ut
2092 2537 2300 2593 tributa
2327 2551 2426 2592 sua
2454 2535 2751 2606 acciperet,
2787 2532 2884 2588 sed
2929 2539 2986 2586 et
3019 2530 3124 2586 alia
3156 2544 3392 2601 quorum

1789 2643 1954 2684 causa
1977 2628 2046 2684 ad
2070 2628 2187 2699 ipsa
2215 2642 2390 2697 usque
2418 2626 2624 2682 muenia
2653 2632 2900 2680 venerat.
2927 2621 3130 2677 Verum
3161 2620 3393 2678 nihilex

1801 2719 1887 2775 his
1921 2717 2174 2782 admisit,
2207 2717 2494 2787 dixitque:
2533 2714 2669 2772 Urbe
2713 2714 2908 2777 cedite,
2945 2721 3247 2783 vestrasque
3284 2712 3394 2783 for-

1802 2819 1958 2866 tunas
1987 2810 2117 2864 mihi
2137 2809 2408 2872 dimittite,
2437 2819 2742 2879 servateque
2769 2822 2858 2861 vos
2889 2805 3050 2876 ipsos,
3075 2811 3124 2858 et
3159 2802 3394 2874 familias

1799 2911 2020 2958 vestras.
2062 2901 2380 2972 Augebatur
2438 2916 2573 2956 vero
2626 2899 2970 2971 potissimum
3016 2897 3074 2952 in
3119 2891 3391 2957 trahariis.

1799 3004 1938 3060 quas
1978 3003 2166 3044 secum
2196 2988 2472 3054 attulerat,
2506 2988 2561 3042 in
2595 3003 2745 3042 mare
2773 2986 3125 3044 demittendis
3159 3005 3173 3042 :
3208 3001 3332 3041 cum
3365 3005 3394 3039 ιιι

1803 3076 2103 3148 majoribus
2132 3076 2350 3148 scaphis
2402 3077 2782 3147 impediretur.
2823 3075 2932 3131 Sed
2954 3071 3054 3131 "eas
3093 3075 3312 3130 tandem
3339 3078 3393 3128 in

99 3185 167 3240 ού
199 3167 564 3262 συνεχωρεῖτο
605 3193 672 3246 ἐκ
699 3193 811 3246 τῶν
858 3167 1329 3266 ’σκαφοκαρέϐωψ
1367 3194 1481 3249 Καὶ
1521 3195 1690 3248 ταῦτα

1799 3186 1952 3226 mare
1977 3170 2272 3226 immittere
2301 3171 2546 3226 decrevit
2563 3185 2755 3226 versus
2781 3177 3002 3240 pontem
3029 3167 3215 3224 Sancti
3237 3167 3397 3224 Calli-

100 3275 296 3333 λοιπὸν
329 3283 743 3354 παρεσκεύασεν
769 3286 1108 3357 χαλασθῆναι
1145 3286 1290 3342 κατὰ
1317 3284 1416 3359 τὴν
1451 3277 1697 3358 γέφυραν

97 3369 200 3423 τοῦ
240 3370 401 3439 ἁγίου
436 3374 762 3430 Καλλινίκου
800 3376 914 3448 (51)
947 3377 1099 3448 μετὰ
1139 3377 1332 3450 τρίτην
1361 3377 1576 3448 ἡμέραν
1604 3375 1698 3429 τοῦ

99 3461 439 3533 πολεμῆσαι.
465 3465 564 3520 Διὰ
597 3467 756 3522 τοῦτο
783 3469 840 3522 δέ
875 3468 1291 3540 παρεσκεύασεν
1321 3470 1500 3522 ἐκεῖσε
1529 3468 1699 3539 χαλα-

101 3551 310 3623 σθῆναι
340 3557 409 3608 τὰ
432 3556 716 3626 μονόξυλα,
736 3558 813 3623 ὡς
833 3559 942 3614 τῶν
963 3559 1147 3614 τόπων
1165 3559 1482 3632 ἐπιὸρὰχων
1507 3559 1699 3623 ὄντων,

99 3647 206 3700 καὶ
236 3648 314 3718 μὴ
339 3649 653 3720 δυναμένων
682 3652 862 3706 ἐκεῖσε
888 3651 995 3706 τῶν
1012 3652 1451 3724 σκαίροκαρὰδων
1470 3668 1703 3724 παρεισ-

100 3741 312 3796 ελθεῖν.
375 3745 638 3813 Ἔμειναν
687 3745 745 3800 δέ
797 3747 847 3800 οἱ
886 3745 934 3778 "
990 3746 1402 3819 σκαφοκάραϐοι
1447 3749 1528 3810 εὶς
1581 3746 1705 3815 δψιν

109 3833 233 3887 τῶν
286 3834 594 3906 μονοξύλων
635 3839 744 3892 ἀπὸ
776 3839 871 3894 τοῦ
912 3840 1072 3910 ἁγίου
1103 3841 1374 3896 Νικολάου
1397 3841 1442 3875 ³⁸
1480 3841 1586 3907 ἕως
1608 3841 1704 3896 τοῦ

1799 3265 1930 3329 nici,
1961 3265 2145 3320 triduo
2174 3275 2476 3336 postquam
2491 3263 2658 3334 ccepit
2681 3265 2876 3318 urbem
2903 3275 3240 3333 oppugnare.
3267 3259 3396 3317 Ideo

1801 3371 1934 3412 vero
1975 3357 2146 3412 hocce
2176 3356 2297 3412 loco
2343 3356 2609 3411 trabarias
2650 3355 2942 3412 demittere
2989 3353 3041 3409 ei
3081 3353 3260 3410 visum
3287 3362 3394 3414 est.

1801 3452 1949 3524 quod
1974 3452 2092 3506 loca
2122 3451 2213 3506 illa
2243 3460 2433 3508 essent
2460 3449 2682 3512 vadosa,
2714 3458 2772 3504 et
2809 3449 2900 3504 ubi
2933 3447 3142 3520 majora
3183 3445 3399 3518 navigia

1803 3543 2066 3600 accedere
2106 3541 2333 3598 minime
2361 3548 2636 3612 poterant.
2673 3537 2992 3594 Manserunt
3017 3537 3180 3611 igitur
3207 3535 3400 3594 eadem

1803 3635 2019 3708 navigia
2080 3635 2136 3690 in
2177 3635 2537 3690 trahariarum
2596 3641 2897 3704 conspectu
2958 3632 3030 3688 ab
3083 3629 3200 3688 aede
3246 3643 3403 3687 sacra

1810 3720 1998 3778 Sancti
2032 3722 2276 3780 Cononis
2297 3731 2452 3778 trans
2487 3721 2712 3786 fretum,
2739 3737 2914 3793 usque
2941 3721 3009 3778 ad
3045 3720 3246 3786 fontes.
3278 3736 3424 3778 cunt-

1808 3813 2099 3868 transitum
2130 3811 2382 3868 trabariis
2409 3811 2786 3884 prohiberent.

99 3924 276 3995 ἁγίου
334 3927 585 3994 Κόνωνος
647 3930 762 4002 (55)
817 3929 994 4003 πέραν
1052 3934 1132 3997 εἰς
1184 3933 1374 4002 Πηγὰς
1424 3933 1573 4003 (56),
1631 3935 1708 4006 μὴ

104 4013 530 4091 συγχωροῦντες
556 4023 908 4095 παρεξελθεῖν
933 4024 1001 4079 τὰ
1033 4024 1321 4096 μονόξυλα.

185 4109 283 4180 Τῷ
314 4109 370 4164 δέ
413 4111 676 4183 Σαόὸἀτῳ
730 4117 796 4184 τῇ
853 4113 1040 4184 δείλῃ,
1072 4115 1354 4169 τουτέστιν
1385 4117 1451 4186 τῇ
1481 4115 1710 4188 δευτέρᾳ

101 4199 214 4254 τοῦ
243 4201 556 4269 Αὐγούστου
585 4205 774 4274 μηνὸς,
806 4204 1074 4279 ἐζήτησεν
1096 4208 1364 4280 ἄρχοντας
1403 4209 1430 4262 ὁ
1459 4207 1712 4276 Χαγάνος

109 4291 440 4360 ὀφείλοντας
469 4294 618 4366 αὐτῷ
647 4295 1001 4368 διαλεχθῆναι
1020 4315 1034 4330 '
1078 4299 1174 4354 καὶ
1205 4297 1270 4370 δὴ
1320 4298 1544 4369 ἐξῆλθον
1573 4298 1690 4370 πρὸ.

1814 4301 1976 4358 cavit.
2019 4299 2086 4355 Et
2124 4300 2327 4371 egressi
2369 4305 2503 4355 sunt
2537 4315 2664 4356 cum
2708 4299 2829 4370 ipso
2865 4297 3188 4354 collocuturi
3233 4295 3406 4355 Geor—

107 4383 292 4437 αύτὸν
320 4384 636 4456 Γεὼργιοςὸ
667 4389 1009 4454 ἐνδοξότατος
1037 4390 1350 4460 πατρίκιος,
1376 4391 1473 4446 καὶ
1504 4390 1690 4446 θεόδωη

1815 4394 1936 4467 gius
1977 4391 2312 4449 clarissimus
2363 4391 2648 4463 patricius,
2697 4390 3020 4447 Theodorus
3072 4388 3410 4445 clarissimus

115 4493 220 4548 ρος
250 4477 279 4530 δ
304 4473 646 4544 ἐνδοξότατος
676 4481 1114 4553 κομμερκιάριος
1140 4483 1169 4535 ὁ
1191 4481 1289 4554 τὴν
1321 4480 1499 4534 ἵσατιν
1523 4481 1590 4547 ³⁸,
1620 4484 1690 4535 κα

1818 4484 2264 4543 commerciarius
2293 4482 2462 4540 Glasti
2480 4524 2496 4548 ,
2525 4483 2850 4540 Theodorus
2878 4481 3215 4539 clarissimus
3234 4485 3409 4554 patri-

111 4567 408 4635 Θεοδόσιος
434 4573 462 4626 ὁ
493 4572 836 4637 ἐνδοξότατος
855 4574 1146 4644 πατρίκιος
1169 4573 1266 4627 καὶ
1284 4572 1598 4646 λογοθέτης,
1617 4592 1690 4628 κα

1821 4579 1940 4635 cius
1980 4585 2038 4634 et
2064 4577 2360 4650 logotheta,
2407 4574 2731 4634 Theodorus
2776 4573 3218 4646 religiosissimus
3276 4587 3409 4644 syn-

112 4660 406 4734 Θεόδωρος
425 4666 453 4718 ὁ
485 4663 900 4735 θεοφιλέστατος
942 4665 1238 4735 σύγκελλος
1264 4665 1310 4699 ⁸ο
1350 4666 1444 4721 καὶ
1484 4667 1690 4724 Ἀθανάι

1823 4672 2014 4739 cellus,
2057 4680 2114 4728 et
2151 4670 2480 4729 Athanasius
2519 4670 2854 4730 clarissimus
2882 4667 3161 4742 patricius.
3187 4665 3255 4723 Hi
3285 4681 3409 4723 cum

1881 4120 2140 4186 Sabbato,
2163 4119 2308 4176 circa
2339 4134 2648 4191 vesperam,
2671 4118 2916 4176 secundo
2936 4117 3146 4174 scilicet
3171 4116 3406 4190 Augusti

1814 4211 2018 4268 mensis
2044 4211 2152 4278 die,
2192 4209 2484 4282 Cliaganus
2515 4224 2775 4282 proceres
2807 4209 2876 4266 ad
2908 4208 3240 4280 colloquium
3271 4222 3406 4264 evo-

1469 4871 1798 4932 DUCANGII
1827 4872 2066 4931 ΝΟΤΔΕ.

205 5057 324 5127 (Si)
363 5056 776 5127 Ἐκαλάμωσε.
832 5055 1122 5127 εἰογοιίεηι
1153 5053 1278 5127 cod.
1307 5053 1690 5127 Vatjga_n.__Set

1822 5054 2081 5127 αύτὸςοκ
2106 5053 2230 5127 cod.
2258 5053 2508 5127 Yatican.
2543 5054 2634 5127 ubi
2654 5053 2778 5127 leg.
2813 5052 3227 5127 εύκλεέστατος.

121 5122 356 5188 videtur
376 5122 602 5200 legend.
622 5126 902 5196 ἐκᾶμωσε,
935 5126 987 5181 id
1011 5133 1116 5190 est,
1136 5125 1375 5194 confecit.
1403 5122 1521 5178 Vid.
1538 5123 1690 5181 Gloss

121 5200 288 5248 med.
313 5197 529 5248 Grmcit.
565 5198 622 5248 in
649 5195 996 5248 Κααώννειν.

1897 5125 2010 5196 (54)
2055 5123 2178 5193 Τὴν
2204 5123 2474 5248 τέῗυραν
2499 5123 2608 5178 τοῦ
2631 5122 2808 5194 ἁγίου
2842 5124 3234 5178 Καλλινίκου.
3263 5123 3401 5180 Ibid.

1826 5195 1923 5248 lib.
1952 5211 2028 5248 ιν.
2057 5203 2192 5248 sect.
2224 5198 2246 5247 ί
2296 5233 2312 5248 .

121 5200 288 5258 med.
313 5195 529 5253 Grtet'il.
565 5198 622 5252 in
649 5195 996 5266 Καμὼννειν.
1245 5264 1256 5266 _
1339 5263 1361 5266 _

1826 5195 1923 5251 lib.
1952 5211 2028 5266 tv,
2057 5203 2192 5266 sect.
2224 5195 2312 5266 Η.

213 5269 326 5338 (32)
366 5269 600 5336 Πόρτας
626 5267 732 5322 τοῦ
747 5263 928 5338 ᾷγΙου
965 5264 1291 5338 ῗΡωμανοῦ.
1321 5263 1690 5336 Constantium:

1900 5265 2016 5338 (βξ)
2058 5265 2172 5338 Τοῦ
2205 5265 2379 5338 ἁγίου
2400 5263 2700 5338 (exterae.
2737 5264 2869 5338 Ibid.
2896 5274 3031 5338 sect.
3068 5264 3159 5330 15,
3192 5281 3250 5320 u.
3285 5265 3342 5320 8.

125 5334 338 5415 ϐοὶ-ξεί.
378 5334 469 5415 lib.
496 5355 546 5415 ι,
577 5334 1035 5415 sect._15,‘n.
1073 5334 1087 5338 ⁷
1334 5406 1366 5415 __
1406 5405 1414 5415 η
1488 5406 1502 5415 _
1577 5406 1590 5415 _
1668 5334 1675 5336 ⁷

1900 5334 2015 5407 (56)
2051 5336 2154 5404 Είς
2183 5334 2408 5407 Πηγάς.
2441 5334 2580 5389 Ibid.
2610 5345 2744 5391 sect.
2785 5337 2868 5399 12,
2897 5351 2951 5388 u.
2986 5335 3042 5389 2.

211 5411 328 5482 (35)
382 5409 444 5462 '0
485 5408 554 5462 δὲ
592 5408 778 5473 αὐτὸς
821 5406 1282 5473 ἐκκλεέστατος.
1333 5406 1720 5478 Su'pplevimus

1439 5581 1674 5636 VARIAL
1715 5575 2120 5636 LECTIONES.

212 5711 266 5744 "
284 5709 373 5765 διὰ
418 5726 527 5764 om.
559 5707 613 5762 P.
694 5709 736 5738 ’°
762 5709 808 5761 οἱ
841 5721 950 5759 οιη.
987 5706 1048 5759 P.
1129 5707 1171 5737 ³⁸
1195 5705 1355 5763 αὐτὸς
1383 5721 1490 5758 om.
1522 5703 1586 5756 Β.
1664 5703 1706 5735 ³³
1740 5700 2130 5762 ἐκκλεέστατος
2162 5698 2225 5752 Β.
2327 5698 2371 5728 ³¹
2399 5696 2508 5752 τῶν
2542 5694 2855 5765 ἐχθρῶνιη.
2896 5692 2957 5744 ιι.
3036 5693 3079 5765 _"
3109 5693 3316 5765 διέλιπε
3351 5696 3410 5765 l‘.

132 5784 189 5818 ἰ
223 5763 608 5850 ἀναχωρῆσετε
640 5810 703 5850 5—-
745 5779 940 5850 ἐᾷισετεΔ
962 5777 1070 5850 P._
1116 5777 1160 5808 ³⁸
1193 5775 1429 5847 χαλάσας
1454 5774 1511 5829 Ρ.
1613 5775 1655 5806 ³³⁸
1691 5772 1758 5826 τὰ
1787 5789 1894 5826 om.
1934 5771 1990 5825 Ρ.
2087 5770 2130 5802 ³⁹
2157 5770 2206 5821 οί
2241 5783 2352 5822 om.
2391 5767 2429 5820 P
2545 5763 2600 5795 ³⁸³⁷
2619 5763 2885 5817 Νικολάου
2920 5793 2979 5801 ——
3023 5763 3182 5831 ἁγίου
3212 5780 3319 5820 out.
3351 5763 3430 5820 P..

135 5855 190 5890 ³⁹
237 5824 443 5906 Ἰσέτιδ
469 5824 572 5904 ίιγ.
651 5849 693 5880 ⁸⁸
730 5847 1020 5916 σύγγελλος
1041 5847 1100 5901 Ρ.
