3920 6456
427 375 566 448 1023
1550 362 1558 366 ’
1621 368 2058 436 CHRONICON
2110 371 2518 434 PASCHALE.
3567 378 3684 450 ιωι

423 501 576 550 tanta
603 493 658 546 in
684 489 791 545 illis
816 487 954 546 locis
989 501 1221 544 annonae
1263 485 1418 556 copia
1447 483 1757 548 deficiente,
1798 481 1854 536 in
1887 495 1997 534 ma-

2119 478 2405 550 πλησιάσαι
2432 483 2490 534 ὲν
2515 482 2628 546 τοῖς
2659 480 2884 556 μέρεσιν
2918 484 3148 550 ἐκείνοις
3185 485 3332 549 τοὺς
3363 487 3688 560 πρεσϐευτὰς

421 600 558 657 gnas
584 597 808 654 prorsus
854 579 1200 636 difﬁcultates
1247 578 1521 634 incidisset
1571 585 1760 631 noster
1786 574 1995 630 exerci-

2119 573 2226 634 τοὺς
2275 572 2625 642 πεμφθέντας
2669 574 2777 628 ἀπὸ
2823 576 3066 648 Σειροίου
3114 577 3212 632 τοῦ
3256 577 3559 649 βασιλέως,
3584 582 3689 637 ἀλλ’

423 685 532 730 tus.
584 675 659 728 Ex
711 689 820 744 quo
851 673 996 726 enim
1048 687 1113 726 cx
1163 671 1427 727 Siarsuris
1476 679 1652 725 castra
1703 666 1994 734 movimus,

2119 663 2182 716 ἱτι
2225 665 2290 716 ἐκ
2315 663 2409 717 τοῦ
2443 666 2618 744 μέγαν
2657 667 2901 738 χειμῶνα
2930 670 3182 736 γενέσθαι
3220 671 3335 723 οὐκ
3367 669 3692 740 ἠδυνήθησαν

423 765 634 819 scilicet
663 780 692 819 a
721 780 844 818 xxxv
871 761 1152 816 Februarii
1184 762 1402 819 mensis.
1432 775 1602 831 usque
1627 761 1694 815 ad
1723 777 1830 816 xxx
1856 759 1998 814 Mar-

2119 751 2406 822 ὣπερϐἧναι
2425 756 2495 808 τὸ
2526 756 2651 825 ὅρος
2675 756 2768 810 τοῦ
2799 759 2970 828 Ζᾶρα.
3002 760 3111 813 Καὶ
3139 761 3203 812 ὲκ
3232 758 3443 813 τούτου
3471 760 3692 833 ἔγνωμεν

422 855 483 909 tii
519 855 748 916 mensis,
771 853 995 923 ningere
1022 867 1129 906 non
1161 853 1337 907 desiit.
1366 851 1587 914 Verum,
1621 853 1732 907 Deo
1753 853 1995 922 iuvante,

2119 845 2262 912 ipsi;
2299 844 2395 897 καὶ
2426 845 2628 910 πάντες
2655 849 2704 900 οἱ
2733 847 2841 901 τῶν
2874 850 3239 921 φιλοχρίστων
3269 850 3448 922 ἡμῶν
3481 854 3694 926 ἐκστρα-

422 962 548 1002 cum
579 947 632 1000 in
656 947 1024 1001 Canzacorum
1055 945 1328 1017 regionem
1354 945 1716 1010 venissemus,
1748 962 1998 1018 magnam

2119 935 2390 1004 τευματων
2423 939 2516 991 ἐπὶ
2547 939 2608 991 τὸ
2638 939 2801 993 πλέον
2829 941 2911 994 ὅτι
2939 943 2972 1012 ἡ
3005 943 3099 995 τοῦ
3133 943 3280 996 Θεοῦ
3332 944 3597 1014 εὐμένεια
3618 962 3696 1013 και

423 1045 758 1091 commeatus
786 1036 998 1111 cepiam
1041 1036 1370 1102 invenimus,
1403 1046 1516 1090 tum
1546 1038 1851 1101 hominum,
1882 1046 1998 1092 tum

2119 1026 2376 1097 ὶγαθὸτης
2405 1029 2686 1100 ὡδήγησεν
2718 1033 2866 1102 ἡμᾶς
2899 1035 2994 1086 καὶ
3035 1034 3224 1105 ὁδηγεῖ
3279 1035 3387 1088 καὶ
3439 1036 3694 1102 διασώζει.

423 1143 686 1198 equorum
713 1147 726 1182 :
757 1130 849 1184 sed
894 1138 950 1183 et
995 1130 1050 1183 in
1085 1129 1198 1199 ipsa
1223 1127 1596 1186 Canzacorum
1632 1131 1768 1186 urbe
1793 1131 1998 1186 mansi-

422 1235 564 1282 mus,
613 1229 693 1274 sat
745 1221 940 1290 ampla,
970 1237 1200 1290 quaeque
1239 1222 1430 1277 domos
1475 1231 1558 1276 ter
1588 1223 1736 1276 mille
1762 1222 2002 1293 comple-

423 1308 610 1370 ctitur,
650 1319 761 1363 tum
795 1311 960 1364 etiam
1002 1311 1054 1364 in
1087 1311 1281 1366 vicinis
1315 1312 1466 1374 locis,
1501 1313 1574 1368 ita
1609 1321 1670 1367 ut
1696 1314 2004 1384 complures

421 1395 540 1450 dies
597 1413 706 1452 uno
755 1398 808 1452 in
866 1399 986 1454 loco
1039 1403 1237 1456 morari
1283 1403 1443 1458 nobis
1470 1404 1705 1467 licuerit,
1739 1403 2004 1476 praecpi-

425 1502 654 1556 musque
690 1489 862 1558 copiis
901 1493 1103 1546 nostris
1139 1493 1706 1562 Cltrisli'amantibus,
1741 1507 1802 1552 ut
1834 1513 2005 1568 equos

425 1593 556 1634 suos
584 1578 640 1633 in
676 1581 828 1637 urbis
867 1583 1014 1638 aedes
1048 1596 1270 1654 propter
1301 1587 1452 1642 nives
1488 1587 1808 1659 ingruentes
1833 1591 2006 1645 dedu-

2103 1116 2166 1171 Εί
2199 1117 2308 1188 γὰρ
2340 1119 2540 1190 συνέϐη
2573 1123 2718 1191 ἡμᾶς
2745 1123 2930 1191 ὀλίγας
2957 1126 3172 1194 ἡμέρας
3200 1125 3602 1198 ἐμϐραδῦναι⁸
3622 1131 3695 1182 ἐπὶ

2101 1208 2170 1262 τὰ
2210 1210 2350 1281 μέρη
2394 1213 2490 1264 τοῦ
2519 1214 2693 1284 Ζᾶρα,
2730 1214 2826 1268 καὶ
2855 1210 2959 1268 εἷθ’
2985 1213 3131 1269 οὕτω
3177 1217 3459 1284 γενέσθαι
3487 1219 3579 1272 τὸν
3601 1237 3696 1289 χει-

2107 1299 2286 1370 μῶνα,
2318 1303 2572 1358 δαπανῶν
2600 1305 2872 1380 τοσούτων
2919 1305 2994 1378 μὴ
3029 1307 3464 1378 εὑρισκομένων
3508 1312 3565 1364 ἐν
3605 1315 3696 1375 τοῖς

2103 1390 2290 1454 τόποις
2324 1392 2575 1457 ἐκείνοις,
2607 1397 2690 1456 είς
2721 1396 2969 1468 μεγάλην
3001 1396 3212 1468 βλάϐην
3244 1394 3410 1469 εἶχεν
3453 1399 3622 1453 man
3642 1404 3696 1455 τὰ

2106 1483 2475 1554 εὐτυχέστατα
2497 1487 2652 1556 ἡμῶν
2670 1489 3351 1559 ὲκστρατεύματα.Ἐξ4τε
3370 1492 3395 1524 ⁵
3419 1491 3528 1563 γὰρ
3547 1495 3694 1563 ἐκινή-

2107 1592 2284 1645 σαμεν
2315 1578 2379 1631 ὲκ
2409 1577 2504 1631 τοῦ
2533 1580 2903 1652 Σιαρσούρων,
2925 1583 3206 1636 τουτέστιν
3238 1583 3364 1638 ἀπὸ
3391 1583 3497 1652 τῆς
3526 1582 3598 1636 κδ’
3619 1584 3694 1638 τοῦ

425 1679 635 1732 cercnt.
669 1672 742 1726 ita
774 1681 834 1726 ut
862 1689 927 1728 ex
959 1676 1228 1732 militibus
1257 1678 1452 1749 singuli
1474 1694 1674 1749 equum
1705 1679 1926 1736 unicum
1951 1681 2006 1736 in

2119 1668 2474 1740 Φεϐρουαρίου
2506 1672 2695 1743 μηνὸς,
2729 1674 2890 1744 μέχρι
2919 1675 3021 1744 τῆς
3057 1674 3102 1727 λ’
3128 1674 3222 1728 τοῦ
3257 1676 3528 1745 Μαρτίου
3557 1679 3691 1746 μηνὸς

425 1760 618 1813 castris
669 1771 992 1818 servarent:
1043 1765 1290 1834 proxime
1332 1768 1477 1821 enim
1527 1769 1669 1824 banc
1716 1770 1902 1824 urbem
1943 1786 2006 1826 ea

2119 1762 2211 1814 οὐκ
2238 1761 2499 1818 ἐνέδωκεν
2537 1763 2814 1833 χιονίζειν.
2837 1765 3000 1818 Ἀλλά
3035 1765 3124 1820 διὰ
3151 1765 3250 1820 τοῦ
3283 1765 3435 1819 Θεοῦ
3481 1765 3692 1829 ἐλθόντες

427 1857 576 1905 sunt.
608 1848 952 1908 Barismanas
989 1856 1136 1910 enim
1160 1857 1310 1912 urbis
1336 1857 1728 1923 Canzacorum,
1751 1860 2008 1932 civesque

427 1937 572 1993 illius
616 1958 828 2007 omnes,
860 1953 922 1998 ut
949 1955 1190 2001 montem
1231 1948 1423 2003 Zaram
1479 1965 1577 2005 nos
1601 1966 1889 2021 superasse
1925 1955 2009 2008 in-

431 2031 708 2097 tellexere,
764 2047 1133 2104 recesserunt,
1171 2055 1237 2095 ac
1286 2030 1340 2095 iit
1393 2052 1610 2098 montes
1653 2044 1792 2097 etin
1820 2045 2010 2098 muni-

431 2119 571 2176 tiera
600 2125 820 2178 castella
859 2127 1242 2197 confugerunt.
1291 2130 1360 2186 Ut
1392 2148 1524 2187 vero
1557 2135 1694 2190 duos
1720 2135 1840 2190 illos
1865 2137 2010 2192 viros

431 2223 462 2262 a
503 2209 671 2281 Syroe
721 2212 1006 2270 Persarum
1041 2234 1164 2288 rege
1197 2220 1391 2276 missos
1426 2223 1754 2292 recepimus,
1779 2227 2011 2282 alterum

431 2314 500 2354 ex
548 2301 634 2364 iis,
671 2303 886 2360 Persam
920 2308 1145 2372 scilicet.
1175 2326 1282 2364 una
1332 2329 1453 2367 cum
1487 2315 1608 2370 aliis
1642 2317 1708 2372 ad
1741 2319 2013 2374 Barisma-

433 2407 560 2447 nem
587 2393 976 2463 Canzacormn,
1005 2402 1096 2472 qui
1127 2419 1156 2457 a
1198 2420 1264 2458 ιι,
1290 2405 1611 2464 milliaribus
1634 2411 1844 2478 aberat,
1875 2423 1931 2466 et
1957 2414 2012 2469 in

435 2486 713 2540 munitum
763 2491 1045 2546 castellum
1095 2509 1154 2549 se
1204 2496 1522 2566 recluserat,
1561 2501 1830 2569 misimus,
1872 2505 2014 2562 datis

432 2575 501 2632 ad
535 2578 940 2645 illumiitteris,
978 2586 1180 2654 quibus
1211 2590 1592 2660 mandabatur,
1626 2595 1705 2650 uti
1734 2613 1904 2666 equos
1937 2615 2016 2655 vn

435 2683 535 2748 pro
577 2671 786 2740 legatis,
815 2686 1050 2743 pararet,
1083 2695 1192 2748 quo
1230 2683 1488 2750 expedite
1529 2701 1595 2740 ac
1625 2687 1741 2743 sive
1770 2691 1880 2744 ullo
1909 2691 2014 2745 im-

433 2759 750 2827 pedimento
784 2765 852 2819 ad
893 2766 1085 2823 Siroen
1120 2787 1300 2842 regem
1333 2785 1558 2842 possent
1585 2778 1874 2846 proficisci.
1911 2781 2015 2836 Ba-

435 2849 705 2908 rismanas
736 2871 885 2918 vero,
919 2862 1259 2930 acceptisab
1290 2865 1618 2935 imperatore
1653 2871 1832 2926 missis
1869 2872 2018 2943 lega-

435 2941 528 3009 tis,
566 2947 878 3017 nostrisque
932 2954 1103 3007 sacris
1135 2955 1354 3020 litteris.
1388 2968 1444 3013 et
1479 2960 1570 3030 qui
1616 2970 1728 3015 tum
1759 2979 1884 3018 eum
1925 2941 2018 3018 illo

433 3034 682 3103 aderant,
714 3054 814 3094 nos
836 3049 891 3096 et
915 3043 1106 3100 Siroen
1139 3045 1430 3104 Persarum
1459 3068 1661 3124 regem,
1695 3071 1792 3125 per
1820 3057 2019 3112 nmltas

2109 1855 2204 1906 ἐπὶ
2234 1853 2303 1908 τὰ
2326 1855 2468 1926 μέρη
2491 1855 2582 1909 τοῦ
2615 1858 2920 1922 Κανζάκων
2948 1857 3202 1930 ηὖραμεν
3229 1859 3501 1922 δαπάνας
3528 1858 3689 1922 πολλὰς

2111 1943 2206 1997 καὶ
2229 1943 2535 2016 ἀνθρώπων
2561 1948 2657 2000 καὶ
2680 1947 2912 2016 ἀλόγων,
2945 1949 3041 2002 καὶ
3063 1951 3124 2001 ἐν
3153 1949 3303 2020 αὐτῇ
3344 1951 3416 2020 τῇ
3449 1949 3604 2002 πόλει
3621 1948 3682 2001 τό

2110 2035 2416 2098 Κανζάκων
2446 2039 2766 2108 ἐμείναμεν,
2793 2037 2976 2110 τελείᾳ
3015 2039 3153 2114 οὔσῃ
3191 2040 3298 2094 καὶ
3353 2040 3562 2111 ἐχούσῃ
3593 2041 3684 2110 περὶ

2110 2127 2238 2189 τοὺς
2263 2127 2596 2198 τρισχιλίους
2633 2128 2840 2193 οἴκους,
2875 2129 2972 2184 καὶ
3016 2133 3075 2185 ὲν
3106 2133 3224 2194 τοῖς
3276 2131 3453 2202 πέριξ
3481 2131 3690 2202 χωρίοις,

2112 2215 2253 2270 ὥστε
2283 2219 2578 2290 δυνηθῆναι
2617 2221 2650 2291 ἡ
2661 2221 2768 2290 μᾶς
2797 2222 3065 2286 τοσαύτας
3094 2223 3326 2294 ἡμέρας
3380 2227 3443 2278 ὲν
3473 2225 3551 2278 ένὶ
3574 2224 3688 2294 me

2113 2313 2434 2382 ὲπιποιῆσαι
2471 2312 2604 2382 (57)·
2641 2315 2735 2367 καὶ
2762 2314 3138 2386 ἐκελεύσαμεν
3165 2319 3290 2380 τοῖς
3334 2317 3456 2370 τῶν
3485 2317 3690 2386 cptiosz-

2116 2423 2256 2460 στων
2291 2405 2448 2476 ἡμῶν
2475 2407 2970 2478 ὲκστρατευμὰτων
3005 2409 3093 2462 ἵνα
3121 2408 3189 2462 τὰ
3216 2409 3406 2474 ἄλογα.
3441 2409 3610 2461 αὐτῶν
3629 2409 3688 2471 είς

2113 2497 2240 2560 τοὺς
2276 2497 2459 2560 οἴκους
2502 2497 2604 2566 τῆς
2660 2497 2869 2560 πόλεως
2919 2498 3122 2568 βάλωσι
3172 2499 3270 2552 διὰ
3302 2500 3402 2552 τὸν
3434 2500 3686 2568 γενόμενον

2114 2585 2360 2656 χειμῶνα
2389 2587 2484 2639 καὶ
2526 2587 2614 2640 ἵνα
2653 2586 2788 2658 πρὸς
2837 2586 2935 2641 ἕνα
2963 2589 3131 2640 ἵππον
3160 2583 3250 2651 εἷς
3283 2588 3528 2650 ἕκαστος
3546 2587 3587 2618 ¹⁰
3611 2587 3686 2640 αὐ-

2115 2679 2226 2731 τῶν
2251 2677 2350 2749 έχῃ
2373 2678 2412 2708 ¹²
2443 2679 2524 2742 είς
2553 2679 2616 2732 τὸ
2649 2678 2930 2750 ἄπληκτον
2964 2679 3126 2749 ἡμῶν
3148 2695 3163 2710 ·
3200 2680 3453 2752 πλησίον
3490 2681 3593 2748 γὰρ
3612 2678 3686 2730 σὺ·

2115 2771 2215 2840 τῆς
2246 2771 2343 2838 τῆς
2379 2769 2583 2833 πόλεώς
2609 2771 2754 2822 ἐστιν
2787 2771 2849 2822 τὺ
2881 2773 3132 2838 φωσᾶτον
3159 2771 3331 2840 ἡμῶν
3357 2787 3374 2800 ο
3409 2773 3439 2824 ὁ
3471 2771 3578 2840 γὰρ
3606 2766 3687 2820 Ba-

2121 2862 2388 2931 ρισμανᾶς
2407 2861 2450 2894 ¹²
2482 2862 2582 2930 τῆς
2612 2861 2819 2924 πόλεως
2851 2861 2946 2913 τοῦ
2978 2861 3298 2926 Κανζάκων
3331 2863 3429 2914 καὶ
3453 2861 3634 2920 πάντες
3647 2857 3683 2909 ol

2119 2956 2382 3023 κτήτορες
2435 2952 2628 3020 αὐτῆς,
2674 2953 2838 3023 ἡνίκα
2885 2951 3166 3022 ἔμαθανί³
3198 2953 3522 3022 ὑπερόῆναι
3567 2949 3686 3020 ἡμᾶς

2120 3045 2200 3106 εἰς
2227 3043 2289 3096 τὸ
2317 3043 2442 3114 ὄρος
2480 3043 2572 3096 τοῦ
2603 3045 2778 3112 Ζᾶρα,
2817 3043 3175 3114 ἀνεχώρησαν
3215 3044 3324 3096 καὶ
3361 3045 3446 3106 είς
3477 3041 3683 3112 ὀρεινοὺς

435 3124 619 3194 horas,
661 3129 855 3187 faustis
895 3137 1378 3196 acclamationibus
1425 3124 1785 3216 laudibusque
1825 3165 2014 3218 prose-

2119 3134 2295 3208 ᾇοι
2326 3135 2524 3198 τόπους
2553 3135 2810 3204 ἀπῆλθαν
2832 3135 2877 3166 ¹⁴⁵
2907 3138 2987 3198 εἰς
3035 3135 3370 3206 ὀχυρώτερα
3407 3130 3682 3188 καστέλλισ.

433 3218 546 3272 cuti
578 3229 728 3275 sunt.
763 3225 802 3276 Α
855 3224 1030 3296 legato
1079 3227 1282 3300 quippe
1333 3233 1424 3286 illo
1454 3233 1635 3302 Persa,
1684 3239 2016 3306 perduellem

433 3305 531 3364 Dei
556 3310 833 3370 Cltosroen
881 3318 1127 3386 periisse,
1163 3337 1454 3393 regemque
1487 3325 1676 3382 Siroen
1713 3331 2016 3398 proclama-

437 3409 554 3457 tum
598 3407 862 3462 certiores
897 3419 1055 3466 erant
1095 3413 1244 3469 facti.
1275 3415 1578 3488 Rescripsit
1621 3421 1818 3478 deinde
1858 3425 2019 3481 nobis

436 3489 582 3546 idem
637 3494 999 3564 Barismanas,
1026 3517 1196 3572 equos
1226 3521 1304 3570 se,
1343 3507 1485 3562 sicut
1535 3527 1566 3566 a
1601 3513 1760 3568 nobis
1793 3517 2017 3571 manda-

441 3591 556 3638 tum
597 3585 793 3656 fuerat,
846 3592 1194 3663 instruxisse,
1235 3607 1449 3654 etcum
1499 3603 1723 3660 alteram
1775 3618 2018 3664 nostram

435 3673 740 3744 iussionem
779 3687 1069 3754 acceperit,
1116 3703 1224 3757 qua
1265 3691 1562 3762 legatorum
1607 3697 1875 3752 adventus
1915 3700 2018 3756 sibi

442 3765 859 3838 significaretur,
887 3789 947 3830 se
977 3782 1378 3849 quamprimum
1418 3785 1486 3840 ad
1513 3797 1614 3841 nos
1645 3804 2016 3859 accessurum,

442 3857 704 3928 equisque
733 3863 1021 3920 confestim
1047 3869 1316 3936 adductis,
1350 3873 1524 3928 oliicia
1559 3891 1657 3931 sua
1691 3857 2021 3949 servitiaque

445 3947 630 4002 omnia
674 3953 1064 4020 prtestiturum.
1099 3959 1235 4014 Cum
1277 3963 1438 4034 igitur
1468 3965 1518 4018 iu
1551 3966 1744 4023 iisdem
1778 3971 1845 4025 ad
1873 3947 2018 4027 Gan-

445 4053 570 4094 zaca
599 4044 790 4111 positis
809 4049 1002 4104 castris
1023 4067 1272 4107 essemus
1291 4058 1486 4112 morati
1507 4075 1678 4129 usque
1692 4062 1760 4116 ad
1784 4079 1846 4119 ιιι
1868 4080 2022 4120 men-

443 4129 520 4184 sis
550 4130 750 4202 Aprilis
776 4137 940 4197 diem.
971 4141 1062 4210 qui
1095 4143 1148 4196 in
1187 4143 1522 4202 Dominicam
1553 4150 1770 4216 incidit,
1801 4155 2024 4210 advenit

443 4221 709 4282 Pbaiacus
735 4229 843 4299 regi
891 4233 934 4284 A
962 4233 1217 4301 Secretis,
1249 4237 1338 4306 qui
1370 4245 1426 4292 et
1461 4239 1680 4298 Rharna
1704 4232 2018 4316 vocabatur,

443 4313 586 4370 circa
631 4318 818 4373 horam
855 4324 1170 4392 secundum,
1206 4327 1570 4398 eamdemque
1597 4331 1853 4402 hacipsa
1887 4313 2023 4391 liora

443 4410 777 4480 excepimus,
814 4413 1008 4470 litteris
1053 4432 1083 4471 a
1134 4418 1335 4474 Cabata
1393 4421 1549 4477 Siroe
1597 4425 2024 4485 clementissimo

2135 3229 2329 3281 Ἡνίκα
2355 3227 2412 3280 δὲ
2442 3225 2745 3297 ἐδεξάμεθα
2773 3227 2903 3290 τοὺς
2931 3227 3026 3280 δύο
3051 3225 3393 3296 ἀνθρώπους
3420 3225 3544 3286 τοὺς
3573 3238 3683 3290 πεμ-

2126 3320 2360 3391 φθέντας
2389 3319 2498 3373 ἀπὸ
2527 3320 2768 3390 Σειροίου
2795 3319 2888 3373 τοῦ
2921 3319 3185 3390 βασιλέως
3213 3320 3474 3392 Περσῶν,
3499 3317 3586 3371 τὸν
3607 3314 3681 3368 ἕνα

2125 3413 2185 3478 ὲξ
2225 3411 2426 3476 αὐτῶν,
2457 3412 2737 3465 τουτέστιν
2769 3413 2860 3465 τὸν
2910 3412 3151 3482 Πέρσην,
3183 3411 3544 3475 ἀπελύσαμεν
3571 3403 3677 3478 μετὰ

2127 3505 2222 3557 καὶ
2267 3503 2471 3575 ἐτέρων
2500 3502 2804 3573 ἀνθρώπων
2851 3503 2990 3572 πρὸς
3032 3502 3124 3556 τὸν
3168 3503 3529 3574 Βαρισμανᾶν
3551 3494 3678 3549 ⁸⁸τοῦ

2126 3596 2452 3660 Κανζάκων,
2497 3596 2606 3650 ἀπὸ
2643 3601 2696 3666 μ’
2729 3594 2924 3666 μιλίων
2952 3595 3082 3649 ὄντα
3121 3595 3221 3649 καὶ
3255 3599 3338 3657 εἰς
3363 3585 3673 3648 καστέλλιν¹⁶

2125 3688 2344 3759 ὀχυρὸν,
2384 3687 2481 3742 καὶ
2527 3689 2866 3758 ἐποιήσαμεν
2912 3686 3050 3759 πρὸς
3093 3686 3258 3740 αὑτὸν
3309 3678 3674 3756 ὑπομνηστικδν

2127 3780 2217 3834 ἵνα
2242 3780 2346 3833 κᾶν
2372 3777 2416 3845 ξ’
2433 3779 2474 3811 ⁸⁷
2501 3778 2672 3848 ἄλογα
2701 3779 2845 3852 λόγῳ
2873 3777 2982 3832 τῶν
3011 3777 3368 3850 πρεσϐευτῶν
3393 3771 3671 3845 εὐτρεπίσῃι

2127 3871 2208 3932 εἰς
2233 3870 2295 3922 τδ
2325 3871 2381 3922 ἐν
2405 3867 2657 3938 συντόμῳ
2680 3868 2776 3922 καὶ
2796 3867 3208 3937 ἀνεμποδίστως
3231 3866 3490 3922 ἀπελθεῖν
3515 3860 3674 3919 αὐτοὺς

2128 3964 2266 4034 πρὸς
2296 3962 2523 4032 Σειρὸην
2547 3961 2589 3992 ¹⁸
2617 3959 2837 4030 βασιλέα
2867 3959 3116 4030 Περσῶν.
3138 3959 3250 4013 Καὶ
3271 3959 3559 4028 δεξάμενος
3574 3949 3671 4051 τοὺς

2129 4051 2477 4122 πεμφθέντας
2511 4049 2641 4120 παρ’
2665 4049 2823 4120 ἡμῶν
2845 4050 2874 4102 δ
2902 4049 3256 4120 Βαρισμανᾶς
3279 4047 3454 4102 καὶτὸ
3477 4047 3672 4098 τοιοῦτον

2129 4121 2288 4218 ἡμῶν
2317 4142 2742 4214 ὑπομνηστικὺν,
2763 4141 2855 4195 ἐπὶ
2877 4139 3076 4203 πολλὰς
3096 4139 3246 4210 ὥρας
3269 4141 3582 4210 εὐφήμησαν
3599 4125 3668 4182 καὶ

2131 4239 2278 4309 ἡμᾶς
2324 4235 2418 4290 καὶ
2463 4235 2692 4305 Σειρόην
2740 4232 2969 4304 βασιλέα
3018 4232 3247 4304 Περσῶν
3295 4231 3392 4285 καὶ
3417 4225 3568 4287 αὐτὸς
3598 4218 3670 4274 καὶ

2133 4328 2332 4389 πάντες
2359 4326 2408 4379 οί
2439 4325 2756 4396 εὑρεθέντες
2791 4319 3557 4395 ὲκεῖσε.⁹Επληροφορήθησαν
3583 4309 3666 4382 γὰρ

2131 4419 2196 4472 ὲκ
2228 4417 2322 4474 τοῦ
2357 4415 2656 4479 πεμθέντος
2685 4415 2895 4486 Πέρσου
2922 4414 3031 4468 ἀπὸ
3051 4414 3147 4467 τοῦ
3185 4408 3537 4486 πρεσσευτοῦ,
3555 4401 3666 4458 ὃτιὸ

443 4501 730 4560 Persarum
769 4523 912 4580 rege,
961 4526 1082 4580 qua:
1113 4512 1234 4582 ej'us
1263 4516 1736 4584 inaugurationem
1767 4522 2015 4576 contine-

2123 4510 2388 4580 θεομάχος
2410 4508 2660 4580 Χοσρὸης
2680 4506 2950 4570 ἀπώλετο,
2977 4509 3072 4561 καὶ
3091 4508 3174 4562 ὃτι
3197 4506 3449 4578 βασιλεὺς
3479 4501 3664 4566 Περσῶν

443 4594 596 4660 bant,
629 4597 935 4670 quibusque
987 4601 1297 4667 nobiseum,
1333 4615 1390 4658 et
1429 4620 1553 4660 cum
1603 4609 1798 4676 quovis
1842 4611 2022 4666 bomi-

445 4704 598 4754 num,
627 4707 814 4758 pacem
846 4676 1066 4748 'babere
1098 4695 1237 4750 velle
1281 4695 1639 4767 signiﬁcabat,
1683 4700 1752 4755 ab
1798 4701 1891 4756 illo
1929 4719 2024 4758 ac-

446 4782 638 4850 ceptis.
669 4781 856 4838 Visum
886 4801 1015 4856 ergo
1043 4787 1201 4842 nobis
1241 4799 1324 4843 est
1353 4790 1767 4846 clementissimi
1800 4791 2022 4849 Cabataa

449 4871 620 4927 Sirois
660 4874 960 4930 litterarum
993 4879 1268 4950 exemplar
1296 4880 1422 4939 huic
1461 4891 1660 4936 nostra:
1687 4883 1755 4938 ad
1779 4899 1876 4938 vos
1903 4885 2024 4955 jus-

448 4958 585 5014 sioni
613 4963 959 5048 subju'ngere,
995 4974 1054 5020 ut
1081 4976 1136 5022 et
1178 4967 1307 5038 quid
1339 4969 1420 5034 ad
1455 4969 1570 5023 illas
1597 4970 1796 5025 deinde
1825 4973 2022 5027 rescri-

451 5054 736 5122 pserimus.
772 5056 816 5110 A
861 5057 1092 5127 septimo
1121 5059 1282 5132 igitur
1327 5060 1536 5117 mensis
1572 5063 1771 5131 Aprilis
1814 5063 1922 5125 die,
1965 5063 2019 5118 in

2127 4603 2349 4676 Σειρόης
2385 4603 2624 4670 ἐγένετο,
2652 4601 2748 4656 καὶ
2772 4600 3116 4672 ἀντέγραψεν
3145 4601 3277 4670 ἡμῖν
3305 4601 3332 4652 ὁ
3359 4595 3510 4657 αὐτὸς
3536 4591 3662 4684 Bapt-

2129 4697 2364 4768 σμανᾶς,
2394 4696 2476 4748 δτι
2510 4695 2644 4766 πρδς
2663 4694 2733 4748 τὰ
2757 4695 2886 4765 παρ’
2915 4693 3074 4764 ἡμῶν
3099 4689 3516 4786 ὲγκελευσθέντα
3543 4679 3662 4786 siti?

2125 4789 2196 4842 τὰ
2221 4788 2394 4856 ἄλογα
2415 4786 2524 4839 τῶν
2542 4784 2894 4856 πρεσϐευτῶν
2922 4787 3074 4838 ὲνευτ
3086 4782 3229 4854 ρεπῆ
3249 4781 3409 4844 ποιεῖ,
3429 4773 3517 4829 καὶ
3535 4773 3661 4840 ἡνίκα

2127 4882 2344 4952 δέξηται
2391 4879 2654 4950 δευτέραν
2678 4876 2838 4948 ἡμῶν
2869 4876 3120 4929 κέλευσιν
3151 4871 3502 4944 περιέχουσαν
3523 4869 3658 4950 rata:

2128 4973 2314 5026 λαϐεῖν
2335 4971 2461 5034 τοὺς
2495 4968 2861 5041 πρεσϐευτὰς,
2893 4966 3032 5038 πρὸς
3061 4965 3210 5037 ἡμᾶς
3239 4961 3396 5024 αὐτὸς
3421 4957 3480 5010 δι’
3503 4953 3655 5041 ἑαυτου

2128 5067 2156 5117 ὁ
2211 5039 2827 5132 Βαρισμανᾶςιέρχεται
2882 5057 3067 5128 φέρων
3119 5054 3188 5110 τὰ
3239 5049 3457 5107 τοιαῦτα
3504 5039 3652 5102 ἄλογα,

1794 5246 2122 5304 DUCANGII
2155 5245 2384 5301 NOTA'J.

527 5371 639 5444 (57)
675 5373 1076 5446 Ἐπιποιῆσαι.
1107 5381 1307 5436 Eadem
1337 5397 1468 5438 voce
1499 5382 1640 5437 haud
1682 5383 1860 5436 minus
1892 5383 2015 5437 trita

2119 5383 2217 5435 itur
2249 5394 2465 5434 rursum
2500 5378 2658 5432 infra.

1753 5553 1985 5610 VARIA'S
2027 5550 2438 5609 LECTIONES.

563 5664 582 5692 ³
613 5666 930 5735 ὲνϐραδύναι
977 5665 1081 5721 PV.
1193 5669 1213 5699 ’
1251 5667 1356 5732 ἔξω
1385 5685 1442 5720 τε
1483 5667 1546 5732 ν,
1581 5667 1776 5734 ἔξωθεν
1813 5666 1868 5720 P.

455 5755 555 5802 νας
587 5735 668 5808 8.-
713 5734 756 5768 ’⁸
785 5738 986 5806 ἔμαθον
1019 5739 1077 5793 Ρ.
1159 5738 1201 5768 ί*
1233 5739 1473 5808 ἀπῆλθον
1503 5738 1562 5792 Ρ.
1647 5738 1687 5767 ³³
1719 5736 2062 5806 βαρισμανῆν
2095 5734 2154 5790 Ρ.

463 5809 618 5884 ροίην
645 5805 683 5860 Ρ
707 5805 838 5862 sola.

1975 5665 2017 5697 ¹⁰
2049 5665 2280 5718 ἕκαστον
2325 5659 2384 5715 Ρ.

2729 5659 2842 5731 ἔχει
2897 5659 3010 5724 VR,
3065 5659 3178 5731 ἐκεῖ
3219 5659 3284 5731 P._
3319 5639 3640 5731 ωξβριῇσὲξ

2495 5659 2682 5783 fisa};
2729 5659 2842 5731 ἔχει
2897 5659 3010 5724 VR,
3065 5659 3178 5711 ἐκεῖ
3219 5659 3284 5760 1:;
3374 5659 3636 5764 ’Ἴριῇσέξξ

2495 5730 2613 5782 Αλον
2665 5758 2704 5792 -,
2743 5731 3050 5784 καστέλλων
3079 5729 3140 5782 Il.
3312 5726 3352 5792 ζ’
3375 5723 3426 5778 Ρ·

2248 5681 2280 5716 »ν
2325 5674 2384 5715 ι’.
2496 5674 2533 5691 ἰ
2559 5674 2682 5783 sxy};

2248 5733 2288 5766 ιθ
2321 5729 2613 5784 καστέλλον
2665 5758 2704 5795 -,

3727 6205 3798 6314 ελ
