4044 6414
519 319 659 390 1165
1910 333 2116 396 PMB

2169 336 2325 397 .TIO.
3635 360 3653 424 ι
3670 359 3766 427 ηε

515 434 805 538 pellareut,
833 433 979 538 quod
1005 434 1212 538 populo
1524 428 1740 538 publice
1764 446 1821 494 et
1846 440 2024 538 palam
2046 440 2374 538 legerentur.
2410 443 2627 538 Testem
2656 450 2930 538 adhibebo
2951 452 3181 512 Paulum
3229 456 3621 529 Silentiarium,
3666 470 3764 538 qui

517 537 633 614 sua
670 521 741 577 de
775 522 1188 614 atde‘Sopbiana
1219 524 1598 614 descriptionis
1624 526 1857 614 primam
1883 535 2095 614 partem
2117 528 2171 583 in
2203 530 2354 614 regio
2373 531 2573 600 palatio
2594 548 2780 593 coram
2827 537 3139 597 Iustiniano
3168 540 3514 614 imm-mima,

513 609 641 708 dam
681 618 865 708 autem
897 609 953 664 in
985 611 1271 708 episcopio
1300 612 1776 708 col'am,li2_utychio
1802 607 2406 708 patriarcharecitavit,
2438 627 2499 673 ut
2527 634 2593 674 ex
2624 620 2819 679 iambis
2862 631 2919 678 et
2947 625 3118 680 titulis
3156 607 3431 697 poematio
3482 607 3760 708 inscriptis

516 697 577 754 fit
606 697 987 793 manifestum.
1023 698 1391 793 Quodnautcm
1417 701 1795 793 magis‘adhuc
1816 701 2070 793 Cedreno
2095 701 2257 793 {idem
2284 706 2577 762 conciliare
2605 708 2874 775 videatur,
2910 726 3030 768 mos
3058 712 3150 768 ille
3188 723 3270 770 est
3303 718 3433 773 olim
3478 722 3631 793 Cpoli
3652 697 3765 782 Ire.

515 795 707 857 ceptus
750 787 820 843 de
876 787 1239 844 acclamandis
1285 796 1551 859 perpetuo
1592 788 2036 859 imperatoribus,
2077 792 2227 858 quod
2273 807 2518 865 persaepe
2559 795 2721 855 etiam
2768 797 2936 854 ﬁebat
2987 799 3207 866 iambis,
3247 812 3309 859 ut
3342 787 3540 863 videre
3575 819 3662 866 est
3706 815 3762 867 in

515 875 875 933 Constantino
915 875 1380 949 Porphyrogenito
1419 876 1497 934 De
1555 894 1830 934 ammon.
1881 877 2022 932 aula
2056 875 2282 945 Bysant.
2313 876 2382 930 ab
2408 876 2565 935 Joan.
2594 878 2834 937 Henrico
2856 880 3083 938 Leicbio
3109 893 3167 940 et
3186 884 3344 943 Joan.
3375 886 3491 945 Jac.
3534 890 3763 957 Reiskio

515 962 891 1032 superioribus
918 966 1079 1020 annis
1114 966 1282 1023 edito.
1319 966 1395 1021 lbi
1427 967 1596 1032 enim,
1624 965 1802 1036 p..16,
1834 965 2032 1036 legitur
2068 964 2216 1034 quod
2243 964 2572 1034 imperatore
2617 980 2813 1037 magna
2853 983 3056 1039 pompa
3084 972 3420 1041 procedente
3468 976 3522 1033 in
3566 988 3762 1039 sancta

513 1058 568 1106 ot
622 1066 815 1122 magna
845 1051 1125 1108 Dominica
1169 1053 1236 1107 ad
1284 1067 1460 1118 sacra,
1506 1052 1804 1113 factionum
1835 1052 2257 1107 acclamationes
2288 1050 2444 1115 fiunt,
2475 1057 2535 1106 et
2561 1050 2785 1111 Venetae
2822 1054 3070 1111 notarius
3115 1057 3297 1120 adest,
3325 1060 3419 1125 κᾳὶ
3470 1061 3554 1114 δεῖ
3597 1061 3764 1127 ᾳὺτδν

515 1140 837 1209 περιπατεῖν
883 1138 1108 1192 ὄπισθεν
1139 1139 1251 1192 τῶν
1295 1139 1574 1192 δεσποτῶν
1607 1138 1859 1209 πλησίον,
1891 1138 1988 1190 καὶ
2033 1137 2215 1206 λέγειν
2246 1136 2372 1198 τοὺς
2422 1135 2567 1195 κατὰ
2614 1138 2786 1193 τύπον
2835 1140 3089 1211 ἰάμϐους,
3140 1144 3341 1201 deinde
3371 1146 3600 1217 ἄρχεται
3634 1151 3763 1220 ιαμ.

516 1223 687 1289 δέξειν
731 1226 761 1279 6
809 1223 907 1278 τοῦ
946 1224 1147 1297 μέρους
1195 1224 1302 1280 τῶν
1352 1225 1640 1296 Πρασίνων
1698 1226 1970 1295 μαϊστωρ.
2030 1223 2170 1280 Tum
2211 1226 2241 1279 6
2284 1222 2382 1278 τοῦ
2431 1224 2634 1295 μέρους
2685 1226 2794 1280 τῶν
2826 1226 3068 1285 Βενὲεων
3093 1230 3346 1302 poturi-ip
3374 1233 3603 1304 ἄρχεται
3636 1237 3765 1305 ιαμ-

513 1310 708 1375 σίζειν.
774 1311 952 1372 donec
1009 1314 1039 1367 6
1086 1312 1184 1366 τοῦ
1241 1312 1446 1384 μέρους
1496 1314 1607 1365 τῶν
1654 1310 1945 1383 Πρασίνων
1999 1313 2249 1381 νοτάριος
2296 1309 2529 1381 ἄρχεται
2589 1311 2685 1367 καὶ
2735 1313 2900 1377 αὐτὸς
2955 1315 3231 1384 ἰαμϐίζειν
3289 1318 3395 1382 ἕως
3457 1320 3549 1391 τοῦ
3600 1321 3763 1390 ἁγίου

514 1397 771 1468 φρέατος.
824 1397 883 1453 ld
929 1407 1113 1455 autem
1153 1399 1210 1463 in
1250 1398 1511 1454 omnibus
1538 1398 1877 1454 solemnibus
1902 1398 2122 1469 pompis
2164 1397 2289 1453 .ﬁeri
2322 1397 2545 1453 solitum
2598 1398 2806 1467 passim
2864 1401 3103 1457 ostendit
3146 1402 3294 1459 idem
3345 1404 3760 1473 Constantinus.

517 1485 671 1541 Unde
694 1486 945 1555 quamvis
968 1486 1104 1541 satis
1140 1494 1401 1557 appareat
1448 1485 1667 1543 iambos
1691 1484 1785 1556 qui
1822 1500 1855 1539 a
1883 1483 2184 1541 factionum
2214 1485 2488 1556 magistris
2532 1485 2927 1552 recitabantur,
2958 1488 3218 1559 hymnum
3241 1492 3327 1547 vel
3357 1482 3763 1554 cantiunculam

515 1571 702 1633 fuisse.
739 1588 848 1643 qua
883 1572 985 1643 ipsi
1016 1573 1247 1633 alternis
1271 1572 1488 1629 vicibus
1522 1572 1700 1629 fausta
1751 1572 2183 1642 adprecarentur
2226 1571 2560 1642 imperatori,
2612 1572 2783 1641 nihilo
2824 1580 3009 1640 tamen
3053 1577 3239 1634 minus
3278 1578 3406 1636 inde
3453 1581 3516 1637 ﬁt
3562 1585 3764 1653 proba.

513 1660 677 1716 bilius
706 1660 942 1717 Pisidam
972 1661 1174 1718 iambis
1197 1676 1230 1717 a
1265 1661 1521 1718 Cedreno
1545 1661 1783 1717 laudatis
1809 1660 2121 1717 Heraclium
2150 1662 2206 1716 in
2223 1675 2425 1732 magno
2449 1660 2654 1731 templo
2675 1672 2923 1721 orantem
2943 1662 3013 1725 de
3045 1663 3343 1736 improviso
3369 1667 3655 1731 salutasse.

583 1747 787 1806 Verum
815 1751 1197 1829 qualecunque
1216 1751 1288 1807 sit
1309 1752 1615 1823 sapientum
1639 1750 1882 1807 virorum
1917 1749 2022 1804 bac
2047 1749 2116 1804 de
2143 1764 2204 1805 re
2229 1748 2519 1818 judicium,
2541 1748 2595 1803 id
2625 1764 2790 1807 unum
2814 1764 2885 1807 ex
2916 1751 3184 1811 hactenus
3213 1755 3515 1824 pmiiissis
3541 1758 3759 1832 colligo,

512 1838 772 1905 Pisidam,
799 1840 845 1895 si
875 1848 987 1896 non
1012 1847 1074 1896 ut
1094 1856 1352 1913 magnum
1376 1840 1846 1911 scevophylacem.
1874 1847 2024 1895 certe
2053 1845 2116 1893 ut
2134 1851 2311 1892 unum
2340 1851 2410 1892 ex
2441 1836 2688 1893 diaconis
2717 1839 3224 1908 scevopbylacibus,
3256 1843 3401 1912 apud
3430 1842 3681 1916 Sergium
3707 1858 3766 1907 et

513 1928 820 1984 Heracliam
841 1929 1001 1999 plane
1032 1929 1333 2001 gratiosum
1356 1929 1639 1986 hominem
1668 1927 1963 1993 exstitisse,
1990 1933 2183 1995 utpote
2207 1924 2302 1995 qui
2324 1925 2559 1979 multum
2587 1924 2820 1995 polleret
2843 1924 3062 1996 ingenio
3088 1936 3145 1984 et
3172 1928 3447 1986 scribendi
3484 1930 3760 1993 facultate.

514 2013 622 2071 Sed
649 2030 758 2071 non
799 2016 1059 2073 audiendi
1082 2025 1213 2073 sunt
1238 2017 1464 2072 omnino
1487 2016 1581 2087 qui
1609 2030 1736 2071 eum
1771 2014 1935 2070 modo
1952 2011 2441 2084 chartophylacem
2466 2013 2629 2067 modo
2674 2010 3106 2075 referendarium
3138 2012 3365 2073 faciunt.
3402 2014 3599 2074 Suidas
3640 2019 3765 2090 qui-

511 2101 638 2159 dem
660 2102 797 2157 inv.
828 2101 1102 2174 Γεώργιος
1129 2103 1421 2158 diaconum
1441 2111 1499 2158 et
1514 2101 2014 2172 chartopbvlacem,
2042 2099 2385 2171 Nicephorus
2414 2097 2672 2155 Callistus
2699 2106 2883 2159 autem
2916 2098 3063 2161 Hist.
3093 2100 3179 2168 18,
3211 2100 3300 2167 48,
3335 2102 3762 2177 referendarium

508 2205 640 2257 eum
679 2191 937 2262 appellat.
967 2189 1207 2247 Maxima
1230 2190 1395 2246 etiam
1422 2190 1677 2247 codicum
1696 2204 1832 2245 mss.
1858 2196 1944 2245 est
1962 2187 2331 2245 inconstantia
2359 2188 2413 2244 in
2445 2187 2605 2242 titulo
2631 2194 2684 2241 et
2709 2188 2973 2259 dignitate
2994 2188 3334 2261 designanda
3376 2189 3573 2249 Pisida:
3600 2215 3611 2249 :
3636 2210 3761 2250 nam

509 2276 568 2334 in
595 2278 876 2335 codicibus
906 2279 1161 2336 biblioth.
1191 2279 1372 2352 Regitu
1396 2278 1725 2335 Parisiensis
1753 2286 1810 2334 et
1837 2278 1896 2343 in
1922 2276 2250 2348 quibusdam
2276 2275 2441 2331 etiam
2477 2273 2760 2332 Vaticanis
2782 2275 3045 2341 diaconus
3074 2278 3452 2347 tantummodo
3495 2290 3722 2338 vocatur
3747 2299 3763 2345 ;

510 2376 569 2425 et
590 2368 648 2425 in
677 2368 802 2426 cod.
833 2368 1248 2425 Vindobonensi
1269 2368 1378 2425 209
1396 2368 1548 2439 apud
1578 2368 1954 2434 Lambecium,
1985 2367 2079 2421 lib.
2108 2381 2164 2430 ν,
2188 2380 2255 2436 p.~
2282 2365 2367 2428 i9,
2395 2362 2660 2421 diaconus
2676 2371 2733 2420 et
2755 2363 3161 2425 referendarius
3183 2406 3199 2432 ,
3237 2376 3295 2423 et
3325 2368 3423 2424 lib.
3455 2386 3534 2437 vr,
3557 2385 3612 2443 p.
3636 2371 3760 2434 162,

508 2457 777 2514 diaconus
800 2466 856 2513 et
884 2458 1277 2530 cbartophylas
1302 2474 1318 2525 ;
1340 2448 1586 2526 itemque
1610 2456 1666 2510 in
1696 2454 1952 2510 biblioth.
1990 2450 2348 2508 Tauriuensis
2391 2450 2515 2507 cod.
2544 2450 2669 2516 50A,
2700 2451 3125 2523 cbartopbylax;
3153 2461 3209 2509 et
3239 2453 3296 2510 in
3322 2455 3512 2527 codice
3546 2456 3651 2513 360
3674 2474 3763 2515 re-

511 2543 856 2601 ferendarius
883 2545 1103 2613 dicitur.
1132 2542 1431 2617 Perperam
1461 2552 1645 2599 autem
1669 2540 2024 2597 doctissimus
2058 2538 2342 2595 Fabricius
2374 2537 2474 2593 lib.
2509 2554 2611 2605 vn,
2642 2553 2701 2608 p.
2732 2537 2860 2605 69!,
2885 2548 3178 2611 utrumque
3207 2541 3424 2598 titulum
3453 2546 3759 2617 conjunxit.

512 2642 569 2689 et
595 2633 887 2705 Georgium
916 2630 1165 2689 nostrum
1192 2632 1674 2703 cbartophylacem
1704 2638 1763 2685 et
1780 2626 2215 2684 referendarium
2258 2624 2596 2681 declaravit:
2622 2639 2756 2687 nam
2782 2638 3123 2697 quacunque
3154 2627 3320 2684 fuerit
3360 2630 3480 2701 ejus
3505 2631 3758 2705 dignitas,

512 2727 660 2775 certe
689 2736 797 2775 una
823 2719 988 2776 simul
1013 2720 1406 2793 chartopbylax
1437 2727 1496 2774 et
1522 2716 1932 2775 referendarius
1958 2728 2084 2771 esse
2112 2730 2225 2771 non
2257 2715 2456 2786 potuit,
2494 2714 2665 2785 quod-
2701 2714 3144 2787 cbartophylacis
3165 2724 3221 2772 et
3248 2717 3604 2776 referendarii
3649 2720 3762 2779 duo

511 2816 700 2864 essent
731 2808 961 2864 munera
981 2809 1038 2864 in
1059 2809 1287 2864 ecclesia
1318 2807 1604 2879 Cpolitana
1638 2798 1916 2869 distincta,
1947 2819 2072 2875 quae
2099 2818 2212 2859 non
2244 2816 2389 2857 unus
2420 2800 2600 2857 obiret
2622 2798 2707 2872 {p.
2731 2799 2895 2873 VIII],
2930 2802 3027 2858 sed
3055 2818 3178 2873 qua:
3206 2803 3405 2861 viritim
3431 2806 3488 2862 in
3514 2806 3625 2863 duo
3664 2824 3761 2865 ca-

509 2895 624 2966 pita
653 2896 1135 2951 distribuerentur.
1171 2893 1365 2951 Melius
1383 2893 1616 2950 Allatius
1649 2891 1970 2950 testimonio
2000 2890 2183 2948 Suidas
2215 2890 2408 2954 fretus,
2432 2887 2756 2949 etOudinus
2782 2888 3041 2957 Allatium
3067 2900 3312 2959 secutus,
3359 2892 3653 2951 diaconum
3703 2905 3761 2951 et

508 2983 986 3055 chartopbylacem
1016 2982 1313 3054 Georgium
1335 2980 1712 3037 nominarunt.
1743 2979 1816 3035 At
1844 2979 2168 3036 Guillelmus
2204 2976 2352 3033 Cave
2385 2976 2569 3033 minus
2600 2984 2853 3039 accurate
2889 2977 3168 3039 scribens.
3192 2990 3252 3034 et
3281 2979 3338 3034 in
3368 2988 3482 3037 toto
3523 2983 3758 3038 articulo

511 3070 582 3126 de
630 3068 812 3126 Pisida
860 3070 1096 3143 texendo
1146 3068 1378 3139 turpiter
1435 3067 1797 3133 allucinatus,
1844 3081 1970 3123 eum
2020 3066 2150 3122 fecit
2203 3074 2262 3121 et
2303 3065 2581 3121 rhetorem
2636 3072 2693 3118 et
2730 3065 3217 3137 cbartopbylacem
3268 3067 3478 3139 Magnae
3512 3070 3759 3129 ecclesiae

508 3158 829 3228 Cpolitanaz,
860 3157 1058 3213 deinde
1080 3155 1256 3228 etiam
1280 3154 1685 3225 metmpolitam
1716 3153 1832 3211 sive
1868 3152 2340 3223 archiepiscopum
2381 3150 2874 3207 Nicomediensem.
2925 3151 2985 3206 Si
3023 3167 3124 3225 pro
3166 3153 3387 3209 rhetore
3426 3166 3640 3225 poetam
3675 3158 3761 3214 di-

510 3225 685 3302 xisset
711 3244 973 3311 Pisidam,
1000 3225 1151 3301 nulla
1186 3250 1335 3299 esset
1369 3241 1785 3299 controversia:
1814 3249 1871 3296 at
1900 3241 2047 3296 n‘ulla
2076 3240 2198 3310 ejus
2242 3248 2462 3297 exstant
2497 3253 2667 3309 opera
2709 3238 2992 3294 rhetorum
3031 3254 3186 3296 more
3226 3241 3449 3311 scripta,
3482 3257 3588 3300 nec
3630 3245 3760 3315 quid

511 3332 690 3389 simile
733 3347 975 3402 unquam
1008 3332 1318 3387 elaborasse
1371 3329 1631 3384 traditum
1685 3337 1790 3393 est,
1845 3329 1938 3384 sed
1972 3328 2249 3384 rhetorem
2295 3337 2351 3382 et
2389 3324 2866 3395 archiepiscopum
2923 3325 3396 3383 Nicomediensem
3443 3328 3573 3385 fecit
3615 3330 3761 3389 Cave

509 3418 705 3476 eodem
734 3435 923 3476 errore
944 3420 1163 3486 ductus,
1193 3433 1303 3489 quo
1333 3425 1462 3473 ante
1502 3433 1631 3472 eum
1656 3415 1750 3473 alii
1777 3415 1993 3487 decepti
2028 3424 2176 3482 sunt,
2201 3414 2491 3486 Georgium
2512 3413 2748 3471 Pisidam
2774 3428 2899 3468 cum
2928 3411 3159 3486 Georgio
3191 3414 3592 3474 Nicomediensi
3625 3434 3760 3475 con-

512 3504 824 3575 fundentes,
860 3508 1006 3578 quod
1060 3506 1400 3562 invenissent
1433 3505 2019 3575 utrumqueplurihus
2067 3506 2125 3559 in
2171 3502 2454 3559 codicibus
2496 3511 2552 3557 et
2597 3499 2889 3574 Georgium
2947 3509 3004 3556 et
3051 3500 3524 3574 cbartophylacem
3570 3505 3762 3579 appel-

510 3596 714 3664 latum;
744 3593 992 3667 quamvis
1013 3607 1199 3658 nemo,
1233 3591 1380 3661 quod
1410 3591 1599 3657 sciam,
1626 3590 1860 3653 Pisidam
1887 3592 2164 3647 rhetorem
2190 3587 2496 3644 nominavit
2519 3596 2718 3659 preter
2750 3588 2916 3648 Cave.
2938 3587 3055 3658 qui,
3087 3597 3149 3643 ut
3174 3588 3411 3657 videtur,
3443 3590 3629 3649 fucum
3652 3594 3761 3651 sibi

511 3683 627 3739 ﬁeri
662 3690 964 3754 passus-est
988 3680 1076 3737 vel
1103 3696 1135 3736 a
1160 3680 1348 3736 codice
1371 3679 1624 3736 biblioth.
1656 3679 1880 3734 Antonii
1908 3679 2108 3751 Augusn

2163 3678 2219 3745 Ii,
2250 3679 2307 3733 in
2341 3693 2453 3748 quo
2468 3676 2648 3733 oratio
2671 3678 2754 3741 si;
2774 3678 2835 3731 τὸ
2859 3676 3227 3747 Εἱστήκεισαν
3249 3679 3400 3752 παρὰ
3430 3680 3509 3751 τῷ
3544 3684 3760 3756 σταυρῷ

514 3770 610 3824 τοῦ
639 3770 840 3840 Ἰησοῦ,
876 3767 1225 3839 subGeorgii
1256 3767 1495 3823 rhetoris
1520 3767 1763 3838 episcopi
1791 3766 2124 3824 Nicomediae
2150 3765 2374 3825 nomine
2400 3764 2700 3835 legebatur,
2730 3764 2816 3819 vel
2841 3779 2892 3827 _a
2930 3764 3211 3825 codicibus
3248 3766 3762 3837 Vindobonensibus

514 3859 657 3928 apud
698 3857 1071 3923 Lambecium,
1103 3857 1198 3913 lib.
1221 3873 1276 3922 v,
1300 3871 1356 3926 p.
1391 3853 1495 3911 tu
1522 3862 1582 3908 et
1607 3855 1736 3919 277,
1762 3863 1818 3910 et
1844 3854 1942 3909 lib.
1973 3868 2091 3919 vm,
2118 3867 2174 3921 p.
2201 3851 2329 3917 222,
2354 3851 2409 3911 in
2434 3851 2638 3921 quibus
2660 3851 2917 3908 omnibus
2942 3852 3032 3907 illa
3062 3854 3254 3909 eadem
3277 3857 3455 3912 oratio
3477 3858 3630 3914 venit
3657 3861 3761 3917 sub

510 3947 735 4001 nomine
790 3946 829 3998 Γ
831 3944 1064 4016 αωργίου
1111 3941 1549 4015 ἁρχιεπισκόπου
1588 3941 1958 4013 Νικομηδειας
1983 3939 2107 3995 τοῦι

2163 3940 2362 4012 ῇτορος.
2406 3934 2548 4005 Cum
2573 3946 2756 3997 autem
2785 3952 2852 4011 ex
2876 3938 3094 3995 duobus
3143 3939 3392 4012 Georgiis
3438 3959 3608 4000 unum
3642 3943 3760 4018 ipso

513 4035 703 4090 facere
726 4034 897 4092 semel
929 4032 1228 4099 statuisset,
1256 4031 1492 4087 rhetoris
1533 4029 1750 4086 titulum
1779 4027 2180 4089 Nicomedieusi
2230 4026 2496 4083 tributum
2517 4026 2587 4089 ad
2612 4024 2853 4091 Pisidam
2880 4025 3180 4089 transferre
3216 4027 3443 4087 minime
3469 4031 3756 4090 dubitavit.

509 4122 780 4177 Caeterum
810 4120 995 4175 multa:
1026 4128 1156 4174 sunt
1178 4127 1322 4175 nota:
1344 4118 1553 4188 quibus
1583 4117 1639 4171 hi
1656 4117 1766 4174 duo
1786 4116 2004 4188 Georgii
2037 4117 2260 4172 interse
2286 4114 2446 4173 facile
2466 4114 2876 4187 distinguantur
2901 4133 2914 4169 :
2938 4130 3064 4171 nam
3090 4114 3294 4183 Pisida,
3328 4127 3387 4175 ut
3412 4120 3618 4188 dictum
3650 4133 3755 4186 est,

511 4211 614 4265 sub
643 4208 890 4263 Heraclio
919 4207 1135 4262 vivebat
1154 4221 1220 4262 ac
1249 4205 1350 4261 fuit
1381 4206 1648 4261 diaconus
1679 4213 1735 4260 et
1758 4203 2131 4275 scevophylax
2168 4210 2225 4257 et
2270 4210 2453 4272 poeta,
2498 4202 2936 4260 Nicomediensis
2966 4212 3172 4269 autem,
3221 4220 3287 4261 ex
3317 4221 3427 4277 quo
3456 4216 3671 4273 temere
3703 4222 3761 4267 et

512 4295 803 4352 Lambecio
840 4294 1191 4361 reclamante,
1234 4291 1330 4347 lib.
1382 4309 1421 4357 ι,
1470 4308 1525 4361 p.
1575 4291 1695 4355 l35,
1733 4301 1791 4347 et
1822 4290 1916 4347 lib.
1955 4307 2028 4358 ιν,
2054 4306 2110 4361 p.
2152 4290 2214 4347 2t
2263 4289 2636 4355 Nicomediam
2684 4292 2976 4361 quemdam
3023 4292 3275 4349 conﬂavit
3316 4293 3649 4363 Possevinus
3703 4301 3757 4352 in

509 4384 827 4454 Appendice
860 4381 1163 4451 Apparatus
1182 4379 1349 4444 sacri,
1388 4387 1640 4449 tempore
1665 4377 1841 4433 Photii
1871 4377 2075 4445 ﬂoruit,
2109 4395 2179 4436 ex
2220 4380 2443 4439 rhetore
2472 4390 2531 4437 et
2557 4380 2850 4447 monacho,
2884 4380 2930 4437 si
2988 4380 3124 4438 ﬁdes
3175 4382 3486 4441 adhibenda
3528 4395 3615 4442 est
3660 4402 3756 4442 co-

508 4471 689 4525 dicum
723 4468 891 4523 titulis
917 4468 987 4522 ab
1021 4465 1217 4521 Allatio
1257 4465 1314 4520 in
1355 4464 1546 4520 eadem
1578 4463 1811 4519 diatriba
1835 4463 1918 4519 De
1950 4463 2188 4537 Georgii:
2210 4466 2413 4532 relatis,
2452 4465 2903 4539 archiepiscopus
2942 4466 3275 4525 Nicomedia:
3312 4480 3502 4545 postea
3556 4472 3752 4529 factas,

507 4555 869 4613 Combefisias
891 4555 1136 4611 omnium
1169 4553 1379 4622 primus
1404 4550 1625 4607 videtur
1648 4551 1915 4622 deceptus
1936 4551 2174 4613 in_recte
2203 4553 2588 4626 dignoscendis
2616 4554 2833 4621 duobus
2868 4554 3017 4619 hisce
3049 4554 3294 4628 Georgiis
3329 4574 3341 4609 :
3378 4558 3477 4627 sed
3508 4574 3755 4617 errorem

508 4644 597 4698 ille
630 4658 788 4701 suum
818 4641 1039 4713 agnovit
1076 4656 1141 4695 ac
1154 4641 1348 4705 fassus
1378 4646 1463 4695 est
1491 4637 1547 4693 in
1578 4637 1719 4693 Bibl.
1751 4640 2073 4703 concionat.,
2100 4640 2156 4697 in
2184 4655 2292 4711 qua
2319 4655 2602 4697 sermones
2633 4638 2853 4712 Georgii
2898 4640 3354 4707 Nicomediensis.
3391 4660 3528 4716 quos
3570 4647 3756 4711 Greco

507 4741 563 4788 et
601 4732 815 4796 Latine,
851 4741 984 4786 tom.
1018 4730 1035 4783 Ι
1076 4729 1321 4783 Auctarii
1364 4727 1486 4782 novi
1515 4726 1759 4792 dederat,
1792 4728 2082 4799 plerosque
2107 4744 2178 4784 ex
2206 4730 2552 4799 interpolata,
2586 4729 2879 4799 nonnullos
2907 4730 3070 4787 etiam
3097 4745 3161 4785 ex
3191 4746 3334 4789 nova
3360 4748 3462 4790 sua
3500 4736 3756 4799 verum“,

510 4820 728 4874 exhibet
752 4826 965 4873 tantum
989 4814 1202 4871 Latine.
1231 4813 1340 4870 Sed
1362 4830 1438 4868 ne
1458 4812 1879 4882 quid,intactum
1908 4814 2010 4883 hac
2034 4815 2089 4875 in
2112 4830 2174 4872 re
2209 4816 2516 4875 deﬁnienda
2540 4816 2947 4887 relinquamus,
2991 4817 3202 4887 juvabit
3236 4820 3430 4876 audire
3475 4822 3753 4897 Allatium,

506 4906 599 4977 qui
632 4905 701 4961 de
729 4904 962 4975 Georgio
986 4910 1179 4958 nostro
1204 4902 1455 4957 scribens
1496 4901 1723 4957 disertis
1764 4902 1945 4957 verbis
1977 4902 2094 4958 ait:
2128 4902 2218 4965 An
2261 4914 2438 4976 postea
2491 4906 2550 4961 in
2590 4905 2952 4976 episcopatum
2984 4904 3436 4967 Nicomediemem
3480 4922 3756 4987 promotus

389 4981 397 4988 ’
503 4994 643 5047 idem
669 5011 785 5048 cum
817 4991 1035 5063 Georgio
1073 4990 1461 5045 Nioomediemi
1492 4990 1671 5061 fuerit,
1702 4989 1796 5044 cui
1823 4989 1999 5060 plures
2044 5006 2141 5046 nec
2177 4992 2514 5053 illaudatues
2548 4993 2818 5057 arationes
2860 4993 3199 5065 patientiae
3239 4981 3565 5063 tribuuntur,
3617 5016 3756 5073 quas

503 5082 735 5136 Allatius
762 5081 959 5135 ibidem
983 5080 1051 5135 de
1069 5078 1300 5149 Georgio
1330 5076 1735 5133 Nicomediensi
1754 5092 1925 5148 agens
1939 5090 2248 5143 enumerat,
2277 5081 2334 5137 in
2352 5080 2679 5144 datiuum
2703 5080 2965 5141 immerito
2984 5081 3116 5145 uerti
3136 5083 3352 5154 poterit.
3379 5083 3557 5141 Alium
3578 5095 3754 5149 tamen

501 5171 641 5225 Imm:
666 5187 699 5223 a
726 5170 946 5241 Georgio
984 5166 1390 5231 Nicomodiemi,
1422 5167 1513 5236 qui
1545 5166 1865 5235 temporibus
1889 5165 2071 5221 Plautii
2093 5166 2287 5223 Photio
2311 5168 2419 5237 ipsi
2441 5184 2660 5240 operam
2685 5177 2915 5249 uuam
2940 5185 3102 5236 mm
3147 5169 3205 5225 is
3232 5170 3505 5239 Piraum
3533 5177 3753 5246 synodo.

502 5274 765 5312 armorum
794 5258 910 5328 ipsa
940 5257 1115 5325 spatia
1143 5256 1352 5309 abunde
1368 5252 1597 5324 probant
1620 5268 1640 5308 :
1669 5271 1704 5308 α
1734 5251 1921 5326 Sergio
1957 5255 2098 5319 enim
2120 5255 2450 5326 patriarcha,
2481 5256 2568 5310 cui
2596 5253 2785 5311 Pisida
2820 5253 3185 5311 ﬂanimea
3210 5272 3339 5326 opus
3366 5258 3654 5333 inscripsit,
3683 5263 3756 5327 ad

502 5346 768 5402 Pltotiana
795 5347 1182 5415 tcmparaanm'
1204 5344 1416 5399 ducenti
1437 5353 1489 5399 et
1517 5344 1908 5416 quinquaginta
1938 5341 2068 5412 plus
2113 5343 2291 5399 minus
2314 5340 2662 5407 intercedunt.
2721 5339 2786 5407 Si
2841 5340 3259 5409 Mconcdionsis
3311 5345 3580 5425 episcopus
3626 5347 3750 5427 fuit,

503 5435 641 5488 alius
659 5450 781 5506 ergo
806 5434 873 5488 ab
902 5436 998 5489 hoc
1018 5435 1232 5489 omnino
1261 5434 1379 5488 erit.
1408 5434 1479 5487 Et
1509 5432 1671 5505 fuisse
1696 5432 2015 5502 episcopum,
2050 5430 2145 5488 illo
2172 5431 2496 5502 {oneum
2519 5427 2662 5489 male
2695 5430 2914 5509 antisti
2952 5446 3231 5504 possumus
3264 5447 3283 5486 :
3327 5448 3454 5487 nam
3495 5433 3667 5490 oratio
3698 5435 3753 5499 in

502 5522 658 5576 verba
689 5523 911 5578 Joannis
950 5541 969 5575 ι
997 5520 1219 5579 Stabant
1248 5521 1411 5591 juxta
1433 5536 1642 5576 crucem
1675 5519 1802 5577 lens
1828 5529 2000 5581 mater
2024 5518 2171 5576 illius
2187 5527 2239 5574 et
2263 5531 2416 5577 soror
2444 5518 2662 5586 metris,
2694 5536 2716 5570 ι
2744 5518 2901 5591 cujus
2931 5518 3142 5583 initiatus
3162 5529 3236 5587 est
3259 5519 3395 5592 πρὸς
3417 5520 3756 5593 ὑψηλοτάτην

502 5610 791 5681 περιωπήν
810 5612 947 5681 ρήμίν
965 5611 994 5662 6
1022 5609 1201 5677 λόγος,
1224 5610 1285 5663 in
1317 5625 1441 5664 mu.
1492 5608 1757 5669 codicibus
1786 5605 2014 5679 Georgio
2041 5606 2099 5667 Νι

2159 5607 2431 5671 MM
2457 5607 2715 5677 ascripta,
2780 5607 2840 5663 in
2856 5607 3035 5675 mdia
3056 5607 3168 5667 alio
3198 5625 3299 5671 ista.
3328 5625 3483 5679 quam
3526 5609 3639 5664 Chii
3676 5611 3756 5664 oi-

370 5728 386 5743 ~
503 5698 626 5752 dare
665 5698 907 5769 contigit,
931 5700 985 5751 in
1014 5715 1118 5769 quo
1148 5696 1330 5751 eadem
1352 5697 1526 5751 oratio
1551 5696 1718 5767 fatim
1744 5710 1811 5751 ac
1843 5693 2009 5752 multo
2036 5693 2264 5766 amplior
2280 5692 2498 5768 legitur,
2529 5695 2731 5759 Pisidis
2767 5712 3050 5770 regionum
3094 5695 3315 5769 Georgio
3367 5692 3760 5752 Nieomdirtrsi

504 5789 750 5860 cdjuugit
778 5804 796 5841 :
833 5789 908 5842 sic
941 5788 1079 5842 enim
1129 5788 1342 5858 legitur,
1404 5785 1678 5857 Γεωργιου
1708 5782 2101 5857 μητροπολίταυ

2159 5782 2507 5861 “mundata;
2526 5784 2618 5841 τοῦ
2642 5783 2895 5852 Πισσιδη·
2925 5784 3261 5857 «scriptoris
3291 5783 3519 5856 lapsum,
3544 5788 3627 5839 cui
3653 5785 3756 5841 ista
