4044 6418
416 329 554 402 1167
1632 333 1777 392 JOS.
1818 332 2010 390 nam

2066 331 2081 390 i
2116 326 2432 402 QUERCII
3535 331 3663 402 1160

414 459 518 500 non
541 440 860 514 placuerint,
895 442 950 493 in
995 440 1170 494 codice
1207 446 1316 494 esse
1361 436 1439 510 [p.
1467 437 1580 508 lli],
1619 446 1666 489 et
1701 436 1958 505 puerilem
2011 437 2368 502 oscitantiant,
2414 436 2596 506 qualia
2645 437 2816 491 multa
2867 439 2922 491 in
2963 437 3131 514 titulis
3167 439 3504 512 prazﬁgendis
3551 443 3666 512 ﬁeri

413 539 618 594 amant,
653 529 922 600 fatebitur.
961 526 1079 580 Non
1097 535 1281 580 contra
1312 528 1426 588 ibo;
1468 526 1574 577 imo
1608 523 1817 593 lapsum
1845 523 2088 576 concedo.
2136 524 2448 586 Πισσιδειας
2485 539 2733 594 namque,
2783 540 2899 578 cunt
2939 525 2998 579 in
3044 526 3355 596 exemplari,
3386 536 3445 581 ut
3487 530 3668 584 verisi-

412 621 695 677 millimnm
731 627 825 682 est,
859 617 1137 688 legeretur,
1172 618 1227 669 in
1250 614 1510 668 Pissidem
1535 613 1604 666 ad
1629 628 1800 682 pauca
1825 613 2056 666 intentus
2077 613 2369 682 exscriptor
2397 611 2793 664 transmutavit.
2817 609 3162 683 Diversusque
3189 623 3264 667 est
3287 615 3448 672 etiam
3473 616 3541 670 ab
3561 617 3668 672 alio

411 707 635 778 Georgio
671 703 884 758 Pisidiae
911 703 1170 771 episcopo,
1215 701 1365 770 cujus
1411 701 1720 753 memoriam
1766 699 2067 754 Grecorum
2109 699 2236 770 fasti
2281 699 2366 752 die
2413 699 2481 755 19
2531 699 2729 768 Aprilis
2775 697 3059 765 celebrant,
3105 702 3249 771 fastu
3287 719 3356 755 ac
3393 705 3668 773 tyrannide

410 793 874 847 Ironontacltormn
909 799 1161 859 martyre,
1203 805 1318 842 cum
1359 789 1440 841 hic
1457 787 1747 841 Antiochia:
1785 786 2007 840 Pissidet

2070 803 2074 818 ι
2093 786 2251 857 fuerit
2284 786 2504 840 antistes
2529 802 2547 839 :
2593 781 2762 848 Οὗτος
2793 787 2823 838 ὁ
2859 786 3012 855 ἃγιος
3055 789 3150 840 ἐπὶ
3199 787 3314 864 τῷν
3361 789 3570 860 χρόνων
3601 786 3667 861 ἦν

407 879 519 933 τῶν
566 878 962 948 εἰκονομάχων,
1013 879 1078 930 ἐκ
1117 872 1350 946 βρέφους
1384 875 1462 943 τῷ
1501 875 1620 944 Θεῷ
1661 870 2102 943 ἀνατεθειμένος,
2153 870 2252 924 καὶ
2303 868 2394 923 διὰ.
2435 870 2536 940 τὴν
2588 869 3038 942 ὑπερϐάλλουσαν
3085 872 3251 926 αὐτοῦ
3301 874 3505 944 ἀρετὴν
3552 874 3663 928 ἐπὶ·

411 979 615 1026 σκοποῖ
651 965 1036 1040 χειροτοκζεῖται
1069 961 1399 1030 Ἀντιοχείας
1427 961 1526 1030 τῆς
1574 960 1907 1022 umidam;
1949 957 2008 1012 In

2070 973 2098 1010 e
2129 965 2307 1009 tamen
2335 955 2703 1016 obscurissima
2735 971 2840 1010 non
2864 957 3064 1012 diutius
3090 959 3486 1016 maturandum
3537 959 3667 1014 mihi

411 1065 522 1104 esse
553 1065 754 1104 censeo.
790 1050 866 1103 Ita
893 1049 1162 1110 Allatius;
1205 1049 1300 1118 qui
1335 1063 1442 1117 qua
1468 1047 1536 1101 de
1555 1061 1716 1100 causa
1749 1061 1862 1099 rem
1891 1045 2183 1099 obscuram
2216 1051 2396 1104 vocet,
2425 1057 2588 1112 quam
2627 1042 2750 1114 ipse
2798 1044 2935 1099 adeo
2985 1044 3294 1101 luculenter
3335 1046 3665 1118 explanavit,

411 1141 621 1206 ignoro.
657 1135 813 1190 Patet
834 1134 980 1188 enim
1014 1131 1306 1204 Georgium
1345 1132 1583 1186 Pisidam
1619 1147 1648 1186 a
1675 1129 2078 1186 Nicomediensi
2107 1145 2229 1185 esse
2263 1130 2562 1194 diversum,
2609 1139 2666 1184 et
2699 1147 2802 1201 pro
2837 1145 2948 1186 uno
2979 1135 3012 1186 a
3047 1133 3376 1202 quibusdam
3421 1144 3666 1192 tantum-

409 1225 574 1279 modo
596 1225 772 1278 doctis
805 1223 932 1276 viris
955 1222 1125 1276 fuisse
1151 1221 1637 1290 acceptum,.quod
1665 1228 1894 1287 uterque
1924 1220 1978 1272 in
1999 1217 2282 1273 codicibus
2303 1225 2359 1271 et
2384 1215 2653 1288 Georgius
2703 1225 2759 1272 et
2809 1218 3204 1290 cbartophylax
3251 1219 3664 1276 inscriberetur.

407 1311 477 1365 At
503 1325 604 1364 nos
632 1310 743 1380 jam
773 1311 1012 1370 tandem,
1045 1324 1115 1361 ne
1150 1307 1256 1362 ulla
1296 1308 1533 1377 amplius
1561 1307 1846 1362 dubitandi
1869 1305 1940 1359 sit
1958 1304 2195 1369 occasio,
2239 1303 2683 1374 chartopbylacis
2731 1304 2950 1360 titulum
2997 1306 3234 1377 Georgio
3265 1305 3667 1363 Nicotnediensi

408 1398 802 1466 relinquamus,
834 1394 1128 1465 Georgium
1153 1401 1336 1448 autem
1363 1393 1601 1448 Pisidam
1641 1393 2084 1464 scev0phylacem
2114 1390 2483 1455 nominamus,
2509 1392 2835 1448 auctoritate
2875 1392 2998 1448 freti
3030 1393 3236 1450 codicis
3269 1394 3535 1456 Vaticani,
3559 1411 3666 1466 quo

407 1485 570 1554 plane
596 1484 650 1537 in
680 1491 759 1536 tot
790 1481 1141 1548 bibliothecis
1165 1497 1276 1538 non
1307 1489 1486 1534 exstat
1507 1480 1647 1534 alter
1676 1480 1762 1534 vel
1793 1479 2074 1550 antiquius
2106 1478 2195 1532 vel
2219 1478 2446 1533 nitidius
2475 1481 2730 1548 scriptus,
2766 1491 2826 1535 ut
2873 1479 3020 1534 inira
3067 1481 3172 1536 erit
3215 1481 3531 1536 dicendum.
3566 1482 3664 1536 Mi-

405 1575 557 1628 nime
581 1582 762 1626 autem
799 1570 962 1638 hujus
997 1569 1202 1623 codicis
1230 1568 1640 1634 auctoritatem,
1676 1583 1840 1638 quam
1879 1583 1982 1622 nos
2024 1567 2361 1638 sequendam
2391 1568 2664 1634 ducimus,
2719 1569 2903 1626 Suida:
2951 1579 3009 1626 et
3045 1569 3339 1640 Nicephori
3374 1573 3666 1630 labefactat

406 1659 726 1718 auctoritas,
758 1657 851 1726 qui
875 1656 1168 1727 Georgium
1195 1657 1278 1711 vel
1306 1655 1787 1726 chartophylacem
1819 1656 1905 1712 vel
1933 1653 2366 1710 referendariutn
2391 1657 2646 1712 dixerunt
2677 1674 2848 1713 :-nam
2891 1657 3078 1714 Suidze
3121 1660 3297 1716 lexico
3338 1661 3494 1732 plura
3542 1678 3664 1719 esse

405 1747 587 1802 addita
619 1760 650 1798 a
678 1742 1076 1799 recentioribus
1101 1740 1306 1796 Graecis
1329 1750 1540 1796 certum
1567 1751 1673 1807 est,
1701 1741 2043 1811 Nicephorus
2071 1752 2254 1800 autem
2289 1743 2426 1799 adeo
2459 1745 2801 1816 negligenter
2827 1745 3066 1816 loquitur
3091 1747 3160 1803 de
3187 1747 3368 1803 Pisida
3395 1750 3564 1820 (quod
3597 1765 3664 1805 ex

404 1851 458 1890 ν.
491 1832 597 1888 555
627 1831 814 1886 Poem.
845 1838 1028 1883 contra
1063 1825 1316 1884 Seuerum
1350 1836 1408 1882 et
1425 1843 1501 1882 ex
1533 1825 1846 1898 Fragment.
1879 1829 2082 1895 v.-184,
2107 1827 2278 1902 patet)
2305 1841 2363 1886 ut
2389 1831 2714 1901 neutiquam
2749 1832 3001 1888 videatur
3025 1835 3415 1892 attendendus.

471 1919 676 1974 Verum
704 1933 828 1973 cum
860 1917 1070 1970 nullum
1097 1923 1270 1970 exstet
1295 1913 1578 1984 antiquius
1611 1917 1677 1968 tle
1707 1914 1902 1969 Pisidae
1930 1915 2150 1986 scriptis
2177 1916 2550 1972 testimonium
2578 1932 2744 1988 quam
2777 1919 2924 1988 quod
2963 1919 3042 1992 in_
3065 1921 3259 1976 eodem
3298 1920 3468 1978 Suida
3509 1924 3661 1980 inve-

405 2008 577 2072 nitur,
605 2005 890 2076 praestabit
925 2005 1032 2060 hoc
1059 2004 1239 2072 ipsum
1274 2003 1575 2073 legentium
1603 2001 1777 2057 oculis
1806 2003 2005 2057 sistere
2035 2013 2092 2058 et
2115 2003 2280 2073 paulo
2316 2007 2580 2063 attentius
2613 2005 2965 2062 considerare
2997 2009 3298 2077 :,quamvis
3331 2011 3482 2065 enim
3521 2011 3664 2072 Alia,-

407 2095 537 2162 tius,
571 2094 838 2150 Kusterus
877 2101 932 2147 et
981 2089 1265 2147 Fabricius
1315 2089 1528 2160 singula
1577 2090 1741 2144 verba
1765 2089 1945 2145 Suida:
1986 2089 2218 2146 multum
2242 2102 2497 2146 accurate
2524 2092 2938 2162 perpenderint,
2967 2095 3230 2151 nonnulla
3269 2103 3451 2152 tamen
3485 2097 3664 2163 adhuc

403 2191 685 2247 observari
714 2190 875 2245 nobis
917 2188 1220 2258 continget.
1256 2185 1429 2241 Verba
1463 2186 1578 2240 haec
1615 2195 1744 2240 sunt
1775 2199 1788 2236 :
1832 2185 2000 2258 ream

2058 2203 2104 2250 ις
2135 2186 2386 2250 διάκονος
2425 2189 2525 2255 τῆς
2567 2188 2812 2260 μεγάλης
2837 2189 3135 2260 ἐκκλησίας
3157 2191 3254 2245 καὶ
3287 2192 3655 2266 χαρτοφύλαξ,

405 2279 464 2332 τὸ
489 2275 723 2346 ἐπίκλην
761 2275 1010 2344 Πισῐδης,
1059 2272 1365 2344 ἐξαήμερον
1396 2271 1702 2342 δι’ἱάμὸων
1755 2272 1836 2333 si;
1877 2270 1984 2342 ἔπη
2031 2271 2327 2343 τρισχίλια,
2375 2273 2454 2336 εἰς
2498 2273 2825 2344 Ἡράκλειον
2863 2276 2958 2330 τὸν
3011 2276 3256 2346 βασιλέα,
3305 2279 3400 2332 καὶ
3446 2281 3528 2343 ei;
3566 2281 3657 2336 τὸν

402 2365 548 2420 κατὰ
577 2362 806 2434 Περσῶν
835 2361 1094 2431 πόλεμον,
1121 2359 1201 2412 ἔτι
1234 2375 1295 2412 τε
1321 2357 1592 2430 Ἀὄαρικὰ
1624 2373 1638 2388 ’
1675 2357 2054 2429 καταλογάδην
2079 2356 2357 2430 ἐγκώμιον
2375 2359 2456 2422 si;
2485 2359 2578 2412 τὸν
2622 2361 2877 2433 μάρτυρα
2915 2362 3290 2418 ’Δναστάσιον.
3328 2365 3497 2436 igitur
3543 2381 3662 2436 qua

401 2462 545 2508 teste
574 2451 741 2505 Suida
771 2448 992 2519 scripsit
1047 2456 1237 2502 noster
1287 2446 1574 2517 Georgius,
1619 2446 1736 2501 haec
1781 2453 1912 2502 sunt
1957 2465 1972 2500 :
2035 2447 2084 2501 1.
2119 2445 2502 2516 Hexaemeron,
2537 2449 2591 2507 2.
2625 2451 2682 2503 in
2723 2449 3050 2515 Heracliam,
3073 2452 3125 2506 ὅ.
3159 2451 3238 2505 De
3265 2452 3398 2506 bello
3430 2452 3654 2516 Persico,

401 2540 454 2593 4.
485 2539 730 2603 Αὺαήεα,
746 2546 801 2591 et
819 2535 870 2590 5.
891 2533 1205 2589 Encomium
1218 2533 1486 2588 Anastasii
1501 2535 1757 2604 martyris
1774 2549 1792 2588 :
1809 2546 1974 2604 atque
1993 2533 1998 2584 ἐ

2061 2534 2148 2604 qui
2159 2534 2278 2588 dem
2289 2549 2403 2590 non
2415 2537 2548 2591 satis
2571 2547 2720 2592 recte
2739 2537 3026 2594 definitum
3043 2551 3167 2594 esta
3181 2540 3349 2595 Suida
3368 2558 3380 2594 ;
3403 2542 3507 2596 alia
3519 2543 3657 2598 enim

400 2628 646 2698 ejusdem
675 2624 914 2681 auctoris
940 2623 1201 2695 opuscula
1219 2623 1376 2678 nobis
1393 2622 1641 2677 invenire
1661 2621 1905 2694 contigit,
1931 2638 2053 2693 qua:
2079 2643 2108 2680 a
2133 2628 2299 2682 Suida
2321 2645 2428 2683 non
2442 2637 2832 2698 memorantur,
2859 2631 3102 2702 velquod
3121 2608 3311 2688 eorum
3329 2631 3446 2704 ipse
3459 2632 3659 2690 nullam

399 2718 657 2775 habuerit
670 2715 937 2778 notitiam,
959 2715 1038 2770 vel
1057 2714 1288 2784 quod,ut
1302 2721 1480 2767 tamen
1497 2713 1677 2768 minus
1695 2729 1822 2767 vero
1837 2727 1961 2769 esse
1974 2716 2151 2772 simile
2166 2720 2324 2775 nobis
2341 2721 2572 2786 videtur,
2589 2735 2656 2777 ea
2671 2737 2794 2778 esse
2815 2713 3212 2779 contemnenda
3227 2721 3517 2795 putaverit.
3526 2725 3658 2780 Aci.

405 2811 482 2864 De
498 2807 842 2871 licxaemero,
873 2803 1018 2875 quod
1047 2803 1512 2874 aﬂirmatlongnm
1523 2801 1691 2856 fuisse
1708 2817 1922 2872 poema,
1937 2807 2080 2872 quod
2099 2807 2271 2862 tribus
2283 2808 2434 2863 mille
2451 2811 2678 2865 senariis
2691 2819 2986 2876 conStaret,
3009 2811 3314 2868 dubitarem
3331 2813 3577 2876 omnino,
3591 2827 3658 2868 an

399 2898 455 2951 id
483 2911 719 2966 unquam
749 2909 940 2950 verum
967 2907 1092 2948 esse
1114 2893 1376 2962 potuerit,
1409 2907 1532 2946 cum
1572 2890 1772 2944 nullibi
1791 2899 2049 2962 appareat
2081 2891 2452 2949 Hexaemeron
2485 2910 2604 2952 esse
2641 2897 2914 2961 mutilum,
2938 2907 2993 2952 et
3021 2913 3087 2952 ex
3109 2899 3362 2954 omnibus
3383 2899 3660 2955 codicibu:

402 2985 689 3054 diligenter
723 2981 967 3040 excussis
991 2987 1154 3050 atque
1184 2977 1421 3034 evolutis
1462 2977 1547 3031 vix
1600 2978 1710 3034 duo
1739 2978 1906 3032 millia
1938 2977 2243 3034 iamborum
2273 2982 2430 3035 nobis
2457 2983 2709 3054 colligere
2736 2983 2973 3038 licuerit.
3005 2983 3188 3051 Quare
3223 2993 3305 3044 tot
3331 3001 3530 3044 versus
3577 2987 3659 3042 in-

405 3073 686 3129 tercidisse
709 3071 1036 3142 persuadere
1066 3069 1198 3123 mihi
1223 3083 1332 3122 non
1361 3077 1624 3137 poteram,
1651 3081 1721 3121 ac
1741 3067 1922 3137 potius
1951 3067 2209 3122 mendmn
2237 3068 2290 3121 iu
2309 3068 2490 3125 Suidae
2520 3079 2724 3124 textum
2758 3070 3044 3141 irrepsisse
3068 3085 3284 3127 mecum
3307 3072 3424 3143 ipse
3457 3075 3659 3146 cogita-

403 3149 550 3228 bam,
581 3169 640 3214 ut
671 3175 773 3230 pro
805 3151 1084 3229 τρισχίλια
1113 3153 1193 3228 [ῃ.
1224 3153 1302 3227 Χ]
1335 3153 1624 3225 legendum
1647 3161 1794 3208 esset
1827 3153 2000 3225 δισχίλ

2056 3171 2085 3208 ι.
2122 3154 2344 3224 Verum,
2383 3159 2428 3212 si
2489 3157 2666 3228 placet
2716 3159 2984 3228 quosdam
3035 3160 3199 3215 etiam
3249 3162 3555 3218 versiculos
3596 3179 3653 3218 ex

402 3249 508 3304 hoc
549 3255 796 3318 poemate
826 3244 1042 3299 avnlsos
1071 3241 1392 3306 desiderari,
1424 3257 1531 3295 non
1561 3241 1772 3314 negabo
1799 3258 1814 3294 :
1849 3257 1976 3296 cum
2007 3243 2158 3296 enim"
2191 3252 2364 3298 totum
2404 3254 2618 3300 constet
2649 3247 2834 3302 multis
2863 3248 3016 3318 quasi
3051 3231 3334 3320 particulis
3379 3259 3439 3305 et
3487 3267 3652 3306 mem-

403 3336 537 3399 bris,
576 3333 653 3388 nil
679 3332 842 3402 plane
868 3329 1080 3385 facilius
1109 3343 1271 3400 quam
1307 3336 1367 3382 ut
1396 3327 1793 3398 exscriptorum
1831 3327 2042 3382 incuria
2067 3345 2176 3386 una
2210 3333 2291 3387 vel
2319 3333 2488 3387 altera
2521 3334 2752 3404 perierit
2781 3344 2837 3390 et
2861 3335 3134 3390 ellluxcrit
3168 3353 3234 3391 ex
3288 3336 3394 3392 illis
3451 3339 3654 3394 descri-

403 3423 704 3496 ptionibus,
731 3436 868 3491 quas
900 3419 969 3476 de
994 3419 1242 3491 "lapidum
1287 3417 1705 3488 plantarumque
1725 3426 1780 3471 et
1823 3417 2140 3472 animalium
2175 3419 2527 3488 qualitatibus
2553 3420 2782 3475 fortasse
2819 3411 3114 3478 exhibebat
3143 3431 3356 3478 auctor.
3391 3425 3447 3479 Id
3477 3433 3656 3478 autem

400 3513 620 3569 codices
643 3511 746 3583 ipsi
769 3509 1100 3566 confirmare
1127 3509 1402 3571 videntur,
1433 3507 1488 3562 in
1523 3507 1723 3578 quibus
1751 3507 2028 3570 omnibus,
2065 3506 2108 3561 si
2137 3523 2306 3563 unum
2336 3507 2662 3563 Vaticanum
2701 3508 2838 3564 1126
2879 3511 3138 3580 excipias,
3189 3525 3479 3580 perperam
3522 3513 3621 3569 seri

405 3613 580 3672 ptum,
615 3597 1008 3670 interpolatum
1049 3611 1115 3651 ac
1151 3595 1406 3650 mutilum
1445 3593 1818 3648 Hexaemeron
1857 3593 2260 3664 deprehendes.
2307 3593 2359 3648 Ξ.
2412 3594 2476 3648 In
2520 3594 3020 3666 Ileraclmm'imp.,
3050 3613 3172 3674 quae
3205 3597 3404 3656 Suidas
3433 3600 3651 3654 testatur

403 3667 686 3762 scripsisse
700 3667 955 3752 Pisidam,
976 3692 1106 3742 sunt
1126 3685 1285 3756 plane
1304 3698 1556 3740 acroases
1573 3690 1703 3749 tres,
1726 3697 1846 3752 quae
1859 3681 2040 3737 statim
2052 3679 2117 3732 in
2136 3678 2402 3748 principio
2420 3679 2647 3750 hujusce
2665 3681 2794 3734 torni
2812 3689 3102 3736 occurrent
3117 3667 3220 3746 sub
3234 3683 3338 3737 hoc
3355 3684 3513 3737 titulo
3531 3702 3544 3736 ε
3566 3684 3652 3746 Ei;

403 3784 503 3852 τὴν
552 3779 696 3834 κατὰ
739 3775 967 3848 Περσῶν
1015 3773 1381 3847 ,ἐκστρατείαν
1417 3771 1744 3844 Ἡρακλείου
1769 3769 1864 3823 τοῦ
1891 3769 1996 3840 βασ

2057 3766 2176 3830 ἕως.
2221 3765 2336 3820 Hoc
2363 3782 2501 3837 opus
2527 3781 2633 3820 una
2663 3781 2788 3821 cum
2821 3767 2964 3834 aliis,
2996 3777 3118 3838 qua!
3141 3767 3408 3839 deinceps
3431 3785 3461 3824 a
3495 3770 3654 3824 Suila

293 3895 310 3908 τ
406 3869 715 3932 laudantur,
757 3863 1102 3919 intercidisse
1133 3861 1378 3916 omnium
1412 3859 1622 3931 primus
1651 3857 1951 3913 arbitratus
1980 3863 2067 3910 est
2091 3853 2372 3914 Kusterus.
2405 3869 2470 3908 ac
2500 3863 2623 3924 post
2647 3865 2771 3908 eum
2795 3853 2962 3920 Cave,
2997 3855 3092 3925 qui
3127 3856 3292 3910 etiam
3325 3857 3393 3912 de
3419 3871 3522 3912 suo
3555 3872 3654 3912 no-

405 3957 488 4012 bis
517 3953 759 4011 obtrudit
785 3965 1035 4008 acroases
1061 3951 1129 4006 de
1159 3949 1408 4005 Heraclio
1438 3955 1664 4020 agentes
1693 3941 1996 3998 Historiam
2023 3958 2201 3997 rerum
2231 3941 2298 3994 ab
2331 3940 2577 3998 Heraclio
2599 3950 2865 4012 gestarum
2893 3951 2942 3996 et
2974 3943 3100 3996 belli
3128 3941 3332 3996 Persici
3352 3943 3651 3998 continere.

405 4044 622 4099 Utinam
651 4039 933 4096 historiam
962 4037 1144 4109 potius
1191 4053 1354 4107 quam
1383 4034 1604 4106 jejunus
1644 4031 1947 4097 versiculos
1981 4027 2295 4098 scripsisset
2323 4026 2524 4091 Pisida,
2557 4043 2623 4083 ex
2654 4028 2853 4098 quibus
2882 4045 3028 4099 srepe
3067 4029 3314 4090 divinare
3359 4030 3452 4085 vis
3483 4030 3656 4094 possis

402 4130 532 4202 quid
564 4128 679 4200 ipse
699 4126 916 4182 sentiat.
947 4123 1197 4180 Oudinus
1227 4123 1412 4178 omnia
1443 4120 1638 4176 Pisidae
1677 4132 1842 4187 opera
1877 4132 1908 4170 a
1953 4115 2122 4170 Suida
2183 4122 2498 4202 memorata,
2519 4121 2738 4170 exstare
2788 4115 2844 4170 in
2905 4115 3237 4172 bibliotheca
3292 4117 3552 4172 Vaticana
3591 4133 3656 4172 ex

404 4214 635 4272 iialtreti
672 4211 992 4284 praefatione
1022 4212 1078 4266 ir.
1103 4210 1434 4280 Procopium
1467 4207 1758 4270 didicerat,
1791 4204 1886 4258 sed
1914 4203 2030 4272 ipse
2053 4216 2271 4272 quoque
2292 4217 2424 4256 cum
2471 4201 2616 4257 Cave
2647 4202 2987 4258 in‘errorem
3040 4204 3313 4260 adductus
3362 4204 3653 4261 Historiam

401 4309 464 4358 de
499 4303 652 4358 rebus
690 4300 928 4356 Heraclii
961 4299 1120 4353 nobis
1157 4296 1443 4367 reliquisse
1467 4291 1706 4348 Pisidam
1731 4289 2084 4345 existimavit.
2117 4289 2268 4355 inde,
2300 4297 2360 4344 ut
2384 4290 2582 4356 sentio,
2617 4305 2807 4345 eorum
2839 4297 2996 4346 ortus
3018 4300 3103 4349 eSt
3145 4307 3320 4358 error,
3347 4293 3494 4368 quod
3528 4301 3653 4347 ante

401 4393 708 4448 Maltrctum
734 4404 802 4446 ex
821 4388 1006 4444 Snidu:
1041 4395 1189 4442 textu
1221 4397 1332 4438 non
1367 4385 1500 4437 satis
1532 4379 1790 4449 liqueret,
1826 4389 1950 4446 quae
1983 4385 2168 4432 noster
2205 4377 2470 4448 Georgius
2501 4385 2678 4442 metro
2694 4377 2915 4432 astricta
2949 4385 3006 4432 et
3038 4394 3159 4448 qua:
3193 4381 3378 4435 soluta
3409 4377 3651 4454 oratione

345 4456 352 4463 .
399 4478 602 4554 scripta
633 4479 868 4551 posteris
903 4475 1239 4540 tradidisset,
1272 4479 1338 4527 ut
1371 4482 1496 4525 mox
1535 4468 1805 4524 dicemus.
1847 4467 1906 4554 5.
1942 4465 2024 4524 De,
2048 4466 2182 4554 bello
2214 4465 2428 4554 Persico
2456 4467 2602 4554 quod
2635 4465 2786 4554 addit
2816 4465 3013 4554 Suidas
3056 4467 3349 4554 scripsisse
3395 4466 3646 4554 Pisidam,

397 4571 466 4625 ad
495 4553 738 4642 geminas
775 4580 1029 4632 acroases
1055 4560 1402 4616 referendum
1418 4557 1523 4616 est.
1553 4566 1690 4626 quas
1721 4553 1912 4624 grandi
1945 4569 2009 4608 ac
2037 4553 2200 4609 nimis
2231 4553 2447 4624 turgido
2478 4553 2827 4606 lla-acliados
2859 4553 3018 4608 titulo
3061 4553 3352 4642 insignitas
3399 4553 3502 4610 sub
3539 4569 3648 4608 nu-

397 4640 558 4712 mero
589 4672 622 4707 v
651 4667 878 4725 cperam
909 4649 1104 4706 Pisidae
1129 4649 1225 4702 hic
1253 4644 1522 4700 invenies.
1571 4641 1802 4706 Allatius
1832 4640 2202 4695 Heracliadem
2229 4656 2398 4696 unum
2429 4655 2550 4696 esse
2577 4655 2862 4710 opus-cum
2902 4641 3184 4710 superiore
3204 4656 3488 4711 perperam
3522 4655 3647 4694 cen-

398 4745 542 4807 suit;
579 4752 636 4797 et
663 4741 822 4813 plane
847 4733 1045 4794 mirum
1080 4735 1296 4790 videtur
1335 4740 1548 4786 tantum
1581 4731 1758 4784 virum
1789 4728 1965 4798 decipi
2011 4730 2276 4800 potuisse,
2307 4730 2400 4800 qui
2433 4729 2512 4784 De
2543 4729 2780 4798 Georgiis
2809 4738 2995 4800 ageret
3021 4743 3084 4783 ex
3119 4729 3390 4799 professo,
3441 4727 3536 4797 qui
3586 4727 3652 4782 de

399 4833 578 4887 Pisida
605 4840 714 4885 tam
750 4829 954 4885 diserte
985 4823 1226 4895 scripsit,
1265 4819 1358 4890 qui
1385 4817 1732 4873 bibliotheca:
1767 4815 2043 4874 Vaticana:
2069 4818 2172 4872 fuit
2200 4819 2492 4888 prtel'ectus
2520 4817 2903 4871 meritissimus
2929 4831 2992 4870 ac
3017 4816 3150 4870 nulli
3177 4815 3343 4886 plane
3383 4814 3652 4870 secundus
3720 4833 3727 4838 τ

399 4919 488 4991 qui
523 4917 766 4984 tandem,
794 4915 938 4986 quod
982 4912 1067 4966 vel
1097 4908 1394 4964 maximum
1423 4914 1527 4968 est,
1563 4906 1902 4976 prmfecturte
1933 4902 2097 4973 hujus
2139 4915 2369 4991 munere
2407 4911 2517 4957 tam
2572 4900 2918 4991 laudabiliter
2949 4898 3180 4991 functus
3361 4908 3486 4991 post
3527 4898 3651 4991 ιιοιτ

399 4986 656 5069 stcnium,
689 5019 719 5058 a
751 5017 860 5073 quo
891 5000 1173 5054 illaltretus
1204 4994 1378 5064 ipsius
1414 4991 1606 5047 I‘isidzc
1631 4992 1890 5062 opuscula
1926 5003 2230 5062 acceperat.
2268 4989 2471 5046 Verum
2501 4989 2728 5044 omnino
2765 4987 3059 5043 dicendum
3099 4995 3183 5042 est
3227 4987 3510 5046 Allatium,
3559 4986 3648 5055 qui

398 5108 589 5149 omnes
619 5094 740 5162 ejus
768 5089 935 5145 biblio
961 5087 1112 5142 hecat-
1145 5084 1430 5138 thesauros
1463 5080 1836 5151 investigarat,
1869 5081 2017 5136 hunc
2047 5090 2252 5144 tamen,
2285 5079 2473 5132 nescio
2498 5091 2608 5148 quo
2654 5091 2804 5138 casu,
2857 5076 3078 5162 latuisse
3125 5075 3396 5162 codicem,
3439 5091 3502 5130 ex
3545 5088 3652 5144 quo

395 5186 631 5260 primum
655 5161 973 5238 llolsmnius
1001 5193 1063 5232 ac
1089 5189 1190 5229 nos
1227 5172 1428 5226 deinde
1457 5171 1670 5241 Georgii
1711 5171 1914 5242 scripta
1943 5169 2389 5239 deprompsimus
2417 5182 2432 5220 :
2473 5179 2656 5235 neque
2683 5164 2840 5260 enim
2872 5161 3026 5218 ullibi
3058 5161 3207 5260 illius
3253 5162 3460 5260 codicis
3498 5177 3652 5218 men-

395 5255 602 5334 lionem
643 5276 789 5332 facit.
834 5273 888 5328 4.
915 5271 1005 5326 Ad
1041 5267 1270 5323 Αὕτη-ἔστι
1315 5266 1457 5336 quod
1492 5275 1700 5335 spectat
1726 5281 1756 5320 a
1789 5266 1958 5320 Suida
1989 5271 2184 5333 quarto
2215 5262 2333 5316 loco
2365 5259 2604 5322 laudata,
2639 5272 2669 5312 a
2711 5257 2867 5312 nobis
2903 5265 3087 5310 autem
3117 5255 3171 5310 in
3207 5256 3449 5310 secundo
3481 5271 3638 5326 repo-

393 5367 520 5434 sita,
550 5373 758 5420 certum
789 5371 875 5417 est
902 5372 1058 5428 atque
1085 5371 1149 5410 ac
1175 5355 1279 5408 alia
1313 5353 1432 5416 tria,
1469 5341 1534 5406 dc
1575 5352 1774 5422 quibus
1802 5353 2034 5423 egimus,
2069 5367 2236 5424 opera
2269 5353 2465 5407 iambis
2493 5351 2694 5420 scripta
2723 5364 2868 5404 esse.
2908 5348 3013 5415 Qui
3041 5349 3184 5404 enim
3223 5364 3349 5404 cum
3400 5350 3545 5404 Cave
3593 5355 3649 5406 et

393 5459 751 5514 l'nrlinohaec
782 5453 962 5507 onmia
1015 5461 1174 5521 prosa
1225 5444 1482 5500 eliudissc
1524 5436 1760 5499 Pisidam
1795 5450 2079 5515 putarunt,
2125 5440 2354 5494 omnino
2403 5437 2520 5491 falsi
2573 5445 2723 5497 sunt,
2781 5438 2928 5504 quod
2983 5435 3037 5488 in
3087 5434 3272 5489 Suidae
3315 5434 3648 5489 cditionibus

393 5547 668 5620 prioribus
703 5555 964 5598 excusem
1001 5537 1264 5608 legissent
1311 5533 1404 5586 -ἕτι
1437 5533 1792 5620 τῖ’Λϐαρικᾶι
1841 5533 1990 5586 κατεῖ

2049 5529 2241 5598 vasa».
2285 5526 2392 5580 Sed
2450 5540 2637 5578 vocem
2699 5521 3076 5590 καταλογάδην
3105 5522 3173 5576 ad
3216 5523 3500 5591 sequentia
3527 5535 3645 5578 esse

395 5611 735 5690 referendam
765 5629 1001 5700 primum
1035 5629 1184 5678 recte
1205 5620 1439 5690 coniecit
1469 5617 1736 5676 Kusterus
1774 5636 1840 5674 ex
1871 5619 2331 5683 ms.-Parisicn5i,
2369 5633 2435 5700 ac
2479 5616 2684 5672 deinde
2703 5631 2750 5700 7a
2782 5615 3030 5670 Maltreto
3055 5614 3282 5669 edoctus
3306 5611 3646 5700 conﬁrmavit

395 5725 707 5789 Fabricius;
759 5680 928 5793 quare
983 5725 1166 5770 textus
1227 5709 1321 5766 ille
1375 5721 1600 5781 prorsus
1649 5709 1721 5768 ita
1765 5719 1852 5766 est
1905 5711 1992 5766 inti

2044 5680 2375 5780 'ptmgcmltts
2403 5680 2544 5759 ;⁸ιετι
2597 5719 2657 5756 τε
2701 5699 2990 5772 ’Λόαρικάη
3045 5700 3438 5773 Καταλογάόην
3473 5698 3641 5770 ἐγκώ-

399 5833 541 5890 μιον,
589 5824 694 5872 etc.
745 5813 878 5868 Nam
926 5801 1070 5882 quod
1115 5820 1218 5876 pro
1251 5801 1450 5874 quinto
1488 5817 1654 5875 opere
1709 5801 1903 5860 Pisidae
1938 5817 2146 5874 propon
2176 5811 2194 5856 t
2223 5799 2439 5862 Suidas,
2498 5795 2805 5858 [ducentium
2859 5793 3128 5848 Anastasii
3187 5796 3461 5864 martyris,
3523 5805 3642 5866 vctc
