4044 6430
457 291 481 362 1
497 293 597 359 I73
1874 287 2288 352 ΡΒιΕΕΑΤΙθ.
3592 286 3730 352 11Ἱὲ

453 405 557 460 bus
584 419 823 476 agemus.
847 401 1032 472 Neque.
1060 400 1206 456 enim
1251 400 1598 458 excusandus
1629 398 1876 465 Allatius,
1909 400 2002 471 qui
2030 401 2220 456 eodem
2257 400 2311 454 in
2341 401 2462 455 Ioco
2491 401 2788 456 editionem
2823 399 3146 458 πριιιιδοτί
3182 417 3212 456 a
3242 399 3498 456 Brunollo
3525 416 3728 470 procu-

455 505 628 551 ratam
657 493 842 549 Romae
867 492 1057 548 statuit
1081 507 1205 548 esse
1235 493 1568 566 anteriorem
1595 489 1822 547 editioni
1869 507 1966 561 per
1993 491 2297 558 Morellium
2337 491 2540 548 factam
2587 493 2828 557 Parisiis.
2866 503 2918 550 et
2949 503 3133 549 tamen
3174 492 3377 548 fatetur
3426 493 3731 550 Romanam

457 600 580 641 esse
605 584 734 639 anni
761 581 898 638 1590
923 590 980 640 et
1010 580 1380 646 Parisiensem
1425 579 1555 636 anni
1590 578 1749 636 1581.
1775 579 1883 635 Sed
1915 579 1983 636 de
2013 579 2116 636 hac
2144 580 2258 650 ipsa
2295 579 2534 636 editione
2563 580 2860 654 Parisiensi
2887 623 2902 646 ,
2931 599 3096 652 quam
3128 584 3360 640 Allatiua
3385 597 3534 639 anno
3567 582 3730 647 1584.

455 675 741 733 Fabricius
765 683 948 732 autem
983 675 1122 731 I585
1153 673 1458 745 consign‘at,
1488 669 1560 727 ne
1579 671 1710 742 quid
1741 670 1988 726 omittam
2019 670 2165 742 quod
2197 671 2422 728 dubium
2443 689 2634 730 creare
2662 673 2856 744 possit,
2886 674 3020 731 illud
3047 675 3212 730 etiam
3241 675 3496 741 monebo,
3515 689 3604 731 me
3625 673 3734 732 duo

454 765 660 820 vidisse
693 763 1026 834 exemplaria
1053 763 1104 818 in
1138 763 1470 819 bibliotheca
1500 761 1763 818 Vaticana
1785 804 1800 830 ,
1835 777 2066 830 quorum
2099 778 2268 822 unum
2299 763 2520 834 praefert
2547 780 2754 820 annum
2793 765 2952 826 1584.
2983 767 3218 822 alterum
3249 767 3408 828 I585.
3455 767 3552 826 sed
3585 766 3734 822 nulla

456 855 604 911 inter
635 865 928 927 utrumque
957 855 1040 910 vel
1073 855 1298 910 minima
1329 864 1413 909 est
1443 853 1774 909 differentia.
1823 852 1943 907 Non
1992 867 2127 908 sane
2161 869 2261 924 par
2298 863 2382 909 est
2417 855 2642 910 credere
2673 855 2930 911 eumdem
2962 857 3164 914 librum
3208 857 3295 911 bis
3330 855 3496 910 fuisse
3527 855 3733 910 editum

457 949 673 1004 duobus
705 947 870 1002 annis
914 946 1015 1002 sibi
1050 945 1294 1016 proxime
1325 929 1932 1016 subsequentibus,'sed
1977 946 2149 1016 ipsam
2186 946 2370 1016 potius
2406 946 2700 1004 editionem
2757 947 2860 1004 sub
2893 947 3059 1005 ﬁnem
3107 949 3235 1006 anni
3269 947 3407 1004 1585
3461 946 3735 1018 inceptam

457 1059 632 1114 usque
665 1043 732 1100 ad
765 1043 984 1097 initium
1011 1041 1148 1096 I585
1177 1047 1524 1112 protractam‘
1541 1039 1731 1106 fuisse,
1754 1039 1899 1110 quod
1926 1039 2168 1111 ejusdem
2213 1039 2442 1096 Morollii
2469 1041 2700 1112 epistola
2727 1046 3128 1116 nuncupatoria
3161 1045 3226 1100 ad
3257 1043 3514 1100 Sirletum
3556 1041 3736 1098 cordi»

457 1136 636 1191 nalem
662 1135 882 1190 videtur
905 1133 1172 1210 suadere:
1197 1122 1322 1210 data
1353 1141 1434 1186 est
1455 1131 1604 1186 enim
1635 1131 1723 1187 die
1756 1130 1914 1186 tertia
1945 1131 2150 1187 mensis
2177 1131 2431 1190 Octobris
2451 1133 2706 1209 exeuntis
2729 1135 2859 1190 anni
2884 1137 3040 1192 1581.
3061 1136 3234 1192 Porro
3259 1135 3449 1206 paucis
3485 1142 3610 1206 post
3633 1147 3738 1187 an—

411 1283 428 1302 ,
458 1229 544 1282 nis
577 1227 718 1282 idem
752 1241 891 1296 opus
917 1225 981 1280 ad
1009 1209 1269 1278 amussim
1297 1263 1310 1287 ,
1346 1223 1438 1279 sed
1473 1223 1654 1278 minus
1699 1223 1976 1294 eleganter
2009 1239 2260 1278 recusum
2295 1231 2380 1279 est
2409 1239 2474 1278 ex
2503 1225 2742 1282 editione
2775 1225 3087 1287 Morelliana
3119 1226 3490 1297 lieidelbergm
3533 1225 3638 1280 hoc
3667 1224 3738 1278 tin

459 1319 574 1378 tulo
601 1335 613 1372 :
653 1318 991 1389 Ἔξαήμερον
1023 1317 1139 1395 ﬁco:
1167 1317 1200 1386 ἡ
1227 1314 1572 1387 κοσμουργία
1605 1313 1700 1378 τοῦ
1733 1311 1954 1369 Πισίδου
1981 1314 2232 1370 διακόνου
2262 1314 2359 1368 καὶ
2395 1314 2812 1386 χαρτοφύλακος
2845 1317 2947 1386 τῆς
2984 1317 3228 1390 μεγάλης
3254 1315 3347 1370 τοῦ
3369 1314 3508 1370 Θεοῦ
3539 1311 3738 1384 ἰκκλη-

462 1411 602 1476 σίας.
638 1409 744 1463 Τοῦ
774 1409 940 1463 αὑτοῦ
969 1407 1192 1473 ἰαμϐεῖα
1224 1407 1302 1469 εἰς
1323 1405 1413 1459 τὸν
1447 1407 1676 1476 μάταιον
1702 1405 1815 1477 βίον
1834 1423 1846 1434 ·
1882 1404 2059 1475 Opus:

2161 1407 2390 1471 dierum,
2429 1423 2522 1460 seu
2552 1407 2738 1462 mundi
2767 1409 3034 1480 opiﬁcium
3059 1409 3268 1482 Georgii
3295 1409 3490 1464 Pisido-
3525 1407 3737 1464 diaconi

461 1511 512 1557 et
533 1500 882 1574 referendarii
927 1499 1225 1570 Cpolitame
1254 1497 1502 1552 Ecclesia:
1540 1513 1748 1567 poema.
1800 1497 2052 1571 Ejusdem
2082 1499 2284 1554 senarii
2312 1499 2376 1552 de
2399 1499 2636 1554 vanitate
2679 1500 2835 1568 vim,
2865 1519 2894 1557 e
2923 1503 3269 1576 typographia
3312 1501 3381 1557 Η.
3421 1497 3739 1559 ϐοιιιιιιειὶιιί

462 1611 603 1649 anno
632 1593 802 1657 1596,
833 1594 896 1658 8;
931 1608 1039 1663 quo
1067 1591 1124 1645 in
1160 1591 1318 1646 titulo
1347 1605 1446 1645 cur
1492 1588 1691 1654 Pisida,
1723 1591 1816 1660 qui
1863 1589 2051 1645 Graece
2085 1589 2406 1646 inscribitur
2433 1591 2813 1665 χαρτοφύλαξ,
2855 1593 3051 1650 Latine
3079 1595 3293 1652 dicatur
3321 1592 3735 1668 refercttdart'ttl,

461 1686 621 1757 plane
650 1700 760 1740 non
791 1698 1089 1754 assequor;
1119 1697 1308 1737 verum
1343 1682 1436 1736 hic
1462 1697 1616 1736 error
1646 1681 1750 1737 fuit
1788 1681 2016 1736 Morellii
2046 1725 2062 1748 ,
2105 1682 2196 1752 qui
2227 1684 2438 1754 primus
2469 1701 2568 1756 pro
2600 1685 3005 1757 chartopliylace
3034 1687 3268 1744 reddidit
3298 1685 3736 1759 referendarium.

461 1781 668 1836 Praeter
696 1781 794 1836 has
815 1787 998 1835 autem
1029 1793 1138 1833 non
1167 1775 1293 1832 novi
1323 1774 1458 1829 alias
1491 1789 1613 1828 esse
1640 1771 1813 1830 factas
1843 1773 2061 1829 divisim
2089 1774 2334 1844 ejusdem
2367 1775 2684 1832 Hexaemeri
2712 1777 3003 1844 editiones,
3036 1779 3372 1849 conjunctim
3407 1787 3588 1834 autem
3612 1790 3737 1832 cum

465 1875 586 1929 aliis
615 1872 792 1944 poetis
820 1871 904 1926 vel
928 1867 1183 1925 Patribus
1206 1867 1406 1922 iterum
1433 1865 1745 1936 iterumque
1767 1865 1970 1936 prodiit
1997 1865 2052 1919 in
2076 1865 2274 1920 lucem.
2299 1865 2487 1924 Exstat
2509 1867 2654 1924 enim
2681 1867 2868 1932 Grates
2898 1879 2953 1925 et
2976 1869 3165 1926 Latine
3191 1871 3247 1925 in
3277 1887 3508 1940 corpore
3547 1881 3738 1940 poeta—

465 1979 586 2022 rum
614 1963 926 2019 Graecorum
956 1961 1284 2032 tragicorum
1313 1966 1369 2012 et
1401 1957 1760 2022 comicorum,
1791 1956 2030 2020 Genevm,
2062 1957 2222 2024 16H,
2258 1966 2388 2013 tom.
2423 1957 2486 2026 ΙΙ,
2513 1975 2568 2030 p.
2593 1959 2723 2026 2M,
2761 1977 3000 2032 ,necnon
3045 1961 3102 2016 in
3135 1962 3437 2032 appendicc
3468 1962 3738 2034 Bigucaua

465 2055 604 2112 Bibl.
632 2055 854 2110 Patrum
877 2052 1050 2108 Paris.
1090 2051 1244 2117 1624,
1277 2069 1330 2124 p.
1363 2053 1489 2119 587,
1529 2062 1586 2109 et
1611 2053 1666 2108 in
1697 2053 1830 2109 edit.
1867 2053 2005 2109 Bibl.
2035 2051 2264 2110 Patrum
2294 2039 2627 2124 Morelliana,
2665 2059 2845 2116 Paris.
2883 2058 3261 2128 1644-1651,
3288 2067 3420 2128 toni.
3453 2059 3594 2128 XIV,
3635 2061 3740 2119 La-

465 2144 581 2198 tine
610 2150 792 2197 autem
819 2149 1035 2196 tantum
1061 2141 1115 2222 in
1151 2131 1288 2198 Bibl.
1333 2141 1776 2208 Patrum,'Paris.
1805 2142 1962 2208 1589,
1991 2152 2123 2199 tom.
2154 2143 2292 2209 VIII,
2321 2161 2375 2217 p.
2401 2145 2527 2215 518,
2563 2157 2620 2204 et
2643 2147 2696 2202 in
2733 2158 2879 2204 tome
2907 2149 2999 2206 XII
3022 2150 3164 2206 Bibl.
3189 2150 3409 2208 Patrum
3443 2151 3574 2208 edit.
3596 2151 3740 2221 Lugs

466 2234 622 2298 duni,
655 2249 707 2303 p.
736 2233 862 2288 5‘25.
899 2231 1099 2287 Verum
1132 2245 1294 2288 nemo
1329 2247 1396 2288 ex
1431 2232 1519 2294 iis,
1550 2233 1643 2303 qui
1679 2231 1842 2288 toties
1893 2233 2221 2290 recudendis
2249 2235 2508 2306 operibus
2535 2235 2734 2295 Pisidae
2765 2254 2986 2295 manum
3015 2239 3396 2304 admoverunt,
3427 2255 3457 2295 a
3491 2238 3732 2296 Moreltio

469 2325 747 2399 paulisper
775 2324 1058 2380 discedere
1095 2339 1202 2379 nec
1232 2324 1528 2396 quidquam
1560 2323 1761 2380 addere
1789 2324 1875 2380 vel
1909 2323 2200 2382 immutare
2231 2342 2400 2384 ausus
2423 2338 2534 2392 est,
2562 2345 2867 2402 omnesque
2890 2331 2945 2386 in
2969 2331 3091 2402 ejus
3123 2330 3228 2389 ﬁde
3257 2331 3485 2387 omnino
3513 2335 3738 2402 acquie-

469 2425 686 2472 verunt.
720 2415 830 2470 Nos
858 2419 1041 2470 autem
1073 2415 1140 2470 de
1173 2413 1396 2469 Morellii
1430 2413 1712 2484 diligentia
1747 2413 1806 2468 in
1839 2413 2056 2470 edendo
2095 2415 2288 2472 Grmco
2311 2427 2466 2475 textu
2505 2419 2584 2475 nil
2629 2421 2913 2492 querimur
2948 2439 2962 2476 :
3000 2419 3115 2491 ipse
3141 2423 3286 2478 enim
3315 2438 3424 2484 non
3457 2439 3521 2478 ex
3551 2425 3739 2480 eodem

467 2509 649 2566 Sirleti
683 2509 890 2570 codice,
921 2521 1029 2578 quo
1058 2515 1248 2577 postea
1273 2520 1408 2560 usus
1433 2512 1522 2563 est
1553 2504 1866 2572 Brunellus,
1901 2505 2050 2575 quod
2081 2505 2402 2578 imprudens
2430 2511 2668 2568 asseruit
2694 2510 2978 2568 Fabricius
3016 2509 3094 2585 [p.
3128 2509 3274 2584 XVI]
3307 2519 3346 2568 t.
3375 2509 3490 2576 VII,
3521 2527 3575 2582 p.
3611 2513 3742 2576 692.

469 2619 624 2658 suam
655 2599 942 2657 adornavit
969 2599 1290 2679 editionem,
1323 2599 1417 2653 sed
1449 2598 1634 2668 plures
1659 2599 1879 2656 codices
1907 2598 2152 2670 undique
2179 2603 2604 2678 conquisivitac
2623 2606 2921 2675 recensuit,
2949 2607 3096 2678 quod
3123 2605 3241 2676 ipse
3270 2605 3503 2668 aiﬁrmat
3529 2607 3584 2661 in
3616 2605 3736 2663 Iau-

469 2695 595 2752 data
626 2693 856 2764 epistola
890 2691 1310 2762 nuncupatoria.
1343 2689 1544 2758 Verum
1577 2702 1689 2745 non
1737 2691 1868 2746 satis
1913 2692 2208 2762 probamus
2240 2693 2360 2763 ejus
2393 2708 2424 2748 e
2451 2692 2642 2750 Graeco
2672 2697 2982 2752 versionem
3005 2739 3024 2765 ,
3072 2712 3236 2768 quam
3273 2697 3408 2752 dura
3447 2697 3752 2770 admodum

469 2792 589 2866 lege
619 2792 722 2848 sibi
756 2790 1092 2862 praescripta,
1129 2797 1190 2843 ut
1215 2786 1412 2843 Pisidae
1435 2786 1649 2844 iambos
1677 2787 1906 2842 totidem
1930 2777 2138 2842 Latinis
2161 2787 2358 2844 iambis
2385 2789 2737 2861 esprimeret,
2757 2791 3046 2850 obscuram
3077 2791 3214 2849 adeo
3237 2800 3292 2846 et
3320 2789 3594 2848 inﬁcetam
3621 2793 3744 2864 plu-

470 2887 628 2942 ribus
654 2885 709 2939 in
742 2882 873 2938 locis
901 2879 1156 2943 reddidit,
1189 2887 1245 2933 ut
1275 2893 1385 2932 non
1416 2893 1585 2932 unum
1611 2876 1915 2933 audiverim
1947 2891 2166 2947 gravem
2189 2877 2390 2942 virum,
2423 2877 2626 2934 Graecis
2670 2879 2872 2936 litteris
2900 2897 3012 2937 non
3060 2883 3354 2948 imbutum,
3389 2881 3746 2942 conﬁtentem

471 2995 533 3036 se
563 2977 700 3033 nihil
730 2975 955 3030 omnino
984 2989 1053 3048 ex
1085 2987 1148 3028 ea
1173 2971 1240 3026 ad
1264 2969 1601 3026 intellectum
1627 2982 1823 3039 capere
1858 2967 2184 3036 adiumenti.
2224 2971 2411 3040 Itaque
2433 2982 2634 3026 novam
2663 2988 2729 3028 ex
2759 2972 2972 3045 integro
2998 2959 3305 3037 versionem
3335 2975 3622 3034 instituere
3649 2978 3747 3034 de-

477 3071 648 3128 crevi.
687 3067 794 3124 Sed
819 3081 890 3122 ne
923 3065 1240 3120 videremur
1269 3061 1474 3116 nostris
1517 3059 1746 3115 nimium
1776 3057 2106 3130 plaudentes
2129 3058 2308 3114 aliena
2342 3059 2678 3130 vituperare,
2710 3077 2741 3118 e
2765 3063 2990 3136 regione
3031 3054 3214 3122 textus
3240 3047 3612 3126 Morellianaiu
3647 3085 3746 3142 ap-

473 3163 780 3236 posuimus,
813 3166 1058 3213 nostram
1089 3163 1273 3211 autem
1310 3154 1365 3209 in
1397 3169 1492 3209 ora
1523 3159 1766 3208 extrema
1797 3149 1921 3206 libri
1953 3150 2317 3220 subiecimus,
2353 3159 2414 3205 ut
2441 3147 2604 3230 quam
2643 3153 2875 3224 quisque
2910 3156 3062 3212 malit
3085 3156 3229 3229 legat
3270 3165 3324 3214 et
3351 3167 3630 3231 sequatur.
3670 3161 3768 3222 Ae

472 3271 634 3310 meus
655 3252 874 3324 quidem
900 3257 1087 3306 nostra
1108 3247 1272 3302 etiam
1303 3255 1425 3302 erat
1461 3245 1673 3300 iambos
1702 3241 1902 3298 iambis
1929 3243 2181 3310 reddere,
2214 3243 2310 3298 sed
2337 3243 2497 3298 veriti
2527 3259 2598 3300 ne
2629 3244 2683 3301 id
2711 3247 2857 3316 quod
2888 3249 3022 3305 vitio
3053 3253 3319 3309 vertimus
3349 3251 3612 3322 Morellio,
3641 3272 3746 3312 non

472 3345 562 3402 bis
586 3359 803 3416 quoque
831 3341 1080 3400 eveniret
1121 3337 1360 3411 (diliieile
1397 3335 1543 3391 enim
1578 3341 1702 3390 esse
1742 3333 2000 3388 novimus
2023 3331 2244 3387 obscuri
2277 3339 2454 3402 poetae
2482 3347 2672 3388 versus
2705 3334 2930 3392 totidem
2963 3339 3218 3408 versibus
3255 3340 3393 3396 velle
3422 3342 3748 3421 declarare),

473 3436 686 3494 idcirco
708 3435 776 3491 de
807 3449 973 3490 sensu
1019 3440 1074 3488 et
1103 3429 1158 3486 vi
1191 3431 1483 3486 verborum
1516 3435 1728 3484 tantum
1764 3424 1982 3482 solliciti
2017 3423 2182 3495 paulo
2215 3422 2530 3478 liberiorem
2569 3423 2910 3508 confecimus
2942 3431 3273 3488 versionem.
3307 3433 3528 3492 Multam
3568 3445 3752 3506 autem

479 3550 706 3608 cperam
736 3535 792 3589 in
820 3533 1151 3590 Hexaemero
1177 3525 1502 3584 illustrando
1537 3521 1937 3594 insumpsimns
1969 3537 1984 3574 :
2015 3535 2144 3575 nam
2173 3527 2230 3575 et
2255 3519 2645 3590 prolegomene
2677 3521 3042 3592 prmmisimus
3061 3534 3118 3582 et
3144 3528 3526 3587 adnotationes
3553 3529 3754 3602 adjeci-

479 3649 627 3697 nuis,
655 3641 717 3686 ut
747 3629 889 3702 quod
921 3617 1218 3682 maximum
1249 3632 1334 3680 est
1358 3637 1496 3694 opus
1531 3619 1749 3682 Pisidae,
1781 3616 2054 3688 integrum
2085 3629 2153 3670 ex
2192 3615 2343 3670 omni
2374 3621 2531 3686 parte
2559 3615 2806 3686 prodiret
2834 3617 2890 3672 in
2916 3619 3092 3676 lucem
3114 3663 3129 3684 ,
3159 3637 3224 3678 ac
3250 3623 3454 3690 nullam
3497 3625 3658 3696 aliam
3699 3626 3754 3683 in

477 3735 760 3799 posterum
785 3721 1123 3778 desideraret
1149 3730 1370 3773 manum
1408 3711 1754 3783 adjutricem.
1777 3705 1835 3799 In
1858 3707 2098 3762 editione
2113 3705 2300 3799 Graeca
2321 3703 2563 3799 Bruoelli
2593 3715 2810 3799 constat
2836 3724 3032 3780 poema
3058 3711 3252 3770 iambis
3271 3715 3429 3780 1860,
3453 3715 3514 3772 in
3534 3715 3756 3774 Graeco-

483 3796 677 3871 Latina
709 3810 937 3868 Morellii
966 3808 1126 3865 1880.
1155 3806 1353 3862 Nostra
1400 3815 1572 3872 usque
1603 3799 1672 3856 ad
1713 3797 1850 3853 1910
1875 3811 2070 3852 versus
2101 3796 2370 3851 exhibet:
2397 3796 2612 3866 aliquos
2645 3797 2792 3852 enim
2823 3802 3070 3858 senarios
3099 3805 3226 3860 alibi
3273 3807 3506 3866 omissos
3537 3815 3594 3863 et
3629 3808 3758 3882 bin;

481 3913 611 3970 inde
641 3929 706 3970 ex
735 3911 1019 3968 codicibus
1049 3913 1340 3978 excerptos
1367 3903 1482 3960 suis
1509 3899 1644 3957 locis
1673 3897 1894 3955 restitui
1924 3896 2260 3953 curavimus.
2299 3896 2488 3967 Neque
2512 3939 2527 3964 ,
2559 3907 2616 3954 ut
2646 3899 2885 3968 videtur,
2944 3907 3274 3976 sperandum
3321 3918 3405 3966 est
3436 3911 3672 3984 amplius
3698 3920 3761 3969 ut

481 4005 540 4062 in
587 4003 852 4076 majorem
901 4015 1198 4057 numerum
1231 4001 1554 4071 excrescant
1581 3991 1638 4048 hi
1681 3988 1906 4054 senarii,
1933 3988 2035 4044 etsi
2069 3987 2273 4044 Suidas
2297 3997 2552 4053 testetur,
2585 3999 2647 4046 ut
2672 3993 2926 4060 superius
2967 3999 3174 4054 dictum
3205 4009 3308 4068 est,
3332 4011 3424 4058 ter
3451 4003 3596 4058 mille
3627 4004 3760 4060 olim

480 4101 792 4157 constitisse
827 4097 1214 4162 Hexaemeron,
1237 4102 1303 4168 et
1341 4091 1612 4152 Labbeus,
1641 4103 1697 4158 p.
1730 4085 1838 4143 585
1864 4084 2006 4142 Bibl.
2037 4101 2196 4143 novre
2223 4102 2356 4142 mss.
2381 4102 2450 4143 ex
2477 4087 2736 4162 Cataiogo
2764 4089 3042 4163 Scipionis
3067 4091 3110 4147 Τ
3113 4093 3231 4148 ettii
3262 4103 3530 4160 memoret
3555 4091 3756 4156 Pisidro

481 4193 885 4264 Cosmopoeiam
940 4199 1023 4246 ter
1054 4187 1202 4244 mille
1253 4199 1448 4263 versus
1487 4181 1965 4254 complectentem.
2007 4177 2158 4248 Opus
2187 4189 2273 4235 est
2315 4178 2513 4253 Sergio
2545 4183 2854 4254 patriarcha
2899 4185 3168 4244 suadente
3198 4194 3534 4258 susceptum,
3585 4188 3770 4257 eique

484 4290 656 4349 multa
707 4289 930 4345 laudum
962 4281 1442 4348 commendatione
1469 4280 1732 4336 dicatum.
1764 4277 1824 4332 In
1871 4293 1962 4344 eo,
2009 4275 2112 4333 sub
2145 4284 2292 4333 tecto
2325 4273 2503 4332 Procli
2545 4279 2794 4343 nomine,
2838 4279 3108 4336 Joannem
3157 4281 3520 4356 PliilOponum
3553 4281 3663 4352 peti
3705 4281 3762 4338 in

484 4399 724 4446 tuentem
748 4389 900 4444 venit
928 4385 1164 4456 primum
1195 4383 1399 4446 Caveo,
1455 4395 1520 4435 ac
1545 4377 1744 4433 deinde
1773 4376 1937 4432 etiam
1967 4373 2204 4436 Oudino.
2233 4375 2378 4446 quod
2418 4391 2448 4432 a
2478 4375 2640 4433 nobis
2668 4375 2726 4432 in
2755 4375 3165 4452 Prolegomeuis
3191 4379 3354 4437 latius
3381 4378 3711 4450 expenditur
3739 4395 3757 4432 :

488 4461 579 4539 sed
609 4473 900 4551 perperam
933 4477 1060 4533 inde
1084 4477 1204 4546 ipse
1232 4473 1379 4530 Cave
1407 4481 1464 4528 et
1489 4469 1739 4527 Oudinus
1779 4469 2100 4538 iudicarunt
2131 4467 2286 4522 idem.
2311 4467 2416 4522 hoc
2445 4482 2568 4524 esse
2596 4483 2736 4540 opus
2777 4484 2904 4524 cum
2957 4478 3230 4542 poemate,
3265 4469 3411 4540 quod
3457 4485 3488 4532 a
3529 4467 3762 4538 Georgio

485 4586 676 4631 nostro
709 4575 928 4646 μέτροις
963 4571 1210 4644 ἀρίστοις
1253 4568 1446 4640 ὥσπερ
1493 4552 1700 4620 εἴθιστο
1747 4563 2006 4636 γράφειν,
2049 4579 2080 4620 c

2161 4572 2242 4618 ira
2271 4561 2638 4634 Philoponum
2681 4573 2966 4621 exaratum
3011 4579 3134 4622 esse
3177 4565 3362 4636 prodit
3394 4563 3757 4633 Nicepltorus,

490 4671 582 4727 lib.
611 4686 767 4734 xvm,
795 4685 916 4741 cap.
947 4669 1051 4734 48;
1083 4681 1212 4723 nam
1243 4674 1300 4722 et
1331 4679 1546 4720 errasse
1567 4658 1942 4732 Nicephorum
1977 4669 2034 4716 et
2068 4659 2262 4715 falsam
2293 4659 2524 4714 omnino
2551 4674 2674 4714 esse
2703 4659 3078 4730 conjecturam
3103 4675 3133 4716 a
3159 4657 3340 4720 Cavea
3371 4659 3495 4716 inde
3533 4657 3761 4728 petitam

487 4782 616 4822 mox
639 4763 1316 4826 demonstrabimus,’cum
1348 4761 1420 4816 de
1453 4767 1707 4829 poemate
1737 4756 1792 4811 in
1829 4754 2097 4812 Severum
2120 4769 2368 4828 agemus.
2397 4755 2672 4814 Caeterum
2703 4755 2899 4814 Pisidae
2928 4755 3280 4828 Cosmopozia
3305 4764 3416 4814 tota
3447 4754 3648 4828 reiecta
3679 4763 3766 4810 est

485 4861 592 4932 piis
613 4859 924 4923 sententiis,
943 4857 1147 4928 quibus
1175 4857 1242 4912 ad
1273 4855 1514 4911 divinam
1539 4853 1882 4924 majestatem
1905 4851 2386 4924 contemplandam
2415 4866 2484 4906 ex
2505 4851 2672 4910 rebus
2698 4853 2901 4910 creatis
2933 4867 3092 4910 mens
3113 4852 3364 4922 humana
3387 4851 3624 4916 maxime
3654 4848 3763 4906 eri-

485 4955 650 5024 gitur.
682 4953 957 5023 Scriptum
987 4959 1092 5014 est,
1118 4955 1178 5004 ut
1205 4948 1439 5010 videtur,
1477 4946 1582 5002 hoc
1603 4961 1741 5016 opus
1768 4945 1918 5002 circa
1945 4961 2153 4999 annum
2183 4945 2309 5010 6‘29,
2336 4961 2448 5016 quo
2470 4960 2717 5018 tempore
2743 4946 3032 5005 Heraclius
3059 4947 3314 5020 secundo
3342 4947 3492 5020 bello
3506 4944 3778 5004 confecto.

481 5048 597 5124 jam
632 5047 911 5122 Persidem
939 5045 1249 5116 subegerat.
1283 5041 1362 5097 Ita
1389 5041 1536 5097 enim
1573 5041 1758 5096 Pisida
1805 5038 2057 5105 Sergium

2163 5055 2192 5095 ο
2229 5039 2484 5097 Ileraclio
2516 5027 2768 5098 orantem
2815 5058 2868 5096 v.
2898 5041 3040 5098 1845
3073 5057 3088 5095 :
3117 5041 3229 5108 Καὶ
3276 5040 3366 5107 δὸς
3411 5040 3504 5096 τὸν
3551 5041 3618 5096 ἐκ
3661 5039 3760 5104 σοῦ

487 5140 866 5211 προσλαϐόντα
893 5138 956 5192 τὸ
987 5136 1190 5208 κράτος
1219 5135 1310 5190 τὸν
1344 5133 1755 5206 κοσμορύστην,
1791 5133 1884 5186 τὸν
1914 5131 2155 5204 διώκτην
2190 5133 2476 5204 Περσίδος,
2514 5134 2718 5205 μᾶλλον
2747 5133 2807 5188 δὲ
2836 5133 2928 5188 τὸν
2963 5131 3219 5191 σώσαντα
3253 5134 3349 5188 καὶ
3371 5133 3472 5206 τὴν
3497 5130 3758 5206 Πεμᾙᾳ,

487 5232 611 5286 ὅλον
660 5233 937 5306 κρατῆσαι.
971 5231 1065 5284 -τδιν
1109 5229 1338 5302 ὑφήλιον
1385 5227 1552 5282 τόπον
1583 5227 1676 5301 [p.
1717 5225 1926 5300 XVII
1961 5227 2084 5297 Ac;

2164 5227 2252 5286 rcis
2287 5227 2425 5284 aliis.
2449 5228 2754 5298 interjectis
2797 5227 2993 5284 iambis
3021 5245 3074 5284 v.
3107 5227 3246 5286 1856
3279 5244 3292 5280 :
3327 5226 3488 5282 οὕτω
3513 5225 3623 5298 γὰρ
3649 5223 3761 5289 ἔξει

489 5327 659 5384 πιστὰ
686 5329 982 5400 νικητήρια
1015 5327 1172 5401 νίκης
1200 5325 1322 5381 κατ’
1349 5325 1562 5400 ἐχθρῶν
1593 5323 1848 5390 ἀξιωθεὶς
1875 5323 2160 5397 δευτέρας,
2188 5322 2266 5388 ὡς
2295 5325 2421 5388 τοὺς
2450 5323 2711 5386 ἀδούλους
2741 5323 3105 5399 πυρπολήσας
3137 5321 3480 5396 Βαρὸἀρους.

562 5439 616 5495 7.
659 5441 756 5504 Εἰς
783 5441 876 5494 τὸν
901 5441 1132 5510 μάταιον
1166 5438 1304 5510 βίον,
1340 5439 1404 5492 de
1426 5437 1663 5493 uanitate
1685 5436 1828 5501 υίιω.
1853 5450 2076 5492 carmen
2116 5433 2159 5488 ia

2174 5435 2436 5498 mbicum,
2477 5434 2621 5504 quod
2656 5434 2852 5497 iambis
2888 5433 3102 5498 Laﬁnis
3127 5434 3400 5494 redditum
3429 5432 3598 5506 edidit
3631 5444 3765 5488 cmu-

489 5531 820 5597 Hexaemero
848 5533 1146 5596 Moreliius,
1193 5547 1258 5586 ac
1284 5529 1446 5586 toties
1485 5544 1740 5584 rccusum
1771 5537 1858 5584 est
1897 5527 2098 5584 deinde
2121 5527 2340 5598 quoties
2371 5527 2737 5587 Hexaemeron
2785 5527 2962 5598 ipsum
3017 5528 3215 5588 iterum
3257 5525 3398 5600 typis
3442 5524 3757 5584 mandatum

493 5635 602 5684 eat.
633 5625 886 5696 Mutilum
910 5633 966 5682 et
995 5621 1379 5696 imperfectum
1411 5637 1534 5678 esse
1564 5637 1756 5678 omnes
1781 5620 2124 5685 tradiderunt
2149 5629 2274 5692 post
2301 5619 2627 5687 Morellium,
2651 5621 2746 5692 qui
2769 5660 2786 5684 ,
2819 5630 2878 5686 ut
2903 5620 3156 5688 videtur,
3198 5619 3254 5674 iu
3296 5633 3362 5678 eo
3389 5616 3576 5675 codice
3599 5655 3616 5682 ,
3647 5634 3764 5688 qua

497 5731 630 5776 usus
657 5725 762 5783 est,
791 5734 855 5774 ea
884 5719 1053 5776 verba
1086 5716 1295 5774 invenit
1327 5717 1380 5773 in
1410 5715 1516 5773 line
1547 5731 1672 5787 quae
1694 5716 1878 5787 operis
1908 5713 2184 5773 deiectum
2216 5715 2360 5787 apud
2380 5713 2604 5770 Greco:
2636 5713 2966 5788 signiﬁcant,
3017 5715 3122 5772 hoc
3151 5721 3233 5780 est
3260 5711 3436 5767 λείπει
3466 5709 3656 5769 τᾶλλα.
3695 5711 3766 5770 At
