4044 6470
411 301 507 366 ἶῖῦ
1597 320 1746 382 JOS.
1788 321 2053 383 MARIzE
2083 325 2402 397 QUERCII
3501 337 3636 403 1176

363 428 469 470 nos
499 429 603 470 nec
625 429 688 469 ea
722 417 884 472 verba
907 417 1377 489 deprehendimus
1410 425 1462 479 in
1493 426 1685 481 codice
1701 427 2198 504 Vaticano,-neque
2227 449 2291 488 ex
2319 449 2484 488 semu
2520 434 2638 506 ipso
2669 437 2874 508 aliquid
2899 438 3200 496 desiderari
3239 438 3634 510 intelleximus,

361 521 678 578 quanquam
705 509 888 566 adhuc
917 511 1024 566 alia
1049 523 1378 586 argumento
1409 521 1766 590 congruentia
1798 518 1927 577 addi
1956 526 2202 594 potuisse
2235 541 2265 580 a
2304 525 2486 589 Pisida
2525 543 2690 584 nemo
2715 531 2976 602 negabit;
3003 548 3196 588 verum
3223 543 3410 603 utrum
3454 537 3544 592 ille
3583 509 3639 593 id

361 602 560 659 fecerit
593 620 793 672 necne,
823 607 984 677 plane
1023 608 1295 666 incertum
1323 630 1338 668 :
1371 629 1530 685 opus,
1566 625 1624 672 ut
1653 631 1802 674 nunc
1829 629 1934 686 est,
1967 630 2181 678 constat
2205 622 2400 679 iambis
2438 623 2564 680 262.
2606 623 2858 682 Oudinus
2885 627 2958 684 20
2985 627 3162 700 capita
3189 602 3497 694 continere,
3532 645 3637 686 no-

340 716 603 773 inumque
626 701 895 792 Joannem
921 703 1286 778 PhiIOponum
1320 711 1485 767 tacito
1513 714 1738 771 nomine
1765 731 1996 788 arguere
2022 709 2302 775 asseverat
2331 739 2344 775 :
2379 719 2474 776 sed
2507 711 2708 791 quibus
2741 723 3046 782 rationibus
3075 727 3272 782 ductus
3303 727 3356 783 id
3379 726 3632 792 aﬂirmet,

357 783 862 868 ignoramiistam
891 813 992 852 nec
1017 799 1124 854 ulla
1153 800 1392 871 capitum
1424 803 1707 862 distinctio
1737 783 1966 879 apparet
2011 810 2067 864 in
2104 819 2378 881 poemate,
2402 783 2612 868 nec-de
2637 811 2849 870 Joanne
2875 815 3183 888 Philopono
3213 816 3333 873 leve
3361 783 3633 888 quoddam

358 891 512 946 ullibi
549 898 634 946 est
659 892 948 962 judicium.
980 893 1162 960 Quarc
1189 911 1404 953 errasse
1432 897 1710 956 Oudin‘um
1740 902 1902 960 nobis
1932 913 2144 960 certum
2176 915 2282 964 est.
2317 905 2412 976 qui
2446 906 2593 976 quod
2619 907 2710 960 alii
2743 907 2812 964 de
2840 904 3174 978 Hexaemero
3198 911 3449 966 tulerunt
3482 910 3635 979 judi-

357 987 528 1042 cium.
557 983 624 1040 ad
658 986 760 1040 hoc
789 1001 926 1056 opus
957 986 1224 1043 arbitratu
1258 1006 1358 1044 suo
1386 993 1685 1049 transferre
1718 1011 1829 1052 non
1861 998 2152 1058 dubitavit.
2177 999 2454 1057 Caeterum
2487 1000 2593 1056 hoc
2631 1001 2798 1056 etiam
2835 1003 3148 1072 poemation
3175 1001 3370 1075 Sergio
3407 1005 3638 1076 patriar-

357 1079 478 1134 chae
503 1087 589 1133 est
615 1077 966 1147 inscriptum,
1001 1093 1164 1150 quem
1197 1081 1264 1136 de
1299 1093 1453 1138 more
1495 1085 1674 1142 Pisida
1705 1086 2212 1160 ingentibus'eﬂ'ert
2259 1086 2536 1156 laudibus,
2569 1102 2626 1150 et
2651 1102 2840 1150 contra
2873 1094 3144 1165 superbos
3171 1104 3226 1150 et
3265 1097 3504 1153 tumidos
3534 1098 3636 1153 ho-

355 1171 532 1245 mines
561 1171 729 1226 veluti
761 1171 1032 1242 quoddam
1063 1172 1289 1244 insigne.
1311 1176 1636 1237 humilitatis
1661 1183 1940 1253 exemplar

2039 1182 2246 1256 oponit,
2272 1199 2325 1241 v.
2351 1187 2490 1242 εὗδε
2527 1187 2589 1240 Et
2608 1187 2716 1241 ..καὶ
2747 1186 2884 1258 πέτῃ
2917 1187 3025 1257 γὰρ
3047 1187 3146 1266 οιαὶ
3173 1187 3265 1242 τὸν
3287 1189 3484 1260 αἰθέρα
3515 1193 3636 1262 τρέ-

353 1280 468 1333 χεις
488 1304 502 1328 ,
535 1263 791 1328 ταπεινὸς
818 1260 962 1335 ἦσθα
995 1265 1090 1318 καὶ
1129 1265 1370 1338 συνέρχῃ
1400 1269 1514 1332 τοϊς
1543 1269 1715 1325 κάτω.
1743 1270 1900 1326 Nulla
1932 1289 1950 1328 ε

2034 1289 2119 1330 em
2151 1284 2235 1330 est
2271 1283 2404 1331 nota
2435 1275 2720 1346 temporis,
2753 1290 2821 1330 ex
2853 1289 2960 1346 qua
2995 1260 3257 1345 coniicias
3286 1278 3506 1346 quando
3543 1260 3631 1334 Pi-

353 1356 470 1411 sida
509 1357 612 1411 hoc
641 1357 964 1428 opusculum
993 1353 1301 1428 scripserit.
1325 1357 1694 1426 Quamobrem
1720 1379 1843 1419 cum
1877 1365 2080 1421 nullam
2111 1375 2319 1422 certam
2339 1366 2535 1422 sedem
2562 1365 2666 1420 sibi
2705 1377 2976 1438 reposcat,
2991 1369 3060 1424 ab
3074 1369 3420 1444 Hexaemero~
3441 1372 3633 1443 sejun-

351 1467 480 1520 gere
507 1449 806 1516 noluimus,
831 1452 990 1521 cujus
1017 1451 1266 1521 quaedam
1291 1451 1456 1507 veluti
1491 1440 1788 1526 appendix,
1815 1456 1860 1510 si
1886 1457 2195 1530 argumenti
2227 1457 2644 1514 similitudinem
2669 1467 2903 1538 spectes,
2932 1461 3102 1516 videri
3133 1440 3323 1534 possit.
3340 1440 3630 1534 Antiquam

348 1548 662 1604 versionem
699 1547 948 1612 Morellii,
976 1547 1120 1619 quod
1157 1547 1284 1603 item
1315 1557 1594 1605 servatum
1629 1561 1714 1608 est
1737 1552 1792 1607 in
1823 1549 2189 1618 Hexaemero,
2218 1553 2566 1610 retinendam
2596 1553 2944 1622 censuimus,
2967 1567 3166 1612 novam
3191 1556 3362 1612 textui
3389 1556 3632 1628 subjeci-

345 1654 494 1705 mus,
520 1641 702 1710 operis
737 1641 1138 1711 perspicuitati,
1179 1654 1443 1713 quantum
1479 1645 1533 1702 in
1564 1647 1724 1702 nobis
1757 1658 1899 1717 erat,
1947 1650 2328 1708 consulentes.
2959 1725 2966 1731 ο

343 1745 350 1754 '
420 1733 474 1788 8.
513 1733 671 1786 Κατὰ
707 1726 1004 1798 δυσσεϐοῦς
1035 1734 1278 1807 Σευῆρου
1321 1735 1672 1812 Ἀντιοχείας,
1704 1752 1887 1796 contra
1917 1745 1936 1798 ἱ

2035 1745 2144 1798 ium
2185 1744 2434 1800 Severum
2461 1745 2772 1803 Antiochiae.
2800 1744 3032 1801 Carmen
3067 1753 3153 1800 est
3195 1754 3459 1801 constans
3496 1745 3629 1801 iam-

344 1821 437 1880 bis
469 1823 594 1890 73!,
619 1839 765 1895 saepe
793 1825 930 1880 adeo
959 1825 1259 1882 obscurum
1299 1839 1354 1885 et
1389 1831 1685 1904 implexum
1713 1878 1727 1902 ,
1755 1842 1814 1889 ut
1842 1850 1989 1906 saepe
2019 1836 2181 1890 etiam
2213 1837 2411 1909 stylum
2439 1846 2654 1908 vertere
2683 1845 2740 1893 et
2765 1844 2931 1908 caput
2968 1835 3192 1891 scabere
3225 1835 3359 1891 mihi
3385 1836 3632 1908 contige-

350 1914 442 1979 rit,
471 1931 596 1971 cum
623 1915 694 1970 de
715 1930 782 1970 eo
808 1915 1088 1972 reddendo
1115 1919 1436 1988 cogitarem.
1475 1922 1770 1978 Auctorem
1803 1925 1987 1994 aperis
2012 1939 2135 1978 esse
2169 1923 2406 1978 Pisidam
2439 1924 2602 1995 plane
2641 1939 2750 1979 non
2777 1935 2864 1980 est
2894 1926 3292 1982 dubitandum:
3326 1941 3452 1982 nam
3471 1971 3478 1978 .
3499 1943 3631 1998 prte-

348 2013 600 2078 terquam
626 2008 770 2079 quod
801 2007 974 2080 stylus
1005 2007 1148 2062 idem
1183 2017 1268 2063 est
1297 2025 1362 2064 ac
1389 2009 1624 2084 Georgio
1651 2012 1814 2083 plane
1843 2013 2201 2080 conveniens,
2245 2014 2300 2068 in
2331 2013 2452 2070 cod.
2487 2011 2750 2069 Vaticano
2773 2013 2896 2071 aliis
2926 2015 3174 2086 ejusdem
3205 2016 3427 2086 scriptis
3459 2016 3628 2072 adne-

348 2103 520 2158 ctitur
544 2102 650 2158 hoc
680 2101 838 2156 titulo
865 2101 976 2157 Τοῦ
1007 2101 1174 2157 αὐτοῦ
1209 2103 1354 2158 κατὰ
1385 2104 1565 2170 δυσση
1603 2123 1668 2164 ac
1688 2118 1953 2178 praeterea
1981 2109 2101 2181 ipse
2130 2110 2313 2166 Pisida
2343 2109 2450 2166 sibi
2477 2110 2636 2166 testis
2667 2119 2752 2166 est
2778 2110 3150 2183 amplissimus
3183 2111 3236 2166 iu
3277 2111 3548 2182 principio
3574 2118 3630 2166 et

345 2193 403 2247 in
435 2193 543 2250 fine
573 2195 846 2268 poematis
867 2194 1061 2252 dicens
1091 2213 1152 2252 se
1173 2199 1342 2256 nimis
1367 2200 1604 2258 fortasse
1626 2203 2004 2274 imprudenter
2030 2205 2285 2277 gessisse,
2311 2205 2404 2276 qui
2435 2221 2466 2260 a
2494 2205 2660 2262 rebus
2681 2205 2749 2260 ab
2781 2204 3032 2280 Heraclio
3072 2207 3128 2260 in
3164 2205 3307 2260 bello
3338 2206 3506 2276 gestis
3530 2205 3628 2260 de-

347 2288 655 2344 scribendis
684 2289 753 2345 ad
797 2289 1135 2363 dogmaticas
1176 2295 1510 2365 quaestiones
1554 2299 1773 2356 exiliter
1823 2303 2236 2372 pertractandas
2287 2301 2530 2357 animum
2566 2300 2906 2357 traduxerit:
2950 2301 3148 2374 Ἐχρῆν
3192 2299 3250 2354 δὲ
3293 2299 3493 2371 μᾶλλον
3527 2298 3628 2368 τῆς

346 2378 518 2453 ζάλης
561 2380 669 2436 τῶν
693 2381 999 2454 Βαρϐάρων
1030 2385 1126 2445 καὶ
1160 2387 1260 2464 τῆς
1297 2387 1523 2447 ἐνόπλου
1546 2389 1656 2444 τῶν
1692 2390 1864 2462 βελῶν
1891 2393 2205 2462 καταιγίδος
2233 2392 2656 2462 ἀπαλλαγέντας
2684 2393 2916 2464 ἠρεμεῖν
2947 2393 3046 2446 σὺν
3084 2393 3205 2456 ταῖς
3234 2391 3436 2462 μάχαις
3458 2431 3473 2455 ,
3503 2389 3569 2454 ἃς
3597 2389 3629 2442 ὁ

346 2477 642 2548 κράτιστος
681 2478 932 2550 ἐκτεμὼν
975 2481 1272 2554 εὐεργέτης
1307 2488 1370 2539 ὲκ
1393 2486 1495 2558 τῆς
1519 2487 1588 2545 δι’
1617 2489 1786 2550 αὑτοῦ
1814 2490 2057 2562 ψυχικῆς
2090 2489 2182 2563 [p.
2229 2489 2440 2563 XVIII]
2473 2489 2827 2562 χειρουργίας
2880 2485 2980 2558 τὴν
3015 2481 3286 2555 κοσμικὴν
3315 2480 3628 2551 σφύζουσαν

345 2570 510 2641 ἐξῆρε
545 2570 720 2624 νόσον.
760 2570 972 2638 Quibus
1003 2572 1220 2641 iambis,
1257 2592 1398 2646 quos
1421 2577 1570 2650 legas
1599 2579 1654 2634 in
1683 2581 1868 2650 operis
1896 2581 2146 2647 exordio,
2181 2599 2232 2636 v.
2265 2581 2357 2647 ει,
2393 2579 2578 2636 Pisida
2605 2579 2809 2635 bellum
2829 2575 3122 2637 Abaricum
3165 2581 3220 2628 et
3249 2571 3526 2628 Persicum
3559 2571 3628 2626 ab

345 2661 599 2716 Heraclio
631 2661 862 2720 feliciter
890 2666 1210 2736 suSceptum
1241 2677 1406 2738 atque
1432 2685 1464 2724 a
1493 2671 1674 2740 seipso
1701 2669 2036 2742 descriptum
2087 2679 2274 2741 aperte
2320 2669 2592 2740 designat.
2647 2666 2756 2725 Sed
2796 2667 2998 2724 clarius
3028 2666 3132 2720 hoc
3171 2663 3337 2720 etiam
3394 2661 3628 2718 demon-

345 2768 486 2814 strat
518 2760 571 2813 in
619 2758 726 2824 line
754 2777 806 2816 ν.
837 2759 964 2827 695,
1003 2763 1073 2820 ad
1111 2765 1366 2820 eumdem
1399 2765 1781 2838 imperatorem
1814 2783 1942 2824 com

2031 2783 2117 2824 sus
2161 2768 2397 2823 dicens:
2433 2766 2508 2820 Τὸ
2539 2763 2920 2836 συμπέρασμα
2960 2761 3071 2816 τῶν
3114 2759 3240 2830 ἐμοὶ
3285 2755 3628 2860 λελεγμένων

344 2859 458 2920 τοῖς
489 2857 600 2920 σοῖς
627 2857 960 2930 ὑποστήριζε
999 2857 1096 2914 τοῦ
1121 2861 1285 2930 λόγου
1307 2861 1502 2928 τόνοις.
1537 2865 1612 2918 Οὐ
1638 2863 1928 2936 δογμάτων
1960 2864 2069 2937 γὰρ
2094 2865 2254 2934 ἔσχον
2293 2861 2802 2953 ὲντριόεῖς-λόγους,
2834 2856 2920 2953 ἀεὶ
2957 2855 3164 2953 δὲμταῖς
3191 2853 3312 2953 σαξς
3344 2853 3628 2953 ὲξτριξφδςν

349 2951 711 3024 στρατηγίαις
733 2953 970 3019 πτώσεις
995 2955 1278 3027 τυράννων
1305 2955 1403 3018 καὶ
1427 2955 1638 3028 τροπὰς
1663 2957 1924 3010 ἐναντίων
1949 2958 2044 3011 καὶ
2074 2957 2202 3019 τοὺς
2229 2954 2581 3026 πολυσχεδεϊς
2599 2970 2660 3007 τε
2687 2951 2785 3006 καὶ
2813 2946 3190 3020 πολυτρόπους
3215 2941 3322 2996 τῶν
3343 2939 3452 2994 σῶν
3483 2939 3627 3006 ἀγὼ-

346 3030 456 3094 νων
483 3039 892 3114 ὲσκιαγράφουν
921 3045 1135 3114 λόγους.
1167 3043 1462 3117 Georgium
1489 3043 1725 3126 Pisidam
1781 3063 1926 3114 esse,

2037 3047 2050 3101 i
2081 3046 2150 3102 de
2185 3045 2436 3101 lleraclio
2469 3059 2534 3100 ac
2565 3043 2634 3100 de
2663 3042 2844 3113 seipso
2869 3041 2941 3096 ita
2964 3037 3250 3100 scriberet,
3279 3047 3443 3088 nemo
3467 3031 3625 3103 plane

346 3137 572 3206 negabit
596 3156 611 3192 :
635 3138 732 3194 sed
763 3149 946 3196 tamen
973 3148 1140 3196 erunt
1161 3139 1362 3210 quibus
1385 3156 1448 3196 ea
1472 3141 1714 3212 primum
1742 3141 1870 3198 inde
1893 3143 2103 3199 orietur
2123 3141 2438 3208 admiratio,
2479 3139 2628 3211 quod
2653 3139 2826 3195 altum
2851 3137 2922 3192 sit
2948 3135 3016 3192 de
3038 3135 3145 3190 hoc
3175 3138 3430 3205 poemate
3459 3129 3626 3202 silen-

347 3228 485 3282 tium
515 3227 570 3289 in
605 3226 794 3297 Suida,
825 3229 929 3306 qui.
949 3231 1192 3302 alioquin
1223 3231 1358 3288 satis
1379 3231 1616 3306 diligens
1636 3233 1858 3290 videtur
1887 3235 1944 3289 in
1971 3231 2325 3300 recensendis
2374 3233 2635 3304 operibus
2659 3229 2892 3298 Pisidae;
2920 3228 3121 3286 deinde
3150 3233 3333 3282 autem
3353 3221 3501 3294 quod
3525 3235 3626 3275 nec

347 3319 638 3380 Haltretus
660 3324 800 3396 ipse,
831 3325 925 3396 qui
959 3325 1028 3382 de
1057 3310 1254 3386 iisdem
1283 3327 1542 3384 omnibus
1577 3328 1838 3399 operibus
1868 3328 2098 3384 edendis
2123 3327 2412 3400 cogitarat,
2442 3327 2681 3398 aliquam
2715 3326 2785 3382 de
2812 3341 2880 3382 eo
2905 3323 3100 3381 fecerit
3129 3321 3486 3378 mentionem.
3518 3316 3626 3372 νου

346 3431 469 3472 rum
493 3416 822 3496 Suidas,vel
851 3419 945 3492 qui
975 3417 1029 3474 in
1067 3416 1294 3490 Suidagn
1317 3420 1499 3478 intulit
1525 3422 1816 3480 articulum
1844 3425 1912 3480 de
1941 3423 2178 3496 Georgio
2207 3423 2412 3490 Pisida,
2432 3421 2618 3480 omnia
2643 3413 2764 3490 ejus
2794 3419 2999 3488 scripta
3029 3414 3254 3470 minime
3280 3410 3473 3467 novit:
3499 3421 3622 3464 nam

345 3513 452 3564 nec
483 3490 551 3566 de
587 3490 884 3584 opusculis?
899 3512 1154 3584 superius
1177 3512 1412 3570 laudatis
1455 3515 1535 3580 si;
1565 3517 1864 3572 ἀνάστασιν
1898 3529 1942 3576 el

2020 3520 2077 3582 ig
2090 3490 2202 3574 *τὸν
2229 3518 2458 3590 μάταιον
2492 3515 2606 3588 βίον
2634 3513 2835 3584 aliquid
2869 3511 3044 3578 dixit;
3092 3523 3197 3564 nec
3226 3507 3295 3578 de
3325 3503 3470 3569 aliis,
3503 3517 3617 3574 quae

346 3599 530 3656 forsan
562 3601 908 3668 exciderunt,
933 3612 996 3659 ut
1019 3619 1086 3660 ex
1110 3603 1438 3677 fragmentis
1475 3608 1729 3680 colligere
1754 3610 1915 3676 licet,
1946 3611 2184 3682 aliquam
2215 3609 2376 3670 nobis
2405 3607 2777 3680 suspicionem
2819 3603 3072 3697 ingessit.
3102 3600 3388 3697 blaltretus
3415 3605 3615 3697 autem.

344 3693 464 3762 'qui,
492 3699 552 3750 ut
575 3693 816 3758 videtur,
848 3694 1068 3780 nonnisi
1093 3711 1158 3752 ex
1181 3697 1349 3754 Suida
1377 3698 1722 3756 intellexerat
1743 3717 1866 3772 quae
1893 3703 2207 3774 scripsisset
2225 3701 2513 3773 Georgius,
2545 3714 2610 3755 ea
2647 3699 2766 3776 ipsa
2791 3692 3214 3788 quae-descripta
3233 3690 3539 3788 invenerat
3565 3690 3621 3788 in

351 3785 519 3843 Suida
547 3785 652 3842 sibi
687 3785 832 3848 mitti
849 3775 1014 3856 petiit
1041 3787 1110 3847 ab
1144 3790 1451 3870 Holstenio,
1487 3807 1664 3862 eaque
1695 3801 1906 3849 tantum
1935 3801 2157 3864 recepta
2198 3808 2259 3851 se
2296 3791 2574 3849 editurum
2610 3775 2878 3860 promisit.
2921 3786 3110 3857 Itaque
3138 3782 3318 3870 Pisida
3352 3779 3458 3850 hoc
3490 3776 3627 3834 scri-

349 3881 462 3952 psit
489 3881 802 3953 poemation
829 3883 974 3944 circa
1007 3898 1213 3940 annum
1239 3864 1378 3949 650,.
1395 3899 1506 3954 quo
1533 3893 1784 3955 tempore
1813 3901 1842 3940 a
1876 3886 2023 3942 bello
2048 3886 2274 3942 Persico
2301 3883 2588 3974 expeditus
2619 3864 3324 3974 lleraclius‘ad‘sed‘andas
3351 3871 3561 3974 turbas
3592 3884 3624 3971 ἓ

349 3971 751 4046 Monophysitis
774 3974 1041 4031 excitatas
1065 3975 1122 4030 in
1151 3975 1400 4038 Ecclesia
1433 3991 1494 4032 se
1523 3986 1874 4036 converterat
1904 3991 1918 4029 :
1949 3986 2139 4048 aperte
2169 3977 2318 4032 enim
2355 3975 2410 4030 id
2433 3973 2762 4036 declaratur,
2789 3988 2844 4026 v.
2869 3969 2973 4027 72:
3013 3968 3168 4026 Ἐπεὶ
3191 3966 3249 4020 δὲ
3279 3964 3374 4018 καὶ
3403 3964 3500 4018 νῦν
3527 3964 3624 4014 τυῧ

351 4065 648 4136 γαληναεου
670 4064 878 4137 τρόπου
907 4067 942 4137 ή
976 4067 1261 4138 πρακτική
1291 4083 1352 4122 τε
1379 4066 1477 4120 καὶ
1503 4067 1644 4138 σοφὴ
1667 4067 1978 4138 στρατηγία.
2003 4066 2140 4138 πρὸς
2157 4065 2258 4130 τὰς
2285 4063 2506 4134 γραφὰς
2541 4061 2812 4136 μετῆλθεν
2843 4061 2909 4113 ὲκ
2929 4057 3038 4113 τῶν
3063 4055 3392 4128 Βαρϐάρων,
3417 4054 3566 4116 ὅπως
3595 4051 3624 4104 ό

351 4156 550 4219 πείσας
579 4157 811 4230 ἠρεμεῖν
837 4155 916 4230 [ρ.
950 4153 1100 4228 XIX]
1143 4157 1272 4220 τοὺς
1309 4156 1634 4230 Βαρϐάρους
1679 4159 1844 4231 πείσῃ
1876 4159 1948 4212 σὺ

2027 4157 2190 4222 iocor;
2225 4158 2458 4231 ἠρεμεῖν
2490 4155 2593 4218 τὰς
2627 4153 2891 4224 αἱρέσεις.
2930 4150 3134 4206 Contra
3159 4163 3323 4220 quem
3353 4156 3536 4204 autem
3567 4153 3624 4202 et

351 4269 456 4322 qua
489 4261 672 4306 mente
703 4253 820 4308 haec
844 4251 1129 4324 scripserit
1153 4254 1444 4328 Georgius,
1477 4258 1665 4314 multis
1687 4259 2092 4330 disputavimus
2119 4258 2173 4312 in
2203 4255 2430 4322 Monito,
2465 4255 2609 4327 quod
2641 4255 2748 4310 hoc
2771 4253 2955 4348 ipsum
2981 4248 3310 4348 poemation
3341 4242 3622 4348 praecedit:

352 4345 524 4401 ltecte
561 4345 780 4416 quidem
810 4347 868 4410 in
899 4345 1162 4402 Severum
1190 4349 1357 4408 habet
1385 4350 1606 4406 titulum
1639 4368 1652 4404 :
1687 4367 1812 4406 nam
1841 4351 2142 4422 quemlibet
2171 4363 2295 4404 esse
2323 4348 2476 4405 dicas
2515 4363 2637 4404 eum
2665 4359 2826 4418 quem
2855 4341 2958 4399 sub
2981 4341 3089 4439 hoc
3127 4339 3355 4396 nomine
3385 4335 3625 4439 exagitat

351 4439 556 4506 Pisida,
593 4438 1019 4510 liionophysismi
1045 4453 1264 4494 errores
1290 4439 1453 4513 plane
1479 4441 1570 4496 hic
1599 4440 1932 4509 refutantur,
1975 4442 2136 4514 cujus
2172 4441 2448 4496 haereseos
2465 4439 2608 4496 idem
2645 4439 2884 4494 Severus
2907 4433 3180 4488 maximus
3209 4441 3477 4503 patronus
3501 4428 3623 4483 fuit.

353 4531 464 4588 Sed
500 4540 689 4587 nostra
719 4532 940 4602 quidem
967 4531 1244 4588 sententia
1269 4541 1374 4596 est,
1398 4532 1502 4588 sub
1529 4533 1757 4588 nomine
1777 4532 1968 4588 Severi
1991 4533 2310 4604 episcopum
2341 4531 2581 4602 aliquem
2607 4527 2860 4602 intelligi,
2892 4527 2986 4600 qui
3012 4526 3200 4582 Severi
3232 4525 3432 4596 placita
3457 4531 3512 4578 et
3537 4521 3622 4576 do-

353 4627 584 4682 ctrinam
615 4634 807 4683 contra
844 4625 1116 4690 catholica
1149 4627 1404 4700 dogmata
1435 4637 1546 4684 tum
1579 4630 1843 4700 temporis
1883 4629 2084 4685 acriter
2108 4637 2370 4694 tueretur,
2405 4635 2460 4682 et
2493 4626 2658 4697 hujus
2702 4634 2866 4681 sectm
2906 4631 3030 4696 post
3075 4621 3338 4680 Severum
3385 4619 3624 4688 aliosque

353 4719 474 4786 ejus
499 4718 742 4774 asseclas
771 4727 937 4790 caput
962 4727 1018 4774 et
1046 4729 1202 4790 pater
1233 4721 1560 4784 exsisteret;
1592 4737 1720 4776 nam
1761 4736 1887 4776 eum
1917 4735 2040 4776 esse
2089 4721 2354 4776 Joannem
2389 4717 2750 4789 PhiIOponum
2771 4760 2787 4784 ,
2821 4717 2916 4790 qui
2954 4715 3142 4772 Severi
3189 4723 3434 4813 tempore
3467 4711 3620 4813 ﬂore-

353 4812 449 4866 bat
473 4821 532 4867 et
566 4826 598 4866 a
649 4809 838 4867 Severi
871 4812 1121 4882 partibus
1146 4808 1386 4880 primum
1419 4811 1592 4876 stetit,
1623 4809 1820 4866 deinde
1849 4825 1982 4865 vero
2029 4811 2100 4864 ab
2129 4825 2194 4865 eo
2225 4808 2514 4864 discedens
2555 4807 2871 4864 Tritheismi
2903 4807 3108 4862 sectam
3147 4804 3456 4869 constituit,
3487 4813 3548 4876 ut
3572 4804 3626 4855 in

355 4899 770 4972 Prolegomenis
791 4901 858 4956 ad
891 4901 1258 4956 Hexaemeron
1293 4899 1632 4963 declaratum
1665 4907 1771 4966 est,
1794 4915 1904 4955 non
1937 4901 2293 4960 concedimus
2319 4898 2517 4954 Allatio
2545 4899 2797 4975 aliisque,
2835 4897 2929 4968 qui
2975 4898 3096 4968 ejus
3125 4895 3508 4952 auctoritatem
3541 4907 3625 4948 se-

358 4994 472 5050 cuti
503 4995 754 5050 sunt.’Et
781 5009 881 5050 cur
903 4994 1051 5051 enim
1076 4997 1240 5052 malis
1268 4995 1658 5068 Philoponum,
1686 4997 1755 5054 de
1778 5013 1888 5068 quo
1926 4997 2066 5052 nihil
2111 4997 2165 5052 in
2201 5007 2314 5052 toto
2360 5006 2610 5068 poemate
2648 4996 2908 5060 occurrit,
2938 5011 3102 5066 quam
3127 4993 3394 5050 Severum
3425 4991 3628 5063 ipsum,

359 5084 454 5155 qui
490 5082 694 5140 diserte
716 5083 1056 5150 nominatur,
1084 5086 1200 5142 suis
1241 5085 1394 5142 hisce
1426 5087 1622 5144 iambis
1650 5096 1836 5159 petere
1881 5087 2157 5144 Pisidam?
2189 5087 2298 5144 Sed
2341 5088 2598 5143 Allatium
2633 5089 2881 5159 aliosque
2911 5088 2964 5142 in
2992 5100 3236 5142 errorem
3283 5085 3511 5140 adduxit
3537 5081 3632 5138 Ni-

359 5181 588 5254 cephor.
613 5181 848 5250 Callist.,
880 5183 1024 5239 inter
1043 5197 1141 5239 eos
1161 5183 1253 5256 qui
1281 5191 1472 5237 contra
1497 5180 1792 5254 Philopon.
1817 5184 2162 5254 scripserunt
2182 5182 2380 5256 Georg.
2409 5193 2659 5239 nostrum
2691 5183 2772 5240 sic
2796 5183 3186 5243 adnumerans,
3215 5181 3252 5236 ι.
3283 5196 3438 5241 xvm.
3457 5195 3506 5234 c.
3527 5179 3593 5234 48
3617 5191 3632 5226 :

373 5276 501 5332 Ἐπὶ
527 5275 586 5332 δὲ
610 5276 786 5349 τούτῳ
812 5275 889 5344 (id
919 5286 1026 5340 est,
1059 5285 1184 5348 post
1227 5276 1558 5332 Leontinum
1604 5274 1962 5348 monachum)

2033 5277 2086 5332 αἱ
2117 5278 2147 5332 ό
2179 5275 2484 5346 θαυμάσιος
2507 5277 2754 5340 διάκονος
2787 5276 2883 5329 καὶ
2913 5273 3329 5347 ρεφερενδάριος
3360 5272 3630 5344 Γεὼργεος

361 5371 392 5422 ὁ
419 5369 702 5441 Πισσξδης,
733 5367 1033 5441 ἡλικιώτης
1061 5369 1138 5424 ὢν
1173 5369 1390 5441 ἐκείνῳ,
1423 5373 1472 5425 εἰ
1501 5371 1598 5424 καὶ
1626 5368 1706 5442 τῷ
1731 5370 1913 5442 χρόνῳ
1949 5368 2073 5424 λίαν
2111 5367 2399 5442 νεώτερος,
2437 5372 2494 5423 ὲν
2521 5369 2735 5440 ἰάμϐων
2767 5369 2990 5440 μέτροις
3020 5367 3289 5439 ἀρίστοις,
3316 5365 3509 5438 ὥσπερ
3551 5365 3636 5418 εἴ-

363 5467 515 5518 θιστο
529 5466 785 5538 γράφειν,
809 5465 948 5535 πρὸς
977 5465 1082 5537 τὴν
1111 5467 1416 5540 εἰρημένην
1441 5467 1659 5538 αἵρεσιν
1699 5467 1945 5530 ἀντιϐὰς,
1988 5467 2085 5522 καὶ
2117 5466 2340 5520 παιδιὰν
2379 5465 2582 5537 σπουδῇ
2630 5464 2920 5536 κεραννὺς,
2961 5459 3104 5513 οὕτω
3135 5475 3252 5520 πως
3277 5455 3638 5527 διεξέρχεται,

367 5557 575 5628 σφόδρα
593 5556 890 5626 διελέγχων
917 5558 979 5612 τὸ
1001 5557 1226 5612 ἄτοπον.
1243 5556 1559 5629 Ψηφὶξεται
1579 5555 1778 5610 Θᾶττον
1799 5555 1930 5626 μίαν
1947 5571 2008 5610 τε
2036 5551 2136 5610 καὶ
2158 5556 2309 5627 μίαν·
2337 5556 2388 5608 ει
2421 5555 2530 5626 γὰρ
2561 5553 2689 5626 μίαν
2715 5571 2775 5608 τε
2792 5553 2890 5608 καὶ
2921 5551 3049 5623 μίαν
3073 5549 3256 5616 λέγεις
3289 5547 3440 5618 μίαν,
3466 5546 3638 5616 γέλως

364 5655 426 5704 το
452 5652 642 5723 λεχθὲν
667 5653 914 5722 γίγνεται
945 5655 1038 5710 καὶ
1063 5654 1396 5718 παιδίοις.“0
1421 5653 1480 5708 δέ
1509 5651 1923 5724 φησι,τοιοῡτον
1945 5652 2112 5708 ἐστιν’
2143 5643 2480 5725 Ὀμολογεῖς,
2499 5651 2654 5722 φησὶ,
2671 5647 3074 5722 φιλοπονώτατε
3096 5647 3192 5700 καὶ
3213 5642 3635 5716 φιλοσοφώτατε,

365 5745 458 5801 δύο
479 5747 673 5817 φύσεις
695 5745 944 5818 ἡνῶσθαι
965 5751 1041 5824 τῷ
1065 5751 1246 5822 Λόγῳ,
1277 5749 1403 5820 μίαν
1423 5750 1522 5822 τῆς
1545 5749 1803 5822 θεότητος
1833 5748 1927 5804 καὶ
1949 5747 2079 5821 μίαν
2104 5748 2205 5821 τῆς
2227 5747 2648 5821 ἁνθρωπότητος
2669 5763 2682 5778 ·
2708 5748 2758 5800 εἰ
2783 5747 2964 5801 τοίνυν
2983 5742 3075 5797 δύο
3103 5741 3292 5814 φύσεις
3310 5740 3488 5805 λέγεις
3515 5755 3638 5792 συν-
