4044 6408
296 331 428 402 1177
1705 334 2117 396 ΡΒΕΡΛΤΙΟ.
3407 324 3542 388 Ηῗς

297 451 606 525 ἐληλυθέναι
629 448 796 521 αὐτῷ,
813 447 928 512 πῶς
949 449 1026 512 εἰς
1049 449 1178 520 μίαν
1199 443 1354 512 αὖθις
1376 448 1472 513 τὰς
1497 445 1588 503 δύο
1609 448 1918 512 coccinei;
1939 467 1954 514 ;
1972 448 2124 518 φησι·
2161 447 2258 518 μία
2279 445 2386 518 γὰρ
2411 445 2506 499 καὶ
2527 441 2629 516 μία
2647 441 2764 508 δύο,
2785 440 2900 498 ἀλλ’
2929 441 3049 512 οὐχὶ
3075 439 3193 511 μία.
3219 439 3397 502 Γέλως
3409 436 3543 505 γοῦν

293 545 439 608 siti;
466 541 606 598 ἀὰτὰ
634 542 728 595 τοῦ
752 541 919 596 αὐτοῦ
939 544 1297 616 ὑποκειμένου
1325 543 1422 597 δύο
1451 543 1784 614 κατηγοροίη
1809 542 1889 615 [ρ.
1907 542 2030 616 XX]
2060 543 2204 607 τινὰ,
2221 543 2316 596 καὶ
2349 535 2510 603 αὖθις
2543 537 2602 591 ἓν
2629 536 2792 591 πάλιν
2819 536 2890 590 τὰ
2913 535 3140 590 τοιαῦτα.
3169 536 3396 588 ποιοῖτο.
3413 530 3544 586 Haec

295 643 476 690 autem
505 631 686 688 omnia
713 641 860 688 recte
896 647 926 688 a
959 631 1264 704 Nicephoro
1294 633 1360 688 ad
1401 633 1598 688 Pisidae
1627 633 1792 690 verba
1822 633 2163 704 explananda
2195 632 2340 687 dicta
2375 645 2496 686 esse
2523 627 2780 694 fatemur,
2811 625 2908 681 sed
2947 623 3182 680 Pisidam
3230 622 3406 692 ipsum
3453 620 3546 674 hic

297 730 614 799 impugnare
631 719 992 796 Philoponum
1023 741 1302 798 negamus.
1325 726 1486 780 Error
1506 726 1653 781 enim
1691 725 1978 796 Philoponi
2009 718 2318 796 prmcipuus
2351 722 2450 778 fuit
2481 732 2542 778 ut
2570 722 2896 793 hypostases
2923 731 2956 772 a
2982 717 3193 771 naturis
3220 729 3330 769 non
3351 713 3548 769 distin-

295 826 501 891 gueret,
523 830 588 872 ac
603 816 834 888 proinde
851 826 964 873 tres
985 827 1206 873 naturas
1227 817 1282 872 in
1302 816 1397 874 SS.
1419 815 1687 872 Trlnitate
1708 815 2024 882 a'liirmaret,
2047 816 2191 870 unde
2219 815 2464 870 tritheita
2493 812 2695 885 passim
2723 810 2910 875 audit;
2931 807 2998 862 ad
3029 821 3188 877 quam
3221 803 3544 859 sententiam

297 909 638 967 refutandam
673 909 752 965 nil
800 909 1008 966 faciunt
1051 911 1216 966 iambi
1259 926 1398 981 quos
1454 926 1522 966 ex
1553 909 1732 966 Pisida
1775 909 1979 986 profert
2005 909 2371 980 Nicephorus.
2425 909 2592 962 Error
2629 913 2811 959 autem
2843 903 3043 958 Severi
3077 907 3244 968 atque
3297 895 3545 951 omnium

295 995 793 1068 Monophysitarum
821 997 924 1052 fuit
959 1007 1018 1052 ut
1041 1013 1204 1053 unam
1227 1013 1291 1052 ex
1321 997 1532 1053 duabus
1559 997 1613 1051 in
1641 983 1863 1052 Christo
1893 1007 2141 1054 naturam
2173 1005 2296 1066 post
2320 997 2606 1059 unionem,
2639 994 2744 1048 hoc
2791 1000 2876 1045 est
2919 989 2973 1044 in
3007 983 3404 1042 incarnatione,
3457 997 3548 1036 as-

298 1067 580 1149 sererent;
609 1083 771 1155 cujus
793 1083 1134 1139 deliramenti
1158 1083 1458 1155 praestigias
1485 1099 1726 1154 nequeas
1763 1084 1955 1139 melius
1985 1084 2244 1155 detegere
2275 1079 2442 1152 atque
2485 1081 2830 1150 impugnare,
2892 1089 3057 1146 quam
3109 1072 3152 1126 si
3209 1085 3332 1124 cum
3369 1067 3548 1121 Pisida

303 1171 448 1228 dicas
479 1187 494 1224 :
537 1169 676 1227 Heus
705 1180 782 1236 tu,
811 1169 1014 1236 Severe,
1042 1173 1089 1226 si
1114 1180 1162 1227 te
1175 1189 1278 1227 non
1307 1183 1629 1244 repugnante
1663 1171 1833 1225 altera
1867 1179 1939 1226 est
1965 1172 2279 1235 divinitatis,
2303 1169 2477 1224 altera
2506 1185 2628 1222 vero
2645 1163 3000 1220 humanitatis
3029 1161 3083 1213 in
3107 1157 3310 1213 Christo
3328 1165 3546 1216 natura,

305 1261 556 1331 quomodo
583 1259 811 1315 alteram
841 1268 891 1314 et
920 1261 1146 1315 alteram
1180 1273 1342 1316 unam
1369 1276 1478 1316 esse
1504 1261 1682 1315 dicis?
1713 1259 1900 1314 Nonne
1926 1259 2023 1312 hoc
2051 1259 2212 1312 etiam
2242 1257 2416 1326 pueris
2437 1255 2713 1310 ridendum
2741 1252 2862 1315 erit,
2910 1249 3001 1320 qui
3041 1245 3198 1316 plane
3246 1251 3434 1297 norunt
3485 1256 3552 1294 ea:

212 1401 230 1434 ς
305 1363 410 1434 una
440 1354 492 1400 et
529 1363 638 1401 una
667 1363 770 1434 non
805 1363 990 1412 unam,
1025 1349 1118 1402 sed
1149 1348 1286 1402 duas
1317 1349 1606 1403 coalescere
1634 1346 1892 1401 naturas?
1921 1347 2097 1415 Atque
2121 1343 2237 1398 haec
2267 1343 2338 1396 ita
2374 1341 2534 1412 plane
2561 1337 2878 1409 accipienda
2904 1349 3027 1390 esse
3048 1330 3233 1403 operis
3260 1335 3550 1384 contextus

305 1431 642 1530 demonstrat
677 1450 693 1489 :
731 1433 803 1488 ita
843 1433 993 1490 enim
1022 1441 1186 1505 atque
1231 1435 1338 1490 hoc
1380 1435 1542 1505 plane
1589 1448 1750 1489 sensu
1781 1431 1979 1488 laudati
2013 1445 2045 1485 a
2074 1429 2386 1500 Nicephorq
2415 1426 2580 1482 iambi
2627 1425 2685 1480 in
2719 1423 2984 1479 Severum
3033 1419 3446 1487 intorquentur,
3487 1419 3551 1466 ut

590 1526 602 1530 -
756 1519 855 1530 ι...-
1158 1521 1179 1530 ..
1239 1521 1254 1530 .
1403 1529 1408 1530 ,
1569 1519 1602 1530 ..
1784 1519 1840 1530 η.
2036 1517 2050 1530 ο
2077 1518 2087 1530 .
2167 1525 2178 1530 -
2560 1528 2570 1530 ,
2592 1522 2628 1530 κ.
2654 1503 3394 1530 ιτΞΑΑ-ιιιι-...υιι.-ιι-.,.2-ι..οιιι-.
3428 1512 3550 1530 naua

228 1561 237 1568 .
305 1518 495 1574 videre
523 1526 630 1585 est,
660 1536 716 1574 v.
751 1519 858 1575 655
885 1529 941 1576 et
973 1503 1126 1591 seqq.
1157 1521 1291 1578 Inde
1322 1503 1503 1578 autem
1530 1519 1692 1576 etiam
1719 1519 1941 1590 colligas
1967 1517 2250 1577 evidenter
2275 1530 2468 1572 omnes
2509 1522 2636 1584 post
2654 1503 3397 1591 Nicephorumhallucinatos
3427 1512 3550 1556 esse

309 1606 622 1677 scriptores,
653 1607 746 1676 qui
772 1622 840 1663 eo
873 1607 1015 1664 duce
1049 1587 1306 1665 dixerunt
1331 1608 1570 1664 Pisidam
1601 1608 1754 1664 hisce
1785 1587 2012 1663 senariis
2039 1605 2401 1675 Philoponum
2448 1602 2743 1657 lacessere.
2788 1600 2980 1668 Itaque
3029 1592 3258 1648 Alliatius
3311 1587 3548 1677 primnm

309 1693 416 1751 hoc
446 1693 756 1750 testimonio
795 1693 1089 1766 Nicephori
1128 1695 1300 1754 fretus
1338 1710 1582 1752 asserere
1608 1710 1717 1750 non
1745 1693 2010 1750 dubitavit
2028 1667 2321 1763 Georgium
2337 1697 2588 1745 nostrum
2617 1687 2804 1757 aliquo
2838 1667 3047 1753 seripto
3071 1679 3339 1735 Joannem
3363 1667 3552 1728 Phﬂo-

308 1795 514 1856 ponum
548 1780 774 1851 ejusque
810 1759 1138 1839 sectatorum
1163 1781 1417 1838 haeresim
1447 1797 1815 1854 Oppugnasse;
1837 1781 2051 1839 Caveus
2075 1759 2256 1835 autem
2285 1787 2341 1834 et
2368 1776 2614 1832 Oudinus
2645 1773 2889 1846 ejusdem
2911 1765 3200 1838 Nicephori
3227 1759 3554 1821 auctoritate

309 1875 368 1922 et
381 1865 484 1923 ﬁde
501 1869 630 1923 moti
658 1867 715 1923 in
738 1867 1100 1940 Philoponum
1127 1869 1411 1940 scripsisse
1428 1845 1666 1926 Pisidam
1687 1885 1785 1940 pro
1802 1845 1864 1924 re
1885 1877 2034 1925 certa
2052 1867 2356 1922 habuerunt
2374 1883 2390 1934 ;
2426 1864 2523 1920 sed
2547 1845 2833 1931 cumquod
2847 1859 2950 1912 hoc
2963 1863 3111 1911 esset
3130 1866 3268 1924 opus
3291 1850 3347 1904 in
3364 1845 3554 1900 Philo-

311 1969 517 2024 ponum
545 1955 807 2026 scriptum
835 1957 1168 2028 ignorarent,
1199 1956 1382 2012 omnia
1413 1933 1706 2031 perperam
1727 1951 2020 2012 miscentes
2043 1961 2099 2008 et
2129 1954 2185 2008 in
2219 1933 2389 2007 unum
2409 1949 2832 2012 confundentes,
2859 1959 2969 1998 non
2991 1940 3136 1996 aliud
3161 1951 3324 2010 quam
3340 1933 3556 1988 Hexae-

311 2055 503 2096 meron
543 2041 674 2096 illud
705 2056 827 2097 esse
868 2042 1227 2112 judicarunt:
1270 2056 1393 2098 cum
1429 2019 1614 2097 autem
1652 2042 1707 2096 in
1751 2057 1816 2098 eo
1849 2050 2100 2112 poemate
2129 2041 2388 2096 Proclum
2433 2035 2704 2093 nominari
2755 2027 3291 2090 animadvertissent,
3349 2019 3558 2076 nullam

313 2126 472 2180 aliam
506 2141 626 2183 esse
662 2128 929 2183 rationem
956 2136 1311 2184 autumarunt
1337 2127 1662 2184 conciliandi
1690 2106 1884 2184 Pisidae
1904 2142 2030 2183 cum
2056 2129 2386 2198 NiCephoro,
2415 2139 2578 2196 quam
2613 2122 2660 2178 si
2685 2121 2934 2176 dicerent
2961 2116 3062 2170 sub
3085 2121 3230 2170 tecto
3255 2106 3433 2164 Procli
3455 2121 3559 2160 no-

313 2213 462 2267 mine
481 2211 844 2284 Philoponum
870 2215 1118 2288 intelligi.
1149 2214 1257 2272 Sed
1297 2215 1578 2272 Fabricius
1623 2230 1728 2270 nec
1760 2215 1978 2272 Oudino
2010 2224 2067 2270 et
2104 2191 2283 2270 Caveo
2334 2191 2588 2268 concedit
2615 2209 2760 2265 idem
2803 2216 3084 2274 unumque
3141 2213 3264 2254 esse
3308 2209 3448 2266 Opus
3501 2191 3560 2245 in

245 2341 256 2350 .
314 2300 682 2371 Philoponum
714 2317 840 2358 eum
869 2279 1224 2379 Hexaeinerq,
1260 2319 1366 2359 nec
1395 2319 1526 2358 cum
1560 2303 1758 2358 Allatio
1785 2305 2078 2372 consentit,
2099 2303 2190 2373 qui
2213 2301 2486 2372 singulare
2518 2312 2710 2369 poema
2755 2293 3022 2350 adversus
3066 2285 3319 2344 eumdem
3373 2279 3562 2374 Philo:-

313 2403 522 2458 ponum
566 2389 822 2458 admittit,
854 2391 950 2446 sed
983 2391 1164 2462 potius
1194 2362 1488 2447 existimat
1512 2391 1752 2446 Pisidam
1781 2391 1953 2446 tribus
1983 2362 2086 2445 illis
2117 2362 2828 2444 tantummodo-versiculis
2859 2377 3234 2436 tritheismum
3267 2362 3562 2438 PhiIOponi

315 2478 544 2548 ejusque
579 2481 930 2551 computandi
965 2481 1019 2536 in
1049 2481 1248 2537 divinis
1283 2483 1644 2536 temeritatem
1677 2476 2080 2550 perstrinxisse.
2115 2473 2223 2530 Sed
2250 2474 2366 2528 lucc
2391 2471 2572 2527 omnia
2603 2485 2670 2524 ex
2717 2466 2939 2540 ingenio
2970 2469 3424 2530 unumquemque
3461 2467 3562 2506 suo

317 2564 502 2619 minus
539 2575 686 2622 recte
715 2565 1014 2622 aﬂirmasse
1043 2567 1152 2638 jam
1197 2575 1412 2622 constat
1439 2581 1504 2620 ex
1551 2546 1946 2635 hoo'poemate
1997 2563 2050 2616 in
2085 2559 2356 2625 Severum,
2396 2559 2452 2614 in
2504 2573 2614 2630 quo
2654 2555 2840 2610 Pisida
2873 2553 3138 2608 Severum
3193 2546 3397 2615 ipsum,
3449 2553 3561 2592 non

317 2649 686 2722 Philoponum
733 2628 1059 2710 insectatur:
1099 2653 1292 2710 Utrum
1323 2663 1506 2708 autem
1561 2628 1746 2706 Niceta
1789 2649 2105 2714 Cboniates,
2157 2661 2321 2717 quem
2354 2628 2582 2698 Allatius
2626 2641 2702 2697 ait
2755 2641 2848 2695 lib.
2883 2655 2919 2692 ι
2967 2631 3218 2690 Thesauri
3265 2628 3567 2722 orthodoxae

319 2737 442 2806 ﬁdei
473 2740 720 2794 adversus
752 2741 1154 2812 Monophysitas,
1183 2739 1402 2795 eosdem
1434 2747 1544 2793 tres
1571 2753 1760 2793 versus
1791 2736 2034 2799 laudare,
2055 2711 2201 2791 dicat
2219 2748 2341 2790 esse
2372 2732 2492 2787 illos
2519 2739 2710 2786 contra
2732 2727 3093 2794 Phil0ponum
3127 2717 3378 2786 scriptos,
3403 2711 3568 2783 plane

319 2825 540 2892 nescio;
569 2842 878 2898 quanquam
927 2799 1072 2882 enim
1107 2827 1335 2882 multum
1363 2826 1604 2882 studiose
1636 2825 1799 2894 hujus
1829 2823 2094 2878 Thesauri
2123 2821 2338 2877 codices
2374 2821 2430 2876 in
2460 2817 2718 2873 Romanis
2746 2811 3094 2870 bibliothecis
3113 2799 3564 2874 conquisiverim.

323 2913 510 2968 izullibi
541 2923 720 2969 tamen
747 2915 879 2970 mihi
905 2913 1127 2985 contigit
1153 2929 1247 2968 eos
1275 2911 1548 2976 invenire;
1590 2920 1648 2968 ut
1677 2885 1900 2965 omnino
1947 2909 2249 2964 admirarer
2293 2907 2440 2960 unde
2504 2903 2610 2958 hoc
2639 2901 2847 2956 Nicetaa
2888 2893 3262 2952 testimonium
3297 2885 3571 2943 hausisset

321 3002 574 3058 Ailatius.
615 3003 800 3073 Nuper
838 3012 1020 3059 autem
1049 2975 1178 3058 cum
1210 2975 1543 3057 Florentiam’
1563 2999 1740 3072 fausto
1766 2995 2174 3053 clementissimi
2212 2993 2476 3064 principis
2519 2991 2760 3046 adventu
2801 2986 3218 3042 eohonestatam
3270 2975 3567 3034 venissem,

319 3087 565 3142 codicem
594 3063 940 3145 bibliothecae
971 3067 1597 3144 Medico-Laurentianze
1635 3080 1976 3139 Thesaurum
2020 3063 2227 3138 Nicetes
2271 3081 2648 3137 continentem
2695 3074 2982 3146 diligenter
3023 3068 3224 3134 evolvi,
3277 3074 3331 3120 et
3371 3063 3572 3118 librum

319 3174 595 3231 decimum
622 3177 817 3232 iterato
842 3175 970 3248 legi,
1005 3189 1108 3230 nec
1129 3173 1347 3246 uspiam
1382 3182 1567 3230 tamen
1603 3170 1888 3228 memorari
1939 3171 2177 3227 Pisidam
2209 3167 2569 3239 deprehendi.
2621 3163 2804 3232 Quare
2836 3157 3079 3230 suspicio
3127 3155 3262 3210 mihi
3299 3158 3416 3207 orta
3461 3157 3571 3210 est,

319 3265 378 3318 in
401 3281 470 3320 eo
501 3265 686 3321 codice
720 3265 903 3322 forsan
925 3265 1103 3335 aliqua
1137 3278 1259 3320 esse
1287 3263 1490 3319 omissa
1519 3277 1588 3316 ex
1615 3260 1682 3316 iis
1709 3274 1831 3330 quae
1857 3259 1914 3312 in
1937 3259 2210 3314 Allatiano
2256 3235 2598 3328 legebantur.
2655 3251 2854 3305 Fatear
2899 3247 3070 3309 enim,
3127 3240 3286 3298 sicuti
3332 3235 3572 3293 mentio-

319 3371 453 3413 nem
494 3353 688 3409 Pisidae
715 3351 941 3424 ingessit
970 3323 1180 3417 Niceta,
1222 3351 1277 3406 id
1305 3350 1468 3422 plane
1505 3348 1687 3404 facere
1705 3323 1891 3403 debuit
1917 3360 1985 3402 eo
2015 3346 2069 3400 in
2092 3345 2233 3400 libro
2263 3323 2426 3414 quem
2456 3340 2684 3396 Allatius
2708 3336 2960 3407 designat
2991 3351 3004 3387 :
3037 3331 3110 3387 ibi
3148 3329 3298 3385 enim
3339 3323 3574 3380 multum

320 3443 572 3516 apposite
606 3441 881 3496 variorum
908 3447 1192 3495 auctorum
1216 3437 1286 3494 de
1324 3435 1764 3506 Menephysismo
1789 3428 2074 3490 sententia:
2113 3431 2452 3489 referuntur.

479 3496 804 3600 _’E_yxu')p.tov
829 3527 908 3592 εἰς
939 3527 1033 3581 τὸν
1058 3525 1315 3598 μάρτυρα
1347 3496 1700 3578 Ἀναᾶτᾶσιον
1719 3539 1732 3554 ο
1759 3519 1990 3576 Εηεοηιὶι

1981 3536 2070 3574 um
2114 3518 2366 3587 martyris
2411 3513 2710 3578 Anastasii,
2751 3509 2828 3583 [ρ.
2863 3504 3010 3600 xm]
3058 3503 3205 3600 quod
3251 3501 3380 3600 olim
3409 3496 3577 3552 fuisse

322 3636 430 3676 ms.
464 3619 521 3674 in
550 3587 1450 3684 bibli'otheca'Antonii'Augustini
1479 3619 1712 3666 testatur
1735 3608 1985 3663 Allatius.
2035 3603 2148 3660 Nos
2193 3604 2285 3658 diu
2331 3601 2622 3672 quaesitum
2667 3591 3242 3652 tandem-invenimus
3291 3587 3350 3640 in
3403 3597 3582 3653 nuper

566 3673 904 3761 bibliotheca
933 3673 1560 3760 Medico-Laurentiana,
1590 3695 1727 3766 plut.
1751 3695 1804 3760 9,
1832 3709 1891 3748 n.
1927 3692 1993 3746 15
2028 3706 2042 3742 :
2100 3689 2198 3745 sed
2229 3687 2451 3744 nonnisi
2488 3699 2686 3757 magno
2715 3681 2894 3755 pretio
2913 3678 3074 3735 nobis
3103 3675 3258 3732 licuit
3297 3673 3418 3744 ejus
3445 3685 3582 3740 apo-

330 3794 594 3867 graphum
640 3791 910 3857 obtinere,
945 3797 1002 3844 et
1040 3787 1187 3859 quod
1231 3785 1425 3842 durius
1482 3791 1586 3850 est,
1621 3795 1760 3851 opus
1797 3779 1960 3834 etiam
2013 3779 2117 3836 fuit
2159 3779 2293 3834 illud
2320 3776 2651 3832 Florentiam
2686 3774 2885 3829 iterum
2918 3769 3138 3825 mittere
3181 3775 3389 3822 etcum
3419 3769 3580 3816 auto-

329 3845 539 3954 grapho
567 3871 838 3945 conferre,
869 3845 1159 3948 propterea
1189 3872 1336 3946 quod
1365 3845 1716 3928 amanuensi's
1746 3862 1922 3922 inutili
1953 3879 2018 3920 ac
2045 3863 2207 3934 plane
2252 3859 2480 3916 ridicula
2527 3857 2762 3928 quadam
2804 3852 3086 3924 diligentia
3127 3847 3331 3905 codicis
3380 3845 3584 3900 chara-

327 3986 512 4034 cteres
557 3989 731 4031 nexus
771 3973 1186 4042 litterarumque
1229 3970 1426 4025 ductus
1479 3980 1672 4022 omnes
1711 3971 1943 4021 conatus
1973 3957 2306 4042 exprimere,
2337 3968 2402 4009 ea
2444 3969 2514 4008 ne
2548 3950 2649 4022 legi
2699 3955 2926 4020 possent
2953 3944 3230 4000 effecerat.
3273 3937 3352 3994 Ex
3385 3951 3492 4008 qua
3524 3949 3586 3988 re

328 4059 534 4117 mirum
579 4067 713 4131 quot
759 4057 896 4114 mihi
950 4025 1260 4112 sunt‘ortze
1307 4051 1574 4108 molestiae
1605 4068 1618 4104 :
1655 4063 1784 4104 nam
1809 4025 2065 4118 quinque—
2101 4043 2302 4115 integri
2341 4042 2469 4097 anni
2497 4041 2758 4108 deinceps
2785 4035 2954 4106 elapsi
2975 4041 3124 4094 sunt,
3157 4038 3446 4098 antequam
3482 4025 3587 4078 hoc

329 4149 536 4222 grando
565 4118 846 4218 negotium
869 4143 1181 4205 absolutum
1227 4141 1548 4211 reciperem.
1594 4135 1848 4196 Eucomii
1889 4135 1978 4190 vel
2019 4131 2281 4188 orationis
2318 4137 2597 4185 auctorem
2651 4139 2773 4182 esse
2819 4122 3056 4179 Pisidam
3101 4118 3310 4174 faciunt
3365 4120 3427 4168 ut
3461 4125 3586 4166 cre-

2157 4221 2167 4222 ,
2336 4218 2348 4222 -
2702 4213 2735 4222 .,
3178 4206 3217 4222 n,
3307 4209 3362 4222 --Α
3421 4197 3581 4222 ..-ι-,2η

329 4197 529 4294 damus
560 4243 616 4290 et
639 4197 771 4288 itote
801 4199 1064 4302 temporis
1095 4235 1150 4284 et
1181 4197 1366 4284 rerum
1397 4225 1630 4281 aﬂinitas
1667 4233 1724 4280 et
1767 4224 1886 4296 styli
1915 4237 2039 4276 cum
2069 4221 2208 4292 stylo
2237 4218 2422 4274 nativa
2472 4213 2836 4288 germanitas;
2876 4225 2999 4280 quae
3047 4206 3252 4268 omnia,
3307 4209 3390 4257 ut-
3421 4197 3582 4253 nobis

331 4325 556 4397 quidem
579 4321 818 4400 videtur,
839 4288 973 4376 saltis
1001 4327 1189 4390 aperte
1213 4317 1680 4372 demonstrantur.
1709 4288 1980 4368 Caeterum
2010 4288 2177 4363 unum
2211 4308 2316 4362 hoc
2347 4311 2526 4360 exstat
2557 4301 2754 4369 Pisidae
2774 4296 3098 4370 opusculum
3130 4293 3306 4349 soluta
3337 4288 3586 4344 oratione

1351 4392 1356 4396 ι
1810 4399 1815 4400 ,
1894 4398 1901 4400 _
2198 4393 2242 4400 ,Α
2982 4398 2992 4400 μ
3030 4397 3129 4400 πη-
3200 4379 3307 4400 o--|
3358 4377 3464 4400 1...-
3503 4374 3556 4400 ε..

336 4374 556 4397 “ι“““-----
803 4374 818 4388 ι
851 4374 896 4376 η
1023 4374 1054 4390 κ.

333 4413 604 4482 scriptum
635 4425 656 4464 .:
693 4393 821 4464 nam
851 4408 957 4464 alia
988 4406 1207 4477 quidem
1235 4392 1528 4460 hoc‘modo
1560 4417 1686 4456 eum
1715 4398 1998 4469 scripsisse
2027 4409 2129 4450 nec
2157 4393 2428 4449 afﬁrmare
2469 4403 2765 4460 possumus
2801 4401 2906 4441 nec
2933 4397 3157 4455 negare.
3200 4379 3310 4434 Sed
3358 4377 3465 4431 hoc
3503 4374 3590 4443 ip-

335 4516 462 4556 sum
485 4515 517 4555 e
547 4497 792 4554 tenebris
818 4497 874 4552 in
907 4463 1086 4551 lucem
1109 4508 1260 4549 nunc
1283 4491 1502 4562 prodire
1522 4489 1712 4544 forsan
1743 4463 2062 4556 gaudebunt
2086 4477 2190 4534 viri
2217 4473 2440 4536 eruditi,
2479 4472 2622 4543 apud
2660 4485 2798 4541 quos
2833 4476 3044 4524 certum
3098 4473 3155 4520 et
3205 4463 3590 4562 inconcussum

332 4590 449 4660 jam
480 4586 588 4642 erit
615 4585 802 4641 Suidm
826 4585 895 4640 de
921 4582 1104 4639 Pisida
1135 4545 1508 4636 testimonium
1531 4545 1775 4632 dicentis
1796 4573 1929 4642 seri;

1997 4586 2086 4624 sse
2109 4577 2362 4624 nostrum
2416 4573 2618 4634 praeter
2667 4569 2865 4616 caetera
2898 4552 3269 4622 καταλογάδην
3316 4545 3591 4616 ἐγκώμιον

338 4630 418 4740 ei;
449 4674 534 4728 τὸν
565 4630 1584 4746 μάρέξᾶκῖὶζθάῐῐζίσίῶξ
1615 4663 1698 4727 εἰς
1723 4661 1815 4714 τὸν
1838 4630 1935 4730 pe?

1994 4674 2011 4708 ψ
2051 4630 2586 4719 Ἀθανάσιονδῳιοό
2637 4647 2749 4718 jam
2790 4652 2988 4716 praeter
3039 4649 3270 4696 caeteros
3323 4643 3480 4690 antea
3517 4630 3591 4684 vi-

2024 4745 2029 4746 ⁷
2070 4743 2115 4746 ⁷““
2189 4741 2220 4746 ’⁵
2444 4735 2476 4746 ¹”¹
2522 4736 2571 4746 ⁵·
2671 4735 2682 4746 ⁵
2731 4742 2741 4746 Α
2919 4731 2930 4743 ⁸
2975 4742 2985 4746 -
3062 4725 3266 4746 Πκ-κ-.-22
3301 4721 3488 4746 n:-:.t,..
3519 4735 3574 4746 η,-

343 4721 500 4816 ξιέι-Ᾰί
515 4721 1475 4826 'A‘leinlr’olit—usnin‘Martyrologio
1517 4721 1900 4806 Romaillust'r.
1921 4721 1988 4816 ip.
2013 4743 2138 4806 367,
2169 4741 2396 4796 dicens:
2438 4735 2645 4826 Suidas-
2663 4735 2802 4788 inter
2826 4725 3266 4826 scripti-{Georgii
3293 4721 3488 4826 Pisidia
3519 4735 3595 4816 re-

345 4805 764 4916 Erit-ixmil;
1278 4805 1682 4902 "Limam;
1733 4851 1838 4906 qua
1867 4805 1942 4891 de.

1998 4831 2180 4883 :ctione
2220 4841 2324 4884 non
2357 4832 2472 4878 erat
2509 4821 2645 4894 quod
2672 4820 2960 4890 inquireret
2991 4814 3268 4876 Kusterus,
3307 4807 3444 4880 quod
3463 4805 3595 4860 scio-

2310 4913 2319 4916 ‘
2476 4911 2504 4916 -
2639 4909 2651 4916 ·
2763 4906 2820 4916 ἠ
2858 4905 2906 4916 ι·
3046 4905 3058 4916 -
3136 4900 3199 4916 οη
3253 4899 3266 4916 ι
3312 4897 3388 4916 κμ
3433 4913 3450 4916 -
3513 4893 3595 4916 -ι-.

346 4893 427 4990 λιι
457 4893 773 5004 πέεείοΓιιαὶε
794 4932 862 4986 ibi
893 4893 1095 5002 fecerat.
1115 4893 1198 4994 sic.
1219 4927 1313 4982 τὸν
1352 4927 1528 4998 μέγαν
1569 4893 1906 4978 Ἀθίινᾶσιοω

2003 4917 2183 4985 cripsit
2251 4913 2414 4968 etiam
2463 4893 2714 4981 Georgius
2758 4905 2964 4970 Pisida,
3014 4905 3092 4966 εἰς
3136 4897 3456 4970 Ἠράκλεινο
3510 4893 3599 4946 τὸν

1131 4982 1364 5086 nepoti»;
1392 4982 1645 5082 ndispov.
1693 5009 1836 5070 Unde
1865 5023 1944 5062 ma

2004 5007 2034 5060 ’s
2070 5003 2131 5073 ﬁt
2161 4999 2448 5057 verisimile
2481 4997 2751 5068 scripsisse
2779 4994 2938 5050 etiam
2968 4989 3210 5045 Pisidam
3235 4984 3527 5040 encomium
3548 4982 3601 5034 in

345 5115 408 5176 S.
443 5113 786 5168 Anastasium
814 5119 1102 5180 martyrem
1133 5107 1478 5176 fortissimum
1504 5113 1660 5172 atque
1691 5075 2180 5176 celebratissimum.
2661 5075 2670 5086 ’
3107 5151 3111 5155 ,

1025 5161 1590 5263 ᾇαὶιὰποτπασμὰτιέ
1619 5231 1634 5260 ,
1689 5187 2017 5260 Epigrammt

2006 5165 2096 5239 ate
2128 5194 2176 5237 et
2215 5183 2542 5254 fragmenta,
2585 5189 2706 5246 quae
2735 5172 2908 5228 multo
2937 5167 3120 5226 studio
3151 5173 3208 5222 et
3235 5161 3510 5236 diligentia
3541 5173 3603 5212 ex

349 5293 505 5348 libris
531 5306 655 5346 cum
687 5288 850 5345 editis
875 5297 988 5343 tum
1021 5286 1245 5342 ineditis
1273 5261 1589 5356 collegimus
1611 5324 1626 5350 ,
1680 5289 1741 5337 ut
1770 5279 1956 5338 videre
1988 5282 2074 5332 est
2109 5274 2166 5330 in
2201 5272 2308 5328 [ine
2339 5287 2352 5324 :
2383 5268 2523 5326 nihil
2570 5265 2715 5322 enim
2749 5262 2842 5318 hic
2889 5261 3040 5334 juvat
3079 5267 3326 5331 repetere
3377 5269 3442 5308 ea
3489 5263 3605 5323 quat

349 5382 480 5439 alibi
516 5381 693 5436 fusius
722 5379 968 5452 exposita
999 5393 1064 5432 ac
1103 5385 1430 5450 pertractata
1463 5382 1611 5430 sunt.

421 5479 554 5536 Haec
579 5478 759 5548 itaque
788 5439 917 5530 sunt
941 5439 1164 5530 indubia
1187 5472 1364 5544 Opera
1390 5470 1588 5526 Pisidae
1609 5513 1623 5537 ,
1651 5483 1772 5538 quae
1807 5478 1980 5536 usque
2005 5460 2072 5517 ad
2103 5460 2253 5515 hunc
2279 5455 2423 5513 diem
2453 5452 2614 5509 nobis
2642 5449 2836 5522 obtigit
2863 5447 3106 5520 reperire
3139 5461 3202 5500 ae
3230 5450 3448 5514 reperta
3486 5439 3606 5494 vul-

353 5589 507 5648 gare.
539 5571 646 5632 Sed
676 5587 742 5627 ex
775 5570 842 5625 iis
868 5568 973 5624 alia
1001 5569 1176 5639 ipsum
1205 5567 1488 5640 scripsisse
1518 5563 1844 5632 conjicimus
1880 5580 1892 5616 :
1930 5572 2054 5616 cum
2081 5555 2228 5611 enim
2255 5553 2399 5608 inter
2428 5550 2728 5622 fragmenta
2758 5553 3048 5601 occurrant
3083 5544 3266 5615 plures
3296 5538 3486 5601 iambi,
3516 5535 3607 5607 qui

355 5675 415 5730 in
448 5653 732 5727 recensitis
755 5663 1033 5737 opusculis
1062 5681 1172 5720 non
1199 5664 1580 5726 inveniuntur,“
1602 5659 1666 5714 ad
1691 5657 1926 5727 aliquem
1965 5651 2308 5723 deperditum
2338 5645 2580 5701 libellum
2615 5658 2709 5698 eos
2743 5641 3018 5712 pertinere
3048 5634 3395 5692 manifestum
3425 5643 3526 5686 est.
3553 5631 3609 5686 ld

361 5785 545 5830 autem
575 5773 690 5844 ipsc
718 5770 894 5826 Pisida
922 5785 1020 5826 suo
1063 5761 1372 5820 testimonio
1402 5759 1615 5816 videtur
1637 5753 1958 5812 confirmare
1990 5767 2002 5804 :
2036 5747 2110 5802 ait
2138 5743 2284 5800 enim
2310 5783 2324 5810 ,
2362 5755 2570 5796 acroas.
2607 5737 2658 5804 '5,
2702 5736 2824 5801 58l,
2855 5735 2925 5788 Dr
2953 5732 3133 5801 m-ped.
3172 5746 3188 5784 :
3220 5729 3408 5798 Ὅμως
3439 5724 3492 5780 δὲ
3523 5741 3609 5792 μισ
