4044 6444
464 306 604 377 1179
1680 313 1830 376 JOS.
1861 313 2061 376 MARI.

2120 314 2125 374 ἱ
2161 312 2480 387 QUERCII
3578 307 3717 372 1180

460 421 580 494 κρῷ
597 418 710 474 -καὶ
740 414 1107 490 βραχυδρὸμῳ
1135 415 1334 487 σκάφει
1361 411 1460 487 τὴν
1489 416 1586 490 σὴν
1617 417 1886 474 θάλατταν
1911 419 2154 491 ἓκπερᾷν
2181 419 2488 491 εἰθισμένος
2522 420 2772 492 ἥμαρτον
2808 417 2962 474 οὐδὲν
3011 417 3088 489 μὴ
3126 415 3456 482 muriatica;
3483 415 3632 488 ὅλην.
3660 419 3719 474 Si

462 520 645 566 autem
676 520 929 567 assuetus
968 520 1085 566 erat
1116 513 1173 567 in
1200 509 1510 569 Heraclium
1539 528 1836 570 excurrere
1865 513 2049 587 μικρῷ
2077 516 2298 584 σκάφει,
2327 515 2435 570 hoc
2459 523 2546 571 est
2570 515 2752 586 parvis
2781 512 3072 586 poematiis
3097 511 3168 567 de
3194 526 3262 568 eo
3287 511 3564 579 scribere,
3596 527 3726 582 pro-

461 604 607 658 ferto
633 605 737 658 alia
765 605 880 674 jam
919 603 1184 672 ediderat,
1214 613 1506 676 antequam
1551 607 1716 664 hasce
1751 625 2004 667 acroases
2029 610 2310 682 vulgaret;
2343 611 2441 667 sed
2485 611 2696 666 nullum
2736 609 2856 679 ejus
2893 613 3076 664 exstat
3098 619 3256 674 opus,
3289 605 3436 676 quod
3473 619 3728 662 acroascs

466 691 612 760 ipsas
644 691 988 760 praecesserit
1016 708 1032 748 :
1068 691 1234 764 igitur
1265 692 1308 748 si
1347 694 1478 764 quid
1508 697 1749 767 scripsit,
1784 681 2260 769 deperditumiest.
2295 697 2438 766 Quin
2473 699 2640 757 etiam
2669 699 2724 754 in
2755 697 3022 761 Abaricis,
3062 710 3119 750 ν.
3151 695 3278 757 507,
3307 693 3459 765 pacis
3484 702 3728 764 tempore
3844 681 3852 688 ’

465 797 524 834 se
551 781 709 850 plura
739 781 1012 838 dicturum
1037 783 1328 854 pollicetur
1355 783 1423 840 de
1461 785 1630 857 gestis
1660 786 1894 844 Heraclii
1919 805 1936 856 ;
1965 789 2061 846 sed
2095 787 2190 862 [p.
2224 789 2402 862 XXII]
2430 805 2553 861 quae
2581 799 2706 862 post
2734 804 2924 860 pacem
2953 805 3080 846 cum
3106 789 3286 846 Persis
3317 788 3582 846 sancitam
3611 787 3731 844 edi.

467 873 565 934 dit,
595 883 724 928 sunt
754 884 1005 943 poemata
1035 875 1090 928 in
1119 874 1482 935 Hexaemeron
1511 891 1568 938 et
1597 883 1654 938 in
1688 883 1934 940 Severum
1961 925 1976 951 ,
2008 885 2066 941 in
2093 887 2292 956 quibus
2337 902 2512 958 pauca
2560 885 2854 942 admodum
2901 884 3120 958 attingit
3145 886 3213 942 de
3234 885 3509 942 Heraclio.
3541 881 3734 952 Neque

469 986 622 1024 suam
651 969 812 1026 ﬁdem
837 973 1062 1030 omnino
1087 973 1348 1032 liberasse
1379 977 1612 1034 Pisidam
1639 962 1840 1037 dixeris
1874 981 1931 1037 in
1955 982 2271 1039 Heracliade
2303 999 2323 1037 :
2351 983 2604 1054 quamvis
2641 983 2788 1038 enim
2817 996 2884 1040 eo
2914 981 2969 1038 in
2999 985 3251 1049 poemate
3279 975 3462 1033 omnia
3489 975 3736 1048 impera-

473 1066 608 1120 toris
634 1076 781 1136 gesta
812 1069 1102 1138 complecti
1136 1071 1374 1128 voluisse
1398 1073 1670 1138 videatur,
1707 1091 1871 1147 quam
1904 1078 2101 1135 leviter
2133 1087 2316 1136 tamen
2342 1094 2406 1135 ea
2434 1079 2781 1150 pertractarit
2809 1078 2928 1150 ipse
2955 1074 3131 1132 sensit
3156 1113 3174 1140 ,
3203 1088 3268 1128 ac
3295 1071 3473 1128 fassus
3509 1079 3616 1134 est,
3647 1068 3738 1125 di-

474 1173 606 1211 cens
633 1158 686 1212 in
723 1157 832 1213 ﬁne
861 1175 1072 1225 acroas,
1105 1160 1160 1228 l,
1189 1161 1318 1225 258,
1355 1179 1538 1220 rerum
1573 1165 1730 1237 copia
1765 1168 1948 1238 urgeri
1977 1182 2042 1224 ac
2069 1167 2281 1239 premi,
2313 1176 2370 1224 et
2396 1183 2570 1238 pauca
2599 1177 2810 1224 tantum
2836 1183 2868 1223 e
2900 1165 3090 1222 inultis
3118 1163 3378 1228 delibare,
3407 1163 3584 1218 donec
3615 1163 3738 1231 ipse

472 1249 770 1317 imperator
795 1251 849 1304 in
885 1250 1076 1306 urbem
1109 1266 1363 1308 reversus
1389 1253 1701 1311 liberiorem
1733 1256 1781 1313 ei
1811 1258 2055 1328 praebeat
2077 1257 2294 1316 dicendi
2322 1259 2660 1316 facultatem.
2694 1259 2766 1316 Ut
2794 1260 2962 1334 igitur
2985 1266 3175 1314 nostra
3205 1254 3312 1310 fert
3335 1253 3525 1325 opinio
3543 1291 3560 1318 ,
3590 1266 3738 1323 pra:-

473 1347 554 1392 ter
582 1353 645 1393 ea
673 1355 792 1408 quae
823 1355 971 1396 nunc
999 1342 1276 1411 prodeunt
1305 1343 1357 1399 in
1391 1345 1570 1402 lucem
1597 1343 1774 1418 Opera
1806 1346 2026 1410 Pisidm,
2067 1347 2234 1404 alium
2264 1349 2558 1418 quemdam
2590 1348 2842 1404 libellum
2893 1348 3130 1404 iambico
3171 1355 3350 1402 metro
3375 1345 3568 1418 ὥσπερ
3598 1345 3737 1397 etet-

473 1447 568 1484 στο
613 1435 876 1500 exaravit,
925 1433 980 1490 in
1029 1450 1258 1504 quo-res
1290 1435 1640 1492 abileraclio
1661 1437 1724 1496 in
1755 1434 1978 1493 Oriente
2003 1445 2168 1509 gestae
2188 1437 2421 1492 fortasse
2438 1438 2747 1494 accuratius
2768 1436 3218 1508 expendeth
3245 1451 3260 1488 :
3293 1448 3454 1504 quam
3491 1439 3734 1487 nostram

472 1521 799 1576 sententiam
833 1522 1002 1579 etiam
1045 1523 1333 1580 Michaelis
1361 1523 1519 1582 Pselli
1552 1525 1850 1582 auctoritas
1899 1525 2119 1582 videtur
2149 1525 2492 1594 conﬁrmare,
2531 1534 2594 1582 ut
2633 1524 2848 1584 dicetur
2872 1525 3046 1596 intra,
3077 1541 3205 1584 cum
3254 1523 3324 1583 de
3370 1523 3510 1596 ston
3538 1521 3734 1578 Pisidat

473 1626 714 1682 agemus.
1301 1663 1308 1668 .
1737 1667 1756 1675 -
2905 1623 2911 1628 ’

544 1720 702 1778 Nunc
731 1733 937 1793 autem,
971 1741 1042 1782 an
1073 1725 1175 1782 alia
1210 1728 1372 1784 etiam
1406 1731 1686 1801 scripserit
1711 1775 1726 1800 ,
1759 1730 2052 1787 videndum
2079 1737 2198 1797 est;
2227 1745 2354 1785 nam
2380 1727 2712 1786 Possevm‘us
2743 1729 2964 1802 quidem
2992 1728 3051 1786 in
3075 1727 3322 1804 catalogo
3349 1742 3482 1784 mss.
3515 1723 3733 1782 Graeco-

474 1825 595 1866 rum
628 1813 696 1868 ad
725 1815 931 1870 calcem
959 1825 1092 1872 tom.
1127 1817 1196 1872 lli
1227 1823 1309 1876 sui
1345 1820 1642 1892 Apparatus
1673 1823 1750 1878 ait
1777 1823 1832 1878 in
1865 1822 2196 1878 bibliotheca
2223 1820 2572 1878 Vallicellana
2603 1822 2872 1878 asservari
2901 1821 3174 1889 codicem,
3208 1820 3266 1876 i'n
3293 1833 3402 1890 quo
3436 1816 3628 1874 Pisidze
3661 1815 3740 1872 De

477 1903 631 1971 gestis
669 1905 1051 1974 imperatorum
1078 1907 1480 1976 Cpolitanorum
1510 1913 1737 1969 historia
1769 1913 2102 1970 continetur.
2135 1912 2374 1970 Joannes
2399 1923 2582 1970 autem
2609 1913 2874 1986 Georgius
2902 1911 3218 1971 Herwartus
3245 1911 3316 1968 ab
3343 1899 3646 1982 Hoemberg
3678 1907 3739 1962 in

405 2001 414 2018 ‘
478 1995 590 2050 suis
617 1994 692 2048 De
721 2015 778 2052 re
807 1999 1170 2072 chronologtca
1196 2003 1496 2074 capitibus,
1525 2003 1782 2060 Usserius
1803 2003 2004 2076 aliique
2031 2019 2144 2060 non
2169 2005 2491 2061 dubitarunt
2513 2004 2752 2080 Georgio
2779 2014 2970 2062 nostro
3000 2003 3300 2061 attribuer’e
3323 1999 3737 2083 celeberrimum

478 2088 609 2146 illud
639 2091 962 2159 cbronicon,
993 2097 1139 2166 quod
1167 2099 1402 2170 primum
1431 2099 1718 2155 Fastorum
1748 2098 2058 2156 Siculorum
2081 2115 2148 2158 ac
2169 2100 2368 2158 deinde
2401 2101 2660 2157 Cbronici
2693 2099 3046 2158 Alexandrini
3087 2108 3146 2154 et
3181 2095 3459 2153 Paschalis
3483 2095 3742 2150 lemmate

476 2177 752 2249 vulgatum
787 2191 888 2238 est.
927 2181 1036 2240 Sed
1080 2186 1226 2256 quod
1271 2187 1338 2242 ad
1373 2187 1758 2246 bibliothecam
1791 2187 2198 2246 Vallicellanam
2225 2198 2472 2262 spectat,
2497 2206 2663 2262 quam
2689 2191 2911 2247 Patru
2941 2189 3175 2248 Oratorii
3206 2187 3546 2246 humanitate
3595 2200 3745 2254 stupe

474 2266 630 2324 adire
662 2277 720 2326 et
749 2279 917 2328 totam
953 2276 1282 2344 perlustrare
1323 2276 1458 2331 mihi
1491 2277 1679 2344 licuit,
1711 2278 1874 2348 plane
1901 2279 2172 2334 assentior
2200 2279 2370 2336 Leoni
2393 2278 2593 2335 Allatio
2612 2321 2628 2346 ,
2655 2281 2748 2350 qui
2777 2279 3056 2336 Possevini
3089 2277 3476 2334 auctoritatem
3501 2273 3576 2330 ita
3607 2288 3744 2328 con-

477 2359 656 2416 vellit:
689 2360 836 2418 Licet
871 2366 1029 2420 anxie
1059 2365 1250 2420 librum
1284 2367 1630 2438 qumsiverim,
1659 2383 1899 2441 stepegue
1927 2369 2148 2424 indicem
2176 2378 2224 2424 et
2251 2369 2582 2440 potissimam
2610 2368 2862 2423 librorum
2883 2377 3084 2438 partem
3113 2367 3472 2438 peruoluerim.
3505 2367 3576 2420 ad
3606 2364 3746 2418 hunc

473 2462 652 2509 tamen
681 2456 820 2511 diem
849 2473 1107 2528 nusquam
1136 2460 1241 2514 tale
1269 2476 1396 2529 opus
1419 2462 1728 2524 occurril.0
1752 2464 1979 2531 utinam,
2003 2464 2144 2535 quod
2169 2480 2272 2518 non
2299 2463 2472 2527 credo,
2499 2463 2668 2520 esset!
2690 2461 2939 2518 Errorem
2959 2462 3082 2518 inde
3105 2470 3288 2516 natum
3301 2459 3543 2514 existimo
3568 2473 3588 2512 :
3617 2471 3746 2511 nam

475 2545 567 2614 qui
594 2545 848 2602 librorum
875 2548 1179 2604 Crtecorum
1206 2550 1431 2604 indicem
1463 2553 1698 2623 confecit,
1741 2569 1860 2608 cum
1892 2555 1950 2606 in
1975 2554 2091 2609 cod.
2123 2553 2183 2610 Β.
2207 2554 2331 2619 “2,
2358 2555 2578 2625 antiquo
2608 2554 2740 2608 satis
2767 2561 2816 2608 et
2844 2554 3056 2624 optimae
3083 2562 3244 2618 nota,
3270 2551 3362 2608 sed
3385 2564 3563 2621 parum
3589 2547 3744 2604 molis

475 2633 630 2702 libro,
667 2635 944 2692 historiam
972 2639 1038 2693 de
1064 2639 1467 2709 imperatoribus
1497 2639 1794 2712 Cpolitanis
1827 2643 1884 2696 in
1916 2643 2176 2712 principio
2197 2643 2468 2712 reperisset
2487 2683 2503 2708 ,
2537 2658 2655 2696 eam
2687 2649 2866 2696 tamen
2908 2639 3182 2710 ἀκέφαλον
3211 2639 3566 2708 plurimarum
3592 2635 3748 2707 pagi-

478 2738 670 2778 narum
697 2725 1000 2790 amissione,
1029 2743 1188 2794 quam
1214 2737 1394 2798 postea
1423 2745 1553 2799 opus
1585 2731 1643 2784 in
1674 2729 2039 2786 Hexaemeron
2067 2730 2274 2802 Georgii
2315 2731 2514 2787 Pisidte
2535 2731 2845 2801 excipiebat,
2880 2746 2994 2795 nec,
3021 2741 3078 2786 ut
3107 2747 3209 2802 par
3236 2739 3376 2792 erat,
3399 2728 3742 2783 animadver-

478 2816 622 2871 tisset
646 2818 923 2874 historiam
959 2823 1191 2890 primum
1215 2826 1280 2880 de
1307 2826 1714 2896 imperatoribus
1739 2827 2072 2884 Constantini
2097 2833 2364 2884 Manassae
2390 2831 2658 2900 synopsim
2689 2845 2804 2884 esse
2821 2869 2837 2894 ,
2866 2843 2986 2882 eam
3015 2825 3237 2898 Georgio
3265 2825 3484 2890 Pisidte,
3519 2841 3745 2896 sequen-

481 2913 550 2966 tis
573 2916 744 2982 operis
771 2919 994 2984 auctori,
1021 2920 1113 2974 sed
1136 2922 1418 2977 oscitanter
1451 2923 1627 2987 nimis,
1663 2923 1880 2978 donauit
1909 2933 1959 2980 et
1986 2925 2178 2979 harum
2206 2940 2382 2979 rerum
2417 2925 2595 2978 anxiis
2625 2925 2804 2994 fucum
2834 2923 2972 2995 fecit.
3014 2918 3172 2986 Quod
3202 2925 3384 2974 autem
3426 2915 3747 2972 Herwartus

480 3020 546 3059 ex
576 3004 743 3062 Suida
774 3010 1004 3084 probare
1027 3011 1346 3077 contendit,
1397 3009 1656 3068 Cbronici
1684 3013 1960 3083 paschalis
1992 3013 2317 3082 scriptorem
2333 3005 2513 3068 fuisse
2541 3011 2800 3073 Pisidam.
2830 3009 2958 3081 qui,
2989 3014 3052 3062 ut
3078 3007 3194 3077 ipse
3220 3006 3298 3062 ait
3319 3046 3335 3072 ,
3362 3021 3480 3062 aevo
3507 3003 3743 3060 Heraclii

479 3091 709 3150 ﬂorebat
737 3097 966 3168 ejusque
997 3114 1086 3156 res
1114 3108 1298 3173 gestas
1321 3139 1338 3165 ,
1381 3108 1440 3156 et
1466 3098 1682 3156 Persica
1713 3101 1854 3156 bella
1879 3100 2127 3156 oratione
2157 3092 2328 3156 libera
2359 3099 2668 3170 composuit
2689 3136 2706 3162 ,
2755 3113 2920 3170 quam
2953 3097 3355 3154 sit-ridiculum
3402 3094 3491 3168 [p.
3521 3091 3741 3166 XXIII],

480 3195 706 3255 apparet
731 3203 797 3243 ex
835 3188 906 3246 iis
931 3206 1056 3251 (tua
1079 3192 1151 3248 de
1185 3195 1502 3251 testimonio
1532 3193 1715 3250 Suidae
1745 3195 1999 3264 superius
2021 3193 2164 3250 dicta
2194 3201 2344 3248 sunt.
2374 3193 2512 3247 Nam
2543 3189 2860 3248 llerwartus
2885 3206 2948 3246 ca
2983 3190 3106 3262 ipsa
3137 3188 3320 3244 Suida:
3344 3187 3540 3252 verba,
3583 3185 3744 3252 Ἑξαο

481 3276 688 3351 ήμερον
729 3279 798 3334 δι’
831 3281 1044 3352 ἰάμϐων
1097 3286 1178 3348 εἰς
1227 3285 1333 3358 ἔπη
1379 3285 1676 3358 τρισχίλια·
1711 3286 1793 3348 sic
1831 3283 2154 3356 Ἡράκλειον
2185 3283 2278 3339 τὸν
2310 3281 2554 3352 βασιλέα,
2586 3281 2680 3336 καὶ
2710 3282 2792 3364 si;
2817 3279 2912 3334 τδν
2942 3280 3087 3336 κατὰ
3116 3275 3341 3350 Περσῶν
3389 3276 3648 3348 πόλεμον,
3673 3272 3745 3331 ad

483 3371 588 3428 hoc
621 3373 935 3431 Chronicon
973 3376 1388 3450 signiﬁcandum
1436 3377 1587 3434 inani
1641 3383 1841 3433 conatu
1886 3377 2195 3448 detorquet,
2230 3376 2389 3448 quasi
2435 3375 2766 3432 Pisida'uno
2798 3383 3010 3432 tantum
3041 3387 3209 3445 opere
3253 3379 3464 3442 caeptos
3508 3370 3578 3426 ab
3613 3370 3741 3428 orbe

483 3467 704 3524 condito
732 3485 906 3540 usque
935 3472 1004 3528 ad
1036 3472 1348 3528 Heracliam
1378 3454 1434 3528 et
1457 3472 1734 3528 Persicum
1771 3471 1973 3528 bellum
2005 3469 2238 3527 Heraclii
2263 3470 2493 3526 Annales
2521 3478 2846 3542 prosecutus
2871 3468 2958 3525 sit.
2991 3468 3068 3524 ita
3099 3467 3248 3524 enim
3273 3464 3337 3519 τὸ
3367 3465 3449 3530 εἰς
3475 3463 3736 3535 interpre-

483 3567 652 3624 tatur,
686 3570 745 3616 ut
773 3561 949 3618 valeat
979 3577 1090 3618 non
1123 3564 1188 3618 de
1229 3561 1479 3618 Heraclia
1500 3563 1596 3619 sed
1627 3577 1801 3634 usque
1829 3562 1902 3617 ad
1931 3559 2264 3628 Heracliam,
2295 3560 2744 3634 interpunctione
2779 3568 2908 3614 ante
2953 3558 3032 3622 εις
3076 3554 3302 3614 omnino
3349 3553 3576 3609 sublata.
3624 3549 3730 3608 Hoc

481 3662 666 3709 autem
697 3669 896 3730 vanum
929 3671 1053 3711 esse
1083 3655 1348 3712 Herwarti
1386 3666 1756 3713 commentum
1787 3649 2184 3713 demonstravit
2220 3656 2510 3714 Matthaaus
2539 3644 2789 3712 Raderus
2819 3654 2876 3710 in
2911 3652 3072 3709 Praef.
3117 3651 3187 3708 ad
3231 3651 3338 3706 hoc
3369 3649 3545 3722 ipsum
3572 3644 3734 3703 Chro-

485 3745 672 3810 nicon,
701 3746 846 3815 quod
877 3746 1303 3806 Alexandrinum
1335 3749 1610 3821 inscripsit
1635 3759 1798 3820 atque
1828 3751 2016 3819 edidit,
2047 3730 2118 3806 ei
2142 3751 2262 3823 ipso
2291 3751 2456 3808 Suida
2485 3751 2617 3808 satis
2647 3757 2837 3823 aperte
2863 3749 3124 3806 evincens
3149 3745 3524 3802 Hexaemeron
3561 3742 3742 3798 Pisidae

483 3851 608 3892 esse
636 3851 774 3906 Opus
807 3852 836 3892 a
869 3837 1083 3894 caeteris
1114 3838 1452 3898 distinctum.
1483 3841 1590 3898 Sed
1621 3851 1678 3898 et
1708 3839 1957 3900 Raderus
1988 3841 2106 3913 ipse
2131 3841 2200 3898 de
2229 3841 2428 3898 Pisidae
2453 3841 2672 3914 scriptis
2703 3841 2932 3911 loquens
2957 3837 3452 3894 hallucinatusest:
3485 3845 3611 3890 nam
3638 3834 3744 3906 pri-

487 3946 639 3987 mum
661 3946 727 3987 ex
757 3947 1002 3990 manusc.
1030 3933 1151 3991 cod.
1183 3935 1250 3987 A.
1277 3931 1622 3988 bibliothecae
1646 3933 2006 4004 Augustanae,
2041 3933 2084 3988 it

2146 3949 2238 4006 luo
2274 3934 2474 4006 legitur
2501 3933 2778 4005 Γεωργίου
2809 3933 3057 3987 διακόνου
3084 3931 3185 4002 τῆς
3211 3931 3376 3999 ἁγίας
3421 3927 3743 3998 Ἐκκλησίας

485 4027 581 4082 τοῦ
627 4027 876 4093 Πισεδους
911 4027 1341 4110 πρωίμιονίτῆς
1385 4026 1728 4098 Ἐξαημέρου
1768 4026 1836 4082 δι’
1871 4027 2082 4098 ἰάμϐων

2147 4027 2358 4101 nixum,
2392 4021 2548 4083 recte
2573 4025 2798 4084 omnino
2839 4025 3046 4098 colligit
3087 4028 3194 4084 hoc
3229 4042 3371 4102 opus
3419 4041 3542 4083 esse
3573 4025 3744 4098 ἐμμε-

489 4135 616 4192 τρον
643 4129 699 4174 et
723 4135 885 4176 versu
915 4121 1306 4191 conscriptum,
1333 4119 1430 4175 sed
1463 4133 1750 4190 perperam
1777 4117 1976 4174 deinde
2003 4119 2194 4174 statuit
2217 4119 2365 4175 mille
2389 4119 2732 4190 octingentos
2756 4117 3030 4192 octoginta
3051 4117 3300 4190 ejusdem
3329 4115 3512 4188 operis
3535 4129 3742 4180 versus,

483 4190 628 4280 quos
657 4211 912 4267 habuisse
963 4227 1077 4282 pra;
1121 4190 1375 4267 manibus
1407 4209 1584 4266 editos
1610 4209 1860 4275 atIirmat,
1887 4209 2032 4266 aliud
2067 4225 2181 4265 non
2213 4225 2336 4266 esse
2373 4225 2536 4280 quam
2567 4209 2836 4280 quoddam
2868 4190 3036 4266 totius
3062 4208 3368 4282 argumenti
3402 4205 3744 4278 prooemium,

489 4304 636 4372 quod
680 4304 843 4360 etiam
867 4303 1093 4360 Vossius
1119 4305 1197 4360 De
1221 4306 1344 4360 hist.
1377 4303 1546 4362 Grec.
1579 4315 1712 4362 tom.
1745 4304 1834 4369 ιν,
1868 4321 1990 4376 pag.
2024 4306 2162 4374 “5,
2213 4306 2409 4362 Raderi
2463 4305 2790 4364 auctoritate
2837 4305 3452 4376 motus,‘imprudenter
3495 4300 3744 4358 asseruit.

491 4396 693 4466 Ecquis
729 4396 1020 4457 enimnon
1059 4397 1311 4470 intelligit
1339 4398 1395 4456 in
1423 4398 1613 4456 codice
1641 4399 1960 4470 Augustano
1984 4413 2088 4454 voc

2150 4413 2174 4453 τι
2198 4397 2486 4471 προοίμιον
2513 4397 2658 4453 idem
2685 4397 2846 4468 plane
2872 4411 3069 4454 sonare
3098 4412 3164 4453 ac
3189 4395 3332 4468 ἀρχὴ
3355 4393 3451 4450 τοῦ
3478 4390 3747 4462 Ἐξαημέ-

494 4511 613 4566 ρον,
644 4496 748 4550 hoc
782 4503 870 4550 est
895 4495 1105 4549 initium
1136 4495 1470 4560 Hexaemeri,
1504 4497 1588 4552 vel
1618 4495 1802 4565 incipit
1833 4495 2190 4550 Hexaemeron
2213 4498 2239 4552 2
2270 4494 2396 4566 quis
2419 4503 2605 4550 autem
2628 4493 2816 4550 credat
2843 4493 2998 4564 operi
3031 4491 3196 4547 trium
3219 4488 3448 4543 millium
3470 4499 3748 4547 versuum,

491 4593 556 4640 ut
587 4586 762 4655 placet
793 4583 994 4653 Suida,
1025 4585 1172 4641 mille
1191 4587 1630 4659 octingentorum
1656 4595 1714 4642 et
1727 4587 2006 4658 octoginta
2025 4601 2147 4642 esse
2167 4587 2386 4641 atiixum
2416 4586 2783 4658 prommium?
2805 4585 2912 4642 Sed
2931 4594 2990 4642 et
3013 4581 3212 4656 legenti
3255 4587 3406 4652 patet
3435 4575 3753 4633 ﬂexaemeri

495 4685 820 4756 prooemium
856 4690 1110 4740 constare
1140 4693 1352 4740 tantum
1380 4685 1770 4756 quinquaginta
1800 4684 2076 4754 prioribus
2104 4685 2320 4754 iambis,
2342 4693 2460 4757 post
2486 4700 2624 4756 quos
2651 4683 2836 4742 statim
2859 4683 3051 4754 incipit
3079 4695 3269 4752 poema
3298 4691 3366 4733 eo
3393 4691 3577 4739 versu,
3600 4671 3756 4744 πηγὴ

500 4780 601 4854 μὲν
634 4776 726 4835 οὖν
759 4781 969 4852 πέφυκε
998 4781 1092 4836 τοῦ
1119 4781 1279 4848 λόγου
1309 4781 1427 4852 μία.
1463 4779 1776 4836 Secundum
1809 4780 2009 4836 erravit
2041 4781 2097 4835 R:

2161 4797 2308 4847 erus,
2340 4781 2486 4852 quod
2511 4780 2748 4836 Pisidam
2779 4777 3061 4848 scripsisse
3093 4775 3388 4830 Historiam
3416 4781 3480 4828 de
3507 4768 3755 4847 Heraclio

493 4873 875 4944 καταλογάδην
904 4874 1070 4939 dicat,
1103 4873 1329 4944 ejusque
1355 4872 1434 4928 rei
1467 4881 1660 4929 testem
1695 4872 1922 4928 Suidam
1962 4872 2256 4936 exhibeat,
2283 4871 2430 4942 quod
2467 4887 2588 4928 esse
2615 4871 2809 4928 falsum
2835 4869 2964 4925 alibi
3000 4869 3433 4926 demonstratum
3467 4875 3576 4919 est.
3610 4861 3657 4916 Ν
3667 4872 3754 4911 am

496 4963 838 5032 qu;e.Suidas
868 4964 943 5018 ait
969 4965 1249 5034 scripsisse
1274 4963 1508 5018 Pisidam
1539 4963 1606 5018 de
1635 4961 1908 5028 Heraclio,
1943 4961 2143 5018 iambis
2168 4962 2442 5019 contineri
2477 4961 2738 5027 vidimus,
2769 4975 2874 5017 nec
2904 4959 3070 5014 ullam
3114 4956 3273 5012 aliam
3303 4953 3583 5010 historiam
3617 4949 3756 5006 lmi-

500 5054 804 5124 cographus
831 5064 1132 5120 meruerat,
1175 5053 1240 5110 ad
1272 5069 1434 5124 quam
1459 5053 1770 5109 Chronicon
1804 5053 2062 5124 paschale
2091 5051 2282 5108 referri
2315 5061 2520 5124 posset.
2552 5041 2740 5120 itaque
2781 5066 2902 5106 cum
2939 5048 3252 5106 Herwartus
3283 5055 3396 5101 tum
3428 5043 3670 5097 Radcrus
3698 5041 3753 5094 in

499 5147 686 5204 Suida:
720 5158 866 5204 textu
901 5150 1243 5219 extnlanando
1283 5148 1403 5204 falsi
1431 5157 1560 5203 sunt
1595 5171 1610 5204 ;
1643 5150 1737 5204 sed
1771 5147 2363 5219 turpius-Herwartus,
2403 5147 2496 5218 qui
2526 5161 2592 5202 ex
2619 5162 2684 5202 eo
2717 5145 2980 5218 gloriatur
3011 5143 3066 5198 in
3099 5141 3212 5198 suis
3243 5137 3520 5210 Capitibus
3561 5135 3752 5192 Chron.

498 5247 776 5302 detexisse
803 5247 1052 5316 ejusdem
1078 5247 1335 5302 Cltrouici
1368 5246 1638 5317 paschalis
1667 5255 1945 5302 auctorem
1972 5261 2093 5302 esse
2123 5243 2381 5310 Pisidam,
2415 5259 2518 5300 nec
2551 5244 2727 5299 sensit
2751 5257 2912 5313 quam
2954 5240 3028 5296 sit
3055 5240 3300 5308 ineptum
3331 5237 3436 5291 hoc
3463 5233 3751 5298 atlirmare,

499 5353 625 5392 cum
658 5337 856 5392 Suidas
887 5337 1030 5393 dicat
1057 5335 1290 5391 Pisidam
1317 5335 1548 5390 iambico
1575 5345 1750 5390 metro
1783 5350 1905 5389 esse
1939 5351 2129 5398 usum,
2159 5345 2216 5390 et
2244 5333 2559 5390 Chronicon
2591 5333 2846 5406 paschale
2871 5331 3048 5387 soluta
3075 5327 3326 5384 oratione
3355 5325 3427 5379 sit
3452 5332 3748 5379 exaratum.

501 5430 573 5486 At
597 5427 842 5485 Raderus
869 5437 1057 5484 contra
1093 5427 1242 5482 nullo
1274 5427 1436 5482 modo
1478 5441 1546 5482 ex
1592 5425 1758 5482 Suida
1789 5426 1968 5500 aliingi
2015 5442 2176 5497 posse
2205 5428 2404 5484 Pisidae
2451 5429 2556 5482 hoc
2587 5425 2899 5482 Chronicon
2933 5430 3081 5478 recte
3118 5417 3432 5482 contendit,
3482 5413 3575 5470 sed
3618 5412 3752 5467 male

503 5525 683 5594 ipsum
717 5520 955 5577 Pisidam
985 5519 1228 5575 historia:
1269 5520 1556 5590 cujusdam
1583 5509 1922 5578 Heracliam:
1953 5536 2076 5577 esse
2107 5531 2390 5578 auctorem
2429 5521 2700 5578 concedit.
2735 5519 2880 5586 Quin
2919 5519 3083 5574 etiam
3117 5511 3430 5568 Chronicon
3473 5507 3750 5577 scripsisse

503 5617 743 5673 Pisidam
773 5629 882 5670 non
925 5611 1090 5668 audet
1126 5609 1350 5664 omnino
1375 5626 1574 5682 negare
1605 5631 1618 5666 :
1663 5629 1788 5669 nam
1839 5611 1987 5667 aliud
2015 5611 2327 5669 Chronicon
2360 5627 2690 5684 anonymum
2719 5625 2822 5666 ms.
2856 5610 2910 5664 in
2943 5606 3273 5664 bibliotheca
3309 5600 3521 5673 collegii
3567 5594 3746 5654 Ληιιωὶ

503 5711 824 5782 Augustam
872 5720 932 5763 se
977 5703 1177 5760 vidisse
1208 5708 1454 5770 testatur,
1488 5705 1632 5774 quod
1680 5721 1746 5760 ex
1789 5702 1970 5759 Pisida
2007 5712 2061 5758 et
2093 5702 2292 5776 Cyrillo
2331 5703 2648 5774 decerptum
2687 5701 2886 5756 dicitur
2923 5698 2976 5753 in
3024 5695 3348 5768 Epigraphe,
3381 5691 3670 5761 statimque
3695 5687 3744 5742 in
