4044 6492
1317 311 1391 326 Ἴου·

341 369 476 438 1181
1720 368 1938 432 MF.

2041 369 2134 430 [Ο.
3459 363 3594 430 1182
3631 401 3638 410 -

337 485 614 558 principio
645 486 812 542 refert
841 483 984 556 apud
1012 482 1303 557 Georgium
1333 483 1570 540 Pisidam
1600 483 1791 540 Adami
1825 483 1964 541 ﬁlias
1991 483 2218 556 primas,
2257 483 2484 541 alteram
2509 486 2766 550 Azuram,
2797 485 3022 544 alteram
3052 487 3253 542 Asuam
3277 485 3589 549 nominari;

335 576 484 630 unde
515 574 762 630 Raderus
791 574 1119 656 conjiciebat
1145 577 1456 634 Chronicon
1497 577 1716 642 Pisidae,
1748 578 1797 634 si
1824 577 1970 649 quod
2003 592 2243 656 unquam
2272 577 2395 646 fuit,
2431 594 2463 634 a
2488 579 2730 652 paschali
2763 579 3035 636 Chronico
3057 594 3181 636 esse
3210 579 3506 641 diversum,
3536 577 3592 632 in

331 679 444 738 quo
477 679 582 720 nec
609 663 770 720 Asan:
789 655 900 720 'nec
927 663 1122 722 Azurze
1151 667 1256 724 ulla
1285 668 1344 724 ﬁt
1375 669 1606 725 mentio.
1636 666 1748 725 Nos
1773 677 1958 724 autem
1999 655 2206 725 nullum
2237 685 2474 740 unquam
2501 671 2812 728 Chronicon
2858 665 3144 746 scripsisse
3189 671 3440 730 Pisidam
3469 671 3593 726 exi-

332 755 626 810 stimamus
660 772 674 810 :
705 771 834 810 nam
873 754 979 811 etsi
1009 756 1312 837 concedere
1343 757 1575 816 velimus
1603 757 1822 815 Radere
1849 767 2064 814 exstare
2091 759 2333 816 codicem
2363 760 2421 816 in
2450 761 2678 834 collegio
2704 761 2932 831 Annaeo,
2963 765 3051 822 cui
3084 765 3274 822 titulus
3317 765 3388 820 sit
3427 762 3595 816 Chro-

331 847 486 900 nicon
515 862 580 901 ea:
605 843 791 900 Pisida
821 856 870 899 et
897 843 1094 916 Cyrillo
1133 847 1452 916 decerptum,
1482 847 1607 916 quis
1632 855 1815 904 tamen
1847 855 2052 904 tantam
2100 849 2330 905 habebit
2351 849 2510 906 titulo
2546 849 2708 906 ﬁdem
2742 861 2804 908 ut
2829 854 2877 909 ei
2911 855 3223 925 acquiescat
3241 897 3255 918 ,
3285 869 3387 909 nec
3413 852 3592 922 potius

329 937 618 992 addubitet
641 952 704 992 ea
737 936 954 991 nomina
982 936 1334 990 amanuensis
1361 935 1589 991 arbitrio
1632 936 1880 1007 apposita
1929 951 2053 994 esse
2097 936 2272 1003 libro,
2299 951 2423 992 cum
2457 951 2560 993 nec
2591 939 2716 1008 quis
2742 938 2907 994 fuerit
2935 939 3165 1009 Cyrillns
3193 955 3298 994 nec
3336 937 3479 1009 quod
3523 937 3594 991 sit

326 1021 647 1080 Chronicon
675 1023 867 1080 Pisidae
897 1022 1219 1077 attributum
1249 1022 1468 1077 aliunde
1497 1022 1836 1078 innotescat?
1865 1023 1970 1078 Sed
1997 1023 2131 1079 alias
2163 1025 2326 1081 etiam
2354 1025 2422 1082 de
2461 1025 2564 1082 hoc
2611 1025 2690 1098 [p.
2723 1027 2912 1102 XXIV]
2941 1029 3133 1086 lictitio
3163 1029 3436 1084 Chronico
3465 1027 3591 1082 ted-

329 1111 434 1167 ibit
479 1128 682 1168 sermo.
727 1113 785 1168 In
808 1111 1121 1169 Chronicon
1149 1115 1406 1184 paschale
1435 1124 1620 1172 autem
1654 1116 1789 1172 nihil
1817 1117 1886 1172 de
1924 1133 2024 1174 suo
2053 1119 2352 1175 contulisse
2383 1119 2620 1176 Pisidam
2649 1122 2988 1179 confidenter
3023 1124 3320 1179 asserimus
3347 1141 3362 1176 :
3394 1137 3590 1192 quam-

329 1207 418 1262 vis
443 1207 590 1262 enim
623 1210 706 1276 (ut
733 1223 860 1264 cum
901 1209 1258 1276 Du-Fresnio,
1287 1212 1380 1281 qui
1412 1226 1610 1267 novam
1640 1212 1869 1284 huiusce
1890 1213 2133 1270 chronici
2161 1215 2458 1270 editionem
2489 1217 2796 1284 adornavit,
2822 1219 3014 1288 loquar
3039 1217 3202 1274 Praef.
3232 1234 3285 1289 p.
3318 1215 3372 1284 8)
3405 1216 3589 1285 negari

332 1300 451 1356 fere
479 1317 590 1356 non
620 1302 795 1372 possit
822 1303 940 1374 ejus
969 1306 1161 1375 operis.
1179 1305 1618 1362 continuatorem
1648 1305 1751 1362 sub
1775 1305 2025 1363 Heraclio
2052 1307 2274 1376 vixisse,
2321 1317 2432 1364 tum
2461 1309 2604 1380 quod
2633 1311 2755 1364 libri
2797 1311 2987 1367 titulus
3013 1311 3074 1365 in
3098 1311 3221 1366 cod.
3248 1309 3509 1364 Vaticano
3535 1321 3592 1365 et

329 1391 386 1446 in
417 1393 574 1448 codd.
600 1393 941 1450 bibliothecae
963 1394 1124 1468 Regis
1155 1397 1425 1454 Catholici
1456 1397 1590 1454 illud
1619 1397 1674 1452 in
1700 1413 1907 1453 annum
1937 1397 2008 1454 20
2039 1398 2294 1465 Heraclii,
2321 1399 2408 1455 vel
2442 1409 2590 1455 certe
2638 1401 2694 1456 in
2727 1401 2876 1456 illius
2922 1410 3166 1472 tempora
3209 1400 3461 1456 desinere
3506 1400 3593 1452 in-

327 1482 492 1548 nuat;
526 1493 640 1542 tum
669 1486 816 1556 quod
844 1503 967 1558 quae
1009 1488 1079 1544 de
1114 1489 1308 1546 eodem
1337 1491 1586 1562 Augusto
1614 1489 1843 1561 ejusque
1871 1489 2042 1562 gestis
2067 1500 2380 1558 narrantur,
2413 1506 2479 1546 ac
2505 1491 2741 1567 denique
2784 1492 3067 1562 exscripta
3110 1489 3433 1562 prolixiores
3476 1489 3589 1558 cpio

327 1581 486 1635 stolae
519 1581 586 1636 ad
617 1579 908 1637 Persarum
939 1598 1122 1656 regem
1157 1585 1244 1640 vel
1278 1586 1590 1658 toparchas,
1623 1595 1730 1642 etc.
1777 1585 1836 1642 ld
1867 1585 2138 1642 suadeant
2166 1587 2416 1655 omnino,
2443 1596 2626 1642 tamen
2676 1601 2786 1642 non
2834 1587 2960 1643 inde
3008 1587 3256 1658 sequitur
3301 1584 3590 1656 Georgium

329 1673 598 1743 Pisidam,
627 1677 774 1748 quod
805 1679 996 1735 eodem
1031 1681 1282 1738 Heraclio
1313 1682 1618 1754 imperante
1647 1681 1864 1749 vixerit,
1885 1681 2142 1738 Chronici
2171 1691 2448 1738 auctorem
2479 1682 2669 1738 haberi
2703 1681 2924 1738 debere.
2964 1677 3082 1733 Duo
3109 1686 3292 1732 autem
3323 1684 3450 1730 sunt
3471 1690 3593 1744 q'itae

329 1765 546 1823 faciunt
571 1778 632 1824 ut
656 1769 892 1828 libenter
918 1772 999 1826 Du
1028 1772 1256 1828 Fresnio
1283 1774 1670 1838 assentiamur,
1705 1775 1943 1844 primum
1989 1775 2138 1844 quod
2180 1774 2255 1828 in'
2282 1773 2370 1842 iis,
2400 1789 2522 1844 quae
2557 1773 2627 1829 de
2656 1769 2984 1827 Heraclio-in
3013 1767 3285 1822 Chronico
3314 1765 3434 1820 fuse
3465 1780 3594 1819 nar-

329 1871 546 1930 rantur,
593 1856 661 1918 ne
707 1881 814 1919 una
847 1866 1068 1936 quidem
1101 1882 1203 1922 vox
1245 1876 1499 1930 occurrat
1525 1884 1556 1924 a
1587 1869 1764 1924 Pisida
1804 1869 1874 1924 de
1904 1869 2098 1924 iisdem
2142 1868 2309 1924 rebus
2341 1875 2534 1940 agente
2573 1875 2834 1938 usurpata
2857 1907 2872 1934 ,
2905 1872 2965 1918 ut
3005 1863 3178 1918 cuivis
3225 1861 3592 1916 narrationem

329 1957 594 2014 Chronici
624 1959 691 2014 de
721 1961 866 2016 bello
892 1961 1146 2028 Abarico,
1179 1978 1236 2034 p.
1263 1965 1390 2032 592,
1421 1964 1617 2020 Pisidm
1645 1965 1948 2020 conlerenti
1975 1963 2081 2019 .llet
2107 1963 2496 2031 manifestum;
2543 1973 2907 2035 praeterquam
2935 1959 3083 2030 quod
3113 1955 3372 2013 Chronici
3422 1955 3596 2024 stylus

331 2057 443 2106 tam
479 2053 632 2108 rudis
661 2062 826 2108 estet
854 2055 1184 2126 incomptus,
1217 2054 1566 2130 utquantum
1606 2060 2086 2116 licet-historicum
2127 2069 2302 2130 poeta:
2330 2075 2672 2130 comparare,
2697 2060 2850 2114 nullo
2897 2055 3059 2111 modo
3105 2051 3356 2106 videatur
3402 2047 3597 2102 Pisid:e

332 2143 656 2200 convenire.
692 2143 896 2200 Deinde
925 2155 1130 2212 autem,
1173 2155 1234 2202 ut
1265 2163 1366 2218 par
1391 2156 1476 2204 est
1505 2149 1752 2214 credere,
1785 2148 1831 2204 si
1861 2151 2037 2204 nostri
2069 2147 2284 2220 Georgii
2315 2163 2452 2219 Opus
2483 2157 2627 2203 isset
2648 2147 2965 2204 Chronicon
2997 2140 3272 2212 paschale,
3310 2153 3416 2192 non
3453 2137 3499 2192 is
3528 2135 3599 2190 ad

331 2251 539 2290 annum
567 2235 640 2290 20
672 2232 909 2292 Heraclii
935 2246 1147 2292 tantum
1181 2238 1313 2294 illud
1339 2239 1716 2309 ptolraxisSet,
1748 2247 1802 2294 et
1841 2253 1932 2294 res
1972 2236 2222 2295 Persicas
2249 2246 2376 2308 post
2402 2237 2744 2308 interjectam
2779 2236 2928 2291 illam
2969 2234 3037 2290 de
3063 2231 3334 2288 Abaribus
3382 2230 3598 2300 longam

332 2337 392 2382 et
419 2327 684 2382 minutam
716 2329 1182 2408 narratiunculam
1215 2338 1326 2384 tam
1351 2329 1498 2386 sicco
1521 2331 1660 2400 pede
1692 2329 2014 2397 transisset,
2049 2329 2146 2384 sed
2175 2329 2332 2400 plura
2364 2330 2590 2384 omnino
2629 2328 2699 2384 de
2732 2327 2897 2400 gestis
2933 2323 3170 2380 Heraclii
3213 2322 3271 2376 in
3299 2319 3600 2376 Chosroam

333 2421 726 2492 congessisset,
755 2428 810 2474 et
839 2421 944 2475 alia
972 2437 1094 2492 quae
1128 2433 1251 2493 post
1273 2423 1478 2479 bellum
1514 2416 1794 2479 Persicum
1829 2437 2064 2478 evenere
2087 2464 2104 2490 ,
2134 2432 2440 2478 memoratu
2473 2425 2638 2494 plane
2665 2423 2850 2494 digna,
2881 2421 3175 2492 attigisset;
3207 2433 3334 2474 cum
3366 2433 3430 2471 ex
3465 2431 3599 2487 poe-

333 2522 482 2567 niate
508 2513 562 2566 in
591 2512 857 2567 Severum
889 2521 1094 2583 pateat,
1123 2513 1315 2587 quanti
1348 2513 1492 2568 idem
1527 2512 1709 2569 Pisida
1745 2513 1996 2569 facienda
2019 2528 2145 2570 esse
2169 2514 2467 2579 censuerit,
2499 2530 2622 2584 quae
2661 2529 2764 2585 pro
2797 2511 3181 2569 ecclesiasticis
3211 2507 3600 2566 controversiis

333 2599 733 2672 componendis
771 2613 897 2674 post
929 2619 1119 2674 pacem
1147 2619 1274 2658 cum
1304 2603 1461 2658 Siroe
1490 2603 1778 2658 Persarum
1809 2619 1936 2676 rege
1971 2602 2240 2659 ﬁrmatam
2289 2605 2402 2676 egit
2452 2605 2770 2674 imperator.
2801 2603 2920 2660 Jam
2949 2617 3082 2660 vero
3123 2600 3598 2673 chronographum

332 2707 446 2750 non
481 2695 650 2751 luisse
677 2693 910 2752 Pisidam
937 2696 1115 2762 facile,
1150 2695 1364 2766 opinor,
1390 2697 1493 2752 sibi
1523 2697 1756 2768 quisque
1783 2697 2136 2768 persuadebit
2163 2716 2176 2750 :
2209 2698 2307 2754 sed
2341 2697 2788 2770 iambographum
2823 2699 2997 2770 egisse
3029 2713 3186 2754 nemo
3220 2711 3390 2752 sanus
3433 2709 3598 2766 nega-

335 2787 440 2842 bit.
475 2785 658 2854 Quare
687 2788 818 2858 quid
847 2789 1310 2860 respondebimus
1340 2788 1406 2856 ρ.
1441 2787 1708 2860 Septimio
1741 2789 1981 2845 Florenti
2018 2789 2348 2854 Christiano,
2383 2791 2474 2859 qui
2503 2790 2709 2846 idcirco
2738 2789 2786 2844 ei
2815 2788 3065 2844 attribuit
3089 2787 3397 2858 poemation
3420 2791 3600 2838 astro.

332 2884 612 2938 nomicum
643 2877 718 2938 De
743 2884 974 2954 splzwra.
999 2883 1144 2954 quod
1175 2893 1335 2938 antea
1375 2883 1478 2938 sub
1506 2883 1853 2954 Empedoclis
1881 2883 1968 2940 vel
1993 2882 2254 2964 Demetrii
2283 2883 2529 2940 Triclinii
2564 2883 2787 2939 nomine
2819 2884 3064 2939 ediderat
3093 2879 3319 2937 Parisiis
3343 2895 3434 2935 an.
3462 2878 3601 2933 1564

339 2979 655 3036 Fridericus
679 2979 994 3036 Morellius?
1021 2979 1158 3035 Cum
1195 2979 1343 3036 enim
1375 2978 1487 3045 ille,
1520 2979 1874 3036 doctissimus
1899 2979 2126 3034 omnino
2153 2979 2260 3044 vir,
2292 2994 2438 3034 anno
2477 2979 2616 3035 £687
2651 2979 2933 3036 statuisset
2970 2980 3078 3036 luci
3110 2979 3314 3036 donare
3351 2975 3601 3047 ejusdem

331 3071 596 3142 poematii
627 3071 962 3149 versionem,
988 3071 1057 3127 de
1079 3085 1147 3126 eo
1179 3070 1282 3126 hoc
1299 3069 1566 3140 judicium
1595 3070 1925 3142 interposuit
1959 3089 1974 3127 :
2001 3069 2332 3142 Empedoclis
2367 3071 2460 3126 hos
2493 3087 2602 3138 esse
2626 3087 2804 3126 uersus
2833 3085 3104 3143 nunquam
3146 3069 3204 3123 in
3249 3067 3487 3144 animum
3518 3066 3602 3120 in-

330 3172 464 3227 duxi
493 3181 550 3227 ut
583 3173 870 3236 crederem,
903 3183 951 3227 et
982 3158 1078 3244 qui
1104 3172 1346 3238 credunt,
1379 3181 1502 3226 sunt
1527 3187 1654 3226 sane
1684 3187 1846 3242 quam
1874 3169 2248 3242 ταχυπιιθεῖς,
2275 3170 2552 3242 nulloque,
2584 3179 2642 3225 ut
2667 3171 2796 3225 mihi
2823 3169 3048 3230 videtur,
3073 3163 3332 3236 probabili
3359 3163 3601 3218 nituntur

330 3276 666 3339 argumento.
697 3266 776 3322 Ab
823 3267 892 3321 iis
939 3264 1258 3336 temporibus
1279 3264 1594 3338 longissime
1636 3265 1850 3332 absunt,
1880 3266 1970 3336 qui
2000 3265 2246 3320 Triclinia
2285 3265 2550 3320 Demetrio
2595 3265 2896 3333 imputant;
2939 3261 3032 3317 sed
3077 3258 3380 3329 conjectura
3424 3265 3604 3310 tamen

326 3379 548 3432 scopum
579 3362 818 3418 ueritatis
841 3363 1054 3430 propius
1077 3361 1365 3432 attingunt.
1389 3360 1643 3426 Quamuis
1689 3361 1830 3414 enim
1873 3361 2100 3414 materia
2128 3361 2238 3416 [nec
2275 3359 2344 3414 sit
2381 3343 2545 3423 uetus,
2576 3358 2924 3413 recentiorum
2969 3363 3045 3409 est
3088 3355 3280 3424 forata,
3309 3359 3358 3404 et
3404 3348 3600 3403 meruit

330 3453 680 3508 nihilominus
711 3454 990 3524 antiquam
1019 3453 1283 3518 obtinere;
1329 3453 1564 3524 profecto
1587 3454 1758 3524 poesis
1787 3454 1892 3508 ista
1923 3469 2027 3508 non
2051 3453 2201 3524 longe
2227 3453 2444 3507 discedit
2484 3469 2516 3506 a
2543 3451 2740 3508 Pisidae
2763 3449 2844 3505 uel
2875 3449 3008 3520 stle
3035 3447 3116 3502 uel
3145 3454 3322 3507 (etate,
3348 3442 3485 3514 quod
3505 3439 3605 3510 ju—

329 3547 532 3615 dicium
563 3547 702 3617 facio
733 3545 964 3600 aliorum
1001 3555 1051 3601 et
1093 3547 1472 3613 eruditiorum,
1511 3554 1619 3601 etc.
1651 3545 1764 3618 Ego
1795 3561 1924 3602 vero
1955 3544 2189 3600 Pisidam
2237 3559 2358 3599 esse
2405 3553 2686 3598 auctorem
2730 3557 2840 3596 non
2875 3538 3069 3604 credo,
3099 3545 3154 3592 et
3185 3536 3345 3608 plane
3370 3533 3608 3588 libenter

329 3639 608 3699 assentior
635 3639 906 3704 Fabricio,
931 3640 1026 3710 qui
1053 3639 1192 3696 Bibl.
1219 3641 1397 3698 Graec.
1432 3649 1564 3697 tom.
1591 3640 1636 3696 ll
1663 3684 1678 3710 ,
1709 3656 1834 3714 pag.
1868 3643 1994 3708 477,
2026 3642 2176 3697 hunc
2201 3641 2379 3712 ipsum
2410 3639 2488 3694 De
2518 3642 2726 3710 sphrcra
2761 3636 3005 3692 libellum
3030 3675 3046 3702 ,
3074 3633 3182 3706 iam
3209 3647 3334 3686 raro
3361 3627 3606 3693 obvium,

338 3735 538 3789 iterum
569 3731 899 3802 impressum
932 3747 1056 3789 cum
1085 3733 1228 3789 docti
1257 3733 1573 3805 interpretis
1599 3733 1748 3790 notis
1775 3750 1888 3789 non
1923 3733 2265 3788 inconsultus
2305 3732 2468 3788 nobis
2497 3731 2694 3788 obtulit
2720 3727 3031 3800 legendum,
3063 3725 3161 3781 sed
3207 3723 3380 3779 cuivis
3425 3721 3610 3791 potius

337 3825 498 3880 alteri
520 3839 684 3896 quam
713 3822 908 3878 Pisidae
933 3823 1354 3896 adjudicaudum
1387 3825 1624 3892 censuit,
1651 3825 1798 3896 quod
1829 3823 2309 3882 Christianismum
2347 3824 2467 3893 ejus
2500 3831 2556 3878 et
2585 3822 2906 3898 religionem
2934 3821 3252 3892 neutiquam
3299 3818 3511 3890 spirent
3549 3817 3608 3874 hi

338 3941 392 3980 ν.
423 3925 490 3980 75
518 3933 574 3980 et
619 3939 772 3994 seqq.
802 3924 993 3996 Τοιᾷδε
1037 3919 1190 3987 τάξει
1241 3918 1627 3990 σχηματίζοντ⁹
1661 3919 1915 3992 ἀστέρες,
1945 3917 2354 3990 θεῶνβροτοῖσι
2386 3917 2486 3990 τὴν
2517 3917 2677 3989 χάριν
2703 3917 3084 3990 δωρουμένων.
3107 3917 3220 3971 Εἶτ’
3251 3911 3344 3970 οὖν
3373 3916 3611 3986 ἀμήτωρ

336 4015 553 4079 ulna;
589 4015 758 4086 ὥρισε
789 4015 1019 4085 βροτοῖς,
1049 4012 1150 4066 εἶθ’
1180 4011 1333 4082 ἥλιος
1363 4011 1618 4082 τηλωπδν
1645 4012 1892 4083 ἀστέρων
1916 4009 1933 4064 ε

2008 4027 2088 4077 ἰν,
2121 4011 2260 4064 θεῶν
2289 4008 2352 4063 τὸ
2377 4011 2699 4082 μηχάνημα.
2736 4009 2966 4076 Quinam
2999 4008 3142 4063 enim
3173 4005 3250 4079 [p.
3291 4003 3462 4076 XXV]
3493 4004 3605 4058 ﬁeri

336 4110 517 4182 possit
551 4117 610 4164 ut
643 4109 840 4176 Pisida,
871 4107 965 4178 qui
997 4109 1052 4165 in
1084 4107 1418 4162 Hexaemero
1453 4107 1640 4162 omnia
1674 4106 1742 4162 ad
1780 4107 2039 4178 pietatem
2074 4115 2130 4162 et
2157 4121 2340 4161 veram
2375 4105 2694 4176 religionem
2737 4104 2968 4160 nimium
3015 4103 3178 4158 etiam
3223 4100 3466 4162 studiose
3507 4099 3612 4153 de-

337 4203 491 4260 llexit
518 4209 711 4258 contra
741 4203 980 4271 Graecos,
1009 4202 1055 4257 si
1084 4202 1152 4256 de
1187 4202 1400 4272 sphaera
1435 4212 1491 4258 et
1524 4201 1693 4259 stellis
1722 4201 1944 4274 egisset.
1971 4217 2160 4256 earum
2189 4203 2435 4256 ordinem
2461 4211 2518 4256 et
2539 4215 2760 4257 cursum
2785 4216 2816 4258 a
2846 4197 3103 4256 fabulosis
3134 4195 3376 4268 gentium
3422 4192 3608 4248 numi-

333 4285 506 4352 nibus
525 4295 735 4352 diceret
761 4310 882 4350 esse
911 4297 1308 4352 constitutum?
1351 4295 1600 4368 profecto
1627 4297 1746 4353 haec
1773 4312 1882 4352 una
1916 4295 2205 4352 dillicnltas
2239 4295 2373 4351 tanti
2418 4294 2680 4350 momenti
2713 4293 2846 4348 mibi
2879 4292 2993 4346 visa
3027 4297 3131 4355 est,
3164 4297 3226 4344 ut
3257 4303 3394 4358 npus
3427 4286 3610 4357 ipsum

333 4389 607 4445 attentius
633 4387 944 4460 expendere
968 4397 1025 4442 et
1051 4389 1246 4460 stylum
1279 4389 1418 4461 style
1447 4389 1701 4444 conferre
1724 4403 2194 4459 supervacaneum
2243 4393 2366 4442 esse
2399 4385 2671 4442 duxerim.
2704 4384 2896 4440 Restat
2933 4382 3150 4438 tandem
3192 4389 3250 4435 ut
3277 4379 3440 4434 etiam
3471 4377 3610 4432 illud

334 4497 614 4546 moneam,
649 4497 719 4536 ne
743 4479 1154 4536 Commentarios
1180 4479 1402 4550 quidem
1425 4480 1484 4534 in
1512 4476 1782 4550 Epistolas
1807 4477 1968 4532 Pauli
1994 4518 2010 4544 ,
2037 4492 2176 4548 quos
2201 4476 2387 4534 Graec
2412 4487 2627 4532 exstare
2659 4475 2712 4530 in
2744 4475 3076 4531 bibliotheca
3103 4467 3511 4526 Vindoboneusi
3539 4484 3608 4525 ex

339 4573 522 4628 Frisio
549 4583 606 4628 et
634 4573 931 4630 Possevino
960 4573 1132 4628 refert
1160 4572 1510 4644 Le-Longius
1537 4573 1674 4628 Bibl.
1707 4573 1860 4628 Sacr.
1892 4582 2026 4628 tom.
2059 4571 2134 4642 ll,
2164 4589 2222 4644 p.
2255 4573 2380 4640 907,
2417 4572 2521 4628 sub
2563 4572 2787 4626 nomine
2829 4569 3047 4624 Piscidii
3083 4566 3164 4622 vel
3197 4554 3386 4621 Pisidii
3411 4563 3606 4629 Grn'ci,

335 4667 573 4738 Georgio
605 4665 802 4721 Pisidae
837 4665 1156 4720 tribuendos
1187 4679 1340 4728 esse;
1372 4679 1534 4733 quem
1565 4663 1693 4718 talia
1725 4660 2144 4734 scripsisse'nec
2168 4661 2588 4718 auctoritatibus
2631 4675 2735 4715 nec
2781 4657 3109 4728 coniecturis
3145 4655 3383 4710 evinces.
3417 4651 3522 4706 Sed
3553 4659 3608 4706 et

345 4755 522 4812 Frisio
550 4765 608 4811 et
633 4755 932 4812 Possevino
957 4755 1118 4810 etiam
1149 4753 1284 4809 fides
1309 4753 1364 4808 in
1395 4755 1499 4808 hoc
1533 4754 1714 4826 negari
1741 4770 1903 4824 posse
1933 4755 2171 4818 videtur,
2201 4765 2330 4810 cum
2365 4751 2692 4808 Lambecius
2715 4761 2772 4806 et
2799 4749 3154 4808 Reimannus,
3191 4744 3286 4815 qui
3333 4742 3609 4813 eatalogos

343 4847 688 4904 bibliothecae
715 4846 1156 4903 Vindobonensis
1179 4847 1341 4920 longe
1379 4849 1690 4905 accuratius
1713 4849 2104 4916 confecerunt,
2141 4849 2308 4920 hujus
2334 4847 2556 4904 Piscidii
2588 4849 2674 4904 vel
2717 4845 2902 4902 Pisidii
2950 4844 3006 4898 in
3051 4841 3277 4897 Paulum
3321 4839 3611 4896 scribentis

339 4935 550 4992 nullam
577 4935 828 5008 ingeram
849 4935 1208 4992 mentionem.

415 5046 607 5116 Itaque
638 5060 764 5100 cum
786 5045 899 5114 jam
927 5045 1001 5100 sit
1027 5054 1277 5116 apertum
1308 5063 1428 5118 quae
1457 5046 1567 5102 sint
1596 5063 1760 5117 opera
1786 5048 1922 5106 falso
1951 5050 2212 5106 attributa
2243 5049 2474 5116 Pisidae,
2507 5064 2618 5105 non
2645 5049 2744 5104 abs
2767 5063 2826 5103 re
2859 5045 3075 5117 quidem
3105 5046 3211 5101 erit
3235 5059 3382 5100 nunc
3407 5042 3612 5114 aliquid
3637 5049 3648 5055 '

335 5137 526 5192 dicere
555 5135 626 5190 de
651 5135 932 5191 codicibus
987 5135 1046 5190 in
1081 5135 1278 5206 quibus
1311 5137 1431 5208 ejus
1467 5139 1702 5210 genuina
1738 5140 1939 5211 scripta
1966 5140 2232 5196 contineri
2261 5148 2358 5196 aut
2385 5140 2618 5196 vidimus
2648 5147 2744 5194 aut
2775 5137 3023 5208 legimus.
3051 5135 3109 5190 ln
3142 5135 3469 5193 bibliotheca
3504 5131 3614 5187 νεαρ

339 5231 525 5286 ticana
567 5229 810 5299 quinque
855 5238 984 5284 sunt
1011 5228 1326 5298 hujusmodi
1363 5229 1604 5295 codices,
1639 5244 1870 5299 quorum
1903 5233 2112 5301 primus
2163 5231 2410 5303 signatur
2453 5247 2607 5286 num.
2643 5229 2782 5290 ηπ
2833 5229 2886 5282 in
2937 5243 3005 5283 eo
3053 5237 3249 5298 praeter
3275 5225 3614 5292 Cleomedis,

343 5318 588 5391 Dionysii
619 5316 952 5390 Periegetae',
985 5317 1256 5373 Theodori
1290 5317 1572 5373 Prodromi
1621 5317 1940 5390 aliorumqm

2011 5336 2154 5390 ipera
2185 5329 2314 5375 sunt
2346 5319 2622 5390 Γεωργίου
2657 5316 2904 5371 διακόνου
2941 5316 3036 5368 καὶ
3065 5313 3484 5387 ρεφερενὸαρίου
3511 5312 3608 5368 τοῦ

339 5409 566 5464 Πισίδου
594 5409 766 5480 στίχοι
799 5411 876 5474 εἰς
907 5409 1004 5481 τὴν
1046 5407 1406 5478 Ἐξαήμερον.
1441 5408 1621 5464 Codex
1655 5417 1741 5464 est
1775 5410 1936 5464 minui

2012 5411 2212 5475 simus,
2245 5409 2342 5465 sed
2375 5407 2716 5481 elegantibus
2749 5403 2948 5462 litteris
2980 5415 3234 5461 exaratos
3262 5423 3276 5460 :
3304 5405 3470 5462 iambi
3497 5403 3609 5461 sin-

342 5501 486 5573 gulis
518 5499 730 5572 paginis
759 5501 812 5554 in
843 5509 1078 5572 quatuor
1106 5497 1388 5554 Columnas
1415 5498 1756 5570 digeruntur,
1779 5516 1892 5555 non
1923 5501 1998 5556 ita
2033 5509 2214 5556 tamen
2241 5511 2298 5556 ut
2321 5509 2433 5556 tota
2465 5499 2715 5556 columna
2745 5499 2919 5570 prima
2946 5498 3173 5572 legenda
3197 5499 3296 5568 sit,
3316 5509 3610 5570 antequam

343 5593 412 5649 ad
447 5593 742 5648 secundam
769 5596 894 5665 quis
915 5594 1316 5666 progrediatur,
1345 5595 1443 5650 sed
1472 5610 1502 5648 a
1536 5594 1762 5668 singulis
1785 5597 2051 5668 cujusque
2076 5598 2344 5654 columnae
2381 5595 2574 5668 primis
2598 5593 2850 5650 versibus
2895 5595 3266 5666 incipiendum
3306 5595 3399 5660 sit,
3425 5603 3482 5650 et
3527 5594 3607 5650 sic

344 5684 546 5741 deinde
575 5683 906 5740 veniendum
933 5685 1001 5740 ad
1031 5683 1320 5748 secundos,
1353 5685 1562 5750 tertios,
1594 5695 1838 5756 quartos,
1876 5695 2041 5758 atque
2083 5702 2151 5742 eo
2195 5685 2388 5742 ordine
2414 5684 2844 5739 continuandum
2872 5700 3045 5756 usque
3071 5689 3138 5743 ad
3175 5686 3335 5741 linem
3371 5685 3604 5756 paginae,

345 5773 618 5834 Caeterum
663 5775 846 5830 multis
888 5784 1059 5840 scatet
1087 5777 1384 5842 erroribus,
1421 5792 1481 5830 ac
1508 5775 1692 5847 plures
1723 5777 1779 5831 in
1814 5791 1880 5833 eo
1911 5777 2110 5835 desunt
2135 5793 2348 5843 versus,
2383 5777 2567 5848 plures
2596 5784 2723 5832 sunt
2768 5783 2921 5834 extra
2966 5779 3212 5836 ordinem
3261 5779 3599 5850 transpositi.
