4044 6488
435 339 590 412 .1133
1677 339 1827 401 JOS.
1859 337 2125 399 MARLE
2157 335 2477 410 QUERCII
3597 339 3744 406 ιιεά

441 463 732 520 Secundus
771 459 936 517 codex
969 452 1270 512 Vaticanus
1296 462 1380 508 est
1419 453 1536 518 l66,
1578 467 1688 506 non
1723 450 2062 522 ineleganter
2086 447 2182 505 sed
2217 450 2446 504 multum
2478 449 2738 507 mendose
2781 453 3056 527 scriptus,
3085 470 3212 512 eum
3259 454 3749 513 emendationibus

443 576 475 614 a
509 557 802 614 recentiori
855 569 1020 610 manu
1070 549 1339 621 appositis
1377 549 1431 601 in
1464 547 1732 616 margine.
1763 545 1979 600 Titulus
2009 559 2040 599 e

2168 543 2276 597 Τοῦ
2304 544 2618 614 σοφωτάτου
2653 549 2748 601 καὶ
2779 549 3114 618 λογιωτάτου
3159 551 3256 604 καὶ
3301 549 3744 623 ρεφερενδαρίου

445 654 544 723 τῆς
571 650 835 720 Μεγάλης,
869 644 1192 714 ἐκκλησίας,
1227 641 1417 713 κυρίου
1450 639 1545 692 τοῦ
1581 638 1800 692 Πισίδου
1821 677 1836 703 ,
1869 637 2040 707 στίχοι
2086 635 2339 704 ίαμόικοὶ
2385 635 2524 706 πρὸς
2569 637 2660 691 τὸν
2705 639 3057 712 πατριάρχην
3107 641 3753 705 Κωνσταντινουπόλεως

446 751 696 822 Σέργιον,
733 749 837 802 hoc
860 751 946 800 est
972 745 1028 797 in
1063 743 1424 796 Hexaemeron
1457 736 1640 807 Sergio
1670 737 1930 790 dicatum.
1967 735 2046 788 Ex
2070 735 2178 788 hoc
2212 733 2404 790 codice
2432 734 2620 790 decem
2654 735 2776 790 illos
2806 737 3016 793 iambos
3046 736 3418 810 supplevimus
3445 738 3500 792 in
3529 739 3748 809 princi-

446 846 539 917 pio
573 863 627 899 v.
663 843 754 906 22,
791 840 883 911 qui
918 847 1049 894 sunt
1097 838 1156 891 in
1209 835 1425 890 laudem
1465 833 1714 904 ejusdem
1745 831 1926 902 Sergii
1963 847 1975 888 τ
2008 831 2042 886 d

2158 831 2209 884 iit
2244 847 2298 889 In
2326 845 2547 886 versum
2587 831 2724 888 1627
2757 851 2770 886 :
2805 831 2996 898 Οὕτως
3033 833 3242 888 ἕκαστα
3283 835 3677 906 συμφερόντως
3712 837 3755 909 ἡ

450 937 634 1007 χάρις,
666 934 762 989 sed
793 947 894 1003 pro
919 931 1080 1001 χάρις
1105 927 1276 984 habet
1311 926 1516 988 κτίσις.
1546 923 1768 978 Tertius
1800 923 1971 978 codex
2001 921 2045 976 ιτ

2161 935 2303 978 anus
2334 930 2417 976 est
2454 920 2578 988 867,
2627 921 2682 976 in
2720 938 2828 992 quo
2857 922 2962 980 M9
2991 925 3156 981 iambi
3189 935 3397 981 tantum
3426 927 3495 982 ab
3525 927 3756 982 Hexae-

448 1047 604 1086 mero
655 1027 898 1097 excerpti
947 1027 1224 1097 leguntur,
1256 1023 1351 1092 qui
1387 1031 1517 1078 sunt
1545 1020 1613 1075 de
1643 1017 1962 1074 animalium
2011 1017 2442 1089 preprietatibus
2471 1034 2487 1071 :
2518 1016 2710 1088 incipit
2741 1017 2888 1074 enim
2934 1033 2966 1074 a
3014 1037 3177 1076 versu
3230 1021 3336 1077 958
3366 1038 3379 1075 :
3412 1019 3510 1086 Τίς
3539 1020 3760 1094 ταῦρον

451 1119 771 1190 ἐκράτυνεν,
803 1125 862 1171 et
889 1115 1094 1170 desinit
1125 1114 1181 1166 in
1211 1126 1430 1166 versum
1469 1111 1608 1166 1357
1643 1127 1656 1164 :
1687 1108 1833 1179 Πρὸς
1860 1109 2041 1180 ἥνπερ

2160 1125 2240 1179 (εν
2283 1109 2476 1163 οὐσίαν
2514 1109 2870 1181 ἀναστρέφει.
2904 1109 3076 1168 Totus
3125 1120 3210 1168 est
3255 1112 3594 1184 negligenter
3626 1120 3691 1166 et
3723 1129 3757 1167 a

451 1211 683 1267 barbara
714 1225 880 1264 manu
905 1213 1184 1271 exaratos,
1210 1215 1270 1262 ut
1292 1221 1402 1260 non
1425 1205 1644 1260 dubites
1671 1219 1797 1259 eum
1822 1220 1851 1258 a
1882 1203 2154 1274 sequioris
2178 1203 2368 1259 smculi
2391 1203 2630 1275 quodam
2654 1203 2844 1261 Graeco
2867 1221 3180 1262 emanasse.
3199 1206 3414 1262 Titulus
3434 1207 3762 1278 estzl‘ewp-

451 1301 572 1370 γίου
602 1299 696 1352 τοῦ
730 1297 1044 1368 σοφωτάτου
1074 1297 1168 1350 καὶ
1193 1295 1445 1349 διακόνου
1477 1293 1573 1348 τοῦ
1599 1295 1697 1363 τῆς
1729 1293 1992 1366 Μεγάλης
2019 1293 2316 1366 ἐκκλησίας
2348 1294 2542 1366 στίχοι.
2576 1294 2638 1350 In
2669 1295 2777 1352 ﬁne
2809 1295 3008 1370 legitur
3038 1299 3192 1364 τέλος
3216 1299 3325 1353 τῶν
3353 1300 3622 1371 στιχείων.
3656 1301 3760 1354 ln-

455 1401 624 1456 terea,
657 1387 802 1457 quod
841 1385 1065 1452 mirere,
1093 1384 1260 1438 iambi
1295 1399 1404 1438 non
1436 1391 1569 1438 sunt
1597 1385 1892 1454 στιχηρῶς,
1929 1383 2024 1438 sed
2058 1381 2112 1437 in
2146 1383 2369 1466 modum
2402 1399 2578 1454 prosa:
2608 1385 2874 1441 orationis
2904 1385 3142 1458 scriptae.
3172 1388 3412 1454 Quartus
3435 1389 3605 1446 codex
3621 1391 3758 1448 Vat.

455 1495 541 1540 est
572 1483 734 1548 1126,
767 1482 1242 1544 membranaceus,
1274 1480 1396 1551 ejus
1431 1479 1622 1534 formae
1654 1493 1816 1548 quam
1855 1477 2091 1533 dicimus
2121 1477 2174 1532 in
2206 1477 2294 1545 16,
2330 1475 2506 1533 nitide
2535 1472 2588 1533 et
2613 1477 2894 1550 eleganter
2919 1478 3015 1552 [p.
3048 1479 3263 1554 XXVI]
3296 1490 3370 1548 et,
3403 1490 3461 1538 ut
3507 1483 3758 1548 videtur,

458 1577 608 1634 circa
637 1576 898 1631 saeculum
939 1589 1037 1628 xm
1069 1588 1099 1626 a
1133 1571 1310 1641 perito
1336 1569 1674 1641 calligrapho
1719 1568 1978 1638 scriptus.
2031 1568 2104 1623 Is‘
2127 1575 2212 1624 est
2245 1567 2417 1624 codex
2459 1583 2524 1623 ex
2560 1584 2670 1639 quo
2699 1569 2922 1625 l'uerunt
2955 1570 3226 1642 exscripta
3259 1575 3520 1642 opuscula
3552 1572 3762 1630 Pisidae

460 1669 531 1724 ah
559 1667 848 1724 Holstenio
879 1665 1049 1721 missa
1079 1663 1362 1728 Maltreto,
1393 1677 1560 1732 quem
1585 1661 1816 1716 Allatius
1840 1675 1952 1714 non
1985 1657 2156 1726 vidit,
2191 1675 2223 1715 a
2255 1676 2365 1731 quo
2390 1661 2770 1732 apographum
2799 1661 3518 1721 bibliothecze‘Corsiniante
3547 1665 3764 1721 forma.

462 1775 578 1820 tum
611 1772 716 1822 est.
753 1770 808 1818 et
838 1778 948 1833 quo
974 1761 1195 1818 demum
1219 1772 1322 1811 nos
1357 1757 1414 1810 in
1446 1756 1551 1810 hac
1581 1755 1822 1810 editione
1846 1754 2191 1825 procuranda
2221 1756 2306 1810 usi
2341 1769 2552 1812 sumus.
2596 1755 2658 1810 In
2687 1771 2754 1812 eo
2781 1758 2930 1812 enim
2961 1759 3315 1815 continentur
3339 1761 3522 1816 omnia
3556 1760 3766 1818 Pisidae

460 1864 707 1918 carmina
737 1863 843 1916 hoc
874 1860 1034 1916 titulo
1067 1865 1232 1928 atque
1265 1854 1456 1910 ordine
1487 1871 1499 1906 :
1539 1852 1718 1923 Στίχοι
1753 1853 2029 1923 Γεωργίου

2166 1853 2312 1906 ιόνου
2344 1853 2440 1907 καὶ
2472 1851 2881 1924 σκευοφύλακος
2907 1853 3006 1925 τῆς
3039 1855 3304 1928 Μεγάλης
3331 1855 3626 1927 ἐκκλησίας
3661 1855 3763 1912 τοῦ

461 1958 683 2012 ιΙισίδου
713 1959 794 2020 εἰς
823 1955 924 2027 τὴν
959 1926 1295 2022 Ἐξαήιιερον
1317 1968 1331 1980 ·
1366 1948 1428 2003 In
1463 1945 1850 2002 Hexaemeron.
1883 1948 2058 2019 Epigrt

2172 1957 2290 2001 rata
2311 1986 2327 2012 ,
2351 1948 2648 2017 Heraclida,
2681 1950 2745 2005 de
2789 1926 3044 2006 animate)
3074 1953 3216 2017 vitta,
3249 1926 3432 2008 contra
3481 1954 3769 2031 Severum,

462 2055 526 2106 de
556 2051 886 2121 expeditione
915 2047 1176 2110 lleraclii,
1211 2045 1275 2098 de
1301 2042 1434 2098 bello
1463 2042 1710 2106 Abarico,
1741 2043 1794 2094 in
1822 2039 2181 2096 Anastasium.
2219 2041 2536 2112 Sequuntur
2563 2043 2819 2116 anonym‘i
2851 2043 3018 2102 iambi
3054 2045 3110 2100 in
3137 2046 3197 2101 S.
3219 2045 3449 2104 Mariam
3471 2047 3770 2122 [Egyptia-

465 2158 606 2205 cam,
644 2156 707 2195 ac
741 2138 938 2194 deinde
971 2137 1206 2208 plurima
1238 2134 1406 2190 Philae
1433 2133 1698 2188 carmina.
1733 2131 1846 2186 Nec
1888 2131 2265 2187 Hexaemeron
2301 2149 2406 2188 nec
2433 2131 2752 2190 Pocmation
2778 2135 2846 2191 de
2870 2137 3115 2192 vanitate
3151 2139 3278 2194 vita:
3309 2141 3504 2196 exinde
3530 2141 3768 2214 colligas

467 2253 593 2292 esse
628 2236 882 2290 mutilum
913 2255 927 2290 :
965 2249 1160 2288 omnes
1187 2231 1332 2286 enim
1362 2245 1558 2285 versus
1585 2227 1876 2298 utrobique
1901 2229 2004 2283 sibi
2039 2229 2341 2284 succedunt
2366 2245 2468 2286 suo
2501 2229 2695 2286 ordine
2727 2231 3038 2302 conjuncti,
3069 2233 3218 2288 nulla
3249 2234 3410 2290 litura
3441 2246 3672 2307 apparet
3709 2237 3770 2294 in

467 2323 671 2386 medio,
703 2338 883 2392 neque
917 2321 970 2375 in
1015 2321 1146 2384 line,
1183 2321 1330 2392 quod
1361 2320 1560 2390 apponi
1593 2320 1733 2374 solet
1765 2333 1890 2374 cum
1927 2318 2131 2388 aliquid
2167 2318 2532 2384 desideratur,
2562 2319 2740 2373 λείπει
2767 2319 2938 2374 τᾶλλα
2962 2321 3179 2394 legitur,
3212 2332 3275 2378 ut
3296 2333 3378 2378 est
3405 2323 3461 2378 in
3492 2324 3764 2382 Morcllio-

469 2417 526 2470 In
565 2415 810 2486 margine
837 2423 968 2468 sunt
1012 2413 1153 2468 tituli
1187 2429 1253 2468 ex
1283 2412 1457 2487 minio
1488 2428 1672 2467 rerum
1703 2413 1881 2484 capita
1912 2413 2236 2480 indicantes,
2267 2413 2456 2484 quales
2484 2413 2634 2469 idem'
2658 2412 2932 2469 blorellius
2977 2413 3228 2470 exhibuit
3272 2415 3327 2470 in
3371 2431 3470 2471 sua
3517 2414 3770 2472 editione

475 2506 792 2563 Parisiensi.
825 2505 1032 2570 Codex,
1063 2514 1124 2560 ut
1156 2505 1392 2570 videtur,
1441 2521 1472 2561 e
1501 2505 1958 2562 Columnensium
2003 2507 2168 2563 domo
2199 2507 2268 2562 ad
2299 2508 2686 2564 bibliothecam
2717 2507 3034 2567 Vaticanam
3085 2511 3336 2567 transivit
3367 2531 3381 2566 :
3415 2511 3582 2568 habet
3609 2512 3768 2570 enim

468 2605 522 2658 in
553 2603 823 2675 principio
848 2602 967 2657 haec
993 2602 1178 2667 verba,
1205 2601 1315 2656 Hoc
1339 2591 1577 2657 volumen
1599 2612 1673 2657 est
1705 2605 1808 2657 mei
1827 2603 2040 2658 Νίσοίαὶ
2069 2603 2448 2660 Βανιίιοίοιηωὶ
2469 2605 2540 2664 de
2563 2603 2855 2662 Columnis.
2888 2604 3123 2672 Quintus
3144 2603 3316 2659 codex
3343 2604 3464 2660 Vat.
3493 2613 3578 2660 est
3597 2605 3765 2673 1281,

471 2696 857 2768 bombycinus,
888 2704 1038 2750 extra
1073 2704 1126 2749 et
1160 2693 1309 2750 intus
1332 2693 1632 2765 praeferens
1660 2704 1892 2752 stemma
1929 2695 2126 2752 domus
2154 2696 2384 2752 Caraﬂ‘ae
2426 2713 2440 2750 :
2483 2696 2537 2752 in
2566 2697 2741 2768 prima
2771 2697 2972 2770 pagina
3003 2695 3202 2767 legitur
3231 2695 3446 2751 Antonii
3478 2697 3628 2752 card.
3655 2698 3765 2754 Ca-

471 2788 620 2857 roﬂ'te
649 2785 1264 2860 bibliothecariimunus
1305 2801 1369 2839 ea:
1412 2794 1756 2852 testamento;
1791 2785 2027 2858 sequitut

2193 2786 2384 2842 titulus
2419 2803 2433 2842 :
2469 2787 2576 2840 Τοῦ
2609 2789 2666 2841 ὲν
2699 2787 2876 2858 ἁγίοις
2926 2786 3085 2859 ἡμῶν
3111 2789 3378 2861 Κυρίλλου
3420 2790 3763 2864 πατριάρχου

483 2881 890 2954 Ἀλεξανδρείας
923 2880 1054 2952 περὶ
1083 2879 1238 2944 ζώων
1263 2879 1525 2950 ἰδιότητος
1555 2880 1645 2934 καὶ
1674 2881 1858 2950 φυτῶν
1885 2879 1974 2933 διὰ
2006 2877 2202 2950 στίχων
2235 2879 2530 2951 ίαμϐικῶν,
2564 2879 2704 2952 πρὸς
2733 2879 2825 2934 τὸν
2861 2880 2960 2950 τῆς
2991 2880 3623 2946 Κωνσταντινουπόλεως
3657 2901 3767 2936 πα-

471 2974 744 3045 τριάρχην
777 2971 966 3044 κύριον
996 2973 1242 3042 Σέργιον.
1277 2971 1386 3028 Sed
1417 2988 1448 3027 a
1487 2989 1654 3028 manu
1687 2973 2013 3040 recentiori,
2043 2989 2068 3044 q

2198 2973 2416 3029 videtur
2444 2989 2568 3031 esse
2613 2973 3073 3038 Allatiiyibidem
3123 2982 3274 3030 recte
3315 2985 3399 3030 est
3446 2983 3779 3037 annotatum.

474 3071 752 3142 Γεωργίου
783 3069 878 3122 τοῦ
907 3068 1149 3122 Πισίδου.
1191 3066 1324 3124 Post
1351 3083 1574 3126 versum
1608 3068 1677 3124 80
1709 3087 1724 3124 :
1753 3069 1958 3138 Σιγῶσι
1990 3070 2071 3140 Πρ

2169 3085 2248 3134 m,
2279 3068 2498 3140 legitur,
2529 3069 2700 3140 Ἀρχὴ
2733 3069 2830 3122 σὺν
2863 3067 2984 3140 Θεῷ
3013 3067 3106 3122 τοῦ
3133 3083 3150 3100 ο
3193 3067 3284 3130 Ὡς
3309 3067 3658 3138 ὲμεγαλύνθη
3702 3068 3766 3122 τὰ

473 3167 608 3236 ἔργα
655 3181 772 3226 σου,
801 3163 976 3233 Κύριε
997 3176 1015 3195 '
1044 3163 1223 3218 πάντα
1260 3166 1318 3219 ὲν
1351 3166 1516 3236 σοφίᾳ.
1545 3165 1832 3235 ἐποίησας,
1866 3180 1897 3220 e
1929 3165 2070 3236 quibi

2170 3164 2366 3231 verbis,
2398 3165 2444 3220 si
2474 3173 2626 3221 tanta
2675 3165 2824 3222 esset
2869 3165 3074 3222 codicis
3117 3163 3446 3229 auctoritas,
3497 3163 3616 3220 haec
3661 3164 3767 3220 duo

475 3259 632 3312 lirma
668 3257 1028 3319 haberentur,
1061 3255 1290 3325 etquod
1318 3257 1389 3312 sit
1417 3238 2129 3326 Hexaemeri‘principium,
2161 3265 2218 3311 et
2243 3271 2408 3326 quem
2447 3255 2551 3311 sibi
2585 3256 2779 3312 duceni
2822 3255 2878 3311 in
2909 3270 2977 3312 eo
3003 3256 3294 3314 scribendo
3327 3257 3522 3330 legerit
3565 3257 3762 3314 Pisida.

474 3352 682 3408 Verum
719 3352 811 3407 hic
835 3351 1001 3422 plane
1029 3363 1116 3406 εει
1141 3350 1234 3406 ille
1264 3352 1458 3416 codex,
1493 3353 1652 3422 cujus
1683 3352 1981 3422 epigraphe
2005 3341 2666 3424 deceptus'llieronymus
2691 3351 2982 3408 Brunellus
3009 3350 3391 3410 Hexaemeron
3421 3353 3614 3412 Pisidae
3651 3355 3765 3412 edi-

472 3445 556 3500 dit
585 3445 773 3498 Roma:
803 3457 950 3496 anno
983 3440 1124 3496 l590
1151 3441 1256 3497 sub
1281 3441 1507 3497 nomine
1529 3442 1739 3512 Cyrilli,
1771 3451 1834 3497 ut
1862 3457 2030 3512 supra
2069 3442 2276 3498 dictum
2312 3451 2397 3499 est
2428 3460 2442 3498 :
2471 3445 2654 3499 omnia
2687 3445 2833 3500 enim
2877 3445 3215 3516 respondent
3243 3447 3310 3504 ad
3334 3449 3610 3510 amussim.
3637 3465 3757 3503 cum

476 3539 668 3594 titulus
693 3547 806 3592 tum
834 3536 1142 3592 iamborum
1179 3549 1466 3599 numerus,
1494 3535 1588 3604 qui
1620 3542 1750 3590 sunt
1771 3534 2216 3590 1864.0aeterum
2242 3543 2390 3591 totus
2415 3544 2712 3606 corruptus
2733 3544 2894 3592 estet
2918 3551 3144 3607 prorsus
3168 3539 3569 3605 inemendatus,
3588 3554 3754 3610 quan-

476 3648 644 3704 quam
675 3648 786 3686 non
822 3631 1162 3702 ineleganter
1190 3629 1433 3699 scriptus
1460 3628 1618 3684 initio
1657 3629 1841 3685 saeculi
1871 3646 1962 3686 xv.
1994 3629 2054 3684 In
2083 3631 2334 3700 margine
2363 3631 2432 3686 ad
2464 3646 2688 3687 versum
2720 3627 2828 3686 471
2862 3631 3172 3702 hujusmodi
3204 3642 3290 3689 est
3315 3634 3600 3705 inscriptio
3630 3634 3760 3706 Περὶ

475 3728 579 3799 τῆς
607 3727 761 3798 ἱερᾶς
797 3720 978 3787 νὸσου,
1010 3723 1086 3778 De
1113 3739 1266 3779 sacro
1295 3723 1496 3788 morbo,
1528 3738 1692 3792 quam
1729 3723 1784 3778 in
1835 3723 1990 3778 nullo
2040 3722 2150 3778 alio
2201 3723 2390 3778 codice
2435 3723 2635 3794 reperi.
2689 3723 2797 3778 Sed
2829 3729 2886 3778 et
2920 3722 3196 3780 Morellius
3242 3725 3492 3782 eamdem
3540 3727 3767 3800 glossam

477 3820 839 3893 marginalem
873 3820 1152 3891 apposuit,
1178 3818 1336 3888 cujus
1363 3817 1470 3874 vim
1500 3819 1665 3888 plane
1694 3833 1803 3875 non
1845 3813 2128 3890 assequar,
2165 3817 2269 3874 n'ec
2309 3829 2472 3875 antea
2504 3831 2790 3876 assecutus
2818 3817 2922 3876 fuit
2949 3821 3128 3876 editor
3157 3820 3512 3880 Bibliotheca;
3551 3822 3772 3878 Patrum

477 3918 650 3972 Paris.
686 3917 844 3985 1589,
871 3920 948 3972 ait
977 3915 1125 3970 enim
1154 3933 1168 3968 :
1200 3914 1610 3984 lnscriptionem
1640 3917 1716 3972 De
1751 3916 1944 3972 morbo
1982 3932 2138 3972 sacro
2166 3933 2269 3972 non
2300 3918 2453 3987 capio
2483 3934 2502 3973 :
2531 3916 2719 3972 malim
2755 3917 2833 3973 De
2859 3917 3253 3990 certaminibus
3281 3927 3338 3974 et
3364 3919 3602 3990 praemiis
3629 3934 3774 3975 mar-

479 4025 657 4086 tyrum
689 4014 922 4071 Christi.
953 4013 1064 4069 llos
1089 4013 1333 4084 quinque
1367 4013 1585 4069 codices
1621 4013 1937 4080 Vaticanus,
1970 4014 2228 4084 quoniam
2276 4009 2494 4079 licebat,
2538 4029 2648 4070 non
2685 4014 2862 4087 piguit
2885 3989 3117 4086 jamdiu.
3135 3989 3391 4070 conferre
3419 4027 3477 4070 et
3497 4015 3775 4070 variantes

478 4109 741 4163 lectiones
772 4107 900 4162 hinc
932 4107 1060 4162 inde
1090 4107 1346 4177 colligere
1373 4125 1386 4161 :
1413 4121 1538 4178 spes
1567 4123 1807 4178 namque
1834 4107 2013 4162 inerat
2037 4107 2375 4164 uberrimum
2404 4106 2700 4178 diligentiae
2725 4115 2928 4162 nostrae
2955 4107 3190 4161 fructum
3210 4123 3314 4162 nos
3329 4123 3450 4164 esse
3467 4106 3772 4163 relaturos;

479 4199 574 4254 sed
621 4200 874 4255 exhausti
911 4199 1117 4254 laboris
1147 4199 1369 4255 tandem
1400 4215 1502 4256 nos
1530 4200 1808 4271 pmnituit,
1846 4199 1938 4254 ubi
1969 4198 2340 4254 intelleximus
2378 4215 2475 4256 eos
2494 4197 2714 4262 'omues'
2751 4213 2873 4254 esse
2915 4207 3024 4253 tam
3072 4199 3330 4270 imperite
3379 4209 3437 4257 et
3481 4201 3778 4258 oscitanter

478 4289 743 4360 scriptos,
775 4299 838 4345 ut
874 4289 1083 4344 nullam
1117 4291 1411 4346 utilitatem
1454 4307 1518 4346 ex
1551 4306 1745 4348 eorum
1791 4289 2032 4346 lectione
2067 4305 2263 4360 capere
2297 4290 2499 4361 possis,
2543 4289 2587 4346 si
2636 4298 2819 4345 tamen
2852 4289 3132 4345 laudatum
3178 4293 3422 4348 codicem
3457 4293 3596 4347 1126
3627 4291 3778 4347 exci~

479 4387 620 4454 pias,
653 4398 818 4452 quem
870 4398 1041 4438 unum
1073 4383 1438 4452 perlustrasse
1486 4394 1542 4440 et
1589 4384 1918 4456 expendisse
1945 4384 2258 4438 accuratius
2297 4385 2430 4440 satis
2460 4383 2677 4439 fuisset.
2723 4381 2830 4438 Sed
2859 4391 2912 4436 et
2939 4381 3105 4436 alium
3137 4382 3384 4438 codicem
3428 4383 3778 4439 bibliothecae

439 4530 446 4536 .
481 4477 852 4534 Valliccllanae
885 4479 1158 4550 signatum
1206 4477 1250 4532 Β
1289 4479 1392 4536 115
1422 4480 1676 4536 conferre
1713 4481 2006 4544 voluimus,
2040 4495 2203 4550 quem
2250 4478 2476 4535 Fulvius
2503 4478 2737 4536 Ursinus
2771 4478 2918 4534 dono
2955 4476 3106 4532 dedit
3153 4478 3354 4533 Achilli
3390 4477 3586 4537 Statio.
3623 4487 3679 4534 ut
3725 4479 3778 4534 in

477 4573 671 4627 eodem
704 4583 954 4628 notatmn
985 4573 1386 4639 animadverti;
1422 4589 1494 4629 ne
1528 4589 1654 4628 cum
1687 4582 1836 4629 esset
1863 4573 1930 4628 ad
1961 4589 2176 4639 manus,
2203 4589 2270 4628 eo
2298 4573 2384 4629 vel
2417 4571 2665 4644 neglecto
2697 4571 2783 4626 vel
2817 4571 3024 4626 omisso
3051 4567 3228 4626 cilicio
3251 4578 3441 4626 nostro
3465 4569 3780 4626 videremur

479 4665 740 4722 defuisse.
773 4666 952 4721 Codex
983 4676 1067 4720 est
1097 4665 1572 4728 memi-ranaceus,
1606 4662 1660 4716 in
1697 4677 1808 4732 quo
1849 4662 2034 4718 statim
2061 4661 2293 4717 veniunt
2321 4660 2484 4715 iambi
2513 4658 2710 4719 Pisidae
2735 4659 2790 4712 in
2822 4658 2960 4714 duas
2987 4657 3270 4712 columnas
3297 4657 3668 4727 pulcherrime
3696 4659 3782 4714 di-

481 4756 624 4828 gesti
653 4769 709 4813 et
749 4759 928 4814 nitido
961 4756 1266 4813 characteri
1298 4753 1604 4824 conspicui,
1640 4754 1734 4809 sed
1765 4752 1844 4826 [ρ.
1883 4751 2106 4826 XXVII]
2148 4753 2336 4808 multis
2361 4751 2576 4807 mendis
2603 4749 2788 4807 fmdati
2821 4749 3223 4820 et‘perturbato
3253 4749 3449 4821 ordine
3488 4749 3736 4819 dispositi
3763 4765 3778 4815 ;

481 4851 614 4920 quin
659 4861 716 4907 ct
759 4853 962 4907 desunt
1005 4868 1116 4908 non
1158 4847 1318 4922 pauci
1355 4862 1525 4902 :nam
1558 4848 1924 4901 bexaemeron
1965 4846 2074 4901 illic
2107 4845 2362 4900 versibus
2400 4843 2532 4899 1651
2565 4843 2902 4898 continetur.
2939 4843 3154 4898 Titulus
3195 4853 3282 4900 est
3312 4862 3325 4898 :
3359 4844 3640 4916 Γεωργίου
3686 4843 3780 4898 τοῦ

483 4948 704 5002 Πισίδου
754 4951 833 5012 εἰς
879 4948 1228 5020 πατριάρχην
1273 4944 1498 5017 Σέργιον
1559 4943 1689 5015 περῖ
1736 4943 1831 5014 τῆς
1877 4943 2080 5014 Ἐξαημ

2184 4959 2241 4998 πυ.
2277 4940 2414 4996 Cum
2450 4948 2634 4995 autem
2675 4938 2866 5010 paucis
2895 4949 3022 4994 ante
3063 4937 3226 4991 annis
3269 4935 3472 5006 patrios
3503 4935 3781 4990 revisurus

491 5043 634 5098 lares
667 5041 1000 5098 Florentiam
1043 5046 1342 5106 venissem,
1382 5041 1453 5095 ibi
1483 5039 1618 5094 mihi
1651 5039 1811 5094 libuit
1842 5054 1940 5110 per
1971 5037 2146 5093 otium
2171 5037 2360 5092 videre
2390 5051 2454 5090 ac
2485 5034 2742 5090 manibus
2767 5049 2990 5090 versare
3033 5031 3276 5088 codicem
3311 5029 3396 5095 10,
3434 5030 3572 5100 plut.
3611 5029 3666 5096 5,
3693 5029 3778 5083 hi-

485 5137 774 5194 bliotbecre
806 5138 1044 5194 Mediceo
1076 5137 1457 5194 Laurentianae
1486 5179 1500 5203 ,
1532 5135 1784 5206 quamvis
1812 5148 1917 5188 nec
1959 5141 2123 5188 aetate
2158 5147 2260 5186 nec
2311 5130 2420 5184 ulla
2467 5129 2786 5200 scriptionis
2827 5127 3010 5200 specie
3039 5123 3552 5189 commendabilem,
3586 5123 3639 5178 in
3673 5137 3780 5193 quo

487 5236 761 5292 habentur
788 5235 1062 5306 Γειοργίου
1091 5234 1343 5290 διακόνου
1376 5227 2006 5294 Κωνσταιντινουπόλεως
2055 5247 2084 5282 τ

2181 5229 2402 5282 Πισίδου
2439 5227 2612 5298 στίχοι
2645 5226 2856 5297 ἴαμϐοι,
2886 5223 3143 5282 videlicet
3173 5223 3226 5277 in
3255 5222 3652 5282 Hexaemeron,
3687 5211 3774 5290 qui

485 5340 615 5386 sunt
647 5340 858 5387 tantum
889 5346 1122 5386 numero
1165 5330 1303 5386 1427
1344 5349 1358 5385 :
1395 5332 1577 5401 plures
1611 5330 1758 5384 enim
1791 5342 1983 5384 versus
2013 5325 2197 5382 omisit
2232 5325 2487 5394 scriptor,
2532 5338 2597 5378 ac
2633 5322 2940 5394 praesertim
2991 5321 3048 5379 in
3099 5317 3207 5373 ﬁne
3231 5361 3246 5384 ,
3272 5332 3505 5387 quorum
3558 5317 3777 5370 ultimus

491 5423 754 5487 occurrit,
789 5423 880 5493 qui
915 5423 1077 5477 nobis
1107 5433 1196 5478 est
1226 5421 1362 5476 1825
1401 5437 1412 5472 :
1448 5413 1902 5490 Ἔτςιμος-οἶνος.
1935 5415 1989 5472 ld
2017 5431 2086 5469 au

2176 5431 2200 5470 rt
2245 5424 2404 5468 antea
2445 5413 2834 5468 observaverat
2861 5410 3312 5484 diligentissmms
3342 5410 3518 5465 editor
3553 5403 3773 5476 catalogi

485 5513 574 5582 eju
609 5515 730 5568 dem
764 5511 1136 5576 bibliothecae,
1171 5530 1226 5584 p.
1259 5500 1352 5577 ‘23,
1389 5513 1509 5568 hrec
1541 5513 1785 5568 subdens
1817 5529 1828 5563 :
1863 5509 1926 5564 In
1966 5508 2145 5562 codice
2175 5507 2429 5560 accedunt
2457 5505 2510 5558 hi
2545 5503 3041 5575 quinquemendosi
3072 5519 3267 5568 versus,
3301 5503 3391 5572 qui
3417 5502 3777 5555 desiderantur

483 5615 540 5666 in
580 5609 810 5662 editione
847 5607 1013 5662 Lecti-i
1044 5625 1063 5664 :
1095 5609 1232 5676 Δόξα
1266 5608 1322 5662 δὲ
1357 5610 1574 5662 πάντων
1601 5605 1678 5677 τῷ
1707 5605 1827 5676 Θεῷ
1863 5605 1958 5657 καὶ
1996 5606 2080 5656 Δεῖ

2179 5619 2246 5676 τῃ
2271 5601 2350 5672 τῷ
2379 5599 2542 5666 ζῶντι
2567 5600 2663 5654 καὶ
2694 5599 2910 5670 μένοντι
2939 5599 3018 5662 είς
3049 5599 3136 5652 ἀεὶ
3164 5599 3388 5669 πρέπει.
3408 5599 3602 5666 Ἀμὴν,
3635 5596 3773 5664 ἀμὴν

486 5695 696 5764 γένοιτο
726 5697 804 5769 τῷ
831 5699 890 5752 ὲν
925 5700 1036 5762 τοῖς
1069 5701 1202 5753 πᾶσι
1234 5701 1445 5772 χρόνοις
1476 5718 1534 5753 τε
1583 5699 1674 5753 καί
1715 5699 1766 5766 γ’
1801 5697 1947 5763 ἔτεσι
1981 5699 2094 5759 τοῖς
2125 5696 2479 5766 ἀμετρήτοις,
2525 5691 2639 5746 εἴτε
2683 5691 2741 5746 δὲ
2773 5693 2886 5752 τοῖς
2923 5689 3162 5757 ἀναξίοις
3201 5693 3331 5761 ἡμῖν
3374 5693 3430 5742 ἐν
3474 5690 3607 5740 πᾶσι
3655 5702 3770 5738 και-

505 5793 642 5860 ροῖς.
683 5791 752 5849 At
778 5811 889 5850 nrn
931 5794 1122 5862 senuit,
1157 5797 1302 5865 quad
1335 5807 1515 5851 tamen
1546 5773 1702 5850 laclle
1749 5803 1866 5848 erat
1919 5792 2240 5864 intelligere,
2277 5790 2494 5862 putidus
2529 5789 2648 5844 illus
2675 5787 2971 5843 versiculus
3007 5801 3112 5840 non
3146 5798 3266 5839 (ιδεο
3299 5780 3510 5847 1³ἰδίι1ιρ;
3535 5779 3630 5835 sed
3675 5777 3770 5832 itu-
