4044 6438
513 279 652 347 1187
1745 279 1892 341 105-
1932 278 2110 340 MAR]

2178 277 2195 338 ἰ
2228 277 2546 351 QUERCII
3642 277 3775 346 1188

515 389 713 462 στόμα.
746 386 817 442 El
842 387 936 444 καὶ
967 385 1216 460 λελέχθαι
1245 389 1359 452 τοῖς
1388 386 1643 450 Θεόπταις
1681 388 1915 439 ποι-πάσι
1951 387 2018 456 τῇ
2047 383 2141 438 τοῦ
2171 382 2294 439 καθ’
2317 382 2474 454 ἡμῶν
2504 379 2904 452 εὐδιαγνώστου
2943 379 3088 453 βίου.
3121 381 3312 454 Ὅμως
3345 381 3584 449 ἐκείνοις
3631 391 3778 458 χρώ-

520 501 680 556 μενος
721 483 1064 547 διδασκάλοις
1101 483 1358 553 ἐμαυτὸν,
1387 481 1461 546 ὡς
1493 480 1720 543 ἔνεστιν,
1765 480 2057 550 ἐμμέτρως
2091 478 2319 548 γράφων
2345 475 2414 532 δι’
2437 472 2507 550 ἧς
2552 477 2816 546 πέπομφα
2865 475 2976 531 τῶν
3007 476 3198 532 παθῶν
3227 477 3500 550 ἀμετρίαν
3531 482 3778 551 γραφεὺς

514 574 764 648 εμαύτοῦ
791 574 887 627 καὶ
921 573 1408 644 κατηγορημένων.
1444 567 1609 642 Ἀρχὴ
1650 567 1758 620 τῶν
1791 569 2102 638 ἐμμέτρων
2147 565 2260 636 Τὴν
2297 563 2392 619 τοῦ
2425 563 2540 636 βίου
2572 565 2804 637 ῥέουσαν
2833 565 3018 620 εἰκόνα
3047 566 3297 637 γράφων.
3328 567 3516 630 Τέλοςο
3553 568 3778 642 Ὄχημα,

517 665 767 736 λαμπρὸν
791 665 859 718 ἐκ
886 660 1021 718 Θεοῦ
1061 660 1437 732 πεπηγμένον,
1470 659 1670 732 δρόμον
1711 657 1962 729 χρονικδν
1991 655 2051 722 ἐξ
2073 657 2114 712 Ἀ

2184 655 2248 728 ip.
2276 657 2679 729 συλλαμϐάνον.
2713 656 2787 712 At
2824 657 2878 711 in
2911 655 3104 712 eodem
3148 655 3336 712 codice
3371 657 3511 712 1650
3539 661 3640 714 sub
3677 677 3781 716 nc-

517 756 664 810 mine
694 753 887 814 Pisidia
918 752 1141 808 veniunt
1167 768 1224 806 ιι.
1252 754 1339 818 77,
1363 767 1539 805 uersus
1576 751 1770 804 heroici
1795 747 1862 804 de
1887 748 2065 803 eodem
2107 757 2438 818 argumento,
2473 748 2744 815 videlicet,
2771 748 2836 802 de
2866 748 3108 804 cartilato
3143 747 3300 814 ante;
3326 763 3384 802 ιι.
3410 748 3500 815 78,
3531 751 3696 806 iambi
3722 754 3782 808 in

517 847 768 918 templum
797 847 935 916 quod
960 856 1036 900 est
1079 849 1138 899 in
1184 844 1506 908 Blachernis,
1543 851 1600 898 et
1635 858 1694 896 ιι.
1719 844 1806 908 79,
1839 842 2228 912 epigrammata
2267 841 2326 895 in
2369 839 2652 906 Doridem,
2694 840 2752 894 in
2799 839 3117 911 theologum,
3151 841 3210 894 in
3244 839 3595 913 Horologium
3635 853 3687 900 et
3722 846 3784 902 in

517 939 692 1011 legum
729 939 1007 1008 synopsin;
1035 952 1154 1006 qua:
1189 940 1373 994 omnia
1415 939 1552 994 falso
1582 953 1705 995 esse
1736 938 1973 1008 ascripta
2015 937 2206 994 Pisidae
2243 952 2334 993 me
2367 937 2578 996 monuit
2607 937 2856 993 laudatus
2881 936 3380 1008 Cappcronnerius.
3403 940 3560 1012 cujus
3591 953 3789 1000 aucto-

515 1030 732 1086 ritatem
773 1043 972 1097 sequor
1003 1042 1108 1081 non
1147 1027 1393 1084 invitus:
1427 1029 1525 1085 sed
1564 1043 1690 1084 cum
1731 1027 1940 1082 iambos
1974 1027 2031 1080 in
2065 1028 2231 1082 adem
2275 1025 2723 1082 Blachernianam
2748 1025 2963 1097 Georgii
2997 1043 3119 1084 esse
3153 1029 3521 1099 iudicaverint
3551 1035 3639 1090 alii
3680 1037 3793 1093 do-

517 1117 742 1174 ctissimi
771 1117 893 1182 viri,
922 1131 1022 1186 ego
1049 1131 1143 1170 eos
1177 1117 1318 1172 inter
1362 1116 1684 1188 Fragmenta
1720 1129 2010 1182 recensere
2049 1130 2160 1170 non
2203 1115 2446 1174 dubitavi
2483 1131 2590 1170 una
2630 1131 2756 1172 cum
2785 1116 2908 1172 aliis
2933 1117 3270 1175 carminibus
3306 1121 3362 1175 in
3409 1123 3701 1193 Deipararn
3739 1139 3791 1182 et

515 1218 755 1262 sanctum
782 1206 1036 1260 Thomam
1082 1205 1337 1276 aliosque,
1367 1222 1489 1277 qua:
1533 1221 1599 1262 ex
1643 1205 1830 1260 codice
1857 1204 1994 1259 2851
2026 1204 2300 1275 exscripta
2345 1213 2599 1276 tanquam
2629 1205 2868 1278 genuina
2897 1205 3093 1264 Pisidae
3120 1215 3400 1282 opuscula,
3431 1218 3590 1274 nobis
3627 1235 3791 1275 com-

519 1302 816 1358 municavit
846 1301 989 1356 idem
1019 1298 1521 1370 Cappcronnerius.
1551 1295 1640 1350 Nil
1680 1305 1864 1351 autem
1907 1296 2099 1366 loquar
2137 1295 2208 1351 de
2244 1295 2467 1352 humilia
2507 1297 2562 1351 in
2605 1297 2816 1352 beatam
2845 1295 3130 1368 Virginem,
3161 1317 3227 1356 ac
3255 1305 3318 1360 de
3356 1305 3564 1376 oioiﬁca
3589 1325 3656 1362 ac
3687 1325 3790 1363 sa-

517 1399 680 1452 lutari
721 1399 990 1470 passione,
1031 1412 1152 1465 quae
1191 1396 1246 1450 in
1277 1393 1400 1450 cod.
1430 1391 1567 1448 l207
1607 1391 1840 1464 Georgio
1881 1391 2078 1447 Pisidae
2114 1392 2372 1462 episeopo
2415 1391 2818 1448 Nicomediensi
2862 1392 3124 1450 tribuitur
3159 1412 3174 1450 :
3219 1399 3350 1453 satis
3379 1401 3524 1455 enim
3561 1403 3632 1458 de
3677 1403 3794 1462 hac

515 1488 803 1544 nominum
828 1487 1047 1558 Georgii
1083 1484 1276 1541 Pisidae
1302 1495 1357 1539 et
1380 1483 1594 1555 Georgii
1620 1482 2056 1539 Nicomediensis
2087 1481 2409 1538 confusione
2433 1483 2640 1538 dictum
2668 1493 2772 1549 est,
2801 1499 2950 1540 nunc
2978 1493 3162 1542 autem
3190 1505 3222 1544 a
3253 1488 3420 1562 Regia
3451 1493 3792 1551 bibliotheca

517 1581 806 1638 Parisiensi
851 1581 928 1652 (α)
963 1581 1032 1636 ad
1057 1579 1364 1636 Caesaream
1392 1577 1872 1634 Vindobonensem
1909 1577 2136 1648 gradum
2173 1575 2443 1633 facientes
2485 1586 2596 1634 tros
2625 1579 2698 1634 ibi
2741 1579 2972 1636 codices
2997 1581 3266 1636 asservari
3313 1582 3682 1643 intelleximus
3719 1603 3796 1642 ex

517 1675 778 1746 catalogis
816 1674 1094 1730 Lambecii
1125 1673 1356 1729 Nesselii
1389 1679 1446 1728 et
1487 1669 1853 1738 Beimmanni,
1894 1670 2095 1726 Pisidz
2135 1686 2340 1726 nomen
2380 1671 2756 1742 praeferentes.
2799 1675 2840 1730 li
2877 1685 3064 1730 autem
3091 1689 3221 1731 sunt
3253 1677 3486 1752 primum
3514 1681 3637 1748 cod.
3673 1681 3796 1737 209

519 1755 851 1836 theologicae,
882 1763 951 1820 de
977 1779 1086 1834 quo
1115 1761 1434 1818 Lambecius
1479 1760 1570 1816 lib.
1603 1777 1658 1826 v,
1687 1776 1744 1832 p.
1772 1760 1859 1826 18,
1893 1754 2116 1816 et°Bein

2202 1775 2392 1828 annus,
2429 1778 2485 1833 p.
2510 1764 2635 1820 558.
2683 1765 2744 1820 ln
2785 1781 2872 1834 eo,
2904 1782 2960 1821 ιι.
2992 1766 3046 1833 7,
3083 1765 3236 1820 venit
3279 1766 3642 1826 Hexaemeron
3680 1773 3799 1826 sub

520 1855 626 1911 hoc
658 1855 816 1910 titulo
843 1873 856 1907 :
889 1853 1162 1924 Γεωργίου
1201 1851 1450 1908 διακόνου
1493 1851 1913 1924 ῥεφερενδοιρίου
1943 1849 2039 1904 τοῦ
2071 1851 2117 1904 Π

2204 1851 2266 1920 δη
2294 1851 2374 1914 si;
2403 1852 2502 1922 τὴν
2551 1852 2913 1927 Ἑξαήμερον,
2944 1856 3041 1912 sed
3075 1851 3336 1928 pertingit
3370 1866 3580 1916 tantum
3612 1875 3801 1930 usque

517 1947 586 2003 ad
612 1946 794 2000 locum
823 1952 893 1999 .ae
921 1944 1181 2000 vermibus
1207 1943 1411 2003 sericis.
1440 1942 1597 2012 cujus
1628 1941 1739 1997 illic
1786 1940 1886 1996 hoc
1911 1948 1996 1995 est
2026 1939 2114 2011 pri;

2204 1939 2394 2011 pium:
2423 1941 2582 2006 Ποτος
2609 1942 2667 2000 δὲ
2691 1944 2788 1998 καὶ
2815 1945 3076 2019 σκώληκα
3107 1954 3484 2026 σηρικονόμος.
3502 1955 3801 2014 Secundus

518 2041 692 2096 codex
733 2047 819 2094 est
857 2038 950 2108 qui
995 2039 1051 2091 in
1084 2037 1314 2092 classem
1348 2034 1682 2090 medicorum
1719 2033 1920 2088 relatus
1943 2032 2191 2105 signatur
2217 2049 2275 2089 ιι.
2301 2033 2406 2101 ιθς
2431 2035 2501 2091 de
2532 2051 2600 2091 eo
2637 2035 2982 2104 Lambecius,
3015 2038 3113 2097 lib.
3135 2059 3212 2108 vt,
3253 2060 3309 2116 p.
3343 2042 3464 2110 162,
3501 2053 3559 2102 et
3599 2047 3802 2103 [ἰοίιιι-

518 2150 779 2198 manuus,
821 2152 876 2204 p.
909 2134 1032 2189 495.
1072 2129 1288 2186 Titulus
1332 2133 1419 2185 est
1455 2152 1467 2186 :
1504 2128 1612 2183 Τοῦ
1659 2129 1973 2199 σοφωτάτου
2015 2145 2115 2199 acup

2206 2148 2211 2178 ι
2255 2130 2532 2202 Γεωργεου
2579 2130 2675 2184 τοῦ
2710 2131 2962 2198 Πισῐδους
3007 2117 3139 2204 ιζπερὶ
3188 2133 3365 2199 ζώων,
3397 2134 3803 2207 Sapientissinu'

519 2225 719 2280 domini
751 2223 958 2294 Georgii
985 2221 1182 2280 Pisidis
1221 2236 1405 2292 poema
1455 2219 1740 2274 iambicum
1773 2220 1836 2274 de
1865 2218 2209 2287 animalibus,
2238 2220 2384 2290 quod
2409 2229 2496 2275 est
2531 2219 2912 2278 Hexaemeron
2941 2240 2957 2276 :
2987 2223 3084 2279 sed
3121 2225 3284 2295 hujus
3330 2225 3473 2282 tituli
3512 2240 3799 2296 respectu,

522 2331 583 2378 ut
609 2319 934 2378 Lambecius
960 2319 1057 2383 ait,
1095 2318 1154 2374 lit
1177 2321 1298 2389 ejus
1325 2317 1506 2390 operis
1531 2315 1678 2372 inter
1713 2315 1953 2372 medicos
1981 2314 2187 2371 mentio
2217 2324 2472 2386 tanquam
2498 2315 2568 2372 ad
2596 2317 2879 2374 historiam
2917 2317 3236 2377 animalium
3263 2315 3613 2387 pertinentis,
3641 2323 3801 2390 quod

419 2403 430 2414 ”
520 2411 744 2468 omnino
771 2409 966 2467 melius
990 2408 1060 2464 ad
1085 2409 1314 2466 classem
1343 2407 1698 2479 theologicam
1729 2405 1954 2462 referas.
1984 2405 2142 2461 Circa
2168 2403 2336 2460 ﬁnem
2367 2405 2532 2478 hujus
2551 2409 2838 2478 poematis,
2871 2421 3070 2478 nempe
3090 2421 3122 2462 e
3145 2405 3366 2476 regione
3389 2422 3444 2462 v.
3475 2407 3610 2463 1856
3639 2425 3654 2461 :
3681 2411 3802 2464 Rat

518 2504 630 2567 δός,
665 2503 717 2556 in
758 2503 998 2573 margine
1026 2499 1230 2556 codicis
1268 2501 1382 2556 haec
1404 2499 1637 2570 ascripta
1667 2507 1796 2555 sunt
1823 2497 2012 2565 verba,
2031 2498 2115 2570 np‘

2204 2497 2530 2570 Ἡράκλειον
2562 2499 2732 2569 λέγει,
2765 2510 2833 2560 et.
2855 2501 3019 2574 paulo
3045 2504 3172 2573 post
3208 2511 3240 2556 c
3261 2497 3488 2569 regione
3507 2498 3588 2571 [ρ.
3617 2499 3797 2576 XXX]

521 2611 574 2649 v.
607 2593 744 2648 1880
773 2612 786 2648 :
833 2595 890 2646 ὐ
921 2592 1286 2664 πατριάρχης.
1329 2590 1462 2646 item
1497 2591 1615 2646 haec
1645 2589 1918 2662 leguntur,
1959 2589 2097 2660 πρὸς

2203 2604 2356 2660 ργιον
2395 2587 2563 2659 λέγει.
2596 2587 2816 2648 Tertius
2861 2593 3034 2648 codex
3062 2595 3179 2654 est,
3222 2603 3292 2647 ex
3323 2603 3434 2659 quo
3480 2589 3794 2658 Nesselius,

521 2692 660 2753 part.
688 2699 763 2750 tv,
797 2697 850 2751 p.
874 2681 966 2748 85,
997 2689 1054 2734 et
1089 2679 1504 2745 Reimmannus,
1539 2690 1679 2750 part.
1704 2695 1764 2746 ιι,
1794 2679 1888 2734 lib.
1915 2695 1977 2746 ιι,
1999 2693 2064 2755 ,p.
2095 2678 2118 2731 7

2220 2679 2369 2736 hunc
2401 2679 2618 2736 titulum
2647 2682 2971 2753 proferunt:
3001 2683 3202 2742 Poema
3243 2684 3324 2740 vel
3363 2701 3542 2751 uersus
3578 2689 3796 2743 iambici

520 2773 585 2828 de
611 2763 953 2838 animalibus,
983 2769 1186 2835 avibus,
1226 2767 1424 2838 plantis
1462 2778 1514 2826 et
1543 2767 1734 2828 herbis.
1763 2769 1896 2838 [orte
1924 2763 2136 2836 Georgii
2171 2765 2367 2826 Pisidn
2401 2768 2484 2823 uel
2530 2767 2725 2836 Pselli,
2766 2773 2858 2828 sed
2883 2773 2950 2827 ab
2995 2771 3150 2828 initio
3194 2771 3390 2836 mutili.
3437 2773 3493 2829 Id
3533 2789 3636 2847 ego
3669 2792 3795 2832 cum

521 2863 798 2934 legissem,
823 2877 928 2917 nec
952 2861 1115 2931 plane
1143 2859 1342 2916 scirem
1376 2858 1523 2914 unde
1547 2873 1611 2914 ea
1635 2856 1872 2912 oriretur
1897 2855 2042 2910 circa
2081 2855 2318 2914 Pisidam
2343 2865 2401 2913 et
2427 2857 2662 2915 Psellum
2693 2859 2984 2926 dubitatio,
3014 2864 3280 2935 optimum
3307 2865 3484 2922 virum
3511 2867 3790 2924 Nicolaum

523 2957 838 3020 Forlosiam,
862 2969 1032 3010 unum
1057 2969 1088 3009 e
1119 2953 1440 3010 custodibus
1476 2952 1822 3009 bibliothecae
1869 2950 2328 3018 Vindobonensis,
2371 2952 2528 3022 cujus
2562 2957 2958 3013 consuetudine
2987 2958 3180 3014 utebar
3214 2959 3630 3028 jucundissima,
3667 2961 3790 3017 dum

519 3063 698 3104 essem
723 3045 968 3110 Viennae,
998 3058 1146 3099 nunc
1171 3051 1353 3100 autem
1382 3051 1560 3098 morte
1587 3041 1906 3114 subreptum
1943 3057 2069 3096 cum
2113 3036 2272 3096 bonis
2313 3040 2492 3108 doleo,
2519 3040 2660 3097 datis
2689 3042 2884 3102 litteris
2926 3050 3106 3120 rogavi
3137 3058 3198 3107 ut
3221 3049 3345 3120 ejus
3387 3052 3594 3116 codicis
3631 3069 3787 3109 accu-

523 3139 785 3194 ratiorem
828 3133 1254 3207 descriptionem
1285 3130 1354 3186 ad
1384 3145 1472 3186 me
1510 3131 1773 3186 mitteret.
1808 3128 1860 3184 ls
1889 3136 2071 3184 autem
2103 3127 2416 3197 humaniter
2461 3129 2741 3200 rescripsit
2780 3135 3024 3192 codicem
3067 3153 3173 3194 nec
3215 3141 3438 3210 optima:
3462 3150 3612 3198 nota:
3649 3160 3788 3209 esse,
3841 3201 3849 3205 _

517 3234 664 3305 quod
698 3233 904 3303 placuit
943 3230 1306 3288 lleimmanno
1335 3240 1604 3290 asserere,
1638 3239 1742 3282 nec
1777 3223 1946 3278 nitide
1983 3223 2277 3292 scriptum;
2327 3221 2619 3294 continere
2649 3233 2830 3282 autem
2881 3229 3155 3306 variorum
3197 3243 3487 3291 auctorum
3532 3238 3788 3306 opuscula

522 3330 663 3385 Inale
711 3329 846 3384 farta
893 3335 948 3382 et
979 3334 1184 3387 assuta.
1213 3337 1446 3392 quorum
1481 3320 1716 3392 primum
1759 3326 1908 3374 esset
1937 3331 2161 3372 carmen
2205 3316 2499 3374 iambicum
2546 3317 2602 3382 in
2645 3318 2783 3385 duas
2821 3323 3104 3386 columnas
3154 3326 3448 3400 digestum,
3479 3331 3788 3390 characlete

521 3419 751 3475 barbaro
773 3425 831 3471 et
857 3429 1081 3486 prorsus
1108 3411 1340 3466 evanido
1376 3417 1679 3474 exaratum,
1713 3407 1872 3476 cujus
1915 3413 2002 3460 est
2043 3405 2118 3460 ini

2185 3421 2260 3460 tm
2295 3427 2308 3461 :
2340 3405 2572 3476 Χλωρὰν
2613 3407 2669 3462 δὲ
2717 3410 2816 3482 τὴν
2862 3413 3139 3486 ἀῩρωστιν
3171 3419 3221 3471 ει
3266 3421 3434 3492 φάγει
3480 3422 3642 3478 κύων.
3678 3424 3782 3480 Sed

525 3507 612 3560 hic
639 3515 724 3560 est
750 3519 938 3558 versus
967 3501 1067 3556 961
1100 3491 1414 3554 Hexaemeri
1443 3495 1669 3560 Pisidae;
1711 3493 1895 3563 itaque
1923 3493 1998 3548 nil
2029 3493 2196 3549 habet
2227 3495 2316 3550 hic
2343 3495 2488 3564 quod
2517 3507 2640 3568 agat
2681 3498 2910 3560 Psellus.
2940 3505 3012 3561 At
3054 3502 3210 3565 vero.
3229 3523 3430 3582 praeter
3477 3517 3631 3570 hosce
3671 3525 3779 3570 tres

519 3606 740 3661 codices
791 3602 1235 3658 Vindobononses
1305 3591 1676 3648 Hexaemeron
1743 3587 1937 3644 Pisidae
1987 3580 2330 3644 continentes
2375 3589 2485 3644 duo
2530 3591 2619 3645 alii
2673 3608 3044 3656 memorantur
3072 3618 3104 3656 a
3130 3580 3444 3674 Lambecio,
3491 3609 3547 3664 in
3594 3606 3780 3680 quibus

519 3707 820 3754 oceitrrunt
879 3694 1050 3752 nostri
1117 3686 1332 3760 Georgii
1399 3683 1746 3754 fragments:
1794 3699 1916 3736 nam
1980 3683 2037 3736 in
2114 3681 2209 3739 lib.
2260 3699 2332 3749 tv,
2394 3699 2449 3754 ρ.
2504 3686 2632 3753 208,
2672 3689 2806 3769 dicit
2859 3692 2914 3748 in
2943 3695 3131 3752 codice
3183 3700 3318 3768 188,
3365 3717 3425 3758 ιι.
3467 3703 3577 3770 22,
3608 3703 3788 3760 haberi

525 3789 916 3858 Expositionem
961 3784 1158 3856 psalmi
1196 3797 1287 3837 cut
1317 3798 1334 3834 :
1367 3777 1592 3848 Εὒλόγει
1630 3779 1664 3846 ἡ
1706 3775 1854 3848 ψυχὴ
1917 3793 2018 3848 μου
2063 3777 2122 3830 τὸ

2201 3775 2430 3850 Κύριον,
2462 3780 2530 3834 ab
2562 3795 2834 3853 anonymo
2875 3798 3100 3846 auctore
3131 3790 3414 3849 collectam
3453 3809 3519 3850 ex
3557 3794 3791 3866 Eusebio

526 3880 828 3948 Pamphili,
877 3878 937 3932 S.
988 3875 1244 3934 Maximo,
1288 3880 1422 3936 etc.,
1464 3877 1521 3922 et
1552 3867 1784 3938 Georgio
1847 3867 2063 3934 Pisida,
2113 3867 2271 3938 cujus
2330 3869 2570 3926 citantur
2633 3872 2800 3930 iambi
2845 3893 2912 3941 ex
2960 3891 3212 3950 poemate
3263 3885 3341 3942 lle
3373 3889 3580 3958 api/icio
3613 3889 3795 3944 ποιηταί

519 3975 834 4044 desumpti;
865 3983 922 4028 et
959 3973 1014 4026 in
1045 3971 1142 4026 lib.
1169 3987 1220 4034 v,
1253 3987 1308 4041 p.
1340 3969 1441 4024 106
1477 3966 1554 4022 ait
1596 3966 1651 4020 in
1684 3965 1870 4021 codice
1901 3966 2000 4022 241
2037 3975 2253 4022 exstare
2295 3965 2524 4024 Joannis
2563 3972 2892 4041 patriarcha;
2927 3976 3256 4039 Antiocheni
3285 3982 3512 4057 Eclogas
3540 3971 3795 4042 ascetiras

523 4090 592 4128 ex
631 4071 794 4128 variis
833 4069 1188 4139 scriptoribus
1253 4063 1634 4122 ecclesiasticis
1685 4065 1964 4130 collectas,
2018 4080 2157 4136 quos
2207 4065 2353 4122 inter
2398 4067 2693 4126 laudantur
2743 4073 3032 4146 Evagrius,
3091 4075 3230 4148 Περὶ
3287 4075 3626 4143 κενοδοξίας,
3680 4079 3798 4134 sire

528 4163 606 4218 De
640 4179 774 4217 rana
830 4161 1030 4233 gloria,
1070 4168 1126 4214 et
1171 4157 1436 4229 Georgius
1474 4155 1674 4221 Pisida,
1704 4155 1796 4226 qui
1833 4155 1904 4211 de
1950 4156 2145 4212 eodem
2195 4168 2516 4230 argumento
2558 4161 2795 4234 scripsit.
2851 4164 2959 4222 Sed
3002 4173 3172 4222 restat
3212 4167 3393 4222 adhuc
3445 4168 3580 4223 alter
3626 4170 3794 4224 codex

477 4245 485 4252 ”
523 4249 685 4322 plane
743 4264 852 4303 non
898 4247 1260 4313 omittendus,
1297 4245 1390 4316 qui
1459 4245 1514 4299 in
1556 4244 1818 4319 Nesselio,
1876 4253 2018 4314 part.
2061 4260 2074 4291 τ

2198 4269 2221 4300 ι.
2277 4246 2378 4302 171
2403 4257 2507 4304 est
2548 4248 2672 4318 126,
2723 4261 2781 4310 et
2823 4253 2880 4308 in
2935 4254 3297 4310 Reimmanno
3329 4265 3472 4326 part.
3498 4271 3562 4322 ιι,
3601 4255 3694 4312 lib.
3720 4273 3795 4330 tt.

526 4357 580 4410 p.
611 4341 733 4406 7o],
775 4347 857 4394 est
900 4339 1005 4394 54:
1043 4353 1278 4408 namque
1303 4353 1373 4392 ex
1397 4352 1466 4392 eo
1494 4338 1709 4392 videtur
1735 4335 2048 4393 conﬁrmari
2087 4336 2144 4392 id
2172 4338 2318 4408 quod
2347 4341 2599 4410 superius
2627 4345 2930 4402 concedere
2976 4345 3252 4402 noluimus
3278 4345 3516 4412 Radere,
3555 4347 3796 4402 Pisidam

523 4439 722 4499 praeter
753 4437 948 4484 caetera
984 4429 1149 4483 etiam
1197 4426 1486 4484 Chronicon
1535 4426 1795 4496 scriptum
1833 4423 2153 4493 reliquisse.
2201 4423 2333 4496 Ejus
2377 4426 2582 4484 codicis
2624 4428 3046 4504 descriptionem
3099 4441 3336 4511 primum
3383 4429 3689 4506 Nessclius,
3735 4457 3797 4496 ac

521 4521 718 4577 deinde
747 4537 810 4574 ex
842 4535 908 4575 eo
940 4519 1008 4574 ad
1041 4519 1266 4574 verbum
1295 4517 1377 4573 sic
1419 4517 1570 4574 dedit
1615 4516 2050 4571 Reimmannus:
2094 4513 2274 4570 Codex
2303 4532 2402 4572 ms.
2448 4519 2730 4576 historicus
2757 4521 2994 4592 ercus,
3026 4529 3356 4599 chartaeens,
3388 4533 3590 4586 recenti
3635 4548 3798 4586 manu

463 4608 470 4615 ’
521 4619 770 4688 scriptus,
806 4615 932 4672 olim
959 4616 1031 4671 ad
1077 4614 1444 4670 bibliothecam
1472 4614 1539 4670 cl.
1566 4615 1668 4670 viri
1713 4613 1930 4668 Doridis
1971 4611 2265 4668 Hauc/aelii
2304 4616 2590 4684 pertinens,
2627 4634 2732 4689 quo
2761 4619 2971 4695 Georgii
3011 4623 3233 4692 Pisidia,
3263 4625 3474 4680 diaconi
3503 4635 3554 4680 et
3585 4626 3798 4682 charta.

527 4708 761 4779 phylacis
792 4709 994 4778 Magna:
1023 4707 1252 4764 ecclesiis
1277 4707 1592 4778 Cpolitanar,
1627 4717 1676 4762 et
1707 4705 1900 4778 Cyrilli
1931 4708 2172 4762 monachi
2215 4707 2550 4766 Breviarium
2583 4713 3088 4789 chronographicum
3117 4736 3182 4774 eo:
3209 4721 3374 4779 uariis
3410 4721 3643 4786 historiis
3671 4738 3798 4776 con-

527 4801 820 4862 cinnatum,
853 4801 918 4852 ab
949 4799 1070 4852 orbe
1098 4799 1306 4853 condito
1335 4816 1497 4870 usque
1526 4799 1596 4852 ad
1629 4796 2034 4852 Constantinum
2076 4797 2207 4868 imp.
2235 4797 2424 4853 Leonis
2454 4799 2723 4871 Sapientis
2751 4807 3046 4862 continetur
3085 4810 3282 4880 ﬁlium,
3321 4828 3440 4866 cum
3477 4813 3797 4882 interpreta-

525 4894 666 4944 tione
696 4889 888 4945 Latina
921 4908 948 4945 ε
981 4893 1185 4962 regione
1213 4891 1406 4960 posita.
1437 4889 1546 4944 Sed
1579 4903 1702 4944 cum
1732 4889 1850 4944 hinc
1882 4888 2017 4943 mihi
2045 4888 2361 4945 viderentur
2387 4891 2530 4946 inter
2557 4909 2617 4949 se
2655 4911 2766 4951 non
2797 4902 3114 4970 convenire,
3144 4917 3176 4956 a
3205 4918 3380 4974 nuper
3419 4903 3638 4958 laudato
3679 4904 3798 4958 viro

527 4983 746 5038 Nicolao
774 4983 1012 5040 Forlosia
1038 4985 1170 5056 petii
1205 4995 1263 5040 ut
1293 4985 1544 5041 eumdem
1575 4985 1818 5040 codicem
1849 4985 2008 5054 paulo
2032 4985 2295 5042 attentius
2322 4989 2711 5056 consideraret,
2738 5005 2794 5048 et
2817 4990 3008 5050 saltem
3041 4999 3258 5056 titulum
3299 5000 3426 5056 inde
3463 4999 3795 5068 exscriptum

527 5079 597 5134 ad
627 5096 712 5134 me
751 5082 1005 5136 mitteret.
1048 5081 1140 5138 ille
1175 5088 1356 5136 autem
1391 5076 1508 5131 τόδε
1545 5091 1635 5148 μοι
1669 5077 1908 5148 κρήηνεν
1949 5075 2124 5148 ὲὲλδωι

2199 5075 2268 5132 ad
2299 5079 2481 5134 omnia
2523 5083 2710 5152 paucis
2744 5085 3053 5144 rescribcns
3081 5105 3096 5143 :
3129 5089 3309 5146 Codex
3335 5100 3410 5147 est
3439 5093 3795 5152 recentissimo

525 5172 772 5239 scriptus,
815 5183 865 5226 et
907 5175 1132 5244 fortasse
1168 5187 1309 5227 anno
1341 5168 1520 5225 1573:
1564 5185 1690 5222 nam
1735 5169 1793 5222 in
1827 5166 1932 5238 ﬁne
1969 5167 2122 5238 cujus

2196 5186 2248 5223 ππ
2295 5173 2503 5242 paginis
2532 5173 2642 5228 hwc
2672 5175 2783 5248 lego
2809 5192 2829 5232 :
2874 5175 3014 5234 Ὑπὸ
3037 5182 3287 5254 ’Δνδρὲου
3331 5184 3656 5257 Δαρμαρίου
3698 5183 3790 5236 τοῦ

539 5263 884 5334 Ἐπιδαυρίου
916 5265 1068 5328 τέλος
1107 5265 1346 5320 λαϐοῦσα.
1377 5265 1532 5339 lace.
1567 5265 1768 5320 Titulus
1797 5274 1998 5330 autem,
2029 5281 2136 5336 que;

2217 5275 2344 5336 puto
2373 5267 2439 5321 ab
2470 5269 2713 5340 imperito
2748 5281 2796 5326 et
2823 5275 2944 5328 rudi
2975 5277 3229 5350 scriptore
3259 5279 3489 5349 ofﬁcium
3516 5279 3669 5340 libro,
3711 5278 3793 5330 hic

524 5367 642 5412 est:
673 5358 943 5428 Γεωργξου
976 5358 1070 5412 τοῦ
1107 5360 1345 5426 Πισίδου,
1377 5361 1472 5414 καὶ
1504 5360 1792 5431 Κυρίὶλου.
1828 5359 1935 5412 Τοῦ
1969 5361 2026 5413 ὲν
2056 5361 2230 5429 ἁγίοις
2267 5363 2480 5434 Harpe;
2522 5365 2680 5435 ἡμῶν
2721 5367 2989 5440 Κυρίλλου
3035 5371 3467 5442 χρονογραφικὸν
3510 5369 3786 5440 σύντομον,

529 5452 666 5522 ὅπερ
699 5451 808 5506 ὑπὸ
843 5451 1116 5524 διαφόρων
1163 5453 1448 5524 ἱστορικῶν
1479 5453 1818 5521 συνελέξατο.
1849 5454 2040 5526 Στίχος
2073 5454 2290 5526 ἴαμϐος.
2323 5457 2534 5530 Δρόμον
2585 5463 2837 5532 χρονικὺν
2868 5463 2928 5531 ἐξ
2951 5467 3126 5537 ’Δδέιμ
3165 5465 3560 5538 συλλαμϐάνον.
3599 5463 3659 5520 '0
3691 5461 3789 5535 μὲν

596 5649 668 5724 (α.)
691 5645 972 5724 [Virle‘iu'l'ra
1002 5646 1320 5724 immanuclis
1347 5649 1568 5724 liekkeri
1596 5647 1941 5720 Praefationem
1966 5664 2115 5718 quam
2141 5653 2402 5724 opusculis
2432 5653 2686 5724 historicis
2732 5658 2910 5710 Pisidae
2933 5663 3164 5724 praefixit.
3197 5662 3262 5713 Ea
3285 5659 3422 5712 enim
3441 5665 3632 5712 tantum
3657 5670 3784 5708 com-

530 5711 770 5774 plectth
801 5711 1110 5774 Scriptorum
1132 5711 1353 5762 historiae
1380 5713 1652 5772 [ig-cautium
1677 5714 1906 5762 recensio
1931 5711 2195 5764 novissuna
2223 5716 2512 5766 Bonnensis.
2543 5719 2657 5767 liorr
