4044 6424
495 295 627 364 ttat
1697 300 1826 364 ωδ
1889 299 2167 370 ΜΑΒΙΑΞ,
2197 299 2516 374 QUERCII
3631 267 3790 366 1132'

493 407 743 465 Latinam
775 407 900 466 olim
947 409 1192 476 vertisse,
1218 412 1365 481 quod
1398 421 1579 468 tamen
1612 428 1889 484 nunquam
1935 413 2069 470 vidit
2098 412 2309 479 lucem,
2353 411 2570 468 codices
2603 407 2892 468 Vaticanos
2925 411 3027 468 155
3067 419 3123 470 et
3157 411 3278 478 154,
3324 427 3356 469 e
3396 413 3610 483 quibus
3641 427 3780 469 ver-

493 503 706 559 sionem
752 501 965 573 paravit
993 519 1186 571 suam,
1237 512 1500 568 attentius
1548 513 1922 578 considerari,
1968 521 2132 582 atque
2171 527 2239 567 ex
2287 509 2356 566 iis
2398 519 2586 582 aperte
2633 508 2967 580 deprehendi
3017 507 3332 566 Chronicon
3386 507 3710 566 Hamartoli
3745 523 3780 565 ι

493 592 782 652 Chronicis
809 610 974 665 supra
1007 601 1340 666 memorat-is,
1370 619 1490 672 quae
1521 605 1577 659 in
1607 604 1834 659 aliarum
1871 603 2323 658 bibliothecarum
2365 601 2646 656 codicibus
2671 599 2792 656 aliis
2829 599 3076 671 Georgiis
3105 599 3438 667 tribuuntur,
3479 600 3634 656 nihil
3677 607 3782 654 aut

493 684 649 739 valde
681 700 872 754 parum
903 685 1145 751 diﬁ‘erre,
1169 688 1423 758 idemque
1452 691 1676 746 omnino
1701 707 1822 748 esse
1851 707 1916 746 ac
1949 691 2344 746 Coislinianum
2377 706 2408 745 a
2448 689 2850 745 Montiaucouio
2883 689 3182 746 laudatum.
3223 689 3357 746 Nam
3400 699 3609 761 prtcter
3637 703 3781 760 pro-

491 781 696 852 logum,
726 781 918 835 Πολλοὶ
955 782 1054 852 μὲν
1091 785 1196 837 τῶν
1225 783 1330 850 ἔξω
1371 787 1684 856 φιλολόγων,
1711 805 1872 860 quem
1901 795 1966 860 p.‘
1983 789 2080 843 551

2179 797 2300 842 tum
2344 787 2632 858 exscripsit
2672 785 2920 868 Allatius,
2958 785 3174 840 codices
3217 781 3462 838 Vaticani
3495 779 3776 868 eumdem

493 873 656 926 etiam
697 873 996 942 praeferunt
1039 874 1272 944 titulum,
1309 877 1561 949 idemque
1589 879 1657 935 de
1687 879 1900 935 duabus
1937 878 2150 933 ﬁliabus
2179 877 2350 931 Adam
2389 883 2759 931 commentum
2797 867 2884 929 his
2928 873 3148 929 verbis:
3179 869 3446 943 Χρονικδν
3486 867 3778 936 σύντομον

493 963 556 1013 ἐκ
582 960 854 1030 διαφόρων
884 962 1264 1032 χρονογράφων
1296 968 1388 1020 καὶ
1415 966 1700 1039 ἐξηγητῶν
1743 967 1998 1036 συλλεγὲν
2027 967 2121 1022 καὶ
2157 964 2412 1020 συντεθὲν
2441 965 2546 1021 ὑπὸ
2573 963 2848 1036 Γεωργίου
2885 959 3214 1036 ἁμαρτωλοῦ
3252 958 3512 1032 μοναχοῦ.
3559 957 3781 1020 Βίϐλος

491 1053 762 1120 γενέσεως
807 1053 1131 1125 ἀνθρώπων,
1173 1050 1208 1129 ᾖ
1257 1055 1441 1126 ἡμέρᾳ
1475 1055 1741 1110 ἔπλαττεν
1785 1059 1816 1110 ὁ
1857 1055 1990 1120 Θεὸς
2031 1053 2122 1110 τὸν
2147 1054 2320 1125 ’Δδὰμ
2352 1055 2473 1108 κατ’
2517 1053 2702 1108 εἰκόνα
2751 1055 2844 1108 καὶ
2875 1053 3134 1124 ὁμοίωσιν
3186 1051 3373 1106 αὐτοῦ.
3411 1051 3470 1104 '0
3498 1049 3555 1103 δὲ
3579 1047 3783 1118 ’Δδὰμ

491 1145 781 1214 ἐγέννησεν
824 1145 973 1208 υἱοὺς
1003 1147 1154 1216 τρεῖς
1183 1146 1277 1200 καὶ
1324 1131 1630 1217 Θυγατέῥας
1661 1145 1777 1211 δύο,
1811 1146 1904 1217 σιὸν
1951 1145 2113 1213 Καῒν,
2159 1147 2254 1200 καὶ
2301 1143 2594 1212 τδνἎϐὲλ,
2645 1144 2746 1200 καὶ
2782 1145 2874 1198 τὸν
2921 1143 3052 1216 Σὴθ,
3098 1143 3194 1198 καὶ
3225 1143 3324 1215 τὴν
3348 1142 3618 1214 ’Δζύραν,
3675 1139 3780 1195 καὶ

489 1232 588 1304 τὴν
616 1233 877 1304 Ἀσουὰμ.
917 1235 1026 1287 Καὶ
1051 1235 1079 1286 ὁ
1114 1233 1411 1305 μὲνἊδὰμ
1441 1216 1582 1290 mea
1615 1216 1862 1292 κέλευσίν
1889 1235 2024 1290 Θεοῦ
2058 1235 2328 1308 ἐπέθηκεν
2357 1235 2598 1308 ὀνόματα
2635 1237 2770 1290 πᾶσι
2799 1238 2913 1300 τοῖς
2939 1235 3306 1308 τετραπόδιις,
3338 1236 3434 1290 καὶ
3463 1235 3778 1298 πετεινοῖς,

491 1331 586 1382 καὶ
609 1330 914 1400 ἀμφιϐίοις,
939 1332 1034 1384 καὶ
1063 1331 1333 1402 ἑρπετοῖς,
1369 1332 1462 1385 καὶ
1499 1331 1700 1402 ἰχθύσι,
1731 1333 1829 1387 καὶ
1867 1333 1982 1396 τοῖς
2017 1329 2212 1386 ἑαυτοῦ
2237 1332 2452 1396 τέκνοις
2474 1345 2490 1362 ⁸
2517 1331 2580 1384 τὸ
2613 1331 2670 1386 δὲ
2699 1331 2867 1386 αὐτοῦ
2901 1332 3076 1403 δνομα
3099 1333 3196 1386 καὶ
3227 1332 3326 1402 τῆς
3363 1330 3632 1400 γυναικὸς
3667 1331 3780 1383 αὐ-

487 1420 582 1474 τοῦ
611 1421 840 1489 ἄγγελος
873 1423 1077 1495 Κυρίου
1111 1421 1265 1480 εἶπεν
1309 1427 1514 1490 αὐτοῖς.
1560 1426 1673 1498 Καὶ
1699 1427 1728 1478 ὁ
1765 1425 1867 1498 μὲν
1905 1423 2046 1481 Καῒν
2072 1421 2234 1476 ἔλαϐε
2257 1422 2335 1495 [p.
2371 1422 2614 1496 XXXIII]
2643 1425 2878 1493 γυναῖκα
2909 1423 3010 1494 τὴν
3050 1425 3276 1497 πρώτην
3311 1422 3546 1496 ἀδελφὴν
3587 1422 3776 1477 αὐτοῦ

489 1509 744 1580 Ἀζύραν,
773 1513 802 1563 ὁ
833 1511 890 1564 δὲ
921 1513 1026 1583 Σὴθ
1061 1515 1161 1585 τὴν
1183 1514 1441 1584 δευτέραν
1469 1512 1727 1583 ’Δσουάμ.
1768 1512 1880 1566 Καὶ
1905 1513 1934 1566 6
1977 1511 2078 1584 μὲν

2177 1511 2286 1577 δὲλ,
2317 1528 2372 1568 κ.
2415 1528 2467 1565 τ.
2497 1511 2549 1565 λ.
2576 1511 2763 1582 Itaque
2792 1510 2879 1566 vel
2910 1512 3093 1568 omnia
3131 1513 3248 1568 hinc
3280 1512 3551 1568 Chronica
3583 1527 3774 1567 unum

487 1603 850 1674 eumdemque
887 1606 1092 1661 habent
1117 1615 1396 1662 auctorem
1423 1605 1736 1676 Georgium,
1766 1605 1812 1662 si
1835 1606 2040 1677 placet,
2086 1603 2484 1670 Hamartolum,
2528 1606 2615 1662 vel
2661 1615 2790 1661 sunt
2833 1622 2902 1662 ex
2943 1609 3064 1664 aliis
3111 1607 3404 1665 Chronicis
3436 1623 3468 1664 a
3509 1606 3779 1677 quolibet

485 1690 718 1764 Georgio
753 1694 1067 1764 compilata,
1106 1713 1268 1766 quem
1303 1714 1426 1754 esse
1467 1699 1709 1755 Pisidam
1748 1713 1912 1754 nemo
1936 1713 2117 1755 'sauus
2151 1713 2274 1754 cum
2321 1696 2537 1753 Radere
2573 1698 2810 1768 posthac
2845 1698 3064 1754 dixerit.
3112 1700 3220 1755 Sed
3265 1701 3385 1755 haec
3431 1698 3597 1754 nimis
3649 1697 3775 1752 for-

487 1790 631 1837 tasse
662 1785 818 1856 longa
852 1795 1002 1853 sunt,-
1046 1797 1104 1844 ut
1146 1788 1416 1862 intelligas
1455 1789 1690 1845 Pisidam
1719 1805 1824 1846 nec
1845 1773 2108 1846 codicum
2151 1803 2255 1844 nec
2282 1797 2564 1843 auctorum
2596 1779 3214 1862 ﬁde‘cbronographicis
3247 1789 3607 1860 scriptoribus
3640 1803 3777 1844 esse

485 1875 984 1934 annumerandum.
1011 1877 1130 1932 lam
1170 1881 1388 1935 tandem
1429 1895 1559 1936 vero
1595 1879 1730 1935 nulli
1758 1879 1848 1934 alii
1889 1887 2184 1952 supersunt
2213 1879 2428 1936 codices
2461 1879 2706 1950 ejusdem
2741 1880 2939 1936 Pisidae
2978 1883 3320 1946 recensendi,
3360 1897 3521 1952 quam
3554 1882 3662 1952 qui
3710 1880 3770 1935 in

486 1964 814 2022 bibliotheca
847 1968 1125 2037 Bavarica,
1175 1988 1331 2028 num.
1359 1973 1448 2040 51,
1479 1971 1741 2044 Spttzelio
1771 1979 1932 2040 teste,
1961 1980 2292 2037 asservatur,
2324 1980 2381 2026 et
2407 1972 2498 2043 qui
2535 1972 2590 2026 in
2615 1973 2959 2046 Augustana,
2991 1975 3126 2046 plut.
3155 1974 3210 2041 5,
3241 1989 3300 2029 n.
3330 1975 3420 2039 75,
3453 1975 3527 2030 ita
3558 1972 3770 2028 inscri-

485 2061 671 2118 bitur:
696 2065 976 2138 Γεωργιου
1005 2067 1254 2130 διακόνου
1275 2069 1372 2138 τῆς
1407 2069 1569 2139 ἁγίας
1599 2068 1917 2140 ἐκκλησίας,
1943 2067 2038 2124 τοῦ
2074 2068 2314 2135 Πισίδου,
2343 2067 2630 2142 προοίμιον
2662 2071 2762 2142 τῆς
2789 2067 3127 2144 Ἓξαημέρου
3159 2069 3248 2126 διὰ
3281 2071 3494 2144 ἰάμϐων
3529 2071 3765 2143 στίχων,

483 2152 554 2210 de
577 2169 688 2224 quo
717 2157 880 2212 etiam
907 2173 1073 2229 supra
1110 2160 1280 2215 locuti
1317 2175 1532 2216 sumus.
2055 2225 2062 2230 I
2795 2213 2802 2219 .
3566 2183 3599 2200 ’-

558 2244 830 2307 Haetenus
855 2249 924 2305 de
964 2250 1244 2321 operibus,
1293 2259 1348 2306 et
1373 2249 1441 2306 de
1487 2248 1765 2306 codicibus
1797 2247 1852 2303 in
1878 2247 2078 2318 quibus
2097 2262 2264 2318 opera
2289 2243 2488 2304 Pisidae
2529 2237 2934 2304 continentur:
2983 2262 3134 2304 nunc
3177 2257 3363 2304 autem
3386 2247 3454 2304 de
3503 2247 3762 2320 ipsorum

483 2355 713 2413 operum
737 2344 888 2414 .stylo
911 2344 1112 2414 aliquid
1139 2344 1428 2400 dicendum
1451 2352 1552 2400 est.
1583 2342 1773 2408 lambi,
1805 2343 2003 2414 quibus
2035 2341 2091 2396 in
2125 2341 2418 2398 scribendo
2444 2357 2575 2399 usus
2604 2351 2687 2399 est
2730 2343 3016 2423 Georgius,
3053 2355 3114 2401 ιιι
3145 2345 3464 2416 plurimum,
3494 2345 3760 2402 concinni

482 2443 611 2489 sunt
637 2444 800 2505 atque
829 2436 1124 2508 elegantes.
1147 2436 1356 2492 Perrari
1383 2435 1854 2492 enimoccurrunt
1885 2433 2148 2490 tribrachi
2181 2433 2376 2506 dactyli
2417 2434 2618 2506 aliique
2645 2437 2814 2508 pedes
2839 2437 3086 2506 immisti,
3117 2437 3316 2510 quibus
3337 2437 3640 2494 iamborum
3665 2439 3758 2493 ni-

473 2537 571 2584 tor
597 2537 654 2584 et
687 2539 951 2586 venustas
966 2531 1216 2604 elanguet
1242 2548 1257 2597 ;
1290 2531 1435 2602 quod
1455 2532 1665 2588 crimen
1693 2529 1926 2602 jamdiu
1955 2529 2158 2600 objecit
2185 2527 2464 2598 Horatius,
2494 2529 2643 2586 Poet.
2666 2530 2772 2588 260
2801 2539 2858 2588 et
2879 2547 3032 2602 seqq.
3059 2533 3141 2589 sui
3173 2533 3438 2604 temporis
3462 2532 3756 2604 scriptori—

479 2620 586 2676 bus
605 2622 846 2688 comicis,
887 2637 1120 2692 quorum
1156 2622 1259 2677 fuit
1285 2622 1343 2677 in
1367 2621 1636 2694 ﬁngendis
1659 2621 1858 2676 iambis
1875 2619 2118 2689 licentia,
2137 2606 2516 2676 ut~maximum
2541 2619 2671 2676 inde
2693 2621 2930 2680 oriremr
2956 2621 3182 2678 auribus
3209 2621 3511 2678 fastidium.
3547 2623 3754 2680 Verum

481 2711 650 2768 iambi
683 2712 876 2768 Pisida:
901 2728 1094 2768 omnes
1125 2726 1418 2772 numerose
1453 2709 1706 2767 incidunt
1751 2709 1806 2765 in
1829 2726 2012 2778 aures,
2044 2718 2104 2767 et
2127 2709 2184 2765 in
2203 2708 2448 2765 animum
2471 2708 2770 2765 illabuntur
2802 2708 3064 2780 jucunde.
3097 2710 3215 2779 Qua
3246 2712 3312 2768 de
3343 2729 3403 2768 re
3439 2713 3627 2770 minus
3651 2708 3754 2786 pa-

481 2804 685 2858 tienter
713 2803 842 2858 illud
874 2819 1057 2876 supra,
1083 2820 1204 2876 pag.
1223 2804 1313 2870 25,
1338 2802 1467 2874 (col.
1499 2800 1662 2874 1185)
1691 2800 1952 2868 ferebam,
1979 2802 2197 2874 quodin
2215 2801 2458 2874 catalogo
2471 2800 2815 2858 bibliothecae
2830 2797 3186 2860 Taurinensis
3200 2802 3576 2861 Pisidaeiambi
3595 2821 3756 2862 voca-

479 2902 673 2948 rentur
688 2893 910 2963 politict,
933 2910 1071 2966 quos
1093 2911 1204 2950 non
1226 2894 1444 2965 injuria,
1459 2895 1554 2951 sed
1573 2903 1720 2952 recte
1739 2902 1794 2950 et
1821 2894 2018 2952 merito
2031 2896 2190 2953 Joan.
2215 2892 2468 2952 Matthias
2483 2893 2782 2959 Gesnerus,
2799 2888 2863 2949 in
2887 2895 3028 2952 libro
3047 2896 3127 2951 De
3140 2897 3433 2952 eruditione
3451 2897 3753 2954 ercorttttt

484 2985 570 3055 ταὶ
589 2985 742 3040 hodie
773 2985 978 3053 vivunt,
1010 3001 1214 3044 meram
1237 2985 1522 3042 stultitiam
1542 2987 1800 3058 appellat,
1827 2985 2102 3059 impolitos
2134 3002 2200 3043 ac
2228 2986 2412 3054 rudes,
2444 2984 2855 3056 l'ossoribusque
2882 2994 2940 3042 et
2960 2985 3312 3058 caprimulgis
3331 3002 3494 3058 quam
3521 2989 3751 3058 politicis

476 3076 771 3148 digniores.
801 3076 943 3134 Vere
963 3079 1110 3134 enim
1138 3079 1340 3135 horum
1371 3079 1677 3135 carminum
1701 3077 1993 3144 rationem,
2045 3077 2102 3134 in
2145 3078 2346 3149 quibus
2385 3075 2713 3150 syllabarum
2751 3091 3036 3144 numerus,
3070 3092 3186 3133 non
3219 3078 3496 3149 quantitas
3537 3089 3744 3150 speeta-

479 3178 588 3233 tur,
615 3169 726 3224 sola
758 3169 1037 3226 barbaries
1069 3171 1214 3226 inter
1251 3169 1472 3228 Graecos
1515 3169 1860 3241 aequioribus
1908 3171 2125 3229 saeculis
2147 3166 2374 3238 invexit,
2407 3179 2471 3226 ut
2511 3168 2666 3225 testis
2685 3178 2769 3226 est
2789 3168 3020 3226 Allatius
3046 3169 3293 3226 Dialriba
3319 3171 3382 3226 de
3401 3170 3732 3232 Simeonilm.

475 3276 532 3330 p.
563 3260 682 3326 166,
703 3261 792 3316 cui
816 3263 1262 3334 subscripserunt
1307 3262 1590 3318 Fabricius
1636 3260 1777 3318 Bibl.
1803 3261 1976 3322 Grec.
2023 3263 2134 3319 vol.
2166 3263 2234 3330 Χ,
2269 3278 2326 3334 p.
2348 3261 2456 3319 353
2476 3272 2532 3318 et
2568 3261 2696 3328 518,
2725 3270 2782 3317 et
2811 3258 2962 3316 card.
3001 3257 3304 3328 Quirinius,
3347 3263 3528 3320 Biatr.
3577 3267 3635 3320 in
3671 3283 3746 3322 or-

475 3353 618 3412 tltod.
649 3369 754 3410 vet.
784 3354 1001 3412 Graecia
1021 3357 1213 3425 oﬁicia,
1245 3371 1302 3426 p.
1335 3355 1424 3421 47,
1459 3353 1536 3409 ait
1563 3353 1711 3409 enim
1741 3371 1757 3409 :
1791 3353 1949 3408 Ratio
1977 3355 2078 3410 ista
2111 3356 2572 3426 conﬁngendorum
2601 3355 2898 3408 carminum
2930 3361 3034 3406 nan
3062 3369 3200 3408 nunc
3225 3355 3458 3424 primum
3476 3357 3624 3414 in'ea
3661 3375 3757 3411 na-

476 3449 636 3514 tione,
668 3449 760 3502 sed
791 3447 957 3502 multa
981 3449 1170 3504 abhinc
1197 3449 1414 3514 sarcula,
1450 3447 1644 3502 laboris
1673 3449 1858 3518 forsan
1887 3458 2134 3519 pertaesa,
2165 3461 2290 3504 ante
2313 3459 2361 3504 et
2390 3449 2636 3504 barbarie
2657 3449 2836 3502 omnia
2863 3451 3151 3518 oc‘cupante
3169 3451 3328 3520 (adde
3347 3467 3554 3523 quoque
3577 3471 3748 3509 rerum

473 3541 730 3596 similium
760 3541 1188 3612 ignorationem),
1218 3542 1276 3597 in
1302 3558 1403 3596 usu
1431 3543 1592 3614 fuisse
1615 3543 1955 3611 comperitur,
1980 3553 2035 3596 ut
2062 3543 2294 3597 videmus
2321 3545 2378 3596 in
2401 3541 2578 3596 Photii
2605 3540 2947 3610 patriarcha,
2987 3535 3172 3610 Pselli,
3197 3545 3483 3612 Manassae,
3523 3545 3750 3619 Philippi

475 3631 739 3694 Solitarii,
765 3631 1020 3686 Hanuelis
1045 3630 1213 3686 Philae
1241 3641 1290 3686 et
1329 3630 1528 3686 Τιταίας
1553 3633 1856 3703 poematiis,
1889 3633 1946 3686 in
1979 3632 2180 3702 quibus
2207 3647 2354 3702 saepe
2383 3639 2686 3687 occurrunt
2715 3629 2923 3702 politici
2949 3645 3162 3699 versus,
3197 3649 3432 3704 quorum
3459 3638 3746 3695 artiﬁcium

475 3723 530 3776 in
561 3738 627 3778 eo
665 3731 838 3778 totum
875 3724 1091 3780 videtur
1125 3718 1386 3796 positum,
1413 3735 1476 3781 ut
1519 3726 1834 3798 quindecim
1865 3728 2096 3799 syllabas
2123 3733 2402 3798 nunquam
2432 3726 2718 3792 excedant,
2744 3730 2800 3782 et
2831 3724 2876 3781 si
2896 3721 3021 3796 qua:
3047 3724 3186 3784 ultra
3217 3727 3496 3798 videntur,
3518 3747 3614 3790 eas
3653 3749 3750 3804 per

471 3813 794 3884 apltatresim
823 3815 902 3872 vel
928 3815 1300 3888 synaloepham
1326 3817 1610 3873 decurtent
1652 3826 1709 3874 et
1739 3817 2052 3882 absumant,
2085 3805 2382 3872 dummodo
2425 3816 2482 3872 in
2517 3815 2760 3872 iambum
2795 3826 2994 3874 exeant
3024 3819 3080 3875 in
3119 3818 3230 3876 ﬁne
3263 3838 3278 3876 :
3311 3820 3515 3878 idcirco
3546 3823 3747 3894 politici

473 3907 558 3961 vel
583 3907 826 3962 demotioi
851 3907 1002 3975 dicti,
1029 3908 1174 3978 quod
1209 3907 1480 3980 vulgares,
1505 3907 1592 3985 vel
1624 3916 1684 3962 ut
1711 3907 1858 3964 idem
1898 3907 2128 3962 Allatius
2165 3905 2426 3972 declarat,
2473 3919 2774 3960 communes
2813 3908 3052 3962 omnium
3095 3909 3290 3964 ciuium
3337 3921 3481 3982 sunt,
3525 3914 3745 3985 usuique

469 4015 648 4054 eorum
672 4001 1079 4057 accommodati.
1105 3999 1291 4071 Itaque
1323 3999 1400 4074 [p.
1435 3980 1679 4074 XX’XlV]
1711 4009 1924 4056 tantum
1953 3999 2112 4056 abest
2141 4007 2202 4054 ut
2226 3997 2394 4053 iambi
2422 3996 2620 4054 Pisidae
2644 3995 2750 4054 hoc
2785 3992 3037 4070 squalore
3064 4008 3121 4056 et
3171 4003 3332 4060 sorde
3353 3980 3744 4075 vilescantput

471 4091 652 4162 potius
681 4093 846 4147 nimia
873 4093 1123 4164 quaedam
1149 4083 1421 4150 festivitas
1453 4093 1512 4172 in
1546 4093 1628 4149 eis
1664 4091 1815 4159 insit,
1842 4107 1964 4163 qua:
2001 4091 2219 4162 quidem
2263 4090 2476 4148 facilius
2515 4089 2738 4146 auribus
2782 4091 3076 4164 diiudicari
3106 4109 3270 4164 quam
3294 4097 3476 4154 verbis
3512 4099 3741 4156 demon-

468 4183 630 4238 strari
662 4191 858 4254 potest,
881 4200 1152 4256 quamque
1179 4185 1237 4241 in
1265 4187 1546 4242 vertendis
1564 4187 1669 4241 alia
1695 4185 1875 4256 lingua
1904 4182 2192 4238 sententiis
2215 4197 2438 4239 servare
2457 4181 2664 4236 nemini
2685 4181 2847 4237 liceat
2875 4195 2891 4237 :
2915 4198 3041 4238 nam
3075 4199 3244 4240 sonus
3277 4193 3330 4242 et
3360 4189 3596 4255 numeri,
3617 4191 3742 4260 qui-

467 4276 572 4333 bus
602 4285 713 4332 tota
741 4285 956 4344 constat
976 4287 1252 4344 venustas,
1303 4278 1757 4350 interpretatione
1795 4272 2190 4342 dissolvuntur,
2237 4285 2293 4332 et
2335 4275 2468 4346 ipsa:
2518 4289 2736 4344 quoque
2775 4275 3062 4332 sententiae
3097 4292 3166 4332 ex
3207 4279 3320 4334 sola
3367 4283 3743 4352 complexione
3783 4293 3790 4300 '

465 4375 524 4422 et
547 4365 726 4422 forma
753 4367 1040 4422 verborum
1075 4367 1314 4424 nitentes
1341 4369 1708 4424 conciduntur
1734 4376 1790 4422 et
1825 4374 2178 4422 enervantur.
2209 4365 2316 4420 Sed
2338 4365 2446 4420 hoc
2463 4364 2644 4435 ipsum
2667 4365 2896 4421 nimium
2929 4365 2986 4421 in
3006 4371 3388 4426 consectandis
3417 4371 3656 4428 ﬂosculis
3684 4380 3740 4430 et

465 4459 670 4517 salibus
698 4461 962 4526 studium,
993 4458 1140 4530 quod
1174 4459 1378 4515 sensim
1407 4459 1710 4532 obrepente
1735 4456 1990 4514 barbarie
2011 4465 2069 4512 et
2091 4454 2279 4510 nativo
2299 4453 2623 4525 eloquentia:
2650 4453 2830 4510 nitore
2857 4454 3195 4526 depereunte
3241 4461 3610 4530 sophistarum
3639 4480 3736 4534 pe-

465 4553 670 4610 culiare
697 4553 821 4621 luit,
846 4552 977 4608 vitio
1009 4551 1188 4623 potius
1207 4566 1372 4623 quam
1397 4550 1543 4606 laudi
1571 4549 1897 4606 vertendum
1929 4546 2124 4603 Pisidae
2147 4561 2260 4602 non
2281 4546 2604 4618 negabimus
2641 4563 2655 4600 :
2693 4545 2900 4602 scimus
2925 4547 3072 4605 enim
3105 4555 3164 4602 ut
3188 4558 3322 4605 tetas
3343 4553 3616 4622 posterior
3641 4571 3742 4610 no-

466 4647 551 4703 vis
579 4655 639 4702 et
655 4645 940 4717 exquisitis
968 4643 1309 4700 ornamentis
1333 4644 1405 4698 ita
1429 4642 1629 4714 scripta
1659 4639 2004 4712 resperserit,
2045 4648 2107 4695 ut
2145 4639 2276 4695 dum
2318 4653 2627 4694 sermonem
2677 4637 2874 4692 eximia
2908 4639 3178 4698 suavitate
3203 4643 3471 4709 condiret,
3500 4647 3738 4718 vigerent

465 4741 776 4796 cxtenuarit
803 4749 860 4797 ct
891 4754 1092 4796 nervos
1117 4739 1362 4794 robusta:
1388 4753 1644 4810 sameque
1672 4737 1929 4794 dictionis
1958 4735 2236 4792 inciderit.
2265 4733 2446 4802 Quare
2491 4735 2568 4790 nil
2591 4735 2788 4789 mirum
2817 4734 3188 4792 recentiorum
3217 4736 3529 4796 Graecorum
3559 4743 3738 4814 palato

467 4845 676 4899 tantum
698 4837 942 4906 sapuisse
965 4835 1174 4892 iambos
1203 4833 1421 4901 Pisidae,
1455 4844 1515 4890 ut
1539 4848 1634 4890 eos
1666 4833 1786 4888 aliis
1811 4831 2073 4904 praeferre
2097 4847 2210 4888 non
2235 4829 2612 4888 dubitaverint
2645 4845 2659 4883 :
2692 4844 2820 4885 nam
2846 4828 3144 4900 Gregorius
3172 4829 3421 4899 Corinthi
3445 4835 3736 4908 episcopus

465 4937 523 4990 in
553 4933 692 4988 libro
713 4936 850 5006 Περὶ
877 4934 1183 5002 συντάξεως
1209 4933 1406 5004 λόγων,
1442 4934 1517 4989 De
1547 4936 1931 4990 constructione
1949 4944 2062 4990 orat

2141 4935 2228 4998 ris,
2262 4933 2356 5004 qui
2388 4941 2567 4989 exstat
2593 4947 2696 4988 ms.
2746 4931 2807 4987 in
2830 4931 3098 4989 Vaticana
3135 4932 3491 4995 bibliotheca,
3519 4945 3738 4987 carmen

465 5029 760 5086 iambicum
797 5027 991 5084 Pisidae
1025 5028 1132 5084 tale
1163 5044 1286 5084 esse
1319 5027 1670 5096 existimavit,
1717 5037 1776 5084 ut
1805 5045 1872 5085 ex
1905 5045 1972 5086 eo
1999 5037 2256 5100 tanquam
2282 5027 2688 5084 absolutissimo
2709 5028 3016 5099 exemplum
3046 5036 3233 5098 petere
3259 5041 3371 5097 prae
3405 5029 3618 5080 caeteris
3647 5025 3741 5080 de-

471 5121 697 5177 beamus
725 5135 741 5172 :
790 5117 944 5174 'Ensi.
973 5113 1064 5172 οὖν
1097 5117 1166 5175 τὰ
1206 5118 1428 5189 ἰαμὸεῖα
1457 5119 1796 5191 λογογραφία
1819 5120 1907 5184 τίς
1929 5121 2078 5174 ἐστιν
2107 5117 2404 5194 εὔρυθμος,
2424 5117 2709 5190 ζηλοῦσθαι)
2738 5135 2820 5173 σοι
2848 5119 2944 5175 καὶ
2972 5118 3422 5189 ἐνθυμηματικὸν
3439 5119 3500 5170 ὲν
3529 5118 3737 5181 αὐτοῖς.

471 5211 668 5282 Ἔχεις
709 5209 1015 5281 ἀρχέτυπον
1053 5210 1147 5267 τὸν
1188 5211 1436 5282 Πισῑδην,
1471 5215 1771 5286 νεωτέρους
1813 5212 1904 5266 τὸν
1950 5211 2288 5284 Καλλικλῆν,
2322 5213 2414 5266 τὸν
2453 5212 2978 5284 Πτωχοπρόδρομον,
3011 5213 3107 5267 καὶ
3135 5211 3288 5275 εἴτις
3337 5209 3602 5274 τοιοῦτος.
3643 5211 3739 5263 Ἐν

465 5309 578 5370 τοῖς
599 5305 850 5370 παλαιοῖς
895 5306 984 5360 τὸν
1032 5304 1302 5376 θεολόγον,
1352 5308 1444 5362 τὸν
1485 5308 1783 5382 Σοφοκλῆν,
1833 5311 1990 5374 ἐκτὸς
2037 5309 2144 5365 τῶν
2174 5310 2474 5382 ποιητικῶν
2523 5310 2831 5380 ἰδιωμάτων
2864 5310 3063 5372 αὐτῶν,
3095 5311 3159 5364 τὰ
3192 5308 3606 5381 εὐφραδέστερα
3641 5307 3734 5363 τοῦ

467 5399 815 5472 Λυκόφρονος
861 5400 954 5453 καὶ
987 5399 1042 5452 εἴ
1075 5416 1131 5452 τι
1171 5399 1410 5454 τοιοῦτον
1448 5403 1542 5476 (b).
1571 5404 1679 5460 Sed
1731 5413 1932 5474 quanta
1965 5403 2064 5459 fde;

2171 5403 2379 5460 Pisidae.
2426 5404 2658 5474 ejusque
2691 5402 2999 5460 carminum
3053 5401 3196 5473 apud
3245 5402 3472 5456 eosdem
3519 5401 3733 5457 Graecos

461 5491 774 5558 astimatio,
806 5491 966 5563 longe
1001 5490 1203 5546 melius
1230 5492 1480 5550 addiseas
1502 5511 1570 5551 ex
1590 5497 1811 5563 Allatio,
1838 5497 1931 5566 qui
1967 5497 2024 5550 in
2062 5494 2309 5550 Diatriba
2337 5496 2401 5550 de
2422 5495 2680 5566 Georgiis,
2733 5512 2788 5566 p.
2821 5496 2946 5560 510,
2981 5501 3175 5548 testem
3219 5491 3447 5548 adhibet
3478 5491 3730 5556 l’sellum,

465 5586 608 5660 quod
635 5585 879 5657 plerique
909 5580 1144 5638 Pisidam
1178 5581 1420 5653 Euripidi
1451 5601 1788 5656 comparare,
1816 5586 1971 5642 multi
2011 5594 2347 5660 anteponere
2375 5601 2483 5643 non
2512 5585 2632 5644 sine
2652 5586 2818 5642 animi
2851 5584 3228 5648 contentione,
3257 5583 3351 5638 lite
3377 5582 3544 5639 etiam
3570 5589 3730 5638 mota.

615 5729 690 5803 (ὁ)
723 5725 937 5776 ΒΘΗ(Ρή
975 5723 1192 5777 Attt‘cdot
1236 5740 1264 5781 ῖς
1314 5725 1445 5778 1082.
