4044 6430
332 335 473 404 1193
1756 337 2175 402 ΡΒᾸΞῈΛΤΙΟ.
3469 333 3491 398 i
3506 335 3606 400 194

326 449 804 525 praesumpserint.
833 451 911 526 [p.
934 450 1179 526 XXXVI]
1200 452 1286 509 Nil
1314 453 1476 525 plane
1502 450 1608 508 hac
1626 451 1786 508 laude
1813 451 1970 507 Pselli
2005 452 2060 506 in
2102 450 2337 506 Pisidam
2376 444 2828 504 honoriﬁcentius
2864 464 2987 506 esse
3024 451 3218 521 possit.
3254 449 3452 506 Verum
3493 465 3605 506 nou

325 543 467 599 adeo
486 541 646 600 facile
672 552 758 600 est
782 559 850 600 ea
877 544 1082 612 omnia,
1099 560 1245 617 qua:
1260 545 1448 611 laudat
1471 543 1700 611 Psellus,
1730 543 1782 599 iu
1814 543 1995 600 Pisida
2028 542 2312 610 invenire;
2338 557 2463 596 nam
2489 556 2600 612 quo
2637 540 2691 597 in
2718 541 2860 597 libro
2889 542 2973 599 vel
2996 552 3247 615 poemate
3270 552 3378 599 tam
3400 542 3607 599 diserte

326 649 393 692 ac
418 636 786 708 particulatim
814 648 1006 696 noster
1031 639 1300 714 Gebrgius
1326 642 1436 715 agit
1464 641 1534 698 de
1563 640 1768 713 aurigis
1793 655 1869 719 ac.
1897 640 1965 696 de
1994 639 2358 712 aurigatione,
2387 638 2458 694 de
2479 636 2650 710 jugis,
2679 638 2813 695 rotis
2842 647 2898 694 et
2919 639 3212 696 modiolis?
3241 640 3326 696 vel
3354 654 3605 711 qumnam

325 735 412 784 est
438 726 582 782 inter
609 729 730 799 ejus
757 731 1003 790 carmina
1029 730 1097 787 de
1111 732 1497 806 phalangibus,
1517 735 1585 789 de
1605 732 1849 805 equitum
1875 733 2230 803 peditumque
2251 746 2320 786 ac
2353 731 2757 804 sagittariorum
2790 732 2939 787 varia
2972 733 3184 789 ratione
3217 740 3326 789 tam
3352 739 3605 788 accurata

325 821 655 892 descriptio?
684 838 819 878 num
863 823 967 878 alia
997 839 1160 895 quam
1207 841 1331 897 quas
1359 825 1522 882 hodie
1544 813 1774 881 ‘exstant
1807 825 2008 895 scripta
2053 822 2248 880 Pisida:
2271 823 2480 880 Psellus
2515 823 2884 890 commendat,
2934 832 2989 879 et
3018 823 3222 880 librum
3260 823 3606 896 deperditum

326 915 763 973 commonstrat?
805 915 1073 986 Equidem
1102 917 1301 985 fateor,
1343 915 1398 974 id
1429 917 1564 973 mihl
1598 917 1782 973 statim
1829 917 2061 973 multum
2093 917 2377 987 probabile
2406 931 2528 973 esse
2555 915 2731 971 visum
2765 933 2780 971 :
2813 915 2910 971 sed
2943 931 3067 971 cum
3103 915 3413 973 accuratius
3444 914 3605 972 Pselli

323 1010 492 1065 verba
513 1009 744 1081 ejusque
775 1011 991 1069 dicendi
1023 1013 1247 1069 modum
1288 1011 1710 1084 perpenderem,
1752 1020 1865 1064 tum
1917 1011 2139 1067 domum
2189 1009 2337 1066 sensi
2377 1024 2438 1064 ea
2483 1025 2606 1080 quas
2637 1007 2822 1064 Pisida
2875 1009 3195 1064 summatim
3239 1008 3534 1081 attigisset,
3575 1023 3609 1065 a

321 1101 501 1159 Psello
528 1103 757 1160 mirifice
785 1107 1039 1163 exornari
1066 1116 1229 1178 atque
1257 1094 1599 1178 ampliﬁcari.
1638 1103 1774 1160 Nam
1797 1105 1943 1176 quod
1974 1105 2021 1161 is
2041 1106 2117 1161 ait
2141 1106 2206 1160 de
2243 1105 2436 1160 morbis
2461 1113 2511 1159 et
2558 1106 2828 1177 remediis,
2875 1115 3088 1162 eertum
3135 1111 3222 1161 est
3265 1104 3333 1160 ad
3375 1121 3428 1158 v.
3466 1103 3613 1160 15ὖό

323 1204 383 1252 et
419 1211 570 1268 seqq.
623 1195 948 1255 Hexaemeri
992 1215 1114 1256 esse
1158 1197 1531 1263 referendum,
1573 1204 1628 1253 et
1657 1198 1803 1267 quod
1836 1200 1900 1252 de
1927 1208 2138 1263 catena,
2169 1199 2236 1253 ad
2270 1197 2476 1268 primos
2505 1210 2698 1253 versus
2728 1199 2999 1270 poematis
3032 1198 3087 1253 iu
3124 1196 3415 1264 Severum;
3458 1196 3614 1269 quod

324 1297 506 1344 autem
531 1290 594 1344 de
620 1289 763 1344 lteris
786 1291 842 1345 in
871 1292 1128 1346 choream
1163 1305 1224 1345 se
1252 1289 1602 1345 moventibus
1641 1290 1782 1346 idem
1814 1291 2023 1346 Psellus
2060 1289 2250 1348 refert,
2287 1289 2456 1344 habes
2505 1292 2560 1343 in
2595 1289 2938 1347 llexaemcro
2976 1308 3031 1346 v.
3061 1289 3190 1354 289,
3227 1299 3283 1346 et
3333 1291 3479 1362 quod
3509 1293 3598 1347 itc-

324 1393 446 1433 rum
477 1379 541 1434 de
572 1379 716 1434 horis
757 1380 1020 1452 quadriga
1063 1380 1468 1451 prodeuntibus
1511 1386 1568 1434 et
1603 1381 1659 1434 in
1717 1380 1908 1436 orbem
1958 1380 2326 1436 redeuntibus
2360 1378 2539 1450 inquit
2567 1363 2675 1447 ille,
2716 1381 2966 1438 invenies
3006 1382 3210 1439 ibidem
3241 1399 3293 1439 v.
3332 1384 3477 1453 538;
3506 1385 3607 1441 de-

323 1486 471 1526 mum
499 1471 642 1542 qrtod
671 1479 756 1526 est
787 1471 843 1526 in
871 1471 1049 1526 Psello
1077 1471 1141 1526 de
1158 1470 1509 1542 phalangibus
1539 1481 1588 1524 et
1616 1471 1938 1526 militaribus
1955 1471 2136 1541 copiis,
2172 1470 2237 1526 ad
2270 1485 2523 1525 acroases
2543 1471 2608 1525 de
2640 1473 3226 1542 expeditioneHeraclii
3256 1486 3440 1531 contra
3474 1472 3608 1533 Per-

321 1580 414 1619 sas
453 1567 671 1622 trahere
696 1567 986 1623 commode
1016 1567 1219 1638 possis,
1248 1564 1303 1620 in
1335 1565 1536 1636 quibus
1563 1565 1758 1621 similia
1790 1565 1992 1636 passim
2028 1574 2347 1621 occurrunt.
2380 1563 2450 1619 At
2479 1580 2611 1620 vero
2640 1580 2954 1637 quanquam
2985 1582 3087 1639 ego
3108 1582 3141 1623 a
3163 1567 3344 1625 Psello
3380 1569 3610 1625 minime

323 1661 640 1716 dissentiam
673 1661 900 1731 ejusque
931 1659 1182 1715 laudibus
1206 1659 1429 1732 dignum
1453 1659 1680 1714 omnino
1713 1659 2018 1714 existimem
2050 1674 2172 1714 esse
2199 1656 2458 1723 Pisidam,
2484 1658 2770 1728 nunquam'
2801 1650 2981 1714 tamen
3011 1661 3161 1716 hunc
3181 1660 3466 1730 prmferam
3496 1663 3612 1718 Eu-

324 1752 485 1822 ripidi
510 1751 734 1806 alterive
768 1768 836 1807 ex
864 1751 1266 1823 antiquioribus
1295 1750 1706 1822 iambographis
1744 1743 1966 1807 Graecis.
2019 1748 2204 1804 Dicam
2237 1749 2382 1814 enim
2417 1750 2564 1820 quod
2600 1766 2792 1805 verum
2833 1760 2939 1807 est.
2971 1750 3083 1807 Etsi
3114 1752 3369 1824 plurimis
3390 1753 3448 1808 in
3472 1754 3611 1808 locis

322 1843 519 1900 Pisidas
553 1858 773 1899 carmen
803 1845 876 1898 ita
908 1844 1111 1906 elucet,
1142 1851 1206 1898 ut
1230 1853 1475 1898 veterum
1506 1849 1795 1912 poetarum
1819 1842 2047 1914 gratiam
2076 1851 2134 1898 et
2181 1849 2525 1897 venustatem
2553 1858 2664 1897 non
2693 1842 2998 1910 desideres,
3032 1858 3179 1916 saepe
3206 1846 3372 1902 etiam
3404 1846 3480 1902 ita
3508 1845 3610 1903 fri-

322 1934 513 2008 gescit,
547 1944 608 1990 ut
633 1937 687 1990 in
711 1935 1003 1992 scribendo
1029 1935 1355 1993 dormitasse
1386 1942 1666 1992 auctorem
1694 1949 1809 1991 non
1843 1935 2008 1991 modo
2032 1936 2265 2002 sentias,
2300 1936 2398 1992 sed
2427 1936 2595 1993 etiam
2624 1935 2928 2008 indigneris
2955 1953 3118 2008 quam
3147 1942 3403 1997 maxime.
3432 1943 3611 2000 Caete-

324 2046 444 2086 rum
470 2039 738 2100 quantum
765 2029 855 2085 ille
880 2027 1219 2098 sublimitate
1257 2027 1519 2085 carminis
1555 2042 1844 2098 assurgere
1881 2035 1945 2086 et.
1972 2025 2274 2086 se.eﬂ‘erre
2297 2027 2560 2098 potuerit,
2593 2027 2872 2099 praecipue
2897 2031 3140 2088 ostendit
3165 2031 3224 2087 in
3251 2033 3612 2105 Hexaemem,

325 2124 378 2178 iu
407 2139 517 2193 quo
541 2121 728 2177 omnia
754 2120 1154 2176 sententiarum
1186 2119 1415 2175 ﬂoribus
1440 2129 1499 2176 et
1527 2119 1856 2175 urbanitatis
1883 2119 2119 2190 quodam
2154 2119 2271 2175 sale
2299 2132 2596 2190 conSpersa
2631 2128 2781 2175 sunt.
2827 2119 2888 2174 In
2923 2121 3182 2179 omnibus
3224 2123 3303 2198 [p.
3343 2125 3611 2200 XXXVII]

326 2226 501 2273 autem
529 2217 654 2286 ejus
675 2214 935 2287 operibus
957 2213 1313 2285 contemplari
1351 2212 1539 2270 licebit
1564 2213 1945 2269 adumbratam
1975 2212 2049 2283 pii
2085 2214 2370 2284 scriptoris
2392 2213 2709 2284 imaginem,
2737 2215 3100 2273 suavissimus
3124 2234 3328 2285 mores,
3358 2223 3615 2281 eximiam

326 2313 678 2383 probitatem,
717 2325 824 2381 qua
855 2324 937 2376 se,
967 2309 1099 2365 dum
1128 2323 1425 2365 numerose
1453 2309 1656 2364 cadens
1686 2322 1879 2364 versus
1910 2307 2108 2365 leniter
2126 2307 2320 2372 afﬂuit,
2364 2305 2664 2387 legentium
2706 2308 2938 2365 auribus
2984 2309 3221 2369 inculcat
3264 2323 3431 2386 atque
3458 2332 3615 2373 com-

324 2413 576 2470 mendat.
3554 2457 3561 2465 .

395 2502 523 2564 [Ιωο
553 2501 818 2559 habebam
844 2516 965 2572 qua:
993 2500 1230 2559 dicerem
1263 2499 1331 2555 de
1353 2498 1584 2573 Georgio
1609 2497 1813 2565 Pisida,
1840 2514 1948 2552 non
1982 2497 2130 2569 parvi
2155 2497 2394 2554 nominis
2417 2499 2560 2570 apud
2601 2496 2936 2554 recentiores
2964 2498 3185 2555 Graecos
3215 2511 3394 2570 poeta,
3423 2503 3477 2559 in
3502 2518 3613 2575 quo

324 2611 454 2654 cum
482 2597 640 2668 plura
689 2595 940 2652 invenias
977 2611 1100 2667 quae
1124 2612 1233 2653 non
1265 2597 1470 2652 invitus
1497 2595 1810 2663 demireris,
1839 2594 1979 2651 nihil
2025 2604 2230 2660 tamen,
2263 2593 2482 2666 opinor,
2515 2595 2873 2665 spectandum
2902 2594 3075 2667 magis
3103 2603 3188 2650 est
3214 2611 3378 2669 quam
3407 2599 3528 2670 ejus
3557 2601 3614 2657 in

329 2692 549 2749 tuendis
579 2690 908 2748 Christiana
932 2691 1210 2764 religionis
1234 2692 1578 2763 dogmatibus
1601 2691 1909 2748 constantia
1959 2700 2015 2749 et
2057 2692 2269 2748 sincera
2299 2692 2434 2748 ﬁdes
2465 2709 2480 2748 :
2513 2705 2638 2746 nam
2665 2706 2790 2746 cum
2837 2691 2892 2746 in
2939 2705 3001 2746 ea
3047 2699 3293 2763 tempora
3333 2694 3618 2755 incidisset

333 2783 534 2854 quibus
556 2783 774 2856 Sergius
797 2783 1106 2854 patriarcha
1136 2799 1356 2841 omnem
1391 2784 1703 2843 machinam
1724 2784 1916 2850 movit,
1945 2793 2006 2840 ut
2031 2782 2312 2841 Orientem
2337 2784 2656 2840 universum
2687 2798 2715 2836 a
2752 2780 3196 2852 Monophysismo
3222 2783 3289 2838 ad
3327 2783 3616 2843 Konothe-

337 2875 560 2931 lismum
581 2875 731 2932 vafro
758 2875 986 2933 consilio
1012 2882 1069 2930 et
1093 2876 1251 2931 malis
1278 2875 1493 2931 technis
1521 2875 1890 2947 pertraheret,
1925 2875 2045 2946 ipse
2073 2884 2256 2930 autem
2313 2872 2564 2944 Sergium
2613 2873 2846 2944 ejusque
2895 2871 3155 2942 pietatem
3206 2881 3265 2929 et
3306 2875 3614 2933 doctrinam

341 2969 648 3040 suspiceret
688 2968 926 3026 maxime
963 2977 1021 3025 et
1060 2968 1287 3035 coleret,
1333 2967 1511 3023 nihilo
1553 2975 1734 3024 tamen
1767 2967 1953 3025 minus
1980 2966 2082 3023 sibi
2116 2965 2300 3022 fucum
2330 2965 2445 3021 ﬁeri
2471 2964 2785 3021 nullatenus
2822 2980 3014 3035 passus
3033 2974 3134 3025 est.
3164 2973 3221 3020 et
3257 2982 3411 3024 suam
3456 2969 3616 3028 [hiem

338 3077 528 3130 puram
558 3062 935 3134 integramque
965 3060 1238 3128 servavit;
1262 3060 1407 3132 quod
1454 3077 1521 3117 ex
1561 3052 1819 3117 omnibus
1854 3062 2006 3116 hisce
2036 3060 2250 3128 libellis,
2282 3075 2344 3114 ac
2372 3059 2670 3130 prmsertim
2701 3074 2766 3112 ex
2793 3058 3034 3114 carmine
3064 3059 3121 3116 iu
3157 3059 3426 3129 Severum,
3462 3066 3618 3123 iuru-

335 3154 515 3210 lenter
538 3162 707 3224 patet.

415 3247 487 3302 De
515 3245 695 3302 Pisida
739 3247 1072 3303 mentionem
1111 3246 1321 3311 faciunt
1348 3249 1494 3306 inter
1516 3249 1776 3321 antiquos
1805 3249 2205 3320 Theophanes,
2233 3246 2451 3313 Suidas,
2473 3246 2774 3311 Cedrenus,
2809 3245 3156 3319 Nicephorus
3183 3249 3417 3321 Callisti,
3443 3252 3617 3310 Joan-

337 3356 440 3396 nes
459 3341 654 3396 Tzetza
685 3341 912 3412 ejusque
938 3341 1105 3397 frater
1131 3341 1348 3399 lsaacus
1373 3342 1609 3413 Tzetza;
1638 3344 1784 3401 inter
1819 3345 2158 3400 recentiores
2188 3351 2395 3408 autem,
2429 3348 2628 3412 praeter
2650 3339 2973 3409 Morellium,
3003 3341 3327 3411 Kusterum,
3358 3342 3616 3402 Herwar-

338 3442 477 3501 tum,
505 3435 804 3505 Raderum,
837 3436 1115 3505 Allatium,
1148 3419 1483 3506 Maltretum,
1523 3439 1858 3510 Fabricium,
1883 3439 2151 3505 Caveum,
2182 3435 2484 3500 Oudinum,
2517 3449 2755 3507 quorum
2779 3437 3080 3493 sententias
3106 3437 3374 3494 hactenus
3407 3454 3616 3510 expen-

337 3530 539 3596 dimus,
571 3530 960 3600 quamplurimi
983 3529 1074 3585 alii
1097 3531 1394 3602 scriptores
1415 3514 1781 3601 celeberrimi,
1803 3531 1897 3603 qui
1916 3531 1973 3587 in
2007 3529 2235 3588 ferendo
2263 3529 2331 3585 de
2357 3529 2607 3600 ejusdem
2626 3526 2824 3584 Pisida:
2853 3528 3074 3600 scriptis
3093 3529 3307 3601 judicio
3332 3546 3402 3588 ex
3432 3531 3617 3592 Suida:

336 3626 522 3690 verbis
550 3629 690 3682 male
715 3625 956 3697 acceptis
969 3635 1028 3683 et
1045 3627 1341 3685 intellectis
1363 3627 1644 3685 allucinati
1675 3637 1825 3685 sunt.
1847 3628 1985 3684 Nam
2015 3626 2309 3692 Baronius,
2340 3627 2409 3683 ad
2442 3641 2544 3682 an.
2569 3625 2801 3690 θεῖ-29,
2816 3634 2878 3683 et
2905 3632 3168 3696 posteum
3195 3624 3413 3697 Pagius,
3440 3628 3617 3685 soluta

336 3709 588 3776 oratione
609 3717 896 3790 scripsisse
925 3719 1161 3776 Pisidam
1196 3721 1353 3778 aiunt
1370 3736 1495 3793 qum
1538 3723 1776 3780 iambico
1838 3731 2018 3778 metro
2061 3721 2283 3781 astricta
2334 3720 2610 3792 leguntur.
2651 3720 2733 3777 ita
2759 3720 2924 3793 plane
2952 3719 3124 3777 etiam
3174 3713 3536 3778 Bellarminus
3562 3732 3620 3779 et

339 3808 609 3878 Labbeus,
652 3807 729 3864 De
755 3809 943 3879 script.
975 3811 1367 3881 ecclesiasticis,
1398 3812 1687 3871 historiam
1721 3813 1798 3870 De
1823 3814 1976 3870 rebus
2002 3807 2243 3870 Ποταςηὶ
2266 3815 2392 3884 imp.
2424 3812 2620 3868 Pisidae
2650 3813 2920 3878 tribuunt,
2949 3826 2981 3869 a
3004 3812 3203 3884 quibus
3227 3826 3339 3870 non
3368 3812 3621 3874 dissentit

338 3902 667 3968 Bandurius,
695 3903 874 3977 Antiq.
909 3902 1022 3961 (ΞΡ.
1059 3921 1118 3978 p.
1153 3906 1279 3964 868.
1314 3908 1425 3964 Sed
1445 3923 1512 3965 eo
1549 3908 1606 3964 in
1635 3898 1822 3965 errore
1851 3907 1910 3964 hi
1943 3907 2136 3983 ducem
2175 3907 2490 3964 habuerunt
2531 3904 2813 3973 Vossium,
2846 3904 2923 3963 De
2953 3907 3214 3963 historicis
3237 3904 3451 3973 Graecis,
3478 3917 3615 3968 tom.

337 4012 415 4067 Iv,
444 4013 499 4069 p.
531 3996 673 4064 145;
721 4003 777 4052 et
825 3994 1206 4065 Possevinum,
1248 4000 1308 4056 in
1345 4000 1485 4072 App.
1526 4016 1703 4068 sacro,
1731 4008 1868 4058 tom.
1897 4000 1943 4066 Ι,
1999 4017 2057 4073 p.
2096 4001 2224 4058 558.
2256 4000 2403 4056 Nihil
2447 4007 2633 4057 autem
2664 4006 2968 4071 peccarunt
2996 4000 3069 4057 de
3110 3997 3294 4057 Pisida
3326 3994 3620 4070 loquentis

290 4151 297 4157 ,
335 4093 659 4151 Guillelmus
678 4091 976 4155 Crowaaus,
1010 4093 1068 4148 in
1099 4093 1331 4152 Eleae/io
1385 4094 1717 4167 Scriptorum
1774 4097 1831 4151 in
1901 4095 1959 4152 S.
2018 4095 2360 4165 scripturam,
2402 4108 2458 4164 p.
2498 4092 2640 4162 “9;
2711 4091 2871 4151 Joan.
2918 4090 3193 4150 Henricus
3229 4094 3506 4152 Bmclerus
3543 4094 3620 4151 De

335 4183 523 4256 script.
553 4168 749 4240 Graecis
777 4191 826 4238 et
849 4179 1079 4250 Latinis,
1110 4199 1166 4256 p.
1203 4185 1309 4253 85;
1359 4185 1636 4242 Adrianus
1659 4183 1955 4252 Baitletius,
1985 4181 2272 4259 lugemens
2295 4185 2387 4243 des
2424 4199 2670 4252 scaeam,
2699 4192 2834 4242 tom.
2868 4181 2961 4251 IV,
3000 4199 3058 4255 p.
3092 4182 3233 4250 546;
3258 4184 3380 4243 Jac.
3413 4184 3618 4243 Lelon-
3675 4205 3680 4213 υ

333 4278 481 4352 gius,
530 4275 668 4334 Bibl.
694 4291 870 4344 sacra,
898 4283 1032 4335 tom.
1068 4275 1136 4342 ll,
1165 4291 1221 4347 p.
1254 4276 1352 4334 7M
1381 4292 1397 4344 ;
1428 4283 1484 4332 et
1512 4272 1803 4334 JoanJac.
1817 4274 2248 4342 Sebeuchzerus,
2266 4274 2495 4347 Physica
2514 4274 2523 4281 ’
2545 4288 2726 4344 sacra,
2774 4283 2912 4342 tam,
2946 4273 2991 4342 Ι,
3030 4276 3088 4331 in
3124 4278 3319 4347 prima,
3345 4277 3435 4334 vel
3466 4280 3616 4348 quod

339 4369 552 4427 nullum
597 4368 746 4426 aliud
774 4368 895 4439 ejus
919 4366 1062 4440 opus
1094 4352 1295 4442 praeter
1316 4368 1699 4425 Hexaemeron
1743 4369 2022 4432 noverint,
2053 4366 2143 4422 vel
2170 4367 2315 4439 quod
2346 4365 2418 4424 de
2445 4366 2568 4425 aliis
2616 4383 2775 4424 suum
2811 4367 3079 4439 judicium
3133 4368 3485 4442 interponere
3512 4386 3621 4426 no-

335 4462 562 4524 luerint.
606 4462 825 4522 lsaacus
839 4462 1222 4518 Casaubonus.
1254 4460 1505 4515 Animad.
1533 4459 1591 4514 in
1627 4458 1959 4523 Athenarum,
1993 4473 2046 4528 p.
2081 4456 2209 4520 825,
2239 4456 2390 4528 pium
2413 4465 2468 4512 et
2499 4457 2802 4530 elegantem
2831 4456 3123 4527 Georgium
3150 4468 3399 4516 nostrum
3424 4476 3616 4532 aequus

329 4554 505 4628 juder
536 4554 796 4625 appellat,
819 4552 914 4611 sed
938 4553 1381 4611 emendationem
1410 4552 1468 4609 in
1489 4568 1616 4611 eum
1645 4550 1902 4624 proponit
1921 4565 2085 4622 quam
2110 4559 2170 4607 ut
2193 4550 2375 4608 minus
2403 4551 2775 4608 necessariam
2807 4550 3174 4622 recipiendam
3199 4567 3320 4608 esse
3353 4570 3460 4609 non
3488 4569 3612 4610 cre-

335 4648 640 4712 dirnus,‘ut
664 4655 816 4718 patet
846 4663 912 4704 ex
942 4664 995 4704 v.
1051 4647 1162 4703 240
1205 4648 1270 4703 de
1293 4646 1530 4705 vanitate
1547 4646 1689 4701 vitae.
1717 4640 2050 4700 Laurentius
2090 4641 2352 4709 Crassus,
2402 4642 2598 4701 Istoria
2641 4643 2721 4700 de’
2750 4653 2892 4714 poets
2930 4642 3103 4711 (ξι-αεὶ,
3138 4661 3194 4717 p.
3232 4645 3357 4710 262,
3392 4644 3617 4704 Stridem

334 4747 551 4796 tantum
576 4739 886 4812 exscripsit,
912 4755 1017 4796 nec
1045 4739 1101 4796 in
1131 4757 1198 4798 eo
1219 4741 1367 4812 quod
1392 4738 1827 4812 reprehenderet
1847 4737 1933 4794 vel
1962 4737 2280 4793 emendaret
2303 4737 2533 4797 invenit.
2564 4739 2767 4797 Eodem
2797 4738 2961 4810 plane
2991 4739 3152 4794 modo
3176 4739 3342 4795 etiam
3390 4738 3620 4798 Franci-

339 4849 465 4890 scus
492 4833 779 4897 Xaverius.
800 4828 1099 4903 Quadrius,
1127 4831 1365 4904 Rayt'one
1389 4829 1568 4902 d‘ogni
1593 4827 1798 4905 poetic,
1818 4834 1952 4882 tom.
1984 4825 2052 4892 ll,
2077 4842 2132 4897 p.
2167 4826 2289 4893 124,
2321 4826 2545 4884 Suidam
2574 4837 2797 4887 secutus
2843 4839 2949 4897 est,
2980 4830 3076 4886 sed
3105 4842 3394 4902 perperam
3438 4830 3619 4888 Enco—

333 4930 529 4997 mium,
564 4930 710 5002 quod
745 4931 906 4988 estin
927 4929 987 4986 S.
1010 4929 1082 4987 Μ.
1103 4924 1455 4984 Auastasium
1484 4923 1725 4989 Persam,
1753 4921 1871 4994 ipse
1903 4920 2040 4977 dicit
2068 4921 2299 4978 aPisida
2331 4921 2386 4976 in
2414 4921 2723 4979 Heracliam
2760 4925 3023 4996 scriptum
3047 4922 3240 4989 fuisse,
3275 4926 3421 4996 quod
3451 4926 3617 4983 etiam

333 5019 646 5088 conﬁrmat,
677 5031 810 5080 tom.
843 5021 934 5091 IV,
962 5037 1020 5093 p.
1066 5021 1194 5079 505.
1222 5019 1304 5076 Nil
1336 5023 1524 5075 autem
1578 5016 1762 5072 minus
1809 5026 2129 5072 accuratum
2156 5031 2319 5087 quam
2353 5014 2498 5089 quod
2537 5019 2827 5092 Dupinius,
2862 5016 2999 5074 Bibl.
3033 5020 3127 5077 des
3154 5032 3372 5078 autem:
3405 5024 3615 5088 ert-lca.

327 5112 492 5169 stacta
520 5130 620 5184 νη,
648 5131 701 5186 ρ,
737 5117 826 5184 62,
857 5124 915 5171 et
954 5113 1244 5179 Morel-ius,
1284 5113 1379 5184 qui
1434 5108 1652 5181 Dupinii
1686 5108 1853 5165 verba
1893 5109 1952 5164 in
1984 5125 2146 5166 suum
2195 5108 2589 5169 Dictionarium
2617 5112 2914 5178 transtulit,
2955 5128 3172 5170 necnon
3197 5113 3248 5172 J.
3296 5110 3618 5181 Graucolas,

330 5205 574 5278 Critique
594 5208 685 5262 des
715 5216 936 5264 auteurs
958 5205 1162 5274 coclea,
1193 5214 1325 5262 tom.
1356 5202 1422 5270 ll,
1452 5217 1508 5273 p.
1539 5199 1628 5264 64,
1651 5199 1722 5256 de
1748 5193 1981 5272 Georgio
2008 5209 2201 5257 nostro
2225 5199 2503 5258 dixerunt.
2523 5201 2708 5277 Longe
2730 5213 2914 5262 autem
2944 5207 3144 5264 melius
3172 5206 3434 5263 omnibus
3459 5206 3529 5265 de
3551 5219 3621 5265 eo

333 5297 560 5368 scripsit
594 5290 663 5352 D.’
692 5298 972 5372 Remigius
998 5296 1308 5361 Ceillerius,
1341 5294 1480 5350 Hist.
1510 5293 1601 5348 des
1648 5299 1869 5378 autem:
1907 5291 2116 5360 ecclés.,
2143 5301 2278 5350 tom.
2305 5293 2474 5360 XVII,
2509 5311 2562 5368 p.
2596 5297 2742 5355 552:
2772 5314 2901 5356 nam
2930 5301 3015 5358 vel
3056 5301 3285 5359 omnino
3311 5309 3462 5359 recta
3489 5306 3621 5358 sunt

331 5390 427 5448 vel
449 5391 643 5449 saltem
676 5392 1052 5465 probabilibus
1076 5388 1412 5461 conjecturis
1438 5389 1669 5459 ﬁrmata,
1702 5406 1825 5462 quas
1857 5390 1925 5446 ad
1959 5406 2074 5447 rem
2105 5390 2312 5463 profert
2344 5406 2408 5448 ac
2429 5390 2696 5449 decernit.

577 5888 857 5950 'Pa't'noc.
896 5885 1015 5947 Gn.
1071 5886 1264 5948 XCII.
3224 5895 3300 5960 33
