4044 6480
374 369 516 434 1205

520 481 682 552 'Em,
710 476 776 530 δι’
803 477 964 548 ὐμῶν
989 476 1228 542 εὐσεϐῶς
1259 479 1620 550 ἀμϐλύνεται,

511 575 620 626 Καὶ
653 571 860 634 λοιπὸν,
897 570 1088 644 ὥσπερ
1125 574 1190 626 ὲκ
1221 573 1612 645 φιλανθρώπου
1639 573 1866 638 πάθους,

513 661 704 728 Στάζει
737 665 798 717 τὸ
822 664 1048 736 κέντρον
1069 665 1190 718 ἀντὶ
1220 665 1444 737 πικρίας
1472 666 1614 736 μέλι.

594 754 736 808 Ἀλλ’
760 757 819 810 ὲν
841 758 1184 829 παρεκϐάσει
1213 775 1280 830 με
1310 759 1404 812 τοῦ
1437 758 1805 830 προκειμένου

523 848 585 902 Ἦ
613 848 722 902 τῶν
749 847 932 903 καλῶν
968 849 1060 903 σοῦ
1086 851 1389 924 τερπνότης
1409 850 1704 921 ἀπήγαγεν
1729 867 1744 884 ·

512 941 678 995 Ὅθεν
711 941 845 1014 πρὸς
871 930 1039 1006 αὐτάς
1059 943 1151 996 τοῦ
1187 943 1348 1012 λόγου
1378 943 1476 1008 τὰς
1497 943 1746 1009 αὔλακας

515 1031 684 1088 Πάλιν
713 1034 986 1104 ,γεωργῶν
1017 1035 1222 1104 εἰσάγω
1259 1035 1328 1088 τά
1370 1036 1690 1107 σπέρματα.

593 1128 657 1180 Ἦ
688 1127 786 1192 νὺξ
817 1126 915 1197 μὲν
940 1128 973 1196 ἡ
1008 1127 1238 1199 μέλαινα
1271 1127 1380 1182 τῶν
1411 1128 1673 1184 ἐναντίων

373 1223 474 1276 105
521 1221 615 1284 Εἰς
639 1221 822 1276 πᾶσαν
849 1219 1136 1292 ἐξήπλωτο
1169 1219 1268 1292 τὴν
1297 1222 1627 1295 οἰκουμένην
1649 1237 1663 1253 ο

512 1311 691 1383 Κόρος
720 1312 829 1384 γὰρ
861 1313 962 1367 οὐκ
987 1308 1057 1384 ἦν
1086 1309 1366 1385 Περσικῆς
1397 1313 1730 1386 ἀπληστίας,

520 1400 662 1454 Ἀλλ’
689 1399 958 1468 ἐξέτεινον
993 1401 1092 1466 τάς
1121 1402 1332 1474 ὀρέξεις
1360 1403 1441 1467 εἰς
1469 1403 1689 1474 φόνους.
1738 1413 1748 1424 ’

512 1493 658 1564 Πλὴν
683 1494 764 1556 εἰς
803 1495 1023 1566 ἀφεγγῆ
1051 1495 1148 1548 καὶ
1176 1494 1449 1568 τοσαύτην
1484 1496 1731 1568 ἑσπέραν

510 1585 652 1656 Πρὸς
686 1583 854 1639 ὕπνον
883 1587 1044 1651 αὐτὸς
1061 1587 1314 1660 οὐδαμῶς
1344 1590 1694 1662 μετετράπης
1715 1606 1729 1622 ·

367 1679 475 1736 110
513 1677 632 1732 Τῶν
660 1678 768 1750 γὰρ
791 1677 842 1734 δ.
889 1681 1037 1751 ἡμᾶς
1063 1681 1364 1752 φροντίδων
1396 1683 1428 1754 ἡ
1459 1683 1734 1756 πυκνότης

521 1771 618 1824 Ἐκ
649 1771 859 1836 σοῡτὸν
880 1773 1046 1826 ὕπνον
1074 1773 1304 1836 εἰκότως
1329 1772 1668 1846 ἀπέστρεφε.

511 1861 700 1917 Πολλοὶ
725 1863 781 1916 δὲ
809 1862 1005 1934 βουλὰς
1036 1865 1130 1918 καί
1161 1860 1499 1936 στρατηγίας
1527 1864 1728 1934 νόμους

507 1955 673 2008 Αὐτοὶ
711 1955 834 2009 καθ’
867 1956 1067 2020 αὐτοὺς
1101 1954 1521 2028 ζωγραφοῦντες
1542 1957 1732 2029 ἡρέμα

513 2047 797 2116 Ἔφασκον
821 2047 897 2112 ὡς
924 2048 1032 2120 χρὴ
1065 2047 1127 2102 τὸ
1159 2048 1363 2120 κράτος
1401 2048 1670 2121 βασιλέως

365 756 476 813 100

1361 369 1460 430 DE
1493 370 2011 432 EXPEDITIONE
2043 373 2380 434 PERSICA.
2406 375 2574 435 ΑΕΒ.
2619 376 2668 437 Ι.

3520 375 3651 439 1206

1995 489 2038 545 Α
2070 483 2172 538 115
2231 485 2318 537 Ἐν
2347 487 2466 550 ταῖς
2494 485 2763 554 ἀνάγκαις
2795 485 2896 556 τῆς
2928 485 3108 556 μάχης
3135 485 3497 556 παρεστάναι.

2207 576 2392 630 Ἄλλοι
2416 577 2472 630 δὲ
2501 578 2684 642 πάλιν,
2717 576 2906 647 ὥσπερ
2931 579 2998 630 ἐκ
3027 577 3360 640 τούναντίου,

2217 673 2724 744 ’Λντεστρατήγουν
2749 671 3158 742 δυσμαχοῦντες
3183 669 3241 724 ἐν
3267 670 3471 740 λόγοις,

2217 765 2546 835 Ἐπισφαλὲς
2581 765 2830 834 λέγοντες
2859 760 2995 819 εἴναι
3029 763 3090 816 τὺ
3121 763 3322 834 κράτος

2205 857 2351 928 Πρὸς
2389 857 2488 922 τὰς
2521 856 2776 929 ἑτοίμους
2808 857 3068 928 ἐμϐαλεῖν
3109 856 3488 929 περιστάσεις.

2069 947 2174 1004 120
2224 947 2382 1012 Τινὲς
2409 948 2465 1002 δὲ
2491 950 2586 1003 καὶ
2617 949 2904 1021 σύγκρισιν
2935 950 2993 1017 ἐξ
3020 949 3226 1022 ἀμφοῖν
3255 947 3392 1020 μίαν

2217 1041 2306 1096 Ἑν
2330 1045 2450 1106 ταῖς
2486 1043 2696 1096 ἑαυτῶν
2726 1042 3095 1105 ὲκτυποῦντες
3128 1039 3386 1112 καρδίαις

2202 1133 2540 1202 Σοφιστικῶς
2569 1132 2830 1206 ἔφραζον,
2861 1133 3001 1188 ὥστε
3035 1133 3132 1188 καί
3162 1133 3346 1205 μένειν

2203 1226 2312 1279 Καὶ
2334 1229 2452 1290 ταῖς
2481 1225 2773 1298 μερίμναις
2803 1229 2917 1290 τοῖς
2943 1225 3120 1296 ἀγῶσι
3145 1224 3482 1298 συντρέχειν.

2215 1314 2354 1368 Ἀλλ’
2384 1310 2452 1388 ἦν
2488 1315 2557 1368 τὰ
2591 1315 2747 1370 κοινά
2774 1316 2882 1370 τῶν
2907 1315 3084 1386 λόγων
3113 1315 3366 1370 ἀναίτια·

2063 1405 2168 1461 125
2207 1407 2280 1460 Οὐ
2309 1406 2421 1478 γὰρ
2452 1407 2691 1477 πονηρὸν
2713 1401 2860 1478 εἶχον
2891 1409 2946 1462 αἰ
2975 1406 3192 1478 γνῶμαι
3225 1406 3452 1478 τρόπον,

2205 1497 2277 1550 Σὺ
2306 1496 2386 1563 δὲ,
2421 1497 2715 1569 στρατηγέ,
2753 1499 2846 1552 καὶ
2876 1497 2987 1569 γὰρ
3024 1493 3168 1570 ἦσθα
3197 1497 3307 1553 τῶν
3329 1496 3470 1553 ὅλων

2205 1589 2318 1644 Καὶ
2347 1591 2520 1645 ταῦτα
2555 1591 2758 1664 μᾶλλον
2784 1592 2951 1656 αὐτὸς
2981 1591 3384 1664 ὴκριδωμένος,

2203 1681 2342 1735 Πᾶσι
2382 1681 2631 1747 δεδωκὼς
2645 1681 2752 1748 ,τοῦ
2772 1683 2956 1738 λαλεῖν
2983 1683 3254 1748 ἐξουσίαν,

2199 1772 2335 1828 Θεὸν
2361 1773 2625 1847 δικαστὴν
2649 1775 2758 1830 τῶν
2783 1775 2994 1846 ἀδήλων
3022 1775 3286 1846 εἰργάσω.

1983 1855 2028 1912 Β
2058 1865 2160 1922 150
2201 1865 2374 1921 Ὅπου
2394 1865 2451 1920 δὲ
2475 1867 2658 1932 πίστις
2688 1867 2956 1940 παρθένος
2980 1869 3363 1941 προσέρχεται,

2196 1956 2410 2028 Λευκὴν
2440 1957 2649 2012 ἄνωθεν
2683 1959 2876 2012 ἐλπίδα
2909 1959 3234 2025 στολίζεται.

2277 2049 2575 2122 Ἐορτάσας
2601 2050 2660 2104 δὲ
2683 2051 2784 2122 τὴν
2823 2051 3092 2124 μεγίστην
3115 2051 3355 2124 ἡμέραν,

365 2225 608 2290 demum,
640 2224 718 2280 uti
767 2239 836 2280 ex
866 2223 1156 2282 hominum
1187 2224 1685 2290 commiseratione,
1717 2224 1825 2280 mel
1856 2239 1955 2297 pro
2039 2233 2257 2301 _praesto
2300 2239 2448 2282 esse.
2505 2223 2608 2279 Alii
2657 2239 2788 2280 vero
2841 2229 3032 2280 rurs‘us
3081 2225 3229 2280 velut
3280 2241 3344 2280 ex
3385 2225 3640 2297 opposito

363 2315 608 2371 amaritie
649 2315 879 2370 instillat
921 2315 1164 2371 aculeus.

2051 2322 2243 2371 contra
2287 2313 2644 2382 insurgebaut
2683 2307 3007 2370 dimicantes
3051 2313 3420 2380 sermonibus,
3457 2315 3642 2372 minus

437 2405 585 2477 (100)
639 2407 748 2462 Sed
777 2408 830 2462 in
877 2407 1274 2479 digressionem
1318 2423 1406 2463 me
1441 2423 1472 2464 a
1517 2407 1802 2479 proposito
1847 2417 1954 2465 tuae
2053 2413 2228 2461 tutum
2263 2403 2507 2460 dicentes
2540 2420 2660 2460 esse
2696 2405 3040 2476 majestatem
3073 2404 3127 2459 in
3155 2406 3360 2476 apertis
3389 2409 3642 2464 commit-

355 2503 622 2559 bonitatis
671 2503 910 2574 jucunda
967 2502 1347 2559 consideratio
1391 2503 1636 2560 abduxit.
1694 2503 1852 2560 Unde
1891 2503 1946 2558 in

2055 2505 2170 2554 tere
2193 2497 2472 2568 periculis.
2503 2497 2652 2568 (120)
2681 2495 2935 2552 Nonnulli
2961 2513 3090 2554 vero
3111 2511 3177 2553 ex
3201 2498 3447 2570 utrisque
3471 2515 3640 2556 unum

359 2594 514 2665 ipsos
537 2596 740 2665 primos
769 2595 1042 2652 sermonis
1071 2596 1251 2652 sulcos
1278 2597 1477 2652 iterum
1509 2595 1721 2654 fodiens
1750 2612 1958 2670 spargo
2047 2593 2315 2664 judicium
2343 2593 2399 2648 in
2422 2593 2536 2648 suis
2564 2593 2666 2649 sibi
2691 2592 3011 2664 elIingentes
3038 2592 3312 2660 cordibus,
3344 2594 3643 2666 sophistica

363 2687 598 2742 semina.

439 2777 552 2834 Nox
581 2780 796 2850 quidem
827 2779 980 2850 nigra
1010 2780 1369 2835 barbarorum
1395 2779 1634 2834 hostium
1676 2779 1824 2852 (I05)
1860 2788 1944 2834 to-

365 2880 477 2926 tam
535 2871 637 2926 late
683 2879 884 2930 terram
934 2881 1342 2942 occupaverat:
1393 2871 1636 2927 nondum
1670 2873 1815 2927 enim
1849 2887 1946 2927 ex-

361 2961 507 3032 pleta
535 2961 652 3018 erat
679 2962 908 3018 aviditas
928 2961 1240 3026 Persarum,
1275 2963 1371 3018 sed
1404 2961 1650 3017 inhiabat
1679 2963 1858 3017 adhuc
1878 2961 1946 3016 ad

358 3055 558 3110 cmdes.
588 3052 672 3108 Tu
717 3069 850 3108 vero
889 3052 1034 3108 inter
1065 3061 1228 3108 tantae
1258 3053 1434 3108 noctis
1471 3052 1726 3107 tenebras
1753 3067 1946 3108 somno

2053 2681 2308 2740 dicebant
2333 2693 2586 2755 oportere
2612 2693 2669 2739 et
2689 2683 2834 2739 domi
2861 2699 3086 2740 manere
3107 2693 3163 2740 et
3191 2685 3420 2740 consilio
3439 2685 3496 2741 in
3518 2701 3637 2742 cer.

2057 2777 2259 2837 taurina
2290 2790 2596 2832 accurrere.
2633 2776 2739 2831 Sed
2767 2783 2925 2832 erant
2950 2775 3041 2831 isti
3073 2776 3318 2833 omnium
3360 2793 3643 2834 sermones

2055 2869 2174 2924 sine
2199 2869 2393 2940 culpa:
2431 2868 2578 2939 (ινδ)
2610 2884 2720 2923 non
2748 2869 2893 2923 enim
2919 2885 2986 2924 ex
3018 2869 3163 2924 malo
3194 2870 3486 2940 prodibant
3511 2886 3640 2925 sen-

2056 2960 2238 3016 tentia
2260 2961 2500 3032 ingenio.
2523 2959 2606 3016 Tu
2637 2976 2766 3016 vero
2789 2960 2897 3016 dux
2926 2960 3192 3032 (omnium
3223 2961 3371 3016 enim
3401 2961 3514 3017 dux
3535 2961 3642 3016 fui-

2055 3053 2142 3119 sti,
2172 3063 2228 3108 et
2261 3055 2376 3110 haec
2393 3053 2508 3124 ipsa
2527 3055 2738 3111 caeteris
2755 3054 2952 3109 melius
2980 3053 3361 3126 cognoveras),
3385 3055 3642 3111 omnibus

358 3154 413 3227 te
468 3145 654 3218 ipsum
713 3146 1026 3201 nullatenus
1083 3145 1346 3200 tradidisti
1381 3163 1394 3200 :
1437 3145 1582 3218 (110)
1635 3153 1946 3201 nostrarum
1975 3149 2021 3213 ο
2051 3149 2173 3204 data
2209 3148 2462 3218 loquendi
2503 3156 2793 3218 potestate,
2833 3145 3002 3202 Deum
3029 3146 3270 3218 judicem
3301 3147 3640 3204 occultorum

356 3240 506 3295 enim
547 3254 798 3294 curarum
839 3238 1131 3294 multitudo
1163 3254 1195 3294 a
1227 3244 1281 3294 te
1309 3252 1585 3302 somnum,
1621 3246 1682 3292 ut
1715 3251 1814 3308 par
1841 3251 1943 3304 est,

355 3329 576 3400 avertit,
623 3327 776 3384 Multi
813 3330 881 3384 de
910 3329 1124 3386 ratione
1157 3338 1215 3385 et
1235 3329 1446 3400 legibus
1471 3329 1701 3385 ducendi
1729 3329 1944 3384 exerci-

355 3431 448 3477 tus
479 3422 568 3476 alii
599 3429 724 3492 post
749 3421 884 3477 alios
911 3422 1244 3478 disserentes
1270 3421 1564 3486 subtiliter,
1598 3421 1858 3476 dicebant
1884 3429 1946 3476 ut

353 3521 608 3584 oporteat
655 3513 798 3584 regis
842 3513 1184 3586 majestatem
1241 3512 1386 3585 (115)
1439 3511 1494 3568 in
1530 3513 1788 3584 periculis
1818 3513 1946 3594 belli

2053 3237 2251 3303 fecisti,
2285 3237 2432 3308 (150)
2468 3236 2728 3292 nimirum
2763 3237 2943 3292 statim
2983 3251 3047 3293 ac
3079 3237 3214 3312 ﬁdes
3257 3235 3410 3308 virgo
3443 3253 3642 3310 super-

2051 3327 2224 3392 venit,
2254 3325 2539 3382 candidam
2577 3325 2666 3380 illa
2695 3340 2764 3381 ex
2793 3325 2903 3380 alto
2929 3339 3081 3395 spem
3106 3323 3354 3380 adornat.

2122 3419 2262 3474 Tum
2291 3419 2561 3475 celebrata
2596 3417 2830 3472 maxima
2859 3417 2949 3472 illa
2975 3416 3082 3484 die,
3113 3431 3220 3488 qua
3251 3424 3424 3472 totum
3452 3433 3638 3474 assur-

2056 3511 2198 3566 rexit
2228 3511 2532 3567 humanum
2560 3525 2732 3584 genus
2766 3510 2834 3567 ad
2867 3509 3104 3567 divinam
3133 3525 3440 3582 novamque
3462 3509 3636 3567 refor-

1669 3689 1903 3746 νΑιιιέΕ
1947 3691 2360 3748 LECTIONES.

430 3777 532 3834 110
559 3777 668 3834 τῶν
696 3777 756 3847 Ρ,
796 3777 905 3832 σῶν
925 3779 1012 3834 ed.

1887 3871 2120 3928 ΝΟΤᾹῆ.

429 4023 556 4107 1⁸02.
587 4027 820 4107 Elegans
848 4029 1198 4107 metaphora,
1227 4043 1333 4100 qua
1365 4043 1426 4084 se
1473 4037 1632 4107 poeta
1669 4039 1950 4107 comparat
2049 4049 2152 4087 σαν
2211 4031 2310 4104 τὴν
2368 4033 2568 4104 Συρίαν
2649 4035 2762 4107 καὶ
2811 4033 3180 4107 Παλαιστίνην
3251 4035 3636 4107 αἰχμαλώτευ-

353 4101 624 4175 agricolae.
666 4099 816 4156 Sulci
860 4099 1205 4175 _sunt_iambi,
1245 4099 1484 4175 aratrum
1521 4099 1945 4175 stylus,seinina
2047 4121 2178 4175 σαν,
2223 4099 2371 4158 anno
2420 4099 2603 4158 autem
2658 4104 2762 4159 617
2821 4099 3226 4161 Chalcedonam
3283 4099 3406 4175 quae
3444 4117 3636 4162 contra

353 4169 525 4256 verba
553 4171 944 4256 et'sententiae.
986 4170 1190 4256 Forsan
1227 4171 1294 4224 ad
1321 4169 1597 4256 antiquam
1630 4169 1946 4256 Grtecorum
2043 4174 2257 4256 gpolim
2309 4180 2445 4237 erat,
2509 4183 2795 4256 ceperunt.
2837 4191 2960 4231 cum
3005 4176 3116 4245 iam
3173 4169 3638 4256 innumera’Lquze

354 4241 630 4295 scribendi
660 4241 926 4295 rationem
954 4242 1216 4310 respexit.
1240 4257 1360 4310 quae
1375 4239 1774 4309 βουστροφηδόν
1803 4243 1946 4298 dice-

353 4311 555 4366 batur:
585 4321 646 4366 ut
689 4312 834 4365 enim
861 4321 1078 4365 arantes
1101 4326 1225 4365 cum
1259 4311 1436 4381 bobus
1453 4310 1648 4374 solent,
1687 4313 1862 4381 primo
1911 4327 1943 4368 a

351 4381 542 4436 dextra
561 4383 626 4434 ad
657 4381 930 4436 sinistram
962 4397 1152 4436 versus
1171 4381 1366 4451 stylum
1403 4381 1674 4436 ducebant
1703 4392 1938 4448 veteres,

353 4460 522 4523 atque
548 4453 636 4523 ubi
663 4453 732 4508 ad
777 4452 1055 4523 sinistram
1106 4455 1317 4523 paginae
1363 4467 1512 4506 orant
1563 4451 1938 4523 devenissent,

352 4517 700 4576 deitroi'sum
726 4522 1043 4592 pergebant,
1071 4517 1340 4577 ttim'vero
1367 4523 1560 4577 iterum
1577 4521 1644 4576 ad
1666 4517 1940 4578 sinistram

2042 4244 2187 4318 ferri!
2218 4259 2327 4318 non
2365 4253 2591 4318 possent
2615 4245 2842 4318 scelera,
2876 4244 3208 4318 patrassent.
3253 4245 3384 4302 Vide
3436 4244 3634 4304 Chron.

2041 4315 2288 4385 paschale
2321 4331 2374 4384 p.
2418 4315 2540 4379 701,
2565 4316 2653 4370 ed.
2689 4315 2865 4371 Bonn.

2121 4385 2244 4440 H2.
2280 4385 2551 4459 _Expedire
2605 4394 2664 4440 at
2713 4386 2851 4459 bella
2903 4401 3001 4459 per
3034 4403 3095 4444 se
3153 4397 3306 4459 gerat
3356 4387 3632 4459 princeps,

2049 4471 2242 4512 omnes
2271 4456 2387 4512 fere
2423 4465 2776 4514 consentiunt
2806 4457 2875 4523 de
2905 4456 3071 4513 rebus
3120 4456 3372 4530 politicis‘
3401 4456 3636 4529 scripto-

2049 4543 2157 4582 res.

354 4589 739 4670 recurreltant.‘
773 4589 850 4646 Ita
881 4607 1008 4670 vere
1034 4594 1224 4670 sulcos
1260 4593 1726 4670 reprmscntabant
1763 4593 1942 4670 linere,
1981 4589 2021 4643 Ι)
2070 4668 2078 4670 _
2125 4597 2248 4654 124.
2279 4597 2471 4670 Varias
2493 4600 2820 4670 sententias,
2839 4615 2974 4667 quas
2993 4601 3134 4655 circa
3161 4599 3286 4656 belli
3305 4597 3528 4670 gerendi
3547 4614 3634 4652 ra-

355 4677 480 4730 qua:
513 4662 748 4724 αὐλακες
788 4678 851 4717 ea
883 4664 950 4718 de
973 4678 1134 4717 causa
1175 4662 1334 4718 dictae
1379 4663 1749 4716 inveniuntur.
1789 4665 1940 4720 Ano-

355 4747 558 4804 nﬁymus
574 4733 674 4804 Aqui
703 4732 1092 4804 Panegyricum
1122 4733 1358 4803 Berenga
1368 4734 1428 4788 rii
1443 4803 1446 4804 ν
1461 4733 1592 4804 imp.
1614 4735 1940 4804 conscripsit

359 4793 428 4856 ab
456 4793 696 4856 Adriano
727 4793 942 4857 Valesio
970 4803 1198 4864 editum,
1221 4793 1379 4868 difit,
1415 4803 1512 4858 lib.
1541 4793 1631 4870 'm,
1661 4803 1767 4860 55:
1799 4793 1940 4859 For-

330 4874 433 4925 ‘tia
447 4872 601 4944 jussu
631 4875 733 4927 cito
759 4875 943 4928 scriba:
964 4873 1166 4930 sulcata
1193 4891 1414 4944 papyro.

434 4943 556 4998 101.
612 4944 931 5014 Allcgnrice,
972 4945 1214 5018 _op_inor,
1253 4943 1482 5018 _noetem
1526 4947 1747 5018 nigram,
1781 4953 1942 5000 vocat

353 5013 574 5084 Persas,
605 5013 749 5084 quos
777 5017 940 5068 etiam
971 5014 1025 5067 in
1057 5015 1164 5068 [ine
1197 5015 1544 5069 Abaricorum
1573 5013 1624 5071 v'.
1653 5016 1756 5070 526
1813 5033 1940 5070 σκο-

352 5083 568 5146 τεινούς
597 5083 850 5154 appellat,
909 5099 1020 5138 non
1083 5092 1290 5139 tantum
1317 5085 1383 5139 ad
1425 5087 1620 5140 damna
1672 5087 1940 5142 abluenda

355 5169 482 5220 qua:
510 5155 687 5220 terris,
711 5170 873 5224 quam
921 5155 987 5208 ad
1035 5171 1097 5210 ea
1143 5171 1262 5224 quae
1324 5155 1572 5221 religioni
1611 5155 1936 5212 inferebant.

355 5225 574 5298 Quippe
596 5225 838 5298 Chosroa
870 5225 1057 5298 legatis
1083 5226 1154 5298 ab
1186 5225 1432 5298 H_eraclio
1473 5226 1657 5282 missis
1708 5243 1939 5298 respon-

353 5295 511 5349 derat
546 5311 558 5346 :
589 5294 1332 5368 06tpei39;1¢;t_ﬁpt3‘{,_§w;_
1366 5294 1432 5348 ἂν
1487 5294 1817 5368 ἀρνήσησθέ
1851 5298 1942 5352 τὸν

305 5415 327 5429 ,
355 5366 796 5440 ἐσταυρωμένον,
823 5364 881 5419 ὃν
911 5364 1098 5434 λέγετε
1122 5365 1256 5419 Θεὸν
1285 5365 1443 5431 εἶναι,
1476 5364 1573 5420 καὶ
1613 5364 1939 5440 προσκυνή-

359 5451 494 5506 σητε
515 5434 753 5506 mmo

430 5504 770 5578 4063‘Persie
799 5505 908 5575 jam
931 5521 962 5560 a
995 5505 1336 5578 Constantini
1373 5508 1707 5578 temporibus
1736 5507 1940 5563 Roma-

355 5575 448 5648 nis
469 5575 648 5631 inl‘esti
676 5591 867 5648 eorum
903 5575 1501 5648 provinciasinvaderé
1539 5593 1817 5648 nunquam
1848 5581 1943 5634 de-

358 5646 637 5700 stiterunt.
671 5646 776 5701 Sed
817 5648 988 5702 multo
1017 5647 1194 5702 acrius
1223 5647 1365 5703 inter
1410 5663 1504 5703 eos
1533 5646 1732 5704 bellum
1787 5665 1944 5704 exar-

359 5716 435 5788 sit
475 5717 576 5770 sub
599 5716 870 5785 Mauricio
921 5725 976 5788 et
1018 5718 1219 5781 Phoca,
1268 5734 1498 5788 quorum
1550 5719 1830 5774 Hcraclius
1885 5720 1940 5774 in

361 5787 594 5854 imperio
625 5802 906 5842 successor
940 5787 1060 5842 fuit.
1099 5789 1255 5842 Anno
1281 5787 1426 5844 enim
1479 5790 1579 5846 599
1607 5789 1806 5852 Perse,
1832 5789 1940 5841 Eu—

364 5857 612 5926 phratem
651 5859 988 5930 transgressi,
1020 5869 1079 5914 ut
1108 5861 1184 5914 ait
1214 5858 1575 5932 Timophanes
1600 5876 1654 5933 p.
1681 5861 1808 5928 2&7,
1839 5862 1941 5914 πᾶ-

2044 4668 2247 4740 tjonem
2277 4669 2468 4724 retulit
2487 4669 2786 4734 ἀναιτίους,
2815 4671 3151 4740 pronuntiat,
3171 4668 3382 4734 volens,
3415 4668 3632 4739 opinor,

2041 4738 2242 4807 Crispi,
2271 4741 2362 4809 qui
2389 4755 2554 4810 gener
2574 4740 2677 4794 fuit
2699 4738 2913 4804 Phocea,
2950 4742 3314 4795 temeritatem
3345 4738 3630 4810 excdsare.

2081 4811 2133 4864 ui
2161 4809 2412 4865 Heraclio
2444 4811 2564 4881 ejus
2591 4826 2750 4880 opem
2781 4811 2987 4881 petenti
3020 4811 3338 4881 respondit:
3376 4809 3633 4881 Οὐκᾉὲξδν

2081 4882 2257 4936 ασιλεῖ
2307 4879 2748 4952 καταλιμπάνειν
2783 4879 3076 4952 βασιλείαν
3113 4879 3214 4935 ’καὶ
3265 4883 3390 4952 ταῖς
3441 4879 3633 4952 πόρρω

2041 4951 2453 5022 ἐπιχωριάζειν
2490 4950 2806 5021 δυνάμεσιν.
2862 4951 2997 5007 Rem
3047 4960 3237 5007 narrat
3286 4950 3634 5021 NicephMus

2040 5021 2182 5090 patr.
2223 5023 2375 5076 Brev.
2406 5021 2550 5076 Hirt.
2587 5039 2641 5092 p.
2674 5023 2726 5077 5.

2117 5095 2238 5149 £29.
2271 5090 2650 5162 Conjecturam
2685 5093 2848 5148 modo
2871 5093 3160 5148 adductam
3190 5091 3407 5162 videtur
3431 5090 3636 5146 conﬁr-

2043 5178 2213 5234 mare,
2241 5161 2394 5234 quasi
2425 5163 2675 5218 Heraclio
2695 5163 3054 5234 dubitandum
3088 5163 3276 5234 fuisset
3329 5161 3399 5234 de
3441 5176 3636 5216 eorum

2046 5233 2149 5289 ﬁde
2173 5232 2272 5304 qui
2307 5236 2356 5288 ei
2389 5243 2544 5289 erant
2569 5249 2601 5287 a
2633 5233 2899 5298 consiliis,
2927 5233 3072 5287 unde
3102 5233 3219 5302 ipse
3266 5232 3462 5304 merito
3512 5247 3634 5304 om-

2043 5302 2355 5374 netnsuam
2383 5314 2536 5374 spem
2571 5305 2628 5358 in
2682 5304 2792 5359 Deo
2823 5305 3134 5367 collocavit,
3183 5311 3240 5357 et
3293 5303 3513 5374 deusne
3577 5302 3635 5356 in

2042 5373 2319 5454 Persidem
2405 5372 2652 5447 profectu
2721 5389 2908 5430 secum
2957 5374 3244 5430 consultus
3293 5372 3636 5428 deliberave-

2042 5454 2132 5499 rlt.

2119 5515 2241 5571 152.
2285 5516 2570 5594 Minimum
2597 5515 2912 5594 discrepant
2940 5513 3424 5594 cmteribistorici,
3454 5513 3638 5594 Theo:

2041 5587 2284 5654 phanes,
2356 5587 2658 5649 Cedrenus,
2704 5586 2944 5642 Zonaras
2998 5596 3054 5642 et
3111 5587 3473 5655 Nicephorus,
3539 5586 3637 5655 qui

2043 5651 2878 5732 onmesatlirmantl-leracﬁunt
2923 5651 3332 5732 annoimpérii
3390 5653 3474 5732 sui
3532 5651 3634 5732 l2.

2041 5725 2247 5798 Christi
2283 5728 2406 5792 622,
2435 5744 2558 5784 cum
2585 5729 2697 5798 jam
2728 5727 2932 5784 Pascha
2967 5723 3316 5790 celebrasset,
3347 5723 3531 5777 statim
3580 5723 3634 5774 iu

2046 5797 2322 5854 Persidem
2357 5797 2690 5870 pcrrcxiSsc.
