4044 6416
313 315 455 386 1213

459 439 569 510 Τῆς
600 439 882 505 εὐσεϐείας
911 442 1244 514 προσμένειν
1277 445 1344 500 τὰ
1379 449 1675 520 στίγματα.

538 530 676 585 Ἀλλ’
711 530 786 595 ὡς
811 533 1000 597 ἐκεῖνο,
1015 534 1112 606 τῆς
1138 535 1384 613 ἀνάγκης
1415 540 1476 596 τὸ
1510 545 1718 614 σκάφος

454 621 564 676 Καὶ
587 623 697 677 τῶν
716 623 992 682 τοσούτων
1020 629 1281 702 κυμάτων
1313 631 1670 704 άφήρπασας,

452 962 816 1036 Δημόσθενες,
841 951 1075 1037 πρόελθε
1101 964 1200 1020 σὺν
1232 967 1534 1041 παρρησίᾳ.

451 1053 612 1122 Λόγοι
643 1051 904 1125 κρατοῦσι
924 1070 938 1084 ·
974 1055 1050 1126 μὴ
1073 1055 1344 1126 ταράττου
1367 1057 1462 1110 νῦν
1493 1057 1643 1131 φόϐῳ
1661 1075 1678 1090 θ

450 1144 716 1209 Φίλιππος
743 1145 805 1199 οὐ
842 1146 1130 1216 πάρεστιν,
1162 1146 1280 1202 ἀλλ’
1310 1148 1340 1200 ὁ
1365 1148 1650 1222 δεσπότης.

456 1238 718 1302 Κίνδυνος
743 1239 939 1306 οὐδεὶς,
974 1241 1069 1294 καὶ
1101 1240 1311 1314 σιωπὴν
1335 1242 1384 1295 εἰ
1410 1243 1624 1309 πάθοις,

377 1330 413 1384 5
454 1327 664 1390 Κοινῶς
694 1329 951 1382 ἁπάντων
979 1330 1074 1382 καὶ
1103 1330 1284 1394 καλῶς
1319 1331 1658 1401 ἡττημένων.

521 1420 913 1492 Παλινδρομεῖν
932 1420 990 1474 δὲ
1011 1421 1118 1476 τῶν
1154 1421 1330 1490 λόγων
1361 1424 1712 1495 ἡπειγμένων

448 1513 592 1583 Πρὸς
620 1513 747 1576 τοὺς
773 1515 867 1567 ἀπ’
901 1513 1076 1584 ἀρχῆς
1108 1509 1266 1577 αὖθις
1288 1515 1528 1586 ἴπταμαι
1561 1515 1817 1589 δρόμους.

449 1605 525 1658 Οὐ
555 1605 664 1674 γὰρ
695 1605 970 1674 παρέσχες
992 1606 1238 1676 ἐγκοπὴν
1261 1609 1382 1669 ταῖς
1411 1607 1654 1675 ὁλκάσιν,

451 1691 593 1756 Ἕως
629 1691 853 1746 διελθὼν
875 1693 974 1764 τὴν
998 1694 1114 1747 ὁδὸν
1142 1694 1251 1748 τῶν
1285 1696 1574 1766 ῥευμάτων

335 1786 409 1842 10
442 1785 640 1848 amr;
667 1783 903 1852 ἐπέστης
924 1787 1046 1848 ταῖς
1078 1784 1442 1855 καλουμέναις
1477 1787 1704 1852 Πύλαις,

463 1873 662 1929 Ἐλθὼν
691 1875 1105 1947 ἀπροσδόκητος
1134 1877 1530 1948 ἡμεροδρόμος·

461 1965 743 2020 Ἐντεῦθεν
773 1965 966 2036 ὥσπερ
997 1966 1214 2038 βλύσμα
1243 1969 1484 2038 πηγαίου
1515 1969 1683 2040 πόρου

381 2142 478 2197 Ast
499 2139 643 2196 sicut
677 2140 808 2196 illud
842 2151 897 2198 tu
936 2157 1000 2196 ex
1030 2145 1300 2214 angustiis
1329 2145 1601 2215 navigium
1634 2157 1795 2217 atque
1821 2162 1888 2202 ex

308 2241 460 2287 tanta
501 2240 828 2303 tempestate
879 2232 1164 2303 eripuisti,
1218 2235 1369 2308 (250)
1429 2237 1508 2293 sic
1557 2246 1724 2294 totam
1781 2239 1886 2295 late

1729 2388 1924 2504 ἰι

376 2585 650 2653 Prodeas,
696 2585 1128 2667 Demosthenes,
1171 2599 1227 2643 et
1268 2587 1607 2643 conﬁdenter
1645 2589 1885 2659 loquere.

302 2678 590 2748 Loquendi
623 2685 705 2734 est
741 2686 1022 2748 potestas:
1056 2694 1126 2733 ne
1161 2687 1214 2734 te
1253 2694 1401 2733 nunc
1447 2679 1608 2734 timor
1636 2681 1884 2750 exagitet.

305 2770 431 2825 Non
459 2770 612 2824 adest
635 2768 934 2840 Philippus,
959 2771 1052 2824 sed
1077 2770 1322 2840 despota,
1345 2769 1641 2839 periculum
1667 2780 1751 2825 est
1767 2772 1888 2825 nul-

307 2859 446 2926 lum,
474 2867 530 2915 et
550 2861 592 2916 si
621 2869 675 2916 tu
707 2861 944 2927 silueris,
971 2861 1044 2933 (5)
1072 2861 1178 2917 late
1229 2869 1285 2916 et
1309 2861 1472 2932 plene
1506 2861 1762 2916 omnibus
1789 2863 1888 2918 de-

305 2951 488 3008 victis.

379 3043 497 3114 Ego
531 3043 753 3113 quidem
786 3058 979 3098 rursus
1011 3057 1252 3107 currere,
1300 3041 1559 3099 incitante
1611 3060 1882 3105 sermone.

301 3152 407 3208 per
440 3138 688 3207 ineo'ptos
717 3151 912 3191 cursus
942 3151 1135 3191 recens
1171 3149 1404 3205 propero
1436 3153 1450 3190 :
1479 3151 1589 3192 non
1620 3138 1764 3192 enim
1799 3139 1885 3192 in-

301 3227 604 3282 tervertisti
636 3241 856 3303 elusum
887 3225 1138 3289 navibus,
1169 3241 1339 3295 usque
1360 3225 1492 3280 dum
1517 3229 1756 3281 emensis
1783 3244 1885 3282 un-

301 3317 499 3374 darum
541 3319 643 3374 viis
675 3320 787 3390 (l0)
828 3319 895 3373 ad
929 3317 1104 3390 Pylas,
1141 3325 1202 3372 ut
1240 3326 1526 3382 vocantur,
1567 3305 1896 3388 pervenisti,

302 3419 494 3468 astans
535 3409 1378 3484 improvisushemerodromus.
1405 3408 1544 3466 Tum
1579 3425 1712 3466 vero
1751 3393 1908 3468 sicut.

1260 329 1359 392 DE
1405 331 1918 399 EXPEDITIONE
1961 341 2292 404 PERSICA.
2330 346 2501 406 ΑΕΒ.
2546 347 2627 408 ΙΙ.

3445 363 3577 431 ιριι

1927 462 1970 519 Α
1999 455 2106 511 250
2144 456 2254 527 Τὴν
2283 461 2556 531 κοσμικὴν
2588 464 2810 520 ἃπασαν
2837 467 3010 533 οὕτως
3029 471 3232 527 ὁλκάδα

2147 547 2320 613 Σὼζοι
2346 551 2415 604 δι’
2444 555 2603 624 ἡμῶν
2628 557 2791 626 μέχρι
2825 563 3026 625 παντὸς
3053 566 3116 617 ἐκ
3148 564 3318 636 ζάλης

2147 641 2208 695 '0
2242 647 2530 716 πανταχοῦ
2564 649 2782 703 σκέπων
2814 669 2872 704 σε
2904 653 2996 706 τοῦ
3029 654 3164 709 Θεοῦ
3193 659 3386 727 Λόγος.

2140 971 2303 1025 Κινού
2313 991 2476 1044 μενον
2499 977 2596 1046 μὲν
2622 979 2686 1030 ὲκ
2716 979 2931 1047 φλεϐῶν
2954 982 3067 1036 τῶν
3097 984 3158 1036 ὲν
3181 987 3336 1048 βάθει

2147 1063 2312 1132 Ὁμοῦ
2357 1067 2624 1136 συνῆπται
2654 1071 2746 1123 καὶ
2777 1072 2845 1125 τὰ
2876 1075 3068 1144 ῥεῖθρα
3103 1079 3373 1150 συλλέγει,

2039 1153 2104 1208 15
2158 1155 2244 1210 Ἐν
2268 1159 2392 1220 ταῖς
2415 1162 2606 1228 νομαῖς
2634 1161 2690 1214 δὲ
2717 1165 2977 1230 ποικίλως
3009 1171 3312 1241 μερίζεται,

2131 1247 2319 1311 Οὕτως
2345 1249 2561 1314 ἀνοίξεις
2587 1253 2680 1306 τοῦ
2707 1253 2969 1327 λογισμοῦ
2994 1262 3093 1326 τὰς
3133 1265 3337 1334 φλέϐας

2127 1339 2206 1409 Τῇ
2241 1338 2464 1410 ποικίλῃ
2493 1359 2586 1394 σου
2617 1344 2711 1396 καὶ
2740 1350 2876 1418 σοφῇ
2913 1350 3176 1422 διαιρέσει

2126 1427 2332 1480 Σαυτὺν
2382 1429 2626 1499 μερίζεις
2653 1435 2770 1496 ταῖς
2822 1443 3017 1506 νομαῖς
3052 1442 3158 1494 τῶν
3209 1447 3573 1516 πραγμάτων.

2127 1519 2225 1583 Τίς
2253 1520 2361 1592 γὰρ
2393 1525 2734 1592 στρατηγός;
2765 1527 3026 1594 Βασιλεὺς
3048 1533 3155 1604 πρὸ
3186 1537 3296 1590 τῶν
3325 1539 3484 1594 ὅλων.

2019 1610 2086 1662 20
2125 1610 2218 1673 Τίς
2249 1611 2525 1676 ἐκδιδάξαι
2550 1613 2872 1686 ταξιαρχίας
2904 1625 3132 1690 νόμους-ς

2140 1701 2348 1765 Πάντες
2377 1703 2516 1774 πρὸς
2545 1705 2690 1776 ὑμᾶς
2714 1709 2920 1774 εὐθέως
2950 1715 3282 1774 ἀπέϐλεπον.

2139 1793 2236 1856 Τίς
2265 1794 2373 1848 τῶν
2395 1796 2623 1852 δεόντων
2655 1801 2902 1873 ἀσφαλὴς
2929 1804 3294 1879 βουληφόροςς

2133 1884 2303 1938 Πάλιν
2334 1889 2470 1958 πρὸς
2500 1888 2644 1958 ὑμᾶς
2675 1893 2708 1961 ή
2744 1894 2885 1963 ῥοπὴ
2913 1895 3021 1948 τῶν
3045 1898 3336 1966 ὀμμάτων.

2143 1974 2232 2038 Ὡς
2263 1972 2320 2030 εὖ
2356 1980 2634 2049 κρατοῦσα
2661 1984 2758 2036 σὺν
2789 1985 2909 2055 Θεῷ
2947 1992 3251 2061 μοναρχίαι

1996 2151 2324 2205 mundialem
2359 2154 2535 2209 navim
2571 2167 2750 2211 servet
2788 2174 2886 2228 per
2911 2169 2964 2215 te
2997 2177 3215 2233 semper
3239 2181 3270 2220 a
3308 2169 3580 2235 procellis,

1994 2241 2138 2310 quod
2161 2248 2212 2297 te
2236 2244 2438 2314 ubique
2473 2253 2677 2314 tuetur,
2707 2249 2798 2306 Dei
2837 2249 3102 2308 Verbum.

1985 2595 2258 2666 scaturigo
2287 2597 2474 2663 foritis,
2513 2615 2634 2669 qum.
2661 2601 2922 2658 exsiliens
2951 2617 3018 2659 ex
3057 2606 3209 2662 venis
3241 2607 3293 2660 in
3322 2608 3430 2663 imo
3455 2611 3582 2666 abs-

1985 2685 2216 2742 conditis
2273 2689 2328 2742 in
2387 2705 2556 2743 unum
2587 2691 2863 2758 coalescit,
2911 2701 3191 2766 tumetque
3236 2714 3299 2752 ex
3331 2701 3578 2758 collectis

1993 2775 2208 2839 rivulis,
2245 2779 2354 2846 (15)
2386 2795 2448 2836 ac
2497 2781 2641 2837 varie
2678 2782 2732 2836 in
2767 2785 2946 2840 varias
2979 2798 3160 2856 partes
3187 2789 3469 2855 dividitur,
3500 2795 3580 2848 sic

1989 2875 2044 2922 tu
2086 2870 2315 2926 reclusis
2365 2881 2470 2928 tua:
2501 2876 2700 2930 mentis
2730 2877 2882 2932 venis
2930 2884 3020 2933 tua
3067 2881 3216 2935 varia
3245 2889 3300 2935 et
3346 2883 3580 2952 sapienti

1989 2959 2378 3016 distributione
2411 2971 2463 3016 te
2497 2963 2674 3034 ipsum
2712 2967 2910 3022 dividis
2937 2968 2990 3022 in
3022 2971 3200 3025 varias
3227 2983 3414 3040 partes
3445 2989 3580 3042 ope-

1990 3067 2133 3104 rum.
2169 3051 2305 3118 Quis
2332 3055 2479 3108 enim
2515 3057 2668 3110 dux?
2701 3058 2998 3128 imperator
3028 3079 3126 3130 pro
3151 3064 3428 3118 omnibus.
3464 3065 3579 3136 (20)

1991 3141 2124 3208 Quis
2155 3143 2222 3198 de
2268 3145 2514 3202 (lucendo
2544 3150 2789 3204 exercitu
2823 3153 2916 3206 det
2960 3153 3150 3224 leges?
3179 3155 3384 3211 Omnes
3421 3156 3476 3210 in
3521 3166 3578 3211 te

1994 3231 2174 3286 statim
2233 3232 2602 3290 intuebantur.
2670 3237 2805 3304 Quis
2853 3239 2907 3294 in
2955 3243 3376 3299 necessitatibus
3428 3255 3580 3300 tutus

1995 3323 2376 3378 consiliarius?
2429 3325 2641 3383 Rursus
2701 3330 2756 3382 in
2820 3339 2870 3386 te
2927 3335 3215 3388 conversio
3267 3337 3579 3390 oculorum.

1997 3411 2172 3479 Quam
2193 3415 2334 3470 bene
2360 3425 2444 3470 est
2473 3417 2761 3489 imperanti
2789 3437 2914 3476 cum
2944 3423 3054 3480 Deo
3075 3425 3403 3484 monarchite
3424 3429 3437 3481 ι
3460 3425 3578 3498 (25)

1601 3595 1837 3653 ῩΔΠΙᾸΞ
1880 3595 2284 3656 ιΕΟΤΙϋλΕΞ.

265 3746 277 3758 ·
377 3736 416 3792 4
438 3684 634 3801 πάθόίς
658 3737 782 3792 cod.
858 3733 1189 3809 ἡττωμένων
1218 3732 1307 3790 ed.
1383 3732 1439 3788 8.
1473 3733 1718 3804 ἐκκοπὴν
1745 3735 1836 3790 ed.

1847 3883 2074 3940 ΝΟΤᾸΞ.

380 4038 610 4092 Aeneas.
645 4052 708 4103 ιι,
735 4053 792 4092 v.
839 4038 891 4092 Ι.
913 4036 1030 4110 Non
1059 4037 1242 4110 aliam,
1292 4038 1506 4110 opinor,
1539 4039 1611 4094 ob
1664 4055 1884 4096 causam

304 4108 730 4164 Demosthenem
770 4109 1059 4177 compellat
1099 4109 1300 4174 Pisida,
1329 4108 1467 4164 'nisi
1519 4118 1580 4164 ut
1637 4112 1890 4169 ostendat

306 4195 429 4234 eam
453 4194 575 4235 esse
607 4177 838 4250 Hei-aelii
860 4181 1133 4250 virtutem,
1169 4178 1754 4250 integritatemque.ut
1801 4181 1885 4235 sui

305 4250 564 4304 conscius
589 4249 721 4302 nihil
752 4247 962 4304 timeret
1007 4249 1136 4318 quid
1167 4251 1234 4303 de
1261 4247 1330 4304 eo
1377 4247 1605 4318 quisque
1657 4249 1884 4305 diceret.

304 4320 464 4385 Quod
497 4334 627 4374 sane
655 4318 900 4387 Philippo
947 4318 1298 4374 Macedonum
1333 4320 1442 4386 regi
1477 4319 1636 4373 aliter
1683 4321 1885 4388 evenit,

305 4391 399 4461 qui
434 4399 571 4446 teste
596 4389 882 4461 Plutarcho
911 4389 966 4461 i_n_
1002 4389 1269 4461 Demosth:
1289 4405 1346 4458 p.
1380 4391 1503 4454 855,
1531 4388 1754 4461 ἔφριττε
1784 4389 1884 4461 τὴν

303 4458 587 4524 δεινότητα
629 4461 722 4512 καὶ
765 4459 863 4527 τὴν
910 4458 1139 4526 δύναμιν
1177 4458 1271 4511 τοῦ
1310 4461 1559 4528 ῥήτορος.
1606 4458 1882 4514 Nimirum

307 4538 459 4584 tanta
495 4531 594 4583 fuit
619 4529 999 4583 Demosthenis
1047 4528 1348 4598 πιῤῥησία,
1373 4529 1517 4598 quod
1575 4544 1644 4583 ex
1691 4530 1880 4584 eodem

1984 4057 2077 4096 eas
2097 4055 2219 4096 esse
2246 4057 2366 4110 quae
2393 4043 2447 4096 in
2477 4041 2717 4096 historiis
2775 4042 3150 4098 celeberrima:
3173 4049 3322 4109 sunt,
3376 4053 3432 4100 et
3467 4045 3574 4108 Ar-

1985 4112 2183 4183 menia:
2209 4112 2514 4183 etUCilicize
2559 4113 2641 4165 vel
2677 4111 2844 4183 Syriae
2871 4112 3008 4183 Pylae
3038 4121 3326 4183 vocantur,
3389 4123 3448 4169 ut
3507 4115 3570 4170 in

1989 4182 2258 4254 Strabone
2279 4181 2371 4235 lib.
2398 4197 2594 4254 315p.
2629 4182 2779 4254 99d;
2817 4181 3082 4254 armata.
3109 4181 3400 4254 λεγόμεναι
3421 4185 3570 4254 ὄριον

1987 4251 2230 4306 Κιλίκων
2263 4253 2438 4322 τεκαὶ
2463 4251 3086 4322 Zu’pwv.TheoPhanes,
3119 4267 3175 4322 p.
3206 4252 3314 4322 254
3351 4253 3420 4308 de
3451 4251 3572 4322 iuo-

1987 4336 2060 4393 re_
2077 4321 2428 4393 consentiens
2454 4337 2592 4393 cum
2623 4321 2803 4393 Pisida
2841 4323 2916 4376 ait
2937 4339 2952 4376 :
2971 4321 3215 4393 Ἀίπάρας
3257 4321 3316 4393 δὲ
3341 4323 3440 4393 τῆς
3471 4321 3573 4392 βα-

1993 4389 2312 4458 σιλευούσης
2381 4391 2591 4460 πόλεως
2630 4391 2852 4459 ἐξῆλθεν
2909 4392 3050 4444 κατὰ
3109 4389 3210 4454 τὰς
3267 4389 3572 4460 λεγομένας

1992 4461 2196 4522 Πύλας,
2232 4459 2754 4532 πλοῖςτὴνᾼπορείαν
2778 4460 3264 4532 τῖιιησάμενοςηᾼι
3302 4459 3576 4532 Nicepho-

1992 4547 2087 4585 rus
2113 4529 2419 4600 patriarcha
2443 4547 2472 4584 a
2497 4529 2672 4584 Pisida
2705 4539 2761 4584 et
2793 4529 3127 4600 Theophane
3158 4529 3450 4585 discedens
3464 4531 3573 4587 He-

306 4579 602 4654 ᾗίὶίἒτξιιό
620 4579 993 4668 Hiienses;
1017 4607 1074 4652 ιιι
1114 4579 1602 4653 ausaausa
1614 4579 1887 4668 "idem
1921 4579 1964 4634 Ι)
1991 4579 3337 4668 ἱᾶἐιίᾙ’6έὶ’βόὶιὶιῆῐῑιῖἑίιῖιίὶῖἱτήξῆῐῖέειξὲὲὲι
3352 4579 3443 4653 ἷὶἷ
3462 4579 3570 4654 XF-

308 4671 473 4724 vellet
502 4667 1106 4738 concitaret,Philippo
1155 4668 1261 4738 regi
1311 4668 1560 4738 timorem
1614 4667 1883 4737 injecerit,

309 4748 365 4792 et
391 4756 636 4808 magnam
660 4737 1011 4808 pecuniarum
1044 4738 1149 4790 vim
1177 4737 1426 4791 a’Persis
1477 4739 1621 4808 dono
1663 4754 1888 4807 accepe-

313 4809 401 4871 rit,
434 4807 568 4863 utin
595 4807 772 4863 causis
800 4808 1053 4862 dicundis
1073 4815 1244 4861 staret
1279 4818 1466 4862 contra
1522 4807 1843 4862 Macedonas
1868 4824 1884 4874 ;

231 4935 240 4941 _
309 4881 453 4948 quod
485 4881 701 4948 quidem
734 4878 783 4932 ei
824 4878 956 4932 vitio
995 4876 1476 4948 vertitEsebines
1523 4887 1589 4940 ut
1618 4877 1884 4933 Diodorus

305 4947 516 5010 narmt,
553 4947 690 5002 Bibl.
724 4948 816 5002 lib.
849 4964 978 5010 xv",
1005 4964 1060 5017 p.
1093 4947 1216 5000 165.

379 5021 434 5074 2.
467 5019 860 5073 Demosthenes
903 5016 1018 5072 sua
1057 5017 1270 5071 dicendi
1326 5017 1379 5071 vi
1445 5016 1566 5072 aliis
1605 5017 1880 5072 timendus

307 5106 422 5145 non
462 5106 650 5159 parum
675 5091 786 5143 suis
826 5089 988 5159 rebus
1019 5087 1218 5153 timuit,
1254 5103 1376 5159 cum
1405 5084 1684 5159 Philippus
1721 5086 1880 5141 Boeo—

309 5161 442 5236 tiam
462 5156 834 5236 occupasset:
861 5158 1061 5236 abjefto
1087 5159 1230 5212 enim
1263 5158 1445 5236 clypeo
1467 5156 1733 5228 ῥίψασπις
1761 5169 1880 5212 tur-

305 5232 455 5301 piter
473 5231 679 5296 fugitin
711 5231 849 5301 bello
877 5229 1318 5301 ad_Ch:eroneam
1341 5229 1522 5301 gesto;
1546 5243 1668 5281 cum
1698 5237 1880 5301 autem

349 5302 474 5356 aulo
503 5311 624 5372 post
655 5300 832 5355 nuntii
866 5298 1414 5372 Athenasvenissent
1447 5297 1515 5351 de
1557 5305 1729 5352 morte
1751 5297 1882 5351 Phi-

349 5317 474 5356 auto
503 5317 624 5372 ροει
655 5317 832 5355 nunttt
866 5317 1106 5355 Athenas
1135 5317 1414 5352 VBHISSBHI
1447 5317 1515 5351 ue
1557 5317 1729 5352 morte
1751 5317 1876 5351 l’lll-

306 5317 467 5443 lippi,
502 5373 617 5441 ipse
646 5372 845 5443 prodiit
884 5369 1167 5440 splendide
1191 5367 1446 5430 amictus,
1469 5375 1525 5421 et
1566 5375 1876 5423 coronatus.

306 5441 660 5508 Plutarchus,
677 5443 804 5498 ibid.

385 5514 445 5567 7ο
471 5513 630 5568 Redit
657 5515 723 5568 ad
759 5511 1156 5583 navigationem
1195 5509 1449 5577 Heraclii,
1475 5511 1542 5566 de
1575 5525 1678 5581 qua
1715 5510 1770 5564 in
1820 5510 1882 5564 ﬂ-

310 5599 386 5638 ne
401 5585 716 5654 superioris
743 5585 1062 5638 Aeroaseos.

387 5653 440 5724 8.
474 5653 713 5724 subaudi
737 5699 750 5716 ,
771 5670 799 5707 ο
822 5655 1138 5724 imperator.

388 5723 475 5780 10.
528 5723 806 5780 Ileraelius
852 5721 908 5778 in
961 5722 1202 5778 Ciliciam
1227 5731 1373 5777 recta
1421 5721 1702 5778 contendit
1735 5737 1884 5776 :non

311 5796 461 5850 enim
497 5803 578 5851 est
623 5795 1012 5865 dubitandum,
1041 5810 1176 5865 quas
1206 5804 1394 5850 noster
1433 5791 1676 5848 nominet
1695 5789 1882 5864 .Pylas,

1985 4671 2221 4724 meniam
2273 4681 2613 4738 provectum,
2671 4670 2804 4724 inita
2859 4685 2983 4724 eum
3035 4668 3226 4722 Turcis
3283 4669 3567 4732 societate,

1984 4755 2086 4809 per
2125 4739 2387 4809 Lazorum
2417 4740 2752 4808 provinciam
2805 4739 2858 4794 in
2909 4739 3186 4793 Persidem
3220 4739 3579 4799 descendisse

1983 4807 2190 4866 narrat.
2222 4807 2328 4863 Sed
2355 4825 2639 4931 perperam
2669 4811 2852 4863 omnia
2887 4810 3200 4890 permiscet,
3232 4817 3288 4862 et
3337 4810 3571 4887 primam

1985 4895 2110 4931 cum
2151 4880 2386 4931 secunda
2435 4879 2668 4931 leraclii
2729 4880 3078 4931 exnedttione
3129 4877 3436 4931 confundit.
3494 4879 3571 4931 Ac

1985 4895 2110 4934 cum
2151 4877 2386 4934 secunda
2435 4877 2668 4948 lleraclii
2729 4877 3078 4948 expeditione
3129 4877 3436 4948 confundit.
3494 4879 3576 4934 Ac

1983 4951 2186 5020 optime
2212 4949 2431 5018 quidem
2458 4947 2710 5020 Petavius
2733 4947 3045 5020 observavit
3087 4948 3140 5002 in
3175 4947 3328 5020 Notis
3357 4949 3430 5003 ad
3469 4949 3576 5003 Ni-

1985 5018 2286 5090 cephorum,
2323 5035 2385 5074 ea
2417 5037 2538 5089 quae
2567 5022 2634 5074 ab
2662 5019 2939 5074 historicis
2989 5018 3299 5089 Byzantinis
3340 5035 3571 5090 narran-

1986 5098 2090 5152 tur,
2126 5089 2262 5143 adeo
2285 5105 2403 5144 esse
2433 5092 2743 5158 perturbata
2775 5099 2829 5142 et
2856 5098 2964 5142 tam
3002 5097 3332 5160 praepostere
3363 5089 3582 5145 descri-

1983 5168 2096 5229 pta.
2131 5168 2192 5213 ut
2245 5159 2618 5214 narrationum
2667 5170 2722 5214 et
2754 5159 3018 5213 annorum
3069 5159 3266 5212 seriem
3318 5169 3574 5215 accurate

1985 5231 2270 5284 deductam
2320 5229 2518 5284 frustra
2572 5232 2639 5284 ab
2687 5231 2789 5282 illis
2847 5238 3167 5298 exspectes;
3201 5245 3309 5299 quo
3351 5231 3582 5299 quidem

1985 5299 2118 5353 vitio
2148 5299 2381 5353 maxime
2414 5300 2622 5355 laborat
2651 5300 2985 5353 Breviarium
3023 5298 3338 5368 Nicepltori.

2062 5369 2148 5423 ll.
2199 5370 2370 5423 Tanta
2419 5371 2698 5424 celeritate
2743 5371 2961 5438 longum
2997 5370 3101 5423 iter
3130 5367 3366 5423 confecit
3395 5367 3574 5438 Hera-

1986 5439 2123 5495 clius
2165 5447 2226 5494 ut
2259 5440 2706 5495 hemerodromus
2737 5455 2766 5493 a
2809 5437 2982 5494 Pisida
3009 5439 3320 5509 appelletur
3347 5454 3359 5488 :
3392 5437 3573 5509 lmine-

1985 5511 2218 5564 rodromi
2283 5509 2428 5563 enim
2475 5511 2627 5580 apud
2679 5509 2895 5564 Graecos
2929 5507 3202 5580 dicti,lqui
3237 5516 3401 5580 totum
3433 5507 3578 5560 diem

1984 5581 2294 5650 cursita'mes
2321 5595 2426 5631 non
2465 5576 2854 5650 fatigarentur;
2889 5581 2972 5633 vel
2999 5589 3058 5634 ut
3089 5576 3294 5650 Livius,
3329 5576 3424 5630 lib.
3448 5591 3565 5650 ιιιι.

1981 5651 2071 5712 21,
2133 5649 2386 5709 afﬁrmat,
2438 5645 2857 5704 Imuzérodromos
2917 5659 3101 5703 vocant
3133 5649 3312 5716 ingens
3341 5661 3444 5698 uno
3482 5645 3580 5699 die

1981 5721 2213 5786 spatium
2237 5719 2530 5790 emetientes
2587 5721 2658 5774 De
2683 5720 2878 5790 triplici
2911 5719 3448 5775 ltcmerodromorum
3475 5729 3581 5786 εει--

1985 5807 2113 5847 ncrc
2144 5789 2376 5860 Lipsius,
2413 5798 2545 5845 tum.
2579 5791 2641 5856 ll,
2675 5807 2729 5861 p.
2759 5789 2889 5846 300.
