4044 6486
476 365 618 435 1215
1769 357 2073 419 GEORGII

2171 359 2417 420 ’ISIDE
3607 351 3768 418 1216

507 483 582 540 25
620 481 696 537 Οὐ
730 480 838 552 γὰρ
870 479 1302 552 πολυπρόσωπος
1327 473 1395 550 ἦν
1429 476 1686 548 ἀναρχία,
2081 481 2131 535 Δ
2309 475 2397 540 Ὠς
2433 473 2778 548 παιδαγωγὸς
2801 473 2908 528 τῶν
2945 472 3184 528 ἐνόπλων
3205 471 3575 546 γραμμάτων.

631 571 798 627 Ἀλλά
829 571 1110 644 κρατοῦσα
1144 571 1241 624 σὺν
1276 569 1396 640 Θεῷ
1428 569 1720 640 μοναρχία,
2294 567 2366 622 Ὦ
2399 567 2524 633 νοῦς
2551 566 2781 641 διαρκὴς
2821 565 3077 622 Ὀκεανδν
3105 568 3466 636 μιμούμενος,

619 665 694 717 Ἦ
721 666 900 718 πάντα
933 663 1129 718 θάλπει
1150 662 1246 716 καὶ
1279 659 1546 715 διευθύνει
1573 659 1720 730 λόγῳ
2193 662 2261 718 50
2299 661 2532 716 κυκλῶν
2559 675 2620 715 τε
2651 661 2750 732 τὴν
2777 661 2882 730 γῆν
2916 659 3010 714 καὶ
3036 657 3098 712 τὺ
3129 658 3238 712 πᾶν
3266 655 3636 729 περιτρέχων,

618 755 731 808 Καὶ
758 755 858 818 τὰς
887 754 1159 818 ἀτάκτους
1197 753 1470 824 ἐκτροπὰς
1510 751 1809 824 ἀνατρέπει
1827 766 1842 781 ⁸
2297 755 2410 808 Καὶ
2437 752 2648 816 πάντας
2671 752 2871 824 ἄρδων,
2902 751 2997 806 καὶ
3035 749 3212 822 μένων
3239 747 3628 818 πεπλησμένος
3655 748 3672 799 l

620 844 778 901 Οὕτω
807 846 917 917 γὰρ
951 845 1104 900 οὐδὲν
1136 845 1212 910 ὡς
1237 844 1460 910 ἀταξίας
1491 845 1647 910 νόσος
2302 845 2475 908 Ὅσας
2515 843 2614 915 μέν
2637 839 2732 896 οὖν
2755 840 3022 914 μετῆλθες
3047 843 3106 894 ἐν
3135 840 3335 912 βραχεῖ
3361 835 3542 910 χρόνῳ

517 937 586 994 50
629 938 910 1004 ’Ἑρπουσα
933 937 1120 991 δάκνει
1143 937 1234 991 καὶ¹
1263 937 1477 1008 δαπανᾷ
1504 935 1603 1008 τὴν
1629 936 1813 1006 φύσιν,
2304 935 2504 1000 Ἀλλας
2531 934 2617 989 ἐπ’
2647 933 2834 998 ἄλλαις
2864 931 3162 1004 φροντίδων
3192 930 3510 1002 τρικυμίας,

621 1029 732 1083 Καὶ
750 1027 860 1082 τῶν
890 1031 949 1082 ἐν
981 1029 1118 1100 αὐτῇ
1153 1028 1386 1100 καιρίων
1413 1029 1776 1084 καθάπτεται.
2302 1028 2588 1101 Πράττων,
2615 1025 2918 1098 μεριμνῶν,
2940 1023 3304 1096 εύτρεπίζων,
3335 1016 3714 1094 προγράφων,

708 1118 848 1173 Ἀλλ’
869 1121 918 1172 εί
947 1119 1157 1191 θελήσω
1187 1119 1294 1174 τῶν
1317 1119 1490 1188 λόγων
1515 1119 1585 1174 τά
1615 1118 1838 1174 ποικίλα
2197 1122 2266 1178 55
2305 1123 2496 1184 Ὅπως
2516 1114 2577 1172 τὺ
2605 1117 2811 1190 πλῆθος
2835 1117 2928 1170 τοῦ
2955 1115 3188 1188 στρατοῦ
3229 1114 3579 1187 συναρμόσῃς

625 1212 736 1265 Καὶ
773 1211 871 1276 τὰς
905 1209 1166 1283 διαφορὰς
1199 1212 1432 1282 ἱστορεῖν
1453 1210 1561 1264 τῶν
1595 1209 1914 1282 φροντίδων.
2304 1214 2399 1276 Εἰς
2432 1211 2604 1266 πολλὰ
2631 1211 2732 1282 τῆς
2761 1210 2867 1282 γῆς
2885 1207 3284 1280 διεσπαρμένον
3317 1206 3459 1278 μέρη

625 1305 796 1367 Ὅσας
829 1303 1125 1376 προθύμως
1154 1303 1269 1357 ἀνθ’
1303 1303 1440 1357 ὅλων
1469 1303 1754 1372 ὑφίστασο,
2307 1301 2462 1371 (Δέος
2491 1303 2602 1372 γὰρ
2629 1296 2698 1373 ἦν
2725 1301 2786 1354 ού
2823 1299 3048 1370 φαῦλον,
3076 1298 3219 1352 ὥστε
3252 1298 3328 1370 μὴ
3357 1296 3569 1367 φθάσας

521 1397 590 1451 55
626 1397 820 1466 Διττῆς
848 1396 1108 1467 ἁμαρτῶν
1132 1395 1346 1458 ἐλπίδος
1375 1395 1704 1468 κριθήσομαι
2307 1394 2388 1448 Τὰ
2417 1393 2755 1464 διαιρεθέντα
2779 1391 2875 1446 τοῦ
2905 1388 3138 1462 στρατοῦ
3169 1407 3262 1444 σου
3283 1389 3538 1460 τάγματα

640 1487 728 1550 Ὡς
759 1487 896 1559 μηδὲ
929 1487 1103 1540 ταῦτα
1133 1486 1212 1557 τῷ
1239 1486 1382 1557 λόγῳ
1412 1487 1770 1559 περιγράφων
2312 1486 2484 1562 Σχίσῃ
2507 1483 2798 1552 παρελθὼν
2819 1485 2878 1537 ἐν
2905 1481 3093 1553 μέσοις
3113 1481 3142 1534 ό
3179 1479 3498 1552 βάρϐαρος),

627 1579 779 1650 Μηδέ
814 1579 1121 1650 προϐαίνων
1150 1581 1244 1632 καὶ
1271 1577 1444 1648 λέγων
1465 1579 1532 1632 τὰ
1559 1579 1770 1651 καίρια.
2203 1583 2272 1640 60
2309 1581 2416 1636 Καὶ
2439 1579 2557 1642 πῶς
2587 1577 2656 1632 τὰ
2684 1573 2868 1628 πυκνὰ
2898 1567 3163 1636 πολλάκις
3197 1569 3542 1642 βουλεύματα

701 1673 773 1726 Σὺ
800 1671 900 1734 τὰς
929 1671 1080 1736 ὁδοὺς
1106 1673 1207 1742 μὲν
1241 1672 1484 1743 εἰργάσω
1521 1673 1875 1744 στρατηγίας,
2310 1673 2402 1746 Μὴ
2430 1668 2807 1742 συνδραμόντα
2834 1665 2928 1720 τοῦ
2962 1663 3168 1718 σκοποῦ
3198 1664 3318 1730 ταῖς
3347 1661 3530 1716 ἐλπίσι

627 1761 862 1834 Τρίϐους
887 1762 942 1815 δὲ
968 1764 1068 1828 τὰς
1100 1765 1198 1828 σὰς
1226 1763 1489 1836 τακτικὴν
1517 1765 1821 1836 εὐτεκνίαν.
2102 1827 2140 1838 _
2203 1777 2216 1782 '
2310 1765 2564 1838 Γνώμαις
2595 1759 2962 1831 ὑπεστήριζες
2987 1755 3436 1829 ἀκριϐεστέραις.

524 1853 592 1908 40
632 1827 723 1906 Σοὶ
759 1853 852 1906 καὶ
881 1853 1150 1926 τράπεζα,
1183 1827 1276 1908 καὶ
1310 1827 1551 1925 πόματα,
1586 1827 1680 1910 καί
1711 1857 1888 1928 τροφὴ
2100 1827 2143 1883 Β
2325 1827 2498 1913 Ἑκιξυν
2526 1827 2922 1928 παρήσωίίίαὶ
2942 1827 3266 1920 γὰραύτὸς,
3298 1846 3552 1912 δέσποτα,

632 1944 820 2012 Τόξοις
847 1946 1264 2018 παρεσκεύαστο
1292 1947 1387 2001 καὶ
1411 1950 1532 2012 ταῖς
1555 1947 1772 2006 ἀσπίσι.
2315 1949 2569 2006 Τοσαῦτα
2597 1947 2852 2019 πράττων
2883 1942 3169 1997 λανθάνειν
3203 1938 3502 2011 ἐτεχνάσω,

636 2036 801 2100 Ψιλὺς
829 2037 884 2090 δὲ
908 2038 1002 2090 σοῦ
1033 2041 1142 2102 πᾶς
1175 2040 1475 2110 πρακτικός
1501 2056 1584 2103 τις
1606 2035 1675 2110 ἦν
1691 2039 1870 2110 λόγος,
2210 2046 2280 2104 65
2318 2046 2508 2109 Ὅπως
2538 2042 2600 2097 τὺ
2630 2032 2811 2094 κοινὸν
2843 2037 2918 2110 μὴ
2947 2035 3196 2108 μετάσχῃ
3218 2032 3312 2088 τοῦ
3351 2031 3542 2086 πόνου,

647 2128 880 2198 Ῥυθμός
902 2147 960 2182 τε
985 2129 1169 2201 πάσης
1201 2131 1295 2184 καὶ
1325 2129 1506 2184 κανὼν
1533 2131 1836 2196 εὐϐουλίας.
2323 2139 2512 2209 Ὅμως
2541 2131 2822 2206 συνῆλθον,
2853 2129 3046 2200 ὥσπερ
3075 2127 3134 2194 ἐξ
3156 2127 3318 2198 δρους
3348 2124 3495 2189 τινὸς

638 2219 875 2291 Στρατδν
901 2220 1007 2291 γὰρ
1030 2220 1207 2292 εὑρὼν
1235 2221 1296 2274 τὸ
1333 2223 1462 2293 πρὶν
1493 2223 1556 2276 ἐκ
1587 2221 1864 2296 ῥᾳθυμίας
2323 2227 2533 2292 Πολλὰς
2563 2227 2782 2296 ἔχοντος
2803 2221 2998 2292 ἐξοχάς
3029 2237 3091 2273 τε
3129 2220 3225 2272 καὶ
3255 2217 3440 2281 θέσεις

533 2309 604 2365 45
660 2308 912 2376 Ἀταξίας
945 2312 1218 2382 γέμοντας
1241 2313 1617 2386 ἠμελημένης,
2321 2320 2554 2392 Κρουνοὶ
2583 2317 2799 2388 ῥέοντες
2825 2312 2905 2384 τῷ
2925 2309 3236 2382 πολυσχιδεῖ
3261 2309 3415 2381 πόρῳ

641 2402 846 2458 Θᾶττον
879 2405 1162 2476 κατορθοῖς
1196 2407 1290 2459 καὶ
1320 2405 1501 2476 λόγοις
1534 2409 1628 2462 καὶ
1671 2411 1936 2482 σχήμασι,
2322 2415 2416 2478 Εἰς
2441 2410 2608 2466 ταύτδ
2634 2409 3018 2478 συντρέχουσιν
3047 2406 3110 2459 ἐκ
3143 2404 3254 2458 τῶν
3283 2402 3630 2474 σχισμάτων.

641 2495 858 2560 Τυπῶν,
889 2496 1134 2568 διαιρῶν,
1166 2498 1448 2564 δεικνύων,
1485 2500 1838 2573 ὑπογράφων,
2221 2508 2288 2565 70
2337 2507 2496 2578 Ἐμοὶ
2521 2504 2578 2558 δὲ
2609 2498 2796 2574 θαῦμα
2824 2499 3152 2572 προσφόρως
3185 2497 3481 2569 ἐπήρχετο,

499 2666 620 2723 Non
656 2669 801 2723 enim
837 2668 1189 2725 multiformis
1215 2680 1334 2726 erat
1371 2673 1651 2739 anarchia,
1681 2675 1775 2731 sed
1809 2677 2087 2750 imperans
2185 2682 2411 2738 armatis
2433 2680 2648 2737 litteris.
2687 2677 2732 2734 Ο
2764 2693 2919 2734 mens
2939 2671 3414 2746 praestantissima,
3445 2687 3572 2742 quae
3607 2680 3666 2726 et
3690 2670 3770 2726 in-

501 2775 624 2814 cum
662 2759 770 2814 Deo
811 2763 1158 2830 monarcbia;
1211 2778 1333 2833 quae
1384 2766 1566 2821 omnia
1623 2765 1773 2823 fovet
1813 2779 1870 2825 et
1906 2771 2088 2844 dirigit
2187 2786 2302 2831 star
2330 2773 2556 2837 Oceani,
2597 2771 2710 2844 (50)
2743 2769 3074 2826 circumiens
3107 2775 3310 2822 terram
3345 2774 3402 2820 et
3429 2779 3771 2835 quaquaver-

501 2851 692 2916 verbo,
741 2861 798 2906 et
847 2852 1184 2910 inordinatas
1229 2855 1580 2913 confusiones
1621 2860 1896 2917 amolitur.
1936 2862 2084 2918 Nihil
2190 2882 2284 2922 sus
2309 2880 2620 2936 permeans,
2649 2860 2894 2918 omnium
2929 2865 3144 2914 mentes
3177 2856 3412 2927 irrigans
3441 2863 3498 2910 et
3525 2863 3774 2926 perstans

503 2940 650 2993 enim
680 2949 764 2995 est
805 2950 912 2996 tam
949 2943 1173 2999 noxium
1219 2959 1380 3014 quam
1428 2947 1675 3004 defectus
1713 2951 1945 3016 ordinis,
1975 2953 2086 3024 (50)
2116 2961 2157 3020 c
2193 2958 2372 3031 plena,
2427 2966 2688 3028 quotnam
2733 2951 2996 3023 excepisti
3045 2949 3199 3005 brevi
3249 2946 3426 3018 spatio
3489 2945 3770 3016 temporis,

503 3031 750 3096 morbus.
795 3032 886 3104 (illi
923 3048 1152 3104 Serpens
1193 3037 1425 3102 mordet.
1460 3047 1516 3094 et
1545 3039 1782 3097 absumit
1815 3051 2090 3108 naturam.
2193 3064 2360 3105 unum
2395 3055 2520 3119 post
2547 3045 2735 3112 alium,
2764 3056 3020 3100 curarum
3051 3039 3358 3112 geminatos
3381 3037 3600 3103 ﬂuctus,
3638 3052 3770 3108 ope-

505 3131 560 3176 et
594 3124 846 3179 meliores
881 3129 1324 3197 opportunitates
1345 3129 1566 3202 abripit.
2191 3157 2340 3204 rans,
2361 3139 2623 3210 cogitans,
2661 3151 2950 3207 apparans,
2996 3131 3382 3204 praescribens,
3423 3129 3536 3203 (55)
3579 3137 3644 3184 ut
3672 3145 3776 3184 nu-

577 3213 647 3268 At
680 3214 724 3268 si
770 3215 992 3270 voluero
1037 3219 1392 3274 consiliorum
1423 3221 1602 3278 varias
1633 3222 1876 3280 rationes
1909 3233 1966 3280 et
1997 3241 2094 3282 va-
2192 3244 2469 3300 ungi-osum
2511 3228 2816 3284 exercitum
2853 3225 3136 3296 colligeres
3173 3223 3229 3277 in
3262 3223 3441 3300 varias
3472 3229 3632 3275 terra:
3672 3220 3776 3274 dis-

505 3304 616 3358 rias
641 3303 954 3362 describere
980 3309 1401 3377 sollicitudines,
1435 3321 1666 3382 quantas
1701 3314 1959 3371 alacriter
1994 3331 2096 3386 pro
2193 3293 2523 3379 se‘minatum
2566 3328 2782 3392 partes;
2835 3305 2962 3372 nam
2985 3293 3164 3371 “valde
3199 3323 3318 3370 erat
3362 3293 3662 3368 timendum
3707 3326 3773 3366 ne

507 3395 780 3464 republica
831 3398 1014 3464 obisli,
1069 3400 1180 3472 (55)
1229 3403 1375 3471 quod
1413 3403 1618 3474 duplici
1653 3406 1944 3462 exciderim
1975 3421 2092 3478 spe,
2183 3417 2464 3484 praerepta
2505 3407 2792 3465 occasione
2823 3405 2901 3462 tui
2943 3403 3218 3460 exercitus
3251 3403 3458 3460 divisas
3485 3401 3662 3472 copias
3690 3399 3772 3453 in-

507 3487 848 3554 criminarer,
877 3499 936 3545 ut
967 3492 1058 3561 qui
1091 3508 1272 3563 neque
1312 3494 1430 3550 hac
1470 3496 1588 3567 ipsa
1633 3513 1887 3554 sermone
1918 3499 2094 3570 expli-
2196 3501 2526 3571 terciperent
2562 3497 2771 3553 medias
2799 3493 3205 3566 super-aggressi
3234 3492 3474 3548 barbari.
3498 3489 3600 3562 (60)
3622 3487 3768 3554 Quo—

509 3594 652 3646 cem,
678 3595 782 3634 nec
803 3597 865 3636 ea
887 3597 1010 3650 qua:
1038 3595 1167 3639 sunt
1191 3584 1419 3640 dicenda
1446 3589 1798 3658 progrediens
1833 3589 2094 3645 referam.
2195 3591 2362 3647 modo
2405 3599 2591 3645 autem
2626 3589 2780 3652 bene
2809 3585 3028 3657 provisa
3062 3598 3205 3654 saepe
3245 3583 3473 3638 consilia
3509 3595 3613 3635 non
3635 3593 3762 3634 con-

511 3670 592 3726 Tu
608 3671 826 3741 quidem
846 3673 1066 3744 signasti
1087 3677 1448 3746 expeditionis
1476 3679 1609 3746 vias,
1645 3681 1747 3736 iter
1777 3697 1907 3738 vero
1941 3691 2095 3738 tuum
2195 3681 2472 3738 currentia
2501 3695 2624 3734 cum
2649 3684 3029 3749 praeconcepta
3051 3689 3146 3745 spe
3177 3673 3469 3749 sententiis
3493 3668 3766 3726 conﬁrma.

511 3777 574 3815 ex
599 3764 798 3831 optima
829 3763 1047 3820 militari
1071 3766 1386 3838 disciplina;
1409 3769 1518 3841 (40)
1546 3771 1640 3826 tibi
1689 3780 1743 3826 et
1796 3789 1984 3828 mensa
2039 3779 2096 3828 et
2200 3771 2344 3828 veris
2361 3769 2698 3834 melioribus,
2717 3766 2894 3821 libens
2914 3765 3324 3836 praetermittam
3351 3783 3364 3818 :
3393 3773 3450 3818 tu
3473 3763 3619 3818 enim
3641 3762 3774 3830 ipse,

515 3853 707 3922 pocula
743 3864 796 3910 et
826 3855 980 3912 cibus
1018 3857 1160 3913 inter
1203 3860 1308 3915 tela
1360 3861 1778 3919 instruebantur
1812 3872 1868 3920 et
1915 3873 2090 3920 scuta.
2202 3862 2452 3932 despota,
2483 3859 2578 3930 qui
2613 3848 2729 3914 llaec
2758 3858 3006 3930 gerebas,
3031 3856 3210 3912 celare
3243 3855 3495 3911 studuisti
3523 3869 3591 3909 ex
3621 3852 3782 3908 indu-

511 3941 703 3999 Omnis
749 3954 874 4001 tuus
912 3963 1090 4004 sermo
1139 3951 1391 4021 simplex,
1438 3963 1496 4008 at
1529 3955 1694 4010 rebus
1728 3959 2090 4023 conveniens,
2203 3953 2354 4010 stria.
2387 3952 2499 4024 (65)
2523 3950 2602 4006 Ne
2641 3950 2816 4022 igitur
2855 3947 3164 4020 respublica
3196 3946 3584 4004 detrimentum
3628 3952 3784 4016 pate-

511 4048 704 4088 norma
731 4045 920 4092 eratet
943 4041 1080 4094 ratio
1099 4041 1478 4114 cujuscunque
1507 4044 1636 4100 boni
1658 4047 2095 4104 consiliizexer~
2203 4053 2375 4110 retur,
2428 4043 2592 4098 simul
2633 4057 2826 4096 omnes
2877 4054 3218 4102 convenere,
3269 4038 3439 4094 veluti
3493 4053 3561 4092 ex
3601 4037 3786 4106 aliquo

511 4124 676 4179 citum
726 4127 872 4198 enim
920 4145 1042 4184 cum
1086 4131 1391 4188 invenisses
1427 4150 1490 4188 ex
1527 4135 1734 4190 desidia
1780 4136 1893 4207 (45)
1939 4137 2089 4191 omni
2198 4145 2402 4202 monte,
2421 4135 2512 4205 qui
2535 4134 2736 4189 multos
2769 4133 2935 4188 habet
2959 4132 3124 4187 colles
3146 4139 3201 4185 et
3219 4130 3405 4197 valles,
3428 4129 3529 4184 rivi
3553 4128 3786 4184 ﬂuentes

511 4227 789 4272 carentem
817 4221 1006 4276 ordine
1047 4229 1104 4276 et
1132 4224 1348 4292 plenum
1382 4227 1730 4297 negligentia,
1764 4229 1944 4297 ipsum
1974 4237 2088 4282 sta»
2123 4274 2166 4328 Β
2195 4244 2292 4298 per
2308 4227 2602 4282 multiﬁdos
2626 4225 2870 4282 tramites
2889 4225 2942 4278 in
2959 4239 3130 4278 unum
3149 4223 3464 4278 coalescunt
3483 4237 3548 4278 ex
3570 4220 3788 4289 disiun-

515 4307 610 4360 tim
644 4308 868 4365 instruis
896 4311 1054 4367 dictis
1075 4323 1130 4368 et
1163 4315 1364 4387 ﬁguris,
1396 4318 1656 4384 formans,
1697 4319 1964 4388 dividens,
1990 4321 2088 4376 de-
2123 4307 2165 4328 υ
2195 4320 2296 4376 ctis
2314 4319 2542 4376 semitis.
2575 4318 2684 4391 (70)
2709 4316 2795 4373 Me
2813 4313 2998 4372 autem
3029 4316 3176 4386 justa
3207 4313 3436 4370 incessit
3462 4312 3748 4368 admiratio
3771 4349 3788 4374 ,

513 4414 846 4471 monstrans,
869 4408 1039 4483 oculis
1067 4410 1382 4480 subjiciens,
1417 4412 1565 4466 velut
1589 4413 1913 4486 paedagogus
1933 4423 2095 4470 utens
2201 4410 2424 4482 quinam
2468 4417 2550 4465 tot
2582 4417 2971 4479 tantarumque
3014 4407 3406 4479 cogitationum
3440 4403 3651 4474 copiam
3691 4415 3788 4458 tuo

1826 4575 2062 4634 ΥΛῐὶΙίΕ
2101 4569 2508 4632 LECTIONES.

542 4683 547 4688 I
586 4701 654 4756 55
678 4702 770 4767 τὰς
797 4704 920 4759 add.
950 4705 1008 4758 P.
1081 4707 1150 4762 45
1179 4709 1415 4780 γέμοντα
1443 4711 1530 4767 ed.
1607 4711 1677 4765 53
1711 4712 2029 4781 τρικυμίαις
2055 4712 2144 4767 ed.

2037 4873 2268 4932 ΝΟΤᾸΞ.

589 5007 680 5086 22f:
716 5005 920 5086 Alludit
957 5011 1024 5065 ad
1064 5011 1487 5086 illud_llomeri,
1522 5014 1686 5086 Iliad.
1719 5032 1782 5086 u_,
1813 5016 1950 5071 204:
1985 5016 2099 5086 Ούκ
2199 5011 2640 5086 παραγγέλματα
2678 5007 2982 5086 ἡγεμονικὰ
3025 5008 3108 5063 δεῖ
3154 5006 3396 5078 σύντομα
3447 5001 3618 5073 εἶναι,
3672 5003 3790 5061 εἶτα

520 5076 723 5157 ante»;
749 5079 1150 5157 πολυκοιρανίη,
1176 5077 1256 5157 εἷς
1276 5076 1521 5154 κοίρανος
1543 5085 1702 5157 ἔστω,
1722 5083 1802 5149 εἷς
1827 5085 2096 5157 βασιλεὺς.
2202 5076 2296 5157 μὴξ
2532 5076 2910 5157 ’ἀμφ’ϐολίαν.

520 5149 695 5224 Quam
732 5147 1056 5224 sententiam
1085 5147 1310 5208 laudant
1347 5147 1536 5210 onmes
1566 5156 1633 5210 de
1663 5147 1837 5210 rebus
1861 5147 2099 5224 politicis
2202 5147 2215 5154 ⁷
2265 5147 2778 5224 ἰάζ⁷λ1ἱιίιὶε⁸⁷ρὶἰυῐῐι
2804 5150 3192 5224 aliorumessc
3218 5147 3500 5224 negotium
3543 5147 3792 5224 innume-

523 5220 834 5292 scriptores.
871 5223 1086 5292 quibus
1113 5239 1434 5292 persuasum
1473 5233 1556 5280 est
1586 5217 1954 5280 monarchiam
1993 5240 2100 5281 cae-
2200 5224 2274 5280 ris
2328 5221 2654 5292 testimoniis
2687 5220 3031 5292 conﬁrmant
3053 5217 3314 5292 historiae;
3367 5217 3786 5292 Unum-produ-

525 5287 656 5362 teris
685 5287 1046 5362 regendorum
1085 5287 1409 5362 p'opulorum
1441 5295 1614 5350 modis
1646 5297 1990 5351 anteeellere.
2200 5309 2322 5348 eam
2367 5309 2432 5348 ex
2481 5291 2699 5352 Tacito,
2751 5290 2843 5361 qui
2883 5289 3328 5362 de_Pannon_ieis
3374 5288 3680 5362 legionibus
3721 5287 3790 5362 ila

593 5360 682 5434 28.
717 5357 1102 5434 Sir-pedamna'
1125 5357 1306 5434 intulit
1331 5365 1544 5430 ἀταξία,
1575 5381 1696 5434 quze
1721 5378 1804 5420 est
1829 5383 2004 5420 rerum
2035 5365 2102 5419 ab
2203 5363 2434 5418 scribit:
2473 5357 2873 5434 Intermisernnt
2902 5359 3060 5414 solita
3092 5359 3298 5434 munia,
3329 5367 3377 5412 et
3416 5359 3677 5434 principio
3713 5357 3792 5411 la-

494 5431 708 5505 ιρτάίηε
757 5427 996 5498 deﬁnio.
1039 5429 1328 5505 Maximum
1377 5427 1620 5504 corporis
1669 5436 1878 5505 politici
1914 5435 2105 5489 vitium
2205 5435 2388 5488 scivire
2419 5431 2585 5505 utiles,
2618 5431 2938 5505 discordare,
2971 5430 3194 5505 pessimo
3215 5427 3664 5505 cuiquepra’lgere
3689 5444 3789 5505 att-7

527 5499 732 5576 idcirco
774 5511 1060 5576 exaggerat
1085 5502 1284 5567 Pisida,
1315 5505 1441 5574 quia
1475 5498 1685 5576 iamdiu
1713 5521 1778 5560 eo
1807 5505 2105 5576 inorbola-
2205 5521 2324 5569 res;
2375 5498 2596 5573 denique
2650 5503 2832 5576 laxum
2862 5509 2912 5554 et
2945 5501 3110 5556 otium
3139 5498 3351 5570 cupere,
3377 5498 3714 5568 disciplinam
3743 5503 3787 5550 et

529 5572 1110 5644 borabarimperium,
1152 5587 1276 5644 cum
1315 5572 1381 5628 eo
1429 5572 1634 5644 potitus
1683 5585 1768 5630 est
1802 5575 2103 5639 Heraclius,
2206 5591 2360 5628 arma
2399 5572 2697 5644 aspernari.
2956 5639 2968 5644 _
3016 5639 3053 5644 __
3123 5639 3134 5644 _
3177 5636 3212 5644 __
3359 5609 3364 5616 ι

529 5641 732 5716 quires
775 5641 826 5694 in
868 5635 1798 5716 summaicalamitate-constitutas,
1842 5635 2108 5716 quantum
2277 5645 2370 5700 47.
2402 5635 2640 5716 lleraglii
2670 5639 2972 5716 in_militari
3001 5636 3569 5716 disciplinaperitiam
3596 5635 3786 5716 confir—

531 5707 1036 5782 potuitkrestituit.
1785 5707 1807 5733 ”
1861 5707 1873 5716 ’
2209 5723 2321 5768 mat
2351 5713 2514 5768 etiam
2543 5711 2925 5782 TheOpbanes,
2955 5726 3010 5779 ρ.
3041 5707 3184 5782 Ξεῶίε
3217 5707 3442 5782 τούτους
3462 5709 3536 5782 *δὲ
3583 5707 3761 5778 γυμνά.

603 5779 672 5832 42
732 5780 920 5834 Claud.
956 5783 1201 5838 Af‘lianus
1237 5783 1289 5837 in
1339 5784 1558 5838 Tacticis
1603 5801 1650 5843 c.
1686 5786 1772 5853 51,
1811 5791 1998 5841 monet
2027 5785 2109 5838 ὅτι
2215 5783 2332 5849 ζειν
2363 5783 2569 5854 ἤρξατο
2601 5777 2786 5837 atati—rat
2811 5777 3083 5852 πολεμικὰ
3115 5779 3251 5851 ἔργα
3283 5777 3688 5843 ἐξεπαίδει-σιν.
