4044 6480
475 419 610 488 124⁷1

635 627 1054 698 ’Δπροσδοκήτῳ
1084 629 1484 702 προσραγὲντες
1521 629 1774 682 συντάσει

624 724 701 776 Τὰ
729 725 872 778 νῶτα
901 729 1011 790 τοῖς
1041 730 1154 790 σοῖς
1183 727 1418 788 οἰκέταις
1445 724 1810 792 ἀπέστρεφον.

691 811 762 866 Ὦ
791 815 916 882 νοῦς
945 817 1174 888 διαρκὴς
1205 817 1299 870 καὶ
1329 815 1622 884 τομωτάτη
1657 811 1818 880 φύσις

622 905 730 956 Καὶ
757 904 867 976 πῦρ
894 905 1172 976 λογισμῶν
1201 907 1260 959 ὲν
1289 905 1440 976 βάθει
1462 902 1778 973 διατρέχονι

623 995 812 1063 Ὅμως
843 995 904 1048 τὸ
933 995 1042 1066 πῦρ
1073 996 1172 1065 μὲν
1207 997 1301 1048 καὶ
1333 995 1578 1064 μελαίνει
1610 993 1708 1046 καὶ
1739 990 1954 1060 φλέγει·

635 1084 694 1136 '0
723 1084 814 1148 σὸς
837 1085 894 1138 δὲ
927 1085 1071 1148 νοῦς.
1103 1085 1316 1156 ἄριστε,
1343 1084 1622 1138 λευκαίνει
1649 1081 1713 1135 τὸ
1744 1083 1854 1136 πᾶν
1873 1121 1889 1148 ,

627 1175 835 1228 Θάλπει
865 1177 922 1230 δὲ
951 1179 1159 1239 πάντας
1185 1179 1281 1232 καὶ
1306 1177 1552 1250 πυρώσει
1589 1177 1666 1248 μὴ
1692 1176 1931 1246 φλέγων.

707 1268 766 1319 '0
794 1267 1076 1338 Βάρϐαρος
1102 1269 1159 1322 δὲ
1185 1269 1278 1322 τὸν
1308 1269 1696 1340 κεκρυμμένον
1717 1267 1868 1321 δόλον

627 1355 816 1428 Εύρὼν
839 1359 1018 1429 ἐαυτῷ
1047 1359 1241 1430 βόθρον
1270 1361 1334 1413 ὲκ
1364 1359 1700 1423 τούναντίου,

632 1446 828 1510 ’Ὅλους
857 1449 1140 1520 προπηδᾷν
1171 1453 1284 1514 τοῖς
1305 1453 1572 1522 τραπεῖσι
1605 1449 1930 1520 συμμάχους

642 1537 736 1590 Ἰεῖκ
764 1537 870 1590 τῶν
903 1540 1100 1593 ἑαυτοῦ
1129 1542 1430 1610 ταγμάτων
1461 1541 1785 1614 ἐπέτρεπεν,

641 1625 792 1677 Ἐπεὶ
819 1625 874 1678 δὲ
907 1619 1143 1692 κάὐτοὺς
1173 1625 1312 1682 εἶδεν
1340 1631 1711 1700 ἐπτοημένους

487 1716 594 1772 250
633 1717 745 1769 Καὶ
777 1719 1044 1782 συντόνως
1079 1719 1381 1784 πίπτοντας
1405 1721 1618 1791 άσχὲτῳ
1654 1719 1825 1789 φόϐῳ,

631 1809 858 1879 Πρῶτον
887 1810 988 1880 μὲν
1019 1813 1185 1865 αὑτοῦ
1216 1812 1468 1866 δυσσεσεῖ
1500 1814 1626 1877 τοὺς
1658 1811 1974 1884 προστάτας

633 1899 742 1951 Καὶ
771 1899 963 1953 θᾶττον
993 1903 1239 1972 ἠτίμωσε
1271 1905 1398 1966 τοὺς
1426 1903 1791 1974 τιμωμένους,

636 1989 822 2060 ’Ύδωρ
855 1992 1101 2056 κενώσας
1133 1994 1228 2046 καὶ
1256 1995 1314 2047 τὸ
1346 1993 1458 2065 πῦρ
1490 1993 1860 2054 κατασϐέσας.

635 2080 867 2134 Κάπνοῦ
897 2082 952 2135 δὲ
988 2082 1192 2146 πολλὰς
1220 2083 1514 2154 συγχύσεις
1536 2083 1880 2152 ποιούμενος,

494 2170 602 2226 253
641 2170 880 2224 κλέπτει
912 2171 972 2224 τὸ
1002 2173 1228 2241 φεύγειν
1261 2177 1357 2226 καὶ
1389 2173 1660 2244 σχεδιάζει
1689 2173 1780 2226 τὸν
1811 2173 2033 2242 γνόφον,

639 2261 750 2313 Καὶ
779 2261 954 2316 νύκτα
990 2267 1152 2326 ποιεῖ,
1184 2264 1528 2335 καινοτομῶν
1554 2265 1652 2335 τὴν
1682 2264 1918 2334 ἡμέραν.

641 2354 834 2425 Εύρών
858 2373 918 2409 τε
944 2358 1223 2430 κρημνοὺς
1261 2358 1354 2412 καὶ
1385 2357 1576 2422 στενὰς
1599 2358 1866 2424 διεξόδους

480 813 586 864 9.2!")

485 1268 590 1320 2'25

1781 423 2102 487 GEORGII
2143 423 2347 482 PISID
2370 426 2420 483 Ε

619 536 756 598 Τοὺς
788 536 912 600 σοὺς
944 538 1217 608 ἀρίστους,
1247 537 1342 591 καὶ
1368 539 1498 610 παρ’
1519 537 1740 602 ἐλπίδας
1767 537 1886 590 τότε
2086 545 2133 596 Α

2109 1877 2157 1936 Β

3636 413 3760 477 εξε

2303 536 2478 601 Λοξάς
2506 551 2563 586 τε
2592 533 2808 604 πετρῶν
2839 532 3028 603 ἐξοχὰς
3059 531 3152 585 καὶ
3178 529 3534 592 δυσϐάτους,

2319 626 2460 679 Ὧθεῖ
2491 624 2738 695 καλύψας
2767 623 2845 694 τῷ
2871 624 3056 693 γνόφῳ
3088 621 3158 674 τὰ
3187 622 3462 691 τάγματα

2162 717 2268 772 240
2305 718 2416 771 Καὶ
2445 717 2546 780 τὰς
2581 716 2807 769 ἐκείνων
2838 715 3124 784 δυστυχεῖς
3153 709 3440 774 συνοικίας

2306 809 2450 880 Πρὸς
2480 807 2816 877 ἄκρονύψος
2840 806 2937 860 καὶ
2965 805 3320 876 κατάρῤοπον
3353 801 3556 873 βάθος.

2319 901 2599 956 Ἐντεῦθεν
2627 903 2812 964 αὐτοῖς
2838 899 3133 970 συμφορῶν
3170 897 3547 966 πολυτρόπων

2308 991 2744 1061 Συμπτωμάτων
2775 1007 2835 1043 τε
2862 989 2956 1044 καὶ
2987 990 3165 1059 φόνων
3191 989 3286 1040 καὶ
3316 984 3698 1062 κλασμάτων

2308 1084 2569 1164 Κίχδυνος
2597 1081 2932 1153 ηὐτρέπιστο
2958 1080 3252 1150 συντριδῆς
3279 1079 3500 1164 γέμων.

2116 1194 2126 1204 ·
2166 1178 2275 1232 245
2312 1178 2422 1231 Καί
2455 1176 2557 1230 πού
2588 1193 2674 1240 τις
2705 1173 2885 1228 αὐτῶν
2913 1171 2973 1239 ἐξ
3003 1175 3250 1244 ἀνάγκης
3271 1170 3482 1242 ηὔξατο

2323 1266 2530 1321 Ἐλθεῖν
2553 1265 2676 1320 κατ’
2701 1263 2866 1319 αὐτοῦ
2898 1263 3308 1334 συντομώτερον
3337 1261 3520 1330 ξίφος.

2318 1359 2508 1418 Ἀλλος
2539 1359 2594 1410 δὲ
2616 1356 2808 1418 νώτοις
2839 1356 3088 1417 ἱππικοῖς
3119 1353 3390 1422 ὲφιζάνων

2313 1450 2603 1518 Μετέωρος
2634 1447 2774 1518 ἤρθη
2803 1449 2868 1518 τῇ
2903 1430 2994 1517 βίᾳ
3021 1429 3114 1500 τού
3143 1445 3480 1512 σφξγματος.

2315 1535 2540 1600 Πολλοῖς
2563 1537 2621 1590 δὲ
2649 1538 2825 1606 τεῖχος
2858 1534 2956 1600 τὰς
2989 1534 3295 1604 καμηλίους
3327 1534 3454 1586 τότε

2176 1628 2279 1683 250
2316 1627 2566 1698 Πλευρᾶις
2601 1626 3008 1690 κατεσκεύαζεν
3029 1629 3062 1697 ἡ
3093 1625 3442 1696 περίστασις.

2317 1718 2613 1790 Κρημνούς
2642 1735 2700 1772 τε
2732 1705 2934 1782 πάντες
2959 1719 3169 1788 ἀγρίων
3197 1709 3371 1786 αίγῶν
3397 1715 3574 1784 δίκην

2318 1810 2504 1880 Φυγῆς
2533 1811 2878 1882 άνεξίχνευον
2910 1811 3297 1882 ὲκπηδήματα.

2331 1901 2394 1954 'H
2425 1901 2491 1969 σὴ
2519 1897 2578 1953 δὲ
2613 1902 2760 1954 πᾶσα
2789 1900 2880 1954 τοῦ
2909 1901 3142 1971 στρατοῦ
3178 1898 3426 1952 συνοικία

2317 1990 2616 2054 Βλέποντες
2647 1991 2998 2062 εὐφραίνοντο
3023 1991 3090 2062 τῇ
3115 1989 3238 2062 Θείᾳ
3265 1989 3445 2060 κρίσει

2177 2083 2285 2138 255
2321 2081 2402 2136 Τὰ
2429 2082 2529 2151 τῆς
2560 2081 2866 2150 παραδόξου
2891 2081 3146 2153 θαύματα
3173 2081 3519 2160 στρατηγίας
3536 2096 3558 2114 ο

2321 2173 2463 2244 Βολὴ
2499 2173 2608 2245 γὰρ
2635 2173 2734 2226 οὐκ
2765 2169 2834 2246 ἧν
2867 2173 3252 2245 ὲπτερωμένου
3285 2171 3482 2242 βέλους

2336 2265 2424 2317 Ἐν
2451 2266 2518 2334 τῇ
2554 2265 2756 2334 μεταξὺ
2791 2264 2901 2318 τῶν
2931 2265 3178 2335 στρατῶν
3203 2263 3528 2330 διαστάσει,

2326 2356 2440 2411 Καὶ
2469 2358 2576 2421 πᾶς
2607 2374 2685 2420 τις
2718 2357 2876 2428 ἡμῶν
2902 2356 3139 2420 εὐκόλως
3165 2355 3441 2411 ἀπέϐλεπε

501 2591 566 2630 ac
591 2584 704 2632 tum
738 2585 934 2648 praeter
957 2594 1109 2648 spem
1141 2579 1434 2650 improvisa
1472 2579 1706 2651 perculsi
1732 2579 2098 2649 contentione
2183 2576 2755 2661 diem.Prolapsusque
2773 2579 2829 2633 in
2845 2577 3770 2650 crepidinesetangustostransitus

508 2675 659 2736 terga
685 2667 791 2723 tuis
822 2667 1036 2724 famulis
1055 2678 1357 2724 verterunt.

2188 2683 2244 2724 et
2283 2670 2338 2723 in
2367 2679 2638 2739 praerupta
2665 2679 2720 2724 et
2745 2671 2912 2724 ardua
2957 2669 3176 2740 rupium
3219 2670 3506 2740 cacumina
3533 2711 3550 2735 ,
3609 2668 3776 2724 trudit

577 2757 727 2828 (220)
778 2757 823 2812 Ο
874 2773 1032 2814 mens
1085 2748 1536 2830 praestantissima
1564 2800 1579 2820 .
1636 2769 1693 2815 et
1757 2759 2100 2815 acerrimum
2183 2768 2372 2830 septas
2404 2738 2634 2832 caligine
2666 2761 2850 2830 c0pias
2873 2801 2886 2825 ,
2917 2738 3066 2829 (240)
3099 2769 3152 2815 et
3183 2738 3431 2836 infelices
3475 2759 3780 2814 contuber-

503 2847 821 2919 iugenium,
855 2859 911 2904 et
939 2850 1080 2922 ignis
1110 2853 1177 2904 ad
1213 2852 1351 2905 imas
1377 2851 1736 2919 cogitationes
1765 2851 2083 2921 permeans!
2185 2851 2338 2906 nales
2397 2851 2631 2906 fenﬁnas
2681 2852 2827 2906 inter
2869 2851 3140 2905 montium
3194 2851 3319 2921 iuga
3370 2860 3424 2904 et
3469 2849 3784 2920 przecipites

497 2939 599 2994 sed
629 2939 768 3009 ignis
795 2940 1014 3009 quidem
1047 2941 1295 3012 denigrat
1326 2951 1382 2996 et
1429 2943 1558 3004 urit,
1601 2951 1693 2996 tua
1743 2957 1873 2997 vero
1909 2957 2085 3007 mens,

2188 2935 2376 2997 valles.
2406 2941 2547 2996 llinc
2569 2941 2701 3012 ipsis
2721 2942 3088 2996 calamitatum
3116 2941 3412 3000 variarum.
3434 2954 3502 2994 ne
3521 2939 3786 2992 caderent

505 3029 736 3100 optime,
771 3031 986 3087 dealhat
1017 3035 1232 3100 omnia,
1272 3049 1572 3104 onmesque
1605 3033 1789 3102 fovet,
1839 3043 1894 3090 et
1933 3037 2091 3090 ardet
2191 3034 2643 3102 caederenturque
2699 3043 2755 3088 et
2787 3033 3147 3097 illidereutur,
3183 3033 3485 3104 periculum
3524 3031 3784 3084 obortum

507 3137 618 3176 non
649 3137 836 3178 urens.

2192 3139 2262 3178 ex
2291 3123 2572 3194 collisione
2609 3123 2927 3177 maximum.
2965 3124 3111 3193 (245)
3138 3124 3216 3178 Ac
3251 3123 3394 3178 forte
3424 3121 3552 3192 quis
3581 3121 3786 3195 despe:

583 3211 729 3280 (225)
761 3213 972 3267 Interea
1021 3211 1288 3269 Barbarus
1327 3213 1709 3268 absconditum
1756 3213 1938 3268 dolum
1963 3229 2094 3269 sen-
2129 3277 2162 3286 Δ-
2196 3215 2407 3269 ratione
2436 3216 2662 3286 adactus
2687 3215 2878 3268 orabat
2905 3224 2964 3268 ut
2990 3214 3167 3282 ipsum
3192 3213 3600 3268 transfoderent
3619 3221 3789 3266 acuto

511 3302 656 3356 tiens
688 3302 789 3357 sibi
832 3304 1014 3372 potius
1061 3319 1224 3374 quam
1257 3299 1380 3360 aliis
1423 3305 1590 3359 fuisse
1623 3303 1832 3358 foveam
1855 3346 1870 3369 ,
1903 3321 2096 3359 omnes
2121 3277 2164 3334 C
2197 3304 2362 3359 ferro.
2397 3289 2548 3358 Alter
2577 3321 2708 3358 vero
2744 3306 2910 3376 tergis
2939 3305 3152 3374 equinis
3207 3305 3450 3360 insidens
3496 3305 3553 3380 in
3598 3319 3789 3359 aerem

512 3392 567 3446 in
598 3409 759 3464 Opem
793 3395 1101 3465 fugatorum
1129 3393 1383 3465 prosilire
1421 3395 1622 3448 milites
1655 3411 1719 3448 ex
1752 3386 2114 3448 suis'cohor-.

513 3483 664 3538 tibus
705 3485 1015 3554 imperavit.
1070 3485 1365 3563 Postquam
1410 3493 1593 3537 autem
1628 3484 1728 3536 hos
1773 3484 1938 3537 etiam
1967 3483 2102 3538 vidit

515 3585 898 3630 consternatos
931 3577 1078 3645 (2'50)
1117 3586 1172 3630 et
1217 3576 1270 3629 in
1323 3574 1502 3643 fugam
1535 3575 1868 3644 przecipitem
1911 3591 2100 3630 versos

520 3665 715 3719 timore
753 3665 1023 3728 horribili,
1047 3665 1103 3720 in
1135 3663 1324 3735 primis
1339 3679 1467 3718 suos
1489 3675 1802 3718 exsecratur
1816 3675 2097 3734 patronos,

519 3768 764 3821 quosque
787 3769 961 3823 nuper
979 3753 1303 3817 honoribus,
1322 3751 1535 3821 probris
1548 3767 1692 3806 nunc
1705 3750 1888 3816 allicit,
1907 3769 2102 3822 aquam

521 3841 810 3900 cEundens
837 3853 892 3897 et
925 3845 1102 3915 ignem
1131 3843 1502 3913 exstinguens.
1537 3841 1694 3896 Fumi
1721 3851 1901 3896 autem
1936 3845 2102 3900 multa

527 3935 667 3990 facta
716 3937 1038 3992 confusione
1075 3937 1224 4008 (255)
1264 3935 1479 3990 furatur
1515 3934 1694 4004 fugam
1731 3977 1745 4000 ,
1791 3936 2104 4006 excitatque

529 4027 936 4086 tumultuariam
962 4029 1188 4086 nubem.
1215 4031 1551 4118 noctemque
1571 4025 1798 4092 inducit,
1823 4027 2103 4082 invertens

2196 3405 2281 3449 est
2312 3395 2562 3449 sublatus
2603 3410 2666 3449 ex
2701 3396 2752 3450 vi
2783 3395 3230 3466 compressionis.
3263 3395 3448 3450 Multis
3475 3404 3661 3450 autem
3690 3409 3793 3466 pro

2196 3501 2355 3540 muro
2395 3486 2664 3540 camelina
2714 3486 2861 3556 (230)
2903 3487 3072 3542 latera
3121 3487 3356 3556 praebuit
3405 3501 3651 3556 pratsens
3691 3501 3792 3540 ne-

2197 3569 2444 3634 cessitas.
2481 3578 2690 3634 Omnes
2717 3591 2898 3634 autem
2929 3579 3074 3636 inter
3097 3595 3286 3650 rupes,
3318 3587 3380 3633 ut
3408 3563 3524 3634 fere
3549 3592 3790 3648 caprea,

2196 3679 2353 3738 aptos
2387 3670 2454 3724 ad
2485 3668 2665 3741 fugam
2703 3670 3030 3741 indagabant
3065 3671 3262 3724 exitus.
3298 3669 3498 3740 Totum
3534 3683 3664 3724 vero
3711 3665 3794 3723 tui

2209 3755 2486 3813 exercitus
2538 3760 2957 3815 contubernium
3009 3759 3118 3814 late
3155 3749 3446 3834 gaudebat,
3493 3757 3695 3834 videns
3725 3772 3794 3811 ex

2211 3847 2398 3902 divino
2441 3847 2646 3918 judicio
2697 3849 2844 3918 (255)
2889 3857 2995 3904 tute
3042 3833 3797 3916 incredibilis.expeditionis

2211 3939 2493 3994 miracula.
2529 3939 2717 4010 Neque
2747 3941 2914 4006 enim,
2951 3947 3214 4010 quantum
3261 3949 3344 3994 est
3377 3940 3560 4010 jactus
3587 3937 3798 3994 velocis

2206 4030 2393 4100 iaculi,
2423 4047 2568 4088 unus
2609 4033 2846 4089 distabat
2879 4033 2948 4104 ab
2978 4032 3150 4087 altero
3183 4032 3456 4088 exercitus
3485 4049 3500 4086 :
3532 4039 3590 4088 et
3619 4045 3800 4087 unus-

1814 4225 2053 4286 VARUE
2087 4209 2498 4286 LECTIONES.
2559 4229 2566 4238 ’

1317 4407 1419 4478 apt
1602 4473 1636 4478 _
1741 4472 1843 4478 ___
1863 4403 2060 4478 άλλους

601 4481 708 4538 219
739 4483 850 4545 σοῖς
882 4480 1006 4535 add.
1041 4479 1101 4534 P.
1177 4477 1284 4530 225
1312 4463 1577 4547 κράτιστε
1688 4542 1713 4547 _
1737 4472 1850 4547 22ἶ
1873 4463 2050 4547 (ὅλους
2075 4470 2138 4525 P.

532 4553 641 4608 245
673 4553 768 4606 καὶ
795 4542 919 4624 post
949 4550 1128 4625 φόνων
1159 4548 1284 4603 add.
1311 4542 1373 4606 PI.
1445 4543 1546 4602 251
1583 4542 1754 4617 αἰγῶν
1787 4542 1914 4600 add.
1950 4542 2010 4600 Ρ.

2213 4468 2321 4527 229
2343 4470 2402 4528 δὲ
2421 4471 2520 4526 καὶ
2543 4472 2745 4538 αὐτοὺς
2767 4473 2883 4547 εῐδη
2909 4473 2998 4531 ed.
3071 4475 3184 4532 235
3207 4475 3301 4532 τδν
3329 4476 3456 4534 add.
3481 4475 3546 4534 P.

2039 4715 2272 4777 NOTAE.

609 4908 734 4964 225.
771 4878 954 4965 codex
987 4907 1210 4962 exhibet
1249 4903 1652 4960 emendationis
1687 4903 1807 4959 loco
1836 4900 2118 4974 κράτιστε.
2152 4902 2197 4958 D
2224 4901 2354 4974 doto
2379 4910 2533 4972 patet
2574 4914 2832 4958 narrante
2859 4899 3093 4964 Xerxem
3123 4918 3272 4974 mare
3297 4895 3683 4974 ﬂagellavisse;
3715 4903 3807 4974 Pi-

609 4979 734 5032 226.
777 4978 919 5034 Psal.
948 4993 1040 5042 vn,
1067 4977 1132 5030 l6
1157 4995 1170 5030 :
1193 4975 1392 5046 Incidit
1419 4977 1475 5028 in
1492 4977 1694 5046 foveam
1721 4971 1887 5046 quani
1905 4971 2048 5043 fecit.

559 5078 563 5082 -
608 5049 736 5103 227.
772 5047 831 5101 in
869 5047 1056 5102 codice
1088 5045 1206 5101 voci
1260 5045 1414 5108 ὅλους
1444 5043 1872 5115 superinscripta
1899 5050 1986 5096 est
2016 5055 2122 5096 vox

543 5117 760 5181 ἄλλους.

611 5180 738 5242 229.
782 5185 914 5240 Item
957 5187 1052 5239 κα).
1080 5186 1278 5248 αὐτοὺς
1313 5185 1369 5239 in
1403 5183 1454 5239 κ’
1488 5183 1688 5246 αὐτοὺς
1722 5180 2123 5238 immutandum

546 5272 669 5312 esse
699 5265 886 5310 monet
927 5270 1142 5319 censor,
1173 5255 1474 5324 etquidem
1519 5263 1690 5309 recte.
1731 5253 1844 5322 Ego
1865 5266 1994 5307 vero
2023 5265 2124 5320 pro

547 5327 660 5396 εἴδη
692 5325 984 5396 ιθεοῐιιιιιηι
1009 5336 1139 5394 puto
1161 5320 1321 5396 εἶδεν,
1356 5333 1417 5378 ut
1443 5332 1550 5378 stet
1583 5324 1741 5396 metri
1773 5320 2050 5396 mensura.

617 5391 862 5452 25L'De
910 5391 1024 5450 sole
1075 5407 1132 5449 et
1171 5394 1318 5455 luna.
1361 5408 1497 5462 aqua
1558 5403 1612 5448 et
1643 5393 1784 5462 igne,
1825 5391 1918 5461 qui
1965 5397 2125 5462 erant

553 5466 837 5522 Persarum
864 5465 957 5529 dii,
990 5465 1113 5518 alibi
1143 5463 1377 5522 diximus
1401 5460 1580 5532 plura.
1600 5460 1734 5517 Vide
1756 5460 2122 5532 aereas.},'52.

553 5535 1109 5592 Animadvertendum
1165 5542 1344 5588 tamen
1403 5528 1492 5588 hic
1534 5542 1617 5588 est
1655 5533 1709 5588 in
1761 5546 1914 5587 more
1957 5528 2127 5584 fuisse

555 5609 698 5676 apud
721 5608 934 5670 Persas,
967 5614 1048 5670 ut,
1085 5618 1210 5676 cum
1244 5604 1371 5672 quid
1421 5603 1707 5656 adversum
1739 5602 1817 5656 eis
1857 5599 2124 5676 eveniret,

557 5669 748 5732 contra
775 5669 903 5733 suos
948 5669 1504 5742 deos_irascereutur,
1539 5687 1741 5742 eosque
1780 5669 2128 5742 contumeliis

559 5734 1244 5824 probrisqueaffice'reut,
1295 5758 1357 5797 ac
1393 5734 1748 5824 tanquam'de
1777 5757 1871 5824 sua
1913 5739 2127 5824 fortuna

562 5809 751 5892 parum
791 5809 1062 5872 sollicitos
1101 5809 1556 5884 aspernanentur;
1591 5813 1641 5877 id
1682 5811 1826 5886 quod
1855 5826 1918 5865 cx
1958 5809 2128 5864 Hero-

2221 4971 2340 5028 sida
2371 4971 2501 5030 vero
2545 4983 2733 5042 aperte
2769 4975 2908 5028 idem
2945 4974 3036 5029 hic
3060 4971 3292 5028 afﬁrmat
3322 4971 3390 5028 et'
3407 4973 3559 5028 alibi.
3598 4973 3802 5030 Confer

2219 5057 2433 5117 acroas.
2455 5061 2506 5117 ι,
2533 5045 2612 5117 26⁹
2636 5051 2692 5097 et
2721 5059 2899 5117 _se_qq_._,
2927 5053 2984 5098 et
3010 5057 3222 5117 acroas.
3255 5045 3446 5117 11,377.

2287 5114 2414 5169 240.
2455 5113 2650 5168 Persas
2673 5112 2740 5169 ad
2779 5111 2979 5168 bellum
3013 5114 3164 5168 exire
3204 5111 3540 5184 mulierculis
3575 5113 3807 5184 stipatos

2218 5183 2600 5238 adnotavimus
2625 5199 2780 5250 supr.
2800 5198 3008 5238 acroas.
3040 5200 3100 5244 ιι.
3127 5184 3253 5238 247.
3280 5184 3352 5240 At
3386 5183 3548 5237 nobis
3576 5183 3804 5238 ridicula

2219 5269 2435 5322 semper
2483 5253 2601 5308 visa
2648 5261 2734 5306 est
2777 5268 2963 5316 causa,
3010 5268 3174 5322 quam
3226 5254 3348 5324 ejus
3393 5252 3806 5308 consuetudinis

2219 5323 2443 5378 tradidit
2470 5322 2609 5377 Max.
2635 5320 2861 5378 Tvrius.
2892 5321 3111 5376 dissert.
3148 5323 3252 5377 id:
3283 5323 3359 5377 ait
3385 5323 3532 5376 enim
3567 5323 3804 5378 Πέρσαις

2219 5338 2443 5379 trautalt
2471 5338 2609 5377 max.
2636 5338 2664 5376 't
2683 5338 2861 5391 ynus.
2892 5338 3111 5376 OISSel'l.
3148 5338 3215 5377 u
3239 5341 3252 5376 :
3283 5338 3359 5377 att
3385 5338 3532 5376 enim
3568 5338 3804 5394 ιιερσαις

2219 5395 2288 5476 δξ.
2322 5394 2649 5476 παλλακίδες
2692 5393 2938 5458 ἕπονται,
2981 5393 3070 5446 ἵνα
3107 5393 3416 5463 ’μάχωνται
3441 5391 3623 5455 καλῶς
3666 5391 3806 5463 ὑπὲρ

2221 5463 2856 5603 τωέὕῗῗλῖάὲᾃῖὴαηοε,
2905 5531 3041 5603 ibid.
3079 5547 3093 5586 :
3129 5531 3220 5603 ξεν
3271 5529 3328 5584 δὲ
3379 5534 3493 5603 τοῖς
3539 5533 3807 5603 κρημνοῖς

2226 5603 2398 5694 αξγῶν
2448 5599 2658 5694 ἀγρίων
2701 5599 2857 5674 δίκην
2914 5600 3341 5694 ὲσκηνοξάτοὲὶμ
3378 5599 3604 5694 παλλοξις
3635 5599 3693 5686 δξ
3717 5599 3808 5654 καὶ

2228 5670 2437 5740 ζῶντας
2492 5670 2857 5744 ἐζώγρησαν,
2889 5670 3200 5744 παρόλαδον
3250 5670 3309 5723 δὲ
3364 5671 3459 5744 καὶ
3503 5670 3810 5744 τδ-τούτων

2238 5739 2594 5816 στρατόπεδον
2616 5739 2625 5742 ”
2644 5739 2740 5798 καὶ
2784 5739 3085 5811 πᾶσανίτὴν
3112 5741 3430 5812 ἀποσκευὴν
3457 5739 3656 5796 αὐτῶν.
