4044 6414
515 303 649 371 1251

657 413 890 480 Ἥλπιζε
919 412 1102 467 δοῦναι
1131 409 1276 468 νῶτα
1313 411 1598 484 Ῥωμαίων
1627 412 1804 482 ξίφει;

651 510 749 573 Τίς
777 510 835 561 ὲν
860 505 1153 569 τοσαύταις
1191 503 1487 576 συμφορῶν
1515 505 1838 575 τρικυμίαις

649 597 920 662 Ἤλπιζεν
951 598 1134 669 εὑρεῖν
1168 597 1261 649 καὶ
1288 595 1532 666 γαλήνην
1561 595 1619 646 ὲν
1655 594 1841 665 Marp;

509 691 614 746 500
649 691 745 754 Τίς
776 692 833 744 ἐν
857 687 1094 758 τοσαύτῃ
1127 686 1236 739 τῶν
1264 685 1580 754 ἀναγκαίων
1611 686 1807 740 σπάνει

649 774 872 850 Τροςρῆς
899 780 1191 848 μετασχεῖν
1218 776 1316 839 τὰς
1341 775 1526 837 πόλεις
1551 773 1820 842 ἐπείθετο,

649 873 714 925 Et
743 871 819 941 μὴ
850 871 917 923 δι’
940 868 1092 939 ὑμῶν
1123 868 1250 931 τοὺς
1271 867 1580 940 ἀλάστορας
1606 866 1771 919 πάλιν

663 960 760 1015 Ἐκ
787 962 886 1030 τῆς
920 959 1040 1015 καθ’
1071 960 1218 1030 ἡμᾶς
1245 959 1484 1027 γείτονος
1514 958 1805 1028 παροικίας
1907 1017 1910 1020 ,

646 1051 884 1122 Μακρὰν
909 1053 936 1104 ὀ
968 1051 1186 1104 πάντων
1215 1049 1382 1121 ἤλασε
1411 1049 1746 1120 ζυγοστάτης
1767 1065 1783 1114 ι
2019 1040 2024 1048 ’

733 1142 872 1196 Ἀλλ’
895 1143 970 1204 ὠς
996 1141 1230 1212 τοσαύτῃ
1263 1140 1523 1210 συγχύσει
1560 1139 1893 1209 μεμιγμένοι

655 1235 919 1292 ,Ἂπείπον
947 1232 1047 1304 ἤδη
1072 1233 1175 1302 τὴν
1203 1231 1385 1303 μάχην
1411 1231 1464 1284 οι
1493 1231 1788 1302 Βάρϐαροι,

646 1326 720 1378 Σὺ
755 1323 874 1392 μὲν,
909 1324 1171 1394 κράτιστε
1195 1322 1316 1393 (καὶ
1342 1321 1451 1393 γὰρ
1474 1321 1666 1392 ἧθελες
1693 1323 1876 1392 μένειν

647 1415 770 1468 Τῶν
801 1415 910 1469 σῶν
935 1413 1212 1484 λογισμῶν
1237 1413 1374 1484 πρὸς
1402 1413 1597 1476 πόνους
1624 1412 2027 1484 πυρουμένων),

649 1506 858 1570 Πολλὰς
889 1506 1146 1576 ἀφορμὰς
1175 1499 1429 1573 εὐλόγους
1458 1503 1770 1568 ἀνεπλάσω,

505 1600 610 1656 510
645 1600 825 1653 Θέλων
852 1601 1087 1652 συνεῖναι
1114 1595 1194 1667 τῷ
1221 1596 1439 1668 στρατῷ
1467 1597 1564 1650 καὶ
1593 1595 1906 1666 συντρέχειν
1927 1611 1942 1628 ο

657 1690 812 1744 Ἐπεὶ
833 1690 890 1743 δὲ
918 1689 1093 1744 καὺτὰ
1119 1687 1186 1742 τά
1213 1687 1348 1759 πρὸς
1378 1687 1617 1758 ἑσπέραν
1648 1687 1779 1759 γένη

602 1769 604 1772 ’
653 1781 953 1836 Ἀσπονδον
981 1777 1125 1851 εἶχεν
1152 1780 1213 1844 ἐξ
1239 1779 1396 1843 ἔθους
1425 1778 1681 1848 ὑποψίαν,

638 1871 814 1948 Ἀὖθίς
840 1889 900 1924 τε
926 1871 1130 1924 καινῶν
1157 1868 1454 1942 φροντίδων
1476 1868 1808 1939 κινουμένων

646 1967 758 2042 Ti;
787 1967 888 2034 σῆς
917 1963 1147 2034 ἔχρῃζεν
1178 1965 1211 2032 ἡ
1241 1961 1392 2026 πόλις
1426 1961 1752 2033 παρουσίας,

505 2057 612 2112 515
659 2055 718 2107 '0
748 2054 807 2106 δὲ
838 2053 1064 2124 στρατός
1095 2069 1192 2104 σου
1221 2050 1380 2104 τοῦτο
1405 2051 1668 2121 πράττειν
1701 2053 1783 2113 εἱς
1811 2049 1930 2105 δέον

661 2145 859 2200 Ἐδεῖτο
888 2142 1060 2196 πολλὰ
1093 2142 1186 2195 καὶ
1210 2141 1380 2195 θέλων
1412 2141 1507 2194 καὶ
1533 2139 1784 2211 δακρύων

655 2237 784 2306 (Καὶ
815 2227 880 2306 τῇ
910 2233 1065 2288 πόλει
1095 2234 1204 2304 γὰρ
1231 2231 1539 2303 συμπαθεῖν
1571 2232 1853 2302 ἠπείγετο,

650 2328 762 2383 Καὶ
790 2325 884 2380 σοῦ
924 2323 1230 2396 στερεῖσθαι
1259 2323 1464 2395 ζημίαν
1491 2322 1722 2393 ὡρίζετο
1736 2325 1778 2394 ),

508 1143 612 1200 505

507 2499 689 2542 sarum
719 2481 1052 2538 indomabile
1098 2495 1272 2552 genus
1314 2487 1592 2550 sperasset
1644 2478 1892 2549 praebere
1935 2488 2088 2553 terga

505 2578 877 2634 Romanorum
917 2573 1186 2628 ensibus?
1229 2571 1365 2638 Quis
1393 2572 1448 2626 in
1504 2571 1668 2626 tantis
1713 2571 2086 2626 calamitatum

508 2665 924 2738 tempestatibus
959 2673 1235 2736 sperasset
1264 2663 1512 2718 invenire
1536 2662 1621 2716 vel
1651 2662 2001 2717 serenitatem
2029 2663 2085 2717 in

505 2759 730 2815 medio?
758 2757 908 2829 (500)
937 2755 1070 2822 Quis
1107 2756 1164 2812 in
1195 2764 1346 2811 tanta
1371 2755 1546 2810 victus
1577 2754 1805 2824 penuria
1837 2754 1904 2809 ad
1933 2769 2088 2809 com-

505 2858 743 2906 meatum
775 2847 1194 2904 ministrandum
1245 2847 1410 2902 urbes
1445 2847 1728 2910 suasisset,
1767 2846 1872 2901 nisi
1912 2862 2010 2916 per
2039 2855 2094 2902 te

506 2943 628 2998 illos
658 2940 1075 2998 scelestissimos
1102 2939 1297 2994 iterum
1332 2953 1363 2992 a
1401 2948 1585 2994 nostra
1615 2939 1859 3008 proxima
1887 2937 2085 2993 vicinia

505 3035 696 3104 procul
725 3016 998 3104 abegisset
1019 3033 1110 3102 qui
1139 3031 1321 3086 omnia
1362 3029 1517 3085 lance
1545 3030 1859 3100 ponderat?

577 3125 726 3195 (505)
761 3126 832 3178 At
859 3140 991 3180 vero
1019 3139 1141 3178 cum
1174 3123 1230 3177 in
1277 3123 1370 3177 tali
1399 3137 1584 3176 rerum
1619 3121 1944 3176 confusione
1979 3119 2088 3174 im-

505 3215 672 3285 pliciti
707 3215 920 3286 jamdiu
980 3213 1313 3270 absisterent
1357 3228 1389 3267 a
1439 3223 1619 3283 pugna
1651 3211 1898 3276 Barbari,
1932 3219 2012 3274 tu,
2055 3224 2090 3264 ο

506 3306 802 3362 fortissime
854 3305 1098 3375 (volebas
1145 3304 1293 3360 enim
1332 3303 1513 3358 adhuc
1543 3318 1807 3357 manere:
1845 3317 1971 3356 nam
2001 3309 2092 3356 tua

505 3413 663 3452 mens
683 3397 749 3451 ad
775 3397 991 3451 labores
1020 3396 1215 3451 callum
1239 3394 1762 3464 obduxerat),multa
1785 3394 1940 3450 valde
1953 3393 2092 3449 scita

505 3497 816 3544 commenta
871 3482 1213 3558 excogitasti,
1249 3485 1398 3556 (510)
1442 3485 1634 3541 volens
1675 3483 1934 3556 congredi
1965 3497 2090 3538 cum

505 3580 752 3634 exercitu
800 3587 856 3633 et
899 3592 1251 3633 concurrere.
1289 3577 1504 3633 Interea
1547 3590 1678 3632 vero
1727 3583 1940 3646 gentes,
1969 3591 2090 3646 quae

509 3680 639 3728 sunt
684 3671 752 3726 ad
799 3670 1152 3726 Occidentem
1196 3670 1344 3740 rupti
1396 3669 1618 3725 fcederis
1662 3669 1977 3724 habuerunt
2019 3667 2090 3722 de

508 3779 663 3819 more
709 3763 1102 3834 suspicionem.
1153 3761 1220 3816 Et
1265 3778 1455 3818 rursus
1495 3763 1566 3818 ob
1613 3775 1785 3818 novas
1831 3761 2090 3816 excitatas

509 3871 672 3910 curas
717 3865 865 3910 tuam
901 3853 1244 3910 desiderabat
1293 3854 1485 3909 civitas
1524 3853 1894 3925 praesentiam.
1941 3851 2088 3921 (515)

473 3957 478 3962 ·
508 3946 795 4002 Exercitus
814 3955 996 4000 autem
1021 3953 1166 4010 tuus,
1201 3954 1260 4000 ut
1280 3946 1504 4001 omnino
1529 3946 1634 4001 hoc
1650 3944 1879 4010 faceres,
1901 3942 2094 3998 orabat

507 4039 695 4094 multis
763 4054 889 4093 cum
950 4038 1211 4108 precibus
1267 4047 1324 4093 et
1384 4038 1637 4110 lacrymis
1691 4055 1706 4092 :
1759 4051 1886 4091 nam
1938 4035 2092 4090 urbis

507 4131 712 4202 pietate
745 4132 889 4201 tangi
921 4129 1237 4201 cogebatur,
1269 4138 1326 4184 et
1355 4138 1409 4188 te
1441 4129 1641 4202 privari
1671 4143 1794 4186 esse
1825 4127 2087 4183 damnum

1804 295 2128 366 GEORGII
2179 297 2473 365 PISIDIE.

2112 441 2163 498 Α

2115 1771 2162 1828 Β

2187 1867 2294 1924 555
2342 1869 2760 1942 Ἐλευθερώσεις
2781 1871 3030 1942 αἱμάτων
3057 1873 3119 1926 τὸ
3142 1871 3415 1944 ποίμνιον.

3636 302 3776 370 1252

2333 413 2518 468 Πείθει
2545 413 2606 467 τὸ
2633 413 2816 466 λοιπόν
2839 414 2946 468 “ob
2971 416 3080 485 γάρ
3101 411 3276 477 οὕτως
3305 413 3544 479 εὐκόλως

2189 507 2295 564 520
2331 505 2534 560 Λασεῖν
2562 521 2614 558 τι
2645 503 2880 574 τερπνὸν
2907 503 3064 568 ἄλλος
3089 504 3494 574 εὐτρεπίζεται,

2339 597 2430 658 Ὠς
2461 593 2656 648 θᾶττον
2680 593 2844 657 αὐτὸς
2871 591 3172 664 εὐτρεπίζῃ
3205 593 3342 664 πρὸς
3374 595 3592 662 πόνουςδ

2401 679 2529 747 οἷος
2559 683 2620 738 δὲ
2650 683 2844 746 πιστὸς
2870 683 3260 754 ἀρχιποίμενος
3291 685 3586 756 τρόπος-

2342 779 2438 832 Ἐκ
2471 777 2579 831 τῶν
2605 775 2859 846 πονηρῶν
2883 776 3150 846 ἁρπάγων
3177 793 3239 830 τε
3267 776 3475 850 θηρίων

2327 868 2628 924 Κυκλωθὲν
2657 866 2824 921 αὑτοῦ
2859 867 3188 938 προδλέπων
3223 869 3286 924 τὸ
3318 871 3594 942 ποίμνιον,

2188 964 2295 1020 525
2343 963 2647 1034 ’Δμηχανεϊ
2674 959 2778 1032 μὲν
2807 959 2885 1032 πῆ
2917 963 3101 1032 τραπῇ
3133 961 3272 1032 πρὸς
3301 962 3401 1034 τὴν
3433 963 3644 1035 μάχην,

2328 1047 2524 1125 Ὅμως
2557 1052 2614 1107 δὲ
2643 1052 2843 1124 κάμνει
2871 1051 3148 1123 πανταχοῦ
3179 1052 3497 1125 διατρέχων,

2328 1145 2399 1199 Ei
2427 1161 2545 1206 πως
2572 1144 2704 1216 παρ’
2730 1143 2913 1197 αὐτῶν
2945 1143 3185 1214 άρπάσοι
3212 1143 3274 1196 τὸ
3298 1135 3576 1214 ποῖμνιον,
3596 1175 3675 1187 -

2261 1229 2288 1254 ’
2328 1233 2484 1287 οὕτω
2507 1233 2570 1286 τὸ
2597 1233 2786 1287 πιστὸν
2811 1233 2911 1303 τῆς
2943 1232 3170 1305 λογικῆς
3200 1231 3437 1304 ποίμνης
3471 1236 3634 1303 γένος

2337 1325 2668 1396 Ἀμηχανεῖς
2693 1325 2796 1396 μὲν
2822 1325 3150 1396 προὸλέπων
3175 1327 3439 1381 ἑκάστοτε

2147 1393 2153 1399 ’
2186 1411 2293 1468 550
2341 1393 2436 1468 Ἐκ
2462 1393 2572 1468 τών
2596 1393 2840 1470 ἀπίστων
2865 1393 3071 1488 θηρίων
3095 1416 3485 1488 κυκλούμενον.

2331 1505 2524 1576 Ὅμως
2549 1506 2607 1560 δὲ
2640 1507 2874 1578 κάμνεις
2907 1509 2998 1562 καὶ
3031 1509 3377 1580 περιτρέχεις
3413 1510 3522 1576 ἀεὶ,

2341 1596 2584 1651 Ἐκεῖθεν
2621 1597 2774 1653 Ξνθεν
2807 1599 3087 1670 πανταχοῦ
3120 1589 3474 1672 πονούμενος,

2329 1688 2571 1758 Βάλλων,
2601 1689 2834 1758 διώκων,
2868 1691 3169 1763 ἐκτρέχων,
3198 1693 3583 1764 ὑποστρέφων,

2331 1779 2402 1832 Εἴ
2423 1797 2542 1844 πως
2575 1780 2767 1834 ἑαυτὸν
2799 1781 3118 1854 ἀντίλυτρον
3154 1785 3392 1853 εἰσάγων

2329 1959 2494 2013 Ὅθεν
2522 1959 2782 2024 τυπώσας
2809 1961 2989 2015 πάντα
3017 1961 3261 2034 σώφρονι
3295 1965 3506 2036 τρόπῳ,

2325 2053 2438 2106 Καὶ
2465 2051 2544 2123 τῷ
2575 2053 2865 2124 στρατηγῷ
2891 2053 2984 2109 τὸν
3019 2056 3248 2126 στρατὸν
3276 2058 3655 2128 συναρμόσας,

2327 2145 2438 2197 Καὶ
2471 2143 2550 2216 τῷ
2582 2144 2702 2216 Θεῷ
2729 2145 2852 2209 δοὺς
2883 2145 2982 2209 τὰς
3013 2141 3103 2200 ἐπ’
3129 2147 3308 2212 αὐτοῖς
3347 2149 3600 2216 ἐλπίδας,

2331 2233 2502 2289 Πάλιν
2537 2234 2674 2307 πρὸς
2704 2235 2877 2304 αὐτὴν
2906 2235 3006 2308 τὴν
3036 2237 3192 2291 πόλιν
3221 2255 3312 2291 σου
3345 2240 3620 2304 συντόνως

2190 2321 2296 2378 5ιο
2331 2323 2581 2378 Τοσαῦτα
2614 2324 2830 2395 πράξας
2857 2326 2955 2381 καὶ
2980 2328 3333 2401 κατορθώσας
3357 2329 3602 2400 τρέχεις.

2189 2478 2484 2533 statuebat.
2530 2478 2772 2535 Tandem
2820 2481 3058 2537 suadet:
3086 2496 3197 2537 non
3243 2483 3390 2538 enim
3437 2491 3550 2540 tam
3599 2485 3770 2556 facile,

2193 2568 2341 2640 (520)
2377 2586 2499 2640 quae
2545 2581 2675 2626 sunt
2702 2571 3124 2640 oblectamento,
3157 2575 3294 2630 alter
3327 2578 3666 2648 aggreditur,
3717 2597 3774 2636 ac

2191 2673 2248 2718 tu
2281 2664 2570 2720 confestim
2596 2668 2906 2738 aggrederis
2934 2669 3168 2725 labores.

2259 2754 2448 2822 Qualis
2498 2766 2682 2814 autem
2720 2759 2882 2829 primi
2927 2760 3162 2830 pastoris
3195 2760 3338 2816 fidus
3373 2773 3460 2818 est
3493 2779 3634 2832 mos,
3683 2767 3777 2838 qui

2189 2845 2260 2900 ab
2309 2845 2572 2916 improbis
2621 2858 2678 2903 et
2705 2849 2991 2918 rapacibus
3037 2850 3170 2907 feris
3199 2852 3660 2910 circumclausum
3693 2856 3778 2911 tri-

2189 2936 2328 2992 dens
2357 2953 2518 2992 suum
2562 2939 2704 2994 ovile
2729 2941 2878 3012 (325)
2906 2942 3076 2998 haeret
3115 2945 3319 3011 animo,
3365 2962 3472 3016 qua
3507 2961 3566 3003 se
3597 2957 3783 3004 vertat

2111 3045 2156 3106 ο
2189 3028 2256 3083 ad
2288 3044 2546 3100 pugnam,
2583 3038 2766 3086 tamen
2812 3031 3096 3101 allaborat,
3123 3051 3532 3108 quaquaversus
3576 3052 3782 3093 excur-

2186 3132 2336 3181 rens,
2387 3119 2430 3174 si
2463 3135 2569 3190 qua
2599 3121 2813 3176 ratione
2861 3123 2930 3178 ab
2961 3122 3096 3192 ipsis
3129 3138 3348 3196 gregem
3387 3123 3664 3188 defendat,
3698 3124 3784 3180 sic

2188 3217 2247 3264 tu
2281 3210 2448 3266 fidum
2479 3211 2762 3267 rationalis
2807 3213 2969 3268 ovilis
3005 3229 3180 3286 genus
3229 3215 3404 3270 haeres
3429 3216 3652 3286 quidem
3693 3217 3782 3271 vi-

2187 3299 2326 3354 dens
2367 3315 2491 3356 esse
2551 3301 2702 3356 omni
2753 3310 2907 3372 parte
2941 3303 3172 3372 (550)ab
3223 3303 3536 3360 infidelibus
3584 3305 3780 3360 bestiis

2188 3391 2605 3458 circumdatum,
2645 3400 2827 3448 tamen
2857 3393 3147 3458 allaboras,
3187 3403 3244 3449 et
3273 3389 3533 3451 circumis
3555 3411 3779 3466 seraper

2191 3487 2300 3544 huc
2352 3497 2409 3543 et
2457 3488 2620 3555 illuc,
2669 3505 2940 3560 nusquam
2993 3490 3376 3560 requiescens,
3427 3490 3768 3563 aggrediens,

2190 3581 2508 3650 insequens,
2558 3596 2879 3644 excurrens,
2905 3596 3214 3644 recurrens,
3247 3581 3292 3636 si
3341 3581 3483 3637 forte
3515 3592 3566 3638 te
3593 3583 3776 3652 ipsum

2191 3673 2416 3728 tradens
2437 3673 2493 3730 in
2519 3675 2756 3744 pretium
2785 3673 2931 3744 (555)
2963 3675 3141 3743 possis
3179 3673 3460 3729 liberarea
3506 3675 3780 3746 sanguine

2191 3778 2432 3834 gregem.
2505 3763 2646 3817 Hinc
2713 3764 2880 3818 rebus
2946 3765 3200 3821 omnibus
3261 3765 3492 3836 sapienti
3561 3767 3785 3822 ratione

2191 3853 2542 3924 praescriptis,
2591 3862 2646 3908 et
2696 3854 2764 3909 ad
2805 3853 2961 3910 ducis
3009 3855 3289 3926 ingenium
3336 3857 3585 3912 exercitu
3635 3865 3785 3912 tem-

2192 3953 2406 4015 perato,
2431 3944 2689 4016 omnique
2711 3945 2766 4000 in
2792 3944 2904 4010 Deo
2925 3946 2993 4001 de
3023 3947 3132 4000 illis
3153 3945 3250 4017 spe
3271 3947 3554 4012 collocata,
3582 3964 3785 4006 rursus

2193 4034 2262 4089 ad
2298 4045 2442 4090 tuam
2487 4035 2765 4091 civitatem
2813 4035 3042 4107 impigre
3077 4035 3235 4108 ,(540)
3295 4047 3376 4092 tot
3422 4038 3587 4092 l‘ebus
3607 4040 3788 4110 gestis

2195 4135 2251 4181 et
2293 4126 2395 4182 rite
2420 4124 2737 4200 compositis
2774 4125 3036 4181 accurris.
3058 4125 3180 4184 Non
3212 4126 3359 4182 enim
3390 4127 3565 4183 solum
3594 4139 3789 4184 certa-

1802 4278 2038 4337 VARIZE
2071 4277 2479 4334 LECTIONES.

2043 4413 2271 4472 ΝΟΤᾸΕ.

509 4545 620 4616 τῶν
649 4542 873 4614 Περσῶν
905 4544 1328 4616 δυσμαχώτατον
1364 4541 1521 4613 γένος
1567 4541 1714 4595 νῶτα
1746 4537 1930 4594 δοῦναί
1961 4553 2092 4590 ποτε
2127 4539 2169 4613 D
2199 4537 2531 4616 mentionem
2567 4537 3077 4616 facit.__Ilaec‘tamen
3111 4543 3495 4616 erantsedulo
3513 4542 3788 4616 notanda.

579 4355 684 4412 508
709 4374 772 4410 τυ
782 4373 872 4427 ρον
881 4354 1056 4426 μένων
1079 4352 1168 4410 ed.

519 4615 832 4676 Ῥωμαίοις.

449 4741 455 4746 ,
505 4633 892 4810 Ιιὲυξὲῖιῗὲηἱ
937 4684 1092 4754 quasi
1134 4684 1409 4755 legeretur
1445 4679 1814 4751 τυλουμένων,
1856 4687 1916 4734 ut
1957 4687 2092 4748 puto

527 4772 682 4810 egent
704 4768 816 4807 um.

527 4768 734 4810 εαειιιιυ
743 4768 793 4806 m
802 4792 816 4806 .

560 4797 877 4880 Ἠθθίᾝῖάε
924 4838 1112 4893 supra,
1137 4841 1192 4880 v.
1225 4825 1316 4890 6i,
1349 4837 1471 4892 qua:
1518 4821 1660 4877 circa
1684 4834 1873 4874 vocem
1905 4817 2004 4888 ὕλη
2037 4825 2093 4872 et

501 4893 730 4964 ἀφορμὴ
753 4893 1052 4964 attigimus,

574 4958 971 5027 5H.'Abares,
997 4978 1130 5034 gens
1161 4962 1272 5016 fera
1301 4967 1358 5016 et
1387 4961 1650 5015 Romanis
1673 4958 1905 5034 infensa,
1951 4973 2094 5028 quo-

503 5033 606 5088 ties
631 5037 777 5089 vires
811 5034 879 5088 ad
919 5029 1204 5089 inferenda
1235 5033 1430 5086 damna
1463 5039 1802 5100 receperant,
1826 5029 2082 5100 interpo-

502 5105 603 5176 sita
635 5115 788 5176 pacta
816 5119 930 5176 non
946 5117 1077 5176 esse
1103 5113 1313 5176 servata
1343 5099 1710 5176 causabantur
1733 5117 1748 5153 :
1783 5099 1910 5154 hinc
1937 5108 2086 5176 recte

501 5167 696 5230 Noster
715 5179 790 5228 ait
818 5176 876 5240 ἐξ
907 5172 1082 5236 ἔθους.
1115 5172 1293 5238 Plura,
1322 5188 1444 5242 quae
1483 5172 1590 5226 huc
1633 5178 1902 5242 spectant.
1934 5167 2086 5222 vide-

502 5245 580 5299 sis
611 5246 664 5299 in
703 5245 883 5300 Poem.
935 5244 1000 5296 de
1043 5243 1176 5296 bello
1221 5241 1384 5298 Abar.
1428 5242 1608 5298 Pisida
1683 5241 1892 5294 Abares
1931 5246 2088 5292 vocat

502 5314 634 5386 γένη
673 5317 808 5386 πρὸς
835 5314 1092 5386 ἑσπέραν,
1126 5329 1194 5367 eo
1222 5315 1368 5383 quod
1397 5312 1497 5383 ipsi
1527 5313 1634 5368 late
1671 5309 1946 5382 pervagati
1973 5307 2087 5378 jam

501 5385 571 5439 ad
592 5385 792 5440 Istrum
819 5385 1200 5438 consederant.

575 5456 700 5511 5t9.
743 5453 1128 5523 Theophanes,
1167 5452 1371 5522 p.256,
1413 5451 1580 5507 refert
1611 5449 1915 5506 Ileraclium
1950 5448 2082 5523 [ed-

503 5525 629 5580 iisse
685 5517 1000 5594 Byzantium
1029 5517 1185 5594 anno'
1218 5517 1504 5593 postquam
1534 5524 1681 5594 inde
1715 5530 1905 5576 contra
1948 5517 2082 5594 Per-

503 5610 592 5649 sas
637 5590 993 5648 dimicaturus
1038 5590 1391 5654 discesserat}
1451 5593 1546 5647 sed
1599 5607 1816 5646 causam
1867 5590 2080 5645 reticet.

505 5663 846 5734 Nicephorus
867 5663 1186 5734 Cpolitanus
1215 5675 1396 5718 autem
1421 5663 1602 5717 omnia
1629 5677 1910 5734 perperam
1945 5675 2083 5734 con-

506 5731 741 5789 tundens
770 5735 837 5788 de
881 5731 980 5788 hac
1016 5733 1188 5802 prima
1229 5735 1572 5801 expsditione
1615 5732 1842 5788 licraclii
1883 5731 2079 5785 nullam

2187 4625 2260 4666 ne
2288 4625 2397 4682 qua
2428 4610 2665 4682 oriretur
2691 4613 2998 4668 dillicultas.
3027 4614 3180 4682 Patet
3210 4615 3355 4670 enim
3373 4631 3435 4668 es
3467 4613 3645 4669 Pisida
3672 4614 3793 4670 He-

2191 4680 2846 4762 racliumﬁnno-imperii
2885 4683 2968 4738 sui
2995 4684 3078 4750 l5,
3113 4680 3454 4762 Chri‘stinfi‘25
3482 4700 3551 4739 ex
3581 4684 3788 4762 Arme-

2192 4751 2282 4805 nia
2323 4748 2387 4822 in
2423 4748 2730 4805 Thraciam'
2767 4748 3072 4817 reversum,
3121 4765 3181 4808 ut
3230 4754 3542 4822 fmdifragos
3571 4752 3789 4809 Abarcs

2193 4818 2548 4893 reprimeret:
2581 4835 2646 4893 ac
2668 4822 2855 4893 tribus
2887 4832 3008 4893 post
3048 4826 3205 4878 annis
3238 4841 3362 4880 cum
3395 4818 3584 4879 iisdem
3631 4823 3789 4878 Aba-

2193 4906 2282 4969 [es
2328 4890 2543 4969 _C_poli_m
2577 4891 2814 4969 diripere
2857 4890 3021 4969 atque
3053 4903 3302 4969 evertere
3331 4893 3705 4969 molitisuut,‘
3727 4893 3786 4969 in

2192 4958 2412 5014 Perside
2455 4958 2737 5016 Heraclius
2777 4958 3029 5034 degebat.
3053 4964 3189 5020 Vide
3229 4964 3304 5019 De
3332 4963 3465 5018 bello
3489 4964 3654 5018 Avar.
3675 4963 3790 5017 246

2191 5040 2247 5085 et
2273 5045 2425 5098 seqq.

2259 5099 2386 5154 524.
2423 5098 2630 5174 C_odex_
2659 5101 2749 5156 hic
2796 5101 2963 5158 habet
3001 5102 3353 5174 versiculum,
3390 5103 3482 5174 qui
3515 5103 3788 5174 legendus

2190 5186 2317 5226 mox
2353 5171 2502 5224 venit
2549 5171 2652 5226 sub
2695 5187 2926 5227 numero
2958 5174 3102 5229 528:
3140 5172 3284 5227 οὕτω
3313 5175 3376 5226 τὸ
3408 5171 3633 5234 πιστόν.
3672 5172 3787 5228 Nos

2190 5241 2741 5328 tanquan'infreptoaov
2777 5242 3286 5328 reiiciendum‘esse
3320 5244 3674 5328 pu‘tavin'ius;

2261 5310 2384 5365 556.
2429 5309 2812 5384 Theophanes,
2842 5309 2991 5384 ibid.
3025 5315 3080 5367 '0
3104 5313 3160 5367 δὲ
3193 5309 3446 5384 βασιλεὺς
3481 5313 3572 5367 τὸν
3611 5328 3784 5384 στρα-

2190 5381 2281 5435 τὸν
2345 5384 2442 5432 σὺν
2495 5380 2572 5454 τῷ
2628 5382 2918 5454 στρατηγῷ
2965 5380 3288 5454 καταλιπὼν
3347 5386 3428 5448 είς
3484 5380 3782 5454 Ἀρμενίαν

2192 5451 2821 5526 παραχειμάσαιηαὺτὸς
2848 5451 2944 5526 είς
2964 5452 3254 5526 Βυζάντιον
3283 5451 3644 5526 ὑπέστρεψεν.

2261 5521 2384 5576 540.
2429 5521 2584 5589 Saepe
2638 5521 2692 5574 in
2749 5521 3138 5579 ecclesiasticis
3183 5521 3500 5580 auctoribus
3539 5521 3783 5581 occurrit

2188 5592 2418 5646 verbum
2453 5589 2754 5662 κατορθόω,
2801 5608 2911 5662 quo
2945 5594 3052 5648 vita
3085 5595 3150 5648 ad
3190 5595 3516 5651 Christiana:
3559 5590 3781 5648 virtutis

2191 5676 2449 5732 normam
2497 5660 2746 5732 instituta
2799 5660 3151 5732 significatur,
3207 5673 3266 5719 ut
3323 5666 3413 5722 hic
3449 5665 3505 5720 in
3559 5665 3775 5720 Nostro.

2192 5731 2326 5786 \‘ide
2359 5729 2569 5784 Suiceri
2600 5731 2746 5784 Thes.
2780 5729 3070 5787 ecilrsiast.
