4048 6410
497 293 634 362 ιῖὗὸ

632 410 740 464 Τὸν
769 407 894 464 νοῦν
923 369 1014 460 τὸν
1039 406 1098 459 ἐν
1127 405 1210 458 σοὶ
1233 403 1310 474 τῷ
1335 403 1470 476 ξένῳ
1501 369 1686 474 aeota.
1723 403 1889 474 λόγῳ.
2113 410 2160 466 Α

705 501 913 565 Ταῦτα,
944 499 1217 569 στρατηγὲ
1249 497 1360 550 τῶν
1392 497 1574 566 σοφῶν
1602 496 2005 567 βουλευμάτων,

495 595 600 652 573
648 595 737 648 Ἐν
763 594 885 656 ταῖς
919 591 1184 667 ἀκάνθαις
1207 589 1309 657 τῆς
1336 589 1515 659 μάχης
1543 587 1914 658 πεπλεγμένα.

633 685 824 758 Εῦρὼν
854 685 924 738 τὰ
948 683 1070 738 θεῖα
1097 681 1206 735 τῶν
1231 681 1408 734 πόνων
1440 680 1548 742 τῶν
1585 679 1694 733 σῶν
1715 678 1867 750 ῥόδα,

629 777 803 848 Ἀνθη
829 793 890 830 τε
916 775 1088 829 πολλὰ
1119 772 1368 844 ψυχικῶν
1399 770 1711 842 ἀρωμάτων

635 871 762 924 Τῶν
784 869 894 922 σῶν
919 865 1197 937 λογισμῶν
1229 861 1551 931 συναγαγὼν
1585 861 1658 915 τὰ
1689 861 2006 932 σπέρματα,

638 962 732 1015 Σοὶ
758 960 910 1014 τόνδε
941 957 1174 1012 πλεκτὸν
1198 957 1459 1024 στέφανον
1494 955 1553 1020 ἐξ
1584 955 1864 1026 ἀκηράτου
1935 959 1939 964 ’

499 1057 604 1112 ’580
641 1054 920 1124 Λειμῶνος
945 1051 1082 1122 ἄρτι
1100 1048 1199 1118 τῆς
1221 1046 1488 1117 ἀληθείας,
1515 1046 1687 1117 φέρω.
1721 1084 1732 1093 .
1765 1088 1768 1092 .
1978 1116 1982 1122 .

639 1145 828 1215 Ὅμως
853 1142 910 1196 δὲ
936 1141 1138 1212 μικρῷ,
1177 1139 1272 1193 καὶ
1308 1125 1674 1210 βραχυδρόμιρ
1702 1137 1903 1206 σκάφει

639 1235 750 1307 Τὴν
776 1235 874 1304 σὴν
915 1232 1186 1286 Θάλατταν
1217 1223 1461 1300 ἑκπερᾷν
1484 1228 1795 1299 εἰθισμένος

637 1331 923 1402 ’Ἥμαρτον
955 1325 1130 1390 οὐδὲν,
1159 1325 1234 1396 μὴ
1261 1323 1595 1386 διαπλεύσας
1621 1323 1749 1394 ὃλην
1771 1337 1786 1353 ·

639 1422 804 1492 Ὅρος
837 1422 944 1492 γάρ
972 1421 1052 1482 εἰς
1076 1418 1302 1487 ἄπειρον
1333 1417 1432 1487 οὐχ
1459 1415 1723 1487 ὁρίζεται.

493 1512 598 1567 ἴ)ξῦ
720 1509 884 1575 Ἀλλ’,
915 1505 961 1564 ὦ
994 1508 1271 1580 στρατηγὲ
1298 1506 1408 1560 τῶν
1439 1507 1553 1562 ἄνω
1581 1506 1810 1561 καὶτῶν
1841 1507 1988 1561 κάτω

636 1601 750 1672 (Τῴ
777 1601 887 1670 γὰρ
910 1599 1056 1668 λόγῳ
1086 1615 1183 1651 σου
1205 1599 1314 1660 πᾶς
1342 1596 1636 1666 ὑφίσταται
1664 1596 1842 1664 λόγος,

635 1695 746 1746 Καὶ
777 1694 954 1746 πάντα
973 1691 1052 1762 τῷ
1084 1689 1160 1762 σῷ
1182 1689 1465 1762 συντρέχει
1491 1687 1790 1758 θελήματι·

635 1785 708 1837 Σὺ
741 1785 837 1854 τὴν
867 1783 1102 1838 ἄϐυσσον
1135 1779 1410 1851 ἀσφαλίζῃ
1435 1778 1511 1850 τῷ
1535 1779 1750 1850 κράτει,

636 1878 818 1940 Ποιείς
847 1876 905 1929 δὲ
933 1874 1032 1944 τὴν
1067 1873 1170 1944 γῆν
1193 1875 1250 1926 ὲν
1283 1872 1434 1942 μέσῳ
1461 1872 1757 1942 μετάρσιον
1778 1883 1790 1898 ·

494 1969 600 2025 590
638 1969 779 2030 Τοὺς
807 1967 1070 2038 οὐρανοὺς
1093 1965 1151 2016 δὲ
1189 1965 1398 2026 πάντας
1421 1962 1610 2032 ἁψῖδος
1643 1961 1806 2032 δίκην

637 2058 728 2129 Τῷ
759 2057 838 2128 σῷ
873 2045 1164 2120 κατειλεῖς,
1187 2055 1264 2118 ὼς
1301 2053 1498 2120 θέλεις,
1522 2051 1944 2122 προστάγματι·

635 2151 727 2204 Σοὶ
757 2151 905 2222 πᾶσα
936 2147 1099 2218 δούλη
1130 2147 1237 2200 τῶν
1267 2145 1560 2217 ὁρωμένων
1590 2143 1758 2218 ,φύσις

635 2244 748 2298 Καὶ
776 2243 883 2296 τῶν
918 2241 1060 2312 ὑπὲρ
1091 2240 1216 2293 νοῦν
1239 2241 1394 2292 πᾶσα
1422 2235 1706 2300 σύνδουλος
1739 2233 1942 2304 κτίσις)

637 2335 834 2402 Αὐτὸς,
865 2333 1150 2410 κράτιστε,
1181 2332 1291 2386 τῶν
1314 2331 1452 2386 ὅλων
1482 2330 1862 2398 παντόκρατορ

492 2432 598 2486 59-5
638 2431 750 2485 Καὶ
779 2429 888 2482 τῶν
912 2427 1036 2484 καθ’
1067 2425 1216 2498 ἡμᾶς
1247 2423 1588 2497 πραγμάτων
1617 2421 1868 2491 διαιρέτα

493 2607 654 2663 terris
699 2607 918 2676 polum,
959 2617 1106 2660 tuam
1151 2605 1446 2678 indigitans
1483 2615 1722 2660 mentem
1768 2605 1873 2658 hoc
1917 2615 2080 2674 perc-

491 2703 649 2772 grino
677 2715 954 2754 sermone.
1210 2751 1215 2758 ,
1331 2756 1334 2760 ,

561 2791 658 2860 llis
683 2807 804 2862 ego,
836 2790 942 2846 dux
975 2791 1308 2861 prudentum
1347 2789 1726 2854 consiliorum,
1757 2786 1905 2858 (575)
1932 2787 2078 2865 inter

490 2881 678 2952 spinas
701 2881 829 2936 belli
859 2881 1172 2952 implicatis,
1204 2879 1412 2936 sanctis
1432 2880 1680 2935 laborum
1700 2888 1915 2933 tuorum
1938 2875 2078 2931 rosis

489 2973 766 3038 inventis,
820 2975 1117 3043 multisque
1172 2972 1399 3027 ﬂoribus
1452 2971 1699 3026 vitalium
1747 2977 2072 3032 aromatum,

487 3079 612 3136 quae
635 3073 762 3123 sunt
793 3073 899 3120 tuae
918 3063 1158 3134 providae
1175 3062 1391 3124 ,mentis
1419 3061 1651 3126 semina,
1683 3058 1948 3124 collectis,
1977 3057 2075 3112 tibi

1791 281 2116 355 GEORGII
2177 279 2448 352 PISID/E

2108 1741 2153 1797 Β

3636 279 3778 353 1256

2331 399 2466 469 (Kal.
2491 399 2598 470 γὰρ
2623 397 2850 468 διαιρεϊς
2881 396 3070 460 πᾶσιν,
3101 395 3174 458 ὡς
3205 394 3402 462 θέλεις,
3432 397 3599 468 μόνος

2324 491 2438 556 Τὰς
2459 491 2558 553 σὰς
2579 491 2662 542 ἐνε
2673 491 2821 560 ργεῖς
2852 487 2960 552 τῶν
2981 488 3340 558 χαρισμάτων
3366 487 3592 562 δόσεις),

2324 584 2436 643 Τὰς
2466 583 2546 646 εἰς
2570 581 2628 634 σὲ
2661 581 3070 653 συμπλήρωσον
3103 581 3263 650 ἡμῶν
3293 580 3518 646 ἐλπίδας
3542 599 3559 615 ο

2335 675 2424 728 Ἐν
2461 675 2543 726 σοὶ
2571 673 2680 742 γὰρ
2711 673 2813 726 οὐκ
2846 673 3052 728 ἔνεστιν
3081 673 3306 740 ἐλλιπὴς
3333 674 3492 744 χάρις
3513 691 3528 705 ο

2179 765 2288 822 ιοο
2334 765 2546 818 Ἵθυνον
2572 765 2739 830 αὐτὸς
2759 764 2852 818 τὸν
2891 765 3000 826 σὸν,
3031 765 3107 827 ὼς
3129 765 3472 831 ὲπίστασαι,.

2327 853 2806 928 Ὕποστράτηγον.
2837 857 3016 910 πάντα
3045 857 3308 928 πράττειν
3334 859 3410 924 ὡς
3449 859 3646 924 θέλεις.
3710 853 3714 858 ’

2325 950 2560 1020 Ποίησον
2587 950 2751 1003 αὐτὸν
2779 950 2972 1003 πιστὸν
3003 951 3378 1024 ἀσπιδηφόρον

2323 1043 2446 1098 Τῶν
2473 1041 2714 1096 εὐσεϐῶν
2742 1059 2838 1096 σου
2869 1045 3144 1114 πανταχοῦ
3174 1048 3644 1117 προσταγμάτων.

2321 1133 2395 1185 Σὺ
2425 1131 2600 1196 δεῖξον
2623 1131 2786 1185 αὐτὸν
2811 1133 2926 1194 τοῖς
2954 1132 3225 1196 ἐναντίοις
3256 1133 3422 1204 φόϐον
3442 1149 3457 1163 '

2179 1224 2286 1280 405
2330 1225 2444 1296 Καὶ
2472 1225 2582 1288 πᾶς
2603 1241 2694 1302 τις,
2708 1223 3007 1293 ἀλλόφυλος
3033 1226 3113 1288 είς
3137 1220 3280 1296 αἷμα
3301 1227 3513 1300 τρέχων

2257 1357 2262 1362 .
2321 1317 2510 1390 Τούτῳ
2543 1315 2864 1387 «meum
2895 1317 2994 1372 σῦν
3025 1319 3219 1388 τρόμῳ
3238 1317 3332 1372 τὸν
3365 1319 3589 1389 αὐχένα.

2321 1407 2558 1478 Ποίησον
2587 1406 2738 1478 αὐτῷ
2767 1407 2877 1460 τῶν
2908 1407 3248 1476 φθασάντων.
3267 1411 3636 1480 πταισμάτων

2331 1497 2610 1569 Ἱδρῶτας,
2632 1497 2726 1562 οὒς
2753 1497 3000 1566 ἔσταξεν,
3028 1501 3110 1564 είς
3135 1499 3454 1573 καθάρσιονι

2315 1589 2482 1643 Λάϐοι
2509 1590 2630 1644 κατ’
2657 1589 2870 1662 ἐχθρῶν
2903 1590 3062 1646 διττὰ
3091 1593 3284 1666 νικῃτή
3296 1608 3407 1661 ρια.

2179 1680 2282 1734 410
2325 1681 2518 1750 Στήσοι
2545 1681 2781 1752 τρόπαια
2805 1682 2899 1736 καὶ
2925 1681 3114 1735 παθῶν
3140 1683 3234 1736 καὶ
3262 1683 3589 1756 Βαρϐάρων.

2318 1771 2830 1846 Πλήρωσοναὺτδν,
2864 1773 2942 1836 ὡς
2970 1772 3262 1828 ἐπίστασαι
3303 1775 3484 1843 μόνος,

2318 1865 2430 1937 Τῆς
2452 1867 2533 1929 εἰς
2557 1865 2616 1916 σὲ
2643 1865 2999 1949 θερμότητος,
3037 1866 3113 1929 ὼς
3139 1865 3229 1920 τὸν
3263 1867 3468 1932 Ἠλίαν,
3527 1847 3534 1852 ’

2326 1956 2423 2019 Ὃς
2450 1953 2778 2028 ἐκπυρώσας
2816 1956 2954 2027 πρὸς
2990 1956 3049 2010 σὲ
3083 1955 3206 2010 νοῦν
3235 1958 3329 2012 καὶ
3356 1958 3587 2030 καρδίαν

2319 2048 2464 2120 Πυρὶ
2493 2047 2630 2119 πρὸς
2653 2045 2788 2117 ὕψος
2823 2048 3051 2112 εἰκότως
3080 2049 3381 2120 ἡρπάζετο.

2181 2141 2288 2195 415
2330 2143 2440 2195 Καὶ
2465 2141 2643 2208 δεῖξον
2672 2142 2838 2196 αὐτὸν
2870 2143 3006 2195 πᾶσι
3037 2143 3242 2196 Μωσέα
3271 2145 3415 2206 νέον,

2341 2234 2428 2286 Ἐν
2455 2235 2521 2304 τῇ
2547 2235 2668 2285 κατ’
2696 2231 2908 2304 ἐχθρῶν
2935 2232 3154 2286 εὐσεϐεῖ
3186 2234 3462 2305 πανοπλίᾳ

2322 2326 2428 2378 Τὸν
2462 2324 2694 2398 σταυρὸν
2727 2325 3040 2378 ἐκτείνοντα
3065 2325 3174 2378 τῶν
3203 2325 3404 2396 χειρῶν
3436 2325 3628 2391 πλέον,

2311 2415 2526 2484 "Mica-71v
2559 2417 2768 2480 ἐκεῖνον
2793 2415 2851 2478 ὃς
2881 2415 3044 2486 βάτον
3082 2415 3312 2488 καὶπῦρ
3349 2416 3572 2487 βλέπων
3667 2417 3676 2425 ’

2179 2605 2397 2670 potens,
2437 2593 2584 2668 (595)
2619 2609 2912 2673 rerumque
2948 2583 3258 2652 nostrarum
3309 2597 3556 2652 omnium
3581 2598 3759 2654 distrio

2176 2691 2362 2754 butor,
2384 2687 2641 2759 quoniam
2688 2687 2886 2744 dividis
2917 2689 3196 2754 omnibus,
3241 2697 3404 2758 prout
3446 2689 3561 2752 vis,
3621 2691 3767 2746 solus

2179 2790 2300 2836 tuas
2323 2779 2569 2835 etlicaces
2592 2779 2984 2834 charismatum
3032 2779 3370 2850 largitiones,
3404 2787 3591 2836 nostra
3623 2781 3676 2834 in
3717 2790 3770 2836 te

2175 2874 2379 2946 perﬁce
2407 2873 2678 2928 desideria
2711 2890 2725 2926 :
2758 2872 2813 2926 in
2843 2880 2896 2926 te
2921 2871 3068 2927 enim
3101 2888 3210 2926 non
3243 2881 3327 2928 est
3359 2873 3621 2928 deﬁciens
3650 2889 3780 2944 gra-

2165 2968 2248 3022 'tia
2286 2967 2432 3037 (400)
2458 2975 2517 3022 ιιι
2543 2966 2716 3036 dirige
2748 2975 2925 3029 tuum,
2951 2974 3010 3020 ut
3046 2965 3189 3020 bene
3215 2965 3380 3032 nosti,
3417 2955 3770 3034 subimpcra-

2178 3069 2354 3116 torem
2381 3059 2450 3128 ad
2481 3059 2731 3116 facienda
2763 3058 2948 3114 omnia
2972 3065 3032 3113 ut
3061 3058 3162 3112 vis.
3184 3053 3300 3113 Fac
3333 3059 3514 3128 ipsum
3543 3057 3768 3112 ﬁdelem

489 3156 634 3210 hanc
656 3163 856 3210 textam
883 3170 1141 3210 coronam
1176 3170 1242 3209 ex
1277 3153 1568 3208 immortali
1611 3152 1760 3222 (580)
1791 3159 1948 3222 prato
1975 3164 2072 3204 ve—
2099 3161 2144 3220 (ζ
2173 3151 2346 3222 clypei
2365 3158 2700 3222 gestatorum
2728 3150 2783 3204 in
2809 3150 3066 3205 omnibus
3086 3150 3194 3204 tuis
3217 3149 3576 3206 sanctissimis
3602 3164 3769 3204 man-

487 3246 665 3301 ritatis
707 3261 858 3301 nunc
901 3245 1092 3300 oﬂero.
1135 3245 1408 3300 Caeterum
1454 3258 1578 3298 cum
1607 3256 1776 3312 parvo
1807 3249 1863 3294 et
1890 3239 2109 3314 brevis

485 3353 682 3394 cursus
712 3338 928 3409 navigio
957 3347 1112 3392 tuum
1136 3335 1711 3407 pelagus'percurrere
1733 3334 1837 3388 sim
1859 3341 2070 3396 suetus,

484 3443 615 3483 reus
655 3444 769 3483 non
799 3445 946 3501 agar,
977 3430 1124 3500 quod
1151 3443 1262 3482 non
1289 3429 1392 3483 sim
1418 3440 1678 3482 emensus
1707 3435 1881 3481 totum
1913 3441 1926 3478 :
1961 3435 2072 3480 tera

486 3522 672 3576 minus
707 3521 854 3576 enim
885 3522 1004 3577 sine
1033 3521 1269 3577 termino
1302 3521 1494 3590 nequit
1529 3519 1832 3574 terminari.

448 3609 460 3630 ’
558 3614 708 3684 (585)
730 3613 847 3680 Ast,
872 3629 906 3668 ο
926 3612 1036 3670 dux
1056 3614 1360 3670 ecelestium
1391 3622 1448 3669 et
1469 3613 1790 3679 inferorum,
1818 3609 2068 3682 quando-

485 3707 704 3778 quidem
738 3716 830 3762 tuo
854 3708 1020 3762 verbo
1042 3723 1206 3762 omne
1231 3707 1446 3763 exsistit
1473 3707 1699 3761 verbum
1733 3713 1789 3760 et
1812 3703 1993 3759 omnia
2010 3703 2066 3757 in

486 3811 634 3854 tuam
673 3805 1012 3855 concurrunt
1043 3799 1406 3862 voluntatem,
1454 3807 1532 3862 tu,
1561 3799 1652 3866 qui
1683 3797 1939 3879 abyssum
1971 3794 2064 3848 tir-

484 3907 602 3946 nias
627 3901 714 3945 tua
739 3890 1001 3960 potentia,
1033 3889 1276 3960 facisque
1302 3899 1500 3944 terrain
1531 3889 1586 3942 in
1613 3887 1802 3943 medio
1831 3901 2064 3956 suspen-

483 3993 620 4038 sam.
659 3979 804 4048 (590)
845 3992 1146 4048 omnesque
1180 3979 1349 4034 caelos
1383 3977 1609 4033 fat-uicis
1639 3977 1696 4029 in
1716 3973 1938 4029 modum
1969 3983 2064 4030 tuo

481 4068 676 4133 volvis,
697 4078 756 4123 ut
787 4071 890 4132 vis,
917 4069 1147 4139 imperio
1179 4088 1192 4122 :
1229 4078 1309 4136 tu,
1343 4070 1430 4124 cui
1456 4069 1635 4123 omnis
1677 4070 1844 4124 servit
1879 4085 2062 4124 rerum

481 4155 776 4210 visibilium
812 4165 1028 4222 natura,
1062 4165 1118 4212 et
1144 4156 1325 4213 omnis
1348 4165 1590 4212 mentem
1627 4159 1902 4214 excedens
1929 4174 2064 4214 con-

480 4244 652 4301 servit
683 4253 969 4310 creatura;
995 4254 1049 4300 tu
1075 4245 1220 4325 ipse,
1258 4247 1484 4316 optime,
1521 4246 1576 4300 in
1607 4248 1860 4302 omnibus
1883 4249 2064 4304 omni.

2170 3243 2332 3298 datis.
2363 3241 2444 3296 Tu
2478 3243 2657 3313 ipsum
2679 3241 2847 3297 redde
2869 3241 3104 3298 inimicis
3133 3241 3568 3310 formidandum;
3609 3242 3765 3313 (405)

2171 3343 2228 3390 et
2259 3334 2440 3389 omnis
2458 3334 2764 3404 alienigena
2805 3333 2858 3387 in
2894 3334 3071 3389 caedes
3095 3349 3262 3390 ruens
3297 3334 3398 3405 ipsi
3425 3333 3608 3389 ﬂectat
3635 3350 3764 3388 eum

2173 3434 2408 3482 tremore
2423 3426 2726 3486 cervicem.
2763 3425 2870 3480 Fac
2893 3434 2952 3481 ut
2985 3427 3036 3482 ei
3058 3427 3183 3488 .sint
3215 3436 3464 3482 veterum
3490 3441 3760 3486 noxarum

2170 3517 2420 3584 sudores,
2469 3532 2608 3588 quos
2635 3517 2849 3585 eﬂ'udit,
2891 3517 3152 3588 expiatio.
3185 3518 3469 3588 Duplicem
3515 3525 3758 3589 reportet

2172 3625 2239 3665 ex
2277 3610 2529 3666 hostibus
2562 3610 2881 3666 victoriam:
2917 3610 3063 3683 (M0)
3095 3611 3254 3666 sistat
3275 3619 3477 3682 tropaea
3503 3612 3570 3667 de
3612 3611 3764 3666 vitiis

2173 3717 2238 3757 ac
2266 3702 2335 3758 de
2355 3699 2630 3772 Barbaris,
2667 3701 2816 3774 reple
2853 3698 3052 3772 ipsum,
3099 3713 3161 3758 ut
3196 3713 3254 3758 tu
3285 3705 3432 3759 solus
3461 3704 3629 3766 nosti,
3664 3713 3766 3761 tuo

2171 3795 2228 3850 in
2253 3805 2307 3850 te
2335 3797 2570 3861 fervore,
2619 3796 2772 3850 velut
2808 3796 3002 3861 Eliam,
3031 3795 3122 3866 qui
3149 3811 3272 3867 erga
3298 3805 3360 3852 te
3387 3795 3767 3852 inﬂammatus

2171 3895 2408 3942 mentem
2449 3897 2506 3942 et
2536 3896 2728 3956 pectus
2769 3887 2839 3942 ab
2877 3886 3001 3958 igne
3043 3887 3101 3942 in
3133 3889 3301 3942 altum
3332 3888 3530 3942 merito
3569 3896 3769 3958 raptus

2169 3987 2274 4034 est.
2309 3978 2454 4050 (415)
2491 3978 2730 4034 Ostende
2766 3979 2945 4048 ipsum
2979 3979 3234 4035 omnibus
3271 3978 3485 4034 'Mosem
3527 3993 3764 4046 novum,

2167 4073 2260 4142 qui
2293 4072 2380 4141 pia
2409 4071 2656 4126 munitus
2688 4071 2742 4126 in
2769 4072 2958 4127 hostes
2995 4079 3268 4126 armatura
3307 4086 3526 4126 crucem
3561 4083 3768 4126 exten-

2168 4163 2261 4218 dat
2291 4165 2472 4234 potius
2505 4180 2666 4235 quam
2693 4179 2920 4230 manus;
2969 4165 3176 4219 Mosem
3226 4164 3376 4218 illum
3421 4163 3515 4234 qui
3559 4165 3767 4220 rubum

2167 4264 2224 4311 et
2250 4257 2428 4329 ignem
2465 4257 2658 4314 videns
2696 4265 2806 4313 tam
2850 4257 2990 4314 bene
3021 4257 3281 4330 cognovit
3322 4266 3470 4313 tuam
3518 4256 3575 4311 in
3621 4261 3770 4314 rubo

1733 4473 1738 4480 .
1768 4426 2004 4486 VARIAZ
2051 4431 2452 4490 LECTIONES.

547 4577 654 4636 584
683 4578 1008 4654 βαθυδρόμιρ
1037 4581 1094 4637 Ρ.
1172 4583 1278 4638 402
1305 4586 1666 4658 ἀσπιδοφόρον
1693 4587 1780 4641 ed.

2009 4677 2235 4740 NOTAE.

543 4835 669 4911 380.
711 4836 934 4911 Alludit,
975 4838 1188 4908 Opinor,
1239 4837 1306 4911 ad
1337 4838 1916 4911 metrumiamhicum,
1953 4855 2062 4910 quo
2095 4844 2141 4901 D
2237 4839 2361 4895 415.
2403 4831 2478 4894 IV
2515 4839 2640 4911 Reg.
2681 4855 2741 4903 ll,
2777 4834 2862 4894 il.

477 4907 648 4979 utitur
675 4925 690 4972 ;
718 4909 868 4974 quasi
901 4907 1045 4963 dicat
1068 4907 1214 4979 gesta
1248 4908 1484 4964 Heraclii
1505 4909 1660 4979 epieo
1679 4911 1924 4966 carmine
1945 4907 2060 4964 rne-

476 4977 668 5050 liuset
696 4979 914 5050 dignius
953 4977 1172 5034 tractari
1205 4980 1471 5048 potuisse.

543 5048 667 5124 ᾖξε).
683 5047 1013 5124 Cpiil'erqua:
1027 5047 1328 5124 sequuntur
1340 5063 1462 5103 cum
1485 5047 1742 5106 llexaem.
1757 5050 1826 5105 85
1839 5058 1894 5106 et
1904 5067 2055 5124 seqq.

542 5119 666 5172 596.
719 5119 738 5172 l
771 5120 898 5174 Cor.
930 5136 1028 5174 xu.
1061 5121 1114 5173 4.

540 5187 869 5262 407._l_‘isida
916 5200 1130 5262 veteres
1169 5191 1356 5262 culpas
1396 5189 1623 5248 Hcraclii
1653 5191 1944 5247 nominans
1973 5202 2062 5246 ta-

469 5257 612 5312 citus
636 5259 852 5332 videtur
874 5257 1278 5330 reprehendere
1308 5263 1525 5326 illicitas
1559 5267 1938 5332 nuptias,quas
1965 5265 2060 5316 ille

469 5343 592 5382 cum
636 5328 743 5383 ﬁlia
787 5328 994 5384 sororis
1035 5345 1148 5385 sme
1189 5333 1482 5388 contraxit.
1521 5328 1654 5387 [leni
1689 5328 2050 5392 acriterexa-

469 5399 616 5522 gitat.
647 5399 986 5470 Nicephorus
1009 5399 1134 5484 Cp.,
1165 5417 1216 5472 p.
1245 5404 1348 5484 l_0;
1379 5405 1470 5473 qui
1499 5411 1681 5457 tamen
1715 5403 1856 5485 illud.
1877 5405 2048 5470 addit,

509 5484 659 5522 erato
680 5473 1036 5522 vehementer
1068 5483 1288 5522 Instanti
1323 5482 1382 5522 ut
1423 5473 1668 5522 sceleslm
1705 5483 1908 5522 nimum
1937 5475 2048 5522 sol-

509 5470 659 5540 ergio
680 5473 1036 5542 vehementer
1068 5470 1288 5542 instanti
1323 5470 1668 5542 utsedeslge
1704 5473 1908 5540 nuptite
1937 5475 2048 5528 sol-

467 5539 742 5614 verentur,
762 5539 1068 5614 Heracliam
1092 5541 1163 5596 ita
1195 5539 1584 5614 respondisse:
1619 5539 1706 5606 Ὣς
1729 5539 1914 5612 εὗίμὲν
1936 5543 2049 5614 ἔχοι

465 5610 550 5685 τὰμ
569 5612 717 5685 παρὰ
755 5611 856 5685 Δσοὶ
903 5611 1171 5685 λεγόμενα
1191 5613 1258 5685 λδ
1288 5610 1398 5684 ἓίάρ
1430 5633 1512 5668 σοι
1543 5614 1719 5685 χρέως
1745 5610 1826 5680 ὡς
1854 5610 2046 5684 ἀρχιε-

467 5681 550 5756 ρεζ
577 5680 669 5730 καὶ
705 5681 844 5756 φίλῳ
867 5721 891 5756 ,_
912 5681 1010 5750 ήδη
1035 5680 1382 5756 άποδέδωκας
1401 5701 1414 5716 ·
1442 5685 1526 5752 ἐφ’
1547 5680 1681 5756 ’ὑμῖν
1702 5687 1758 5739 δὲ
1778 5688 1838 5740 τὸ
1862 5680 2048 5739 λοιπὸν

464 5748 706 5802 κείσεται
743 5752 810 5802 τά
831 5748 941 5820 τῆς
957 5753 1228 5822 πράξεως.

3067 4836 3095 4854 ι.

2231 4948 2357 5004 415.
2385 4949 2555 5003 Exod.
2592 4964 2750 5010 xviii,
2786 4947 2874 5012 ll,
2907 4949 3220 5003 communis
3249 4957 3334 5004 est
3368 4940 3592 5004 Patrum
3622 4964 3760 5005 seno

2163 5019 2330 5074 tentia
2357 5020 2542 5074 Mosen
2583 5019 2640 5072 in
2669 5018 2872 5072 vertice
2903 5019 3107 5073 montis
3133 5019 3522 5074 extendentem
3553 5035 3758 5076 manus

2159 5105 2282 5162 cum
2323 5091 2472 5162 virga
2522 5088 2692 5144 fuisse
2743 5089 3286 5162 symbol_um_Christi
3327 5093 3382 5144 in
3415 5105 3580 5162 cruce
3611 5104 3758 5160 pen-

2157 5161 2361 5226 dentis,
2395 5159 2504 5230 quo
2551 5175 2748 5214 manus
2780 5175 2908 5214 suas
2947 5159 3003 5212 in
3037 5159 3186 5230 ligno
3217 5175 3316 5229 pro
3359 5159 3519 5214 nobis
3543 5159 3758 5229 expan-

2156 5231 2321 5285 dente
2361 5229 2612 5285 diabolus
2662 5239 2968 5300 superatus,
2995 5229 3100 5284 est.
3135 5229 3515 5300 Theodoretus
3549 5231 3753 5294 Quaest.

2153 5302 2208 5354 in
2249 5302 2418 5372 Exod.
2456 5301 2525 5354 54
2551 5319 2562 5353 :
2594 5301 2702 5372 Τοῦ
2729 5298 3138 5370 σταυρωθέντος
3159 5298 3297 5372 ᾧπερ
3328 5301 3486 5372 ἡμῶν
3507 5301 3754 5372 ἐπλήρου

2155 5373 2246 5442 τὸν
2275 5370 2444 5442 τύπον
2477 5371 2733 5424 ἐκτείνων
2758 5372 2860 5442 τὰς
2873 5366 3066 5442 ’χεῖρας
3090 5385 3103 5398 ·
3131 5366 3552 5441 ὲδείχ6η’ῖτοίνυν
3579 5366 3670 5424 κάξ
3690 5372 3754 5422 ὲν

2151 5441 2232 5512 τῷ
2263 5441 2420 5511 τύπῳ
2463 5445 2562 5511 τῆς
2600 5439 2858 5512 ἀληθείας
2879 5437 2928 5511 ’ἧ
2967 5437 3218 5512 δύναμις.

2223 5543 2350 5598 418.
2399 5544 2570 5598 Exod.
2618 5561 2699 5606 Ill,
2732 5545 2788 5599 2.
2823 5545 2994 5601 Deum
3026 5561 3085 5600 re
3117 5561 3244 5600 vera
3275 5545 3360 5600 vel
3392 5545 3487 5600 Dei
3525 5545 3748 5609 Filium,

2157 5630 2270 5668 non
2317 5617 2569 5684 angelum
2619 5616 2938 5686 apparuiSse
2989 5615 3122 5670 Mosi
3157 5616 3365 5670 diserte
3397 5624 3630 5670 testatur
3659 5614 3749 5667 Pi-

2159 5687 2296 5746 sida,
2353 5695 2595 5738 veterum
2647 5687 2862 5740 Patrum
2913 5686 3156 5755 Opinioni
3195 5686 3573 5750 consentiens,
3610 5699 3749 5754 quos

2161 5757 2346 5810 laudat
2375 5755 2688 5824 Calmetius,
2725 5757 2778 5810 in
2812 5757 2926 5812 suis
2951 5757 3248 5812 Comment.
3287 5759 3343 5810 in
3375 5756 3639 5811 Exedunt.
