4048 6430
377 425 488 480 2Ἱῦ
525 415 994 490 Ταχυδρομούσαςη
1017 413 1269 488 μηχανὰς
1293 413 1389 470 καὶ
1414 413 1715 480 συνθέσεις,

523 521 635 576 Καὶ
659 518 757 583 τὰς
787 502 1047 583 ἐνόπλους
1073 517 1417 589 εὐτρεπίζειν
1443 515 1699 583 ὁλκάδας,

531 614 628 675 “Ag
654 609 752 664 καὶ
785 609 892 680 πρὸ
925 608 1121 663 πολλοῦ
1160 607 1478 680 συγκροτῶν
1511 608 1612 662 οὐκ
1641 607 1855 679 ἡμέλει.

524 699 598 754 Οὐ
633 697 742 770 γὰρ
770 697 1062 769 πρόσωπον
1093 691 1168 770 μὴ
1205 697 1374 753 θέλων
1404 699 1534 752 ἰδεῖν
1565 699 1770 770 μάχης.

525 788 786 861 Ἐτοιμον
811 783 958 858 εῖχεν
992 788 1052 855 ἐξ
1081 789 1330 860 ἀνάγκης
1359 788 1459 860 τὴν
1487 789 1692 860 μάχην,

381 893 490 948 9.80
527 887 770 963 Στρατοῦ
797 905 856 944 τε
885 889 1090 961 πλῆθος
1117 889 1469 955 ἐξαπέστειλε
1495 889 1730 962 φθάσας,

527 989 636 1044 Καὶ
661 990 762 1059 τῆς
795 987 918 1042 κατ’
945 985 1126 1041 αὐτῶν
1152 985 1454 1058 ἀσφαλείας
1473 985 1688 1058 ἠμέλει,

527 1087 714 1158 Μόνην
739 1087 977 1157 νομίζων
1001 1085 1224 1156 ἀσφαλῆ
1253 1085 1554 1158 σωτηρίαν,

529 1190 698 1260 Εἴπερ
725 1188 786 1242 τὸ
817 1188 994 1244 κοινὸν
1023 1186 1223 1258 εὑρεθῇ
1255 1187 1628 1258 σεσωσμένον’

527 1281 721 1354 Σχεδόν
748 1297 810 1334 τε
839 1281 1018 1346 πάσας
1049 1280 1148 1344 τὰς
1178 1279 1376 1336 ἑαυτοῦ
1401 1279 1691 1352 φροντίδας

391 1381 496 1436 285
533 1379 626 1446 Εἰς
649 1379 750 1445 τάς
775 1379 843 1435 δι’
866 1381 1015 1453 ἡμᾶς
1043 1379 1338 1452 ἀντανῂρει
1366 1379 1676 1452 φροντίδας,

530 1471 790 1526 Κίνδυνον
814 1471 1004 1544 ὥσπερ
1027 1471 1258 1543 ψυχικὸν
1284 1471 1460 1526 δοκῶν
1490 1471 1655 1542 ἔχειν,

529 1561 592 1626 El
619 1569 697 1642 μὴ
725 1569 792 1624 δι’
818 1571 966 1642 ἡμᾶς
1001 1571 1181 1626 πάντα
1205 1569 1450 1624 κίνδυνον
1487 1569 1674 1628 πάθοι.

529 1668 716 1733 οὕτως
747 1667 959 1722 ἕκαστα
982 1668 1078 1722 καὶ
1107 1667 1346 1722 κελεύων
1375 1668 1472 1722 καὶ
1495 1667 1724 1740 γράφων

530 1760 851 1834 Προῖστόρει
888 1759 990 1832 μὲν
1017 1759 1096 1831 τῷ
1115 1759 1260 1832 λόγῳ
1287 1759 1356 1814 τά
1383 1759 1706 1832 πράγματα,

383 1861 496 1922 290
542 1861 879 1933 Ἐζωγράφει
903 1861 962 1916 δὲ
993 1861 1070 1934 μὴ
1101 1859 1292 1934 παρὼν
1314 1861 1386 1916 τά
1415 1839 1516 1933 τῆς
1549 1861 1766 1940 μάχης,
1794 1875 1798 1879 ·

529 1961 754 2016 Τάττων
786 1960 1108 2034 στρατηγῶν
1141 1959 1543 2033 μηχανουρτῶν
1572 1959 1870 2032 ἐγγράφως

529 2055 611 2127 Τῇ
641 2053 749 2108 τῶν
780 2053 1058 2126 λογισμῶν
1082 2055 1304 2126 τεχνικῇ
1337 2053 1694 2126 λεπτουργίᾳ.

601 2146 677 2199 Οὐ
717 2145 828 2216 μὴν
853 2143 1226 2216 παρημελεῖτο
1258 2136 1328 2200 τά
1356 2145 1780 2216 προστάγματα,

541 2237 688 2292 Ἀλλ’
713 2233 784 2310 ἦν
807 2237 868 2292 τὸ
894 2237 1130 2310 γράμμα
1155 2231 1391 2310 πρᾶγμα
1421 2235 1882 2310 πεπληρωμένον,

393 2395 562 2452 tando
604 2395 711 2452 tela
761 2405 819 2452 et
851 2411 981 2453 saxa
1017 2395 1164 2468 (275)
1205 2395 1488 2452 versatiles
1536 2393 1805 2454 machinae
1854 2409 1974 2450 mo-

389 2481 605 2563 lesque,
638 2499 970 2562 armataeque
987 2497 1246 2561 aptentur
1273 2505 1464 2556 naves,
1485 2505 1619 2560 quas
1655 2489 1746 2543 ille
1764 2487 1972 2558 jamdiu

391 2583 642 2654 expediri
669 2591 972 2638 curaverat.
1003 2581 1220 2641 Faciem
1265 2583 1468 2652 quippe
1504 2596 1618 2636 non
1663 2581 1853 2636 volens
1888 2579 1974 2635 vi-

399 2674 533 2729 dere
547 2674 670 2729 belli
695 2681 1019 2744 praesentem
1043 2673 1235 2728 habuit
1255 2673 1380 2729 belli
1394 2672 1798 2728 necessitatem.
1824 2671 1972 2743 (280)

401 2763 486 2818 Et"
505 2763 736 2818 militum
769 2756 982 2833 copiam
1021 2763 1170 2818 misit
1201 2771 1530 2834 opportune,
1573 2763 1642 2819 de
1675 2777 1773 2818 sua
1804 2761 1976 2832 ipsius

406 2856 697 2911 seem-itate
727 2870 838 2910 non
860 2854 1090 2910 multum
1123 2854 1407 2920 sollicitus,
1439 2869 1606 2910 unam
1657 2863 1808 2926 ratus
1857 2867 1980 2909 esse

405 2957 613 3004 certam
647 2947 903 3016 salutem,
940 2947 988 3002 si
1014 2963 1197 3002 rerum
1227 2963 1440 3004 summa
1489 2947 1625 3002 nihil
1665 2946 1979 3002 detrimenti

405 3045 704 3108 pateretur,
743 3047 797 3094 et
839 3053 1030 3095 omnes
1063 3037 1178 3094 fere
1231 3053 1360 3096 suas
1385 3036 1805 3095 "sollicitudines
1831 3037 1978 3110 (285)

1585 342 1592 349 -
1631 303 1941 367 BELLUM
1975 304 2388 367 AVARICUM.

1994 424 2038 480 Α
2064 417 2172 474 295
2210 417 2439 471 Πάντων
2468 415 2764 486 προθύμως
2792 416 2888 470 καὶ
2914 416 3152 473 πολιτῶν
3185 417 3280 472 καὶ
3308 418 3495 486 ξένων,

3509 305 3644 372 1282

2206 507 2320 560 Kal.
2343 506 2452 560 τῶν
2476 506 2534 559 ὲν
2563 505 2758 576 ἀρχαῖς
2785 504 2884 558 καὶ
2923 505 3208 576 μεγίσταις
3233 506 3430 574 ἀξίαις,

2223 595 2676 668 ’Υποδραμόντων
2708 595 2836 657 τοὺς
2868 595 3149 660 ἑκουσίους
3171 597 3388 662 πόνους.

2211 687 2361 740 Ἔδει
2400 687 2531 757 γὰρ,
2561 681 2736 756 οἶμαι,
2768 685 2861 740 τὸν
2885 687 3138 741 τοσοῦτον
3163 688 3433 759 δεσπότην

2211 779 2395 852 Ἔχειν
2423 777 2715 844 τοσούτους
2741 779 2822 843 είς
2851 779 3101 852 ἀνάγκην
3123 781 3364 845 οἰκέτας,

2068 870 2172 928 500
2209 869 2274 925 Οἳ
2305 870 2403 934 τὰς
2428 869 2708 935 κελεύσεις
2737 870 2847 925 τῶν
2876 870 3056 942 σοφῶν
3085 871 3472 944 βουλευμάτων

2278 959 2560 1025 Μάθοντες
2583 959 2722 1034 ἔργα
2747 962 2874 1026 τοὺς
2902 961 3093 1031 λόγους
3126 962 3418 1018 ἐδείκνυον.

2211 1048 2398 1113 Οὕτως
2417 1050 2728 1123 ἀεικίνητος
2765 1047 2841 1106 ὧν
2859 1054 2888 1107 ὁ
2907 1052 3178 1122 δεσπότης

2208 1140 2373 1210 Τάχει
2406 1139 2682 1212 λογισμῶν
2712 1141 2808 1196 καὶ
2835 1141 3046 1214 φρενῶν
3073 1143 3350 1215 ἀπληστίᾳ

2209 1228 2502 1300 Πόρρωθεν
2528 1229 2694 1298 ἐγγὺς
2720 1231 2788 1301 τῇ
2816 1229 2972 1284 πόλει
2997 1231 3320 1301 παρίστατο,
3379 1275 3384 1279 .

1950 1393 1972 1415 ,⁸
2070 1321 2177 1378 505
2214 1323 2326 1376 Καὶ
2352 1323 2475 1392 ταῖς
2505 1321 2798 1393 μερίμναις
2827 1322 3106 1394 πανταχοῦ
3139 1324 3305 1395 συνῆν
3337 1324 3516 1394 μόνος,

2222 1411 2311 1475 Ὠς
2337 1407 2416 1475 εἷς
2437 1411 2698 1482 λογισμὸς
2719 1413 2839 1466 ἀντὶ
2861 1413 3080 1468 πάντων
3115 1414 3381 1486 ἀρκέσας.

2213 1503 2405 1572 Ὅμως
2427 1501 2489 1555 τὺ
2513 1501 2722 1574 πλῆθος
2755 1503 2866 1557 τῶν
2891 1503 3068 1558 πόνων
3089 1520 3204 1566 σου,
3229 1503 3488 1572 δέσποτα,

2208 1592 2305 1656 Et;
2335 1591 2524 1664 καιρὸν
2547 1595 2682 1666 ἡμῖν
2715 1591 2933 1648 εὔθετον
2957 1594 3244 1667 τηρητέον,

2225 1683 2313 1738 Ἐν
2337 1677 2382 1752 ᾧ
2406 1684 2687 1756 παρούσης
2712 1685 2810 1756 τῆς
2833 1685 3074 1758 γαλήνης
3100 1687 3158 1739 ἐν
3197 1687 3348 1757 μέσῳ

1998 1762 2042 1818 Β
2069 1773 2179 1831 510
2213 1774 2480 1848 Εὔκαιρος
2505 1774 2534 1829 ὁ
2559 1777 2724 1842 πλοῦς
2748 1777 2848 1848 τῆς
2873 1777 3115 1832 ἀϐύσσου
3141 1777 3249 1832 τῶν
3275 1777 3470 1847 λόγων.

2303 1867 2457 1920 Ἐπεὶ
2481 1867 2538 1920 δὲ
2563 1867 2786 1938 φρικτὸν
2809 1868 2842 1938 ή
2869 1869 3189 1939 περίστασις
3217 1865 3381 1938 φόϐον

2211 1941 2346 2030 Εἶχε
2368 1957 2638 2029 βλέπουσα
2663 1960 2762 2030 τῆς
2795 1959 2980 2030 μάχης
3007 1960 3074 2013 τά
3108 1961 3354 2030 κύματα,

2217 2047 2406 2112 Ἔδοξε
2433 2049 2548 2112 τοϊς
2577 2047 2807 2119 ἄρχουσι
2841 2050 2952 2112 τοῖς
2979 2047 3245 2119 ὑπηκόοις

2209 2141 2323 2196 Καὶ
2349 2139 2428 2212 τῷ
2461 2139 2751 2210 μαγίστρφ
2777 2138 2888 2194 τῶν
2925 2139 3169 2194 ἐνόπλων
3208 2139 3512 2209 ταγμάτων

2069 2233 2178 2289 515
2215 2234 2234 2305 (
2250 2231 2364 2287 ’Δεὶ
2391 2231 2498 2305 γὰρ
2529 2232 2660 2304 ὑμῖν
2687 2235 2770 2298 εἰς
2797 2232 2860 2286 τὸ
2887 2235 2995 2289 πᾶν
3030 2231 3366 2304 συνημμένοι

2080 2395 2248 2452 criter
2295 2412 2422 2452 cum
2478 2395 2690 2452 civibus
2746 2403 2862 2448 tum
2915 2391 3134 2455 exteris,
3189 2407 3403 2447 necnon
3461 2391 3528 2447 iis
3561 2394 3656 2462 qui

2081 2487 2253 2558 prima
2287 2497 2343 2546 .et
2381 2488 2614 2543 maxima
2661 2485 2886 2542 obibant
2937 2498 3189 2548 munera,
3247 2483 3660 2540 accurrentibus

2080 2581 2147 2635 ad
2186 2580 2398 2636 labores
2431 2581 2732 2636 ultroneos.
2758 2577 3056 2647 Oportebat
3099 2575 3264 2638 enim,
3299 2575 3517 2644 opinor,
3574 2584 3658 2630 ta-

2081 2673 2188 2728 lem
2216 2673 2496 2728 dominum
2537 2671 2672 2726 tales
2701 2670 2905 2725 habere
2942 2669 2998 2723 in
3033 2667 3360 2724 necessitate
3405 2667 3656 2734 famulos,

2088 2762 2238 2836 (500)
2273 2763 2366 2833 qui
2406 2763 2714 2834 sapientum
2748 2759 3101 2816 consiliorum
3131 2757 3404 2814 mandatis
3442 2759 3528 2814 vix
3567 2773 3662 2815 co-

2085 2853 2272 2926 gnitis,
2298 2855 2452 2926 jussa
2482 2853 2642 2910 factis
2667 2851 3105 2922 comprobarent.

2156 2943 2248 3000 Sic
2269 2944 2629 3016 irrequietum
2653 2958 2712 3000 se
2729 2957 2924 3016 gerens
2957 2942 3184 3012 despota
3211 2940 3422 2995 consilii
3475 2955 3662 3012 prom-

2084 3039 2358 3113 ptitudine
2387 3039 2694 3109 mentisque
2715 3035 3082 3091 immensitate
3131 3033 3215 3088 vel
3249 3049 3280 3088 a
3311 3033 3470 3105 longe
3494 3048 3663 3104 prope

403 3129 470 3186 in
501 3145 665 3184 unam
708 3140 962 3184 nostrum
1012 3129 1430 3185 sollicitudinem
1470 3138 1832 3186 converteret.
1887 3129 1984 3185 Pe-
2009 3123 2053 3180 ο
2087 3131 2153 3187 ad
2183 3131 2373 3186 urbem
2409 3131 2614 3197 stabat;
2663 3127 2809 3202 (505)
2841 3136 2895 3183 et
2926 3141 3024 3182 sua
3051 3125 3397 3196 providentia
3428 3125 3662 3180 ubicun-

403 3221 641 3275 riculum
671 3221 823 3290 quasi
859 3219 1055 3275 animae
1076 3219 1328 3290 judicans
1352 3220 1576 3287 habere,
1615 3220 1719 3278 nisi
1745 3236 1846 3292 pro
1879 3236 1982 3277 no-

403 3310 499 3366 bis
541 3325 705 3366 omne
753 3312 946 3366 subeat
993 3311 1319 3381 periculum.
1379 3309 1472 3366 Sic
1535 3311 1628 3367 ille
1671 3311 1982 3384 singulatim

403 3399 592 3456 omnia
625 3403 892 3459 mandans
921 3414 976 3458 et
1013 3401 1259 3458 scribens
1299 3417 1552 3458 sermone
1583 3404 1802 3474 quidem
1844 3395 1985 3474 prae—

402 3493 750 3548 monstrabat
777 3509 962 3564 opera.
999 3494 1148 3566 (290)
1186 3495 1522 3565 Depiugebat
1547 3504 1751 3562 autem,
1788 3513 1984 3568 quam-

404 3585 495 3639 vis
521 3585 738 3651 absens,
791 3599 880 3640 res
925 3584 1167 3651 bellicas,
1201 3585 1516 3656 disponens,
1546 3585 1839 3657 imperans,
1870 3604 1987 3644 ma-

403 3675 603 3730 chinas
635 3675 995 3746 praescribens
1043 3675 1182 3730 mira
1226 3675 1429 3748 ingenii
1457 3675 1756 3734 subtilitate
1807 3688 1862 3735 et
1897 3695 1992 3751 pe-

401 3766 560 3822 ritia.
763 3765 770 3771 ’

486 3855 673 3926 Neque
700 3856 855 3928 parvi
885 3856 1026 3913 facta
1066 3867 1198 3914 sunt
1225 3860 1522 3916 mandata:
1558 3861 1653 3916 sed
1693 3861 1839 3932 quod
1880 3861 1985 3918 fuit

402 3945 697 4018 scriptum,
739 3945 1020 4018 impletum
1046 3957 1132 4004 est
1151 3962 1337 4018 opere,
1363 3947 1509 4021 (295)
1563 3951 1818 4008 omnibus
1865 3953 1984 4008 ala-

2088 3237 2194 3294 que
2238 3223 2428 3278 aderat
2453 3221 2622 3288 solus,
2657 3229 2918 3290 tanquam
2958 3233 3069 3273 una
3099 3217 3355 3289 cogitatio
3389 3217 3664 3273 suﬂiciens

2088 3331 2187 3386 pro
2221 3315 2493 3370 omnibus.
2553 3314 2828 3370 Caeterum
2860 3317 3106 3365 ‘tuorum
3164 3309 3320 3380 copia
3379 3309 3661 3374 laborum,

2091 3407 2340 3477 despota,
2379 3407 2447 3462 ad
2478 3416 2691 3476 tempus
2723 3413 2807 3459 est
2830 3401 2961 3458 mihi
2991 3401 3452 3458 accommodatius
3480 3416 3661 3456 reser-

2091 3500 2289 3564 vanda,
2317 3497 2534 3568 quando
2563 3511 2696 3568 pace
2717 3502 3014 3565 apparente
3046 3493 3100 3547 in
3133 3491 3372 3547 medium
3394 3491 3540 3564 (3m)
3571 3491 3664 3548 ﬁet

2092 3589 2329 3645 secunda
2367 3587 2641 3659 navigatio
2674 3601 2771 3656 per
2803 3599 2952 3640 mare
2976 3582 3325 3652 eloquentiae.
3363 3661 3369 3666 _

2158 3679 2296 3736 Cum
2347 3679 2512 3751 igitur
2570 3675 2878 3733 horrendus
2929 3672 3172 3742 undique
3213 3671 3375 3727 timor
3438 3672 3668 3726 instaret

2087 3771 2253 3826 rebus
2287 3769 2358 3824 ob
2387 3777 2688 3840 praesentes
2713 3766 2838 3822 belli
2867 3763 3087 3829 ﬂuctus,
3118 3763 3296 3819 visum
3325 3772 3411 3819 est
3437 3764 3670 3818 ducibus

2088 3859 2440 3918 inferioribus
2475 3874 2692 3916 necnon
2733 3855 2992 3928 magistro
3023 3861 3360 3908 armatorum
3411 3855 3666 3910 ordinum

2053 3953 2240 4026 ‘(315)
2285 3951 2523 4026 (semper
2570 3951 2719 4008 enim
2757 3949 2854 4006 tibi
2907 3946 2986 4003 illi
3024 3947 3092 4002 ad
3151 3945 3336 4002 omnia
3389 3945 3667 4017 conjuncti

1203 4065 1276 4160 ω’
1715 4081 1948 4144 uane
1987 4081 2398 4139 LECTIONES.

479 4173 580 4231 28!
613 4173 816 4232 αύτδνΐ
887 4172 994 4230 298
1019 4179 1268 4230 τοσούτον
1298 4176 1360 4230 Ρ.

1917 4241 2148 4299 NOTAE.

404 4343 600 4406 tesque
641 4335 788 4406 ἔνδον
825 4337 1076 4406 γενέσθαι
1091 4335 1188 4392 τοῦ
1220 4336 1342 4391 νέου
1379 4332 1730 4406 Θεοδοσιακοῦ
1762 4333 1990 4406 ,τείχους

2095 4333 2412 4390 narratione
2439 4331 2508 4388 de
2539 4333 2686 4389 bello
2713 4333 2945 4390 Abarico
2981 4335 3126 4392 edita
3153 4351 3184 4392 a
3213 4335 3562 4392 Combeﬁsio.

400 4403 760 4494 ενοῦῐιταύτης
805 4403 906 4494 τῇς
957 4407 1226 4494 βασιλίδος
1258 4403 1990 4494 βπόλειωςκῖἱρομἠυξ-ξ’.ἰὲ
2022 4409 2068 4464 1)
2100 4403 2500 4494 Aeaeaque“
2544 4404 2713 4462 habet
2733 4489 2737 4494 I
2760 4405 3053 4472 τοσούτων,
3099 4407 3198 4462 sed
3230 4422 3394 4478 super
3424 4423 3470 4460 ω
3503 4421 3670 4477 appo-

401 4473 558 4543 Cpoli
587 4473 780 4548 Christ.
831 4473 926 4532 lib.
955 4473 994 4544 ἰ,
1033 4493 1088 4548 p.
1116 4477 1210 4548 ﬁt).
1258 4475 1365 4548 Sed
1398 4475 1584 4548 forsan
1617 4473 1739 4548 haec
1763 4473 1990 4548 intelligi

401 4553 639 4614 possunt
683 4546 752 4601 de
802 4561 960 4602 muro
1002 4543 1071 4604 ab
1115 4546 1364 4602 Heraclio
1413 4545 1480 4600 ad
1527 4543 1858 4614 Blachernas
1905 4543 1990 4598 iri-

404 4613 636 4680 SIructo,
669 4625 730 4671 ut
763 4626 951 4671 contra
980 4615 1244 4684 Barbaros
1271 4623 1415 4684 esset
1442 4614 1629 4682 templi
1663 4613 1946 4684 munimen
1975 4631 1990 4668 :

403 4699 536 4757 nam
567 4682 1152 4757 ingeodemChronico
1165 4683 1410 4757 paschali
1445 4702 1459 4738 :
1495 4685 1590 4756 Τῷ
1610 4683 1806 4757 ιε’ῌέτει
1835 4682 1994 4757 βασι-

401 4752 560 4836 ἰξίας
605 4753 925 4836 Ἡρακλείου
979 4752 1204 4836 ἐκτίσθη
1271 4755 1333 4808 τὸ
1389 4752 1572 4835 τεῖχος
1630 4752 1846 4836 ἔξωθεν
1881 4755 1992 4836 τῶν

407 4821 757 4906 Βλαχερνῶν..
795 4824 1036 4906 mng
1070 4821 1239 4906 τείχη
1279 4839 1401 4906 esse
1449 4821 1648 4906 opinor
1671 4823 1768 4906 .ita
1801 4825 1992 4880 mantia

406 4893 618 4965 gnum‘re
659 4903 719 4949 ut
743 4895 1024 4950 hostilium
1067 4893 1461 4952 tormentorum
1487 4893 1994 4965 machinarumque

404 4960 552 5033 ictus
577 4965 796 5022 retuudi
841 4966 1076 5033 possint.

483 5032 610 5105 Q78.
641 5032 920 5090 Heraclius
942 5033 1190 5105 quamvis
1208 5049 1236 5088 a
1254 5041 1508 5105 matreiet
1535 5034 1746 5091 civibus
1761 5034 1992 5090 multum

406 5101 642 5174 sollicite
676 5101 992 5174 revocatus,
1043 5113 1104 5159 ut
1136 5105 1285 5160 urbis
1333 5104 1576 5174 periculo
1625 5113 1991 5172 succurreret,

405 5172 589 5230 noluit
615 5191 646 5244 e
668 5171 898 5244 Perside
916 5175 1226 5244 proﬁcisci.
1258 5171 1629 5232 ne_Chrosroa
1659 5174 1804 5235 vires
1833 5171 1993 5230 resué

405 5251 602 5300 meret.
623 5243 770 5312 Idem
795 5243 1076 5300 confirmat
1109 5244 1290 5299 Pisida
1320 5244 1624 5300 Heracliad.
1661 5260 1701 5312 ι,
1733 5244 1856 5300 165.

480 5311 719 5386 280.11:
755 5313 1032 5369 Chronico
1075 5313 1324 5386 paschali
1359 5315 1664 5386 colligimus
1717 5314 1785 5368 ad
1841 5313 1992 5386 urbis

401 5383 1045 5456 defensionemAreperta
1076 5383 1286 5450 ’fuisse,
1316 5399 1462 5456 Acum
1493 5383 1800 5456 'Chaganus
1828 5383 1897 5440 de
1927 5400 1993 5440 ea

411 5451 982 5524 vastanda'cogitaret,
1015 5456 1260 5522 equitum
1299 5453 1589 5510 duodecim
1626 5451 1814 5524 millia.

477 5521 986 5595 281.‘Kat"at’m‘by
1027 5521 1160 5594 puto
1191 5524 1396 5595 dictum
1427 5539 1526 5595 pro
1564 5523 1687 5595 κατ’
1713 5523 1994 5595 αὑτοῦ,ιιιι

409 5605 556 5688 Ξὲρθ
601 5591 748 5662 ὑμᾶς
791 5609 890 5664 pro
924 5590 1173 5658 ecfcum
1210 5593 1392 5650 Pisida
1427 5590 1674 5665 loquitur
1713 5595 1782 5688 de
1820 5593 1992 5651 [lera-

405 5663 606 5786 digilS.
659 5729 976 5790 Consonant
1025 5731 1144 5800 haec
1192 5749 1316 5791 cum
1372 5733 1440 5791 iis
1487 5748 1608 5806 quae
1637 5735 1892 5808 leguntur
1934 5735 1990 5792 in

2097 4474 2262 4530 situm
2285 4481 2372 4530 est
2395 4490 2442 4528 0.

2167 4545 2292 4615 301ξ
2323 4541 2572 4615 Mandata
2607 4551 2714 4599 tam
2749 4543 2992 4600 studiose
3024 4545 3400 4615 pcrﬁciebant,
3423 4555 3484 4602 ut
3510 4561 3674 4604 exse-

2095 4613 2554 4685 cutioimperatis
2579 4615 2648 4685 ad
2676 4615 2936 4670 amussim
2969 4613 3343 4685 responderet.

2165 4683 2384 4756 308le
2409 4683 2664 4756 praestitit
2684 4685 2740 4738 in
2766 4683 3161 4756 poematiis'De
3182 4686 3364 4756 eiped.
3412 4683 3671 4750 Heraclii,

2094 4763 2152 4810 et
2181 4753 2237 4808 in
2267 4751 2611 4808 Hera'cliade.

2163 4823 2292 4880 515.
2332 4824 2636 4896 Ἀρχοντας
2667 4825 2970 4896 ὑπηκόους,
3005 4823 3193 4896 Sergio
3227 4824 3502 4894 subjectos
3529 4824 3678 4895 ejus-

2093 4909 2202 4965 que
2234 4893 2490 4966 parentes
2521 4893 2688 4966 dicto,
2733 4893 2970 4966 appellat
3024 4893 3301 4966 militares
3323 4893 3512 4960 duces,
3547 4893 3678 4966 pro-

2093 4961 2283 5036 pterea
2333 4961 2479 5034 quod
2525 4961 2702 5036 ipsum
2749 4961 2994 5036 Sérgium
3046 4965 3248 5035 primas
3289 4965 3432 5020 inter
3468 4961 3680 5036 omnes

2094 5035 2360 5116 tenuisse,
2381 5035 2640 5116 tanquam
2662 5035 3003 5093 verum’belli
3027 5036 3412 5106 imperatorem
3451 5035 3680 5090 demon-

2095 5112 2254 5159 stret.

2165 5175 2615 5247 514Μάγιστρος
2637 5176 2778 5247 idem
2795 5191 2860 5231 ac
2871 5173 3098 5247 ἡγεμὼν
3115 5173 3222 5228 τῶν
3237 5174 3459 5247 τάξεων.
3479 5173 3562 5247 pe
3581 5175 3686 5247 hac

2093 5259 2232 5318 voce
2285 5257 2343 5303 et
2374 5243 2656 5318 dignitate
2708 5245 2830 5318 vide
2877 5243 3182 5309 Dufresne,
3209 5244 3412 5318 ‘Gloss.
3455 5243 3678 5318 Αϐνανείε.

2093 5313 2352 5387 Magister
2380 5313 2698 5387 militumin
2734 5316 2871 5371 urbe
2902 5326 3033 5387 tunc
3059 5325 3177 5387 erat
3209 5313 3540 5387 Bonus_sive
3575 5313 3683 5387 ilo-

2093 5383 2301 5457 nos'us,
2329 5388 2413 5442 vir
2443 5385 2704 5457 patricius
2729 5395 2786 5442 et
2811 5386 3058 5442 illustris.
3089 5385 3358 5457 Nimirum
3401 5383 3682 5457 llera_clius

2093 5455 2151 5510 in
2178 5452 2461 5512 Persidem
2497 5457 2677 5512 iturus
2707 5457 2896 5511 urbem
2953 5457 3156 5526 regiam
3196 5454 3385 5526 Sergio
3426 5462 3486 5526 et
3529 5452 3682 5510 Bono

2093 5528 2609 5589 commendaverat;
2645 5527 2800 5582 testis
2831 5524 3229 5596 Theophanes,
3253 5524 3320 5594 pi
3339 5524 3447 5578 254

2165 5597 2291 5652 5l5.
2333 5598 2417 5652 En
2448 5605 2510 5652 ut
2538 5597 2738 5652 clarius
2765 5612 2959 5652 omnes
2988 5591 3022 5650 a
3061 5595 3234 5666 Scrgii
3259 5591 3399 5648 nutu
3437 5591 3683 5666 penden-

2096 5673 2180 5721 tes
2207 5666 2394 5722 faciat.
2427 5667 2616 5736 Neque
2641 5667 2790 5722 enim
2832 5667 3024 5722 dubito
3052 5662 3320 5736 iPisi'dam,
3351 5662 3499 5718 cum'
3533 5662 3682 5718 dicat

2096 5737 2226 5808 ὑμῖν
2269 5745 2325 5792 et
2353 5735 2610 5808 deinceps
2643 5739 2746 5800 col,
2775 5737 2920 5806 loqui
2947 5737 3012 5792 de
3041 5735 3250 5808 Sergio.
