  <div class='ocr_page' id='page_1' title='image "/cluster/home/n/w/nwhite01/storage/ocr_20150623/92/coo.31924054869965/686.png"; bbox 0 0 4048 6436; ppageno 0'>
   <div class='ocr_carea' id='block_1_1' title="bbox 375 376 508 447">
    <p class='ocr_par' dir='ltr' id='par_1_1' title="bbox 375 376 508 447">
     <span class='ocr_line' id='line_1_1' title="bbox 375 376 508 447; baseline 0.023 -3"><span class='ocrx_word' id='word_1_1' title='bbox 375 376 508 447; x_wconf 73' lang='grc'><strong>1341</strong></span> 
     </span>
    </p>
   </div>
   <div class='ocr_carea' id='block_1_2' title="bbox 439 492 1442 570">
    <p class='ocr_par' dir='ltr' id='par_1_2' title="bbox 439 492 1442 570">
     <span class='ocr_line' id='line_1_2' title="bbox 439 492 1442 570; baseline -0.005 -17"><span class='ocrx_word' id='word_1_2' title='bbox 439 499 636 570; x_wconf 85' lang='grc' dir='ltr'>Χαῖρε,</span> <span class='ocrx_word' id='word_1_3' title='bbox 671 494 861 550; x_wconf 81' lang='grc' dir='ltr'>πασῶν</span> <span class='ocrx_word' id='word_1_4' title='bbox 885 493 1087 564; x_wconf 75' lang='grc' dir='ltr'>γιενεῶν</span> <span class='ocrx_word' id='word_1_5' title='bbox 1115 492 1442 564; x_wconf 67' lang='grc' dir='ltr'>εὐφροσύνη.</span> 
     </span>
    </p>
   </div>
   <div class='ocr_carea' id='block_1_3' title="bbox 437 587 1228 660">
    <p class='ocr_par' dir='ltr' id='par_1_3' title="bbox 437 587 1228 660">
     <span class='ocr_line' id='line_1_3' title="bbox 437 587 1228 660; baseline -0.006 -15"><span class='ocrx_word' id='word_1_6' title='bbox 437 591 634 660; x_wconf 82' lang='grc' dir='ltr'><strong>Χαῖρε,</strong></span> <span class='ocrx_word' id='word_1_7' title='bbox 663 587 858 660; x_wconf 85' lang='grc' dir='ltr'>νύμφη</span> <span class='ocrx_word' id='word_1_8' title='bbox 893 587 1228 657; x_wconf 80' lang='grc' dir='ltr'>ἀνύμφευτε.</span> 
     </span>
    </p>
   </div>
   <div class='ocr_carea' id='block_1_4' title="bbox 442 675 1948 752">
    <p class='ocr_par' dir='ltr' id='par_1_4' title="bbox 442 675 1948 752">
     <span class='ocr_line' id='line_1_4' title="bbox 442 675 1948 752; baseline -0.003 -19"><span class='ocrx_word' id='word_1_9' title='bbox 442 682 698 752; x_wconf 81' lang='grc' dir='ltr'>Κήρυκες</span> <span class='ocrx_word' id='word_1_10' title='bbox 729 677 978 748; x_wconf 85' lang='grc' dir='ltr'>θεοφόροι</span> <span class='ocrx_word' id='word_1_11' title='bbox 1009 677 1296 746; x_wconf 78' lang='grc' dir='ltr'><strong>γεγονότες</strong></span> <span class='ocrx_word' id='word_1_12' title='bbox 1341 679 1389 730; x_wconf 89' lang='grc' dir='ltr'>οἱ</span> <span class='ocrx_word' id='word_1_13' title='bbox 1435 677 1636 744; x_wconf 82' lang='grc' dir='ltr'>Μάγοι,</span> <span class='ocrx_word' id='word_1_14' title='bbox 1680 675 1948 747; x_wconf 77' lang='grc' dir='ltr'>ὑπέστρε-</span> 
     </span>
    </p>
   </div>
   <div class='ocr_carea' id='block_1_5' title="bbox 364 767 1948 843">
    <p class='ocr_par' dir='ltr' id='par_1_5' title="bbox 364 767 1948 843">
     <span class='ocr_line' id='line_1_5' title="bbox 364 767 1948 843; baseline -0.004 -18"><span class='ocrx_word' id='word_1_15' title='bbox 364 773 478 843; x_wconf 74' lang='grc' dir='ltr'><strong>ψαν</strong></span> <span class='ocrx_word' id='word_1_16' title='bbox 506 773 587 835; x_wconf 81' lang='grc' dir='ltr'>εἰς</span> <span class='ocrx_word' id='word_1_17' title='bbox 613 772 713 842; x_wconf 80' lang='grc' dir='ltr'>τὴν</span> <span class='ocrx_word' id='word_1_18' title='bbox 736 767 1077 833; x_wconf 73' lang='grc' dir='ltr'>Βαϐυλῶνα,</span> <span class='ocrx_word' id='word_1_19' title='bbox 1122 769 1506 832; x_wconf 72' lang='grc' dir='ltr'><strong>ἐκτελέσαντες</strong></span> <span class='ocrx_word' id='word_1_20' title='bbox 1557 787 1651 821; x_wconf 86' lang='grc' dir='ltr'><strong>σου</strong></span> <span class='ocrx_word' id='word_1_21' title='bbox 1689 769 1780 822; x_wconf 82' lang='grc' dir='ltr'>τὸν</span> <span class='ocrx_word' id='word_1_22' title='bbox 1813 785 1948 839; x_wconf 85' lang='grc' dir='ltr'>χρη-</span> 
     </span>
    </p>
   </div>
   <div class='ocr_carea' id='block_1_6' title="bbox 369 859 1948 934">
    <p class='ocr_par' dir='ltr' id='par_1_6' title="bbox 369 859 1948 934">
     <span class='ocr_line' id='line_1_6' title="bbox 369 859 1948 934; baseline -0.003 -18"><span class='ocrx_word' id='word_1_23' title='bbox 369 862 532 934; x_wconf 77' lang='grc' dir='ltr'>σμὸν,</span> <span class='ocrx_word' id='word_1_24' title='bbox 562 863 658 915; x_wconf 71' lang='grc' dir='ltr'>καὶ</span> <span class='ocrx_word' id='word_1_25' title='bbox 685 859 1024 932; x_wconf 80' lang='grc' dir='ltr'>κηρύξαντές</span> <span class='ocrx_word' id='word_1_26' title='bbox 1055 877 1114 914; x_wconf 88' lang='grc' dir='ltr'><strong>σε</strong></span> <span class='ocrx_word' id='word_1_27' title='bbox 1143 861 1234 913; x_wconf 83' lang='grc' dir='ltr'>τὸν</span> <span class='ocrx_word' id='word_1_28' title='bbox 1259 861 1492 930; x_wconf 79' lang='grc' dir='ltr'>Χριστὸν</span> <span class='ocrx_word' id='word_1_29' title='bbox 1513 860 1714 914; x_wconf 70' lang='grc' dir='ltr'>ἅπασιν</span> <span class='ocrx_word' id='word_1_30' title='bbox 1735 877 1750 891; x_wconf 77' lang='grc' dir='ltr'><strong>ο</strong></span> <span class='ocrx_word' id='word_1_31' title='bbox 1783 861 1948 928; x_wconf 79' lang='grc' dir='ltr'>ἀφέν-</span> 
     </span>
    </p>
   </div>
   <div class='ocr_carea' id='block_1_7' title="bbox 362 951 1871 1024">
    <p class='ocr_par' dir='ltr' id='par_1_7' title="bbox 362 951 1871 1024">
     <span class='ocr_line' id='line_1_7' title="bbox 362 951 1871 1024; baseline -0.001 -18"><span class='ocrx_word' id='word_1_32' title='bbox 362 971 459 1016; x_wconf 86' lang='grc' dir='ltr'><strong>τες</strong></span> <span class='ocrx_word' id='word_1_33' title='bbox 493 953 582 1006; x_wconf 63' lang='grc' dir='ltr'>τὶν</span> <span class='ocrx_word' id='word_1_34' title='bbox 626 952 892 1024; x_wconf 74' lang='grc' dir='ltr'>Ἡρώδην,</span> <span class='ocrx_word' id='word_1_35' title='bbox 923 953 1001 1016; x_wconf 84' lang='grc' dir='ltr'>ὡς</span> <span class='ocrx_word' id='word_1_36' title='bbox 1031 951 1264 1023; x_wconf 83' lang='grc' dir='ltr'>λυρῶδη,</span> <span class='ocrx_word' id='word_1_37' title='bbox 1303 953 1377 1022; x_wconf 81' lang='grc' dir='ltr'>μὴ</span> <span class='ocrx_word' id='word_1_38' title='bbox 1411 951 1588 1004; x_wconf 72' lang='grc' dir='ltr'>εἰδότα</span> <span class='ocrx_word' id='word_1_39' title='bbox 1615 951 1835 1021; x_wconf 63' lang='grc' dir='ltr'>ψάλλειν</span> <span class='ocrx_word' id='word_1_40' title='bbox 1858 965 1871 978; x_wconf 83' lang='grc'>⁶</span> 
     </span>
    </p>
   </div>
   <div class='ocr_carea' id='block_1_8' title="bbox 454 1026 1253 1114">
    <p class='ocr_par' dir='ltr' id='par_1_8' title="bbox 454 1026 1253 1114">
     <span class='ocr_line' id='line_1_8' title="bbox 454 1026 1253 1114; baseline 0 -16"><span class='ocrx_word' id='word_1_41' title='bbox 454 1043 788 1114; x_wconf 81' lang='grc' dir='ltr'>Ἀλληλούῖα.</span> <span class='ocrx_word' id='word_1_42' title='bbox 909 1077 923 1088; x_wconf 90' lang='lat'><strong>-</strong></span> <span class='ocrx_word' id='word_1_43' title='bbox 1249 1026 1253 1031; x_wconf 39' lang='grc'><strong>”</strong></span> 
     </span>
    </p>
   </div>
   <div class='ocr_carea' id='block_1_9' title="bbox 441 1132 1946 1207">
    <p class='ocr_par' dir='ltr' id='par_1_9' title="bbox 441 1132 1946 1207">
     <span class='ocr_line' id='line_1_9' title="bbox 441 1132 1946 1207; baseline -0.004 -17"><span class='ocrx_word' id='word_1_44' title='bbox 441 1136 676 1206; x_wconf 77' lang='grc' dir='ltr'>Λάμψας</span> <span class='ocrx_word' id='word_1_45' title='bbox 711 1138 768 1188; x_wconf 84' lang='grc' dir='ltr'>ὲν</span> <span class='ocrx_word' id='word_1_46' title='bbox 791 1137 857 1207; x_wconf 79' lang='grc' dir='ltr'><strong>τῇ</strong></span> <span class='ocrx_word' id='word_1_47' title='bbox 894 1135 1154 1206; x_wconf 85' lang='grc' dir='ltr'>Αἰγύπτῳ</span> <span class='ocrx_word' id='word_1_48' title='bbox 1180 1133 1458 1204; x_wconf 79' lang='grc' dir='ltr'>φωτισμὸν</span> <span class='ocrx_word' id='word_1_49' title='bbox 1481 1133 1758 1202; x_wconf 75' lang='grc' dir='ltr'>ἀληθείας,</span> <span class='ocrx_word' id='word_1_50' title='bbox 1794 1132 1946 1186; x_wconf 75' lang='grc' dir='ltr'><strong>ἐξίω-</strong></span> 
     </span>
    </p>
   </div>
   <div class='ocr_carea' id='block_1_10' title="bbox 374 1225 1942 1298">
    <p class='ocr_par' dir='ltr' id='par_1_10' title="bbox 374 1225 1942 1298">
     <span class='ocr_line' id='line_1_10' title="bbox 374 1225 1942 1298; baseline -0.002 -17"><span class='ocrx_word' id='word_1_51' title='bbox 374 1227 471 1294; x_wconf 81' lang='grc' dir='ltr'><strong>ξα;</strong></span> <span class='ocrx_word' id='word_1_52' title='bbox 495 1226 590 1280; x_wconf 83' lang='grc' dir='ltr'><strong>τοῦ</strong></span> <span class='ocrx_word' id='word_1_53' title='bbox 619 1226 934 1298; x_wconf 71' lang='grc' dir='ltr'>ψεύδουςτδ</span> <span class='ocrx_word' id='word_1_54' title='bbox 963 1225 1150 1288; x_wconf 79' lang='grc' dir='ltr'>σκότος</span> <span class='ocrx_word' id='word_1_55' title='bbox 1171 1243 1186 1257; x_wconf 75' lang='grc' dir='ltr'><strong><em>ο</em></strong></span> <span class='ocrx_word' id='word_1_56' title='bbox 1235 1226 1302 1279; x_wconf 74' lang='grc' dir='ltr'><strong>τὰ</strong></span> <span class='ocrx_word' id='word_1_57' title='bbox 1345 1225 1452 1296; x_wconf 78' lang='grc' dir='ltr'><strong>γὰρ</strong></span> <span class='ocrx_word' id='word_1_58' title='bbox 1497 1227 1687 1280; x_wconf 83' lang='grc' dir='ltr'>εῖδωλα</span> <span class='ocrx_word' id='word_1_59' title='bbox 1721 1227 1942 1298; x_wconf 78' lang='grc' dir='ltr'>ταύτης,</span> 
     </span>
    </p>
   </div>
   <div class='ocr_carea' id='block_1_11' title="bbox 371 1317 1944 1392">
    <p class='ocr_par' dir='ltr' id='par_1_11' title="bbox 371 1317 1944 1392">
     <span class='ocr_line' id='line_1_11' title="bbox 371 1317 1944 1392; baseline -0.001 -20"><span class='ocrx_word' id='word_1_60' title='bbox 371 1321 584 1390; x_wconf 80' lang='grc' dir='ltr'>Σωτὴρ,</span> <span class='ocrx_word' id='word_1_61' title='bbox 616 1319 692 1392; x_wconf 81' lang='grc' dir='ltr'>μὴ</span> <span class='ocrx_word' id='word_1_62' title='bbox 727 1319 1029 1388; x_wconf 80' lang='grc' dir='ltr'>ὲνέγκαντά</span> <span class='ocrx_word' id='word_1_63' title='bbox 1057 1335 1150 1372; x_wconf 90' lang='grc' dir='ltr'><strong>σου</strong></span> <span class='ocrx_word' id='word_1_64' title='bbox 1184 1317 1281 1388; x_wconf 76' lang='grc' dir='ltr'>τὴν</span> <span class='ocrx_word' id='word_1_65' title='bbox 1321 1319 1474 1387; x_wconf 73' lang='grc' dir='ltr'>ἰσχὺν</span> <span class='ocrx_word' id='word_1_66' title='bbox 1522 1319 1810 1370; x_wconf 77' lang='grc' dir='ltr'>πέπτωκεν</span> <span class='ocrx_word' id='word_1_67' title='bbox 1895 1319 1944 1370; x_wconf 83' lang='grc' dir='ltr'>οἱ</span> 
     </span>
    </p>
   </div>
   <div class='ocr_carea' id='block_1_12' title="bbox 309 1411 1784 1484">
    <p class='ocr_par' dir='ltr' id='par_1_12' title="bbox 309 1411 1784 1484">
     <span class='ocr_line' id='line_1_12' title="bbox 309 1411 1784 1484; baseline -0.003 -20"><span class='ocrx_word' id='word_1_68' title='bbox 309 1416 320 1422; x_wconf 88' lang='grc'><strong><em>“</em></strong></span> <span class='ocrx_word' id='word_1_69' title='bbox 367 1413 585 1467; x_wconf 73' lang='grc' dir='ltr'>τούτων.</span> <span class='ocrx_word' id='word_1_70' title='bbox 603 1412 660 1466; x_wconf 80' lang='grc' dir='ltr'>δὲ</span> <span class='ocrx_word' id='word_1_71' title='bbox 693 1411 978 1484; x_wconf 81' lang='grc' dir='ltr'>ρυσθέντες</span> <span class='ocrx_word' id='word_1_72' title='bbox 1006 1411 1171 1464; x_wconf 70' lang='grc' dir='ltr'>ἐϐόων</span> <span class='ocrx_word' id='word_1_73' title='bbox 1204 1411 1340 1482; x_wconf 72' lang='grc' dir='ltr'>πρὸς</span> <span class='ocrx_word' id='word_1_74' title='bbox 1361 1411 1460 1480; x_wconf 77' lang='grc' dir='ltr'>τὴν</span> <span class='ocrx_word' id='word_1_75' title='bbox 1486 1411 1746 1463; x_wconf 72' lang='grc' dir='ltr'>θεοτὸκον</span> <span class='ocrx_word' id='word_1_76' title='bbox 1771 1425 1784 1437; x_wconf 74' lang='grc' dir='ltr'><strong>ο</strong></span> 
     </span>
    </p>
   </div>
   <div class='ocr_carea' id='block_1_13' title="bbox 441 1585 1458 1660">
    <p class='ocr_par' dir='ltr' id='par_1_13' title="bbox 441 1585 1458 1660">
     <span class='ocr_line' id='line_1_13' title="bbox 441 1585 1458 1660; baseline -0.004 -17"><span class='ocrx_word' id='word_1_77' title='bbox 441 1589 638 1658; x_wconf 83' lang='grc' dir='ltr'>Χαῖρε,</span> <span class='ocrx_word' id='word_1_78' title='bbox 669 1587 969 1660; x_wconf 79' lang='grc' dir='ltr'>ἀνόρθωσις</span> <span class='ocrx_word' id='word_1_79' title='bbox 998 1588 1110 1640; x_wconf 87' lang='grc' dir='ltr'><strong>τῶν</strong></span> <span class='ocrx_word' id='word_1_80' title='bbox 1135 1585 1458 1658; x_wconf 83' lang='grc' dir='ltr'>ἀνθρώπων.</span> 
     </span>
    </p>
   </div>
   <div class='ocr_carea' id='block_1_14' title="bbox 441 1677 1547 1756">
    <p class='ocr_par' dir='ltr' id='par_1_14' title="bbox 441 1677 1547 1756">
     <span class='ocr_line' id='line_1_14' title="bbox 441 1677 1547 1756; baseline -0.007 -21"><span class='ocrx_word' id='word_1_81' title='bbox 441 1683 636 1751; x_wconf 84' lang='grc' dir='ltr'>Χαῖρε,</span> <span class='ocrx_word' id='word_1_82' title='bbox 673 1681 1025 1743; x_wconf 79' lang='grc' dir='ltr'>κατάπτωοις</span> <span class='ocrx_word' id='word_1_83' title='bbox 1053 1679 1161 1732; x_wconf 89' lang='grc' dir='ltr'><strong>τῶν</strong></span> <span class='ocrx_word' id='word_1_84' title='bbox 1190 1677 1483 1748; x_wconf 85' lang='grc' dir='ltr'>δαιμόνων.</span> <span class='ocrx_word' id='word_1_85' title='bbox 1542 1752 1547 1756; x_wconf 22' lang='grc' dir='ltr'>ι</span> 
     </span>
    </p>
   </div>
   <div class='ocr_carea' id='block_1_15' title="bbox 437 1769 1719 1844">
    <p class='ocr_par' dir='ltr' id='par_1_15' title="bbox 437 1769 1719 1844">
     <span class='ocr_line' id='line_1_15' title="bbox 437 1769 1719 1844; baseline 0 -18"><span class='ocrx_word' id='word_1_86' title='bbox 437 1773 634 1844; x_wconf 84' lang='grc' dir='ltr'>Χαῖρε,</span> <span class='ocrx_word' id='word_1_87' title='bbox 665 1773 762 1840; x_wconf 85' lang='grc' dir='ltr'>τῆς</span> <span class='ocrx_word' id='word_1_88' title='bbox 793 1773 1006 1842; x_wconf 80' lang='grc' dir='ltr'><strong>ἀπάτης</strong></span> <span class='ocrx_word' id='word_1_89' title='bbox 1037 1773 1135 1840; x_wconf 77' lang='grc' dir='ltr'>τὴν</span> <span class='ocrx_word' id='word_1_90' title='bbox 1165 1769 1372 1842; x_wconf 80' lang='grc' dir='ltr'>πλάνην</span> <span class='ocrx_word' id='word_1_91' title='bbox 1403 1770 1719 1842; x_wconf 83' lang='grc' dir='ltr'>πατήσασα.</span> 
     </span>
    </p>
   </div>
   <div class='ocr_carea' id='block_1_16' title="bbox 439 1861 1631 1934">
    <p class='ocr_par' dir='ltr' id='par_1_16' title="bbox 439 1861 1631 1934">
     <span class='ocr_line' id='line_1_16' title="bbox 439 1861 1631 1934; baseline -0.002 -16"><span class='ocrx_word' id='word_1_92' title='bbox 439 1865 634 1934; x_wconf 83' lang='grc' dir='ltr'>Χαῖρε,</span> <span class='ocrx_word' id='word_1_93' title='bbox 669 1863 780 1916; x_wconf 86' lang='grc' dir='ltr'><strong>τῶν</strong></span> <span class='ocrx_word' id='word_1_94' title='bbox 803 1861 1035 1916; x_wconf 75' lang='grc' dir='ltr'>εἰδώλων</span> <span class='ocrx_word' id='word_1_95' title='bbox 1053 1863 1145 1916; x_wconf 82' lang='grc' dir='ltr'>τὸν</span> <span class='ocrx_word' id='word_1_96' title='bbox 1169 1862 1317 1916; x_wconf 81' lang='grc' dir='ltr'>δόλον</span> <span class='ocrx_word' id='word_1_97' title='bbox 1343 1861 1631 1930; x_wconf 80' lang='grc' dir='ltr'>ὲλέγξασα.</span> 
     </span>
    </p>
   </div>
   <div class='ocr_carea' id='block_1_17' title="bbox 439 1954 1832 2028">
    <p class='ocr_par' dir='ltr' id='par_1_17' title="bbox 439 1954 1832 2028">
     <span class='ocr_line' id='line_1_17' title="bbox 439 1954 1832 2028; baseline -0.002 -17"><span class='ocrx_word' id='word_1_98' title='bbox 439 1956 639 2028; x_wconf 85' lang='grc' dir='ltr'>Χαῖρε,</span> <span class='ocrx_word' id='word_1_99' title='bbox 671 1955 914 2011; x_wconf 86' lang='grc' dir='ltr'>θάλασσα</span> <span class='ocrx_word' id='word_1_100' title='bbox 956 1955 1252 2010; x_wconf 83' lang='grc' dir='ltr'>ποντίσασα</span> <span class='ocrx_word' id='word_1_101' title='bbox 1279 1954 1476 2027; x_wconf 76' lang='grc' dir='ltr'>Φαραῶ</span> <span class='ocrx_word' id='word_1_102' title='bbox 1505 1955 1594 2008; x_wconf 78' lang='grc' dir='ltr'>τὸν</span> <span class='ocrx_word' id='word_1_103' title='bbox 1620 1957 1832 2022; x_wconf 81' lang='grc' dir='ltr'>νοητόν.</span> 
     </span>
    </p>
   </div>
   <div class='ocr_carea' id='block_1_18' title="bbox 432 2130 1944 2206">
    <p class='ocr_par' dir='ltr' id='par_1_18' title="bbox 432 2130 1944 2206">
     <span class='ocr_line' id='line_1_18' title="bbox 432 2130 1944 2206; baseline -0.002 -18"><span class='ocrx_word' id='word_1_104' title='bbox 432 2135 635 2204; x_wconf 83' lang='grc' dir='ltr'>Χαῖρε,</span> <span class='ocrx_word' id='word_1_105' title='bbox 689 2132 868 2206; x_wconf 76' lang='grc' dir='ltr'>πέτρα</span> <span class='ocrx_word' id='word_1_106' title='bbox 917 2133 950 2205; x_wconf 75' lang='grc' dir='ltr'><strong>ἡ</strong></span> <span class='ocrx_word' id='word_1_107' title='bbox 1012 2131 1284 2186; x_wconf 87' lang='grc' dir='ltr'>ποτίσασα</span> <span class='ocrx_word' id='word_1_108' title='bbox 1336 2133 1464 2196; x_wconf 77' lang='grc' dir='ltr'>τοὺς</span> <span class='ocrx_word' id='word_1_109' title='bbox 1521 2130 1790 2203; x_wconf 76' lang='grc' dir='ltr'>διψῶντας</span> <span class='ocrx_word' id='word_1_110' title='bbox 1843 2132 1944 2203; x_wconf 78' lang='grc' dir='ltr'>τὴν</span> 
     </span>
    </p>
   </div>
   <div class='ocr_carea' id='block_1_19' title="bbox 357 2219 1284 2298">
    <p class='ocr_par' dir='ltr' id='par_1_19' title="bbox 357 2219 1284 2298">
     <span class='ocr_line' id='line_1_19' title="bbox 357 2219 1284 2298; baseline 0.008 -8"><span class='ocrx_word' id='word_1_111' title='bbox 357 2225 536 2298; x_wconf 73' lang='grc' dir='ltr'><strong>ζωὴνο</strong></span> <span class='ocrx_word' id='word_1_112' title='bbox 1281 2219 1284 2223; x_wconf 5' lang='grc' dir='ltr'><strong>θ</strong></span> 
     </span>
    </p>
   </div>
   <div class='ocr_carea' id='block_1_20' title="bbox 295 2315 1762 2389">
    <p class='ocr_par' dir='ltr' id='par_1_20' title="bbox 295 2315 1762 2389">
     <span class='ocr_line' id='line_1_20' title="bbox 295 2315 1762 2389; baseline -0.003 -15"><span class='ocrx_word' id='word_1_113' title='bbox 295 2335 306 2344; x_wconf 82' lang='grc'><em>’</em></span> <span class='ocrx_word' id='word_1_114' title='bbox 432 2319 634 2389; x_wconf 82' lang='grc' dir='ltr'>Χαῖρε,</span> <span class='ocrx_word' id='word_1_115' title='bbox 664 2315 857 2387; x_wconf 85' lang='grc' dir='ltr'>πύρινε</span> <span class='ocrx_word' id='word_1_116' title='bbox 891 2316 1053 2372; x_wconf 84' lang='grc' dir='ltr'>στύλε</span> <span class='ocrx_word' id='word_1_117' title='bbox 1085 2315 1292 2385; x_wconf 83' lang='grc' dir='ltr'>ὁδηγῶν</span> <span class='ocrx_word' id='word_1_118' title='bbox 1318 2315 1448 2380; x_wconf 77' lang='grc' dir='ltr'>τοὺς</span> <span class='ocrx_word' id='word_1_119' title='bbox 1471 2317 1528 2369; x_wconf 81' lang='grc' dir='ltr'>ἐν</span> <span class='ocrx_word' id='word_1_120' title='bbox 1557 2316 1762 2370; x_wconf 82' lang='grc' dir='ltr'>σκύτει.</span> 
     </span>
    </p>
   </div>
   <div class='ocr_carea' id='block_1_21' title="bbox 430 2409 1817 2482">
    <p class='ocr_par' dir='ltr' id='par_1_21' title="bbox 430 2409 1817 2482">
     <span class='ocr_line' id='line_1_21' title="bbox 430 2409 1817 2482; baseline 0 -17"><span class='ocrx_word' id='word_1_121' title='bbox 430 2413 630 2482; x_wconf 81' lang='grc' dir='ltr'>Χαῖρε,</span> <span class='ocrx_word' id='word_1_122' title='bbox 660 2411 838 2482; x_wconf 81' lang='grc' dir='ltr'>σκέπη</span> <span class='ocrx_word' id='word_1_123' title='bbox 866 2409 960 2464; x_wconf 82' lang='grc' dir='ltr'><strong>τοῦ</strong></span> <span class='ocrx_word' id='word_1_124' title='bbox 991 2409 1212 2482; x_wconf 65' lang='grc' dir='ltr'>κόσμου</span> <span class='ocrx_word' id='word_1_125' title='bbox 1229 2409 1540 2481; x_wconf 81' lang='grc' dir='ltr'>πλατυτέρα</span> <span class='ocrx_word' id='word_1_126' title='bbox 1568 2409 1817 2482; x_wconf 75' lang='grc' dir='ltr'>νεφέλης.</span> 
     </span>
    </p>
   </div>
   <div class='ocr_carea' id='block_1_22' title="bbox 435 2591 1414 2664">
    <p class='ocr_par' dir='ltr' id='par_1_22' title="bbox 435 2591 1414 2664">
     <span class='ocr_line' id='line_1_22' title="bbox 435 2591 1414 2664; baseline -0.003 -15"><span class='ocrx_word' id='word_1_127' title='bbox 435 2597 630 2664; x_wconf 75' lang='grc' dir='ltr'>Χαῖρε,</span> <span class='ocrx_word' id='word_1_128' title='bbox 661 2591 834 2664; x_wconf 79' lang='grc' dir='ltr'>τροφὴ</span> <span class='ocrx_word' id='word_1_129' title='bbox 857 2591 952 2646; x_wconf 79' lang='grc' dir='ltr'><strong>τοῦ</strong></span> <span class='ocrx_word' id='word_1_130' title='bbox 986 2593 1156 2662; x_wconf 86' lang='grc' dir='ltr'>μάννα</span> <span class='ocrx_word' id='word_1_131' title='bbox 1181 2591 1414 2661; x_wconf 84' lang='grc' dir='ltr'>διάδοχε.</span> 
     </span>
    </p>
   </div>
   <div class='ocr_carea' id='block_1_23' title="bbox 441 2681 1326 2757">
    <p class='ocr_par' dir='ltr' id='par_1_23' title="bbox 441 2681 1326 2757">
     <span class='ocr_line' id='line_1_23' title="bbox 441 2681 1326 2757; baseline -0.003 -19"><span class='ocrx_word' id='word_1_132' title='bbox 441 2686 630 2757; x_wconf 83' lang='grc' dir='ltr'>Χαῖρε,</span> <span class='ocrx_word' id='word_1_133' title='bbox 660 2686 873 2754; x_wconf 81' lang='grc' dir='ltr'>τρυφῆς</span> <span class='ocrx_word' id='word_1_134' title='bbox 897 2683 1060 2752; x_wconf 83' lang='grc' dir='ltr'>ἁγίας</span> <span class='ocrx_word' id='word_1_135' title='bbox 1085 2681 1326 2735; x_wconf 82' lang='grc' dir='ltr'>διάκονε.</span> 
     </span>
    </p>
   </div>
   <div class='ocr_carea' id='block_1_24' title="bbox 435 2772 1313 2846">
    <p class='ocr_par' dir='ltr' id='par_1_24' title="bbox 435 2772 1313 2846">
     <span class='ocr_line' id='line_1_24' title="bbox 435 2772 1313 2846; baseline -0.002 -18"><span class='ocrx_word' id='word_1_136' title='bbox 435 2777 629 2846; x_wconf 86' lang='grc' dir='ltr'>Χαῖρε,</span> <span class='ocrx_word' id='word_1_137' title='bbox 660 2778 694 2846; x_wconf 79' lang='grc' dir='ltr'>ὴ</span> <span class='ocrx_word' id='word_1_138' title='bbox 725 2774 798 2845; x_wconf 83' lang='grc' dir='ltr'>γῆ</span> <span class='ocrx_word' id='word_1_139' title='bbox 828 2775 926 2846; x_wconf 87' lang='grc' dir='ltr'>τῆς</span> <span class='ocrx_word' id='word_1_140' title='bbox 958 2772 1313 2841; x_wconf 79' lang='grc' dir='ltr'>ἐπαγγελίας.</span> 
     </span>
    </p>
   </div>
   <div class='ocr_carea' id='block_1_25' title="bbox 436 2861 1468 2938">
    <p class='ocr_par' dir='ltr' id='par_1_25' title="bbox 436 2861 1468 2938">
     <span class='ocr_line' id='line_1_25' title="bbox 436 2861 1468 2938; baseline -0.006 -17"><span class='ocrx_word' id='word_1_141' title='bbox 436 2867 628 2937; x_wconf 87' lang='grc' dir='ltr'>Χαῖρε,</span> <span class='ocrx_word' id='word_1_142' title='bbox 661 2867 719 2934; x_wconf 74' lang='grc' dir='ltr'>ἐξ</span> <span class='ocrx_word' id='word_1_143' title='bbox 752 2863 820 2938; x_wconf 80' lang='grc' dir='ltr'><strong>ἧς</strong></span> <span class='ocrx_word' id='word_1_144' title='bbox 848 2865 961 2938; x_wconf 78' lang='grc' dir='ltr'>ῥέει</span> <span class='ocrx_word' id='word_1_145' title='bbox 998 2865 1142 2935; x_wconf 82' lang='grc' dir='ltr'>μέλι,</span> <span class='ocrx_word' id='word_1_146' title='bbox 1177 2865 1273 2917; x_wconf 78' lang='grc' dir='ltr'>καὶ</span> <span class='ocrx_word' id='word_1_147' title='bbox 1305 2861 1468 2932; x_wconf 86' lang='grc' dir='ltr'>γάλα.</span> 
     </span>
    </p>
   </div>
   <div class='ocr_carea' id='block_1_26' title="bbox 435 2956 1213 3030">
    <p class='ocr_par' dir='ltr' id='par_1_26' title="bbox 435 2956 1213 3030">
     <span class='ocr_line' id='line_1_26' title="bbox 435 2956 1213 3030; baseline -0.003 -18"><span class='ocrx_word' id='word_1_148' title='bbox 435 2959 634 3030; x_wconf 83' lang='grc' dir='ltr'>Χαῖρε,</span> <span class='ocrx_word' id='word_1_149' title='bbox 663 2959 846 3030; x_wconf 87' lang='grc' dir='ltr'>νύμφη</span> <span class='ocrx_word' id='word_1_150' title='bbox 877 2956 1213 3029; x_wconf 83' lang='grc' dir='ltr'>άνύμφευτε.</span> 
     </span>
    </p>
   </div>
   <div class='ocr_carea' id='block_1_27' title="bbox 436 3045 1946 3122">
    <p class='ocr_par' dir='ltr' id='par_1_27' title="bbox 436 3045 1946 3122">
     <span class='ocr_line' id='line_1_27' title="bbox 436 3045 1946 3122; baseline -0.005 -15"><span class='ocrx_word' id='word_1_151' title='bbox 436 3053 738 3115; x_wconf 80' lang='grc' dir='ltr'>Μέλλοντος</span> <span class='ocrx_word' id='word_1_152' title='bbox 775 3051 1064 3122; x_wconf 68' lang='grc' dir='ltr'>Συμεῶνος</span> <span class='ocrx_word' id='word_1_153' title='bbox 1107 3048 1201 3104; x_wconf 81' lang='grc' dir='ltr'>τοῦ</span> <span class='ocrx_word' id='word_1_154' title='bbox 1263 3050 1526 3121; x_wconf 83' lang='grc' dir='ltr'>παρόντος</span> <span class='ocrx_word' id='word_1_155' title='bbox 1570 3046 1766 3110; x_wconf 76' lang='grc' dir='ltr'>αἰῶνος</span> <span class='ocrx_word' id='word_1_156' title='bbox 1814 3045 1946 3118; x_wconf 75' lang='grc' dir='ltr'>μεθο</span> 
     </span>
    </p>
   </div>
   <div class='ocr_carea' id='block_1_28' title="bbox 356 3127 1941 3212">
    <p class='ocr_par' dir='ltr' id='par_1_28' title="bbox 356 3127 1941 3212">
     <span class='ocr_line' id='line_1_28' title="bbox 356 3127 1941 3212; baseline -0.004 -16"><span class='ocrx_word' id='word_1_157' title='bbox 356 3127 617 3197; x_wconf 81' lang='grc' dir='ltr'>ιστασθαι</span> <span class='ocrx_word' id='word_1_158' title='bbox 642 3142 735 3196; x_wconf 77' lang='grc' dir='ltr'>τοῦ</span> <span class='ocrx_word' id='word_1_159' title='bbox 765 3142 1102 3205; x_wconf 82' lang='grc' dir='ltr'>ἁπατεῶνος,</span> <span class='ocrx_word' id='word_1_160' title='bbox 1139 3140 1402 3212; x_wconf 80' lang='grc' dir='ltr'>ὲπεδόθης</span> <span class='ocrx_word' id='word_1_161' title='bbox 1430 3139 1506 3201; x_wconf 85' lang='grc' dir='ltr'>ὡς</span> <span class='ocrx_word' id='word_1_162' title='bbox 1537 3139 1733 3210; x_wconf 81' lang='grc' dir='ltr'>βρέφος</span> <span class='ocrx_word' id='word_1_163' title='bbox 1757 3137 1904 3210; x_wconf 83' lang='grc' dir='ltr'>αὐτῷ</span> <span class='ocrx_word' id='word_1_164' title='bbox 1925 3155 1941 3170; x_wconf 77' lang='grc' dir='ltr'><strong><em>ο</em></strong></span> 
     </span>
    </p>
   </div>
   <div class='ocr_carea' id='block_1_29' title="bbox 1582 347 2416 446">
    <p class='ocr_par' dir='ltr' id='par_1_29' title="bbox 1582 347 2416 446">
     <span class='ocr_line' id='line_1_29' title="bbox 1582 347 2416 446; baseline 0.004 -4"><span class='ocrx_word' id='word_1_165' title='bbox 1582 363 1898 444; x_wconf 62' lang='lat' dir='ltr'><strong>nmmos</strong></span> <span class='ocrx_word' id='word_1_166' title='bbox 1934 347 2416 446; x_wconf 37' lang='lat' dir='ltr'><strong>ACATHOISTUS.</strong></span> 
     </span>
    </p>
   </div>
   <div class='ocr_carea' id='block_1_30' title="bbox 1977 491 3198 566">
    <p class='ocr_par' dir='ltr' id='par_1_30' title="bbox 1977 491 3198 566">
     <span class='ocr_line' id='line_1_30' title="bbox 1977 491 3198 566; baseline -0.002 -18"><span class='ocrx_word' id='word_1_167' title='bbox 1977 503 2020 556; x_wconf 78' lang='grc' dir='ltr'>Α</span> <span class='ocrx_word' id='word_1_168' title='bbox 2083 503 2091 510; x_wconf 89' lang='grc'>·</span> <span class='ocrx_word' id='word_1_169' title='bbox 2119 497 2255 559; x_wconf 90' lang='lat' dir='ltr'><strong>Ave,</strong></span> <span class='ocrx_word' id='word_1_170' title='bbox 2282 493 2698 566; x_wconf 76' lang='lat' dir='ltr'><strong>generation‘unr</strong></span> <span class='ocrx_word' id='word_1_171' title='bbox 2723 491 2966 548; x_wconf 84' lang='lat' dir='ltr'><strong>omnium</strong></span> <span class='ocrx_word' id='word_1_172' title='bbox 2991 491 3198 548; x_wconf 69' lang='lat' dir='ltr'><strong>laetitia.</strong></span> 
     </span>
    </p>
   </div>
   <div class='ocr_carea' id='block_1_31' title="bbox 3485 383 3622 450">
    <p class='ocr_par' dir='ltr' id='par_1_31' title="bbox 3485 383 3622 450">
     <span class='ocr_line' id='line_1_31' title="bbox 3485 383 3622 450; baseline 0.029 -4"><span class='ocrx_word' id='word_1_173' title='bbox 3485 383 3622 450; x_wconf 69' lang='grc'><strong>1342</strong></span> 
     </span>
    </p>
   </div>
   <div class='ocr_carea' id='block_1_32' title="bbox 2117 583 2764 652">
    <p class='ocr_par' dir='ltr' id='par_1_32' title="bbox 2117 583 2764 652">
     <span class='ocr_line' id='line_1_32' title="bbox 2117 583 2764 652; baseline 0 -14"><span class='ocrx_word' id='word_1_174' title='bbox 2117 585 2251 649; x_wconf 88' lang='lat' dir='ltr'><strong>Ave,</strong></span> <span class='ocrx_word' id='word_1_175' title='bbox 2289 599 2484 652; x_wconf 79' lang='lat' dir='ltr'><strong>Sponsa</strong></span> <span class='ocrx_word' id='word_1_176' title='bbox 2516 583 2764 652; x_wconf 86' lang='lat' dir='ltr'><strong>innupta.</strong></span> 
     </span>
    </p>
   </div>
   <div class='ocr_carea' id='block_1_33' title="bbox 2118 674 3624 748">
    <p class='ocr_par' dir='ltr' id='par_1_33' title="bbox 2118 674 3624 748">
     <span class='ocr_line' id='line_1_33' title="bbox 2118 674 3624 748; baseline 0.001 -20"><span class='ocrx_word' id='word_1_177' title='bbox 2118 675 2319 730; x_wconf 86' lang='lat' dir='ltr'><strong>Deiferi</strong></span> <span class='ocrx_word' id='word_1_178' title='bbox 2341 689 2618 746; x_wconf 62' lang='lat' dir='ltr'><strong>praecones</strong></span> <span class='ocrx_word' id='word_1_179' title='bbox 2651 674 2830 729; x_wconf 83' lang='lat' dir='ltr'><strong>eﬂ&#39;ecti</strong></span> <span class='ocrx_word' id='word_1_180' title='bbox 2856 674 3012 746; x_wconf 78' lang='lat' dir='ltr'><strong>Magi,</strong></span> <span class='ocrx_word' id='word_1_181' title='bbox 3036 675 3244 730; x_wconf 81' lang='lat' dir='ltr'><strong>reversi</strong></span> <span class='ocrx_word' id='word_1_182' title='bbox 3277 685 3409 730; x_wconf 91' lang='lat' dir='ltr'><strong>sunt</strong></span> <span class='ocrx_word' id='word_1_183' title='bbox 3452 676 3624 748; x_wconf 78' lang='lat' dir='ltr'><strong>Baby-</strong></span> 
     </span>
    </p>
   </div>
   <div class='ocr_carea' id='block_1_34' title="bbox 2046 767 3622 836">
    <p class='ocr_par' dir='ltr' id='par_1_34' title="bbox 2046 767 3622 836">
     <span class='ocr_line' id='line_1_34' title="bbox 2046 767 3622 836; baseline -0.001 -14"><span class='ocrx_word' id='word_1_184' title='bbox 2046 768 2261 834; x_wconf 89' lang='lat' dir='ltr'><strong>lonem;</strong></span> <span class='ocrx_word' id='word_1_185' title='bbox 2314 777 2516 836; x_wconf 87' lang='lat' dir='ltr'><strong>tuoque</strong></span> <span class='ocrx_word' id='word_1_186' title='bbox 2544 767 2767 820; x_wconf 86' lang='lat' dir='ltr'><strong>oraculo</strong></span> <span class='ocrx_word' id='word_1_187' title='bbox 2807 767 3074 830; x_wconf 88' lang='lat' dir='ltr'><strong>obsecuti,</strong></span> <span class='ocrx_word' id='word_1_188' title='bbox 3108 775 3162 821; x_wconf 89' lang='lat' dir='ltr'><strong>te</strong></span> <span class='ocrx_word' id='word_1_189' title='bbox 3202 767 3480 821; x_wconf 72' lang='lat' dir='ltr'><strong>Christum</strong></span> <span class='ocrx_word' id='word_1_190' title='bbox 3525 783 3622 821; x_wconf 86' lang='lat' dir='ltr'><strong>an-</strong></span> 
     </span>
    </p>
   </div>
   <div class='ocr_carea' id='block_1_35' title="bbox 2046 855 3627 926">
    <p class='ocr_par' dir='ltr' id='par_1_35' title="bbox 2046 855 3627 926">
     <span class='ocr_line' id='line_1_35' title="bbox 2046 855 3627 926; baseline -0.001 -15"><span class='ocrx_word' id='word_1_191' title='bbox 2046 858 2370 912; x_wconf 83' lang='lat' dir='ltr'><strong>nuntiarnnt</strong></span> <span class='ocrx_word' id='word_1_192' title='bbox 2399 857 2654 911; x_wconf 85' lang='lat' dir='ltr'><strong>omnibus</strong></span> <span class='ocrx_word' id='word_1_193' title='bbox 2702 857 2942 926; x_wconf 76' lang='lat' dir='ltr'><strong>populis,</strong></span> <span class='ocrx_word' id='word_1_194' title='bbox 2977 856 3168 910; x_wconf 84' lang='lat' dir='ltr'><strong>relicto</strong></span> <span class='ocrx_word' id='word_1_195' title='bbox 3217 855 3456 923; x_wconf 79' lang='lat' dir='ltr'><strong>Herode,</strong></span> <span class='ocrx_word' id='word_1_196' title='bbox 3505 865 3627 911; x_wconf 57' lang='lat' dir='ltr'><strong>tan-</strong></span> 
     </span>
    </p>
   </div>
   <div class='ocr_carea' id='block_1_36' title="bbox 2047 947 3170 1019">
    <p class='ocr_par' dir='ltr' id='par_1_36' title="bbox 2047 947 3170 1019">
     <span class='ocr_line' id='line_1_36' title="bbox 2047 947 3170 1019; baseline -0.002 -17"><span class='ocrx_word' id='word_1_197' title='bbox 2047 965 2209 1019; x_wconf 87' lang='lat' dir='ltr'><strong>quam</strong></span> <span class='ocrx_word' id='word_1_198' title='bbox 2240 949 2432 1012; x_wconf 76' lang='lat' dir='ltr'><strong>delira,</strong></span> <span class='ocrx_word' id='word_1_199' title='bbox 2457 948 2547 1017; x_wconf 87' lang='lat' dir='ltr'><strong>qui</strong></span> <span class='ocrx_word' id='word_1_200' title='bbox 2585 963 2692 1001; x_wconf 89' lang='lat' dir='ltr'><strong>non</strong></span> <span class='ocrx_word' id='word_1_201' title='bbox 2717 947 2870 1002; x_wconf 87' lang='lat' dir='ltr'><strong>novit</strong></span> <span class='ocrx_word' id='word_1_202' title='bbox 2899 947 3170 1018; x_wconf 79' lang='lat' dir='ltr'><strong>psallere:</strong></span> 
     </span>
    </p>
   </div>
   <div class='ocr_carea' id='block_1_37' title="bbox 2119 1039 2364 1092">
    <p class='ocr_par' dir='ltr' id='par_1_37' title="bbox 2119 1039 2364 1092">
     <span class='ocr_line' id='line_1_37' title="bbox 2119 1039 2364 1092; baseline -0.004 0"><span class='ocrx_word' id='word_1_203' title='bbox 2119 1039 2364 1092; x_wconf 80' lang='lat' dir='ltr'><strong>Alleluia.</strong></span> 
     </span>
    </p>
   </div>
   <div class='ocr_carea' id='block_1_38' title="bbox 2121 1129 3629 1202">
    <p class='ocr_par' dir='ltr' id='par_1_38' title="bbox 2121 1129 3629 1202">
     <span class='ocr_line' id='line_1_38' title="bbox 2121 1129 3629 1202; baseline 0.001 -18"><span class='ocrx_word' id='word_1_204' title='bbox 2121 1131 2372 1184; x_wconf 84' lang='lat' dir='ltr'><strong>Veritatis</strong></span> <span class='ocrx_word' id='word_1_205' title='bbox 2399 1129 2686 1200; x_wconf 83' lang='lat' dir='ltr'><strong>splendore</strong></span> <span class='ocrx_word' id='word_1_206' title='bbox 2716 1130 2769 1184; x_wconf 90' lang='lat' dir='ltr'><strong>in</strong></span> <span class='ocrx_word' id='word_1_207' title='bbox 2798 1131 3088 1202; x_wconf 71' lang='lat' dir='ltr'><strong>Aigyptum</strong></span> <span class='ocrx_word' id='word_1_208' title='bbox 3117 1130 3385 1196; x_wconf 78' lang='lat' dir='ltr'><strong>immisso,</strong></span> <span class='ocrx_word' id='word_1_209' title='bbox 3410 1131 3629 1186; x_wconf 84' lang='lat' dir='ltr'><strong>menda-</strong></span> 
     </span>
    </p>
   </div>
   <div class='ocr_carea' id='block_1_39' title="bbox 2047 1221 3626 1293">
    <p class='ocr_par' dir='ltr' id='par_1_39' title="bbox 2047 1221 3626 1293">
     <span class='ocr_line' id='line_1_39' title="bbox 2047 1221 3626 1293; baseline 0.001 -19"><span class='ocrx_word' id='word_1_210' title='bbox 2047 1221 2116 1275; x_wconf 92' lang='lat' dir='ltr'><strong>cii</strong></span> <span class='ocrx_word' id='word_1_211' title='bbox 2158 1221 2412 1277; x_wconf 81' lang='lat' dir='ltr'><strong>tenebras</strong></span> <span class='ocrx_word' id='word_1_212' title='bbox 2463 1221 2590 1276; x_wconf 91' lang='lat' dir='ltr'><strong>inde</strong></span> <span class='ocrx_word' id='word_1_213' title='bbox 2641 1222 2890 1290; x_wconf 81' lang='lat' dir='ltr'><strong>expulisti</strong></span> <span class='ocrx_word' id='word_1_214' title='bbox 2927 1242 2940 1276; x_wconf 76' lang='grc' dir='ltr'><strong>ε</strong></span> <span class='ocrx_word' id='word_1_215' title='bbox 2974 1222 3140 1292; x_wconf 85' lang='lat' dir='ltr'><strong>hujus</strong></span> <span class='ocrx_word' id='word_1_216' title='bbox 3185 1223 3333 1277; x_wconf 89' lang='lat' dir='ltr'><strong>enim</strong></span> <span class='ocrx_word' id='word_1_217' title='bbox 3391 1223 3626 1293; x_wconf 75' lang='lat' dir='ltr'><strong>regionis</strong></span> 
     </span>
    </p>
   </div>
   <div class='ocr_carea' id='block_1_40' title="bbox 2046 1311 3620 1383">
    <p class='ocr_par' dir='ltr' id='par_1_40' title="bbox 2046 1311 3620 1383">
     <span class='ocr_line' id='line_1_40' title="bbox 2046 1311 3620 1383; baseline 0.001 -18"><span class='ocrx_word' id='word_1_218' title='bbox 2046 1311 2208 1374; x_wconf 88' lang='lat' dir='ltr'><strong>idola,</strong></span> <span class='ocrx_word' id='word_1_219' title='bbox 2243 1327 2364 1366; x_wconf 88' lang='lat' dir='ltr'><strong>cum</strong></span> <span class='ocrx_word' id='word_1_220' title='bbox 2403 1320 2571 1376; x_wconf 89' lang='lat' dir='ltr'><strong>tuam,</strong></span> <span class='ocrx_word' id='word_1_221' title='bbox 2604 1311 2873 1375; x_wconf 80' lang='lat' dir='ltr'><strong>Salvator,</strong></span> <span class='ocrx_word' id='word_1_222' title='bbox 2903 1313 3160 1369; x_wconf 75' lang='lat' dir='ltr'><strong>virtutem</strong></span> <span class='ocrx_word' id='word_1_223' title='bbox 3183 1313 3327 1371; x_wconf 81' lang='lat' dir='ltr'><strong>ferre</strong></span> <span class='ocrx_word' id='word_1_224' title='bbox 3350 1331 3459 1370; x_wconf 88' lang='lat' dir='ltr'><strong>non</strong></span> <span class='ocrx_word' id='word_1_225' title='bbox 3487 1328 3620 1383; x_wconf 54' lang='lat' dir='ltr'><strong>pos-</strong></span> 
     </span>
    </p>
   </div>
   <div class='ocr_carea' id='block_1_41' title="bbox 2045 1403 3623 1472">
    <p class='ocr_par' dir='ltr' id='par_1_41' title="bbox 2045 1403 3623 1472">
     <span class='ocr_line' id='line_1_41' title="bbox 2045 1403 3623 1472; baseline 0.002 -15"><span class='ocrx_word' id='word_1_226' title='bbox 2045 1411 2190 1468; x_wconf 84' lang='lat' dir='ltr'><strong>sent,</strong></span> <span class='ocrx_word' id='word_1_227' title='bbox 2224 1403 2542 1458; x_wconf 84' lang='lat' dir='ltr'><strong>ceciderunt</strong></span> <span class='ocrx_word' id='word_1_228' title='bbox 2580 1421 2593 1456; x_wconf 91' lang='lat'><strong>:</strong></span> <span class='ocrx_word' id='word_1_229' title='bbox 2634 1404 2726 1472; x_wconf 90' lang='lat' dir='ltr'><strong>qui</strong></span> <span class='ocrx_word' id='word_1_230' title='bbox 2755 1416 2887 1460; x_wconf 84' lang='lat' dir='ltr'><strong>vero</strong></span> <span class='ocrx_word' id='word_1_231' title='bbox 2926 1405 2994 1460; x_wconf 87' lang='lat' dir='ltr'><strong>ab</strong></span> <span class='ocrx_word' id='word_1_232' title='bbox 3022 1406 3108 1462; x_wconf 85' lang='lat' dir='ltr'><strong>his</strong></span> <span class='ocrx_word' id='word_1_233' title='bbox 3147 1407 3361 1464; x_wconf 82' lang='lat' dir='ltr'><strong>liberati</strong></span> <span class='ocrx_word' id='word_1_234' title='bbox 3395 1414 3525 1464; x_wconf 86' lang='lat' dir='ltr'><strong>sunt</strong></span> <span class='ocrx_word' id='word_1_235' title='bbox 3553 1405 3623 1461; x_wconf 87' lang='lat' dir='ltr'><strong>ad</strong></span> 
     </span>
    </p>
   </div>
   <div class='ocr_carea' id='block_1_42' title="bbox 2047 1491 2706 1562">
    <p class='ocr_par' dir='ltr' id='par_1_42' title="bbox 2047 1491 2706 1562">
     <span class='ocr_line' id='line_1_42' title="bbox 2047 1491 2706 1562; baseline 0.003 -16"><span class='ocrx_word' id='word_1_236' title='bbox 2047 1491 2326 1562; x_wconf 85' lang='lat' dir='ltr'><strong>Deiparam</strong></span> <span class='ocrx_word' id='word_1_237' title='bbox 2354 1493 2658 1549; x_wconf 85' lang='lat' dir='ltr'><strong>clamabant</strong></span> <span class='ocrx_word' id='word_1_238' title='bbox 2692 1511 2706 1548; x_wconf 95' lang='lat'><strong>:</strong></span> 
     </span>
    </p>
   </div>
   <div class='ocr_carea' id='block_1_43' title="bbox 2117 1582 2814 1646">
    <p class='ocr_par' dir='ltr' id='par_1_43' title="bbox 2117 1582 2814 1646">
     <span class='ocr_line' id='line_1_43' title="bbox 2117 1582 2814 1646; baseline 0.004 -11"><span class='ocrx_word' id='word_1_239' title='bbox 2117 1585 2252 1646; x_wconf 85' lang='lat' dir='ltr'><strong>Ave,</strong></span> <span class='ocrx_word' id='word_1_240' title='bbox 2281 1583 2564 1636; x_wconf 75' lang='lat' dir='ltr'><strong>hominu‘m</strong></span> <span class='ocrx_word' id='word_1_241' title='bbox 2587 1582 2814 1638; x_wconf 76' lang='lat' dir='ltr'><strong>erectio.</strong></span> 
     </span>
    </p>
   </div>
   <div class='ocr_carea' id='block_1_44' title="bbox 2114 1673 2916 1738">
    <p class='ocr_par' dir='ltr' id='par_1_44' title="bbox 2114 1673 2916 1738">
     <span class='ocr_line' id='line_1_44' title="bbox 2114 1673 2916 1738; baseline 0.005 -12"><span class='ocrx_word' id='word_1_242' title='bbox 2114 1673 2255 1738; x_wconf 88' lang='lat' dir='ltr'><strong>Ave,</strong></span> <span class='ocrx_word' id='word_1_243' title='bbox 2284 1673 2587 1728; x_wconf 68' lang='lat' dir='ltr'><strong>daemonum</strong></span> <span class='ocrx_word' id='word_1_244' title='bbox 2615 1675 2916 1730; x_wconf 89' lang='lat' dir='ltr'><strong>subversio.</strong></span> 
     </span>
    </p>
   </div>
   <div class='ocr_carea' id='block_1_45' title="bbox 2115 1763 3294 1832">
    <p class='ocr_par' dir='ltr' id='par_1_45' title="bbox 2115 1763 3294 1832">
     <span class='ocr_line' id='line_1_45' title="bbox 2115 1763 3294 1832; baseline 0.001 -14"><span class='ocrx_word' id='word_1_245' title='bbox 2115 1763 2250 1828; x_wconf 91' lang='lat' dir='ltr'><strong>Ave,</strong></span> <span class='ocrx_word' id='word_1_246' title='bbox 2279 1779 2402 1832; x_wconf 68' lang='lat' dir='ltr'><strong>qua:</strong></span> <span class='ocrx_word' id='word_1_247' title='bbox 2426 1763 2634 1820; x_wconf 81' lang='lat' dir='ltr'><strong>fraudis</strong></span> <span class='ocrx_word' id='word_1_248' title='bbox 2663 1780 2910 1820; x_wconf 86' lang='lat' dir='ltr'><strong>errorem</strong></span> <span class='ocrx_word' id='word_1_249' title='bbox 2937 1765 3294 1822; x_wconf 87' lang='lat' dir='ltr'><strong>conculcasti.</strong></span> 
     </span>
    </p>
   </div>
   <div class='ocr_carea' id='block_1_46' title="bbox 1975 1854 3348 1928">
    <p class='ocr_par' dir='ltr' id='par_1_46' title="bbox 1975 1854 3348 1928">
     <span class='ocr_line' id='line_1_46' title="bbox 1975 1854 3348 1928; baseline 0.001 -16"><span class='ocrx_word' id='word_1_250' title='bbox 1975 1854 2021 1912; x_wconf 79' lang='grc' dir='ltr'><strong>Β</strong></span> <span class='ocrx_word' id='word_1_251' title='bbox 2085 1869 2099 1910; x_wconf 55' lang='grc' dir='ltr'><strong><em>ἠ</em></strong></span> <span class='ocrx_word' id='word_1_252' title='bbox 2117 1857 2251 1922; x_wconf 90' lang='lat' dir='ltr'><strong>Ave,</strong></span> <span class='ocrx_word' id='word_1_253' title='bbox 2276 1873 2398 1928; x_wconf 67' lang='lat' dir='ltr'><strong>quae</strong></span> <span class='ocrx_word' id='word_1_254' title='bbox 2427 1857 2691 1913; x_wconf 85' lang='lat' dir='ltr'><strong>idolorum</strong></span> <span class='ocrx_word' id='word_1_255' title='bbox 2715 1858 2981 1913; x_wconf 82' lang='lat' dir='ltr'><strong>fallaciam</strong></span> <span class='ocrx_word' id='word_1_256' title='bbox 3003 1857 3348 1928; x_wconf 86' lang='lat' dir='ltr'><strong>redargnisti.</strong></span> 
     </span>
    </p>
   </div>
   <div class='ocr_carea' id='block_1_47' title="bbox 2113 1949 3622 2022">
    <p class='ocr_par' dir='ltr' id='par_1_47' title="bbox 2113 1949 3622 2022">
     <span class='ocr_line' id='line_1_47' title="bbox 2113 1949 3622 2022; baseline 0.001 -18"><span class='ocrx_word' id='word_1_257' title='bbox 2113 1951 2250 2019; x_wconf 89' lang='lat' dir='ltr'><strong>Ave,</strong></span> <span class='ocrx_word' id='word_1_258' title='bbox 2285 1966 2455 2018; x_wconf 90' lang='lat' dir='ltr'><strong>mare,</strong></span> <span class='ocrx_word' id='word_1_259' title='bbox 2484 1951 2630 2022; x_wconf 86' lang='lat' dir='ltr'><strong>quod</strong></span> <span class='ocrx_word' id='word_1_260' title='bbox 2677 1951 3100 2006; x_wconf 82' lang='lat' dir='ltr'><strong>intellectualem</strong></span> <span class='ocrx_word' id='word_1_261' title='bbox 3140 1951 3478 2006; x_wconf 85' lang='lat' dir='ltr'><strong>Pharaonem</strong></span> <span class='ocrx_word' id='word_1_262' title='bbox 3523 1949 3622 2006; x_wconf 78' lang='lat' dir='ltr'><strong>de-</strong></span> 
     </span>
    </p>
   </div>
   <div class='ocr_carea' id='block_1_48' title="bbox 2044 2043 2919 2100">
    <p class='ocr_par' dir='ltr' id='par_1_48' title="bbox 2044 2043 2919 2100">
     <span class='ocr_line' id='line_1_48' title="bbox 2044 2043 2919 2100; baseline -0.002 0"><span class='ocrx_word' id='word_1_263' title='bbox 2044 2043 2303 2100; x_wconf 86' lang='lat' dir='ltr'><strong>mersisti.</strong></span> <span class='ocrx_word' id='word_1_264' title='bbox 2909 2089 2919 2098; x_wconf 92' lang='lat'><strong>.</strong></span> 
     </span>
    </p>
   </div>
   <div class='ocr_carea' id='block_1_49' title="bbox 2112 2130 3326 2202">
    <p class='ocr_par' dir='ltr' id='par_1_49' title="bbox 2112 2130 3326 2202">
     <span class='ocr_line' id='line_1_49' title="bbox 2112 2130 3326 2202; baseline 0.002 -18"><span class='ocrx_word' id='word_1_265' title='bbox 2112 2133 2246 2194; x_wconf 88' lang='lat' dir='ltr'><strong>Ave,</strong></span> <span class='ocrx_word' id='word_1_266' title='bbox 2275 2141 2448 2200; x_wconf 89' lang='lat' dir='ltr'><strong>petra,</strong></span> <span class='ocrx_word' id='word_1_267' title='bbox 2471 2145 2594 2200; x_wconf 67' lang='lat' dir='ltr'><strong>quae</strong></span> <span class='ocrx_word' id='word_1_268' title='bbox 2623 2130 2874 2186; x_wconf 88' lang='lat' dir='ltr'><strong>sitientes</strong></span> <span class='ocrx_word' id='word_1_269' title='bbox 2903 2131 3069 2185; x_wconf 84' lang='lat' dir='ltr'><strong>vitam</strong></span> <span class='ocrx_word' id='word_1_270' title='bbox 3101 2131 3326 2202; x_wconf 86' lang='lat' dir='ltr'><strong>potasti.</strong></span> 
     </span>
    </p>
   </div>
   <div class='ocr_carea' id='block_1_50' title="bbox 2112 2217 3628 2296">
    <p class='ocr_par' dir='ltr' id='par_1_50' title="bbox 2112 2217 3628 2296">
     <span class='ocr_line' id='line_1_50' title="bbox 2112 2217 3628 2296; baseline 0.001 -20"><span class='ocrx_word' id='word_1_271' title='bbox 2112 2221 2248 2288; x_wconf 87' lang='lat' dir='ltr'><strong>Ave,</strong></span> <span class='ocrx_word' id='word_1_272' title='bbox 2283 2221 2438 2292; x_wconf 83' lang='lat' dir='ltr'><strong>ignea</strong></span> <span class='ocrx_word' id='word_1_273' title='bbox 2491 2221 2762 2285; x_wconf 87' lang='lat' dir='ltr'><strong>columna.</strong></span> <span class='ocrx_word' id='word_1_274' title='bbox 2795 2237 2916 2292; x_wconf 64' lang='lat' dir='ltr'><strong>qua:</strong></span> <span class='ocrx_word' id='word_1_275' title='bbox 2965 2222 3226 2296; x_wconf 72' lang='lat' dir='ltr'><strong>degentes</strong></span> <span class='ocrx_word' id='word_1_276' title='bbox 3273 2223 3327 2276; x_wconf 92' lang='lat' dir='ltr'><strong>in</strong></span> <span class='ocrx_word' id='word_1_277' title='bbox 3386 2217 3628 2278; x_wconf 65' lang='lat' dir='ltr'><strong>tenebris</strong></span> 
     </span>
    </p>
   </div>
   <div class='ocr_carea' id='block_1_51' title="bbox 2043 2313 3101 2384">
    <p class='ocr_par' dir='ltr' id='par_1_51' title="bbox 2043 2313 3101 2384">
     <span class='ocr_line' id='line_1_51' title="bbox 2043 2313 3101 2384; baseline -0.003 -14"><span class='ocrx_word' id='word_1_278' title='bbox 2043 2313 2258 2384; x_wconf 83' lang='lat' dir='ltr'><strong>dirigis.</strong></span> <span class='ocrx_word' id='word_1_279' title='bbox 3096 2315 3101 2319; x_wconf 81' lang='grc'><em>’</em></span> 
     </span>
    </p>
   </div>
   <div class='ocr_carea' id='block_1_52' title="bbox 2113 2405 3625 2478">
    <p class='ocr_par' dir='ltr' id='par_1_52' title="bbox 2113 2405 3625 2478">
     <span class='ocr_line' id='line_1_52' title="bbox 2113 2405 3625 2478; baseline 0.001 -18"><span class='ocrx_word' id='word_1_280' title='bbox 2113 2405 2248 2470; x_wconf 88' lang='lat' dir='ltr'><strong>Ave,</strong></span> <span class='ocrx_word' id='word_1_281' title='bbox 2281 2405 2469 2460; x_wconf 89' lang='lat' dir='ltr'><strong>mundi</strong></span> <span class='ocrx_word' id='word_1_282' title='bbox 2496 2405 2874 2461; x_wconf 87' lang='lat' dir='ltr'><strong>umbraculum</strong></span> <span class='ocrx_word' id='word_1_283' title='bbox 2917 2406 3063 2462; x_wconf 91' lang='lat' dir='ltr'><strong>nube</strong></span> <span class='ocrx_word' id='word_1_284' title='bbox 3091 2405 3302 2478; x_wconf 78' lang='lat' dir='ltr'><strong>longius</strong></span> <span class='ocrx_word' id='word_1_285' title='bbox 3333 2421 3394 2462; x_wconf 81' lang='lat' dir='ltr'><strong>se</strong></span> <span class='ocrx_word' id='word_1_286' title='bbox 3431 2415 3625 2462; x_wconf 79' lang='lat' dir='ltr'><strong>exten-</strong></span> 
     </span>
    </p>
   </div>
   <div class='ocr_carea' id='block_1_53' title="bbox 2041 2497 2196 2552">
    <p class='ocr_par' dir='ltr' id='par_1_53' title="bbox 2041 2497 2196 2552">
     <span class='ocr_line' id='line_1_53' title="bbox 2041 2497 2196 2552; baseline 0 0"><span class='ocrx_word' id='word_1_287' title='bbox 2041 2497 2196 2552; x_wconf 81' lang='lat' dir='ltr'><strong>dens.</strong></span> 
     </span>
    </p>
   </div>
   <div class='ocr_carea' id='block_1_54' title="bbox 2111 2589 3040 2655">
    <p class='ocr_par' dir='ltr' id='par_1_54' title="bbox 2111 2589 3040 2655">
     <span class='ocr_line' id='line_1_54' title="bbox 2111 2589 3040 2655; baseline 0.002 -13"><span class='ocrx_word' id='word_1_288' title='bbox 2111 2589 2248 2655; x_wconf 87' lang='lat' dir='ltr'><strong>Ave,</strong></span> <span class='ocrx_word' id='word_1_289' title='bbox 2277 2605 2402 2646; x_wconf 89' lang='lat' dir='ltr'><strong>esea</strong></span> <span class='ocrx_word' id='word_1_290' title='bbox 2435 2605 2650 2644; x_wconf 67' lang='lat' dir='ltr'><strong>manna:</strong></span> <span class='ocrx_word' id='word_1_291' title='bbox 2678 2589 3040 2646; x_wconf 85' lang='lat' dir='ltr'><strong>succedanea.</strong></span> 
     </span>
    </p>
   </div>
   <div class='ocr_carea' id='block_1_55' title="bbox 2110 2679 3229 2744">
    <p class='ocr_par' dir='ltr' id='par_1_55' title="bbox 2110 2679 3229 2744">
     <span class='ocr_line' id='line_1_55' title="bbox 2110 2679 3229 2744; baseline 0.002 -10"><span class='ocrx_word' id='word_1_292' title='bbox 2110 2679 2246 2744; x_wconf 87' lang='lat' dir='ltr'><strong>Ave,</strong></span> <span class='ocrx_word' id='word_1_293' title='bbox 2279 2689 2590 2736; x_wconf 86' lang='lat' dir='ltr'><strong>sanctarum</strong></span> <span class='ocrx_word' id='word_1_294' title='bbox 2617 2680 2935 2735; x_wconf 87' lang='lat' dir='ltr'><strong>deliciarum</strong></span> <span class='ocrx_word' id='word_1_295' title='bbox 2961 2679 3229 2736; x_wconf 88' lang='lat' dir='ltr'><strong>ministra.</strong></span> 
     </span>
    </p>
   </div>
   <div class='ocr_carea' id='block_1_56' title="bbox 2110 2772 2860 2842">
    <p class='ocr_par' dir='ltr' id='par_1_56' title="bbox 2110 2772 2860 2842">
     <span class='ocr_line' id='line_1_56' title="bbox 2110 2772 2860 2842; baseline -0.003 -15"><span class='ocrx_word' id='word_1_296' title='bbox 2110 2772 2247 2836; x_wconf 86' lang='lat' dir='ltr'><strong>Ave,</strong></span> <span class='ocrx_word' id='word_1_297' title='bbox 2280 2779 2427 2827; x_wconf 87' lang='lat' dir='ltr'><strong>terra</strong></span> <span class='ocrx_word' id='word_1_298' title='bbox 2456 2772 2860 2842; x_wconf 84' lang='lat' dir='ltr'><strong>promissionis.</strong></span> 
     </span>
    </p>
   </div>
   <div class='ocr_carea' id='block_1_57' title="bbox 2111 2863 2981 2934">
    <p class='ocr_par' dir='ltr' id='par_1_57' title="bbox 2111 2863 2981 2934">
     <span class='ocr_line' id='line_1_57' title="bbox 2111 2863 2981 2934; baseline 0 -16"><span class='ocrx_word' id='word_1_299' title='bbox 2111 2863 2250 2929; x_wconf 89' lang='lat' dir='ltr'><strong>Ave,</strong></span> <span class='ocrx_word' id='word_1_300' title='bbox 2280 2879 2348 2918; x_wconf 82' lang='lat' dir='ltr'><strong>ex</strong></span> <span class='ocrx_word' id='word_1_301' title='bbox 2370 2879 2476 2934; x_wconf 90' lang='lat' dir='ltr'><strong>qua</strong></span> <span class='ocrx_word' id='word_1_302' title='bbox 2505 2863 2626 2919; x_wconf 83' lang='lat' dir='ltr'><strong>ﬂuit</strong></span> <span class='ocrx_word' id='word_1_303' title='bbox 2657 2865 2762 2919; x_wconf 92' lang='lat' dir='ltr'><strong>mel</strong></span> <span class='ocrx_word' id='word_1_304' title='bbox 2803 2872 2858 2920; x_wconf 89' lang='lat' dir='ltr'><strong>et</strong></span> <span class='ocrx_word' id='word_1_305' title='bbox 2879 2864 2981 2920; x_wconf 90' lang='lat' dir='ltr'><strong>lae.</strong></span> 
     </span>
    </p>
   </div>
   <div class='ocr_carea' id='block_1_58' title="bbox 2111 2953 2759 3026">
    <p class='ocr_par' dir='ltr' id='par_1_58' title="bbox 2111 2953 2759 3026">
     <span class='ocr_line' id='line_1_58' title="bbox 2111 2953 2759 3026; baseline 0.005 -17"><span class='ocrx_word' id='word_1_306' title='bbox 2111 2953 2247 3017; x_wconf 86' lang='lat' dir='ltr'><strong>Ave,</strong></span> <span class='ocrx_word' id='word_1_307' title='bbox 2273 2970 2472 3024; x_wconf 87' lang='lat' dir='ltr'><strong>sponsa</strong></span> <span class='ocrx_word' id='word_1_308' title='bbox 2507 2956 2759 3026; x_wconf 87' lang='lat' dir='ltr'><strong>innupta.</strong></span> 
     </span>
    </p>
   </div>
   <div class='ocr_carea' id='block_1_59' title="bbox 2115 3045 3624 3120">
    <p class='ocr_par' dir='ltr' id='par_1_59' title="bbox 2115 3045 3624 3120">
     <span class='ocr_line' id='line_1_59' title="bbox 2115 3045 3624 3120; baseline 0.001 -20"><span class='ocrx_word' id='word_1_309' title='bbox 2115 3046 2592 3118; x_wconf 83' lang='lat' dir='ltr'><strong>Transmigraturo</strong></span> <span class='ocrx_word' id='word_1_310' title='bbox 2641 3045 2895 3120; x_wconf 85' lang='lat' dir='ltr'><strong>Symeoni</strong></span> <span class='ocrx_word' id='word_1_311' title='bbox 2927 3063 2958 3102; x_wconf 94' lang='lat' dir='ltr'><strong>e</strong></span> <span class='ocrx_word' id='word_1_312' title='bbox 2986 3049 3242 3118; x_wconf 67' lang='lat' dir='ltr'><strong>praesenti</strong></span> <span class='ocrx_word' id='word_1_313' title='bbox 3291 3047 3463 3104; x_wconf 81' lang='lat' dir='ltr'><strong>fallaci</strong></span> <span class='ocrx_word' id='word_1_314' title='bbox 3519 3063 3624 3102; x_wconf 71' lang='lat' dir='ltr'><strong>ste-</strong></span> 
     </span>
    </p>
   </div>
   <div class='ocr_carea' id='block_1_60' title="bbox 2046 3138 3627 3208">
    <p class='ocr_par' dir='ltr' id='par_1_60' title="bbox 2046 3138 3627 3208">
     <span class='ocr_line' id='line_1_60' title="bbox 2046 3138 3627 3208; baseline -0.003 -12"><span class='ocrx_word' id='word_1_315' title='bbox 2046 3141 2190 3204; x_wconf 83' lang='lat' dir='ltr'><strong>eulo,</strong></span> <span class='ocrx_word' id='word_1_316' title='bbox 2225 3141 2454 3196; x_wconf 89' lang='lat' dir='ltr'><strong>traditus</strong></span> <span class='ocrx_word' id='word_1_317' title='bbox 2483 3141 2533 3194; x_wconf 92' lang='lat' dir='ltr'><strong>ei</strong></span> <span class='ocrx_word' id='word_1_318' title='bbox 2559 3139 2730 3204; x_wconf 82' lang='lat' dir='ltr'><strong>fuisti,</strong></span> <span class='ocrx_word' id='word_1_319' title='bbox 2761 3140 2905 3194; x_wconf 84' lang='lat' dir='ltr'><strong>velut</strong></span> <span class='ocrx_word' id='word_1_320' title='bbox 2942 3139 3152 3204; x_wconf 88' lang='lat' dir='ltr'><strong>infans;</strong></span> <span class='ocrx_word' id='word_1_321' title='bbox 3195 3139 3288 3194; x_wconf 88' lang='lat' dir='ltr'><strong>sed</strong></span> <span class='ocrx_word' id='word_1_322' title='bbox 3317 3138 3533 3208; x_wconf 80' lang='lat' dir='ltr'><strong>agnitus</strong></span> <span class='ocrx_word' id='word_1_323' title='bbox 3566 3153 3627 3192; x_wconf 80' lang='lat' dir='ltr'><strong>es</strong></span> 
     </span>
    </p>
   </div>
   <div class='ocr_carea' id='block_1_61' title="bbox 353 3204 1946 3305">
    <p class='ocr_par' dir='ltr' id='par_1_61' title="bbox 353 3204 1946 3305">
     <span class='ocr_line' id='line_1_61' title="bbox 353 3204 1946 3305; baseline -0.003 -18"><span class='ocrx_word' id='word_1_324' title='bbox 353 3234 485 3287; x_wconf 79' lang='grc' dir='ltr'>ἀλλ’</span> <span class='ocrx_word' id='word_1_325' title='bbox 511 3233 791 3305; x_wconf 83' lang='grc' dir='ltr'>ὲγνώσθης</span> <span class='ocrx_word' id='word_1_326' title='bbox 817 3232 994 3304; x_wconf 86' lang='grc' dir='ltr'>τούτῳ</span> <span class='ocrx_word' id='word_1_327' title='bbox 1031 3233 1123 3286; x_wconf 81' lang='grc' dir='ltr'>καὶ</span> <span class='ocrx_word' id='word_1_328' title='bbox 1161 3233 1294 3296; x_wconf 80' lang='grc' dir='ltr'>Θεὸς</span> <span class='ocrx_word' id='word_1_329' title='bbox 1331 3204 1584 3296; x_wconf 35' lang='grc' dir='ltr'>τέλειος-⁸,</span> <span class='ocrx_word' id='word_1_330' title='bbox 1615 3204 1807 3301; x_wconf 70' lang='grc' dir='ltr'>δίόπερ</span> <span class='ocrx_word' id='word_1_331' title='bbox 1855 3204 1946 3294; x_wconf 61' lang='lat' dir='ltr'><strong>tg-</strong></span> 
     </span>
    </p>
   </div>
   <div class='ocr_carea' id='block_1_62' title="bbox 2041 3204 3626 3305">
    <p class='ocr_par' dir='ltr' id='par_1_62' title="bbox 2047 3204 3626 3300">
     <span class='ocr_line' id='line_1_62' title="bbox 2047 3204 3626 3300; baseline -0.002 -16"><span class='ocrx_word' id='word_1_332' title='bbox 2047 3231 2116 3285; x_wconf 86' lang='lat' dir='ltr'><strong>ah</strong></span> <span class='ocrx_word' id='word_1_333' title='bbox 2140 3231 2244 3286; x_wconf 88' lang='lat' dir='ltr'><strong>hoc</strong></span> <span class='ocrx_word' id='word_1_334' title='bbox 2271 3231 2433 3285; x_wconf 85' lang='lat' dir='ltr'><strong>etiam</strong></span> <span class='ocrx_word' id='word_1_335' title='bbox 2464 3230 2606 3284; x_wconf 89' lang='lat' dir='ltr'><strong>Deus</strong></span> <span class='ocrx_word' id='word_1_336' title='bbox 2625 3229 2938 3300; x_wconf 85' lang='lat' dir='ltr'><strong>perfectus;</strong></span> <span class='ocrx_word' id='word_1_337' title='bbox 2966 3239 3300 3300; x_wconf 78' lang='lat' dir='ltr'><strong>quapropter</strong></span> <span class='ocrx_word' id='word_1_338' title='bbox 3327 3204 3626 3284; x_wconf 75' lang='lat' dir='ltr'><strong>admiratus</strong></span> 
     </span>
    </p>
   </div>
   <div class='ocr_carea' id='block_1_63' title="bbox 353 3325 1603 3402">
    <p class='ocr_par' dir='ltr' id='par_1_63' title="bbox 353 3325 1603 3402">
     <span class='ocr_line' id='line_1_63' title="bbox 353 3325 1603 3402; baseline -0.004 -17"><span class='ocrx_word' id='word_1_339' title='bbox 353 3330 575 3402; x_wconf 80' lang='grc' dir='ltr'>επλάγη</span> <span class='ocrx_word' id='word_1_340' title='bbox 609 3347 700 3384; x_wconf 90' lang='grc' dir='ltr'><strong>σου</strong></span> <span class='ocrx_word' id='word_1_341' title='bbox 723 3329 820 3402; x_wconf 78' lang='grc' dir='ltr'>τὴν</span> <span class='ocrx_word' id='word_1_342' title='bbox 850 3325 1086 3400; x_wconf 74' lang='grc' dir='ltr'>ἄρρητον</span> <span class='ocrx_word' id='word_1_343' title='bbox 1119 3328 1328 3398; x_wconf 84' lang='grc' dir='ltr'>σοφίαν,</span> <span class='ocrx_word' id='word_1_344' title='bbox 1357 3326 1573 3398; x_wconf 77' lang='grc' dir='ltr'>κράζων</span> <span class='ocrx_word' id='word_1_345' title='bbox 1591 3341 1603 3356; x_wconf 79' lang='grc'><strong><em>⁸</em></strong></span> 
     </span>
    </p>
   </div>
   <div class='ocr_carea' id='block_1_64' title="bbox 447 3411 1339 3490">
    <p class='ocr_par' dir='ltr' id='par_1_64' title="bbox 447 3411 1339 3490">
     <span class='ocr_line' id='line_1_64' title="bbox 447 3411 1339 3490; baseline -0.001 -16"><span class='ocrx_word' id='word_1_346' title='bbox 447 3420 788 3490; x_wconf 79' lang='grc' dir='ltr'>Ἀλληλούῖα.</span> <span class='ocrx_word' id='word_1_347' title='bbox 1189 3423 1192 3427; x_wconf 72' lang='grc'><strong>’</strong></span> <span class='ocrx_word' id='word_1_348' title='bbox 1332 3411 1339 3418; x_wconf 87' lang='grc'><strong>’</strong></span> 
     </span>
    </p>
   </div>
   <div class='ocr_carea' id='block_1_65' title="bbox 435 3505 1949 3580">
    <p class='ocr_par' dir='ltr' id='par_1_65' title="bbox 435 3505 1949 3580">
     <span class='ocr_line' id='line_1_65' title="bbox 435 3505 1949 3580; baseline -0.003 -15"><span class='ocrx_word' id='word_1_349' title='bbox 435 3513 584 3567; x_wconf 82' lang='grc' dir='ltr'>Νέαν</span> <span class='ocrx_word' id='word_1_350' title='bbox 608 3505 775 3577; x_wconf 78' lang='grc' dir='ltr'>ἔδειξε</span> <span class='ocrx_word' id='word_1_351' title='bbox 799 3511 972 3564; x_wconf 81' lang='grc' dir='ltr'>κτίσιν</span> <span class='ocrx_word' id='word_1_352' title='bbox 1005 3507 1312 3580; x_wconf 76' lang='grc' dir='ltr'>ἐμφανίσας</span> <span class='ocrx_word' id='word_1_353' title='bbox 1343 3509 1371 3561; x_wconf 83' lang='grc' dir='ltr'><strong><em>ὁ</em></strong></span> <span class='ocrx_word' id='word_1_354' title='bbox 1406 3506 1646 3577; x_wconf 81' lang='grc' dir='ltr'>Κτίστης</span> <span class='ocrx_word' id='word_1_355' title='bbox 1670 3509 1800 3576; x_wconf 82' lang='grc' dir='ltr'>ἡμῖν</span> <span class='ocrx_word' id='word_1_356' title='bbox 1835 3511 1949 3570; x_wconf 89' lang='grc' dir='ltr'>τοῖς</span> 
     </span>
    </p>
   </div>
   <div class='ocr_carea' id='block_1_66' title="bbox 357 3597 1946 3672">
    <p class='ocr_par' dir='ltr' id='par_1_66' title="bbox 357 3597 1946 3672">
     <span class='ocr_line' id='line_1_66' title="bbox 357 3597 1946 3672; baseline -0.004 -15"><span class='ocrx_word' id='word_1_357' title='bbox 357 3604 460 3657; x_wconf 78' lang='grc' dir='ltr'>ὑπ’</span> <span class='ocrx_word' id='word_1_358' title='bbox 511 3602 678 3656; x_wconf 80' lang='grc' dir='ltr'>αὐτοῦ</span> <span class='ocrx_word' id='word_1_359' title='bbox 723 3600 1067 3672; x_wconf 68' lang='grc' dir='ltr'>γενομένοις·</span> <span class='ocrx_word' id='word_1_360' title='bbox 1119 3599 1178 3666; x_wconf 76' lang='grc' dir='ltr'><strong>ἐξ</strong></span> <span class='ocrx_word' id='word_1_361' title='bbox 1208 3599 1451 3669; x_wconf 76' lang='grc' dir='ltr'>ἀσπόρου</span> <span class='ocrx_word' id='word_1_362' title='bbox 1497 3597 1815 3668; x_wconf 83' lang='grc' dir='ltr'>βλαστήσας</span> <span class='ocrx_word' id='word_1_363' title='bbox 1842 3613 1946 3664; x_wconf 84' lang='grc' dir='ltr'>γα-</span> 
     </span>
    </p>
   </div>
   <div class='ocr_carea' id='block_1_67' title="bbox 357 3683 1944 3759">
    <p class='ocr_par' dir='ltr' id='par_1_67' title="bbox 357 3683 1944 3759">
     <span class='ocr_line' id='line_1_67' title="bbox 357 3683 1944 3759; baseline -0.003 -16"><span class='ocrx_word' id='word_1_364' title='bbox 357 3691 550 3759; x_wconf 72' lang='grc' dir='ltr'>στρὸς,</span> <span class='ocrx_word' id='word_1_365' title='bbox 591 3693 685 3742; x_wconf 74' lang='grc' dir='ltr'>καὶ</span> <span class='ocrx_word' id='word_1_366' title='bbox 729 3688 968 3756; x_wconf 82' lang='grc' dir='ltr'>φυλάξας</span> <span class='ocrx_word' id='word_1_367' title='bbox 1028 3687 1250 3757; x_wconf 76' lang='grc' dir='ltr'>ταύτην,</span> <span class='ocrx_word' id='word_1_368' title='bbox 1293 3687 1482 3756; x_wconf 79' lang='grc' dir='ltr'>ὥσπερ</span> <span class='ocrx_word' id='word_1_369' title='bbox 1540 3683 1628 3757; x_wconf 81' lang='grc' dir='ltr'>ἦν,</span> <span class='ocrx_word' id='word_1_370' title='bbox 1687 3684 1944 3756; x_wconf 77' lang='grc' dir='ltr'>ἄφθορον,</span> 
     </span>
    </p>
   </div>
   <div class='ocr_carea' id='block_1_68' title="bbox 358 3776 1945 3850">
    <p class='ocr_par' dir='ltr' id='par_1_68' title="bbox 358 3776 1945 3850">
     <span class='ocr_line' id='line_1_68' title="bbox 358 3776 1945 3850; baseline -0.001 -18"><span class='ocrx_word' id='word_1_371' title='bbox 358 3780 457 3834; x_wconf 80' lang='grc' dir='ltr'>ἵνα</span> <span class='ocrx_word' id='word_1_372' title='bbox 503 3781 564 3832; x_wconf 81' lang='grc' dir='ltr'>τὸ</span> <span class='ocrx_word' id='word_1_373' title='bbox 612 3777 796 3850; x_wconf 83' lang='grc' dir='ltr'>θαῦμα</span> <span class='ocrx_word' id='word_1_374' title='bbox 843 3777 1155 3849; x_wconf 76' lang='grc' dir='ltr'>βλέποντες,</span> <span class='ocrx_word' id='word_1_375' title='bbox 1193 3779 1530 3849; x_wconf 75' lang='grc' dir='ltr'>ύμνὴσωμεν</span> <span class='ocrx_word' id='word_1_376' title='bbox 1573 3776 1740 3849; x_wconf 78' lang='grc' dir='ltr'>αὐτὴν</span> <span class='ocrx_word' id='word_1_377' title='bbox 1779 3776 1945 3848; x_wconf 73' lang='grc' dir='ltr'>βοῶνο</span> 
     </span>
    </p>
   </div>
   <div class='ocr_carea' id='block_1_69' title="bbox 352 3887 476 3935">
    <p class='ocr_par' dir='ltr' id='par_1_69' title="bbox 352 3887 476 3935">
     <span class='ocr_line' id='line_1_69' title="bbox 352 3887 476 3935; baseline 0.04 -12"><span class='ocrx_word' id='word_1_378' title='bbox 352 3887 423 3924; x_wconf 84' lang='grc' dir='ltr'><strong>τε</strong></span> <span class='ocrx_word' id='word_1_379' title='bbox 431 3888 476 3935; x_wconf 84' lang='grc' dir='ltr'><strong>ς.</strong></span> 
     </span>
    </p>
   </div>
   <div class='ocr_carea' id='block_1_70' title="bbox 435 4049 1402 4122">
    <p class='ocr_par' dir='ltr' id='par_1_70' title="bbox 435 4049 1402 4122">
     <span class='ocr_line' id='line_1_70' title="bbox 435 4049 1402 4122; baseline -0.002 -16"><span class='ocrx_word' id='word_1_380' title='bbox 435 4052 630 4122; x_wconf 84' lang='grc' dir='ltr'>Χαῖρε,</span> <span class='ocrx_word' id='word_1_381' title='bbox 661 4051 722 4105; x_wconf 72' lang='grc' dir='ltr'><strong>τὸ</strong></span> <span class='ocrx_word' id='word_1_382' title='bbox 755 4051 916 4116; x_wconf 81' lang='grc' dir='ltr'>ἄνθος</span> <span class='ocrx_word' id='word_1_383' title='bbox 945 4051 1047 4121; x_wconf 86' lang='grc' dir='ltr'>τῆς</span> <span class='ocrx_word' id='word_1_384' title='bbox 1073 4049 1402 4122; x_wconf 84' lang='grc' dir='ltr'>ἀφθαρσίας.</span> 
     </span>
    </p>
   </div>
   <div class='ocr_carea' id='block_1_71' title="bbox 436 4131 1455 4215">
    <p class='ocr_par' dir='ltr' id='par_1_71' title="bbox 436 4131 1455 4215">
     <span class='ocr_line' id='line_1_71' title="bbox 436 4131 1455 4215; baseline 0 -18"><span class='ocrx_word' id='word_1_385' title='bbox 436 4145 632 4214; x_wconf 89' lang='grc' dir='ltr'>Χαῖρε,</span> <span class='ocrx_word' id='word_1_386' title='bbox 661 4143 721 4198; x_wconf 85' lang='grc' dir='ltr'>τὸ</span> <span class='ocrx_word' id='word_1_387' title='bbox 751 4131 950 4214; x_wconf 68' lang='grc' dir='ltr'>στέφος</span> <span class='ocrx_word' id='word_1_388' title='bbox 975 4144 1073 4213; x_wconf 78' lang='grc' dir='ltr'>τῆς</span> <span class='ocrx_word' id='word_1_389' title='bbox 1104 4145 1455 4215; x_wconf 82' lang='grc' dir='ltr'>ἐγκρατείας.</span> 
     </span>
    </p>
   </div>
   <div class='ocr_carea' id='block_1_72' title="bbox 383 4235 1748 4306">
    <p class='ocr_par' dir='ltr' id='par_1_72' title="bbox 383 4235 1748 4306">
     <span class='ocr_line' id='line_1_72' title="bbox 383 4235 1748 4306; baseline 0.001 -16"><span class='ocrx_word' id='word_1_390' title='bbox 383 4277 400 4281; x_wconf 94' lang='grc'><strong><em>-</em></strong></span> <span class='ocrx_word' id='word_1_391' title='bbox 431 4237 626 4306; x_wconf 88' lang='grc' dir='ltr'>Χαῖρε,</span> <span class='ocrx_word' id='word_1_392' title='bbox 659 4236 762 4302; x_wconf 79' lang='grc' dir='ltr'>τῆς</span> <span class='ocrx_word' id='word_1_393' title='bbox 786 4236 1137 4300; x_wconf 85' lang='grc' dir='ltr'>ἀναστάσεως</span> <span class='ocrx_word' id='word_1_394' title='bbox 1167 4235 1336 4290; x_wconf 84' lang='grc' dir='ltr'>τύπον</span> <span class='ocrx_word' id='word_1_395' title='bbox 1365 4236 1748 4306; x_wconf 79' lang='grc' dir='ltr'>ὲκλάμπουσα.</span> 
     </span>
    </p>
   </div>
   <div class='ocr_carea' id='block_1_73' title="bbox 432 4326 1710 4398">
    <p class='ocr_par' dir='ltr' id='par_1_73' title="bbox 432 4326 1710 4398">
     <span class='ocr_line' id='line_1_73' title="bbox 432 4326 1710 4398; baseline 0.002 -17"><span class='ocrx_word' id='word_1_396' title='bbox 432 4327 630 4396; x_wconf 84' lang='grc' dir='ltr'>Χαῖρε,</span> <span class='ocrx_word' id='word_1_397' title='bbox 661 4329 772 4381; x_wconf 89' lang='grc' dir='ltr'><strong>τῶν</strong></span> <span class='ocrx_word' id='word_1_398' title='bbox 799 4327 1049 4397; x_wconf 83' lang='grc' dir='ltr'>ἀγγέλων</span> <span class='ocrx_word' id='word_1_399' title='bbox 1083 4327 1173 4380; x_wconf 83' lang='grc' dir='ltr'>τὸν</span> <span class='ocrx_word' id='word_1_400' title='bbox 1201 4327 1317 4396; x_wconf 82' lang='grc' dir='ltr'>βίον</span> <span class='ocrx_word' id='word_1_401' title='bbox 1349 4326 1710 4398; x_wconf 76' lang='grc' dir='ltr'>ἐμφαίνουσα.</span> 
     </span>
    </p>
   </div>
   <div class='ocr_carea' id='block_1_74' title="bbox 432 4413 1942 4492">
    <p class='ocr_par' dir='ltr' id='par_1_74' title="bbox 432 4413 1942 4492">
     <span class='ocr_line' id='line_1_74' title="bbox 432 4413 1942 4492; baseline 0.001 -20"><span class='ocrx_word' id='word_1_402' title='bbox 432 4420 628 4490; x_wconf 83' lang='grc' dir='ltr'>Χαῖρε,</span> <span class='ocrx_word' id='word_1_403' title='bbox 661 4419 875 4490; x_wconf 76' lang='grc' dir='ltr'>δένδρον</span> <span class='ocrx_word' id='word_1_404' title='bbox 906 4419 1310 4492; x_wconf 76' lang='grc' dir='ltr'>ἀγλαόκαρπον,</span> <span class='ocrx_word' id='word_1_405' title='bbox 1351 4421 1413 4486; x_wconf 64' lang='lat' dir='ltr'><strong>te</strong></span> <span class='ocrx_word' id='word_1_406' title='bbox 1452 4413 1514 4474; x_wconf 80' lang='grc' dir='ltr'><strong>οὗ</strong></span> <span class='ocrx_word' id='word_1_407' title='bbox 1539 4419 1830 4490; x_wconf 81' lang='grc' dir='ltr'>τρέφονται</span> <span class='ocrx_word' id='word_1_408' title='bbox 1854 4437 1942 4474; x_wconf 86' lang='grc' dir='ltr'>πι-</span> 
     </span>
    </p>
   </div>
   <div class='ocr_carea' id='block_1_75' title="bbox 356 4509 506 4565">
    <p class='ocr_par' dir='ltr' id='par_1_75' title="bbox 356 4509 506 4565">
     <span class='ocr_line' id='line_1_75' title="bbox 356 4509 506 4565; baseline 0 -1"><span class='ocrx_word' id='word_1_409' title='bbox 356 4509 506 4565; x_wconf 69' lang='lat' dir='ltr'><strong>orci.</strong></span> 
     </span>
    </p>
   </div>
   <div class='ocr_carea' id='block_1_76' title="bbox 433 4599 1972 4696">
    <p class='ocr_par' dir='ltr' id='par_1_76' title="bbox 433 4599 1972 4696">
     <span class='ocr_line' id='line_1_76' title="bbox 433 4599 1972 4696; baseline 0.003 -38"><span class='ocrx_word' id='word_1_410' title='bbox 433 4605 630 4676; x_wconf 87' lang='grc' dir='ltr'>Χαῖρε,</span> <span class='ocrx_word' id='word_1_411' title='bbox 663 4601 818 4670; x_wconf 77' lang='grc' dir='ltr'>ξύλον</span> <span class='ocrx_word' id='word_1_412' title='bbox 841 4606 1252 4675; x_wconf 84' lang='grc' dir='ltr'>εὐσκιόφυλλον,</span> <span class='ocrx_word' id='word_1_413' title='bbox 1276 4607 1368 4678; x_wconf 84' lang='grc' dir='ltr'><strong>ὑφ’</strong></span> <span class='ocrx_word' id='word_1_414' title='bbox 1395 4599 1457 4662; x_wconf 78' lang='grc' dir='ltr'><strong>οὗ</strong></span> <span class='ocrx_word' id='word_1_415' title='bbox 1487 4607 1782 4664; x_wconf 80' lang='grc' dir='ltr'>σκέπονται</span> <span class='ocrx_word' id='word_1_416' title='bbox 1814 4608 1972 4696; x_wconf 30' lang='grc' dir='ltr'>πολ-Ι</span> 
     </span>
    </p>
   </div>
   <div class='ocr_carea' id='block_1_77' title="bbox 352 4697 471 4756">
    <p class='ocr_par' dir='ltr' id='par_1_77' title="bbox 352 4697 471 4756">
     <span class='ocr_line' id='line_1_77' title="bbox 352 4697 471 4756; baseline -0.042 0"><span class='ocrx_word' id='word_1_417' title='bbox 352 4697 471 4756; x_wconf 73' lang='grc' dir='ltr'>λοι.</span> 
     </span>
    </p>
   </div>
   <div class='ocr_carea' id='block_1_78' title="bbox 429 4784 1632 4862">
    <p class='ocr_par' dir='ltr' id='par_1_78' title="bbox 429 4784 1632 4862">
     <span class='ocr_line' id='line_1_78' title="bbox 429 4784 1632 4862; baseline -0.001 -16"><span class='ocrx_word' id='word_1_418' title='bbox 429 4791 626 4862; x_wconf 88' lang='grc' dir='ltr'>Χαῖρε,</span> <span class='ocrx_word' id='word_1_419' title='bbox 653 4789 996 4862; x_wconf 81' lang='grc' dir='ltr'>κυοφοροῢσα</span> <span class='ocrx_word' id='word_1_420' title='bbox 1019 4788 1212 4862; x_wconf 81' lang='grc' dir='ltr'>ὁδηγὸν</span> <span class='ocrx_word' id='word_1_421' title='bbox 1238 4784 1632 4861; x_wconf 69' lang='grc' dir='ltr'>πλανωμένοις.</span> 
     </span>
    </p>
   </div>
   <div class='ocr_carea' id='block_1_79' title="bbox 431 4879 1774 4954">
    <p class='ocr_par' dir='ltr' id='par_1_79' title="bbox 431 4879 1774 4954">
     <span class='ocr_line' id='line_1_79' title="bbox 431 4879 1774 4954; baseline 0 -18"><span class='ocrx_word' id='word_1_422' title='bbox 431 4883 630 4952; x_wconf 79' lang='grc' dir='ltr'>Χαῖρε,</span> <span class='ocrx_word' id='word_1_423' title='bbox 666 4881 1030 4951; x_wconf 82' lang='grc' dir='ltr'>άπογεννῶσα</span> <span class='ocrx_word' id='word_1_424' title='bbox 1063 4880 1342 4953; x_wconf 78' lang='grc' dir='ltr'>λυτρωτὴν</span> <span class='ocrx_word' id='word_1_425' title='bbox 1382 4879 1774 4954; x_wconf 78' lang='grc' dir='ltr'>αἰχμαλώτοις.</span> 
     </span>
    </p>
   </div>
   <div class='ocr_carea' id='block_1_80' title="bbox 432 4972 1451 5044">
    <p class='ocr_par' dir='ltr' id='par_1_80' title="bbox 432 4972 1451 5044">
     <span class='ocr_line' id='line_1_80' title="bbox 432 4972 1451 5044; baseline 0.003 -19"><span class='ocrx_word' id='word_1_426' title='bbox 432 4973 630 5044; x_wconf 88' lang='grc' dir='ltr'>Χαῖρε,</span> <span class='ocrx_word' id='word_1_427' title='bbox 660 4973 848 5042; x_wconf 82' lang='grc' dir='ltr'>κριτοῦ</span> <span class='ocrx_word' id='word_1_428' title='bbox 875 4973 1088 5027; x_wconf 87' lang='grc' dir='ltr'>δικαίου</span> <span class='ocrx_word' id='word_1_429' title='bbox 1115 4972 1451 5044; x_wconf 79' lang='grc' dir='ltr'>δυσώπησις.</span> 
     </span>
    </p>
   </div>
   <div class='ocr_carea' id='block_1_81' title="bbox 435 5055 1608 5136">
    <p class='ocr_par' dir='ltr' id='par_1_81' title="bbox 435 5055 1608 5136">
     <span class='ocr_line' id='line_1_81' title="bbox 435 5055 1608 5136; baseline 0.002 -20"><span class='ocrx_word' id='word_1_430' title='bbox 435 5063 631 5134; x_wconf 90' lang='grc' dir='ltr'>Χαῖρε,</span> <span class='ocrx_word' id='word_1_431' title='bbox 661 5063 876 5119; x_wconf 84' lang='grc' dir='ltr'>πολλῶν</span> <span class='ocrx_word' id='word_1_432' title='bbox 907 5064 1211 5118; x_wconf 84' lang='grc' dir='ltr'>πταιόντων</span> <span class='ocrx_word' id='word_1_433' title='bbox 1241 5055 1608 5136; x_wconf 84' lang='grc' dir='ltr'>συγχώρησις.</span> 
     </span>
    </p>
   </div>
   <div class='ocr_carea' id='block_1_82' title="bbox 434 5153 1582 5228">
    <p class='ocr_par' dir='ltr' id='par_1_82' title="bbox 434 5153 1582 5228">
     <span class='ocr_line' id='line_1_82' title="bbox 434 5153 1582 5228; baseline 0.003 -21"><span class='ocrx_word' id='word_1_434' title='bbox 434 5154 632 5226; x_wconf 88' lang='grc' dir='ltr'>Χαῖρε,</span> <span class='ocrx_word' id='word_1_435' title='bbox 665 5153 824 5227; x_wconf 72' lang='grc' dir='ltr'>στολὴ</span> <span class='ocrx_word' id='word_1_436' title='bbox 847 5155 954 5209; x_wconf 87' lang='grc' dir='ltr'><strong>τῶν</strong></span> <span class='ocrx_word' id='word_1_437' title='bbox 985 5155 1210 5226; x_wconf 85' lang='grc' dir='ltr'>γυμνῶν</span> <span class='ocrx_word' id='word_1_438' title='bbox 1246 5156 1582 5228; x_wconf 76' lang='grc' dir='ltr'>παρρησίας.</span> 
     </span>
    </p>
   </div>
   <div class='ocr_carea' id='block_1_83' title="bbox 433 5244 1510 5319">
    <p class='ocr_par' dir='ltr' id='par_1_83' title="bbox 433 5244 1510 5319">
     <span class='ocr_line' id='line_1_83' title="bbox 433 5244 1510 5319; baseline 0.006 -21"><span class='ocrx_word' id='word_1_439' title='bbox 433 5244 629 5316; x_wconf 89' lang='grc' dir='ltr'>Χαῖρε,</span> <span class='ocrx_word' id='word_1_440' title='bbox 657 5246 859 5319; x_wconf 82' lang='grc' dir='ltr'>στοργὴ</span> <span class='ocrx_word' id='word_1_441' title='bbox 894 5248 1072 5302; x_wconf 86' lang='grc' dir='ltr'>πάντα</span> <span class='ocrx_word' id='word_1_442' title='bbox 1095 5248 1258 5302; x_wconf 83' lang='grc' dir='ltr'>πόθον</span> <span class='ocrx_word' id='word_1_443' title='bbox 1279 5247 1510 5304; x_wconf 85' lang='grc' dir='ltr'>νικῶσα.</span> 
     </span>
    </p>
   </div>
   <div class='ocr_carea' id='block_1_84' title="bbox 436 5339 1214 5412">
    <p class='ocr_par' dir='ltr' id='par_1_84' title="bbox 436 5339 1214 5412">
     <span class='ocr_line' id='line_1_84' title="bbox 436 5339 1214 5412; baseline 0.005 -20"><span class='ocrx_word' id='word_1_444' title='bbox 436 5339 632 5410; x_wconf 86' lang='grc' dir='ltr'>Χαῖρε,</span> <span class='ocrx_word' id='word_1_445' title='bbox 662 5339 846 5412; x_wconf 86' lang='grc' dir='ltr'>νύμφη</span> <span class='ocrx_word' id='word_1_446' title='bbox 879 5339 1214 5412; x_wconf 85' lang='grc' dir='ltr'>ἀνύμφευτε.</span> 
     </span>
    </p>
   </div>
   <div class='ocr_carea' id='block_1_85' title="bbox 435 5430 1942 5506">
    <p class='ocr_par' dir='ltr' id='par_1_85' title="bbox 435 5430 1942 5506">
     <span class='ocr_line' id='line_1_85' title="bbox 435 5430 1942 5506; baseline 0.004 -22"><span class='ocrx_word' id='word_1_447' title='bbox 435 5430 598 5484; x_wconf 83' lang='grc' dir='ltr'>Ξένον</span> <span class='ocrx_word' id='word_1_448' title='bbox 635 5433 797 5486; x_wconf 88' lang='grc' dir='ltr'>τόκον</span> <span class='ocrx_word' id='word_1_449' title='bbox 843 5433 1042 5497; x_wconf 82' lang='grc' dir='ltr'>ἰδόντες</span> <span class='ocrx_word' id='word_1_450' title='bbox 1081 5431 1401 5503; x_wconf 83' lang='grc' dir='ltr'>ξενωθῶμεν</span> <span class='ocrx_word' id='word_1_451' title='bbox 1437 5434 1533 5488; x_wconf 83' lang='grc' dir='ltr'>τοῦ</span> <span class='ocrx_word' id='word_1_452' title='bbox 1578 5435 1808 5506; x_wconf 87' lang='grc' dir='ltr'>κόσμου,</span> <span class='ocrx_word' id='word_1_453' title='bbox 1851 5437 1942 5490; x_wconf 71' lang='grc' dir='ltr'>τὸν</span> 
     </span>
    </p>
   </div>
   <div class='ocr_carea' id='block_1_86' title="bbox 357 5518 1942 5597">
    <p class='ocr_par' dir='ltr' id='par_1_86' title="bbox 357 5518 1942 5597">
     <span class='ocr_line' id='line_1_86' title="bbox 357 5518 1942 5597; baseline 0.004 -22"><span class='ocrx_word' id='word_1_454' title='bbox 357 5518 492 5576; x_wconf 81' lang='grc' dir='ltr'>νοῦν</span> <span class='ocrx_word' id='word_1_455' title='bbox 545 5523 626 5586; x_wconf 80' lang='grc' dir='ltr'><strong>εἰς</strong></span> <span class='ocrx_word' id='word_1_456' title='bbox 681 5522 945 5594; x_wconf 78' lang='grc' dir='ltr'>οὐρανοὺς</span> <span class='ocrx_word' id='word_1_457' title='bbox 1000 5524 1359 5594; x_wconf 81' lang='grc' dir='ltr'>μεταθέντες·</span> <span class='ocrx_word' id='word_1_458' title='bbox 1399 5525 1487 5579; x_wconf 88' lang='grc' dir='ltr'><strong>διά</strong></span> <span class='ocrx_word' id='word_1_459' title='bbox 1536 5526 1692 5580; x_wconf 74' lang='grc' dir='ltr'>τοῦτο</span> <span class='ocrx_word' id='word_1_460' title='bbox 1753 5527 1863 5597; x_wconf 80' lang='grc' dir='ltr'>γὰρ</span> <span class='ocrx_word' id='word_1_461' title='bbox 1913 5529 1942 5580; x_wconf 88' lang='grc' dir='ltr'><em>ὀ</em></span> 
     </span>
    </p>
   </div>
   <div class='ocr_carea' id='block_1_87' title="bbox 361 5610 1942 5686">
    <p class='ocr_par' dir='ltr' id='par_1_87' title="bbox 361 5610 1942 5686">
     <span class='ocr_line' id='line_1_87' title="bbox 361 5610 1942 5686; baseline 0.004 -23"><span class='ocrx_word' id='word_1_462' title='bbox 361 5610 574 5681; x_wconf 76' lang='grc' dir='ltr'>ὑψηλὸς</span> <span class='ocrx_word' id='word_1_463' title='bbox 598 5612 731 5678; x_wconf 84' lang='grc' dir='ltr'>Θεὸς</span> <span class='ocrx_word' id='word_1_464' title='bbox 763 5613 858 5667; x_wconf 77' lang='grc' dir='ltr'><strong>ἐπὶ</strong></span> <span class='ocrx_word' id='word_1_465' title='bbox 877 5613 982 5684; x_wconf 80' lang='grc' dir='ltr'>γῆς</span> <span class='ocrx_word' id='word_1_466' title='bbox 1009 5615 1180 5685; x_wconf 80' lang='grc' dir='ltr'>ἐφάνη</span> <span class='ocrx_word' id='word_1_467' title='bbox 1211 5615 1465 5679; x_wconf 74' lang='grc' dir='ltr'>ταπεινὸς</span> <span class='ocrx_word' id='word_1_468' title='bbox 1486 5616 1792 5685; x_wconf 83' lang='grc' dir='ltr'>ἄνθρωπος,</span> <span class='ocrx_word' id='word_1_469' title='bbox 1816 5618 1942 5686; x_wconf 77' lang='grc' dir='ltr'>βου-</span> 
     </span>
    </p>
   </div>
   <div class='ocr_carea' id='block_1_88' title="bbox 249 5701 1937 5780">
    <p class='ocr_par' dir='ltr' id='par_1_88' title="bbox 249 5701 1937 5780">
     <span class='ocr_line' id='line_1_88' title="bbox 249 5701 1937 5780; baseline 0.007 -26"><span class='ocrx_word' id='word_1_470' title='bbox 249 5701 260 5708; x_wconf 89' lang='grc'><em>’</em></span> <span class='ocrx_word' id='word_1_471' title='bbox 359 5702 592 5772; x_wconf 84' lang='grc' dir='ltr'>λόμενος</span> <span class='ocrx_word' id='word_1_472' title='bbox 635 5704 859 5761; x_wconf 74' lang='grc' dir='ltr'>ἑλκύσαι</span> <span class='ocrx_word' id='word_1_473' title='bbox 892 5707 1028 5776; x_wconf 73' lang='grc' dir='ltr'>πρὸς</span> <span class='ocrx_word' id='word_1_474' title='bbox 1057 5707 1117 5761; x_wconf 78' lang='grc' dir='ltr'><strong>τὸ</strong></span> <span class='ocrx_word' id='word_1_475' title='bbox 1151 5707 1283 5778; x_wconf 63' lang='grc' dir='ltr'>ὕψος</span> <span class='ocrx_word' id='word_1_476' title='bbox 1309 5711 1434 5772; x_wconf 73' lang='grc' dir='ltr'>τοὺς</span> <span class='ocrx_word' id='word_1_477' title='bbox 1473 5708 1622 5780; x_wconf 71' lang='grc' dir='ltr'>αὐτῷ</span> <span class='ocrx_word' id='word_1_478' title='bbox 1661 5709 1902 5779; x_wconf 64' lang='grc' dir='ltr'>βοῶντας</span> <span class='ocrx_word' id='word_1_479' title='bbox 1926 5727 1937 5738; x_wconf 87' lang='lat'><strong><em>‘</em></strong></span> 
     </span>
    </p>
   </div>
   <div class='ocr_carea' id='block_1_89' title="bbox 446 5793 777 5866">
    <p class='ocr_par' dir='ltr' id='par_1_89' title="bbox 446 5793 777 5866">
     <span class='ocr_line' id='line_1_89' title="bbox 446 5793 777 5866; baseline 0.015 -17"><span class='ocrx_word' id='word_1_480' title='bbox 446 5793 777 5866; x_wconf 74' lang='grc' dir='ltr'>’Δλληλούῖαο</span> 
     </span>
    </p>
   </div>
   <div class='ocr_carea' id='block_1_90' title="bbox 2051 3319 3432 3392">
    <p class='ocr_par' dir='ltr' id='par_1_90' title="bbox 2051 3319 3432 3392">
     <span class='ocr_line' id='line_1_90' title="bbox 2051 3319 3432 3392; baseline -0.004 -15"><span class='ocrx_word' id='word_1_481' title='bbox 2051 3331 2137 3378; x_wconf 91' lang='lat' dir='ltr'><strong>est</strong></span> <span class='ocrx_word' id='word_1_482' title='bbox 2162 3330 2307 3376; x_wconf 86' lang='lat' dir='ltr'><strong>tuam</strong></span> <span class='ocrx_word' id='word_1_483' title='bbox 2337 3319 2667 3378; x_wconf 72' lang='lat' dir='ltr'><strong>ineffabilem</strong></span> <span class='ocrx_word' id='word_1_484' title='bbox 2703 3321 3050 3392; x_wconf 85' lang='lat' dir='ltr'><strong>sapientiam,</strong></span> <span class='ocrx_word' id='word_1_485' title='bbox 3081 3321 3432 3376; x_wconf 80' lang='lat' dir='ltr'><strong>exclamans:</strong></span> 
     </span>
    </p>
   </div>
   <div class='ocr_carea' id='block_1_91' title="bbox 2117 3406 3120 3468">
    <p class='ocr_par' dir='ltr' id='par_1_91' title="bbox 2117 3406 3120 3468">
     <span class='ocr_line' id='line_1_91' title="bbox 2117 3406 3120 3468; baseline -0.005 -1"><span class='ocrx_word' id='word_1_486' title='bbox 2117 3412 2367 3468; x_wconf 80' lang='lat' dir='ltr'><strong>Alleluia.</strong></span> <span class='ocrx_word' id='word_1_487' title='bbox 3079 3406 3090 3416; x_wconf 87' lang='grc'><em>’</em></span> <span class='ocrx_word' id='word_1_488' title='bbox 3113 3453 3120 3462; x_wconf 93' lang='grc'><strong>.</strong></span> 
     </span>
    </p>
   </div>
   <div class='ocr_carea' id='block_1_92' title="bbox 2118 3500 3626 3574">
    <p class='ocr_par' dir='ltr' id='par_1_92' title="bbox 2118 3500 3626 3574">
     <span class='ocr_line' id='line_1_92' title="bbox 2118 3500 3626 3574; baseline -0.002 -16"><span class='ocrx_word' id='word_1_489' title='bbox 2118 3503 2254 3558; x_wconf 89' lang='lat' dir='ltr'><strong>Cum</strong></span> <span class='ocrx_word' id='word_1_490' title='bbox 2278 3504 2516 3574; x_wconf 89' lang='lat' dir='ltr'><strong>seipsum</strong></span> <span class='ocrx_word' id='word_1_491' title='bbox 2541 3504 2699 3560; x_wconf 90' lang='lat' dir='ltr'><strong>nobis</strong></span> <span class='ocrx_word' id='word_1_492' title='bbox 2718 3504 2828 3567; x_wconf 87' lang='lat' dir='ltr'><strong>ille.</strong></span> <span class='ocrx_word' id='word_1_493' title='bbox 2860 3519 2890 3559; x_wconf 89' lang='lat' dir='ltr'><strong>a</strong></span> <span class='ocrx_word' id='word_1_494' title='bbox 2916 3519 3024 3574; x_wconf 88' lang='lat' dir='ltr'><strong>quo</strong></span> <span class='ocrx_word' id='word_1_495' title='bbox 3055 3517 3244 3558; x_wconf 87' lang='lat' dir='ltr'><strong>sumus</strong></span> <span class='ocrx_word' id='word_1_496' title='bbox 3270 3500 3416 3567; x_wconf 87' lang='lat' dir='ltr'><strong>facti,</strong></span> <span class='ocrx_word' id='word_1_497' title='bbox 3447 3501 3626 3555; x_wconf 84' lang='lat' dir='ltr'><strong>mani-</strong></span> 
     </span>
    </p>
   </div>
   <div class='ocr_carea' id='block_1_93' title="bbox 2048 3595 3628 3667">
    <p class='ocr_par' dir='ltr' id='par_1_93' title="bbox 2048 3595 3628 3667">
     <span class='ocr_line' id='line_1_93' title="bbox 2048 3595 3628 3667; baseline -0.003 -16"><span class='ocrx_word' id='word_1_498' title='bbox 2048 3595 2268 3652; x_wconf 88' lang='lat' dir='ltr'><strong>festavit</strong></span> <span class='ocrx_word' id='word_1_499' title='bbox 2289 3595 2535 3661; x_wconf 85' lang='lat' dir='ltr'><strong>Creator,</strong></span> <span class='ocrx_word' id='word_1_500' title='bbox 2566 3612 2766 3652; x_wconf 93' lang='lat' dir='ltr'><strong>novum</strong></span> <span class='ocrx_word' id='word_1_501' title='bbox 2791 3595 3032 3652; x_wconf 89' lang='lat' dir='ltr'><strong>ostendit</strong></span> <span class='ocrx_word' id='word_1_502' title='bbox 3054 3609 3226 3667; x_wconf 81' lang='lat' dir='ltr'><strong>genus</strong></span> <span class='ocrx_word' id='word_1_503' title='bbox 3251 3602 3542 3648; x_wconf 63' lang='lat' dir='ltr'><strong>creaturae:</strong></span> <span class='ocrx_word' id='word_1_504' title='bbox 3561 3608 3628 3646; x_wconf 75' lang='lat' dir='ltr'><strong>ex</strong></span> 
     </span>
    </p>
   </div>
   <div class='ocr_carea' id='block_1_94' title="bbox 2047 3687 3630 3758">
    <p class='ocr_par' dir='ltr' id='par_1_94' title="bbox 2047 3687 3630 3758">
     <span class='ocr_line' id='line_1_94' title="bbox 2047 3687 3630 3758; baseline -0.004 -16"><span class='ocrx_word' id='word_1_505' title='bbox 2047 3697 2236 3743; x_wconf 80' lang='lat' dir='ltr'><strong>ventre</strong></span> <span class='ocrx_word' id='word_1_506' title='bbox 2259 3687 2406 3742; x_wconf 89' lang='lat' dir='ltr'><strong>enim</strong></span> <span class='ocrx_word' id='word_1_507' title='bbox 2434 3688 2760 3758; x_wconf 80' lang='lat' dir='ltr'><strong>germinavit</strong></span> <span class='ocrx_word' id='word_1_508' title='bbox 2783 3687 2904 3742; x_wconf 91' lang='lat' dir='ltr'><strong>sine</strong></span> <span class='ocrx_word' id='word_1_509' title='bbox 2929 3688 3160 3753; x_wconf 81' lang='lat' dir='ltr'><strong>semine,</strong></span> <span class='ocrx_word' id='word_1_510' title='bbox 3188 3687 3474 3756; x_wconf 89' lang='lat' dir='ltr'><strong>ipsumque</strong></span> <span class='ocrx_word' id='word_1_511' title='bbox 3497 3699 3630 3738; x_wconf 90' lang='lat' dir='ltr'><strong>ven-</strong></span> 
     </span>
    </p>
   </div>
   <div class='ocr_carea' id='block_1_95' title="bbox 2047 3775 3630 3850">
    <p class='ocr_par' dir='ltr' id='par_1_95' title="bbox 2047 3775 3630 3850">
     <span class='ocr_line' id='line_1_95' title="bbox 2047 3775 3630 3850; baseline -0.003 -16"><span class='ocrx_word' id='word_1_512' title='bbox 2047 3789 2186 3834; x_wconf 89' lang='lat' dir='ltr'><strong>trem</strong></span> <span class='ocrx_word' id='word_1_513' title='bbox 2221 3779 2458 3850; x_wconf 85' lang='lat' dir='ltr'><strong>reliquit,</strong></span> <span class='ocrx_word' id='word_1_514' title='bbox 2490 3779 2651 3835; x_wconf 89' lang='lat' dir='ltr'><strong>sicuti</strong></span> <span class='ocrx_word' id='word_1_515' title='bbox 2686 3788 2826 3843; x_wconf 89' lang='lat' dir='ltr'><strong>erat,</strong></span> <span class='ocrx_word' id='word_1_516' title='bbox 2857 3779 3270 3848; x_wconf 90' lang='lat' dir='ltr'><strong>incorruptum;</strong></span> <span class='ocrx_word' id='word_1_517' title='bbox 3303 3785 3363 3831; x_wconf 95' lang='lat' dir='ltr'><strong>ut</strong></span> <span class='ocrx_word' id='word_1_518' title='bbox 3398 3791 3500 3832; x_wconf 89' lang='lat' dir='ltr'><strong>nos</strong></span> <span class='ocrx_word' id='word_1_519' title='bbox 3522 3775 3630 3830; x_wconf 87' lang='lat' dir='ltr'><strong>mi-</strong></span> 
     </span>
    </p>
   </div>
   <div class='ocr_carea' id='block_1_96' title="bbox 1987 3868 3630 3942">
    <p class='ocr_par' dir='ltr' id='par_1_96' title="bbox 1987 3868 3630 3942">
     <span class='ocr_line' id='line_1_96' title="bbox 1987 3868 3630 3942; baseline -0.004 -14"><span class='ocrx_word' id='word_1_520' title='bbox 1987 3879 1992 3886; x_wconf 86' lang='lat'>&#39;</span> <span class='ocrx_word' id='word_1_521' title='bbox 2047 3874 2291 3928; x_wconf 90' lang='lat' dir='ltr'><strong>raculum</strong></span> <span class='ocrx_word' id='word_1_522' title='bbox 2339 3873 2588 3930; x_wconf 88' lang='lat' dir='ltr'><strong>videntes</strong></span> <span class='ocrx_word' id='word_1_523' title='bbox 2650 3873 2938 3929; x_wconf 89' lang='lat' dir='ltr'><strong>laudemus</strong></span> <span class='ocrx_word' id='word_1_524' title='bbox 2985 3871 3157 3942; x_wconf 87' lang='lat' dir='ltr'><strong>ipsam</strong></span> <span class='ocrx_word' id='word_1_525' title='bbox 3193 3869 3472 3941; x_wconf 77' lang='lat' dir='ltr'><strong>Virginem</strong></span> <span class='ocrx_word' id='word_1_526' title='bbox 3519 3868 3630 3924; x_wconf 83' lang='lat' dir='ltr'><strong>cla-</strong></span> 
     </span>
    </p>
   </div>
   <div class='ocr_carea' id='block_1_97' title="bbox 2045 3956 2308 4022">
    <p class='ocr_par' dir='ltr' id='par_1_97' title="bbox 2045 3956 2308 4022">
     <span class='ocr_line' id='line_1_97' title="bbox 2045 3956 2308 4022; baseline 0.008 -2"><span class='ocrx_word' id='word_1_527' title='bbox 2045 3968 2259 4022; x_wconf 69' lang='lat' dir='ltr'><strong>manl&#39;es</strong></span> <span class='ocrx_word' id='word_1_528' title='bbox 2279 3956 2308 4021; x_wconf 66' lang='grc' dir='ltr'><strong>ἰ</strong></span> 
     </span>
    </p>
   </div>
   <div class='ocr_carea' id='block_1_98' title="bbox 2113 4056 2957 4128">
    <p class='ocr_par' dir='ltr' id='par_1_98' title="bbox 2113 4056 2957 4128">
     <span class='ocr_line' id='line_1_98' title="bbox 2113 4056 2957 4128; baseline -0.002 -16"><span class='ocrx_word' id='word_1_529' title='bbox 2113 4056 2250 4124; x_wconf 86' lang='lat' dir='ltr'><strong>Ave,</strong></span> <span class='ocrx_word' id='word_1_530' title='bbox 2281 4057 2378 4114; x_wconf 82' lang='lat' dir='ltr'><strong>ﬂos</strong></span> <span class='ocrx_word' id='word_1_531' title='bbox 2406 4056 2957 4128; x_wconf 88' lang='lat' dir='ltr'><strong>incorruptibilitatis.</strong></span> 
     </span>
    </p>
   </div>
   <div class='ocr_carea' id='block_1_99' title="bbox 2114 4149 2886 4216">
    <p class='ocr_par' dir='ltr' id='par_1_99' title="bbox 2114 4149 2886 4216">
     <span class='ocr_line' id='line_1_99' title="bbox 2114 4149 2886 4216; baseline -0.001 -13"><span class='ocrx_word' id='word_1_532' title='bbox 2114 4149 2249 4216; x_wconf 89' lang='lat' dir='ltr'><strong>Ave,</strong></span> <span class='ocrx_word' id='word_1_533' title='bbox 2289 4165 2488 4204; x_wconf 88' lang='lat' dir='ltr'><strong>corona</strong></span> <span class='ocrx_word' id='word_1_534' title='bbox 2515 4149 2886 4205; x_wconf 84' lang='lat' dir='ltr'><strong>continentiae.</strong></span> 
     </span>
    </p>
   </div>
   <div class='ocr_carea' id='block_1_100' title="bbox 2117 4239 3505 4312">
    <p class='ocr_par' dir='ltr' id='par_1_100' title="bbox 2117 4239 3505 4312">
     <span class='ocr_line' id='line_1_100' title="bbox 2117 4239 3505 4312; baseline -0.001 -18"><span class='ocrx_word' id='word_1_535' title='bbox 2117 4242 2250 4308; x_wconf 90' lang='lat' dir='ltr'><strong>Ave,</strong></span> <span class='ocrx_word' id='word_1_536' title='bbox 2281 4257 2404 4312; x_wconf 66' lang='lat' dir='ltr'><strong>qute</strong></span> <span class='ocrx_word' id='word_1_537' title='bbox 2436 4249 2622 4312; x_wconf 89' lang='lat' dir='ltr'><strong>typum</strong></span> <span class='ocrx_word' id='word_1_538' title='bbox 2649 4239 3070 4296; x_wconf 84' lang='lat' dir='ltr'><strong>resurrectionis</strong></span> <span class='ocrx_word' id='word_1_539' title='bbox 3101 4247 3505 4311; x_wconf 66' lang='lat' dir='ltr'><strong>praemonstras.</strong></span> 
     </span>
    </p>
   </div>
   <div class='ocr_carea' id='block_1_101' title="bbox 2113 4331 3338 4405">
    <p class='ocr_par' dir='ltr' id='par_1_101' title="bbox 2113 4331 3338 4405">
     <span class='ocr_line' id='line_1_101' title="bbox 2113 4331 3338 4405; baseline -0.002 -17"><span class='ocrx_word' id='word_1_540' title='bbox 2113 4333 2248 4398; x_wconf 87' lang='lat' dir='ltr'><strong>Ave,</strong></span> <span class='ocrx_word' id='word_1_541' title='bbox 2275 4350 2396 4404; x_wconf 76' lang='lat' dir='ltr'><strong>qua:</strong></span> <span class='ocrx_word' id='word_1_542' title='bbox 2419 4333 2732 4405; x_wconf 74' lang='lat' dir='ltr'><strong>angelorum</strong></span> <span class='ocrx_word' id='word_1_543' title='bbox 2763 4331 2926 4388; x_wconf 89' lang='lat' dir='ltr'><strong>vitam</strong></span> <span class='ocrx_word' id='word_1_544' title='bbox 2961 4339 3338 4402; x_wconf 72' lang='lat' dir='ltr'><strong>reprzesentas.</strong></span> 
     </span>
    </p>
   </div>
   <div class='ocr_carea' id='block_1_102' title="bbox 2115 4419 3627 4494">
    <p class='ocr_par' dir='ltr' id='par_1_102' title="bbox 2115 4419 3627 4494">
     <span class='ocr_line' id='line_1_102' title="bbox 2115 4419 3627 4494; baseline -0.001 -16"><span class='ocrx_word' id='word_1_545' title='bbox 2115 4425 2252 4488; x_wconf 75' lang='lat' dir='ltr'><strong>Ave,</strong></span> <span class='ocrx_word' id='word_1_546' title='bbox 2307 4421 2796 4494; x_wconf 83' lang='lat' dir='ltr'><strong>arborsplendido</strong></span> <span class='ocrx_word' id='word_1_547' title='bbox 2829 4421 3011 4477; x_wconf 86' lang='lat' dir='ltr'><strong>fructu</strong></span> <span class='ocrx_word' id='word_1_548' title='bbox 3061 4422 3235 4487; x_wconf 88' lang='lat' dir='ltr'><strong>dives,</strong></span> <span class='ocrx_word' id='word_1_549' title='bbox 3279 4437 3390 4491; x_wconf 92' lang='lat' dir='ltr'><strong>quo</strong></span> <span class='ocrx_word' id='word_1_550' title='bbox 3441 4419 3627 4476; x_wconf 81' lang='lat' dir='ltr'><strong>ﬁdeles</strong></span> 
     </span>
    </p>
   </div>
   <div class='ocr_carea' id='block_1_103' title="bbox 1974 4517 2382 4592">
    <p class='ocr_par' dir='ltr' id='par_1_103' title="bbox 1974 4517 2382 4592">
     <span class='ocr_line' id='line_1_103' title="bbox 1974 4517 2382 4592; baseline 0 -22"><span class='ocrx_word' id='word_1_551' title='bbox 1974 4536 2017 4592; x_wconf 83' lang='grc' dir='ltr'><strong>ι)</strong></span> <span class='ocrx_word' id='word_1_552' title='bbox 2045 4517 2382 4572; x_wconf 87' lang='lat' dir='ltr'><strong>nutriuntur.</strong></span> 
     </span>
    </p>
   </div>
   <div class='ocr_carea' id='block_1_104' title="bbox 2115 4606 3625 4682">
    <p class='ocr_par' dir='ltr' id='par_1_104' title="bbox 2115 4606 3625 4682">
     <span class='ocr_line' id='line_1_104' title="bbox 2115 4606 3625 4682; baseline -0.001 -20"><span class='ocrx_word' id='word_1_553' title='bbox 2115 4609 2251 4671; x_wconf 86' lang='lat' dir='ltr'><strong>Ave,</strong></span> <span class='ocrx_word' id='word_1_554' title='bbox 2284 4609 2511 4682; x_wconf 78' lang='lat' dir='ltr'><strong>lignum,</strong></span> <span class='ocrx_word' id='word_1_555' title='bbox 2543 4609 2698 4680; x_wconf 80' lang='lat' dir='ltr'><strong>cujus</strong></span> <span class='ocrx_word' id='word_1_556' title='bbox 2739 4617 2886 4682; x_wconf 87' lang='lat' dir='ltr'><strong>grata</strong></span> <span class='ocrx_word' id='word_1_557' title='bbox 2935 4606 3187 4663; x_wconf 89' lang='lat' dir='ltr'><strong>foliorum</strong></span> <span class='ocrx_word' id='word_1_558' title='bbox 3219 4607 3408 4659; x_wconf 85' lang='lat' dir='ltr'><strong>umbra</strong></span> <span class='ocrx_word' id='word_1_559' title='bbox 3441 4613 3625 4674; x_wconf 87' lang='lat' dir='ltr'><strong>prote-</strong></span> 
     </span>
    </p>
   </div>
   <div class='ocr_carea' id='block_1_105' title="bbox 2048 4701 2464 4772">
    <p class='ocr_par' dir='ltr' id='par_1_105' title="bbox 2048 4701 2464 4772">
     <span class='ocr_line' id='line_1_105' title="bbox 2048 4701 2464 4772; baseline 0 -18"><span class='ocrx_word' id='word_1_560' title='bbox 2048 4707 2252 4772; x_wconf 82' lang='lat' dir='ltr'><strong>guntur</strong></span> <span class='ocrx_word' id='word_1_561' title='bbox 2280 4701 2464 4756; x_wconf 88' lang='lat' dir='ltr'><strong>multi.</strong></span> 
     </span>
    </p>
   </div>
   <div class='ocr_carea' id='block_1_106' title="bbox 2101 4791 3470 4864">
    <p class='ocr_par' dir='ltr' id='par_1_106' title="bbox 2101 4791 3470 4864">
     <span class='ocr_line' id='line_1_106' title="bbox 2101 4791 3470 4864; baseline 0.001 -18"><span class='ocrx_word' id='word_1_562' title='bbox 2101 4791 2255 4860; x_wconf 74' lang='lat' dir='ltr'><strong>&#39;Ave,</strong></span> <span class='ocrx_word' id='word_1_563' title='bbox 2285 4809 2404 4862; x_wconf 67' lang='lat' dir='ltr'><strong>quae</strong></span> <span class='ocrx_word' id='word_1_564' title='bbox 2431 4800 2614 4864; x_wconf 82' lang='lat' dir='ltr'><strong>gestas</strong></span> <span class='ocrx_word' id='word_1_565' title='bbox 2639 4791 2696 4848; x_wconf 91' lang='lat' dir='ltr'><strong>in</strong></span> <span class='ocrx_word' id='word_1_566' title='bbox 2731 4802 2888 4848; x_wconf 90' lang='lat' dir='ltr'><strong>utero</strong></span> <span class='ocrx_word' id='word_1_567' title='bbox 2915 4793 3110 4849; x_wconf 91' lang='lat' dir='ltr'><strong>ducem</strong></span> <span class='ocrx_word' id='word_1_568' title='bbox 3140 4795 3470 4849; x_wconf 84' lang='lat' dir='ltr'><strong>errantibus.</strong></span> 
     </span>
    </p>
   </div>
   <div class='ocr_carea' id='block_1_107' title="bbox 2117 4883 3312 4955">
    <p class='ocr_par' dir='ltr' id='par_1_107' title="bbox 2117 4883 3312 4955">
     <span class='ocr_line' id='line_1_107' title="bbox 2117 4883 3312 4955; baseline -0.001 -17"><span class='ocrx_word' id='word_1_569' title='bbox 2117 4883 2254 4949; x_wconf 92' lang='lat' dir='ltr'><strong>Ave,</strong></span> <span class='ocrx_word' id='word_1_570' title='bbox 2283 4900 2403 4954; x_wconf 65' lang='lat' dir='ltr'><strong>qum</strong></span> <span class='ocrx_word' id='word_1_571' title='bbox 2432 4885 2608 4955; x_wconf 87' lang='lat' dir='ltr'><strong>gignis</strong></span> <span class='ocrx_word' id='word_1_572' title='bbox 2631 4884 3033 4954; x_wconf 87' lang='lat' dir='ltr'><strong>redemptorem</strong></span> <span class='ocrx_word' id='word_1_573' title='bbox 3060 4883 3312 4953; x_wconf 81' lang='lat' dir='ltr'><strong>captivis.</strong></span> 
     </span>
    </p>
   </div>
   <div class='ocr_carea' id='block_1_108' title="bbox 2117 4975 2930 5046">
    <p class='ocr_par' dir='ltr' id='par_1_108' title="bbox 2117 4975 2930 5046">
     <span class='ocr_line' id='line_1_108' title="bbox 2117 4975 2930 5046; baseline 0 -18"><span class='ocrx_word' id='word_1_574' title='bbox 2117 4976 2254 5038; x_wconf 86' lang='lat' dir='ltr'><strong>Ave,</strong></span> <span class='ocrx_word' id='word_1_575' title='bbox 2276 4975 2406 5046; x_wconf 90' lang='lat' dir='ltr'><strong>justi</strong></span> <span class='ocrx_word' id='word_1_576' title='bbox 2437 4975 2638 5044; x_wconf 89' lang='lat' dir='ltr'><strong>judicis</strong></span> <span class='ocrx_word' id='word_1_577' title='bbox 2668 4975 2930 5030; x_wconf 76' lang='lat' dir='ltr'><strong>exoratio.</strong></span> 
     </span>
    </p>
   </div>
   <div class='ocr_carea' id='block_1_109' title="bbox 2116 5065 3342 5136">
    <p class='ocr_par' dir='ltr' id='par_1_109' title="bbox 2116 5065 3342 5136">
     <span class='ocr_line' id='line_1_109' title="bbox 2116 5065 3342 5136; baseline 0 -16"><span class='ocrx_word' id='word_1_578' title='bbox 2116 5065 2253 5132; x_wconf 89' lang='lat' dir='ltr'><strong>Ave,</strong></span> <span class='ocrx_word' id='word_1_579' title='bbox 2285 5066 2578 5120; x_wconf 90' lang='lat' dir='ltr'><strong>multorum</strong></span> <span class='ocrx_word' id='word_1_580' title='bbox 2611 5067 2952 5134; x_wconf 85' lang='lat' dir='ltr'><strong>peccantium</strong></span> <span class='ocrx_word' id='word_1_581' title='bbox 2987 5067 3342 5136; x_wconf 83' lang='lat' dir='ltr'><strong>indulgentia.</strong></span> 
     </span>
    </p>
   </div>
   <div class='ocr_carea' id='block_1_110' title="bbox 2090 5155 3342 5226">
    <p class='ocr_par' dir='ltr' id='par_1_110' title="bbox 2090 5155 3342 5226">
     <span class='ocr_line' id='line_1_110' title="bbox 2090 5155 3342 5226; baseline 0.002 -16"><span class='ocrx_word' id='word_1_582' title='bbox 2090 5155 2254 5221; x_wconf 85' lang='lat' dir='ltr'><strong>&#39;Ave,</strong></span> <span class='ocrx_word' id='word_1_583' title='bbox 2281 5157 2416 5212; x_wconf 85' lang='lat' dir='ltr'><strong>stola</strong></span> <span class='ocrx_word' id='word_1_584' title='bbox 2447 5171 2637 5211; x_wconf 90' lang='lat' dir='ltr'><strong>eorum</strong></span> <span class='ocrx_word' id='word_1_585' title='bbox 2669 5157 2766 5226; x_wconf 77' lang='lat' dir='ltr'><strong>,qui</strong></span> <span class='ocrx_word' id='word_1_586' title='bbox 2807 5157 2935 5211; x_wconf 87' lang='lat' dir='ltr'><strong>nudi</strong></span> <span class='ocrx_word' id='word_1_587' title='bbox 2967 5166 3096 5212; x_wconf 89' lang='lat' dir='ltr'><strong>sunt</strong></span> <span class='ocrx_word' id='word_1_588' title='bbox 3127 5157 3342 5214; x_wconf 83' lang='lat' dir='ltr'><strong>ﬁducia.</strong></span> 
     </span>
    </p>
   </div>
   <div class='ocr_carea' id='block_1_111' title="bbox 2117 5249 3308 5319">
    <p class='ocr_par' dir='ltr' id='par_1_111' title="bbox 2117 5249 3308 5319">
     <span class='ocr_line' id='line_1_111' title="bbox 2117 5249 3308 5319; baseline 0.001 -15"><span class='ocrx_word' id='word_1_589' title='bbox 2117 5251 2252 5313; x_wconf 89' lang='lat' dir='ltr'><strong>Ave,</strong></span> <span class='ocrx_word' id='word_1_590' title='bbox 2283 5264 2437 5304; x_wconf 86' lang='lat' dir='ltr'><strong>amor</strong></span> <span class='ocrx_word' id='word_1_591' title='bbox 2465 5265 2629 5304; x_wconf 90' lang='lat' dir='ltr'><strong>omne</strong></span> <span class='ocrx_word' id='word_1_592' title='bbox 2659 5249 2990 5304; x_wconf 88' lang='lat' dir='ltr'><strong>desiderium</strong></span> <span class='ocrx_word' id='word_1_593' title='bbox 3020 5264 3308 5319; x_wconf 84' lang='lat' dir='ltr'><strong>superans.</strong></span> 
     </span>
    </p>
   </div>
   <div class='ocr_carea' id='block_1_112' title="bbox 2116 5343 3074 5420">
    <p class='ocr_par' dir='ltr' id='par_1_112' title="bbox 2116 5343 3074 5420">
     <span class='ocr_line' id='line_1_112' title="bbox 2116 5343 3074 5420; baseline -0.002 -25"><span class='ocrx_word' id='word_1_594' title='bbox 2116 5343 2254 5407; x_wconf 88' lang='lat' dir='ltr'><strong>Ave,</strong></span> <span class='ocrx_word' id='word_1_595' title='bbox 2287 5357 2486 5412; x_wconf 81' lang='lat' dir='ltr'><strong>sponsa</strong></span> <span class='ocrx_word' id='word_1_596' title='bbox 2527 5343 2778 5411; x_wconf 89' lang='lat' dir='ltr'><strong>innupta.</strong></span> <span class='ocrx_word' id='word_1_597' title='bbox 2943 5372 2951 5380; x_wconf 96' lang='lat'><em>-</em></span> <span class='ocrx_word' id='word_1_598' title='bbox 3059 5404 3074 5420; x_wconf 45' lang='grc' dir='ltr'><strong><em>ο</em></strong></span> 
     </span>
    </p>
   </div>
   <div class='ocr_carea' id='block_1_113' title="bbox 2119 5433 3625 5507">
    <p class='ocr_par' dir='ltr' id='par_1_113' title="bbox 2119 5433 3625 5507">
     <span class='ocr_line' id='line_1_113' title="bbox 2119 5433 3625 5507; baseline -0.001 -21"><span class='ocrx_word' id='word_1_599' title='bbox 2119 5433 2474 5507; x_wconf 86' lang='lat' dir='ltr'><strong>Peregrinum</strong></span> <span class='ocrx_word' id='word_1_600' title='bbox 2529 5435 2806 5490; x_wconf 88' lang='lat' dir='ltr'><strong>intuentes</strong></span> <span class='ocrx_word' id='word_1_601' title='bbox 2870 5445 3084 5504; x_wconf 83' lang='lat' dir='ltr'><strong>partum</strong></span> <span class='ocrx_word' id='word_1_602' title='bbox 3137 5435 3546 5505; x_wconf 88' lang='lat' dir='ltr'><strong>peregrinemnr</strong></span> <span class='ocrx_word' id='word_1_603' title='bbox 3593 5447 3625 5486; x_wconf 82' lang='lat' dir='ltr'><strong>a</strong></span> 
     </span>
    </p>
   </div>
   <div class='ocr_carea' id='block_1_114' title="bbox 2049 5519 3625 5591">
    <p class='ocr_par' dir='ltr' id='par_1_114' title="bbox 2049 5519 3625 5591">
     <span class='ocr_line' id='line_1_114' title="bbox 2049 5519 3625 5591; baseline -0.002 -11"><span class='ocrx_word' id='word_1_604' title='bbox 2049 5519 2274 5591; x_wconf 83' lang='lat' dir='ltr'><strong>mundo,</strong></span> <span class='ocrx_word' id='word_1_605' title='bbox 2328 5535 2568 5582; x_wconf 90' lang='lat' dir='ltr'><strong>mentem</strong></span> <span class='ocrx_word' id='word_1_606' title='bbox 2623 5527 2681 5580; x_wconf 93' lang='lat' dir='ltr'><strong>in</strong></span> <span class='ocrx_word' id='word_1_607' title='bbox 2707 5527 2904 5582; x_wconf 73' lang='lat' dir='ltr'><strong>ctelum</strong></span> <span class='ocrx_word' id='word_1_608' title='bbox 2961 5526 3352 5582; x_wconf 84' lang='lat' dir='ltr'><strong>transferentes</strong></span> <span class='ocrx_word' id='word_1_609' title='bbox 3389 5543 3404 5575; x_wconf 86' lang='lat'><strong>:</strong></span> <span class='ocrx_word' id='word_1_610' title='bbox 3447 5525 3518 5580; x_wconf 90' lang='lat' dir='ltr'><strong>oh</strong></span> <span class='ocrx_word' id='word_1_611' title='bbox 3570 5523 3625 5577; x_wconf 91' lang='lat' dir='ltr'><strong>id</strong></span> 
     </span>
    </p>
   </div>
   <div class='ocr_carea' id='block_1_115' title="bbox 2047 5616 3628 5684">
    <p class='ocr_par' dir='ltr' id='par_1_115' title="bbox 2047 5616 3628 5684">
     <span class='ocr_line' id='line_1_115' title="bbox 2047 5616 3628 5684; baseline -0.002 -14"><span class='ocrx_word' id='word_1_612' title='bbox 2047 5616 2195 5672; x_wconf 87' lang='lat' dir='ltr'><strong>enim</strong></span> <span class='ocrx_word' id='word_1_613' title='bbox 2229 5618 2478 5672; x_wconf 82' lang='lat' dir='ltr'><strong>excelsus</strong></span> <span class='ocrx_word' id='word_1_614' title='bbox 2520 5617 2661 5672; x_wconf 87' lang='lat' dir='ltr'><strong>Deus</strong></span> <span class='ocrx_word' id='word_1_615' title='bbox 2713 5617 2930 5672; x_wconf 86' lang='lat' dir='ltr'><strong>humilis</strong></span> <span class='ocrx_word' id='word_1_616' title='bbox 2969 5617 3130 5670; x_wconf 86' lang='lat' dir='ltr'><strong>homo</strong></span> <span class='ocrx_word' id='word_1_617' title='bbox 3181 5616 3234 5668; x_wconf 92' lang='lat' dir='ltr'><strong>in</strong></span> <span class='ocrx_word' id='word_1_618' title='bbox 3281 5624 3425 5669; x_wconf 89' lang='lat' dir='ltr'><strong>terra</strong></span> <span class='ocrx_word' id='word_1_619' title='bbox 3456 5627 3628 5684; x_wconf 81' lang='lat' dir='ltr'><strong>appa-</strong></span> 
     </span>
    </p>
   </div>
   <div class='ocr_carea' id='block_1_116' title="bbox 2049 5702 3482 5772">
    <p class='ocr_par' dir='ltr' id='par_1_116' title="bbox 2049 5702 3482 5772">
     <span class='ocr_line' id='line_1_116' title="bbox 2049 5702 3482 5772; baseline -0.002 -11"><span class='ocrx_word' id='word_1_620' title='bbox 2049 5707 2178 5772; x_wconf 88' lang='lat' dir='ltr'><strong>ruit,</strong></span> <span class='ocrx_word' id='word_1_621' title='bbox 2212 5709 2400 5763; x_wconf 87' lang='lat' dir='ltr'><strong>volens</strong></span> <span class='ocrx_word' id='word_1_622' title='bbox 2425 5709 2478 5763; x_wconf 93' lang='lat' dir='ltr'><strong>in</strong></span> <span class='ocrx_word' id='word_1_623' title='bbox 2511 5709 2678 5763; x_wconf 84' lang='lat' dir='ltr'><strong>altum</strong></span> <span class='ocrx_word' id='word_1_624' title='bbox 2713 5710 2926 5764; x_wconf 76' lang='lat' dir='ltr'><strong>lralrcrc</strong></span> <span class='ocrx_word' id='word_1_625' title='bbox 2956 5709 3254 5762; x_wconf 75' lang='lat' dir='ltr'><strong>clamantes</strong></span> <span class='ocrx_word' id='word_1_626' title='bbox 3283 5702 3348 5760; x_wconf 82' lang='lat' dir='ltr'><strong>ad</strong></span> <span class='ocrx_word' id='word_1_627' title='bbox 3375 5721 3434 5761; x_wconf 87' lang='lat' dir='ltr'><strong>se</strong></span> <span class='ocrx_word' id='word_1_628' title='bbox 3467 5721 3482 5758; x_wconf 87' lang='lat'><strong>;</strong></span> 
     </span>
    </p>
   </div>
   <div class='ocr_carea' id='block_1_117' title="bbox 2119 5799 2366 5854">
    <p class='ocr_par' dir='ltr' id='par_1_117' title="bbox 2119 5799 2366 5854">
     <span class='ocr_line' id='line_1_117' title="bbox 2119 5799 2366 5854; baseline -0.004 -1"><span class='ocrx_word' id='word_1_629' title='bbox 2119 5799 2366 5854; x_wconf 78' lang='lat' dir='ltr'><strong>Alleluia.</strong></span> 
     </span>
    </p>
   </div>
  </div>
