4048 6432
623 319 762 387 1343

618 542 781 596 quam
809 528 996 585 aberat
1025 529 1558 602 incircumscriptum
1603 531 1872 602 Verbum;
1920 535 2202 592 descensio

623 619 773 674 enim
821 620 1026 683 divina,
1079 637 1188 678 non
1229 639 1361 679 vero
1408 625 1813 696 transmigratio
1859 626 2050 682 localis
2097 628 2202 681 fuit

621 710 787 765 etiam
813 721 1000 781 partus
1021 711 1258 784 Virginis
1280 714 1473 770 alllata:
1501 715 1631 779 Deo,
1667 715 1790 786 quae
1822 717 1940 774 haec
1969 717 2122 773 audit
2155 734 2170 770 :

693 801 828 867 Ave,
861 803 1429 874 incomprehensibilis
1463 807 1553 861 Dei
1583 809 2024 878 comprehensio.

693 894 830 957 Ave,
863 893 1102 964 mysterii
1131 898 1426 951 venerandi
1455 898 1645 966 janua.

691 985 826 1044 Ave.
852 984 1148 1039 infidelium
1179 985 1340 1040 dubia
1379 989 1606 1045 auditio.
1662 988 1664 990 ’

692 1075 828 1138 Ave,
853 1076 1090 1131 ﬁdelium
1121 1078 1342 1133 indubia
1373 1079 1640 1150 gloriatio.

694 1171 828 1232 Ave,
878 1184 1074 1224 currus
1115 1170 1496 1226 sanetissimus
1523 1173 1663 1243 ejus,
1707 1173 1800 1244 qui
1851 1173 2007 1230 sedet
2039 1189 2206 1246 super

625 1260 940 1316 Cherubim.

693 1354 826 1414 Ave,
861 1353 1196 1408 domicilium
1232 1353 1742 1423 praestantissimum
1788 1356 1931 1428 ejus,
1977 1356 2073 1428 qui
2119 1364 2208 1413 est

623 1459 790 1512 super
818 1443 1126 1514 Seraphim.

691 1540 829 1598 Ave,
866 1554 987 1606 quae
1005 1539 1276 1592 contraria
1312 1539 1367 1592 in
1396 1554 1564 1593 unum
1591 1540 1918 1598 conciliasti.

691 1629 825 1689 Are,
859 1645 978 1699 quae
1007 1630 1372 1700 virginitatem
1396 1640 1452 1684 et
1479 1640 1688 1700 partum
1719 1629 2072 1700 conjunxisti.

693 1720 728 1769 Λ
740 1734 826 1780 ve,
861 1734 954 1788 per
981 1734 1144 1788 quam
1173 1719 1349 1774 soluta
1379 1728 1465 1775 est
1495 1719 1889 1789 prasvaricatio.

690 1806 824 1859 Ave.
853 1822 950 1875 per
975 1822 1137 1876 quam
1174 1817 1398 1876 apertus
1433 1815 1516 1862 est
1543 1807 1847 1878 paradisus.

689 1895 823 1961 Ave,
853 1897 1021 1952 clavis
1048 1897 1199 1968 regni
1232 1897 1456 1954 Christi.

693 1985 826 2049 Ave,
859 2001 986 2056 spes
1019 1997 1348 2057 aeternorum
1376 1989 1666 2044 bonorum.

693 2076 828 2138 Ave,
866 2091 1064 2146 sponsa
1092 2077 1338 2148 innupta.
1523 2065 1530 2071 ’

692 2163 959 2220 Universa
987 2166 1302 2236 angelorum
1347 2174 1543 2222 natura
1592 2183 1845 2239 magnum
1880 2180 1986 2224 tua:
2023 2169 2206 2224 incar-

626 2256 859 2312 nationis
882 2273 1021 2326 opus
1052 2257 1319 2324 demirata
1346 2267 1462 2324 est;
1497 2259 1928 2338 inaccessibiletn
1951 2261 2121 2325 enim,
2143 2268 2206 2316 ut

621 2348 818 2413 Deum,
841 2349 1096 2405 omnibus
1115 2349 1512 2414 accessibilem,
1537 2358 1595 2404 ut
1617 2351 1920 2418 hominem,
1951 2351 2200 2416 videbat;

619 2447 1005 2494 conversatum
1051 2440 1272 2510 quidem
1320 2442 1629 2508 nobiscum,
1678 2453 1734 2499 et
1777 2444 2090 2502 audientem
2131 2446 2202 2502 ab

621 2529 878 2584 omnibus
905 2529 1010 2585 hoc
1037 2529 1202 2585 modo
1234 2547 1250 2585 :

689 2621 944 2676 Alleluia.
1222 2668 1228 2673 .

691 2714 961 2771 Rhetores
982 2714 1480 2786 eloquentissimos,
1503 2717 1654 2788 quasi
1675 2726 1858 2774 mutos
1877 2717 2058 2789 pisces
2079 2732 2205 2776 esse

619 2807 763 2863 circa
813 2815 866 2862 te
903 2807 1174 2870 videmus,
1206 2823 1240 2862 o
1278 2807 1504 2879 Deipara
1537 2829 1549 2863 :
1580 2825 1692 2864 non
1723 2809 1867 2864 enim
1897 2811 2031 2867 satis
2075 2822 2206 2868 sunt

619 2899 910 2968 explicare,
946 2899 1218 2966 quomodo
1261 2909 1316 2954 et
1372 2901 1527 2972 virgo
1578 2917 1890 2972 permanes,
1925 2912 1982 2959 et
2011 2919 2206 2974 parere

620 2989 863 3058 potueris
897 3005 913 3042 :
943 2999 1002 3044 at
1040 3003 1144 3044 nos
1169 2991 1484 3062 mysterium
1529 2993 1782 3048 admirati
1817 2994 2051 3052 ﬁdeliter
2093 2997 2206 3052 cla-

622 3094 836 3136 mamus
869 3096 884 3135 :
1537 3075 1540 3078 ’

688 3169 824 3236 Ave,
850 3169 1132 3241 sapientiae
1159 3169 1254 3226 Dei
1294 3171 1721 3242 receptaculum.

687 3265 826 3326 Ave,
856 3262 1208 3332 providentia:
1235 3263 1406 3332 ipsius
1428 3264 1886 3335 promptuarium.

687 3347 822 3413 Ave,
853 3363 974 3418 ηοω
1001 3348 1360 3423 philosophos
1385 3351 1626 3405 ostendis
1656 3351 1999 3420 insipientes.

689 3442 826 3504 Ave,
857 3455 980 3509 qua:
1008 3439 1336 3510 eloquentia:
1370 3442 1654 3513 magistros
1686 3443 1997 3514 eloquentia
2031 3443 2207 3500 desti-

623 3538 770 3586 tutos
796 3531 1098 3601 redarguis.

692 3621 826 3684 Ave,
854 3621 1116 3690 quoniam
1141 3619 1321 3676 callidi
1355 3631 1788 3692 perscrutatores
1811 3623 2202 3696 desipuerunt.

691 3803 826 3867 Ave,
862 3801 1119 3872 quoniam
1154 3800 1459 3858 fabularum
1503 3811 1758 3860 auctores
1791 3814 2196 3862 emarcuerunt.

690 3893 829 3960 Ave,
851 3909 972 3963 quae
997 3892 1410 3949 Atheniensium
1432 3895 1687 3967 ambages
1707 3893 1980 3951 dissolvis.

693 3985 829 4050 Ave,
859 4001 980 4054 quae
1006 3985 1340 4056 piscatorum
1374 4001 1600 4058 sagenas
1623 3985 1838 4058 imples.

692 4079 828 4141 Ave,
857 4093 980 4146 qua:
1016 4093 1046 4130 a
1072 4076 1344 4148 profundo
1373 4077 1696 4150 ignorantiae
1722 4075 1988 4134 extrabis.

692 4169 826 4234 Ave,
857 4183 978 4238 qua:
1000 4169 1200 4224 multos
1227 4169 1282 4224 in
1313 4169 1542 4226 scientia
1570 4169 1866 4226 illuminas.

690 4259 832 4329 Ave,
862 4263 1019 4318 navis
1051 4263 1260 4320 servari
1279 4263 1638 4334 cupientium.

697 4356 834 4422 Ave,
867 4362 1062 4424 portus
1089 4355 1147 4409 in
1172 4355 1277 4410 hac
1309 4355 1424 4411 vita
1452 4355 1844 4428 navigantium.

693 4445 832 4514 Ave,
860 4462 1061 4518 sponsa
1085 4447 1334 4518 innupta.

695 4537 900 4595 Volens
939 4553 1127 4594 rerum
1171 4539 1418 4595 omnium
1460 4538 1726 4597 Conditor
1777 4540 2042 4598 mundum
2083 4553 2205 4596 ser-

627 4647 776 4700 vare,
795 4631 851 4686 in
882 4631 1230 4715 hunc.ipsum
1258 4639 1456 4702 sponte
1477 4630 1782 4698 descendit,
1815 4641 1871 4688 et
1897 4649 2045 4698 cum,
2069 4647 2206 4704 qua-

627 4734 790 4781 tenus
819 4723 960 4780 Deus
985 4731 1089 4790 est,
1122 4732 1310 4796 pastor
1331 4732 1515 4790 esset,
1556 4733 1784 4796 propter
1813 4740 1918 4783 nos
1951 4724 2208 4796 apparuit

627 4813 916 4870 nobiscum
953 4815 1120 4870 homo
1156 4833 1172 4870 :
1211 4812 1572 4870 similitudine
1608 4812 1758 4868 enim
1805 4819 1996 4869 nostra
2039 4810 2108 4867 ad
2146 4824 2208 4866 se

628 4913 841 4969 vocata,
869 4917 932 4960 ut
963 4905 1108 4960 Deus
1139 4905 1294 4961 audit
1320 4923 1336 4960 :

703 4996 958 5053 Alleluia.

699 5110 980 5182 Virginum
1015 5120 1073 5167 et
1094 5111 1340 5168 omnium
1363 5113 1432 5168 ad
1465 5121 1520 5169 te
1557 5110 1989 5184 confugiendum
2019 5125 2210 5166 murus

630 5216 714 5268 es,
743 5201 906 5274 Virgo
945 5201 1203 5274 Deipara;
1251 5203 1449 5260 Factor
1493 5203 1642 5260 enim
1687 5203 1813 5260 cmli
1851 5211 1908 5259 et
1948 5211 2108 5260 terra:
2153 5202 2211 5256 in

633 5301 792 5348 utero
824 5302 917 5348 tuo
944 5303 1312 5351 commoratus
1341 5295 1414 5352 ad
1441 5297 1546 5352 hoc
1576 5281 1630 5352 te
1655 5296 1932 5365 instruxit,
1954 5311 1988 5352 ο
2011 5295 2208 5352 imma-

631 5383 836 5451 culata,
865 5382 1158 5455 docuitque
1185 5400 1378 5441 omnes
1402 5385 1640 5443 salutare
1665 5405 1678 5442 :

707 5557 845 5625 Ave,
867 5559 1127 5614 columna
1157 5557 1504 5630 virginitatis.

711 5651 843 5716 Ave,
876 5659 1031 5721 porta
1065 5651 1276 5706 salutis.

707 5743 843 5811 Ave,
877 5745 1084 5800 auctrix
1110 5744 1367 5816 spiritalis
1397 5745 1818 5803 reformationis.

2231 4456 2280 4514 D

1919 293 2207 397 GEO'RGI

2307 336 2577 402 PISIDE
2883 391 2888 396 .
3701 352 3790 424 iiii

692 435 888 491 Totum
931 444 1048 490 erat
1091 436 1144 492 in
1193 435 1566 506 inferioribus,
1618 448 1675 496 et
1719 456 1748 495 a
1785 445 1998 513 superis
2025 447 2204 500 neuti-
2233 452 2276 507 Α

2380 451 2542 514 Ὀλος
2581 447 2650 522 ἦν
2695 453 2752 504 ὲν
2797 455 2910 516 τοῖς
2961 453 3135 518 κάτω,
3187 453 3278 508 καὶ
3309 453 3416 509 τῶν
3457 455 3558 510 ἄνω
3591 459 3680 513 οὐδ’
3698 463 3792 530 ὅλως

2302 540 2454 610 ἀπῆν
2513 545 2542 595 ὁ
2591 543 3005 614 ἀπερίγραπτσς
3057 547 3264 615 Λόγος·
3318 549 3686 616 συγκατάθεσις
3719 555 3797 627 γὰρ

2303 632 2457 703 θεῖκὴ
2479 673 2494 694 ,
2525 634 2588 688 οὐ
2621 636 2924 705 μετάϐασις
2950 637 3007 690 δὲ
3031 639 3232 710 τοπικὴ
3268 641 3474 709 γέγονε,
3496 643 3583 697 καὶ
3613 643 3736 710 τόκος
3751 648 3797 703 ἐκ

2302 723 2580 792 Παρθένου
2625 725 2924 794 θεολήπτου
2957 728 3265 802 ἀκουούσης
3291 729 3476 786 ταῦτα.

2373 815 2565 885 Χαῖρε,
2593 816 2731 870 Θεοῦ
2753 818 3040 891 ἀχωρήτου
3069 819 3244 891 χώρα.

2377 902 2572 974 Χαῖρε,
2602 905 2800 958 σεπτοῦ
2836 910 3136 978 μυστηρίου
3171 909 3328 981 θύρα.

2369 995 2562 1066 Χαῖρε,
2593 995 2704 1049 τῶν
2733 981 2976 1054 ἀπίστων
3014 999 3316 1070 ἀμφίϐολον
3349 1001 3608 1076 ἄκουσμα.

2370 1087 2544 1158 Χαῖρε
2573 1087 2682 1142 τῶν
2710 1090 2920 1144 πιστῶν
2945 1091 3314 1162 ἀναμφίϐολον
3341 1095 3608 1167 καύχημα.

2375 1179 2570 1252 Χαῖρε,
2595 1180 2780 1252 ὃχημα
2813 1182 3078 1252 πανάγιον
3107 1183 3204 1237 τοῦ
3239 1185 3457 1240 ἐπὶτῶν
3491 1168 3757 1262 Χερουόίμί

2375 1357 2572 1428 Χαῖρε,
2603 1357 2814 1431 οἴκημα
2840 1360 3177 1432 πανάριστον
3195 1361 3288 1415 τοῦ
3307 1395 3311 1399 -
3330 1362 3422 1416 ἐπὶ
3451 1363 3552 1417 τῶν
3592 1365 3802 1438 Σεραφίμ.

2367 1537 2560 1608 Χαῖρε,
2591 1540 2624 1608 ἠ
2650 1540 2908 1595 τάναντία
2929 1542 3009 1605 είς
3031 1543 3198 1598 ταότὺ
3233 1543 3529 1613 ἀγαγοῦσα.

2372 1630 2564 1698 Χαῖρε,
2595 1632 2628 1699 ὴ
2660 1631 2960 1702 παρθενίαν
2984 1635 3079 1688 καὶ
3102 1635 3316 1706 λοχείαν
3351 1636 3625 1706 ζευγνῦσα.

2371 1717 2564 1788 Χαῖρε,
2593 1719 2661 1772 δι’
2687 1715 2757 1792 ἦς
2783 1720 2948 1792 ὲλύθη
2979 1725 3324 1795 παράϐασις.

2230 1785 2276 1843 Β
2374 1785 2568 1880 Χαῖρε,
2596 1809 2662 1864 δι’
2688 1785 2756 1884 ἧς
2779 1785 3000 1884 ἠνοίχθη
3031 1785 3390 1886 παράδεισος.

2373 1901 2568 1972 Χαῖρε,
2597 1903 2630 1972 ἠ
2657 1903 2805 1967 κλεὶς
2829 1903 2930 1975 τῆς
2961 1907 3202 1978 Χριστοῦ
3229 1909 3526 1981 βασιλείας.

2367 1992 2562 2062 Χαῖρε,
2594 1993 2746 2058 ἐλπὶς
2770 1994 2993 2064 ἀγαθῶν
3021 1999 3284 2056 αἰωνίων.

2372 2085 2569 2157 Χαῖρε,
2591 2084 2779 2158 νύμφη
2821 2087 3156 2160 ἀνύμφευτι.

2369 2177 2530 2230 Πᾶσα
2561 2176 2725 2248 φύσις
2753 2180 3002 2248 ἀγγέλων
3025 2183 3364 2256 ,κατεπλάγη
3388 2185 3451 2238 τὸ
3476 2185 3608 2257 μέγα
3627 2187 3702 2258 τῆς
3719 2187 3782 2258 σῆς

2301 2267 2768 2340 ὲνανθρωπήσεως
2791 2272 2979 2344 ἔργον·
3012 2275 3104 2330 τὸν
3132 2277 3432 2348 ἀπρόσιτον
3456 2279 3578 2350 γὰρ,
3604 2280 3664 2345 ὡς
3683 2280 3776 2344 θεῖν,

2302 2359 2527 2432 ἐθεώρει
2555 2363 2690 2416 πᾶσι
2737 2365 2990 2436 προσιτὸν
3027 2367 3339 2438 ἄνθρωπον,
3373 2372 3503 2441 ἡμῖν
3555 2372 3640 2444 μὲν
3667 2372 3768 2425 συνδι-

2303 2452 2522 2522 άγοντα,
2553 2455 2820 2511 ἀκούοντα
2841 2457 2898 2512 δὲ
2925 2458 3076 2531 παρὰ
3094 2461 3317 2516 πάντων
3339 2462 3530 2529 οὕτως·

2386 2629 2722 2701 Ἀλληλούῖα.

2385 2719 2650 2793 Ῥήτορας
2668 2723 3101 2795 πολυφθόγγους,
3125 2725 3200 2790 ὡς
3233 2727 3426 2798 ίχθύας
3453 2727 3686 2798 ἀφώνους,
3701 2724 3783 2795 ipti-

2307 2829 2412 2885 μεν
2438 2815 2533 2867 ἐπὶ
2563 2815 2668 2881 σοὶ,
2706 2815 2938 2871 Θεοτόκε
2957 2833 2972 2850 °
3013 2818 3279 2891 ἀποροῦσι
3310 2820 3420 2890 γὰρ
3446 2819 3610 2890 λέγειν
3637 2818 3684 2872 τὸ
3697 2815 3784 2878 πῶς.
3877 2805 3879 2888 Ι

2305 2907 2401 2960 καὶ
2429 2906 2700 2976 παρθένος
2734 2907 2938 2978 μένεις,
2979 2907 3074 2963 καὶ
3113 2913 3298 2964 τεκεῖν
3343 2909 3592 2980 ἴσχυσαςο
3624 2903 3792 2978 ήμεῖςδλ

2303 2992 2368 3048 τὸ
2403 2994 2708 3066 μυστήριον
2729 2994 3123 3068 θαυμάζοντες,
3161 2999 3371 3066 πιστῶς
3407 3000 3636 3072 βοῶμενσ

2376 3176 2573 3248 Χαῖρε,
2609 3176 2802 3246 σοφίας
2829 3177 2962 3232 Θεοῦ
2989 3177 3217 3249 δοχεῖον.

2375 3266 2570 3336 Χαῖρε,
2603 3267 2862 3339 προνοίας
2892 3265 3058 3320 αὐτοῦ
3087 3268 3338 3338 ταμεῖον.

2374 3356 2568 3426 Χαῖρε,
2600 3356 2918 3426 φιλοσόφους
2939 3357 3175 3427 ἀσόφους
3201 3357 3540 3414 δεικνύουσα.

2373 3447 2568 3518 Χαῖρε,
2598 3445 2952 3518 τεκνολόγους
2981 3449 3212 3520 ἀλόγους
3251 3451 3560 3522 ἐλέγχουσα.

2374 3619 2581 3691 Χαῖρε,
2649 3619 2732 3675 ὅτι
2813 3620 3212 3694 ἐμωράνθησαν
3303 3623 3354 3676 οῖ
3428 3619 3582 3675 δεινοὶ
3640 3613 3798 3685 συζητι-

2305 3713 2413 3767 κοί.

2377 3803 2578 3874 Χαῖρε,
2609 3803 2693 3857 ὅτι
2719 3801 3109 3874 ἐμαράνθησαν
3135 3804 3185 3858 οί
3210 3803 3322 3859 τῶν
3354 3803 3532 3876 μύθων
3557 3793 3755 3869 ποιηταί.

2376 3895 2699 3965 Χαῖρε,τῶν
2749 3892 3048 3965 Ἀθηναίων
3071 3895 3170 3959 τὰς
3195 3891 3406 3960 πλοκὰς
3432 3891 3704 3948 διασπῶσα.

2377 3983 2570 4052 Χαῖρε,
2608 3981 2718 4035 τῶν
2744 3980 2941 4036 ἁλιέων
2957 3982 3054 4046 τὰς
3085 3985 3328 4054 σαγήνας
3357 3980 3641 4055 πληροῦσα.

2377 4073 2572 4142 Χαῖρε,
2610 4072 2778 4142 βυθοῦ
2802 4072 3024 4141 ἀγνοίας
3049 4073 3364 4139 ἐξέλκουσα.

2374 4164 2571 4236 Χαῖρε,
2602 4164 2833 4228 πολλοὺς
2854 4165 2911 4220 ὲν
2936 4163 3138 4234 γνώσει
3165 4164 3498 4234 φωτίζουσα.

2376 4257 2571 4328 Χαῖρε,
2597 4257 2761 4322 ὁλκὰς
2783 4255 2892 4312 τῶν
2925 4257 3189 4312 θελόντων
3209 4259 3470 4328 σωθῆναι.

2377 4348 2572 4420 Χαῖρε,
2595 4349 2761 4422 λιμὴν
2781 4349 2890 4402 τῶν
2923 4349 3019 4402 τοῦ
3056 4349 3173 4420 βίου
3204 4349 3524 4422 πλωτήρων.

2375 4437 2570 4510 Χαῖρε,
2595 4439 2780 4512 νύμφη
2803 4439 3140 4511 ἀνύμφευτε.

2377 4531 2558 4586 Σῶσαι
2582 4531 2754 4588 θέλων
2783 4533 2875 4588 τὸν
2909 4534 3112 4607 κόσμον
3138 4536 3168 4589 ό
3203 4532 3314 4588 τῶν
3373 4531 3506 4586 ὅλων
3553 4519 3798 4592 κοσμὴτωρι

2306 4623 2447 4696 πρὸς
2473 4621 2665 4678 τοῦτον
2695 4625 3136 4694 αὐτεπάγγελτος
3167 4621 3321 4697 ἦλθε,
3379 4621 3474 4678 καὶ
3515 4613 3694 4684 ποιμὴν
3729 4608 3800 4660 ὑπ·

2307 4716 2512 4787 ἅρχων.
2545 4715 2623 4780 ὡς
2653 4716 2807 4785 Θεὸς,
2836 4717 2904 4772 δι’
2935 4719 3086 4790 ἡμᾶς
3117 4717 3291 4787 ἐφάνη
3319 4713 3442 4769 καθ’
3479 4709 3614 4782 ἡμᾶς
3647 4697 3801 4790 more

2307 4784 2414 4873 πδξ
2462 4823 2478 4839 ⁸
2537 4807 2710 4880 ὁμοίῳ
2761 4808 2872 4883 γὰρ
2928 4784 2992 4864 τό
3045 4784 3234 4881 ὅμοιον
3278 4784 3548 4868 καλέσας,
3598 4797 3666 4859 ὡς
3711 4784 3802 4843 θεδς

2311 4897 2500 4954 ἀκούει
2525 4914 2542 4932 ⁶

2394 4989 2731 5062 ’Δλληλούῖα.

2381 5107 2574 5177 Τεῖχος
2599 5102 2654 5162 εἴ
2699 5103 2810 5158 τῶν
2839 5103 3147 5178 παρθένων,
3189 5101 3415 5158 Θεοτόκε
3461 5089 3696 5178 Παρθέγεν
3736 5073 3801 5172 καὶ

2312 5197 2532 5253 πάντων
2571 5193 2682 5248 τῶν
2730 5197 2810 5260 είς
2855 5177 2933 5250 at,
2974 5193 3450 5266 προστρεχόντωνο
3493 5185 3550 5238 οὐ
3601 5177 3691 5246 γὰρ
3733 5180 3798 5266 ξῦν

2310 5286 2542 5360 ούρανοῦ
2614 5287 2706 5342 καὶ
2755 5286 2858 5356 τῆς
2917 5285 3022 5355 γῆς
3073 5272 3438 5338 κατεσκεύασε
3493 5293 3548 5329 σε
3606 5256 3796 5330 Ποιητής·

2310 5359 2568 5454 ἄχραντε,
2595 5379 2824 5451 οἰκήσας
2853 5380 2909 5432 ὲν
2957 5379 3024 5449 τῇ
3059 5377 3242 5450 μήτρᾳ
3272 5391 3384 5437 σου,
3416 5369 3510 5424 καὶ
3539 5362 3718 5416 πάντας
3742 5359 3796 5398 σοι

2315 5473 2658 5545 προσφωνεῖν
2689 5468 2928 5536 διδάξας·

2385 5565 2580 5634 Χαῖρε,
2600 5562 2636 5633 ή
2667 5561 2838 5633 στήλη
2875 5560 2976 5632 τῆς
3007 5557 3327 5632 παρθενίας.

2387 5653 2578 5721 Χαῖρε,
2609 5652 2643 5720 ἡ
2675 5649 2816 5719 πύλη
2848 5649 2949 5720 τῆς
2977 5650 3273 5720 σωτηρίας.

2385 5743 2574 5809 Χαῖρε,
2597 5741 2804 5808 ἁρχηγὲ
2831 5742 3019 5809 vana,
3037 5739 3406 5800 ἁναπλάσεως.
