4048 6442
291 325 446 392 1345
1405 402 1412 407 ,
1528 333 1842 392 llYMNUS
1874 331 2392 398 ACATlllSTUS._
3440 331 3574 393 1346

371 447 566 514 Χαῖρε,
596 444 798 514 χορηγὲ
826 443 1015 514 οεῖκῆς
1045 445 1401 516 ἀγαοότητος.

367 538 565 607 Χαῖρε,
617 538 682 589 σὺ
741 537 850 608 γᾶρ
906 537 1271 608 ἀνεγέννησας
1297 540 1425 602 τοὺς
1482 539 1894 610 συλληφθέντας

279 625 568 697 αἰσχρῶς.

372 718 569 788 Χαῖρε,
613 716 680 772 σὺ
703 715 812 789 γὰρ
865 717 1232 790 ἐνουθέτησας
1284 721 1413 784 τοὺς
1438 721 1770 792 συληθέντας
1800 723 1893 775 τὸν

279 824 450 861 νουν.

373 899 570 966 Χαῖρε,
603 899 638 967 ή
666 897 760 952 τὸν
792 901 1002 970 φθορέα
1039 901 1148 955 τῶν
1171 903 1388 973 φρενῶν
1417 902 1791 976 καταργοῦσα.

371 991 569 1060 Χαῖρε,
591 992 624 1060 ἡ
650 991 740 1043 τὸν
772 993 978 1062 σπορέα
1011 994 1110 1064 τῆς
1145 994 1373 1062 ἁγνείας
1400 994 1655 1048 τεκοῦσα.

371 1083 572 1151 Χαῖρε,
600 1083 814 1147 παστὰς
857 1083 1099 1155 ἀσπόρου
1123 1085 1503 1155 νυμφεύσεως.

376 1173 572 1243 Χαῖρε,
599 1173 824 1236 πιστοὺς
858 1175 1048 1245 Κυρίῳ
1073 1175 1416 1246 ἁρμόζουσα.

377 1267 572 1336 Χαῖρε,
609 1265 749 1336 καλὴ
781 1266 1114 1338 κουροτρόφε
1159 1268 1468 1340 παρθένων.

372 1356 570 1428 Χαῖρε,
596 1357 786 1427 ψυχῶν
815 1376 877 1411 νυ
888 1359 1156 1428 μφοστόλε
1178 1360 1374 1428 ἁγίων.

369 1450 572 1520 Χαῖρε,
602 1449 788 1520 νύμφη
821 1451 1161 1520 ἁνύμφευτε.

373 1541 590 1610 ’Υμνος
649 1542 796 1606 am;
835 1544 1082 1614 ἡττᾶται,
1149 1545 1587 1600 συνεκτείνεσθαι
1645 1545 1892 1599 σπεύδων

279 1631 377 1702 τῷ
433 1631 630 1701 πλήθει
662 1632 769 1684 τῶν
806 1633 1018 1686 πολλῶν
1037 1635 1337 1706 οἰκτιρμῶν
1367 1651 1463 1688 σου
1499 1650 1512 1664 ο
1575 1633 1894 1704 ἰσαρίθμους

1925 454 1971 508 Α
2069 451 2203 512 Ave,
2237 448 2436 502 divinw
2459 445 2716 500 bonitatis
2745 445 3009 501 ministra.
3041 429 3094 480 ε*

2065 541 2200 601 Ave,
2233 550 2289 594 ιιι
2313 539 2460 592 enim
2496 538 2725 608 turpiter
2754 546 3050 606 conceptos
3081 536 3431 607 regent-msti.

2065 712 2202 774 Ave,
2249 719 2308 766 tu
2351 712 2497 767 enim
2543 719 2727 768 mente
2769 721 2960 783 captos
3008 713 3075 768 ad
3123 723 3362 768 mentem
3412 729 3576 769 revo-

1995 802 2153 857 casti.

2067 894 2204 958 Ave,
2235 908 2358 963 qua:
2384 893 2652 949 mentium
2683 902 3057 965 corruptorem
3090 895 3432 965 deprcssisti.

2065 983 2200 1052 Ave,
2231 1001 2352 1056 quae
2373 986 2626 1056 puritatis
2648 995 2882 1042 satorem
2909 988 3191 1058 peperisti.

2065 1077 2199 1143 Ave,
2231 1079 2505 1133 thalamus
2537 1079 2950 1134 incontaminati
2986 1081 3268 1135 connubii.

2066 1168 2201 1234 Ave,
2223 1184 2346 1239 quae
2372 1169 2556 1223 ﬁdeles
2589 1179 2745 1240 aptas
2774 1170 3025 1224 Domino.

2065 1262 2202 1327 Ave,
2235 1261 2481 1330 Speciosa
2517 1261 2682 1332 Virgo
2712 1262 2982 1333 virginum
3016 1263 3196 1318 altrix.

2066 1355 2199 1417 Ave,
2235 1363 2548 1409 sanctarum
2581 1355 2890 1409 animarum
2927 1357 3195 1427 pronuba.

2065 1446 2199 1511 Ave,
2225 1461 2426 1516 sponsa
2451 1447 2702 1516 innupta.

2069 1538 2312 1610 llymnus
2340 1539 2538 1604 omnis,
2573 1539 2664 1608 qui
2699 1539 2992 1594 multarum
3011 1541 3424 1596 miscrationum
3449 1553 3572 1597 tua-

1998 1647 2115 1685 rum
2165 1631 2594 1702 tnagnitudincm
2634 1633 2918 1702 complecti
2961 1633 3109 1696 velit,
3159 1633 3338 1686 minor
3368 1644 3472 1700 est,
3519 1644 3576 1688 et

277 1723 410 1791 γὰρ
441 1725 508 1792 τῇ
553 1721 763 1791 ψάμμῳ
821 1721 963 1792 ᾠδὰς
994 1721 1060 1776 ἂν
1110 1725 1494 1796 προσφέρομεν
1525 1741 1628 1791 σοι,
1662 1723 1892 1778 Βασιλεῦ

1997 1723 2182 1779 deﬁcit
2213 1742 2224 1777 :
2259 1725 2509 1792 quamvis
2534 1725 2680 1778 enim
2703 1741 2882 1779 arenae
2907 1725 3133 1794 aequalia
3157 1726 3253 1781 tibi
3277 1726 3576 1781 oﬂ'eramus

275 1817 450 1882 ἅγιε,
495 1816 647 1868 οὐδὲν
696 1816 959 1887 τελοῦμεν
1005 1818 1174 1884 ἄξιον,
1219 1812 1294 1872 ὧν
1317 1819 1555 1884 δέδωκας
1591 1821 1726 1890 ἡμῖν
1775 1821 1888 1882 τοῖς

275 1925 378 1961 σοι
421 1908 620 1962 ϐοῶσιν
651 1925 664 1938 ο

381 1999 734 2069 Ἀλληλούῖα.

1995 1815 2228 1880 cantica,
2263 1831 2296 1870 ο
2331 1815 2442 1870 Rex
2467 1825 2686 1882 sancte,
2719 1817 2855 1870 nihil
2889 1817 3112 1888 dignum
3146 1818 3212 1872 iis
3245 1819 3570 1890 peregimus,

1995 1924 2115 1978 qua:
2143 1907 2334 1962 dedisti
2366 1908 2524 1962 nobis
2548 1909 2910 1964 clamantibus
2932 1911 2998 1964 ad
3023 1919 3073 1964 te
3101 1929 3113 1962 :

2065 2000 2318 2055 Alleluia.

364 2093 685 2162 Φωτοδόχον
712 2093 974 2158 λαμπάδα
999 2095 1110 2158 τοῖς
1152 2092 1211 2147 ἐν
1240 2093 1423 2147 σκότει
1457 2095 1720 2161 φανεῖσαν
1746 2093 1888 2165 ὁρῶ-

2070 2092 2219 2148 Viva:
2255 2092 2392 2148 lucis
2420 2093 2750 2164 lampadem,
2791 2109 2914 2164 qua:
2947 2093 3274 2164 degentibus
3317 2095 3372 2148 in
3419 2104 3578 2148 tene-

275 2203 400 2256 μεν
425 2183 526 2256 τὴν
561 2185 723 2253 άγίαν
747 2185 1023 2256 Παρθένον
1049 2203 1063 2217 ·
1095 2185 1156 2239 τὸ
1181 2184 1290 2256 γὰρ
1311 2185 1473 2240 ἄῦλον
1507 2184 1754 2240 ἃπτουσα
1775 2186 1890 2256 φῶς

1996 2185 2113 2241 bris
2141 2187 2416 2257 apparuit,
2443 2187 2723 2242 intuemur
2746 2197 2990 2242 sanctam
3025 2185 3301 2257 Virginem
3333 2205 3346 2240 :
3381 2185 3578 2241 imma-

278 2277 489 2348 ὁδηγεῖ
523 2277 660 2348 πρὸς
687 2276 888 2345 γνῶσιν
927 2276 1114 2349 Θεῖκὴν
1138 2277 1386 2342 ἅπαντας
1419 2293 1433 2309 ⁸
1464 2277 1608 2349 αὐγῇ
1635 2278 1726 2332 τὸν
1765 2278 1888 2332 νοῦν

1999 2277 2190 2334 teriale
2219 2280 2367 2334 enim
2400 2279 2586 2334 lumen
2611 2280 2923 2336 accendens
2948 2279 3015 2333 ad
3042 2278 3286 2333 divinam
3309 2277 3578 2348 cognitio-

278 2369 642 2438 φωτίζουσα,
666 2373 884 2441 κραυγῇ
906 2369 966 2423 δὲ
989 2371 1272 2442 τιμωμένη
1302 2368 1497 2425 ταῦτα·

1997 2387 2122 2426 nem
2149 2387 2346 2426 omnes
2375 2371 2600 2428 adducit
2627 2373 2742 2442 ipsa
2765 2413 2778 2436 ,
2825 2387 2948 2442 quae
2973 2386 3073 2426 suo
3102 2370 3396 2440 splendore
3421 2384 3580 2425 men-

1998 2471 2105 2516 tem
2141 2460 2436 2524 illuminat,
2465 2470 2522 2516 et
2551 2461 2790 2517 clamore
2821 2471 3010 2516 nostro
3039 2461 3120 2517 sic
3155 2461 3458 2516 honoratur
3486 2478 3502 2514 :

2063 2553 2199 2619 Ave,
2230 2554 2418 2608 radius
2444 2554 2575 2609 solis
2613 2553 3020 2608 intellectualis.

2065 2647 2200 2708 Ave,
2227 2644 2392 2714 iubar
2422 2645 2559 2700 lucis
2583 2645 2904 2701 inocciduaa.

2063 2728 2201 2800 Ave,
2234 2737 2413 2807 fulgur
2440 2736 2654 2791 animas
2685 2737 2984 2791 illustrans.

2063 2829 2198 2896 Ave,
2233 2837 2292 2884 ut
2322 2827 2528 2884 tonitru
2558 2829 2743 2883 hostes
2769 2837 3151 2883 conSternans.

365 2550 570 2620 Χαῖρε,
603 2549 760 2611 ἀκτὶς
779 2546 975 2620 νοητοῦ
1003 2547 1178 2619 ήλίου.

363 2643 570 2712 Χαῖρε,
603 2641 748 2712 βολὶς
767 2640 860 2694 τοῦ
890 2640 1084 2696 ἀδύτου
1119 2638 1378 2710 φέγγους.

369 2734 570 2803 Χαῖρε,
599 2733 855 2805 ἀστραπὴ
889 2734 988 2797 τὰς
1015 2731 1198 2804 ψυχὰς
1240 2732 1703 2804 καταλάμπουσα.

374 2829 575 2899 Χαῖρε,
602 2829 674 2892 ὡς
711 2826 910 2898 βροντὴ
933 2831 1061 2891 τοὺς
1085 2825 1316 2898 ἐθχροὺς
1345 2826 1824 2898 καταπλήττουσα.

372 2920 568 2990 Χαῖρε,
591 2919 672 2973 ὅτι
705 2919 796 2971 τὸν
839 2917 1158 2989 πολύφωτον
1205 2918 1528 2983 ἀνατέλλεις
1576 2917 1881 2988 φωτισμόν.

2061 2919 2198 2985 Ave,
2225 2919 2484 2991 quoniam
2507 2921 2854 2990 splendorem
2889 2920 3096 2976 emittis
3124 2919 3500 2989 multiplicem.

370 3014 570 3082 Χαῖρε,
621 3013 704 3066 ὅτι
739 3012 830 3066 τὸν
860 3010 1197 3086 πολύρρυτον
1247 3011 1573 3080 ἀναδλύζεις
1621 3010 1884 3083 ποταμόν.

2063 3012 2197 3078 Ave,
2223 3013 2481 3081 quoniam
2511 3012 2710 3067 ﬂumen
2750 3012 2987 3067 clIundis
3016 3011 3364 3066 multilluum.

370 3107 570 3176 Χαῖρε,
601 3104 700 3174 τῆς
729 3102 1114 3176 κολυμϐήθρας
1151 3102 1518 3175 ζωγραφοῦσα
1549 3104 1643 3158 τὸν
1693 3103 1884 3158 τύπον.

2061 3101 2198 3166 Ave,
2229 3119 2351 3173 qua:
2381 3103 2606 3174 piscina
2635 3103 2808 3158 rel‘ers
2836 3103 3152 3174 imaginem.

374 3199 572 3271 Χαῖρε,
606 3197 704 3266 τῆς
735 3196 1010 3268 ἁμαρτίας
1036 3197 1334 3268 ἀναιροῦσα
1365 3197 1460 3252 τὸν
1491 3198 1688 3270 ῥύπον.

2059 3193 2196 3260 Ave,
2229 3209 2351 3264 quae
2384 3194 2576 3249 sordes
2607 3194 2750 3248 tollis
2776 3194 3010 3264 peccati.

371 3289 570 3359 Χαῖρε,
603 3287 804 3360 λουτὴρ
848 3287 1130 3342 ἐκπλύνων
1148 3289 1476 3360 συνείδησιν.

2059 3284 2202 3349 Ave,
2231 3285 2409 3355 pelvis
2433 3285 2668 3342 abluens
2695 3286 3113 3341 conscientiam.

376 3383 573 3454 Χαῖρε,
615 3380 832 3452 κρατήρ
861 3378 1068 3449 κιρνῶν
1087 3379 1436 3445 ἀγαλλίασιν.

2059 3374 2196 3441 Ave,
2221 3386 2401 3432 crater
2421 3378 2660 3432 miscens
2688 3377 3132 3432 exsultationem.

375 3475 572 3542 Χαῖρε,
603 3473 750 3546 ὀσμὴ
788 3471 893 3542 τῆς
920 3471 1164 3543 Χριστοῦ
1191 3471 1444 3536 εὐωδίας.

2060 3469 2198 3536 Ave,
2230 3470 2409 3526 bonus
2431 3471 2568 3526 odor
2599 3471 2886 3527 suavitatis
2912 3471 3142 3528 Christi.

374 3566 568 3637 Χαῖρε,
598 3564 714 3635 ζωὴ
746 3565 1018 3636 μυστικῆς
1045 3563 1304 3634 εὐωχίας.

2060 3562 2199 3629 Ave,
2228 3561 2341 3617 vita
2375 3562 2590 3635 mystici
2614 3562 2869 3620 convivii.
3623 3548 3639 3568 η’

374 3658 574 3728 Χαῖρε,
595 3655 783 3728 νύμφη
813 3647 1149 3727 ἀνύμφευτε.

2061 3655 2198 3723 Ave,
2226 3671 2424 3728 sponsa
2459 3656 2713 3732 innupta.

375 3751 555 3822 Χάριν
589 3748 770 3802 δοῦναι
804 3748 1037 3820 θελήσας
1065 3748 1396 3821 ὀφλημάτων
1423 3745 1670 3821 ἀρχαίων
1701 3749 1730 3803 ὁ
1759 3747 1892 3802 πάν-

2061 3747 2306 3805 Gratiam
2338 3766 2463 3808 cum
2495 3753 2834 3812 decrevisset
2874 3757 2943 3813 de
2982 3759 3226 3831 antiquis
3254 3761 3456 3818 debitis
3494 3764 3582 3818 fa.

277 3858 412 3898 των
456 3839 771 3912 χρεωλύτης
821 3839 1147 3912 ἀνθρώπων,
1201 3839 1511 3912 ἐπεδήμησε
1567 3839 1636 3895 δι’
1693 3838 1891 3894 ἐαυτοῦ

1991 3855 2119 3896 cere
2150 3841 2260 3907 ille,
2287 3843 2381 3914 qui
2414 3844 2659 3900 omnium
2686 3846 2870 3902 debita
2899 3849 3080 3915 solvit,
3109 3865 3208 3921 per
3233 3853 3474 3922 seipsnm
3507 3855 3580 3908 ad

275 3931 448 4002 πρὸς
509 3932 637 3996 τοὺς
699 3931 1018 4003 ἀποδήμους
1095 3933 1198 4004 τῆς
1261 3930 1426 3986 αὐτοῦ
1481 3931 1745 4004 χάριτος,
1794 3930 1892 3983 καὶ

1991 3948 2088 3990 eos
2119 3935 2520 4005 commigravit,
2559 3936 2652 4007 qui
2687 3937 2759 3993 ab
2801 3939 2922 4009 ejus
2956 3942 3130 4012 gratia
3165 3943 3579 4010 discesserant;

271 4021 500 4094 σχίσας
525 4021 585 4074 τὸ
615 4019 1002 4098 χειρόγραφον,
1034 4020 1224 4075 ἀκούει
1254 4021 1408 4093 παρά
1430 4019 1649 4076 πάντων
1677 4017 1852 4082 οὕτως
1871 4033 1887 4049 ·

1992 4026 2277 4097 scissoqne
2310 4026 2677 4100 chirographo
2709 4045 2741 4084 a
2771 4032 2986 4089 cunctis
3015 4034 3095 4090 sic
3125 4035 3276 4090 audit
3311 4053 3324 4090 :

391 4109 727 4182 Ἀλληλούῖα.

2061 4117 2316 4175 Alleluia.

377 4204 690 4268 ιῖῖάλλοντές
732 4222 826 4258 σου
853 4205 946 4259 τὸν
975 4205 1132 4260 τόκον
1180 4205 1526 4277 ἀνυμνοῦμέν
1567 4221 1628 4258 σε
1665 4205 1890 4270 πάντες,

2063 4208 2290 4277 Omnes,
2319 4211 2412 4282 qui
2444 4220 2600 4270 tuum
2631 4215 2879 4273 canimus
2906 4227 3148 4288 partum,
3187 4229 3240 4274 te
3275 4219 3426 4274 velut
3453 4222 3577 4274 ani...

265 4299 381 4361 (ὓς
413 4295 658 4368 ἔμψυχον
698 4297 844 4363 ναὸν,
873 4297 1105 4352 Θεοτόκε
1131 4317 1146 4330 ·
1181 4302 1237 4353 ἐν
1288 4302 1356 4370 τῇ
1415 4301 1482 4370 σῇ
1517 4299 1624 4370 γὰρ
1661 4299 1892 4370 οἰκήσας

1993 4308 2199 4356 matum
2233 4304 2496 4374 templum
2541 4305 2850 4374 laudamus,
2879 4323 2914 4363 ο
2955 4307 3181 4379 Deipara
3215 4327 3229 4365 :
3265 4325 3388 4365 cum
3425 4313 3574 4366 enim

267 4389 509 4460 γαστρὶ
535 4391 562 4440 ὁ
598 4387 839 4458 σύνεκων
877 4389 1056 4444 πάντα
1102 4392 1170 4460 τῇ
1219 4392 1365 4461 χειρὶ
1391 4389 1616 4462 Κύριος,
1655 4389 1892 4462 ἡγίασεν

1994 4391 2049 4446 in
2084 4401 2178 4448 tuo
2202 4405 2398 4452 ventre
2424 4396 2757 4463 habitasset,
2801 4399 2893 4470 qui
2921 4401 3105 4456 omnia
3133 4417 3297 4456 manu
3327 4404 3577 4458 continet

270 4479 582 4549 ἐδόξασεν,
606 4480 809 4548 ἐδίδαξε
833 4480 963 4554 βοᾷν
997 4498 1080 4536 σοι
1117 4483 1323 4547 πάντας
1351 4497 1366 4514 ·

372 4654 572 4724 Χαῖρε,
605 4657 778 4728 σκηνὴ
808 4656 918 4710 ’τοῦ
949 4657 1088 4712 Θεοῦ
1121 4659 1214 4712 καὶ
1250 4658 1453 4728 Λόγου.

371 4745 570 4816 Χαῖρε,
599 4746 729 4815 ἁγία
748 4747 918 4817 ἁγίων
952 4749 1180 4818 μείζων.

375 4833 574 4905 Χαῖρε,
603 4838 802 4892 κιϐωτὲ
861 4841 1208 4911 χρυσωθεῖσα
1233 4834 1313 4912 τῷ
1339 4840 1645 4913 Πνεύματι.

366 4929 572 4999 Χαῖρε,
596 4929 837 5002 θησαυρὲ
858 4932 959 5002 τῆς
993 4933 1141 5003 ζωῆς
1179 4934 1514 5005 ἀδαπάνητε.

366 5021 568 5092 Χαῖρε,
597 5023 779 5094 τίμιον
804 5024 1042 5095 διάδημα
1061 5024 1329 5095 βασιλέων
1356 5025 1619 5082 εὐσεϐῶν.

347 5109 566 5180 ,Χαῖρε,
629 5110 890 5182 καύχημα
923 5114 1218 5184 σεϐάσμιον
1249 5115 1440 5188 ἱερέων
1465 5115 1752 5172 εύλαῧῶν..

379 5200 578 5271 Χαῖρε,
614 5203 714 5274 τῆς
756 5203 1086 5276 Ἐκκλησίας
1117 5209 1145 5259 ὁ
1166 5209 1465 5274 ἀσάλευτος
1501 5209 1735 5279 πύργος.

365 5292 566 5362 Χαῖρε,
596 5295 696 5364 τῆς
727 5293 1004 5361 βασιλείας
1037 5299 1098 5350 τὸ
1130 5300 1440 5370 ἀπόρθητον
1463 5304 1660 5374 τεῖχος.

365 5383 564 5455 Χαῖρε,
593 5386 662 5438 δι’
682 5381 750 5458 ἧς
780 5389 1084 5459 ἐγείρονται
1115 5391 1382 5462 τρόπαιαο

365 5474 569 5546 Χαῖρε,
589 5475 656 5530 δι’
684 5473 753 5550 ἧς
803 5479 990 5550 ἐχθροὶ
1013 5481 1440 5539 καταπίπτουσι.

362 5563 564 5635 Χαῖρε,
592 5567 803 5636 χρωτὸς
828 5568 924 5623 τοῦ
944 5569 1079 5640 ἐμοῦ
1107 5571 1392 5643 θεραπεία.

366 5657 566 5726 Χαῖρε,
593 5657 776 5730 ψυχῆς
799 5663 900 5732 τῆς
923 5661 1061 5732 ἐμῆς
1092 5663 1356 5735 σωτηρία.

370 5750 568 5820 Χαῖρε,
593 5750 780 5823 νύμφη
803 5753 1152 5825 ἀνύμφευτε.⁴

1921 4481 2280 4554 DDominus,
2335 4496 2388 4544 te
2445 4489 2827 4556 sanctiﬁcavit,
2880 4491 3220 4562 gloriﬁcavit,
3281 4493 3576 4566 docuitque

1991 4589 2184 4630 omnes
2213 4578 2281 4633 ad
2309 4589 2362 4634 te
2386 4579 2626 4635 clamare
2661 4598 2676 4634 :

2061 4665 2199 4734 Ave,
2231 4672 2646 4728 tabernaculum
2682 4673 2778 4729 Dei
2809 4684 2864 4731 et
2887 4674 3074 4731 Verbi.

2061 4757 2198 4824 Ave,
2223 4771 2410 4818 sancta
2427 4765 2635 4820 sanctis
2655 4766 2850 4836 major.

2060 4847 2197 4915 Ave,
2225 4866 2348 4906 arca
2370 4851 2577 4925 Spiritu
2604 4855 2883 4912 deaurata.

2059 4941 2196 5008 Ave,
2231 4943 2524 5000 thesaurus
2551 4945 2676 5001 vitae
2707 4947 3090 5005 inexhaustus.

2058 5029 2192 5097 Ave,
2227 5035 2526 5103 pretiosum
2558 5037 2774 5108 piorum
2801 5053 2989 5110 regum
3015 5039 3284 5096 diadema.

2058 5121 2192 5187 Ave,
2227 5125 2608 5196 religiosorum
2639 5129 2984 5184 sacerdotum
3025 5139 3257 5204 angusta
3299 5132 3570 5206 gloriati"-

2057 5215 2192 5280 Ave,
2225 5215 2484 5272 Ecclesiae
2512 5219 2680 5274 turris
2707 5219 3052 5277 inconcussa.

2057 5306 2192 5372 Ave,
2227 5309 2378 5379 regni
2412 5323 2604 5365 murus
2632 5311 3096 5385 inexpugnabilis.

2059 5398 2194 5463 Ave,
2219 5412 2318 5468 per
2344 5413 2507 5468 quam
2545 5401 2856 5458 excitantur
2891 5412 3116 5475 tropaea.

2055 5487 2188 5553 Ave,
2224 5504 2320 5558 per
2338 5505 2501 5560 quam
2533 5493 2829 5550 concidunt
2857 5495 3063 5553 hostes.

2055 5579 2192 5642 Ave,
2223 5578 2467 5648 corporis
2489 5581 2595 5635 mei
2625 5584 2858 5640 medela.

2057 5671 2192 5734 Ave,
2219 5671 2416 5726 anima:
2447 5689 2582 5727 mere
2607 5675 2777 5730 salus.

2054 5765 2188 5831 Ave,
2220 5779 2417 5835 sponsa
2452 5766 2698 5836 innupta.
