4048 6422
235 301 266 362 8
280 303 385 367 ’349

1097 303 1421 364 IIYMNUS
1449 300 1943 362 ACATHISTUS.
1979 325 2048 336 -
2081 300 2398 373 QUERCII
2428 299 2665 362 ΝΟΤίΕ.

3381 298 3520 364 1350

215 416 311 468 ’δι’
361 415 540 470 αἰτίαν
595 416 850 488 τοιαύτην
871 433 884 448 ·
926 416 1248 488 Ἡρακλείου
1301 415 1401 487 τὴν
1456 415 1836 486 αὐτοκράτορα

1936 430 2075 470 sam.
2142 414 2280 470 Cum
2333 414 2623 476 Heraclitus
2661 415 2964 468 Romanum
3019 413 3306 483 imperium
3363 423 3517 468 tene-

255 504 546 574 Ῥωμαίοις
581 505 754 577 ἀρχὴν
775 505 1075 570 διέποντος,
1109 507 1138 560 ὁ
1159 504 1268 558 τῶν
1296 503 1522 576 Περσῶν
1577 503 1831 576 βασιλεὺς

244 594 494 667 Χοσρόης
559 597 686 649 ίδων
741 599 811 652 τὰ
845 597 1133 668 Ῥωμαίων
1185 599 1372 668 ἄκρως
1416 596 1826 651 ταπεινωθέντα

245 689 400 757 παρὰ
426 685 590 739 Φὼκα
617 685 888 756 βασιλέως
920 686 1014 758 τοῦ
1039 686 1330 758 τυράννου,
1359 686 1457 764 ἕνα
1482 687 1592 740 τῶν
1626 703 1832 758 σατρα-

229 777 368 832 πῶν
398 776 681 847 Σάρϐαρον
709 776 884 848 ὄνομα
915 777 1054 848 μετὰ
1089 776 1342 849 χιλιάδων
1376 775 1643 831 πλειόνων
1677 776 1834 830 στέλ-
1877 767 1891 779 ’

247 869 348 931 λει,
381 871 562 920 πᾶσαν
583 867 684 939 τὴν
710 868 826 922 Ἕω
851 868 1002 940 αὐτῷ
1055 867 1523 940 ὑποποιήσασθαι·
1553 867 1693 938 ἔφθη
1723 869 1832 940 γὰρ

247 960 640 1032 καὶπρότερον
680 960 813 1014 ὡσεὶ
856 961 989 1014 δέκα
1025 961 1292 1032 μυριάδας
1335 959 1677 1030 Χριστιανῶν
1714 960 1832 1013 δια-

249 1052 475 1123 φθείρας
497 1052 768 1124 Χοσρόης,
789 1051 885 1106 ἅτε
901 1053 1011 1106 τῶν
1024 1051 1291 1124 Ἐσραίων
1311 1051 1508 1114 αὐτοὺς
1531 1049 1834 1118 ἑξωνουμέ-

254 1162 380 1205 νων,
437 1143 532 1196 καὶ
581 1142 948 1198 ἀπολλύντων.
996 1142 1057 1196 '0
1087 1143 1216 1212 γοῦν
1243 1141 1660 1214 ἀρχισατράπης
1689 1143 1832 1214 Σάρ-

259 1234 418 1303 6αρος
467 1233 568 1304 τὴν
618 1232 694 1286 ἕω
735 1232 1064 1304 ληϊσάμενος
1115 1233 1359 1297 ἃπασαν,
1413 1232 1650 1302 ἔφθασεν
1701 1233 1831 1304 ἄχρι

257 1324 354 1378 καὶ
401 1323 568 1394 αὐτῆς
619 1325 1042 1395 Χρυσοπόλεως,
1069 1325 1104 1396 ﬂ
1135 1323 1230 1377 νῦν
1268 1324 1598 1393 Σκουτάριοθ
1648 1323 1834 1377 ἐπικέ-

255 1415 558 1486 κληται.·⁹0
583 1416 765 1470 τοίνυν
817 1415 1071 1487 βασιλεὺς
1135 1414 1459 1487 ’Ἡράκλειος
1515 1417 1574 1468 ἐν
1627 1414 1834 1487 ἀπορίᾳ

255 1505 529 1570 καταστὰς
551 1505 829 1576 δημοσίων
849 1507 1170 1580 χρημάτων,
1199 1508 1269 1560 τά
1296 1507 1424 1578 ἱερὰ
1471 1505 1583 1559 τῶν
1635 1505 1834 1576 ἐκκληο

257 1595 388 1648 σιῶν
432 1597 513 1659 εἰς
570 1597 754 1668 κέρμα
815 1597 1366 1669 μιτασκευασάμενος
1415 1597 1510 1651 ἐπὶ
1579 1596 1833 1650 ἀποδόσει

259 1686 464 1758 μείζονι
495 1688 590 1740 καὶ
610 1687 942 1760 τελειοτέρᾳ,
969 1689 1058 1742 διὰ
1087 1687 1183 1742 τοῦ
1211 1687 1439 1754 Εὐξίνου
1468 1687 1608 1759 μετὰ
1634 1687 1832 1741 πλοίων

1933 515 2036 569 ret,
2073 504 2364 562 Persarum
2388 520 2490 562 rex
2524 505 2812 567 Chosroes,
2832 505 3024 559 videns
3045 519 3131 560 res
3148 503 3518 558 Romanorum

1931 610 1963 650 ιι
2020 593 2204 651 Phoca
2249 605 2481 668 tyranno
2529 596 2750 666 penitus
2809 595 3038 652 afflictas
3092 606 3148 651 et
3194 603 3517 667 prostratas,

1931 701 2102 740 unum
2143 701 2211 740 ex
2271 686 2508 756 satrapis
2559 687 2694 751 suis,
2756 686 3052 740 Sarbarum
3110 686 3356 750 nomine,
3388 701 3518 741 cum

1933 775 2120 832 multis
2170 777 2412 832 millibus
2442 775 2612 836 misit.
2649 785 2704 830 ut
2743 785 2914 831 totum
2959 774 3238 830 Orientem
3291 791 3406 830 sua:
3431 775 3520 830 di-

1935 865 2099 920 tionis
2150 865 2354 921 faceret
2385 883 2398 920 :
2433 881 2558 919 nam
2591 874 2647 920 et
2676 866 2828 936 prius
2848 866 2962 934 jam
3001 865 3193 920 decem
3248 863 3519 934 myriadas

1897 955 2366 1022 _Christianorum
2429 955 2702 1012 Chosroes
2767 957 3041 1012 deleverat
3099 964 3156 1010 et
3207 965 3516 1022 everterat;

1937 1048 2143 1118 quippe
2199 1065 2336 1118 quos
2385 1049 2602 1106 Hebraei
2654 1052 2999 1106 redemerant
3046 1061 3100 1106 et
3142 1051 3516 1119 perdiderant.

1938 1141 2322 1211 Archisatrapa
2353 1141 2517 1212 igitur
2541 1141 2828 1204 Sarbarus,
2853 1151 2966 1196 toto
2989 1139 3210 1196 Oriente
3237 1140 3520 1195 devastata

1933 1247 2107 1303 usque
2145 1233 2214 1288 ad
2243 1233 2647 1305 Chrysopolim,
2704 1248 2828 1304 quae
2887 1247 3037 1287 nunc
3087 1234 3394 1287 Scutarium
3425 1247 3520 1288 co-

1933 1323 2316 1394 gnominatur,
2385 1325 2670 1394 processit.
2726 1314 3024 1394 Imperator
3099 1333 3282 1378 autem
3345 1323 3519 1378 llera-

1934 1414 2073 1468 olius
2110 1415 2360 1484 pecunia;
2399 1415 2629 1484 publicae
2662 1414 2887 1484 penuria
2925 1429 3170 1485 pressus,
3215 1415 3384 1470 sacris
3411 1413 3518 1469 Ec-

1933 1502 2221 1558 clesiarum
2274 1504 2455 1570 vasis,
2491 1514 2546 1559 et
2614 1503 2994 1559 instrumentis
3043 1503 3326 1571 conﬂatis,
3362 1514 3420 1560 et
3461 1506 3514 1560 in

1932 1605 2186 1644 nummos
2233 1591 2532 1659 conversis,
2590 1607 2701 1662 quo
2749 1609 2962 1648 summa
3023 1595 3200 1662 major
3263 1603 3320 1649 et
3389 1610 3518 1664 per-

1934 1678 2128 1735 fectior
2175 1679 2337 1746 foret,
2397 1697 2494 1752 per
2517 1683 2788 1737 Euxinum
2821 1699 2972 1738 mare
3029 1684 3206 1738 classe
3229 1684 3283 1738 in
3314 1683 3516 1740 Persice

254 1781 366 1842 τοῖς
394 1779 497 1848 τῆς
525 1779 764 1849 Περσίας
789 1779 1012 1850 μέρεσιν
1031 1777 1326 1842 εἰσϐαλὼν,
1351 1781 1602 1848 ἀφανίζει
1629 1779 1800 1849 αὑτήν
1818 1795 1836 1811 ο

1937 1781 2124 1847 partes
2170 1773 2355 1840 ducta,
2411 1783 2469 1829 et
2519 1775 2880 1845 impressione
2913 1777 3075 1842 facta,
3119 1777 3302 1831 omnia
3341 1793 3517 1848 popu-

254 1869 347 1922 καὶ
402 1869 750 1940 κατακράτος
794 1870 1022 1938 ἡττᾶται
1068 1867 1240 1938 τούτῳ
1284 1869 1314 1921 ὁ
1347 1868 1596 1940 Χοσρόης
1636 1869 1735 1922 σὺν
1762 1869 1829 1940 τῇ

253 1963 415 2032 λοιπῇ
481 1961 726 2032 στρατιᾷ.
762 1959 898 2014 Μετ’
951 1960 1131 2030 ὀλίγον
1168 1959 1226 2013 δὲ
1253 1959 1349 2014 καὶ
1387 1961 1610 2032 Σειρόης
1637 1960 1666 2012 ὁ
1721 1959 1834 2024 υίὸς

252 2054 493 2126 Χοσρόον
523 2053 763 2116 ἀποστὰς
791 2051 886 2105 τοῦ
917 2052 1145 2123 πατρὸς,
1174 2051 1273 2122 τὴν
1312 2046 1486 2124 ἀρχὴν
1513 2050 1692 2122 ἐαυτῷ
1736 2067 1835 2104 πε-

256 2143 545 2214 ριτίθησιν,
576 2143 672 2196 καὶ
707 2143 800 2198 τὸν
824 2142 1034 2214 πατέρα
1055 2143 1305 2215 Χοσρόην
1351 2142 1698 2208 ἀποκτείνας,
1753 2141 1835 2214 τῷ

261 2233 466 2305 βασιλεῖ
524 2233 832 2306 Ἡρακλείῳ
881 2233 1166 2288 σπένδεται
1191 2249 1207 2266 ο
1240 2233 1492 2302 Χαγάνος
1536 2249 1600 2302 γε
1641 2233 1750 2304 μὴν
1806 2235 1835 2286 ὁ

259 2324 364 2378 τῶν
381 2325 584 2379 Μυσῶν
619 2326 714 2378 καὶ
735 2324 958 2378 Σκυθῶν
979 2325 1242 2396 ἀρχηγὸς,
1274 2323 1461 2396 μαθὼν
1487 2325 1580 2379 τὸν
1612 2325 1835 2396 βασιλέα

252 2417 558 2472 διαπόντιον
591 2421 648 2482 ἐς
672 2417 885 2490 Πέρσας
909 2416 1222 2488 γενόμενον,
1249 2415 1348 2480 τὰς
1373 2416 1512 2487 μετά
1549 2416 1834 2487 Ῥωμαίων

249 2509 514 2572 διαλύσας
567 2509 822 2574 σπονδάς,
879 2508 1044 2578 στίφη
1101 2507 1448 2579 μυριάριθμα
1497 2508 1836 2578 ἐπαγόμενος

250 2601 346 2655 διὰ
370 2601 480 2654 τῶν
510 2599 744 2654 δυτικῶν
767 2599 1044 2654 εἰσϐάλλει
1085 2599 1268 2670 μερῶν
1289 2600 1371 2663 είς
1397 2599 1499 2671 τὴν
1543 2600 1832 2653 Κωνσταν-

252 2695 431 2760 τίνου,
483 2693 620 2748 κατὰ
681 2692 817 2747 Θεοῦ
874 2691 1228 2764 βλασφήμους
1282 2692 1582 2763 ἐκπέμπων
1602 2691 1786 2760 φωνάς
1815 2705 1832 2722 ο

255 2788 458 2842 αὐτίκα
481 2787 660 2840 τοίνυν
687 2787 722 2852 ἡ
753 2785 854 2856 μὲν
881 2785 1126 2840 θάλασσα
1161 2775 1382 2850 πλοίων,
1405 2786 1440 2858 ἡ
1466 2784 1528 2838 δὲ
1553 2783 1626 2854 γῆ
1653 2784 1834 2849 πεζῶν

253 2880 354 2936 καὶ
386 2880 596 2934 ἱππέων
627 2879 872 2951 ἀπείρων
901 2877 1154 2950 ἔμπλεως
1180 2873 1250 2950 ἦν
1270 2894 1287 2910 ο
1311 2878 1532 2949 Σέργιος
1563 2878 1620 2931 δὲ
1649 2879 1678 2930 ὁ
1729 2894 1834 2930 πα·

249 2971 543 3043 τριάρχης,
574 2969 743 3024 πολλά
783 2969 878 3024 τὸν
921 2968 1024 3040 τῆς
1067 2968 1480 3023 Κωνσταντίνου
1531 2967 1833 3039 παρεκάλει

250 3060 404 3126 λαὸν,
441 3061 518 3132 μὴ
557 3059 943 3125 καταπίπτειν,
977 3058 1116 3114 ἀλλά
1171 3060 1354 3114 πᾶσαν
1400 3060 1500 3130 τὴν
1522 3059 1714 3113 ἐλπίδα
1768 3061 1833 3114 ὲκ

247 3151 434 3223 ψυχῆς
487 3153 570 3215 εἰς
590 3150 723 3205 Θεδν
749 3149 1067 3222 ἀναφέρειν,
1104 3148 1201 3203 καὶ
1241 3150 1323 3213 είς
1351 3147 1450 3218 τὴν
1483 3147 1648 3202 αὐτοῦ
1709 3149 1832 3218 Μη-

245 3243 393 3316 τέρα
421 3243 522 3315 τὴν
575 3242 953 3314 πανάχραντον
979 3241 1244 3295 Θεοτόκον
1271 3255 1287 3270 ·
1316 3240 1413 3293 καὶ
1439 3241 1547 3311 μὴν
1594 3241 1689 3294 καὶ
1716 3239 1834 3293 Βῶ-

245 3352 347 3400 νος
392 3334 680 3406 πατρίκιος
739 3336 768 3388 δ
796 3331 1098 3405 τηνικαῦτα
1156 3330 1256 3402 τήν
1301 3331 1455 3386 πόλιν
1481 3330 1702 3396 διέπων,
1767 3330 1836 3384 τὰ

245 3427 528 3498 ἀνήκοντα
561 3431 642 3492 τίς
668 3425 985 3498 ἀποτροπὴν
1009 3423 1120 3478 τῶν
1166 3422 1443 3493 πολεμίων
1499 3422 1838 3494 παρεσκευά-

245 3521 383 3583 ζετο
407 3533 422 3550 .
449 3517 536 3572 δεῖ
559 3517 668 3590 γάρ
701 3516 840 3589 μετά
864 3516 967 3588 τῆς
997 3513 1208 3570 ἀνωθεν
1235 3511 1518 3584 βοηθείας,
1549 3513 1644 3568 καὶ
1686 3513 1836 3585 ἡμᾶς

241 3609 324 3664 τὰ
363 3609 710 3680 προσήκοντα
741 3608 829 3661 ένε
836 3607 1008 3678 ργεῖν.

335 3786 401 3844 '0
436 3787 494 3842 δὲ
515 3785 860 3859 πατριάρχης
885 3783 986 3846 τὰς
1023 3782 1175 3848 θείας
1207 3779 1426 3844 είκόνας
1453 3780 1556 3852 τῆς
1613 3781 1834 3854 Θεομή-

246 3899 414 3956 τορος
439 3882 580 3954 μετά
628 3877 832 3944 παντὸς
859 3879 1203 3951 ἑπαγόμενος
1226 3877 1322 3931 τοῦ
1355 3875 1595 3948 πλήθους
1617 3877 1834 3949 περιῄει

238 3976 313 4029 τὸ
345 3975 522 4045 τεῖχος
549 3970 778 4036 ἀνωθεν,
803 3969 1053 4026 ἐντεῦθεν
1079 3969 1140 4023 τὸ
1168 3966 1410 4038 ἀσφαλὲς
1453 3967 1636 4022 αὐτῶν
1681 3985 1836 4040 πορι-

239 4065 484 4137 ζὸμενος
507 4078 522 4094 ’
548 4063 626 4127 ὡς
659 4061 716 4116 δὲ
739 4063 770 4116 ὁ
803 4062 904 4134 μὲν
940 4061 1223 4132 Σάρϐαρος
1265 4060 1327 4128 ἐξ
1373 4058 1538 4126 έῷας,
1579 4060 1836 4129 Χαγάνος

236 4155 304 4208 δὲ
339 4151 450 4207 ἀπὸ
481 4151 703 4220 δυσμῶν
743 4149 1038 4224 πυρπολεῖν
1065 4150 1136 4205 τὰ
1173 4147 1334 4220 πέριξ
1366 4148 1470 4219 τῆς
1499 4150 1705 4214 πόλεως
1733 4150 1836 4221 ἡρ-

236 4259 416 4316 χοντο
435 4255 450 4271 °
475 4243 504 4295 5
542 4241 888 4314 πατριάρχης
905 4239 1003 4312 τὴν
1035 4239 1446 4318 ἀχειροποίητον
1471 4238 1566 4293 τοῦ
1596 4239 1833 4312 Χριστοῦ

235 4332 464 4398 εἰκόνα,
493 4333 588 4385 καὶ
615 4335 684 4386 τὰ
707 4332 864 4402 τίμια
911 4332 1006 4386 καὶ
1053 4329 1296 4396 ζωοποιὰ
1323 4330 1477 4396 ξύλα.
1507 4332 1731 4403 προσέτι
1775 4331 1832 4385 δὲ

1933 1865 2094 1931 latur,
2130 1875 2186 1920 et
2214 1866 2506 1932 exscindit,
2546 1866 2834 1936 ipsumque
2878 1867 3176 1921 Chosroem
3227 1884 3350 1923 cum
3385 1869 3515 1923 reli-

1933 1972 2042 2026 quo
2087 1957 2332 2013 exercitu
2402 1959 2615 2028 potenti
2673 1975 2836 2012 mauu
2886 1957 3085 2024 fundit,
3144 1967 3200 2013 et
3246 1959 3513 2030 profligat.

1933 2047 2052 2102 Non
2092 2048 2185 2103 diu
2228 2057 2350 2119 post
2394 2049 2602 2114 Siroes,
2634 2049 2776 2104 ﬁlius
2821 2048 3100 2115 Chosrois,
3128 2065 3252 2105 cum
3301 2066 3331 2104 a
3365 2061 3518 2120 patre

1934 2138 2263 2206 defecisset,
2319 2155 2548 2212 regnum
2603 2141 2706 2196 sibi
2750 2141 3012 2208 vindicat,
3083 2149 3138 2196 et
3183 2142 3515 2212 interempto

1934 2239 2090 2300 patre
2137 2231 2319 2286 fwdus
2375 2247 2498 2286 cum
2530 2232 2783 2288 Heraclio
2830 2233 2953 2288 init.
3015 2235 3304 2304 Chaganus
3331 2245 3516 2290 autem

1933 2321 2204 2391 Mysorum
2235 2331 2290 2377 et
2317 2323 2644 2394 Scytharum
2674 2324 2805 2392 dux,
2836 2340 2961 2380 cum
2997 2325 3352 2381 intellexisset
3411 2326 3516 2380 im-

1934 2422 2240 2484 peratorem
2298 2415 2434 2468 mari
2475 2415 2529 2468 in
2561 2415 2751 2470 Persas
2807 2415 3112 2485 profectum
3160 2430 3303 2480 esse,
3339 2417 3517 2484 ruptis

1933 2519 2054 2575 qua:
2081 2520 2205 2560 cum
2241 2503 2502 2558 Romanis
2549 2504 2771 2572 inierat,
2804 2504 3126 2568 faaderibus,
3173 2515 3231 2559 et
3265 2505 3515 2560 innume-

1935 2596 2195 2650 rabilibus
2241 2595 2417 2664 copiis
2461 2595 2728 2661 collectis,
2783 2612 2882 2666 per
2915 2607 3098 2666 partes
3135 2595 3514 2653 Occidentales

1933 2686 2464 2756 Constantinopolim
2488 2686 2822 2757 aggreditur,
2867 2687 3029 2756 iactis
3056 2687 3241 2742 multis
3268 2687 3322 2740 in
3344 2686 3512 2742 Deum

1933 2777 2307 2846 blasphemiis.
2339 2777 2525 2846 Itaque
2572 2778 2868 2847 derepente
2906 2793 3056 2833 mare
3101 2779 3320 2848 quidem
3361 2779 3514 2834 navi-

1933 2869 2037 2925 bus
2065 2871 2283 2940 plenum
2317 2869 2438 2934 fuit,
2475 2879 2617 2924 terra
2652 2869 2927 2940 peditibus
3002 2871 3386 2942 equitibusque
3428 2873 3514 2927 iu-

1934 2962 2122 3018 finitis.
2145 2961 2368 3030 Sergius
2400 2972 2584 3017 autem
2633 2963 2939 3032 patriarcha
2992 2963 3144 3019 valde
3193 2963 3513 3020 Constanti-

1933 3053 2285 3124 nopolitanos
2321 3054 2529 3109 incolas
2551 3055 2904 3122 admonebat,
2931 3071 3003 3110 ne
3045 3057 3260 3112 animos
3283 3057 3514 3128 despon-

1933 3146 2156 3212 derent;
2197 3145 2292 3201 sed
2325 3161 2542 3201 omnem
2579 3147 2762 3218 potius
2807 3162 2960 3218 spem
2997 3163 3151 3202 suam
3209 3163 3280 3204 ex
3318 3150 3511 3206 intimo

1934 3237 2136 3294 mentis
2185 3253 2349 3293 sensu
2382 3239 2437 3292 in
2473 3239 2606 3306 Deo,
2654 3249 2710 3294 et
2752 3239 2807 3293 in
2851 3240 3125 3295 Cenitrice
3166 3240 3510 3299 immaculata

1937 3327 2162 3398 Deipara
2193 3328 2543 3384 collocarent.
2579 3329 2744 3400 Atqui
2777 3338 2834 3384 et
2864 3331 3063 3398 Bonus,
3095 3331 3188 3402 qui
3213 3345 3342 3387 tunc
3373 3333 3510 3388 civi-

1935 3421 2031 3476 tati
2067 3429 2318 3491 praeerat,
2349 3436 2412 3476 ea
2432 3437 2553 3492 quae
2593 3422 2982 3492 propulsandis
3030 3424 3280 3479 hostibus
3315 3439 3511 3480 neces-

1933 3514 2078 3580 saria
2119 3523 2295 3579 erant,
2346 3515 2705 3585 praeparabat.
2761 3515 2991 3586 Oportet
3038 3516 3227 3584 enim,
3272 3527 3334 3572 ut
3381 3533 3508 3573 cum

1933 3605 2143 3662 caelesti
2179 3605 2382 3662 auxilio
2421 3621 2522 3661 nos
2559 3607 2722 3663 etiam
2753 3607 2992 3664 studium
3073 3618 3137 3676 et
3165 3625 3384 3681 operam
3405 3617 3520 3664 no-'

1932 3705 2099 3753 stram
2124 3697 2536 3769 conjungamus.

2003 3789 2316 3844 Patriarcha
2356 3799 2572 3854 autem,
2613 3790 2854 3862 acceptis
2882 3791 3229 3862 Deiparentis
3260 3793 3510 3866 imagini-

1932 3880 2059 3945 bus,
2103 3895 2228 3936 cum
2267 3881 2416 3936 omni
2451 3881 2802 3938 multitudine
2831 3887 3030 3940 mmnia
3056 3900 3292 3956 superne
3319 3886 3518 3942 circui-

1932 3971 2047 4040 bat,
2098 3959 2227 4026 hinc
2273 3971 2378 4028 illis
2427 3973 2742 4043 prasidium
2793 3983 2851 4029 et
2903 3975 3134 4030 salutem
3171 3991 3515 4047 comparans.

1934 4061 2007 4118 Ut
2050 4079 2184 4119 vero
2231 4065 2498 4120 Sarbarus
2539 4065 2608 4120 ab
2639 4065 2872 4132 oriente,
2910 4066 3201 4139 Chaganus
3227 4077 3408 4123 autem
3442 4069 3515 4124 ab

1931 4153 2214 4209 occidente
2261 4155 2386 4226 igne
2431 4155 2766 4211 succendere
2823 4167 3111 4228 coeperunt
3163 4158 3347 4214 omnia
3391 4175 3514 4230 quae

1935 4247 1992 4300 in
2050 4247 2284 4302 circuitu
2335 4247 2570 4303 civitatis
2596 4256 2802 4303 erant:
2858 4249 3170 4320 patriarcha
3219 4251 3511 4323 imaginem

1933 4336 2137 4393 Christi
2187 4353 2296 4394 non
2350 4339 2735 4407 manufactam,
2772 4345 2903 4396 item
2946 4343 3268 4398 venerabilia
3297 4353 3355 4400 et
3380 4345 3515 4400 vivi-

239 4426 358 4479 καὶ
383 4422 482 4494 τὴν
501 4423 690 4494 τιμίαν
717 4423 924 4494 ἐσθῆτα
934 4422 1037 4493 τῆς
1052 4423 1394 4494 Θεομήτορος
1412 4421 1830 4493 ἐπιφερόμενος,

1939 4428 2040 4484 ﬁca
2097 4429 2264 4501 ligna,
2303 4431 2385 4485 ad'
2425 4431 2542 4485 lucc
2593 4432 2958 4486 venerandam
3011 4442 3217 4487 vestem
3271 4433 3514 4504 Deipara

232 4515 344 4570 διὰ
371 4513 481 4568 τῶν
507 4511 708 4583 τειχῶν
749 4513 1105 4586 περιήρχετο.
1158 4513 1409 4580 Χαγάνος
1461 4512 1519 4566 δὲ
1543 4515 1572 4566 ὁ
1601 4511 1836 4584 Σκύθης,

233 4601 344 4654 διὰ
381 4597 492 4653 τῶν
516 4598 784 4670 χερσαίων
834 4600 1030 4670 τειχῶν
1063 4599 1395 4670 προσϐάλλει
1420 4602 1489 4670 τῇ
1546 4601 1840 4655 Κωνσταν-

238 4691 406 4745 τίνου
431 4691 527 4744 σὺν
551 4690 744 4762 πλήθει
774 4691 986 4761 ἀπείρῳ
1007 4691 1190 4766 άκρως
1225 4677 1285 4756 ἐξ
1303 4691 1482 4744 ὃπλων
1495 4691 1839 4762 ὴσφαλισμέυ

245 4797 373 4846 νος,
391 4787 485 4834 καὶ
508 4780 768 4853 τοσούτῳ,
793 4781 868 4846 ὡς
894 4781 992 4835 ἕνα
1014 4781 1283 4852 Ῥωμαῖον
1307 4781 1444 4852 πρὸς
1463 4782 1594 4836 δέκα
1627 4783 1840 4847 Σκύθας

249 4869 448 4940 σαφῶς
476 4872 843 4944 διαμάχεσθαι
866 4889 883 4906 ο
911 4873 1026 4927 ἀλλ’
1067 4875 1102 4944 ἡ
1157 4872 1370 4944 ἄμαχος
1417 4875 1697 4946 πρόμαχος
1751 4875 1840 4929 διὰ

235 4961 369 5017 τῶν
393 4964 840 5037 παρευρεθέντων
867 4964 1062 5034 ὀλίγων
1091 4966 1234 5022 πάνυ
1281 4967 1628 5038 στρατιωτῶν
1665 4968 1724 5020 ὲν
1759 4967 1839 5040 τῷ

238 5053 374 5126 ναῷ
416 5055 621 5128 ταύτης
671 5057 749 5128 τῷ
773 5057 872 5128 τῆς
903 5060 1096 5129 πηγῆς.
1137 5058 1421 5122 πλείστους
1465 5057 1646 5112 αὐτῶν
1695 5077 1838 5131 παρ-

241 5144 563 5202 απῶλεσεν.
603 5149 910 5204 Κάντεῦθεν
971 5152 1022 5203 οἱ
1079 5150 1336 5222 Ῥωμαῖοι
1365 5150 1839 5223 ἀναθαρσήσαντές

237 5252 318 5290 τε
353 5237 451 5291 καὶ
509 5239 1004 5311 ἀνασκιρτήσαντες
1039 5241 1145 5294 ὑπὸ
1180 5241 1470 5314 στρατηγῷ
1517 5245 1718 5316 ἀμάχῳ
1768 5247 1834 5317 τῇ

239 5329 568 5401 θεομήτορι
594 5331 789 5394 αὐτοὺς
819 5333 907 5385 ἀεὶ
935 5332 1078 5386 κατὰ
1100 5334 1300 5405 κράτος
1333 5335 1528 5389 ἐνίκων
1555 5376 1570 5390 .
1597 5336 1839 5406 Βλέψαν-

237 5435 349 5482 τες
377 5418 436 5472 δὲ
465 5420 560 5473 καὶ
595 5420 730 5492 πρὸς
748 5421 976 5487 σπονδὰς
1001 5424 1051 5478 οἱ
1073 5425 1172 5494 τῆς
1198 5425 1428 5491 πόλεως,
1453 5426 1837 5500 ἀπεκρούσθη·-

243 5524 380 5562 σαν.
422 5509 635 5564 Ἀνεῖπε
689 5515 800 5585 γὰρ
849 5515 878 5567 ὁ
908 5515 1180 5583 Χαγάνος,
1220 5536 1238 5568 ι
1263 5518 1355 5588 Μὴ
1406 5521 1690 5575 ἀπατᾶσθε
1743 5523 1837 5576 ἰπὶ

238 5598 336 5673 τῷ
371 5599 511 5672 Θεῷ,
537 5595 582 5670 ᾧ
606 5603 890 5658 πιστεύετε
915 5620 930 5634 ⁸
955 5606 1172 5668 πάντως
1199 5607 1308 5677 γὰρ
1335 5606 1527 5684 αὔριον
1555 5609 1654 5682 τὴν
1678 5611 1836 5665 πόλιν

243 5689 418 5763 ὑμῶν
451 5694 858 5767 καταλήψομαι.
881 5715 900 5748 ι
942 5697 1006 5751 Ol
1039 5697 1095 5750 δὲ
1132 5698 1230 5766 τῆς
1263 5697 1472 5764 πόλεως
1507 5701 1834 5759 διακούσαν-

1939 4519 2228 4590 proferens
2270 4521 2472 4577 muenia
2519 4521 2722 4577 obibat.
2765 4523 3053 4594 Chaganus
3092 4531 3277 4580 autem
3315 4525 3515 4596 Scytha

1938 4625 2004 4666 ex
2059 4627 2122 4666 ea
2176 4622 2348 4682 parte,
2393 4629 2498 4684 qua
2535 4625 2732 4669 terram
2787 4615 2987 4670 mmnia
3037 4624 3306 4684 spectant,
3337 4615 3514 4686 impe-

1940 4709 2054 4756 tum
2095 4703 2150 4756 in
2182 4703 2527 4759 Constantini
2563 4706 2751 4760 urbem
2772 4705 2921 4771 facit,
2961 4705 3052 4759 tali
3098 4708 3168 4760 ‘ac
3199 4714 3344 4778 tanta
3371 4707 3514 4762 mul-

1938 4793 2173 4850 titudine
2225 4797 2464 4866 undique
2513 4796 2681 4851 armis
2735 4805 2875 4851 tecta
2932 4805 2989 4852 et
3015 4797 3244 4860 munita,
3314 4807 3376 4852 ut
3416 4799 3515 4854 uni

1937 4883 2185 4938 Romano
2233 4885 2497 4940 adversus
2539 4887 2726 4940 decem
2761 4885 2988 4956 Scythas
3012 4887 3359 4956 pugnandum
3395 4887 3516 4942 fue-

1937 4975 2029 5030 rit.
2049 4973 2321 5030 Caeterum
2345 4975 2783 5048 inexpugnabilis
2814 4976 2902 5030 illa
2934 4977 3322 5049 propugnatrix
3346 4993 3513 5048 opera

1937 5082 2233 5136 paucorum
2292 5067 2548 5134 militum,
2593 5069 2685 5140 qui
2728 5077 2887 5124 erant
2931 5069 2988 5123 in
3039 5069 3240 5139 templo
3289 5070 3408 5140 ejus
3446 5062 3514 5124 ad
3594 5083 3608 5098 λ

1937 5157 2144 5214 fontem
2175 5167 2478 5227 exstructo,
2521 5161 2788 5232 plurimos
2814 5176 2881 5216 ex
2911 5161 3018 5216 illis
3037 5162 3344 5217 trucidavit.
3379 5161 3515 5218 Hinc

1938 5249 2173 5306 Romani
2203 5251 2406 5307 animis
2439 5253 2754 5324 resumptis,
2785 5264 2841 5308 et
2864 5269 2978 5324 prae
3025 5253 3222 5324 gaudio
3249 5254 3512 5309 exsilien-

1939 5350 2052 5406 tes,
2105 5343 2245 5399 duce
2280 5351 2336 5398 et
2388 5344 2612 5414 auSpice
2659 5344 2862 5399 invicta
2919 5345 3179 5415 Deipara,
3227 5347 3511 5402 victoriam

1935 5431 2004 5486 de
2049 5430 2155 5486 illis
2199 5430 2432 5502 gloriose
2484 5431 2837 5500 reportabant
2873 5449 2888 5486 :
2919 5448 3154 5503 cumque
3205 5434 3352 5490 cives
3397 5434 3511 5504 jam

1940 5531 2100 5593 pacta
2144 5532 2200 5577 et
2235 5521 2438 5596 fmdera
2491 5521 2631 5578 inire
2667 5523 2987 5596 cogitarent,
3045 5524 3319 5594 repulsam
3371 5525 3512 5580 tule-

1937 5623 2082 5668 runt.
2115 5613 2310 5669 Aiebat
2354 5613 2502 5668 enim
2537 5615 2862 5688 Chaganus:
2901 5635 2920 5667 ι
2957 5613 3036 5669 Ne
3074 5614 3355 5681 fallamini,
3387 5615 3511 5671 freti

1935 5703 2066 5770 Deo,
2100 5703 2188 5761 cui
2249 5703 2470 5760 creditis
2505 5721 2519 5758 :
2551 5715 2700 5761 certe
2746 5705 2894 5761 enim
2932 5719 3052 5760 cras
3107 5705 3293 5761 urbem
3346 5721 3511 5764 occu-
