4048 6434
284 395 318 459 1
331 397 440 462 353

1147 383 1466 446 HYMNUS
1511 375 2006 441 ACATHISTUS.
2035 402 2104 412 -
2127 375 2446 450 QUERCII
2485 372 2724 438 NOTAE.

3432 369 3573 436 1354

285 523 462 580 μενον
488 500 788 557 Σωσθένιον
815 497 1079 569 γίνονται,
1115 497 1280 550 κάκεῖ
1307 493 1514 564 ἀνέμου
1565 490 1882 580 βορέουγκα-
1901 495 1936 550 ,Α

2020 489 2164 556 isset,
2231 490 2496 560 pluraque
2561 501 2629 543 ex
2684 499 2874 542 eorum
2924 483 3156 556 navigiis
3203 485 3451 542 diﬂ‘racla
3519 495 3577 541 et

279 579 684 668 ταρῤἁγέντος,
719 588 789 642 τὰ
817 585 990 642 πολλά
1009 584 1117 640 τῶν
1152 583 1354 638 πλοίων
1384 581 1560 636 αὐτῶν
1589 579 1882 650 mappam,

1989 583 2274 638 submersa
2313 588 2474 636 sunt:
2509 588 2565 634 at
2592 577 2843 634 residuos
2886 585 3036 632 tanta
3067 574 3240 631 fames
3287 576 3456 646 coepit
3487 576 3575 630 in-

281 667 392 741 secti
429 682 798 754 διεφθάρησαν
819 697 834 712 ο
862 680 911 732 οἱ
934 677 992 732 δὲ
1021 675 1467 748 περιλειφθέντες
1497 671 1642 744 λιμῷ
1667 669 1885 742 σφοδρῷ

2020 691 2222 742 essere,
2267 683 2329 730 ut
2376 673 2446 728 ab
2479 687 2578 728 esu
2619 672 2982 727 humanarum
3027 667 3272 724 carnium
3317 667 3420 724 sibi
3459 683 3577 724 non
3668 709 3674 716 .

287 777 650 850 περιέπεσον,
709 773 786 836 ὡς
825 771 922 825 καὶ
955 767 1335 842 ἀνθρωπίνων’
1374 767 1595 838 σαρκῶν
1621 763 1885 835 ἅψασθαι,

287 866 506 939 κόπριά
533 882 592 918 τε
623 864 822 934 φυρᾷν,
873 861 968 915 καὶ
999 859 1202 912 ἐσθίειν
1224 874 1238 888 ·
1295 851 1417 910 εἷτα
1452 855 1738 926 φυγόντες,
1791 853 1888 906 καὶ

289 963 445 1016 κατὰ
467 959 530 1013 τὸ
556 959 779 1025 Δίγαῐον
805 953 1090 1025 γενόμενοι
1111 951 1372 1020 πέλαγος,
1395 949 1465 1002 τὰ
1489 947 1674 1019 σκάφη
1706 945 1890 1002 αὐτῶν

294 1053 546 1116 ἅπαντα,
567 1050 663 1104 καὶ
685 1047 912 1110 ἑαυτοὺς
937 1045 1016 1116 τῷ
1035 1044 1135 1114 τῆς
1165 1041 1450 1111 θαλάσσης
1477 1039 1683 1094 διδοῦσι
1715 1037 1886 1110 βυθιῖν

299 1142 520 1214 χάλαζα
551 1140 661 1212 γὰρ
697 1137 932 1210 ῥαγδαία
985 1131 1278 1206 οὐρανόθεν
1325 1129 1736 1194 καταπεσοῦσα,
1796 1129 1892 1184 καὶ

308 1232 554 1307 βρασμὸν
627 1231 770 1284 κατά
829 1231 932 1299 τῆς
989 1225 1270 1294 θαλάσσης
1299 1223 1580 1294 ποιήσασα
1628 1221 1728 1292 τὴν
1783 1219 1893 1274 τῶν

304 1325 516 1379 πλοίων
567 1323 771 1376 πίσσαν
799 1319 1033 1384 διέλυσε,
1069 1316 1165 1372 καὶ
1222 1314 1397 1379 οὓτως
1422 1315 1452 1368 ό
1479 1310 1895 1385 ἀπειροπληθὴς

301 1417 517 1478 ἐκεῖνος
566 1413 754 1477 στόλος
813 1409 1056 1474 διώλολε,
1095 1406 1264 1480 τριῶν
1311 1405 1492 1477 μόνων
1519 1405 1602 1468 είς
1633 1403 1896 1473 ἀγγελίαν

302 1506 796 1580 περιλειφθέντων.

382 1597 483 1652 Διά
510 1597 686 1650 ταῦτα
717 1595 902 1650 τοίνυν
954 1593 1172 1649 ἅπαντα
1202 1591 1272 1648 τά
1306 1587 1562 1663 ὑπερφυῆ
1617 1585 1898 1658 θαυμάσια

301 1690 413 1760 τῆς
438 1691 740 1757 πανάγνου.
773 1689 868 1742 καὶ
882 1687 1229 1758 Θεομήτορος
1252 1685 1351 1757 τὴν
1382 1679 1669 1753 παροῦσαν
1699 1679 1898 1752 ἑορτὴν

1991 763 2393 838 temperarent,
2425 763 2836 834 commistisque
2893 761 3232 816 stercoribus
3278 772 3578 816 vesceren-

1991 865 2100 912 tur.
2151 857 2360 912 Deinde
2392 864 2609 926 arrepta
2666 853 2792 926 fuga
2839 868 2966 908 cum
3023 853 3080 907 in
3125 851 3370 924 Aigaeum
3427 865 3578 907 mare

1991 948 2394 1020 pervenissent,
2425 961 2618 1003 omnes
2640 961 2769 1002 suas
2796 960 2986 1013 naves,
3039 945 3262 1015 insuper
3287 951 3343 998 et
3373 944 3582 1014 seipsos

1998 1041 2055 1096 in
2109 1039 2446 1111 profundum
2496 1039 2910 1110 praecipitarunt
2958 1035 3218 1109 :grando
3272 1036 3422 1092 enim
3469 1035 3582 1090 vio-

1993 1129 2142 1184 lenta
2181 1143 2214 1184 e
2257 1129 2398 1184 coelo
2443 1129 2688 1200 delapsa,
2739 1127 3124 1199 {erroremque
3180 1126 3347 1182 maris
3393 1127 3584 1183 conci—

1993 1229 2142 1287 tans,
2175 1221 2352 1293 picem
2397 1221 2740 1294 navigiorum
2762 1220 3032 1277 dissolvit.
3067 1221 3161 1277 Sic
3197 1219 3464 1276 immensa
3495 1220 3584 1275 illa

1995 1314 2185 1370 classis
2212 1313 2478 1386 disperiit,
2514 1315 2689 1370 tribus
2709 1315 2992 1382 duntaxat,
3005 1313 3098 1386 qui
3131 1313 3304 1370 cladis
3327 1313 3584 1368 nuntium

1997 1407 2292 1476 referrent,
2323 1407 2734 1478 superstitibus.

2069 1588 2304 1660 Propter
2333 1587 2451 1644 haec
2491 1587 2657 1660 igitur
2685 1595 2795 1642 tam
2845 1583 3164 1640 admiranda
3212 1597 3245 1637 a
3279 1580 3586 1638 castissima

1998 1681 2099 1738 Dei
2153 1681 2433 1740 Genitrice
2475 1695 2643 1752 opera
2703 1687 2916 1750 patrata
2954 1685 3280 1748 praesentem
3328 1675 3475 1730 diem
3509 1672 3588 1728 fe-

305 1781 648 1852 ἑορτάξομεν
675 1795 689 1810 ·
732 1777 1077 1843 Ἀκάθιστος
1112 1777 1172 1830 δὲ
1193 1776 1434 1846 εἴρηται,
1462 1771 1600 1827 διότι
1628 1769 1892 1841 όρθοστά-
1928 1844 1936 1852 1

2020 1779 2151 1826 itum
2203 1770 2570 1826 celebramus.
2624 1769 2930 1823 Acailiistus
2969 1781 3141 1832 vero,
3189 1763 3347 1836 quasi
3391 1778 3587 1819 carens

301 1844 412 1945 δην
443 1844 562 1929 τότε
611 1873 719 1936 πᾶς
767 1873 797 1926 ὁ
843 1871 974 1934 λαὸς
1032 1867 1174 1924 κατὰ
1201 1844 1313 1939 τήν
1333 1865 1506 1920 νύκτα
1539 1864 1759 1934 ἐκείνην
1804 1844 1936 1916 τδνί

2020 1863 2278 1927 sessione,
2305 1861 2486 1918 dictus
2530 1869 2635 1927 est,
2665 1860 2812 1930 quod
2842 1867 2990 1915 totus
3023 1856 3258 1928 populus
3286 1865 3400 1912 tota
3431 1860 3594 1910 nocte

305 1965 483 2036 ὕμνον
509 1966 576 2036 τῇ
599 1961 696 2016 τοῦ
713 1961 885 2030 Λόγου
916 1959 1102 2030 Μητρὶ⁵
1131 1957 1372 2030 ἔμελψαν
1393 1971 1406 1985 ⁸
1444 1954 1540 2009 καὶ
1568 1954 1650 2008 ὅτι
1675 1954 1736 2007 ἐν
1769 1953 1909 2007 πᾶσι

304 2060 428 2120 τοῖς
455 2055 640 2120 ἄλλοις
669 2053 844 2117 οἴκοις
874 2050 1152 2122 καθῆσθαι
1181 2049 1242 2116 ἐξ
1266 2048 1425 2112 ἔθους
1461 2047 1698 2117 ἔχοντες,
1717 2047 1776 2100 ὲν
1795 2047 1908 2110 τοῖς

308 2147 554 2216 παροῦσι
601 2147 704 2216 τῆς
732 2145 1076 2217 Θεομήτορος
1117 2141 1270 2214 ὀρθοὶ
1321 2139 1525 2204 πάντες
1553 2137 1906 2211 ἀκροώμεθα.

312 2243 454 2304 Ταῖς
521 2239 622 2310 τῆς
683 2239 784 2308 σῆς
841 2235 1166 2308 ὕπερμάχου
1233 2249 1294 2288 τε
1317 2270 1335 2299 ,
1394 2231 1490 2287 καὶ
1547 2230 1908 2303 ἀπροσμάχου

314 2331 544 2402 Μητρὸς
583 2327 927 2400 πρεσϐείαις,
955 2323 1165 2398 Χριστὲ
1189 2325 1218 2378 ό
1253 2321 1409 2387 Θεὸς,
1440 2320 1552 2375 τῶν
1585 2318 1910 2390 περικειμέ-

310 2443 426 2479 νων
475 2423 574 2478 καὶ
615 2423 768 2493 ἡμᾶς
813 2417 1126 2482 ἀπάλλαξον
1187 2412 1508 2489 συμφορῶν,
1543 2411 1640 2466 καὶ
1681 2408 1906 2482 ἐλέησον

309 2517 495 2590 ἡμᾶς,
520 2515 596 2579 ὡς
633 2513 793 2585 μόνος
825 2508 1229 2582 φιλάνθρωπος.

405 2765 522 2822 ιιιπι
550 2777 611 2819 ea
639 2760 844 2824 omnia,
873 2773 997 2830 qua
1045 2756 1192 2813 circa
1251 2753 1522 2830 Hymnurn
1575 2753 1915 2810 Acathistum

329 2855 441 2912 dici
475 2860 717 2924 possent,
735 2827 908 2906 habes
933 2849 992 2904 in
1021 2849 1126 2904 hac
1149 2827 1918 2902 narratioiie‘luoulentissime

328 2959 568 3015 expensa
618 2957 682 2998 ac
722 2939 1117 2997 demonstrata.
1160 2936 1637 3008 Supervacaneum
1693 2937 1919 2993 omnino

326 3045 500 3101 esset,
556 3033 640 3091 vel
689 3048 754 3088 ea
788 3031 878 3087 hic
925 3043 1246 3102 congerere,
1291 3043 1414 3099 quae
1459 3035 1650 3084 contra
1693 3025 1919 3082 Junium

325 3129 568 3184 solerter
605 3123 889 3181 adnotavit
929 3120 1242 3187 Gretserus,
1276 3129 1336 3176 ut
1389 3119 1514 3190 ejus
1565 3119 1915 3174 allucinatio-

2009 1953 2204 2012 stando
2263 1953 2524 2025 hymnum
2590 1952 2840 2024 Deiparae
2885 1949 3230 2006 concinuerit
3273 1964 3286 2002 :
3339 1947 3596 2019 quodque

2011 2060 2136 2101 cum
2167 2044 2224 2098 in
2255 2044 2374 2100 aliis
2395 2043 2655 2100 omnibus
2678 2043 2889 2099 aedibus
2917 2057 2984 2098 ex
3015 2056 3169 2098 more
3193 2040 3386 2097 sedere
3408 2039 3592 2104 liceat,

2011 2136 2069 2191 in
2113 2135 2239 2192 istis
2273 2135 2474 2192 divinae
2502 2135 2710 2202 Matris,
2748 2135 2919 2192 erecti
2937 2150 3131 2191 omnes
3149 2141 3357 2190 stantes
3377 2132 3599 2188 auscul-

2015 2229 2198 2277 tamus
2227 2234 2242 2275 :
2281 2223 2538 2294 precibus
2569 2223 3032 2296 propugnatricis,
3061 2232 3118 2279 et
3146 2223 3363 2280 invictae
3411 2222 3600 2279 Matris

2015 2320 2144 2382 tuae,
2201 2313 2426 2370 Christe
2479 2315 2648 2383 Deus,
2703 2315 2773 2371 ab
2810 2315 3230 2371 imminentibus
3283 2329 3386 2370 nos
3429 2315 3598 2370 libera

2011 2405 2434 2474 calamitatibus,
2483 2415 2540 2463 et
2613 2407 2878 2464 miserere
2927 2407 3106 2475 nobis,
3153 2417 3408 2478 tanquam
3451 2407 3601 2462 solus

2013 2499 2254 2556 clemens
2281 2506 2334 2555 et
2361 2499 2692 2556 misericors.

2018 2751 2255 2808 dubito:
2300 2751 2351 2807 id
2377 2751 2526 2807 enim
2556 2750 2674 2822 ipse
2717 2750 2774 2806 in
2805 2730 3027 2809 Triodio
3085 2749 3277 2806 titulus
3327 2749 3458 2806 satis
3503 2749 3602 2806 de-

2019 2845 2230 2901 clarat:
2302 2844 2776 2916 ’Δναγινὼσκομεν
2813 2844 2924 2900 ἀπὸ
2975 2842 3084 2898 τῶν
3125 2843 3301 2898 Οίκων
3335 2849 3412 2908 ς’,
3449 2841 3606 2896 ίστά-

2023 2939 2165 3008 μεθα
2195 2939 2252 2992 δὲ
2288 2939 2372 3002 είς
2395 2937 2600 2992 τούτων
2624 2937 2931 3006 ἀνάγνωσιν
2954 2952 2968 2968 ο
3030 2933 3303 3007 Leguntur
3331 2933 3489 3004 primi
3514 2947 3607 2988 sea:

2020 3027 2162 3092 Oeci,
2222 3037 2271 3083 et
2331 3037 2556 3095 stamus,
2605 3029 2733 3083 dum
2786 3043 2969 3082 eorum
3018 3027 3078 3096 ﬁt
3135 3025 3306 3080 lectio.
3349 3025 3422 3079 At
3446 3039 3602 3088 vero,

2021 3121 2270 3189 quamvis
2324 3120 2456 3176 satis
2509 3133 2782 3190 superque
2833 3120 2901 3174 de
2945 3118 3244 3184 Abaribus,
3305 3127 3469 3186 atque
3537 3118 3607 3174 de

327 3237 465 3277 nem
497 3220 639 3276 circa
665 3216 921 3274 A‘cathisti
954 3213 1456 3272 denominationem
1505 3214 1807 3268 evinceret.
1846 3209 1918 3266 ll-
1946 3251 1990 3312 α
2023 3207 2568 3280 Hynino.Aeatltisto
2611 3211 2879 3265 hactenus
2924 3209 3130 3264 dictum
3178 3208 3282 3274 sit;
3329 3207 3607 3263 nihilomi-

325 3313 433 3368 lud
469 3320 650 3366 tamen
700 3309 866 3365 velim
910 3305 1336 3371 animadvertas,
1387 3319 1532 3360 anne
1589 3303 1679 3358 illa
1730 3302 1917 3369 verba,

330 3403 542 3474 quibus
574 3399 818 3457 narratio
856 3397 1147 3464 clauditur,
1179 3397 1304 3450 ’Ότι
1327 3396 1387 3449 ὲν
1411 3395 1550 3450 πᾶσι
1577 3396 1690 3458 τοῖς
1741 3393 1920 3456 ἄλλοις

329 3493 510 3556 οἴκοις
539 3491 808 3562 καθῆσθαι
863 3488 924 3554 ἐξ
978 3487 1134 3552 ἔθους
1167 3486 1402 3558 ἔχοντες,
1436 3485 1494 3540 ὲν
1531 3487 1646 3550 τοῖς
1689 3482 1924 3558 παροῦσι

329 3585 442 3654 τῆς
467 3583 835 3654 Θεομήτορος,
869 3579 1024 3650 ὀρθοὶ
1063 3578 1266 3642 πάντες
1295 3575 1646 3650 ἀκροώμεθα,
1672 3566 1742 3632 'x.
1781 3593 1835 3630 τ.
1869 3575 1921 3632 λ.

331 3679 539 3734 melius
589 3677 662 3732 ita
695 3681 1044 3732 verterentur
1077 3672 1255 3749 :Quia
1289 3672 1345 3726 in
1373 3671 1495 3726 aliis
1516 3670 1754 3726 omnibus
1777 3669 1924 3727 Oecis

330 3769 630 3824 recitandis
654 3769 710 3822 in
736 3783 880 3822 more
907 3765 1178 3832 habemus,
1223 3773 1281 3819 ut
1311 3765 1627 3826 sedeamus;
1675 3763 1732 3817 in
1787 3762 1926 3816 hisce

333 3869 544 3924 autem,
577 3861 668 3931 qui
685 3860 756 3913 ad
785 3857 1076 3929 Deiparam
1101 3864 1360 3928 spectant,
1394 3864 1595 3911 stantes
1627 3871 1804 3910 omnes
1823 3871 1925 3909 au-

332 3953 652 4017 scultnmus,
679 3959 784 4010 etc.
815 3950 1034 4006 Scilicet
1063 3950 1192 4004 dum
1233 3964 1264 4003 a
1297 3947 1582 4004 sacerdote
1628 3948 1882 4019 leguntur
1907 3965 1925 4016 ;

335 4045 490 4116 quod
519 4051 668 4114 patet
697 4059 760 4098 ex
789 4042 948 4098 titulo
979 4041 1156 4097 eidem
1186 4038 1399 4112 Hymno
1431 4039 1488 4094 in
1517 4039 1739 4094 Triodio
1785 4055 1928 4110 prae-

334 4139 548 4209 posito,
597 4139 645 4190 οί
676 4135 831 4190 αὐτοὶ
851 4135 908 4188 δὲ
944 4129 1084 4188 οῐκοι
1107 4132 1360 4201 λέγονται
1386 4131 1536 4202 ποιρά
1574 4130 1668 4185 τοῦ
1705 4131 1926 4201 ἱερέωςο

339 4229 450 4296 ipsi
473 4236 652 4282 autem
674 4224 796 4281 Oeci
816 4243 849 4280 a
878 4225 1147 4278 sacerdote
1172 4223 1484 4277 recitantur.
1523 4221 1812 4278 Gretserus
1833 4235 1929 4276 vo-

339 4333 470 4374 cem
499 4317 669 4380 οἴκοις
695 4316 932 4371 reddidit
952 4315 1170 4381 tedibus,
1197 4313 1406 4369 scilicet
1429 4313 1631 4382 templis
1655 4311 1887 4384 Virginis
1913 4329 1928 4380 ;

341 4425 450 4481 ego
477 4425 608 4465 vero
637 4408 704 4463 de
725 4407 916 4470 οῑκοις,
943 4407 1116 4472 Oscis,
1149 4406 1350 4476 quibus
1377 4414 1630 4460 constare
1660 4403 1930 4475 Hymnum

341 4496 691 4554 Acatbistum
717 4496 832 4568 jam
875 4503 1036 4550 antea
1073 4494 1418 4550 observatum
1440 4502 1542 4558 est,
1572 4493 1661 4548 hic
1707 4494 1789 4566 agi
1823 4509 1930 4548 non

2022 3317 2149 3366 nus,
2179 3309 2239 3356 ut
2285 3317 2396 3357 uno
2434 3301 2711 3357 volumine
2734 3301 3130 3372 comprehensa
3159 3301 3462 3359 habeantur
3485 3315 3606 3356 om-

2023 3392 2134 3457 nia,
2183 3407 2308 3462 quae
2369 3393 2437 3448 ad
2482 3393 2707 3450 bellum”
2725 3391 3020 3448 Abaricum
3066 3393 3450 3448 illustrandum
3505 3392 3608 3447 ali-

2023 3483 2154 3553 quid
2203 3483 2455 3538 conl‘erre
2516 3493 2771 3554 possunt,
2823 3483 3088 3554 superiori
3142 3484 3383 3540 historiae
3441 3500 3472 3540 e
3511 3485 3608 3556 Sy-

2025 3575 2249 3632 naxario
2299 3577 2636 3648 depromptae
2685 3577 3037 3647 prolixiorem
3085 3577 3333 3646 alteram,
3365 3593 3526 3649 quam
3552 3579 3610 3634 in

2026 3669 2363 3725 Bibliotheca
2412 3668 2670 3725 Bavarica
2701 3675 2918 3726 exstare
2969 3678 3204 3726 testatus
3240 3679 3328 3725 est
3385 3670 3612 3726 Gretse-

2026 3776 2143 3827 rus,
2203 3769 2257 3816 et
2298 3759 2492 3816 Franc.
2554 3758 2915 3817 Combeﬁsius
2967 3776 2998 3815 e
3061 3761 3196 3818 Cod.
3263 3761 3614 3819 Bibliotheca

2028 3851 2211 3925 Regia:
2236 3852 2509 3936 evulgayit
2529 3851 2582 3906 in
2606 3851 2746 3906 Hist.
2775 3853 3055 3907 Monothet.
3092 3868 3216 3925 pag.
3245 3853 3371 3921 805,
3406 3854 3493 3908 hic
3513 3855 3612 3910 ad-

2024 3943 2195 4013 jicere
2222 3943 2516 4010 voluimus,
2547 3951 2608 3999 ut
2636 3950 2694 3999 et
2721 3943 2776 3998 in
2805 3953 3060 4016 promptu
3090 3945 3295 4001 habeas
3351 3946 3613 4018 quidquid

2029 4051 2203 4106 usque
2233 4036 2300 4092 ad
2344 4044 2670 4106 praesentem
2701 4035 2842 4090 diem
2871 4035 2927 4090 in
2953 4037 3053 4092 hac
3085 4054 3142 4094 re
3170 4046 3505 4108 protractum
3529 4050 3617 4095 est

2031 4129 2088 4184 in
2120 4129 2318 4196 lucem,
2350 4138 2404 4184 et
2437 4144 2618 4185 rerum
2665 4128 3079 4185 CPolitanarum
3130 4132 3381 4188 collectio
3427 4143 3616 4188 nostra

2032 4237 2163 4276 cura
2191 4220 2285 4276 ﬁat
2317 4221 2637 4292 locupletior
2665 4229 2722 4278 et
2765 4222 3082 4279 absolutior.
3119 4223 3297 4280 Facile
3331 4240 3464 4280 vero
3486 4239 3616 4280 sen-

2037 4313 2137 4368 ties
2180 4313 2516 4384 praemissam
2575 4315 2943 4371 narrationem
3005 4331 3126 4372 esse
3157 4318 3436 4388 sequentis
3465 4333 3618 4376 com-

2033 4406 2342 4476 pendium:
2404 4414 2690 4477 utramque
2731 4417 2912 4463 autem
2971 4425 3094 4464 cum
3148 4407 3342 4466 Pisidae
3368 4421 3620 4481 poemate

2036 4507 2145 4552 tam
2185 4495 2324 4552 bene
2357 4499 2692 4566 consentire,
2725 4508 2784 4553 ut
2813 4517 2878 4556 ex
2907 4517 2972 4556 eo
3001 4501 3248 4558 conﬂata:
3283 4503 3591 4558 videantur.

344 4629 641 4716 Διήγησις
691 4628 1121 4717 ὠφίλνιμοςψέκ
1168 4626 1441 4717 gradata};
1491 4621 1758 4717 ἱστορίας
1779 4623 2210 4717 “quidsi-citra,
2259 4633 2361 4717 Ξιαὶ
2416 4633 2772 4717 arcipiratam
2819 4634 3094 4717 δηνζοῦσα
3125 4636 3230 4691 τοῦ
3251 4637 3624 4717 ..παραδόξως

493 4697 753 4786 resinat}
783 4697 1607 4786 ,“ﬁ”??°€2ﬁ””i‘f?i£?%
1643 4699 1740 4786 κιει
1758 4697 2062 4786 ἒάξξοεροι
2099 4699 2214 4786 si?
2239 4697 2788 4786 samwa'rezm-
2817 4697 3002 4786 διέλυε
3025 4697 3539 4786 σξεριενιύκυρῐυσοενί
3569 4697 3627 4767 οἱ

425 4767 492 4824 δὲ
519 4767 836 4823 ἀπώλοντο
865 4767 1030 4834 θείας
1059 4768 1234 4835 δίκης
1258 4769 1664 4836 πειραθέντες
1685 4769 1724 4835 ἠ
1747 4767 1818 4822 δὲ
1855 4769 1936 4821 πό

425 4840 678 4906 ἐτησιως
719 4839 790 4892 ἐκ
819 4839 951 4892 τότε
996 4837 1126 4906 ᾅδει
1175 4837 1656 4908 adlapsae-pipiant.
1700 4836 1936 4893 ἀκάθισε

2020 4789 2032 4833 τ
2079 4767 2302 4838 ἀσινὴξ-
2328 4767 2779 4842 συντηρηθεῖοία
2807 4767 3152 4844 πρεσϐείαις
3169 4775 3276 4845 τῆς
3305 4767 3624 4847 Θεοτόκου,

2020 4856 2032 4870 ·
2069 4839 2184 4908 τὴν
2218 4840 2447 4912 ἡμέραν
2474 4843 2976 4912 κατονομάζουσα.
3711 4846 3718 4852 ’

355 4952 515 5008 Utilis
547 4953 790 5028 narratio
817 4968 844 5007 e
879 4953 1040 5028 v_eter_i
1091 4952 1306 5028 collecta
1348 4953 1569 5028 historia
1621 4968 1809 5028 uorum
1843 4953 2159 5028 miraculum
2210 4955 2266 5028 in
2317 4955 2623 5028 memoriam
2671 4975 2938 5026 revocans,
2977 4977 3041 5014 ac
3069 4963 3368 5028 declarans,
3429 4967 3631 5020 editum

428 5039 548 5103 cum
575 5023 771 5103 Persae,
801 5037 867 5075 ac
893 5021 1126 5103 B_arbari
1155 5024 1336 5103 urbem
1364 5024 1501 5103 hanc
1529 5023 2120 5103 regiam_ob_sedissent;
2169 5027 2268 5103 _qui_
2290 5033 2338 5078 et
2364 5027 2652 5103 perierunt,
2680 5029 2858 5103 diuino
2908 5021 3188 5088 ulciscente
3239 5021 3476 5103 numine;
3502 5041 3632 5091 urbe

431 5093 665 5174 interim,
701 5109 862 5174 quam
905 5092 1024 5174 Dei.
1047 5093 1278 5174 genitria:
1314 5094 1424 5174 suis
1481 5092 1936 5174 intercessionibus
1975 5092 2202 5174 seruauit
2238 5092 2774 5174 lineo-{nmem,__aotis
2828 5103 3021 5157 annuis
3061 5105 3358 5174 gratiarum
3409 5092 3635 5164 actionis

433 5163 644 5216 cantica
673 5163 860 5216 exinde
880 5161 1190 5228 exsolvente,
1232 5163 1288 5216 in
1318 5164 1462 5217 dicta
1509 5164 1587 5216 rei
1627 5163 1784 5232 hujus
1805 5164 1890 5218 die
1917 5165 2308 5230 anniversaria,
2339 5167 2437 5238 τῆς
2463 5168 2762 5222 ἀκαθίστου
2799 5173 3028 5230 nomine.

445 5279 534 5333 Ἐν
560 5257 692 5344 Ἴτοῖς
735 5278 949 5352 χρόνοις
991 5279 1314 5351 Ἡρακλείου
1357 5280 1453 5341 τοῦ
1505 5281 1615 5335 τῶν
1651 5281 1936 5352 Ῥωμαίων

2117 5283 2549 5344 Administrante
2581 5287 2830 5345 Heraclio
2855 5282 2970 5346 rem
3006 5291 3326 5360 Romanam,
3361 5294 3632 5352 Cbosroes

361 5367 654 5442 βασιλέως,
710 5369 959 5440 Χοσρόης
1016 5371 1046 5424 ὁ
1095 5369 1206 5424 τῶν
1267 5371 1495 5440 Περσῶν
1559 5371 1735 5444 ἀρχὴν
1780 5371 1940 5444 ἔχων,

359 5459 650 5514 ἀπέστειλε
708 5460 990 5534 Σάρὸαρον
1019 5460 1186 5515 αὐτοῦ
1237 5463 1542 5534 στρατηγὸν
1586 5464 1728 5534 μετά
1783 5464 1946 5519 δυνά·

367 5566 519 5622 μεως
581 5551 827 5629 βαρείας,
879 5554 1063 5607 πᾶσαν
1119 5554 1218 5624 τὴν
1261 5554 1368 5608 ὑπὸ
1423 5554 1720 5626 Ῥωμαίοις
1773 5557 1948 5612 Ἐώαν

369 5640 762 5712 καταδραμεῖν,
789 5643 947 5714 δίκην
984 5644 1232 5715 σκηπτοῦ
1262 5661 1408 5710 τινος
1441 5647 1808 5719 ἐμπιπρῶντα
1853 5650 1948 5702 καὶ

368 5733 742 5787 κατακαίοντα
789 5737 882 5790 καὶ
926 5736 1264 5805 ἀφανίζοντα
1282 5755 1296 5768 ·
1344 5733 1500 5802 οὗτος
1551 5741 1693 5796 κατά
1746 5741 1950 5814 πολλὴν

369 5819 558 5876 ἄδειαν
609 5824 706 5896 τὴν
743 5823 919 5880 Ἐὠαν
973 5827 1272 5898 λεηλατῶν,
1329 5829 1423 5884 καὶ
1478 5829 1782 5903 ὀλοθρεύων
1823 5834 1950 5899 τοὺς

601 5917 872 5982 ΡΑτιοι..
919 5921 1033 5982 Gn.
1069 5921 1248 5986 XCII.

2049 5374 2338 5432 Persarum
2370 5393 2462 5433 rex
2511 5378 2808 5437 Sarbarum
2860 5384 3010 5440 misit
3041 5401 3166 5442 cum
3227 5389 3411 5444 multis
3458 5391 3633 5461 copiis

2051 5484 2211 5526 suum
2251 5471 2468 5537 ducem,
2514 5473 2607 5542 qui
2657 5473 2964 5533 Orientales
3016 5493 3208 5536 omnes
3252 5479 3482 5536 Romani
3529 5483 3633 5536 im-

2051 5565 2187 5634 perii
2221 5565 2528 5636 provincias
2560 5580 2896 5636 excurreret,
2931 5572 3076 5628 haud
3129 5573 3290 5629 aliter
3339 5589 3404 5630 ac
3455 5575 3636 5650 fulgur

2051 5657 2324 5724 quoddam
2409 5659 2589 5716 omnia
2655 5659 3063 5728 incendentem,
3122 5665 3520 5732 absumentem,
3573 5685 3637 5724 ac

2052 5747 2590 5806 destruentem..llic
2635 5767 2826 5808 secure
2876 5756 3186 5811 'admodum
3237 5767 3402 5830 atque
3466 5760 3640 5816 libere

2053 5837 2330 5896 Orientem
2380 5843 2761 5914 depopulatus,
2810 5862 2874 5904 ac
2931 5849 3108 5904 obviis
3173 5851 3479 5924 quibusque
3529 5855 3638 5912 [tuo

3282 5947 3354 6009 43
