4048 6416
413 370 563 438 Tit-3

1721 353 2042 417 GEORGII
2095 353 2372 418 PISIDE

3570 362 3721 427 1360

422 489 623 543 menta,
671 490 973 546 eorumque
1022 471 1302 538 virtutem,
1352 482 1416 527 ac
1453 461 1705 539 peritiam
1752 467 2003 522 bellicam

2111 465 2331 522 Σκυθῶν
2362 468 2695 539 συγχέουσαν
2742 469 3133 544 μηχανήματα,
3189 473 3286 528 καὶ
3316 472 3418 547 τὴν
3462 472 3717 547 δύναμιν

421 573 733 626 deludentc.

494 793 588 846 llis
618 792 691 846 ita
720 792 1073 855 habentibus,
1116 790 1393 846 communi
1442 788 1786 858 patriarchae,
1828 801 2006 857 popu-

420 879 566 950 lique
615 880 865 947 consilio,
914 880 1263 938 destinantur
1322 879 1542 949 quidam
1592 892 1658 932 ex
1699 877 1836 931 urbe
1881 890 2006 931 cum

421 972 761 1038 muneribus,
807 972 900 1041 qui
944 980 1000 1026 et
1031 971 1254 1041 paciﬁce
1308 970 1536 1041 Scythas
1573 969 2004 1038 alloquerentur,

416 1076 623 1131 eosque
650 1063 718 1117 ad
750 1062 900 1132 pacis
927 1062 1131 1116 fmdera
1163 1069 1546 1131 provocarent.
1579 1060 1873 1115 Enimvero
1894 1074 2006 1114 non

419 1160 531 1206 tam
561 1153 726 1207 homo
758 1153 847 1208 ille
868 1168 1032 1223 quam
1056 1153 1257 1216 bellua,
1292 1140 1492 1208 nedum
1514 1154 1664 1222 pacis
1690 1151 1780 1205 illa
1800 1151 2008 1207 monita

418 1256 530 1297 non
579 1244 839 1313 suscepit,
896 1258 1085 1298 verum
1137 1242 1304 1298 etiam
1367 1244 1609 1313 acceptis
1661 1242 2003 1309 muneribus,

417 1350 539 1405 quae
571 1335 974 1400 inferebantur,
1022 1350 1083 1390 re
1124 1336 1331 1391 infecta
1374 1335 1582 1407 legatos
1621 1334 1856 1398 remisit,
1888 1333 2007 1389 haec

419 1426 488 1480 ad
517 1441 613 1480 eos
650 1435 862 1480 tantum
887 1425 1151 1496 adjiciens
1193 1443 1206 1480 :
1243 1443 1262 1476 ι
1291 1425 1374 1481 Ne
1399 1424 1751 1495 decipiamini
1783 1424 1842 1478 in
1871 1424 2004 1491 Deo,

419 1519 508 1573 cui
550 1519 809 1585 creditis,
866 1534 1094 1588 prorsus
1139 1519 1287 1574 enim
1329 1518 1386 1572 in
1418 1517 1720 1593 crastinum
1765 1524 2007 1572 vestram

417 1610 654 1681 capiam,
691 1625 754 1664 ac
776 1610 1036 1665 desolabo
1051 1610 1352 1667 civitatem.
1370 1608 1621 1676 Quadam
1643 1607 2007 1662 nihilominus

2111 558 2293 613 αὐτῶν
2330 559 2692 630 σφάλλουσαν,
2733 561 2829 615 καὶ
2884 560 2985 634 τήν
3014 559 3316 637 ἐμπειρίαν
3356 565 3459 638 τὴν
3506 568 3565 623 ιν
3606 584 3717 623 που

2107 649 2317 722 λέμοις.

2096 850 2104 857 _
2187 785 2311 840 Ἐπὶ¹
2332 787 2561 857 τούτοις,
2584 793 2735 864 κοινῇ
2762 791 2956 866 γνώμῃ
2977 793 3070 849 τοῦ
3101 796 3464 869 πατριάρχου,
3488 798 3584 853 καὶ
3608 800 3712 854 τοῦ

2105 877 2264 944 λαοῦ,
2301 882 2613 952 πέμπονταί
2640 901 2786 948 τινες
2810 886 2876 939 ὲκ
2904 886 3003 955 τῆς
3028 885 3237 952 πόλεως
3276 889 3419 958 μετὰ
3449 888 3648 962 δώρων
3687 906 3707 922 ⁸

2107 971 2361 1042 εἰρηνικά
2389 989 2451 1026 τε
2499 973 2730 1044 λαλῆσαι
2765 978 2879 1039 τοῖς
2928 975 3186 1043 Σκύθαις,
3233 980 3330 1031 καὶ
3359 979 3494 1049 πρὸς
3543 981 3710 1052 sip!)-

2107 1078 2207 1132 νην
2243 1063 2443 1128 αὐτοὺς
2473 1066 2877 1121 ἐκκαλέσασθαι
2908 1084 2923 1100 ο
2952 1067 3069 1121 ἀλλ’
3096 1070 3126 1123 ό
3173 1070 3280 1141 θὴρ
3315 1070 3517 1139 μᾶλλον
3547 1072 3580 1143 ἢ
3606 1074 3712 1127 ἄν·

2108 1148 2347 1220 θρωπος,
2383 1155 2444 1206 ού
2480 1155 2641 1224 μόνον
2693 1156 2756 1209 οὐ
2801 1156 3018 1227 δέχεται
3066 1158 3168 1228 τὴν
3192 1161 3479 1232 εἰρηνικὴν
3526 1162 3709 1232 πρόσ-

2109 1242 2213 1312 κλη
2225 1259 2329 1310 σιν,
2353 1244 2488 1298 ἀλλά
2513 1246 2608 1299 καὶ
2628 1246 2698 1300 τὰ
2719 1248 3094 1319 ἐπιφερόμενα
3118 1250 3268 1320 δῶρα
3283 1250 3485 1317 λαϐὼν,
3515 1255 3709 1324 ἀπρά-

2107 1348 2269 1396 κτους
2302 1334 2643 1405 ἀποπέμπει,
2708 1336 2868 1391 τοῦτο
2902 1339 3096 1409 ’μόνον
3158 1340 3341 1404 αὐτοῖς
3396 1341 3645 1396 ἐπειπών
3687 1357 3703 1371 ο

2116 1442 2135 1477 ι
2176 1425 2269 1495 Μὴ
2302 1425 2584 1479 ἀπατᾶσθε
2609 1427 2703 1480 ἐπὶ
2751 1429 2830 1501 τῷ
2854 1429 2994 1500 Θεῷ,
3021 1422 3066 1498 ᾧ
3100 1432 3390 1485 πιστεύετε
3424 1449 3442 1464 ο
3478 1434 3706 1499 πάντως

2108 1515 2220 1587 γὰρ
2253 1516 2443 1587 αὒριον
2490 1518 2592 1588 τὴν
2645 1519 2800 1573 πόλιν
2854 1520 3009 1591 ὑμῶν
3041 1520 3309 1593 λήψομαι,
3344 1524 3443 1576 καὶ
3489 1525 3705 1597 ταύτην

2107 1605 2315 1679 ἔρημον
2355 1606 2508 1679 θήσω
2540 1626 2554 1641 υ
2585 1610 2746 1680 χάριν
2769 1611 2828 1665 δὲ
2874 1612 3247 1682 συμπαθείας,
3284 1614 3470 1679 ἀδείας
3501 1615 3705 1688 δίδωμι

417 1701 619 1770 pietate
657 1702 894 1759 liberum
924 1701 1086 1765 facio,
1129 1710 1191 1757 ut
1236 1700 1369 1757 nudi
1399 1710 1662 1757 exeuntes
1702 1716 1812 1770 quo
1838 1699 2006 1755 vultis

2111 1698 2346 1768 γυμνοὺς
2377 1697 2866 1764 ὲξελθόντας,ὂπου
2892 1701 3151 1771 βούλεσθε
3177 1704 3437 1759 ἀπελθεῖν
3462 1721 3475 1734 ·
3506 1707 3566 1760 τὸ
3586 1707 3706 1761 λοι-

416 1792 646 1846 abeatis.
673 1792 946 1847 Caeterum
977 1795 1145 1862 abite,
1175 1793 1316 1849 nihil
1340 1808 1370 1850 a
1394 1808 1485 1849 me
1510 1791 1789 1864 amplioris
1811 1806 2005 1863 exspe-

2111 1786 2230 1854 πδν,
2263 1788 2588 1859 πορεύεσθε,
2625 1791 2812 1866 ἕτερον
2845 1793 3231 1867 φιλάνθρωπον
3255 1798 3387 1870 παρ’
3415 1798 3555 1870 ἐμοῦ
3589 1818 3703 1872 μη-

417 1883 616 1940 ctaturi
643 1884 968 1941 clementiae.
1004 1903 1026 1937 ι
1616 1908 1634 1918 ο

2111 1873 2197 1930 δὲν
2224 1875 2613 1948 ἀναμένοντες.
2663 1899 2684 1934 ι

2176 2010 2367 2067 Ταῦτα
2393 2014 2548 2086 παρά
2569 2015 2679 2069 τῶν
2702 2016 3065 2087 πεμφθέντων
3083 2018 3444 2089 ἀκούσαντες,
3508 2025 3707 2080 στενά-

419 2119 701 2182 gementes
714 2127 794 2166 ex
826 2112 936 2167 imo
954 2121 1198 2182 pectore,
1222 2129 1420 2168 manus
1441 2113 1500 2167 in
1527 2112 1729 2168 coelum
1754 2110 2005 2166 tetende-

2118 2101 2312 2171 ξαντες
2342 2105 2455 2159 ἀπὸ
2486 2107 2661 2179 μέσης
2687 2109 2935 2180 καρδίας,
2966 2111 3046 2173 είς
3078 2112 3342 2182 οὐρανοὺς
3370 2114 3473 2183 τὰς
3508 2119 3705 2187 χεῖρας

358 2224 369 2231 ι
421 2212 572 2270 runt,
592 2203 875 2273 imbreque
902 2204 1280 2276 ‘lacrymarum
1305 2204 1500 2260 oﬂ'usi:
1543 2222 1565 2257 ι
1593 2204 1895 2265 Protector,
1918 2202 2007 2256 in-

2111 2195 2386 2252 ἀνέτειναν
2404 2237 2422 2265 ,
2502 2200 2599 2253 xui.
2651 2200 2883 2272 δάκρυσι
2954 2203 3171 2266 πολλοῖς
3235 2205 3660 2277 ὲπικλυζόμενοι
3684 2247 3702 2274 ,

420 2294 703 2365 quiebant,
736 2295 990 2363 Domine,
1031 2296 1124 2366 qui
1156 2296 1429 2352 universis
1464 2295 1719 2366 superbis
1756 2293 2002 2361 resistis;

2111 2306 2131 2342 ι
2153 2288 2569 2361 Ὑπερασπιστὰ
2601 2330 2619 2357 ,
2646 2291 2851 2363 ἔλεγον,
2897 2294 3094 2366 Κύριε,
3135 2298 3164 2349 ὁ
3188 2298 3323 2350 πᾶσι
3370 2299 3490 2360 τοῖς
3524 2298 3698 2368 ὑπερ-

421 2389 578 2457 cujus
598 2397 684 2443 est
699 2388 1144 2459 incomparabilis
1165 2390 1430 2459 potentia,
1457 2398 1513 2444 et
1532 2389 1834 2444 dominatio
1861 2387 2007 2444 inso-

2111 2381 2336 2453 ηφάνοις
2372 2383 2854 2457 ἀντιτασσόμενος,
2909 2381 2973 2442 οὗ
3003 2388 3065 2442 τδ
3100 2388 3302 2459 κράτος
3351 2389 3683 2457 ἀνείκαστον,

422 2479 603 2534 lubilis
630 2497 643 2533 :
675 2480 803 2535 audi
830 2481 995 2535 verba
1028 2480 1244 2535 barbari
1273 2481 1439 2547 illius,
1470 2495 1593 2550 quae
1619 2479 1767 2535 misit
1796 2478 2005 2549 impro-

2111 2470 2203 2525 καὶ
2251 2471 2287 2543 ἡ
2321 2471 2610 2528 δεσποτεία
2640 2475 2983 2541 ἀκατάλυτος
3007 2491 3026 2510 ο
3058 2476 3290 2531 ἄκουσον
3347 2478 3479 2543 τοὺς
3511 2479 3685 2548 λόγους

2103 2561 2199 2616 τοῦ
2236 2561 2538 2636 βαρϐάρου,
2565 2564 2662 2629 οὓς
2691 2566 3011 2634 ἀπέστειλεν
3037 2568 3313 2632 ὀνειδίζων
3343 2585 3405 2623 σε
3440 2570 3534 2623 τὸν
3563 2570 3695 2624 πάν-

2103 2671 2213 2708 των
2228 2656 2579 2725 δεσπόζοντα,
2619 2660 2713 2711 καὶ
2764 2659 2926 2728 ῥῦσαι
2949 2660 3136 2714 ’πόλιν
3160 2660 3533 2733 κληρονομίας
3581 2678 3698 2729 σου,

2105 2747 2202 2801 καὶ
2230 2747 2383 2813 λαὸν,
2414 2749 2495 2820 σῷ
2528 2749 2868 2823 κεκλημένον
2899 2751 3123 2822 ὀνόματι
3158 2770 3173 2784 ·
3211 2754 3422 2823 μήποτε
3449 2754 3656 2807 εἴπωσι
3685 2769 3699 2782 ·

2104 2839 2233 2895 Ποῦ
2262 2839 2435 2896 ἐστιν
2487 2845 2522 2896 ό
2553 2842 2701 2909 Θεὸς
2755 2841 2994 2910 αὺτῶν;
3033 2862 3053 2897 ι
3108 2844 3272 2898 Ἀλλά
3314 2844 3491 2899 ταῦτα
3522 2846 3625 2916 μὲν
3670 2847 3704 2901 ὁ

416 2933 580 2988 silum
608 2934 679 2989 ad
708 2935 1028 3007 Chaganum
1057 2936 1359 3006 prohibuit,
1378 2952 1542 3007 quem
1574 2935 2001 3002 meditabantur,

2111 2932 2231 2997 λαός
2260 2949 2275 2964 ⁸
2305 2933 2439 2999 Θεὸς
2469 2933 2546 2999 δὲ,
2573 2933 2671 3005 τὴν
2698 2934 2928 3004 Περσῶν
2979 2934 3118 3006 πρὸς
3163 2935 3256 2990 τὸν
3304 2937 3559 3005 Χαγάνον
3586 2936 3707 2992 διά-

417 3024 603 3080 multis
636 3025 826 3081 eorum
855 3029 1011 3083 caasis
1043 3028 1144 3097 (5),
1202 3044 1342 3098 quos
1394 3027 1641 3085 subsidio
1693 3028 2002 3083 mittebant.

2111 3023 2288 3091 δασιν,
2306 3027 2372 3096 ήν
2400 3026 2757 3097 ἐμελέτησαν,
2786 3026 3111 3081 ἀπεκώλυσε
3162 3027 3411 3093 πατάξας
3435 3028 3535 3081 οὐκ
3586 3028 3705 3082 ὀλί-

419 3115 587 3171 Porro
624 3132 734 3172 non
763 3128 1069 3185 cessarunt,
1102 3119 1271 3174 biduo
1303 3128 1421 3176 toto
1451 3119 1545 3175 vel
1576 3117 2001 3183 triduo,'velita-

2111 3133 2261 3186 γους,
2296 3112 2374 3173 ὧν
2422 3119 2555 3191 περὶ
2609 3120 2874 3192 ἀλλήλους
2932 3121 3264 3176 ἀπέστελλον
3299 3137 3314 3153 ·
3351 3121 3447 3175 δύο
3504 3121 3564 3175 δὲ
3603 3123 3707 3175 καὶ

490 2019 588 2075 liis
622 2020 772 2077 cives
793 2021 992 2077 auditis
1015 2021 1084 2076 ah
1112 2021 1199 2089 iis,
1226 2021 1320 2092 qui
1346 2019 1618 2094 legatione
1647 2018 1824 2076 functi
1854 2026 2003 2084 sunt,

420 2583 618 2638 perans
658 2568 754 2623 tibi
783 2568 1031 2623 omnium
1067 2568 1334 2635 Domino,
1378 2578 1435 2624 et
1464 2568 1636 2624 libera
1674 2568 1866 2623 urbem
1892 2568 2004 2622 ha:-

419 2659 665 2715 reditatis
692 2670 816 2726 tuas,
851 2675 916 2716 ac
955 2661 1255 2731 populum,
1295 2661 1388 2731 qui
1418 2676 1449 2715 a
1480 2668 1534 2716 te
1577 2674 1780 2715 nomen
1808 2659 2002 2725 habet;

419 2764 487 2803 ne
516 2750 734 2819 quando
775 2750 985 2819 dicant,
1039 2752 1135 2807 Ubi
1191 2761 1269 2806 est
1311 2751 1455 2806 Deus
1496 2751 1718 2806 eorum?
1755 2768 1774 2802 ι
1828 2753 2006 2821 Atque

418 2841 535 2897 haec
564 2842 785 2912 quidem
821 2843 1076 2914 populus.
1113 2843 1260 2898 Deus
1298 2853 1484 2899 autem
1532 2842 1824 2897 Persarum
1855 2851 2006 2897 tran-

418 3210 681 3276 tionibus,
723 3226 787 3266 ac
835 3226 1137 3282 paucorum
1184 3227 1283 3283 per
1322 3213 1441 3267 loca
1483 3210 1688 3282 prazliis
1731 3223 2002 3281 pugnare.

416 3301 533 3357 Hoc
563 3311 743 3358 autem
790 3304 946 3359 canis
986 3304 1078 3360 ille
1117 3304 1346 3360 consilio
1376 3303 1729 3368 moliebatur,
1763 3308 1826 3356 ut
1860 3312 2009 3357 terra

417 3393 637 3461 quidem
694 3395 977 3451 machinas
1023 3395 1345 3450 admoveret
1375 3394 1665 3451 diruendis
1698 3392 1894 3460 muris,
1943 3407 2009 3449 ac

417 3486 541 3541 urbi
572 3489 949 3559 expugnanda
985 3506 1000 3544 :
1035 3490 1173 3543 mari
1201 3496 1411 3556 autem,
1443 3486 1770 3560 Scytharum
1794 3494 2010 3558 aptaret

416 3580 651 3649 lembos,
685 3597 823 3652 quos
855 3584 1094 3653 habebat
1131 3583 1585 3649 innumerabiles,
1625 3592 1688 3638 ut
1723 3597 1836 3639 uno
1865 3590 2009 3639 tem-

418 3688 573 3743 pore,
609 3688 675 3729 ac
698 3675 891 3735 eadem
917 3676 1086 3743 hora,
1122 3682 1266 3732 terra
1299 3676 1483 3744 simul,
1513 3690 1579 3732 ac
1615 3677 1790 3745 mari,
1824 3691 2007 3750 pugna

420 3765 628 3820 civitati
662 3766 970 3837 ingrueret.
1319 3772 1328 3789 '

489 3986 671 4044 Tanto
723 3989 888 4062 igitur
928 3989 1198 4046 instructo
1236 3989 1363 4047 belli
1401 4000 1688 4063 apparatu,
1727 3991 2009 4061 accipiens

2107 3212 2258 3281 τρεῖς
2308 3209 2505 3282 ἑφεξῆς
2558 3212 2774 3284 ἡμέρας
2829 3214 3247 3286 ἀκροδολισμοῖς
3291 3214 3387 3268 καὶ
3449 3217 3707 3276 τοπικοῖς

2108 3303 2322 3373 ἐφόδοις
2367 3304 2465 3358 τοῦ
2507 3304 2768 3375 πολεμεῖν
2797 3306 2898 3360 οὐκ
2927 3307 3241 3361 ἐπαύσαντο
3271 3321 3286 3338 ⁸
3320 3307 3482 3380 ἔργον
3540 3307 3599 3361 δὲ
3630 3302 3707 3376 ἦν

2110 3396 2176 3450 ὲκ
2209 3396 2442 3468 μελέτης
2491 3396 2916 3469 ἑτοιμαζόμενον
2941 3399 3020 3470 τῷ
3064 3400 3208 3468 κυνὶ,
3257 3400 3401 3453 κατὰ
3429 3401 3531 3471 μὲν
3571 3400 3703 3471 γῆν,

2113 3489 2363 3560 μηχανὰς
2414 3489 2812 3560 τειχομαχικάς
2847 3490 3207 3561 παραστῆσαι
3254 3492 3351 3545 καὶ
3383 3490 3702 3554 ἑλεπόλεις·

2108 3581 2251 3635 κατά
2276 3580 2557 3635 θάλασσαν
2581 3581 2656 3644 δὲ,
2684 3580 2755 3634 τά
2772 3580 2925 3651 παρά
2941 3580 3180 3646 Σκύθαις
3207 3579 3502 3653 ὲξαρτύσαι
3540 3579 3707 3650 μονό-

2110 3671 2243 3737 ξυλα
2272 3673 2414 3745 ὑπὲρ
2443 3673 2679 3745 ἀριθμὸν
2710 3674 3027 3746 ὑπάρχοντα
3059 3691 3074 3708 ·
3101 3674 3250 3728 ὥστε
3283 3674 3405 3728 καθ’
3445 3675 3541 3728 ἕνα
3570 3689 3703 3728 και-

2111 3763 2206 3835 ρὸν
2255 3763 2350 3817 καὶ
2385 3763 2517 3834 μίαν
2566 3764 2802 3837 ἡμέραν,
2856 3764 3125 3836 κροτῆσαι
3159 3764 3302 3820 κατά
3338 3764 3439 3836 τῆς
3491 3762 3705 3830 πόλεως

2111 3856 2371 3929 πόλεμον,
2412 3857 2479 3912 ἐκ
2506 3855 2610 3928 γῆς
2639 3857 2781 3927 ὁμοῦ
2815 3857 2911 3912 καὶ
2939 3856 3234 3929 θαλάττης.

2190 3995 2302 4062 Ἐνξ
2323 3972 2435 4065 ὅσω
2472 3993 2528 4048 δὲ
2560 3992 2653 4047 τὸν
2684 3992 2927 4047 τοιοῦτον
2957 3991 3187 4064 ἐξήρτυε
3221 3990 3480 4060 πόλεμον,
3513 3990 3705 4046 λαϐὼν

421 4081 685 4153 quidquid
712 4083 959 4153 equitum
975 4083 1167 4139 lectius
1195 4092 1335 4150 erat,
1354 4086 1505 4141 venit
1526 4084 1593 4139 ad
1617 4092 1799 4155 partes
1822 4082 2004 4165 Ponti,

2111 4086 2233 4142 ὅσον
2271 4080 2419 4157 εῖχεν
2455 4086 2514 4140 ὲν
2558 4084 2819 4138 ἱππεῦσιν
2860 4084 3168 4150 ὲπίλεκτον,
3199 4084 3260 4138 ὲν
3286 4085 3401 4147 τοῖς
3428 4082 3700 4137 ἀναπλεο-

421 4176 622 4245 quibus
660 4177 1040 4249 navigabatnr,
1089 4194 1258 4251 seque
1305 4181 1486 4251 ipsum
1514 4178 1808 4236 Persarum
1847 4194 2007 4235 exer-

422 4268 554 4322 citui
590 4260 863 4337 ostendit;
909 4272 1108 4342 illeque
1150 4271 1387 4328 vicissim
1413 4272 1606 4328 eadem
1636 4270 1786 4327 fecit.
1818 4270 2006 4325 Dicam

422 4360 619 4416 melius
653 4378 666 4413 :
699 4361 850 4417 Alter
870 4364 1090 4432 quidem
1119 4379 1187 4418 ex
1213 4363 1363 4431 Asia,
1381 4379 1449 4418 ex
1476 4363 1694 4433 Europa
1721 4363 1881 4427 alter,
1907 4377 2005 4418 ve—

2112 4178 2298 4250 μένοις
2355 4176 2450 4230 τοῦ
2516 4177 2719 4230 Πόντου
2778 4176 2972 4244 γέγονε
3015 4174 3254 4247 μέρεσι,
3304 4173 3383 4244 τῷ
3441 4173 3700 4245 Περσικῷ

2110 4270 2326 4343 στρατῷ
2340 4269 2803 4339 ἐπιδεικνύμενος
2822 4269 3069 4330 κάκεῖνος
3089 4268 3145 4320 δὲ
3164 4266 3409 4337 τάδμοια
3431 4266 3695 4337 ἔπραττε·

2112 4364 2317 4436 μᾶλλον
2345 4364 2470 4429 δὲ,ό
2512 4364 2612 4434 μὲν
2665 4361 2726 4427 ἐξ
2765 4361 2979 4429 Ἄσίας,
3024 4360 3053 4413 ὁ
3077 4360 3136 4413 δὲ
3178 4359 3237 4426 ἐξ
3263 4358 3702 4431 Εὐρώπης,καθ-

422 4454 521 4508 luti
554 4453 682 4509 ferae
710 4455 903 4510 bestiae
928 4456 1166 4527 ‘rugiunt
1207 4456 1470 4513 adversus
1499 4456 1799 4523 civitatem,
1828 4470 2005 4526 promo

2112 4455 2256 4525 άπερ
2287 4455 2454 4526 θῆρες
2481 4453 2663 4525 ἄγριοι
2694 4451 2938 4524 ὠρύοντο
2972 4451 3113 4505 κατὰ
3140 4450 3243 4520 τῆς
3275 4451 3506 4514 πόλεως,
3555 4450 3700 4504 ἕτοι-

422 4554 573 4615 ptam
609 4547 714 4602 sibi
754 4547 993 4618 praedam
1026 4550 1317 4619 sperantes
1353 4548 1492 4605 fore.
1525 4546 1728 4603 Verum
1762 4549 1885 4619 quis
1920 4548 2005 4604 lo-

424 4647 624 4706 qnetur
648 4639 745 4693 Dei
771 4650 902 4695 tunc
926 4642 1172 4696 exhibita
1210 4641 1524 4697 mirabilia?
1552 4641 1687 4708 Quis
1719 4657 1850 4697 vero
1878 4640 2004 4696 Vir-

424 4733 566 4804 ginis
608 4734 663 4788 in
713 4750 814 4791 nos
852 4736 1638 4807 impensiorem-ciementiam
1683 4751 1747 4792 ac
1787 4734 2008 4791 miseri-

426 4824 681 4885 cordiam,
701 4828 873 4897 possit
905 4827 1207 4884 enarrare?
1234 4826 1370 4882 Nam
1403 4829 1492 4883 ubi
1524 4828 1818 4900 Chaganus
1854 4828 2009 4884 sinus

423 4916 652 4976 Ceratos
679 4921 957 4987 lintribus,
987 4938 1053 4977 ac
1078 4922 1248 4976 milite
1270 4920 1627 4992 implevisset,
1659 4921 1732 4975 ita
1754 4921 2006 4987 moliens,

429 5019 492 5066 ut
520 5026 618 5081 per
642 5027 736 5068 eos
767 5013 1010 5084 quidem,
1052 5012 1145 5084 qui
1182 5014 1237 5068 in
1278 5021 1424 5068 terra
1456 5012 1793 5084 pugnabant,
1820 5028 2009 5068 muros

431 5101 666 5160 civitatis
705 5105 1000 5178 dejiceret;
1062 5121 1160 5174 per
1197 5119 1292 5160 eos
1335 5113 1519 5160 autem
1564 5103 1657 5175 qui
1702 5104 1757 5159 in
1798 5104 2011 5161 sinibus

424 5190 655 5251 Ceratos
699 5196 947 5251 navalem
984 5210 1221 5266 pugnam
1268 5202 1429 5250 erant
1486 5193 1696 5261 inituri,
1750 5194 1909 5251 facile
1954 5196 2011 5250 in

504 5419 583 5489 (3)
645 5420 828 5475 Multis
860 5437 1041 5494 eorum
1073 5424 1217 5494 cmi:
1248 5439 1410 5494 quos,
1446 5433 1554 5479 etc.
1595 5422 2011 5493 intercipiente,

426 5503 497 5544 ac
524 5502 850 5546 excurrente
883 5491 1129 5545 Romano
1172 5491 1470 5548 fortissimo
1507 5494 1699 5557 milite,
1720 5502 1781 5548 ut
1806 5491 1880 5547 ex
1908 5493 2014 5547 Ζο-

433 5575 565 5633 nara
595 5561 772 5632 colligi
817 5572 1015 5631 potest.
1050 5562 1223 5616 Etiam
1265 5563 1322 5617 S.
1352 5562 1692 5633 Nicephorus
1722 5565 2015 5617 maximam

435 5626 753 5684 Sclavorum
781 5626 1016 5702 stragem
1038 5632 1235 5686 factam
1265 5643 1469 5699 narrat,
1487 5626 1587 5687 "ubi
1612 5633 1853 5690 hostium
1877 5641 2017 5695 stra-

435 5709 647 5778 tagema
676 5701 1195 5778 detectumi‘uisset,
1245 5703 1574 5778 immittente
1605 5703 1756 5778 Bono
1782 5702 2017 5772 patricio

433 5768 799 5834 in'im-autos,
840 5788 903 5826 ac
934 5768 1081 5826 velut
1115 5773 1229 5826 suis
1282 5773 1527 5827 subsidio
1568 5768 1856 5829 venientes
1881 5810 1897 5836 ,
1958 5780 2020 5826 ut

434 5850 551 5893 erat
578 5849 904 5897 conventum
936 5843 1003 5899 ad
1037 5842 1252 5912 signum
1290 5842 1490 5898 sublati
1523 5843 1662 5915 ignis
1691 5858 1722 5898 e
1754 5841 2014 5898 Blacher-

2110 5434 2307 5477 narum
2341 5418 2683 5482 munitione,
2740 5414 2923 5471 medio
2957 5413 3078 5483 ipso
3113 5412 3311 5467 itinere
3352 5425 3419 5483 es

2117 4566 2217 4620 μον
2240 4547 2445 4619 ταύτην
2469 4545 2615 4618 ἔχειν
2649 4543 2960 4615 νομίζοντες
3004 4544 3233 4616 θήραμα
3267 4558 3283 4574 ο
3315 4542 3452 4597 ἀλλὰ
3480 4542 3567 4606 τίς
3600 4542 3697 4595 λα-

2112 4640 2267 4712 λήσει
2302 4638 2400 4692 τοῦ
2433 4637 2570 4691 Θεοῦ
2598 4636 2668 4690 τά
2708 4635 2830 4689 τότε
2853 4635 3137 4705 θαυμάσια
3166 4652 3182 4700 ;
3210 4634 3292 4698 τίς
3319 4632 3376 4686 δὲ
3410 4632 3511 4702 τῆς
3553 4634 3699 4701 Παρ-

2110 4731 2275 4786 θένου
2317 4732 2418 4802 τὴν
2448 4731 2541 4794 είς·
2576 4729 2725 4800 ήμᾶς
2757 4725 3166 4798 εύσπλαγχνίαν
3192 4725 3560 4797 διηγήσασθαι
3612 4722 3697 4788 ἑξ-

2118 4822 2333 4895 ισχύσει
2356 4838 2372 4888 ;
2411 4821 2500 4885 Ὦς
2525 4819 2635 4892 γὰρ
2662 4822 2692 4874 ὁ
2716 4818 2968 4888 Χαγάνος
2989 4819 3123 4882 τοὺς
3145 4819 3240 4871 τοῦ
3277 4817 3525 4887 Κέρατος
3571 4814 3693 4868 κόλ-

2116 4933 2254 4979 πους
2283 4912 2571 4984 ἐπλήρωσε
2606 4909 2934 4983 μονοξύλων,
2963 4911 3059 4965 καὶ
3090 4913 3202 4975 τοῖς
3231 4909 3425 4963 ἑαυτοῦ
3452 4908 3697 4968 ὁπλίταις

2113 5007 2395 5078 Ξπειρᾶτο,
2417 5004 2508 5058 διὰ
2531 5004 2629 5075 μὲν
2645 5001 2756 5057 τῶν
2786 5002 3167 5073 πολεμούντων
3193 5003 3276 5064 είς
3300 5000 3428 5071 γῆν,
3455 4999 3525 5051 τὰ
3541 4998 3696 5068 τείχη

2116 5098 2451 5154 καταϐαλεῖν
2503 5097 2605 5168 τῆς
2635 5095 2855 5159 πόλεως
2883 5111 2899 5127 ·
2925 5095 3014 5149 διὰ
3039 5094 3096 5149 δὲ
3128 5092 3238 5148 τῶν
3270 5091 3698 5164 ναυμαχούντων

2114 5192 2176 5246 ὲν
2201 5192 2314 5254 τοῖς
2334 5188 2559 5252 κόλποις
2577 5186 2673 5241 τοῦ
2702 5186 2971 5259 Κέρατος,
3003 5183 3206 5256 εὐχερῆ
3243 5184 3343 5254 τήν
3368 5183 3493 5238 κατ’
3525 5179 3700 5249 αὐτῆς

3425 5407 3703 5479 peditissi—

2113 5507 2258 5545 mam
2286 5490 2587 5544 Romanam
2605 5479 2833 5543 classem
2861 5502 2874 5538 :
2902 5479 3064 5553 quam
3098 5480 3575 5557 hostiiim__cla(_lem
3589 5479 3701 5557 ista

2115 5560 2258 5617 forte
2297 5558 2578 5623 indicent;
2629 5549 2934 5629 postquam
2962 5562 3149 5607 secuta
3196 5552 3266 5606 sit
3457 5549 3699 5629 hostium

2114 5629 2347 5700 irruptio
2378 5628 2445 5700 ad
2485 5617 2672 5683 muros
2712 5617 2804 5700 hic
2830 5631 3068 5700 narrata,
3110 5636 3278 5700 quam
3311 5617 3543 5700 Romani
3595 5618 3702 5695 im-

2116 5692 2305 5755 mensa
2337 5698 2485 5754 caede
2511 5712 2701 5752 eorum
2726 5692 3061 5764 depulerint.
3092 5693 3442 5768 depugnante
3482 5692 3704 5768 pro‘eis

2117 5754 2254 5824 mari
2289 5769 2528 5829 interim.
2559 5754 3268 5832 immissa-tempestatem
3284 5754 3527 5815 hostium
3558 5754 3704 5810 clas-

2123 5855 2260 5906 sem,
2308 5837 2538 5908 Deipara
2583 5835 2820 5909 Virgine.
