4048 6466
505 403 645 470 1361

1361 407 1682 469 HYMNUS
1721 407 2212 470 ACA'THISTUS.
2235 433 2305 446 -
2333 405 2650 480 QUERCII
2689 404 2926 469 NOTAE.

3645 403 3780 467 13:39.

505 517 655 588 ἐχειν
685 514 962 570 ἐπίϐασιν·
1001 516 1267 571 πάντοθεν
1313 517 1480 572 αὑτοῦ
1507 519 1536 572 ό
1560 517 1694 582 Θεὸς
1712 519 1806 574 καὶ
1827 519 2096 574 Δέσποινα

2206 523 2390 576 urbem
2450 520 2766 582 invaderet,
2825 519 2985 588 eique
3033 518 3360 590 applicaret,
3414 515 3779 589 undequaque

511 606 813 678 Παρθένος,
875 607 1198 679 ἀπράκτους
1237 608 1332 662 καὶ
1392 609 1557 674 κενὰς
1599 611 1700 671 τὰς
1742 610 1964 674 ἐλπίδας
1993 611 2100 664 ἀπ-

512 697 726 764 εδειξαν
753 713 770 730 °
803 697 1060 753 τοσοῦτον
1112 697 1224 768 γὰρ
1267 699 1472 769 πλῆθος
1502 701 1626 754 καθ’
1659 701 1892 754 ἕκαστον
1935 700 2099 772 μέρος

507 793 608 845 τοῦ
638 792 851 863 τείχους
887 791 948 846 τὸ
972 791 1284 863 Ῥωμαϊκὸν
1308 793 1646 864 στράτευμα,
1681 792 1792 848 τῶν
1817 793 2098 862 πολεμίων

507 881 745 949 ἀνεῖλεν,
772 882 850 947 ὡς
902 882 1104 954 μηκέτι
1132 884 1259 948 τοὺς
1305 883 1518 948 ζῶντας
1543 922 1560 948 ,
1613 883 1874 938 δύνασθαι
1933 901 2100 938 καταο

505 973 689 1028 καίειν
717 974 848 1039 τοὺς
879 975 1214 1046 θνήσκοντας
1247 991 1264 1008 ο
1305 975 1400 1030 καὶ
1447 974 1608 1028 τοῦτο
1645 975 1746 1046 μὲν
1783 974 1978 1044 γέγονε
2011 973 2098 1028 διὰ

503 1067 620 1121 τῶν
653 1067 762 1120 ἀπὺ
789 1067 898 1138 γῆς
925 1067 1307 1138 πολεμούντων
1330 1084 1346 1099 ο
1375 1067 1485 1122 τῶν
1503 1067 1561 1121 δὲ
1589 1067 1698 1121 ἀπὸ
1711 1067 1810 1138 τῆς
1821 1065 2099 1138 θαλάσσης

513 1157 852 1228 προσιόντων
900 1158 1199 1231 πολεμίων,
1255 1157 1532 1230 αῦτανδρα
1569 1159 1640 1213 τὰ
1664 1157 1933 1230 μονόξυλα
1991 1157 2098 1229 πρὸ

513 1250 610 1305 τοῦ
645 1253 703 1305 έν
729 1250 1064 1322 Βλαχέρναις
1111 1251 1256 1305 θείου
1286 1251 1416 1306 ναοῦ
1445 1252 1480 1322 ἠ
1532 1249 1798 1314 Θεοτόκος
1865 1250 1958 1304 καὶ
2001 1249 2100 1304 Δέ-

513 1359 712 1398 σποινα
742 1343 1016 1410 ἑϐύθισεν,
1057 1343 1271 1416 ἀθρόως
1299 1343 1535 1408 ἐξαίσιον
1561 1341 1656 1397 καὶ
1691 1343 1865 1414 βίαιον
1908 1360 2100 1398 καται-

509 1435 640 1506 γίδα
673 1438 809 1491 κατ’
837 1435 1020 1490 αὐτῶν
1051 1436 1316 1508 ἐγείρασα
1352 1435 1685 1508 πνεύματος.

587 1611 684 1676 Ὧς
708 1612 819 1686 γὰρ
851 1614 1084 1687 πλησίον
1116 1617 1366 1686 ἐγένοντο
1393 1615 1488 1671 τοῦ
1518 1615 1666 1671 θείου
1687 1615 1893 1690 ταύτης
1923 1619 2096 1687 οῐκου,

509 1705 724 1776 σφόδρα
769 1705 1106 1781 ὑψωθετσαή
1141 1708 1386 1765 θάλασσα
1411 1749 1426 1775 ,
1459 1711 1555 1764 καὶ
1598 1710 1943 1783 διαιρεθεῖσα
1971 1712 2102 1784 θείῳ

2201 609 2364 675 Deus,
2397 625 2462 664 ac
2485 609 2716 680 Deipara
2753 609 2910 680 Virgo
2941 608 3176 664 infectas
3209 609 3329 679 ejus
3358 623 3422 663 ac
3461 623 3660 664 vacuas
3680 624 3770 664 ex-

2201 701 2570 772 spectationes
2605 699 2875 756 fecerunt.
2917 698 3144 754 Tantam
3185 700 3332 754 enim
3377 699 3781 754 multitudinem

2203 793 2437 849 hostium
2471 793 2540 849 ab
2571 802 2800 863 utraque
2842 793 2983 847 muri
3019 799 3174 862 parte
3203 790 3478 846 interfecit
3505 789 3781 845 Romanus

2199 887 2378 950 miles,
2409 894 2470 943 ut
2494 887 2587 959 qui
2621 884 3146 956 erantsuperstites,
3188 883 3415 938 minime
3435 883 3546 952 jam
3582 882 3782 937 defun-

2201 987 2413 1034 ctorum
2463 977 2823 1035 cadaveribus
2863 976 3282 1032 concremandis
3337 974 3670 1030 sufficerent.
3716 975 3785 1030 Et

2200 1071 2308 1126 hoc
2335 1071 2557 1143 quidem
2600 1087 2791 1127 eorum
2833 1069 3080 1135 facinus,
3123 1069 3216 1140 qui
3261 1076 3403 1123 terra
3445 1067 3782 1138 pugnabant.

2200 1163 2309 1218 Eos
2351 1172 2532 1218 autem
2577 1162 2840 1228 hostium,
2893 1161 2985 1232 qui
3038 1161 3174 1216 mari
3219 1159 3632 1222 adoriebantur,
3675 1173 3784 1213 una

2201 1249 2326 1309 c'um
2354 1253 2611 1309 lintribus
2633 1269 2663 1308 e
2691 1252 2915 1324 regione
2939 1250 3113 1306 divini
3137 1249 3566 1304 Blachernarum
3596 1247 3785 1317 templi

2201 1344 2432 1414 Deipara
2456 1343 2624 1417 Virgo
2651 1359 2716 1400 ac
2741 1343 2969 1398 Domina
3025 1340 3340 1408 submersit,
3374 1341 3669 1395 immanem
3692 1354 3790 1394 su-

2199 1436 2336 1502 bito,
2372 1451 2437 1491 ac
2459 1437 2754 1492 violentam
2781 1435 2838 1490 in
2872 1449 2969 1491 eos
2991 1433 3420 1491 vehementioris
3445 1431 3607 1488 ﬂatus
3637 1429 3788 1487 exci-

2203 1537 2325 1582 tans
2347 1535 2750 1598 tempestatem.

2272 1617 2410 1672 Cum
2447 1617 2594 1673 enim
2641 1617 2930 1690 propiores
2965 1616 3098 1672 huic
3139 1614 3338 1672 divinae
3367 1613 3471 1670 αεάί
3503 1611 3776 1667 accessis-

2203 1717 2346 1776 sent,
2372 1710 2544 1766 multo
2573 1719 2785 1766 tumore
2810 1709 3014 1765 elatum
3029 1723 3204 1774 mare,
3222 1706 3462 1776 ﬂatuque
3481 1721 3513 1760 a
3545 1704 3656 1760 Deo
3681 1704 3790 1758 im-

507 1793 792 1866 πνεύματι
833 1797 917 1861 είς
947 1798 1246 1870 διαιρέσεις
1267 1841 1283 1865 ,
1317 1800 1497 1854 πάντα
1539 1799 1710 1872 ἄρδην
1739 1802 2099 1856 κατεπόντισε

2206 1800 2372 1858 misso
2404 1801 2638 1857 divisum
2664 1801 2720 1856 in
2757 1800 3080 1866 divisiones,
3117 1815 3312 1854 omnes
3370 1796 3623 1858 funditus
3661 1810 3799 1850 cum.
3876 1870 3888 1879 _

505 1889 612 1941 καὶ
639 1890 935 1946 κατέδυσεν
968 1892 1085 1964 ἅμα
1115 1895 1302 1958 αὐτοῖς
1337 1894 1672 1966 μονοξύλοις.
1729 1897 1840 1950 Καὶ
1869 1891 1938 1968 ἦν
1971 1898 2102 1952 ίδεῖν

501 1981 816 2049 τηνικαῦτα
851 1985 1110 2056 μέγιστον
1156 1987 1252 2040 καὶ
1297 1987 1575 2058 ἄφραστον
1629 1987 1955 2060 τεράστιον·
2008 1989 2100 2044 ἴσα

503 2075 610 2128 καὶ
652 2075 806 2147 δρεσι
840 2078 1064 2149 κύματα
1099 2079 1380 2144 ποιοῦσαν,
1415 2081 1512 2134 καὶ
1545 2079 1744 2152 τρόπον
1771 2082 1967 2152 ἀγρίου
1999 2082 2100 2154 θη-

505 2163 610 2234 ρὸς
641 2163 1070 2240 ὲξογκουμένην,
1099 2169 1195 2224 καὶ
1227 2169 1584 2242 μαινομένην,
1615 2171 1710 2222 καὶ
1739 2171 1852 2234 τοῖς
1879 2171 2102 2242 ἐχθροῖς

500 2255 610 2326 τῆς
635 2255 984 2332 Θεομήτορος
1002 2261 1297 2332 ἀποτόμως
1327 2262 1708 2334 ἐπιπηδῶσαν,
1730 2262 1824 2316 καὶ
1853 2263 2100 2336 ἀνηλεῶς

503 2350 912 2408 κατεσθίουσαν
930 2369 947 2386 ο
979 2351 1171 2426 ῶσπερ
1200 2354 1330 2408 ποτὲ
1359 2353 1606 2418 καὶτοὺς
1630 2355 1966 2423 Αἰγυπτίους
2003 2373 2102 2410 πε-

504 2446 736 2514 ποίηκε,
781 2445 1222 2510 καταδιώκοντας
1265 2448 1359 2500 τὸν
1405 2447 1575 2502 πάλαι
1617 2448 1871 2520 Ἰσραὴλ,
1908 2451 2100 2522 τρόπῳ

504 2537 686 2609 καινῷ
720 2534 1024 2603 πεζεύοντα
1059 2537 1128 2592 δι’
1158 2538 1364 2609 αὐτῆς·
1401 2539 1544 2592 οὕτω
1587 2541 1620 2612 ἡ
1672 2541 2099 2612 προπολεμοῦσα

503 2629 615 2700 τῆς
641 2629 779 2694 ἰδίας
807 2630 1019 2695 πόλεως
1047 2632 1078 2702 ή
1109 2630 1370 2696 Θεοτόκος
1415 2631 1511 2686 καὶ
1557 2633 1973 2704 προασπίζουσα
1994 2673 2008 2698 ,
2037 2636 2102 2689 τὸ

511 2719 816 2791 παράδοξον
845 2722 1144 2792 ἀναιμακτὶ
1172 2721 1434 2792 τρόπαιον
1465 2721 1661 2793 ἔστησε
1696 2724 1884 2796 τρόπῳ
1920 2725 2098 2780 τοιού-

509 2829 594 2883 τῳ
638 2815 732 2868 καὶ
766 2815 1196 2885 στρατηγήματι
1218 2853 1234 2879 ,
1273 2814 1401 2878 τοὺς
1441 2815 1541 2886 μὲν
1573 2815 1715 2870 κατά
1753 2816 1854 2887 τῆς
1889 2817 2102 2881 οἰκείας

507 2903 882 2977 κληρονομίας
923 2905 1160 2976 πόλεμον
1185 2906 1501 2977 ἀκήρυκτον
1531 2908 1974 2978 καταγαγόντας,
2004 2909 2100 2963 καὶ

506 2993 653 3048 ὅπλα
685 2994 775 3049 ἐπ’
801 2995 974 3068 αὐτὴν
1006 2997 1270 3068 ἄραντας,
1299 2997 1472 3068 ἄρδην
1501 2998 1854 3065 ποντώσασα,
1883 2999 1980 3054 καὶ
2006 2999 2101 3072 ἐρ·-

507 3084 630 3153 γων
669 3083 976 3140 θαλαττίων
1027 3085 1319 3158 ῥευμάτων
1351 3087 1714 3159 ἀποφήνασα·
1761 3088 1854 3144 τὸν
1899 3088 1959 3144 δὲ
1998 3090 2101 3154 τὰς

2206 1894 2474 1948 actuariis
2499 1893 2750 1964 ipsorum
2804 1892 3005 1947 lembis
3057 1889 3356 1946 submersit
3383 1885 3787 1957 absorpsitque.

2206 1987 2337 2041 Erat
2365 1986 2459 2041 hic
2487 1987 2672 2040 videre
2714 1985 3016 2040 maximum
3064 1981 3342 2054 quoddam
3385 1995 3450 2035 ac
3506 1977 3804 2033 ineﬂ‘abile'

2202 2077 2538 2148 prodigium,
2579 2085 2638 2131 ut
2669 2085 2726 2131 et
2752 2075 2950 2132 ﬂuctus
2975 2075 3246 2130 montium
3279 2073 3454 2140 instar
3485 2071 3796 2134 attolleret,

2203 2177 2368 2240 atque
2401 2169 2454 2223 in
2480 2168 2703 2224 modum
2738 2167 2866 2222 feras
2892 2167 3086 2223 bestiae
3117 2167 3526 2225 intumesceret,
3565 2163 3792 2218 fureret-

2138 2255 2156 2265 ’
2203 2274 2330 2330 que,
2359 2267 2525 2330 atque
2554 2258 2612 2313 in
2634 2259 2820 2313 hostes
2847 2257 2944 2312 Dei
2966 2257 3246 2330 genitricis
3267 2269 3512 2326 praeceps
3536 2254 3788 2317 irrueret,

2202 2367 2268 2407 ac
2293 2351 2593 2408 crudeliter
2613 2350 2910 2406 devoraret
2954 2367 2967 2404 :
3007 2348 3088 2404 uti
3123 2348 3254 2404 olim
3293 2347 3572 2404 devoravit
3605 2345 3795 2401 absor—

2201 2445 2422 2517 psitque
2443 2443 2728 2516 Atgyptios
2743 2450 3141 2514 persequentes
3163 2441 3450 2511 antiquum
3471 2438 3794 2504 lsracl,cum

2201 2537 2292 2593 ille
2313 2551 2455 2592 nova
2505 2536 2743 2607 quadam
2792 2535 3006 2590 ratione
3040 2533 3274 2605 pedibus
3323 2533 3430 2588 iter
3467 2547 3566 2602 per
3611 2530 3793 2600 ipsum

2201 2637 2408 2700 ageret.
2445 2628 2537 2683 Sic
2559 2627 2726 2700 Virgo
2778 2627 3032 2698 Deipara,
3081 2639 3193 2680 suae
3221 2622 3619 2696 propugnatrix
3655 2621 3793 2675 civi-

2202 2718 2349 2780 tatis,
2383 2727 2548 2787 atque
2578 2716 2748 2771 tutrix
2777 2714 3028 2770 mirabile
3074 2721 3343 2783 tropaeum
3391 2713 3496 2765 hoc
3544 2709 3793 2780 invento,

2202 2817 2258 2862 et
2275 2815 2660 2880 strategemate
2694 2805 3044 2861 incruentum
3067 2803 3242 2858 erexit
3269 2819 3280 2856 :
3314 2816 3412 2856 eos
3431 2801 3674 2870 quidem,
3699 2799 3796 2870 qui

2200 2901 2468 2957 adversus
2497 2916 2652 2955 suam
2676 2898 2850 2970 ipsius
2884 2896 3262 2952 haereditatem
3295 2892 3640 2964 implacabile
3677 2891 3798 2948 hei.-

2201 2991 2314 3048 lum
2339 2989 2614 3064 gererent,
2638 3006 2702 3046 ac
2741 3003 2894 3043 arma
2925 2987 2992 3041 in
3038 2988 3214 3057 ipsam
3261 2983 3538 3050 tulissent,
3567 2982 3802 3038 omnino

2203 3087 2580 3157 submergens,
2613 3098 2678 3140 ac
2706 3080 2934 3137 marinis
2963 3078 3220 3135 ﬂuctibus
3255 3075 3496 3150 agendos
3523 3075 3745 3130 tradens
3777 3094 3794 3132 :

507 3176 614 3246 τῆς
639 3176 914 3250 σωτηρίας
953 3177 1177 3243 ἐλπίδας
1207 3178 1264 3234 ὲν
1294 3176 1470 3253 ταύτῃ
1502 3179 1598 3234 καὶ
1632 3179 1772 3252 μόνῃ
1799 3181 2102 3238 σαλεύοντα

2206 3179 2382 3251 ipsam
2412 3187 2596 3234 autem
2649 3190 2804 3232 suam
2851 3182 3080 3236 sortem,
3127 3184 3253 3240 quae
3307 3167 3364 3223 in
3415 3167 3556 3238 ipsa,
3621 3179 3797 3234 eaque

508 3265 720 3340 κλῆρον
751 3269 817 3324 ἐκ
855 3267 967 3324 τῶν
1004 3270 1431 3342 προσπεσόντων
1474 3269 1668 3327 δεινῶν
1697 3271 1888 3344 ἀπαθῆ
1921 3272 2104 3348 πάντη

507 3359 916 3434 διαφυλάξασα.

586 3539 724 3594 Τότε
750 3541 809 3597 δὲ
839 3541 986 3609 τότε,
1014 3543 1111 3598 καὶ
1169 3543 1335 3610 αὐτὸς
1379 3546 1409 3600 ὁ
1449 3545 1656 3602 τούτων
1695 3544 1930 3620 ἔξαρχος
1966 3548 2102 3602 αὐτ-

507 3630 692 3703 όπτης
731 3635 1024 3706 γενόμενος
1043 3636 1145 3708 τῆς
1193 3635 1454 3710 τοιαύτης
1498 3637 1780 3704 ἀπωλείας
1827 3637 1922 3694 τοῦ
1970 3641 2104 3694 ίδίου

511 3723 964 3798 στρατεύματος,
999 3727 1168 3783 αὐτοῦ
1199 3745 1306 3784 που
1331 3730 1429 3784 σὺν
1453 3730 1703 3795 ὁπλίταις
1730 3733 1990 3787 ἱππεῦσιν
2018 3732 2104 3803 ἐφ’

508 3813 726 3884 ὑψηλοῦ
779 3816 950 3872 τόπου
1003 3818 1297 3890 ἱστάμενος
1321 3859 1338 3886 ,
1368 3822 1529 3892 χερσὶ
1571 3821 1634 3875 τὸ
1677 3821 1875 3894 στῆθος
1912 3823 2006 3877 καὶ
2041 3824 2105 3878 τὸ

507 3907 811 3978 πρόσωπον
852 3908 1122 3966 ἔτυπτενο
1175 3913 1226 3966 οί
1273 3912 1331 3966 δὲ
1377 3911 1529 3977 ἐντὸς
1576 3912 1673 3966 τοῦ
1711 3913 1926 3983 τείχους
1966 3915 2106 3988 πρὸς

505 3996 642 4060 τοὺς
683 3997 918 4072 ἐχθροὺς
946 4001 1458 4074 ἀνταγωνισάμενοι
1482 4041 1499 4067 ,
1527 4002 1654 4055 ἐπεὶ
1686 4001 1892 4072 ἔμαθον
1923 4003 2013 4060 τὸν
2045 4008 2105 4061 ὲν

507 4087 584 4158 τῇ
625 4085 875 4162 θαλάσσῃ
915 4090 1209 4162 γενόμενον
1253 4091 1562 4164 Βαρϐάροις
1600 4091 1843 4163 ὄλεθρον,
1897 4095 2106 4162 εὐθέως

510 4176 640 4251 θείᾳ
666 4179 896 4252 δυνάμει
927 4181 1254 4254 ρωσθέντες,
1275 4183 1370 4238 καὶ
1397 4185 1464 4255 τῇ
1499 4183 1602 4254 τῆς
1635 4184 1921 4256 Παρθένου
1959 4187 2104 4259 ίσχῢι

511 4269 880 4344 φραξάμενοι,
915 4273 1018 4339 τάς
1044 4276 1221 4340 πύλας
1245 4275 1356 4329 τῶν
1382 4275 1581 4348 τειχῶν
1610 4275 1980 4344 ἀνεπέτασαν,
2006 4282 2105 4334 καὶ

517 4365 618 4446 σῦν
649 4365 744 4439 βοῇ
773 4369 866 4421 καὶ
899 4367 1204 4441 ἀλαλαγμῷ
1233 4369 1378 4423 κατὰ
1408 4369 1522 4424 τῶν
1562 4369 1779 4442 ἐχθρῶν
1806 4369 2106 4444 ἐπεξέδρα-

521 4469 654 4526 μον·
683 4458 920 4532 τοσαύτη
953 4460 1011 4514 δὲ
1032 4459 1290 4532 περιέσχε
1321 4459 1468 4532 χαρά
1497 4462 1594 4516 κοιλ⁵
1621 4462 1857 4535 δύναμις
1877 4463 1940 4518 τὸ
1963 4465 2108 4541 ήμέτ

514 4566 702 4619 τερον,
728 4551 853 4616 τοὺς
883 4551 942 4606 δὲ
967 4552 1288 4624 Βαρϐάρους
1316 4553 1508 4620 δειλία,
1538 4555 1616 4620 ὡς
1652 4555 1748 4610 καὶ
1776 4558 1974 4622 παῖδας
2006 4539 2107 4614 καί
2137 4539 2183 4595 Ῑ)

515 4639 721 4711 γύναια
745 4645 866 4699 κατ’
887 4645 1112 4699 ἐκείνων
1137 4646 1510 4717 ὁρμήσαντας,
1533 4648 1614 4711 είς
1639 4647 1772 4702 αὐτὸ
1787 4649 2103 4719 παραγενέ-

519 4732 647 4788 σθαι
698 4734 810 4790 τῶν
848 4736 1060 4808 ἐχθρῶν
1108 4737 1171 4792 τὸ
1221 4737 1606 4810 στρατόπεδον.
1657 4741 1792 4794 Τότε
1838 4737 1908 4814 ἦν
1947 4743 2104 4814 όρᾷν,

517 4825 677 4881 Ἕνα
713 4827 953 4897 χιλίους
979 4827 1301 4884 διώκοντα·
1331 4829 1431 4886 καί
1452 4829 1583 4896 δύο,
1601 4832 1904 4902 ,μυριάδας
1919 4851 2105 4904 μετα-

518 4910 827 4968 κινοῦντα.
883 4914 1120 4988 Τοιαύτη
1174 4917 1208 4988 ἠ
1281 4917 1558 4988 πάναγνος
1625 4921 1722 4974 καὶ
1780 4923 2061 4990 Παρθένος
2087 4941 2102 4957 ·

518 5001 746 5075 τοιαύτη
773 5005 810 5076 ἡ
841 5004 1106 5072 Θεοτόκος
1137 5008 1234 5062 καὶ
1270 5008 1541 5064 Δέσποινα
1561 5027 1578 5043 ο
1646 5011 1804 5084 ἰσχὺν
1845 5017 1962 5077 τοῖς
2009 5017 2108 5071 ἀν-

523 5094 788 5167 ισχύροις,
813 5099 910 5150 καὶ
934 5097 1164 5170 δύναμιν
1189 5103 1302 5166 τοῖς
1335 5103 1641 5168 ἀδυνάτοις,
1659 5102 1988 5176 δεδώρηται.
2021 5108 2110 5172 Ὠς

519 5184 591 5258 δὴ
629 5187 658 5240 ὁ
692 5186 846 5258 ἥλιος
882 5188 994 5257 ἔδυ,
1025 5191 1122 5245 καὶ
1150 5191 1246 5259 νὺξ
1277 5192 1546 5248 κατέλαϐε
1568 5234 1584 5258 ,
1617 5195 1718 5258 τὰς
1747 5195 2106 5270 πολιορκητι-

524 5275 629 5340 κάς
661 5281 911 5350 μηχανάς
936 5321 952 5346 ,
981 5281 1171 5355 ῶσπερ
1201 5284 1288 5354 ἐφ’
1329 5284 1558 5355 ἁμαξῶν
1587 5287 1853 5359 ἐκόμισαν
1885 5291 1938 5343 oi
1966 5291 2110 5363 Βάρ-

526 5364 711 5439 6αροι,
730 5369 910 5436 πάσας
936 5371 1018 5444 τῷ
1055 5373 1192 5444 πυρὶ
1235 5374 1658 5446 παραδεδώκασι
1677 5393 1694 5409 ο
1724 5379 1822 5432 καὶ
1852 5380 2015 5452 χάρις
2037 5384 2106 5456 τῇ

525 5457 778 5532 Θεονόκῳ
795 5467 1331 5539 παρεσκευασαμένῃ
1345 5469 1606 5537 γενέσθαι
1618 5470 1729 5524 τῶν
1756 5471 1903 5526 ίδίων
1924 5473 2107 5528 πόνων

529 5550 624 5606 καὶ
661 5554 922 5624 μηχανῶν
951 5557 1291 5627 αὐτουργοὺς
1313 5559 1512 5624 αὐτοὺς
1537 5561 1634 5615 καὶ
1663 5563 2013 5635 ὲμπρηστάς.
2051 5566 2110 5620 '0

528 5635 589 5693 δὲ
613 5639 878 5714 ῑεράρχης
899 5683 918 5713 ,
944 5645 1042 5702 καὶ
1065 5645 1094 5700 ὁ
1121 5645 1311 5712 λοιπὸς
1347 5647 1476 5714 λαὸς
1498 5653 1598 5716 τὰς
1621 5653 1813 5724 χεῖρας
1844 5653 2130 5728 διαπετάε

603 5838 629 5872 δ
665 5839 837 5902 Exod.
871 5862 986 5904 xlv.

2205 3272 2320 3326 sola
2359 3286 2513 3342 spem
2573 3267 2871 3340 posuisset,
2933 3263 3292 3320 ﬂuctuantem
3346 3260 3415 3316 ab
3463 3257 3804 3314 immanibus

2205 3361 2386 3428 malis,
2438 3375 2562 3432 quae
2621 3357 2972 3418 invasissent,
3038 3353 3261 3426 penitus
3335 3365 3563 3407 servans
3645 3349 3800 3404 inco-

2207 3455 2434 3512 lumem.

2281 3549 2502 3604 Actum
2535 3545 2756 3618 quidem
2818 3544 2937 3614 ipse
3011 3540 3176 3598 etiam
3250 3538 3446 3594 horum
3503 3534 3810 3608 praefectus.
3920 3559 3929 3568 -

2206 3641 2482 3699 exercitus
2504 3641 2589 3696 sui
2616 3639 2826 3696 cladem
2855 3645 3064 3692 tantam
3083 3633 3259 3689 oculis
3275 3637 3558 3703 spectans,
3577 3625 3810 3683 sublimi.

2206 3735 2446 3807 quodam
2474 3734 2598 3790 loco
2631 3747 2758 3788 cum
2817 3727 3166 3801 equestribus
3209 3723 3387 3795 copiis
3441 3722 3816 3786 constitutus...

2205 3837 2420 3902 pectus,
2447 3826 2774 3894 vultumque
2821 3827 2992 3878 manu
3037 3817 3398 3892 percutiebat.
3457 3814 3533 3870 Illi
3591 3821 3803 3880 autem,

2205 3919 2300 3990 qui
2336 3919 2482 3974 intra
2512 3932 2704 3972 muros
2747 3915 3012 3970 adversus
3037 3913 3228 3968 hostes
3268 3917 3552 3966 certamen
3595 3907 3804 3961 habue-

2207 4020 2352 4078 rant,
2376 4017 2437 4066 ut
2487 4008 2699 4066 cladem
2725 4007 3058 4072 didicerunt,
3086 4018 3251 4074 quam
3283 3999 3512 4056 Barbari
3574 3998 3630 4054 in
3661 3995 3801 4053 mari

2207 4103 2569 4174 accepissent,
2602 4100 2786 4158 divina
2833 4098 3089 4170 protinus
3135 4095 3342 4150 virtute
3369 4091 3638 4156 roborati,
3677 4089 3800 4144 Vin-

2207 4195 2459 4270 ginisque
2481 4193 2606 4250 freti
2631 4191 2896 4264 potentia,
2928 4194 3266 4260 aperuerunt
3319 4184 3558 4241 civitatis
3580 4191 3800 4254 portas,

2209 4287 2538 4358 sublatoque
2595 4287 2856 4348 clamore,
2910 4290 2969 4338 et
3017 4280 3252 4344 ululatu,
3287 4276 3703 4349 impressionem
3742 4275 3798 4329 in

2208 4381 2398 4438 hostes
2453 4380 2724 4436 fecerunt.
2765 4375 2940 4431 Tanta
2975 4387 3142 4446 porro
3191 4372 3276 4428 vis
3303 4371 3504 4444 gaudii,
3539 4377 3801 4438 tantaque

2209 4474 2635 4530 virtus'nostros
2659 4469 2874 4536 habuit,
2896 4467 3168 4523 Barbaros
3181 4472 3367 4520 autem
3397 4471 3585 4519 tantus
3607 4475 3798 4532 pavor;

2213 4567 2459 4622 utetiam
2487 4564 2671 4636 pueri,
2731 4572 2789 4618 et
2842 4561 3106 4618 mulieres
3140 4557 3195 4613 in
3235 4573 3354 4613 .eos
3402 4555 3700 4619 irruentes,
3743 4553 3802 4608 in

2213 4657 2329 4728 ipsa
2357 4657 2598 4713 hostium
2622 4663 2802 4711 castra
2829 4651 3264 4724 penetraverint.
3309 4648 3466 4704 Tunc
3503 4647 3692 4717 utique
3714 4644 3802 4701 viq-

2211 4748 2344 4803 dere
2360 4755 2480 4802 erat
2507 4755 2571 4801 ut
2605 4747 2746 4804 Unus
2773 4749 3174 4816 persequeretur
3203 4740 3370 4805 mille,
3405 4739 3613 4808 duoque
3641 4739 3802 4809 fuga-

2213 4847 2328 4893 rent
2370 4839 2547 4892 decem
2589 4837 2763 4892 millia
2791 4834 2836 4890 ⁵.
2893 4833 3044 4888 Talis
3091 4840 3179 4887 est
3215 4831 3540 4886 intemerata
3569 4828 3682 4893 illa,
3737 4844 3802 4884 ac

2214 4928 2378 5000 Virgo
2411 4945 2424 4981 :
2462 4927 2586 4984 talis
2619 4927 2871 4998 Deipara,
2911 4933 2967 4980 et
3010 4921 3247 4978 Domina
3285 4938 3300 4976 :
3345 4920 3592 4992 potentia
3632 4920 3808 4990 impo-

2215 5027 2419 5084 tentes,
2463 5027 2521 5074 et
2548 5017 2756 5074 virtute
2789 5017 3086 5072 destitutos
3118 5013 3325 5068 virtute
3351 5011 3594 5068 donavit.
3625 5009 3803 5066 Caete-

2213 5125 2336 5165 rum
2367 5125 2492 5165 cum
2523 5107 2640 5165 sole
2681 5108 2966 5164 occidente
2999 5121 3111 5161 nox
3139 5105 3471 5170 advenisset,
3519 5101 3806 5158 machinas

2214 5200 2592 5274 expugnandae
2615 5200 2735 5256 urbi
2759 5206 3124 5271 comparatas,
3165 5213 3303 5268 quas
3329 5195 3639 5253 Barbariin
3672 5209 3802 5250 cur-

2213 5294 2368 5349 ribus
2404 5292 2762 5357 advexerant,
2801 5306 2996 5346 omnes
3019 5291 3132 5362 igni
3172 5289 3518 5346 tradideth
3549 5303 3564 5340 :
3596 5303 3662 5342 ac
3683 5288 3802 5357 pla,
3878 5329 3885 5339 .

2213 5401 2287 5440 ne
2335 5384 2535 5457 gratias
2582 5383 2850 5454 Deiparae,
2907 5398 3030 5454 quae
3071 5381 3336 5448 eﬂ'ecerit,
3392 5391 3454 5436 ut
3499 5380 3663 5436 iidem
3696 5380 3802 5450 ipsi

2215 5491 2440 5533 suorum
2471 5475 2720 5532 laborum
2757 5491 2822 5530 ac
2848 5475 3232 5530 machinarum
3260 5475 3576 5529 incensores
3591 5481 3798 5535 essent,

2213 5565 2310 5638 qui
2347 5563 2581 5620 fuissent
2619 5573 2896 5620 auctores.
2951 5563 3271 5620 Patriarcha
3307 5570 3514 5626 autem,
3565 5575 3628 5616 ac
3670 5562 3808 5616 reli-

2211 5673 2352 5731 quus
2383 5656 2638 5727 populus,
2685 5655 2940 5713 manibus
2980 5656 3036 5711 in
3064 5655 3260 5712 cmlum
3284 5653 3561 5725 expansis,
3599 5654 3803 5726 gratia:-
