4048 6454
441 366 591 436 1365

1332 375 1653 438 HYMNUS
1683 371 2157 438 ACATHISTUS
2180 367 2570 449 —QUERCII
2603 374 2841 436 NOTAE.

3591 379 3726 443 1366

439 493 587 554 νοῖς,
625 487 704 554 ὡς
747 486 812 543 οὐ
861 485 1143 560 βιάσονται
1170 485 1370 551 αὐτοὺς
1398 485 1722 560 παραϐῆναι
1747 488 1848 561 τὴν
1869 486 2028 560 ἀμώ-

2158 499 2264 554 am,
2290 494 2608 559 metamque
2645 485 2702 542 in
2717 485 3016 544 oChristum
3042 483 3212 545 Deum
3261 501 3514 548 nostrum
3563 492 3727 552 fidem

447 599 628 655 μητον
653 580 748 636 καὶ
773 577 1054 652 ὀρθόδοξον
1082 579 1166 644 είς
1195 579 1432 652 Χριστὸν
1460 581 1554 635 τὸν
1583 580 1722 634 Θεὸν
1748 579 1909 652 ἡμῶν
1939 579 2034 634 πί-

446 693 592 740 στιν,
635 675 776 746 ὅπερ
807 673 910 728 οὐκ
942 671 1245 744 ὲφύλαξανῖ
1291 673 1428 728 ἀλλὰ
1469 675 1703 740 πολλοὺς
1746 675 2036 746 μάρτυρας

445 766 764 832 ἀπέδειξαν,
794 762 884 820 διὰ
930 763 995 820 τὸ
1045 766 1122 838 μὴ
1151 764 1464 838 πατηθῆναι
1508 765 1602 820 ὕπ’
1633 767 1812 822 αὐτῶν
1839 767 1902 821 τὸ
1939 777 2038 838 ση-

449 862 609 930 μεῖον
642 857 740 911 τοῦ
783 857 1020 928 σταυροῦ
1053 857 1150 912 τοῦ
1188 859 1376 928 τιμίου
1399 875 1414 891 ·
1442 857 1604 912 τοῦτο
1633 858 1746 930 γὰρ
1777 858 2038 930 πράττειν

445 946 585 1011 τοὺς
611 947 979 1018 Χριστιανοὺς
1003 946 1340 1016 ἠνάγκαζον.
1383 949 1517 1014 Καὶ,
1551 947 1628 1012 ὡς
1651 948 1814 1020 ἔφην,
1854 949 2038 1002 πᾶσαν

445 1038 556 1109 τὴν
592 1038 700 1106 γῆν
745 1036 985 1108 ἐπῆλθον
1035 1037 1448 1108 λεηλατοῦντες.
1509 1039 1932 1112 Ἐπιδραμόντες
1981 1039 2040 1093 δὲ

449 1127 552 1182 καὶ
596 1123 796 1190 Ἰνδοὺς
828 1125 924 1179 καὶ
965 1125 1232 1190 Αἰθίοπας
1264 1127 1362 1182 καὶ
1393 1128 1463 1182 τὰ
1510 1129 1839 1201 Μαυρούσια
1874 1129 2003 1200 ἔθνη
2023 1168 2040 1194 ,

453 1215 666 1278 Λιϐύας
692 1231 752 1268 τε
779 1215 876 1270 καὶ
922 1213 1206 1280 Ἱσπανοὺς
1237 1215 1470 1288 ἔσχατον
1499 1219 1743 1284 πάντων,
1768 1219 2043 1291 ἐπεστρά-

450 1325 656 1364 τευσαν
685 1309 784 1363 καὶ
813 1310 956 1364 κατὰ
981 1309 1189 1380 ταύτης
1209 1310 1311 1381 τῆς
1338 1309 1609 1381 βασιλίδος
1642 1311 1884 1378 πόλεως,
1915 1311 2044 1382 βου-

2136 579 2482 650 praevaricari
2533 585 2827 649 cogerent,
2880 593 3044 650 quam
3077 587 3260 636 tamen
3297 581 3434 636 nihil
3477 598 3730 640 servave-

2137 680 2269 726 runt
2293 691 2308 727 :
2338 672 2450 727 imo
2469 670 2656 742 plures
2681 669 2984 727 affecerunt
3002 672 3284 743 martyrio,
3311 670 3453 743 quod
3476 675 3731 746 pretiosae

2137 763 2319 819 crucis
2363 763 2582 835 signum
2629 761 2964 832 sprevissent
3013 763 3244 833 pedibus
3273 765 3632 832 conculcare;
3664 765 3732 821 ad

2142 855 2248 910 hoc
2275 855 2479 925 quippe
2502 852 2846 910 Christianos
2907 857 3194 924 augebant.
3230 853 3320 920 At,
3366 861 3428 909 ut
3455 855 3732 923 dicebam,

2141 954 2343 1002 terram
2371 960 2594 1001 omnem
2627 941 3024 1014 depopulantes
3061 953 3444 1014 pervaserunt.
3471 944 3606 1002 Cum
3639 961 3738 1001 au-

2142 1047 2250 1096 tem
2289 1039 2454 1094 Indos
2501 1051 2754 1108 quoque,
2796 1051 2860 1090 ae
2897 1035 3209 1106 Ethiopes,
3253 1051 3471 1092 necnon
3519 1035 3738 1094 Mauru-

2142 1129 2252 1184 sios
2271 1129 2370 1198 (7),
2396 1126 2557 1182 Afros
2583 1126 2734 1192 item,
2757 1141 2820 1180 ac
2837 1123 3108 1196 Hispanos
3131 1125 3528 1192 incursassent,
3553 1128 3620 1182 ad
3639 1144 3738 1182 ex-

2143 1227 2399 1283 tremum,
2417 1218 2680 1274 adversus
2715 1217 2859 1272 hanc
2875 1232 3094 1287 quoque
3113 1217 3316 1288 regiam
3343 1217 3532 1272 urbem
3559 1229 3738 1274 castra

2143 1321 2472 1372 moverunt.
2521 1325 2631 1380 quo
2687 1307 2808 1364 eam
2865 1315 3153 1380 caperent.
3207 1308 3480 1364 Caeterum
3554 1310 3740 1366 Leone

335 1404 360 1410 ’
450 1400 676 1472 λόμενοι
703 1399 912 1470 ταύτην
936 1400 1096 1454 ἑλεῖν.
1130 1399 1238 1454 Τοῦ
1279 1401 1338 1455 δὲ
1381 1400 1650 1472 βασιλέως
1677 1401 1910 1466 Λέοντος
1946 1403 2044 1456 τοῦ

2158 1404 2334 1458 [saturo
2365 1403 2713 1472 imperatore,
2747 1401 3112 1456 constitutum
3143 1400 3404 1465 habente,
3443 1410 3503 1456 ut
3531 1402 3737 1456 tributa

465 1493 743 1564 Ἰσαύρου,
775 1493 901 1562 ἄρτι
927 1492 1028 1564 τῆς
1065 1491 1346 1564 βασιλείας
1375 1493 1808 1564 ἐπειλημμένον,
1843 1493 2045 1565 προθε-

2158 1497 2226 1552 eis
2265 1495 2548 1561 penderet,
2595 1493 2670 1547 illi
2699 1493 2920 1547 abunde
2959 1492 3125 1547 etiam
3160 1492 3387 1548 militem
3424 1493 3481 1546 in
3507 1493 3643 1548 urbe
3671 1495 3744 1548 ad

457 1585 628 1650 μένου
657 1583 843 1639 δοῦναι
865 1583 1054 1648 αὐτοῖς
1078 1584 1228 1654 τέλη,
1245 1584 1401 1638 αὐτοὶ
1418 1585 1514 1638 καὶ
1534 1585 1787 1653 φύλακας
1809 1585 2049 1652 ἐγκατα-

2158 1587 2458 1660 praesidium
2487 1586 2757 1657 cogebant
2782 1583 3027 1655 recipere
3063 1601 3076 1638 :
3105 1583 3230 1639 freti
3257 1585 3515 1639 nimirum
3548 1586 3737 1640 multi-

455 1675 660 1745 στῆσαι
693 1675 762 1746 τῇ
785 1675 940 1729 πόλει
959 1675 1365 1741 κατεϐιάζοντοο
1386 1676 1656 1750 ἐθάρρουν
1674 1675 1784 1746 γὰρ
1804 1674 1883 1746 τῷ
1907 1675 2048 1746 πλή-

2158 1677 2339 1734 tudine
2367 1677 2664 1740 exercitus,
2701 1682 2814 1729 tum
2839 1673 3050 1744 proprii
3089 1673 3356 1744 ipsorum,
3411 1682 3528 1729 tum
3576 1689 3740 1744 quem

455 1765 546 1821 θει
580 1766 675 1821 τοῦ
709 1783 771 1820 τε
792 1768 998 1822 οἰκείου
1031 1769 1126 1822 καὶ
1151 1768 1482 1840 μισθοφόρου
1515 1767 1753 1840 στρατοῦ
1772 1807 1790 1836 ,
1833 1769 1931 1824 καὶ
1967 1767 2048 1840 τῷ

2158 1771 2254 1826 sub
2283 1768 2534 1824 mercede
2565 1775 2867 1822 merentem
2898 1766 3198 1830 habebant,
3224 1767 3506 1837 classeque
3544 1766 3610 1821 ad
3643 1779 3742 1820 na-

457 1857 936 1928 ὲξευτρεπισθέντι
981 1831 1200 1932 ἀπείρῷ
1229 1831 1597 1933 ναν-μακιστῷ
1619 1831 1792 1934 στόλιρ
1813 1900 1829 1927 ,
1863 1857 1924 1926 ὃς
1965 1831 2049 1926 είς

2158 1859 2326 1915 valem
2356 1873 2590 1930 pugnam
2630 1857 2904 1927 expedita,
2933 1865 3192 1928 tantaque
3222 1831 3446 1914 navium
3488 1859 3740 1914 multitu-

455 1949 610 2022 χίλια
649 1950 746 2005 καὶ
789 1951 1089 2006 ὀκτακόσια
1127 1952 1292 2008 πλοῖα
1332 1955 1442 2016 πᾶς
1471 1951 1847 2026 ἀπηριθμητο,
1889 1951 1964 2016 ὡς
1995 1953 2047 2006 οῖ

454 2039 566 2104 τὰς
603 2041 864 2112 χρονικὰς
915 2043 1202 2110 συντάξεις
1249 2045 1770 2118 πεφιλοπονηκότες,
1813 2045 2051 2119 ἀνέγρα-

453 2131 592 2204 ψαν.

538 2379 738 2445 Θέντες
768 2379 826 2434 δὲ
857 2380 920 2436 τδ
950 2381 1317 2454 στρατόπεδον
1345 2380 1530 2440 αὐτῶν
1573 2385 1682 2458 πρὸ
1720 2384 1816 2442 τοῦ
1843 2386 2054 2453 ἄστεως

457 2473 522 2528 οῖ
573 2471 988 2542 πεπλανημένοι
1031 2471 1441 2546 Χριστομάχοι·
1481 2475 1622 2540 τέως
1663 2476 1765 2547 μὲν
1793 2475 2054 2548 οὐδεμίαν

464 2561 744 2637 προϐολὴν
785 2565 898 2628 τοῖς
945 2564 1152 2636 τείχεσι
1199 2565 1505 2636 προσῆγον,
1535 2566 1624 2620 διὰ
1663 2567 1726 2622 τδ
1771 2567 2054 2638 σχολάζειν

466 2657 568 2710 ἐπὶ
609 2654 816 2718 κτίσεις
845 2655 1188 2726 οἰκημάτων,
1217 2655 1294 2720 ὡς
1335 2653 1486 2712 οἷκον
1519 2657 1806 2728 μένοντεςο
1839 2659 2056 2732 ἀφῃρη-

473 2745 630 2814 μένοι
664 2743 766 2816 μὲν
795 2745 1060 2816 φρόνησιν
1095 2745 1190 2799 καὶ
1223 2745 1488 2818 λογισμὸν
1508 2785 1524 2810 ,
1548 2746 1612 2800 τὺ
1635 2747 1694 2802 δὲ
1723 2747 1927 2818 ἀληθὲς
1950 2749 2056 2803 ὑπὸ

468 2837 612 2890 Θεοῦ
655 2837 994 2908 κωλυόμενοι
1047 2837 1464 2910 ματαιῴσαντος
1505 2839 1706 2904 αὐτοὺς
1740 2839 1800 2894 ὲν
1827 2842 1942 2906 τοῖς
1976 2840 2057 2894 ol-

467 2929 640 2993 κείοις
658 2927 1010 2995 διαϐουλίοις.
1045 2929 1121 3008 Ὀ,
1133 2929 1192 2983 δὲ
1220 2929 1367 2986 κατὰ
1391 2931 1492 3004 τὴν
1521 2931 1681 2986 πόλιν
1709 2930 2056 3004 φιλόχριστος

466 3022 623 3086 λαὸς,
647 3021 918 3094 διηνεκεῖς
950 3021 1091 3093 μετὰ
1116 3021 1372 3094 δακρύων
1405 3021 1724 3094 ποιούμενοι
1753 3025 1854 3087 τὰς
1875 3023 2054 3094 λιτὰς,

470 3111 667 3184 ὥσπερ
699 3112 822 3176 ἔθος
866 3106 1052 3178 αὐτοῖς
1101 3116 1306 3182 ποιεῖν,
1353 3115 1448 3169 καὶ
1479 3115 1540 3168 ὲν
1599 3116 1852 3188 είρηνικῇ
1891 3131 2058 3169 κατα-

2148 1949 2292 2015 dine,
2325 1958 2387 2003 ut
2414 1963 2555 2017 pene
2583 1947 2817 2013 inﬁnita,
2846 1948 2913 2004 ad
2945 1948 3094 2004 mille
3138 1965 3203 2004 ac
3235 1949 3550 2021 octingenta
3590 1949 3744 2004 navi-

2148 2041 2254 2114 gia,
2288 2048 2400 2096 tota
2473 2049 2876 2106 accenseretur,
2937 2041 3395 2110 quemadmodum
3451 2041 3744 2110 scripsere,

2149 2131 2244 2202 qui
2268 2131 2483 2188 illorum
2517 2139 2824 2202 temporum
2869 2131 3156 2188 historiam
3195 2131 3751 2203 annalesqueteXuc—

2151 2230 2304 2280 runt.

2222 2381 2362 2438 Cum
2394 2379 2580 2452 itaque
2630 2397 2860 2438 errones
2890 2381 2966 2438 illi
3015 2380 3218 2438 Christi
3251 2381 3437 2437 hostes
3461 2396 3494 2436 e
3525 2379 3750 2451 regione

2154 2471 2308 2528 urbis
2338 2471 2545 2526 milites
2573 2471 2958 2538 collocassent,
3009 2471 3230 2526 interim
3285 2470 3504 2540 quidem
3541 2469 3748 2524 nullam

2154 2563 2212 2620 in
2261 2578 2450 2618 muros
2511 2562 2932 2633 impressionem
2985 2561 3256 2626 iecerunt,
3307 2561 3456 2631 quod
3509 2561 3658 2616 velut
3687 2558 3746 2614 in

2164 2655 2282 2712 suis
2304 2655 2508 2726 quippe
2527 2654 2760 2710 Laribus
2780 2663 3158 2721 versarentur,
3175 2653 3430 2709 domibus
3453 2661 3748 2709 exstruen-

2154 2745 2239 2802 dis
2285 2753 2550 2801 vacarent
2595 2763 2608 2798 :
2663 2745 2827 2815 plane
2877 2745 3129 2801 destituti
3191 2743 3483 2815 prudentia
3545 2752 3600 2798 et
3657 2756 3748 2797 ra-

2155 2839 2338 2906 tione;
2373 2837 2545 2894 velut
2589 2836 2768 2894 dicam
2794 2835 2940 2908 quod
2968 2852 3060 2892 res
3089 2835 3272 2897 habet.
3303 2835 3417 2890 Deo
3451 2832 3753 2904 impedien-

2155 2941 2232 2997 te,
2261 2947 2327 2987 ac
2349 2931 2403 2986 in
2422 2930 2540 2986 suis
2569 2929 2813 3001 ipsorum
2839 2929 3086 2986 consiliis
3115 2929 3315 2985 stultos
3361 2926 3616 2982 faciente.
3642 2925 3750 2992 Qui

2154 3030 2340 3078 autem
2366 3024 2421 3076 in
2447 3021 2669 3077 civitate
2699 3030 2818 3077 erat
2850 3019 3054 3077 Christi
3085 3035 3279 3077 amans
3306 3019 3562 3091 populus,
3591 3019 3751 3089 iuges

2159 3128 2283 3169 cum
2317 3111 2571 3184 lacrymis
2603 3111 3034 3182 supplicationes
3061 3110 3292 3177 faciens,
3320 3111 3472 3167 velut
3501 3110 3754 3166 solemne

469 3205 689 3259 στάσει·
736 3203 798 3258 τό
843 3221 906 3258 τε
952 3203 1261 3259 πάνσεπτον
1299 3203 1456 3271 ξύλον
1489 3200 1610 3258 ’τοῦ
1665 3203 1902 3277 σταυροῦ
1961 3203 2055 3260 τοῦ

2165 3203 2330 3258 habet
2379 3218 2562 3258 rerum
2602 3201 2768 3258 etiam
2811 3202 3102 3273 tranquillo
3139 3211 3308 3268 statu,
3345 3201 3754 3259 venerabilissi-

467 3297 682 3368 Κυρίου
703 3295 800 3351 καὶ
823 3296 1078 3368 Σωτῆρος
1101 3296 1260 3369 ήμῶν
1302 3295 1480 3368 Ἰησοῦ
1505 3295 1746 3370 Χριστοῦ
1773 3296 2054 3362 λαϐόντες,

466 3385 570 3441 καὶ
591 3386 693 3459 τὴν
721 3382 889 3455 ἁγίαν
917 3386 1108 3441 εἰκόνα
1140 3389 1242 3460 τῆς
1273 3389 1543 3457 παναγίου
1575 3387 1877 3461 Παρθένου,
1903 3405 2061 3460 περι-

467 3477 643 3553 ᾔεσαν
667 3479 730 3533 τὸ
749 3481 964 3550 τεῖχος,
993 3479 1244 3550 αίροντες
1272 3481 1367 3534 ἐπὶ
1398 3481 1532 3535 Θεὸν
1559 3483 1660 3544 τὰς
1697 3483 1887 3552 χεῖρας
1905 3520 1921 3547 ,
1963 3480 2062 3534 καὶ⁸

467 3569 756 3640 λέγοντεςο
797 3568 1145 3638 Ἀνάστηθι,
1176 3570 1374 3638 Κύριε,
1400 3568 1487 3640 μὴ
1508 3569 1724 3638 ἀπὼσῃ
1754 3567 1864 3624 τὸν
1907 3568 2063 3624 λαόν

468 3674 594 3714 σου
629 3661 718 3724 εὶς
757 3659 962 3726 tuor,"
999 3658 1091 3713 ὅτι
1133 3657 1268 3714 ἰδοὺ
1297 3661 1353 3714 ol
1377 3655 1582 3730 ἐχθροί
1625 3674 1744 3716 σου
1790 3658 2060 3730 ἤχησαν,

468 3751 573 3806 καὶ
603 3753 659 3807 ol
683 3749 1014 3823 μισοῦντές
1043 3766 1118 3808 σε
1141 3747 1301 3824 ἦραν
1341 3752 1618 3822 κεφαλήν
1637 3769 1652 3784 ο
1674 3750 1756 3822 μὴ
1787 3751 1906 3820 δῷς
1945 3749 2064 3822 τὴν

467 3843 890 3913 κληρονομίαν
945 3859 1062 3900 σου
1123 3846 1213 3911 είς
1279 3843 1535 3910 ὄνειδος,
1597 3844 1704 3900 τοῦ
1769 3845 2064 3914 κατάρξαι

466 3932 644 4002 ἡμῶν
692 3931 838 4001 ἔθνη
860 3973 876 3998 ,
899 3932 1136 4003 μήποτε
1178 3935 1394 3990 εἴπωσι
1419 3951 1436 3970 ο
1473 3935 1600 3991 Ποῦ
1635 3930 1810 3990 ἔστιν⁵
1845 3939 1879 3990 ὁ
1916 3933 2063 4004 Θεὸς

469 4022 710 4088 abstine;
748 4025 926 4080 Ἀλλὰ
962 4025 1290 4096 γνώτωσαν
1360 4027 1451 4082 ὅτι
1479 4026 1668 4098 ὄνομά
1707 4042 1808 4082 σοι
1847 4027 2063 4096 Κύριος

485 4112 721 4184 Ἰησοῦς
741 4119 1020 4186 Χριστὸς,
1047 4121 1136 4186 sic
1163 4119 1355 4184 δόξαν
1395 4121 1546 4176 Θεοῦ
1567 4122 1821 4190 Πατρός.

543 4267 640 4336 Εἷς
673 4271 733 4326 δέ
761 4289 849 4336 τις
877 4272 990 4328 τῶν
1015 4275 1292 4345 πολεμίων
1333 4275 1634 4348 Ἀγαρηνὺς
1657 4314 1674 4340 ,
1719 4275 2065 4349 βλασφήμοις

471 4361 687 4434 ῥήμασι
726 4364 1158 4419 Kairouan-lar
1205 4363 1390 4419 καλῶν
1433 4364 1534 4436 τὴν
1581 4364 1740 4420 πόλιν
1761 4405 1778 4431 ,
1823 4364 1921 4420 καὶ
1962 4364 2066 4436 τὴν

469 4451 776 4524 ικκλησίαν
834 4451 980 4525 ψιλῷ
1038 4453 1268 4526 ὀνόματι
1323 4455 1556 4524 Σοφίαν
1610 4455 2062 4529 προσαγορεύων,

2157 3309 2420 3364 mumque
2455 3293 2637 3350 crucis
2678 3293 2896 3349 Domini
2938 3309 3002 3351 ac
3046 3294 3352 3350 Salvatoris
3394 3293 3568 3349 nostri
3616 3292 3752 3348 Jesu

2158 3385 2364 3442 Christi
2415 3383 2622 3456 lignum
2663 3381 2868 3448 ferens,
2899 3399 3119 3440 necnon
3158 3383 3482 3440 castissima:
3511 3383 3752 3454 Virginis

2161 3494 2370 3536 sacram
2427 3477 2748 3549 imaginem,
2810 3492 3030 3533 murum
3078 3477 3382 3546 circuibat,
3441 3477 3638 3533 tollens
3681 3475 3753 3531 ad

2161 3571 2335 3628 Deum
2363 3585 2563 3625 manus
2608 3569 2944 3640 dicensqne:
2977 3567 3237 3642 Exsurge,
3278 3569 3518 3636 Domine,
3573 3585 3636 3623 ne
3664 3585 3752 3622 re-

2161 3663 2334 3736 pellas
2362 3661 2617 3734 populum
2651 3670 2800 3717 tuum
2821 3664 2876 3717 in
2903 3663 3065 3734 ﬁnem
3087 3679 3104 3719 :
3129 3664 3380 3736 quoniam
3411 3680 3525 3719 ecce
3550 3662 3756 3718 inimici

2163 3755 2242 3810 tui
2263 3762 2575 3820 sonuerunt,
2607 3763 2657 3809 et
2683 3757 2774 3827 qui
2808 3755 3032 3810 oderunt
3053 3765 3104 3810 te
3137 3756 3438 3811 extulerunt
3465 3763 3642 3824 caput.
3673 3753 3756 3808 Ne

2162 3851 2252 3902 des
2276 3846 2641 3906 hwreditatem
2665 3856 2812 3902 tuam
2861 3848 2920 3902 in
2961 3849 3342 3920 confusionem,
3371 3857 3427 3902 ut
3463 3857 3640 3919 gentes
3658 3847 3756 3900 do-

2164 3939 2612 3995 minenturnostri
2644 3954 2664 3992 :
2693 3942 2974 4008 nequando
3021 3941 3206 3995 dicant
3231 3957 3249 3994 :
3285 3942 3378 3997 Ubi
3400 3949 3478 3996 est
3503 3939 3640 3995 Deus
3666 3955 3758 3993 eo-

2161 4031 2324 4086 rum?
2363 4029 2468 4086 Sed
2508 4039 2822 4100 cognoscant
2869 4033 2994 4103 quia
3049 4047 3238 4086 nomen
3263 4033 3357 4086 tibi
3385 4031 3644 4086 Dominus
3661 4029 3759 4084 Je-

2165 4139 2254 4179 sus
2289 4123 2528 4180 Christus
2553 4125 2610 4179 in
2639 4122 2866 4196 gloriam
2896 4121 2995 4177 Dei
3018 4121 3220 4179 Patris.

2233 4283 2402 4338 Porro
2459 4291 2662 4348 autem,
2725 4290 2788 4338 ut
2830 4295 2974 4336 unus
3005 4281 3127 4352 quis
3175 4281 3416 4336 hostium
3475 4279 3759 4351 Agarenus

2163 4375 2498 4445 blasphemis
2523 4373 2754 4430 vocibus
2781 4373 3147 4431 Constantiam
3174 4381 3446 4437 vocasset,
3475 4387 3540 4428 ac
3570 4370 3760 4428 Eccle-

2166 4467 2300 4524 siam
2325 4467 2472 4524 nudo
2497 4467 2716 4523 nomine
2737 4467 3066 4538 appellasset
3089 4464 3446 4537 Sapientiam,
3478 4466 3531 4518 in
3561 4480 3760 4536 quam-

467 4543 556 4610 εἷς
596 4565 649 4602 τι
693 4544 972 4620 βάραθρον
1019 4547 1116 4602 σὺν
1161 4545 1240 4620 τῷ
1289 4547 1444 4621 ἵππῳ
1489 4545 1656 4603 αὐτοῦ
1706 4547 2055 4616 καταπεσὼν,

2169 4561 2292 4616 dam
2331 4573 2576 4630 praeceps
2605 4573 2730 4639 cum
2767 4573 2910 4630 equo
2936 4557 3120 4629 lapsus
3148 4557 3358 4632 foveam
3389 4557 3618 4612 interiit.
3650 4557 3760 4612 Sed

468 4636 772 4720 διεφθάρηο
805 4638 944 4693 ἀλλὰ
971 4639 1069 4694 καὶ
1093 4642 1122 4694 ὁ
1151 4638 1330 4712 κῆρυξ
1358 4640 1567 4707 αὐτῶν,
1594 4643 1658 4698 ἐν
1691 4639 1884 4714 ὑψηλῷ
1913 4639 2055 4713 ξύλῳ

2165 4661 2222 4708 et
2249 4657 2458 4708 eorum‘
2478 4636 2806 4723 praeco‘eum
2837 4651 3176 4707 ascendisset
3200 4649 3256 4704 in
3287 4649 3450 4705 altam
3480 4649 3757 4713 arborem,

469 4729 736 4798 ἀνελθὼν,
773 4733 910 4805 πρὸς
935 4731 1000 4787 τὸ
1031 4731 1272 4805 κηρύξαι
1294 4734 1395 4806 τὴν
1427 4735 1637 4808 μιαρὰν
1669 4729 1856 4791 αὐτῶν
1889 4748 2064 4811 προσ-

471 4821 662 4896 ευχὴν,
707 4825 803 4880 καὶ
843 4825 1011 4890 αὐτὸς
1055 4825 1261 4896 ὁμοίως
1307 4828 1687 4900 κατενεχθεὶς,
1731 4826 1923 4900 βιαίως
1961 4827 2062 4902 τὴν

469 4910 635 4969 ἄθεον
665 4915 847 4988 ψυχὴν
877 4917 1212 4990 ἀπέρρηξεν.
1242 4905 1378 4972 Εἶτα
1419 4919 1566 4974 κατὰ
1601 4920 1934 4994 Βουλγάρων
1974 4921 2063 4974 ἐκ·

474 5008 801 5080 στρατεύειν
833 5009 1148 5080 διαγνόντες
1191 5010 1286 5065 δύο
1325 5012 1628 5084 στρατηγοὶ
1655 5013 1949 5084 γεγονότες
1969 5051 1986 5079 ,
2029 5012 2061 5066 ὁ

479 5101 580 5174 μὲν
605 5101 917 5176 πολιορκεῖν
947 5101 1284 5178 κατελείφθη
1335 5106 1437 5178 τὴν
1473 5107 1672 5160 πόλιν·
1717 5107 1748 5160 ὀ
1795 5103 1876 5172 δὲ,
1926 5104 2067 5178 πρὸς

473 5193 606 5258 τοὺς
633 5193 983 5268 Βουλγάρους
1017 5197 1346 5268 πολεμήσων
1374 5197 1544 5269 ἀπῄει
1566 5212 1582 5230 ο
1613 5189 1696 5262 οἷς
1726 5197 1822 5251 καὶ
1847 5195 2067 5267 συμϐα-

475 5285 684 5356 λόντες,
715 5287 1028 5360 ἡττῶνται,
1067 5291 1167 5345 καὶ
1195 5289 1496 5345 πίπτουσιν
1526 5290 1668 5363 ὑπὲρ
1702 5289 2026 5362 δισμυρίους
2047 5308 2062 5323 ο

476 5379 527 5434 οί
560 5379 616 5434 δὲ
645 5380 1092 5454 περιλειφθέντες
1132 5381 1228 5436 τοῦ
1281 5379 1506 5452 ὀλέθρου
1539 5380 1924 5446 διασωθέντες,
1967 5382 2066 5436 σὺν

555 5601 632 5672 (7)
671 5597 999 5674 Maurusios.
1032 5599 1384 5674 Μαυρούσιοι,
1415 5602 1602 5674 inquit
1619 5601 1876 5674 Ortelius,
1911 5619 2058 5674 qure-

479 5669 754 5744 tiamgens
784 5672 1041 5744 Phoenica
1061 5673 1119 5744 in
1138 5669 1352 5744 Africa,
1377 5669 1516 5744 circa
1559 5669 1833 5744 Tripolim,
1862 5669 2062 5744 διεμν-

479 5743 576 5795 tim
605 5739 876 5812 Magnam,
907 5745 998 5812 qui
1023 5743 1177 5797 hodie
1195 5739 1393 5798 'Pacati
1419 5739 1684 5799 dicuntur.
1714 5741 1929 5799 Habent
1952 5739 2061 5798 Ζο-

480 5819 663 5879 naras,
697 5813 980 5870 Cedrenus
1024 5819 1081 5869 et
1129 5813 1222 5869 alii
1264 5813 1456 5870 eadem
1505 5813 1622 5871 fere
1669 5830 1700 5870 a
1748 5813 2062 5882 Saracenis,

2164 4743 2233 4800 ad
2263 4758 2452 4800 eorum
2481 4743 2870 4800 exsecrandam
2903 4742 3276 4814 precationem
3297 4741 3452 4799 vocis
3477 4737 3758 4813 praeconio

2166 4833 2524 4900 eﬂ'erendam,
2558 4833 2722 4888 simili
2754 4843 2811 4890 et
2859 4832 2978 4904 ipse
3012 4833 3226 4890 ratione
3263 4833 3486 4897 cadens,
3519 4832 3758 4888 violenta

2165 4934 2345 4982 morte
2386 4925 2610 4996 impiam
2648 4925 2886 4980 animam
2938 4925 3178 4995 abrupit.
3238 4925 3594 4981 Postmodum
3626 4941 3758 4980 vero

2163 5031 2290 5074 cum
2336 5017 2508 5074 creati
2550 5014 2661 5072 duo
2709 5017 2984 5073 exercitus
3033 5017 3202 5074 duces
3239 5019 3296 5074 in
3341 5018 3601 5090 Bulgaros
3635 5033 3758 5072 mo-

2162 5124 2295 5166 vere
2352 5108 2758 5176 decrevissent,
2809 5107 2948 5164 alter
2979 5109 3200 5180 quidem
3235 5109 3464 5166 relictus
3510 5119 3616 5176 est,
3661 5109 3756 5180 qui

2161 5209 2502 5273 expugnaret
2527 5201 2720 5257 urbem
2747 5218 2763 5268 ;
2791 5200 2929 5256 alter
2963 5201 3370 5272 expeditionem
3403 5212 3596 5258 contra
3625 5201 3756 5254 Bul-

2161 5307 2321 5365 garos
2367 5293 2652 5363 suscepit:
2690 5307 2814 5348 cum
2863 5292 3062 5362 quibus
3107 5294 3386 5366 congressi
3433 5293 3754 5357 vincuntur,

2162 5399 2227 5440 ac
2279 5400 2444 5463 supra
2502 5384 2612 5440 duo
2669 5381 2838 5440 millia
2881 5383 3106 5440 cadunt.
3159 5383 3264 5451 Qui
3321 5397 3508 5440 autem
3567 5398 3756 5439 evase-

2167 5609 2222 5657 et
2259 5601 2314 5656 in
2340 5602 2642 5676 Saracenos
2668 5612 2833 5676 gesta,
2851 5605 2954 5661 sub
2981 5604 3167 5676 Leone
3198 5604 3404 5676 lsauup,
3440 5602 3597 5676 cujus
3634 5603 3759 5658 fue-

2167 5681 2312 5746 runt
2341 5671 2520 5738 initia,
2547 5671 2710 5746 quam
2744 5673 2894 5746 finis,
2921 5675 3306 5746 auspicatiora.
3335 5674 3466 5732 Fuit
3494 5674 3761 5742 Umarus,

2167 5743 2342 5801 saeviit
2370 5751 2562 5800 contra
2590 5743 2752 5800 fidem
2785 5743 2970 5801 datam
2995 5743 3052 5804 in
3081 5745 3446 5804 Christianos.
