4048 6472
354 349 504 419 1369

1215 359 1533 422 HYMNUS
1568 360 1985 423 ACATISTUS
2063 386 2111 401 -
2144 363 2464 436 QUEBClI
2496 363 2736 424 NOT/E.

3484 358 3620 422 1370

433 464 620 522 Ταῦτα
651 465 752 537 μὲν
778 461 870 521 οῦν
907 467 1124 524 ἅπαντα
1170 473 1258 537 εις
1306 474 1521 543 γενεὰν
1546 474 1777 545 ἑτέραν,
1807 476 1948 548 ψαλ-

2117 481 2295 550 Atque
2348 481 2462 534 haec
2491 477 2711 548 quidem
2751 475 2874 531 talia
2907 483 3069 539 sunt,
3107 489 3264 545 quae,
3321 483 3380 530 ut
3433 475 3620 544 loquar

350 558 542 628 μικῶς
609 559 807 626 εἰπεῖν,
863 557 1326 630 διηγείσθωσαν,
1397 566 1492 620 καὶ
1561 567 1712 622 ἅπαν
1764 568 1940 640 στόμα

348 649 706 720 Χριστιανῶν
743 653 1130 720 προσφωνείτω
1183 653 1245 707 τὸ
1284 655 1430 726 ἱερὸν
1458 658 1638 726 λόγιόν
1673 661 1811 730 μετά
1842 660 1938 714 τοῦ

351 741 529 795 Δαόὶδ
557 740 828 810 λέγοντος·
863 742 974 810 Σὺ,
1000 745 1196 812 Κύριε,
1218 745 1590 818 συνέτριψας
1615 749 1725 817 τὰς
1752 769 1939 822 κεφα-

350 832 481 896 λὰς
511 831 631 886 τῶν
659 831 1002 900 δρακόντων
1035 835 1134 889 ἐπὶ
1163 837 1271 891 τοῦ
1302 837 1544 905 ὕδατος.
1593 842 1941 913 Προστιθέτω

350 925 422 978 δὲ
449 927 544 979 καὶ
574 925 638 978 τὸ
661 925 752 978 ἐπὶ
777 925 878 996 τῆς
900 926 1080 990 ἐξόδου
1097 928 1313 1000 Ἰσραὴλ
1333 925 1488 1001 ᾆσμα
1514 933 1939 1002 μεγαλοφώνως’

361 1016 652 1086 ’ᾼσωμεν
683 1015 764 1082 τῷ
791 1019 1016 1086 Κυρίῳ·
1043 1019 1304 1086 ἐνδόξως
1333 1023 1443 1091 γὰρ
1468 1021 1851 1088 δεδόξασται.

449 1105 716 1161 Ἐνταῦθα
741 1106 838 1161 τοῦ
881 1109 1041 1178 λόγου
1073 1112 1387 1181 γενόμενος,
1419 1115 1514 1167 καὶ
1545 1115 1683 1186 πρὸς
1707 1117 1768 1169 τὸ
1810 1115 1944 1186 ὕψος

364 1199 587 1270 ἀφορῶν
615 1199 725 1256 τῶν
759 1200 1036 1271 μεγίστων
1071 1202 1391 1273 Θαυμασίων
1429 1205 1524 1259 τοῦ
1555 1207 1692 1260 Θεοῦ
1720 1207 1815 1262 καὶ
1843 1210 1942 1263 As-

367 1292 591 1355 σπότου,
624 1291 721 1346 καὶ
768 1291 872 1363 τῆς
923 1293 1231 1364 ύπεραγίας
1276 1297 1374 1351 καὶ
1427 1297 1600 1368 μόνης
1649 1297 1942 1366 Θεοτόκου,

359 1385 582 1453 ἄφωνος
611 1383 702 1436 ὐπ’
739 1383 1057 1454 ἐκπλήξεως
1094 1385 1358 1456 γίνομαι,
1411 1386 1509 1457 οὐχ
1553 1387 1827 1458 εὑρίσκων
1855 1389 1948 1443 λό-

357 1491 499 1542 γους
545 1473 870 1545 ἰσορρόπους
906 1477 1019 1538 τοῖς
1053 1477 1377 1548 πράγμασιο
1413 1477 1543 1532 ποία
1576 1480 1686 1552 γὰρ
1717 1481 1950 1551 μεγαλό-

359 1583 545 1637 φωνος
575 1565 800 1632 γλῶσσα
823 1604 840 1632 ,
890 1566 989 1637 τὴν
1039 1567 1316 1654 Παρθένον
1348 1571 1445 1623 καὶ
1488 1569 1752 1625 Θεοτόκον
1781 1571 1950 1637 ἀξίως

357 1657 716 1728 εὐφημήσεις
750 1656 877 1722 Πῶς
901 1659 1225 1730 παραδόξως
1251 1661 1487 1732 ὑμνήσει
1511 1663 1610 1734 τὴν
1643 1663 1949 1734 παράδοξον

357 1749 574 1820 ταύτης
620 1749 814 1822 χάριν;
869 1751 981 1804 Καὶ
1023 1751 1122 1822 τὴν
1165 1753 1348 1828 πηγὴν
1392 1755 1494 1826 τῆς
1537 1753 1952 1826 φιλανθρωπίας

357 1840 584 1906 δοξάσει
609 1881 626 1906 ,
660 1842 756 1897 καὶ
801 1841 901 1912 τὴν
931 1842 1284 1914 εὐχαριστίαν
1318 1845 1620 1915 προσάγειν
1644 1849 1710 1918 τῇ
1741 1847 1952 1919 Θεομή-

359 1949 491 2004 τορι
511 1932 746 2003 ;.Ταύτῃ
775 1933 884 2004 γὰρ
912 1933 1102 2002 ἥδεται
1137 1933 1338 2004 μᾶλλον
1363 1935 1500 2007 αὐτή
1523 1953 1606 2002 τε,
1638 1939 1734 1992 καὶ
1767 1939 1796 1991 ό
1823 1938 1952 1992 ταύ-

360 2037 472 2091 της
499 2021 628 2084 Υἱὸς
650 2061 666 2086 ,
697 2023 844 2094 ἤπερ
871 2023 1054 2077 αὐλῶν
1090 2025 1182 2076 καὶ
1215 2024 1467 2096 ὁργάνων
1515 2027 1954 2098 μουσικωτάταις

2045 586 2168 625 cum
2197 570 2478 625 Psalmista
2510 587 2526 624 :
2556 569 2892 623 Enarrentur
2914 568 2970 620 in
2997 567 3330 638 generatione
3369 566 3578 620 altera“
3603 583 3619 622 :

2045 677 2214 731 osque
2247 677 2408 716 omne
2435 659 2869 716 Christianorum
2920 673 3134 712 sacrum
3184 657 3313 712 illud
3342 659 3620 713 oraculum

2044 743 2181 810 cum
2223 753 2421 809 Davide
2468 753 2772 808 acclamet:
2810 751 3190 806 Contribulasti
3225 753 3403 820 capita
3437 751 3625 805 draco-

2046 861 2172 901 nam
2216 847 2274 900 in
2318 862 2460 916 aqua
2487 845 2530 899 ⁸.
2580 843 2665 899 Ad
2706 843 2832 899 haec
2883 843 3106 898 accedat
3129 851 3186 896 et
3221 842 3490 896 canticum
3521 856 3623 912 pro

2044 939 2191 994 exitu
2221 938 2434 993 lsraelis
2477 935 2758 1008 magniﬁca
2813 950 2948 991 voce
2991 952 3006 990 :
3044 933 3329 990 Cantemus
3361 933 3623 991 Domino:

2044 1029 2266 1102 gloriose
2291 1031 2430 1084 enim
2461 1028 2830 1098 magniﬁcatus
2859 1037 2935 1081 est
2966 1027 3034 1082 ιθ.

2117 1120 2230 1176 Hoc
2258 1121 2360 1175 loci
2385 1119 2621 1174 deducto
2673 1133 2950 1183 sermone,
2989 1117 3280 1186 animoque
3323 1115 3381 1170 in
3431 1113 3526 1171 Dei
3559 1128 3626 1170 ac

2046 1212 2283 1277 Domini,
2321 1219 2746 1280 praesanctaeque
2793 1223 2858 1263 ac
2913 1209 3084 1263 solius
3124 1207 3402 1276 Deipara,
3447 1205 3625 1261 maxi-

2047 1319 2261 1360 morum
2301 1302 2628 1357 mirabilium
2686 1299 3076 1354 sublimitatem
3133 1298 3427 1353 intendens
3455 1339 3470 1362 ,
3508 1311 3624 1367 pra

2048 1405 2270 1462 stupore
2301 1389 2530 1462 elinguis
2583 1390 2672 1455 ﬁo,
2734 1388 3118 1443 deﬁcientibus
3173 1388 3374 1451 verbis,
3405 1394 3466 1442 ut
3505 1400 3623 1440 rem

2049 1485 2256 1556 possim
2309 1497 2546 1552 aequare.
2587 1481 2720 1546 Qute
2751 1483 2898 1536 enim
2928 1479 3112 1550 lingua
3148 1476 3458 1549 magniﬁua,
3487 1475 3624 1531 Vir-

2051 1577 2252 1648 ginem,
2299 1589 2363 1630 ac
2399 1573 2704 1642 Deiparam,
2738 1571 2917 1642 dignis
2941 1568 3256 1639 praeconiis
3285 1567 3454 1638 possit
3479 1565 3628 1622 cele-

2050 1667 2252 1722 brare?
2282 1663 2566 1730 Quomodo
2594 1669 2777 1715 autem
2807 1658 3131 1713 mirabiliter
3168 1656 3471 1711 mirabilem
3504 1655 3626 1726 ejus

2049 1757 2291 1812 laudabit
2316 1753 2566 1826 gratiam,
2618 1751 2934 1821 fontemque
2989 1749 3291 1804 clementiae
3311 1747 3628 1818 magniﬁca-

2050 1849 2149 1914 bit,
2173 1863 2236 1904 ac
2269 1845 2470 1918 gratias
2497 1842 2743 1898 referet?
2769 1841 2875 1896 Par
2903 1839 3126 1912 quidem
3157 1849 3294 1903 erat,
3327 1846 3388 1892 ut
3411 1853 3505 1892 eas
3529 1834 3626 1892 Dei

2053 1939 2315 1996 Genitrici
2345 1936 2546 2011 gratias
2601 1934 2933 1989 referremus
2959 1973 2975 1998 ,
3025 1947 3147 2001 quae
3197 1930 3331 2000 ipsis
3374 1937 3630 1984 constant

2053 2030 2335 2101 operibus.
2369 2028 2581 2098 Quippe
2609 2041 2695 2092 ea,
2724 2025 2956 2094 ejusque
2990 2031 3174 2088 natus,
3209 2037 3327 2091 pra:
3347 2019 3629 2083 tibiarum,

361 2113 556 2184 ᾠδαῖς.
585 2111 736 2184 Αὕτη
759 2113 817 2167 δέ
840 2114 1010 2179 ἐστιν,
1047 2115 1124 2179 ὡς
1151 2115 1264 2184 ἐγώ
1291 2133 1436 2188 φημι
1459 2157 1474 2183 ,
1524 2118 1714 2188 ἀγάπη
1748 2119 1949 2172 ἀνυπό-

2058 2137 2117 2178 ac
2148 2134 2476 2191 organorum
2513 2115 2958 2172 modulatissimis
2992 2113 3222 2168 canticis
3252 2153 3268 2177 ,
3303 2111 3370 2166 iis
3395 2111 3636 2166 delecta-

367 2219 576 2274 κριτος,
613 2202 784 2273 νόμου
818 2203 913 2257 καὶ
940 2203 1236 2276 προφητῶν
1261 2200 1396 2258 οὖσα
1425 2205 1636 2278 κεφαλή
1656 2220 1672 2235 °
1704 2205 1952 2276 φιλαδελ-

373 2293 474 2361 φία
501 2291 790 2354 ἀνόθευτος
811 2308 824 2324 ο
867 2293 1187 2362 συμπάθεια
1221 2295 1620 2366 άνεπίστροφος
1639 2314 1652 2328 ο
1683 2295 1954 2366 παρθενία

370 2385 559 2448 ἔνθεος
578 2401 592 2416 ο
627 2385 807 2455 γάμος
835 2383 1062 2456 ἔννομος
1079 2401 1093 2418 ο
1143 2386 1468 2458 σωφροσύνη
1495 2388 1950 2458 ἀκατάγνωστος·

365 2473 690 2546 δικαιοσύνη
719 2473 971 2538 σύντονος
992 2490 1008 2507 ⁸
1050 2474 1274 2546 ἀνδρεία
1301 2477 1445 2530 κατὰ
1487 2475 1594 2530 τῶν
1623 2476 1812 2532 παθῶν
1853 2477 1955 2548 ἔμ-

374 2583 576 2638 μονοςο
629 2565 894 2638 φρόνησις
946 2563 1210 2630 εὔτακτος
1238 2583 1254 2599 ο
1293 2566 1630 2639 ἐλεημοσύνη
1689 2567 1950 2639 δαψιλής·

375 2657 676 2729 ἐγκράτεια
722 2656 956 2726 ἄτυφοςο
1003 2656 1338 2720 ταπείνωσις
1379 2658 1820 2724 εὐκατάνυκτοςο
1861 2661 1958 2715 καὶ

377 2750 520 2822 πρὸς
543 2747 752 2813 τούτοις
781 2747 894 2820 βίος
925 2749 1170 2820 ἄληπτος
1191 2764 1204 2778 °
1232 2749 1436 2820 τρόπος
1469 2750 1791 2825 εὐχρηστος·
1822 2749 1957 2826 ἦθος

377 2841 606 2913 μέτριον
627 2859 642 2875 ⁸
686 2842 813 2904 νοῦς
860 2840 1179 2906 ὲνσύνετοςο
1214 2842 1394 2912 στόμα
1441 2842 1666 2898 εὐλαλον
1687 2861 1701 2874 ο
1735 2845 1958 2914 γλῶσσα

372 2929 660 3004 εὔφημος·
697 2933 854 3002 λόγος
885 2931 1138 3002 εὐλογοςο
1172 2933 1458 3004 ὀφθαλμὸς
1489 2935 1590 2989 οὐκ
1620 2936 1918 3002 ἀκόλαστος
1939 2952 1954 2966 ·

371 3026 558 3094 χεῖρες
585 3025 684 3078 οὐκ
713 3026 1015 3096 δικρατεῖς⁸
1046 3024 1210 3088 πόδες
1254 3026 1356 3078 οὐκ
1384 3025 1526 3093 ὀξεῖς
1553 3027 1692 3098 πρὸς
1721 3029 1954 3083 κακίαν·

373 3115 549 3186 θυμὸς
582 3117 684 3170 οὐκ
711 3117 1000 3186 ἀλόγιστος
1047 3115 1145 3170 καὶ
1176 3116 1514 3188 παρασύρων
1557 3119 1648 3173 τδν
1694 3119 1958 3190 λογισμὸν

369 3206 456 3278 τῷ
503 3209 601 3280 τῆς
649 3209 848 3280 μανίας
911 3207 1181 3280 ῥεύματι’
1243 3207 1440 3276 κάλλα,
1490 3206 1571 3275 οἷς
1626 3211 1694 3266 ἂν
1755 3214 1786 3265 ό
1836 3213 1957 3268 κατ’

373 3299 564 3353 εἰκόνα
593 3301 967 3372 πεποιημένος
1014 3297 1322 3370 ἄνθρωπος,
1374 3301 1469 3354 καί
1509 3301 1650 3372 μετὰ
1695 3295 1829 3357 Θεοῦ
1879 3320 1962 3357 τε-

372 3389 675 3460 ταγμένος,
705 3391 782 3457 ὡς
814 3391 1007 3464 κόσμῳ
1034 3390 1321 3446 πολυτελεῖ
1346 3392 1438 3447 καὶ
1461 3392 1650 3464 ὡραίῳ
1675 3393 1955 3463 ἐγκαλλω-

375 3481 605 3537 πίσατο.

451 3571 552 3626 Διὰ
571 3569 779 3626 τούτων
807 3571 918 3626 ἔδει
946 3575 1014 3646 τῇ
1038 3573 1289 3646 Θεοτόκῳ
1311 3575 1658 3646 εὐχαριστεῖν
1677 3591 1692 3606 °
1715 3575 1838 3630 ἐπεὶ
1865 3577 1960 3632 καὶ

376 3661 481 3736 τὴν
533 3663 887 3736 εὐχαριστίαν
943 3666 1127 3738 ἔργοις
1171 3667 1287 3720 ἀλλ’
1340 3667 1401 3720 οὐ
1451 3665 1632 3732 λόγοις
1677 3666 1960 3738 όρίζεσϐαί

373 3773 548 3828 φασιν
579 3757 630 3810 ot
658 3755 835 3810 ταῦτα
869 3757 1051 3827 σοφοί·
1087 3759 1213 3812 ἐπεὶ
1245 3758 1302 3811 δὲ
1323 3759 1388 3811 τὸ
1410 3757 1514 3829 τῆς
1554 3759 1769 3828 φύσεως
1803 3761 1961 3832 ἡμῶν

377 3847 631 3912 ἀσθενὲς,
657 3847 839 3902 καὶτὸ
861 3847 964 3919 τῆς
997 3849 1236 3914 διανοίας
1276 3849 1483 3922 νωθρὸν
1515 3852 1776 3906 ἀποκνεῖν
1813 3853 1962 3923 ἡμᾶς

377 3940 523 4014 πρὸς
571 3941 636 3995 τὸ
682 3942 782 4014 τῆς
829 3941 1033 4013 ἀρετῆς
1081 3943 1342 3997 ἐπίπονον
1391 3935 1559 4008 ποιεῖ,
1605 3945 1702 3999 καὶ
1753 3943 1963 4016 βραχέα

375 4033 588 4105 ταύτης
615 4035 926 4107 ἁπτόμεθα,
975 4035 1073 4090 καὶ
1111 4036 1222 4108 ὅσῳ
1266 4037 1467 4104 εἰπεῖν,
1503 4036 1659 4110 ἄκρῳ
1687 4037 1961 4108 δακτύλῳ,

379 4127 483 4180 καὶ
504 4126 592 4180 διὰ
619 4125 779 4180 τοῦτο
803 4126 944 4198 πρὸς
966 4126 1067 4198 τὴν
1093 4126 1300 4182 ἔκτισιν
1338 4128 1441 4199 τῆς
1483 4130 1840 4202 εὐχαριστίας
1874 4133 1962 4185 ὲν-

376 4216 518 4282 ὃεῶς
547 4217 744 4289 ἔχομεν
773 4218 880 4273 κᾶν
906 4218 1006 4291 τὴν
1029 4219 1120 4274 διὰ
1150 4221 1411 4292 ῥημάτων
1437 4220 1610 4291 ψιλῶν
1638 4223 1962 4292 εἰσενέγκω·

383 4324 522 4381 μενο
558 4309 874 4380 ύψώσαντες
905 4311 1006 4382 τὴν
1033 4311 1220 4384 φωνὴν
1247 4312 1481 4380 ἑαυτῶν,
1511 4313 1608 4367 καὶ
1636 4313 1736 4377 τὰς
1764 4313 1967 4386 φρένας

384 4399 855 4472 μετεωρίσαντες,
878 4398 1054 4462 οὓτως
1087 4399 1332 4472 εἴπωμεν
1374 4402 1432 4456 ἐν
1459 4387 1765 4476 άλαλαγμῷ
1785 4419 1800 4436 ο
1837 4423 1856 4456 ι
1891 4403 1965 4456 Σὺ

385 4489 513 4561 μὲν,
546 4483 592 4545 ὧ
627 4489 897 4544 Δέσποινα
941 4489 1196 4555 Θεοτόκε,
1240 4491 1301 4549 τὸ
1341 4491 1723 4564 φιλάνθρωπον
1764 4495 1828 4547 ἐκ
1866 4496 1968 4565 τῆς

383 4577 610 4650 φύσεως
634 4577 858 4648 ἔχουσα,
891 4579 954 4632 οὐ
983 4579 1222 4644 διέλιπες
1254 4582 1629 4652 προνοουμένη
1658 4582 1750 4635 τοῦ
1778 4583 1969 4651 γένους

381 4671 420 4741 ἡ
431 4667 579 4739 μῶν·
609 4667 726 4722 ἀλλ’
755 4667 946 4740 ῶσπερ
971 4669 1160 4742 μήτηρ
1185 4671 1339 4742 κοινὴ
1375 4670 1470 4724 τοῦ
1493 4671 1604 4726 τῶν
1625 4671 1968 4743 Χριστιανῶν

385 4762 600 4832 γένους,
649 4761 904 4831 φιλόπαις
950 4762 1090 4832 ὁμοῦ·
1131 4763 1227 4816 καὶ
1270 4763 1644 4834 φιλόστοργος,
1678 4763 1854 4827 οὐτως
1880 4764 1969 4818 ἀεὶ

385 4849 491 4913 τὰς
533 4851 630 4917 σὰς
677 4851 997 4924 εὐεργεσίας
1024 4851 1378 4923 ἑπιχορηγεῖς
1424 4853 1555 4924 ἡμῖν
1583 4853 1965 4921 διασώζουσα,

387 4941 1252 5012 περισκέπτουσα,φυλάττουσα,
1291 4943 1553 4997 κινδύνων
1583 4945 1967 5016 ἐλευθεροῦσα,

386 5032 719 5104 πειρασμῶν
747 5031 1190 5086 άπαλλάττουσα.
1233 5032 1426 5104 Ἦμεῖς
1479 5033 1539 5087 δὲ
1593 5035 1716 5088 ἀντὶ
1763 5037 1970 5090 τούτων

386 5121 862 5192 εὐχαριστοῦμεν*
927 5121 1406 5193 άνακηρύττομεν,
1433 5122 1532 5187 τὰς
1589 5124 1854 5195 χάριτας·
1907 5127 1967 5180 οὐ

388 5212 712 5284 κρύπτομεν
739 5213 839 5279 τὰς
865 5215 1214 5284 εὐεργεσίαςο
1243 5215 1443 5286 ᾄδομεν
1475 5217 1876 5288 μεγαλοφώνως
1902 5217 1972 5272 τά

394 5304 470 5361 σὰ
502 5304 782 5377 θαυμάσια
801 5321 816 5338 ο
853 5305 952 5377 τὴν
984 5305 1316 5376 κηδεμονίαν
1343 5305 1642 5378 δοξάζομεν
1661 5325 1677 5342 ο
1701 5309 1800 5382 τὴν
1837 5311 1972 5383 πρὸ·

393 5413 549 5452 νοιαν
588 5397 1000 5469 μεγαλύνομεψ
1031 5397 1133 5468 τὴν
1160 5399 1836 5472 προστασίανύμνοῦμεν·
1871 5404 1972 5474 τὴν

396 5488 648 5562 βοήθειαν
679 5489 1036 5562 δκθειάζομεν
1055 5505 1070 5520 ·
1098 5489 1198 5560 τὴν
1231 5490 1636 5563 εὐσπλαγχνίαν
1657 5493 1970 5563 δοξολογοῦ-

399 5594 538 5651 μενο
566 5580 662 5634 καὶ
689 5581 782 5634 ἐπὶ
811 5580 910 5650 μὲν
938 5581 1052 5642 τοῖς
1101 5579 1434 5651 παρελθοῦσι
1481 5583 1826 5653 μεμνημένοι
1863 5584 1973 5638 τῶν

403 5673 514 5728 σῶν
540 5673 781 5748 δωρεῶν,
817 5674 914 5729 καὶ
958 5675 1018 5742 ἐξ
1049 5674 1188 5728 ὅσων
1215 5673 1478 5730 κινδύνων
1505 5675 1856 5748 ὲρῤύσθημεν
1884 5678 1975 5734 διὰ

474 5837 496 5870 ⁸
521 5852 662 5910 Psal.
689 5867 762 5920 σι,
797 5853 879 5910 l9.
953 5855 976 5888 θ
1003 5850 1150 5912 Psal.
1179 5865 1362 5924 mm,
1395 5851 1477 5908 l3.
1556 5852 1598 5884 ¹⁰
1629 5851 1798 5909 Exod.
1838 5870 1927 5921 xv,
1958 5853 2006 5909 l.

1983 3457 2031 3520 C

2059 2220 2162 2267 tur.
2223 2210 2364 2266 Sunt
2400 2223 2532 2266 vero
2557 2249 2572 2274 ,
2604 2217 2662 2262 ut
2701 2221 2803 2278 ego
2853 2205 3151 2275 pronuntio
3176 2241 3192 2268 ,
3252 2202 3492 2258 charitas
3520 2215 3634 2256 non

2054 2307 2178 2362 ﬁcta
2197 2343 2212 2370 ,
2246 2317 2369 2372 quas
2397 2315 2609 2357 summa
2657 2306 2742 2354 est
2787 2298 2944 2368 legis,
2971 2306 3028 2352 et
3052 2296 3447 2366 Prophetarum
3471 2311 3486 2361 ;
3515 2293 3634 2348 sin.

2055 2409 2177 2452 cera
2204 2393 2450 2448 fraterna
2477 2390 2699 2446 dilectio
2723 2405 2737 2456 ;
2771 2388 3080 2457 compassio
3103 2402 3212 2441 non
3245 2385 3517 2450 affectata,
3547 2393 3636 2439 at-

2053 2501 2160 2558 que
2181 2500 2250 2540 ex
2277 2483 2499 2548 animo;
2531 2480 2714 2536 divina
2743 2476 3030 2550 virginitas
3057 2495 3071 2542 ;
3103 2475 3360 2546 legitima:
3397 2473 3636 2542 nuptiae;

2055 2572 2548 2646 irreprehensibilis
2587 2569 2852 2634 castitas;
2906 2566 3133 2638 iustitia:
3163 2565 3349 2635 vigor;
3374 2571 3638 2618 constans

2055 2667 2318 2726 fortitudo
2346 2665 2612 2720 adversus
2638 2661 2768 2716 vitia
2795 2677 2810 2727 ;
2841 2659 3144 2730 composita
3172 2657 3499 2728 prudentia;
3527 2655 3637 2708 lar-

2056 2777 2134 2834 gae
2160 2760 2552 2828 eleemosynaa;
2583 2751 2920 2809 continentia
2967 2766 3080 2806 non
3117 2759 3337 2804 tumens
3368 2764 3384 2814 ;
3413 2745 3638 2802 humili-

2057 2862 2141 2908 tas
2183 2851 2249 2906 ad
2282 2847 2762 2919 eompunctionem
2793 2843 2970 2900 facilis
3007 2861 3021 2896 :
3053 2842 3123 2896 ad
3155 2843 3273 2896 haec
3303 2849 3484 2894 autem
3523 2838 3636 2894 vita

2059 2947 2180 3002 sine
2223 2943 2491 3007 crimine;
2541 2939 2672 2994 boni
2709 2951 2927 3001 mores,
2982 2949 3046 2990 ac
3097 2933 3370 2998 modesti;
3419 2931 3639 2987 animus

2057 3034 2338 3108 prudens;
2368 3046 2432 3086 os
2463 3031 2604 3085 bene
2641 3029 2904 3097 loquens;
2941 3025 3124 3096 lingua
3174 3022 3406 3090 favens;
3456 3035 3639 3076 sermo

2059 3125 2438 3192 rationabilis;
2481 3125 2674 3180 oculus
2711 3137 2822 3176 non
2856 3117 3205 3189 impudicus;
3252 3130 3450 3172 manus
3503 3113 3641 3169 nihil

2059 3221 2513 3284 incontinentes;
2568 3216 2650 3270 ira
2681 3229 2794 3268 non
2837 3215 2959 3268 sine
2998 3210 3206 3281 judicio
3231 3251 3249 3278 ,
3304 3209 3392 3264 vel
3436 3206 3642 3264 furoris

2059 3314 2271 3383 impetu
2309 3323 2468 3366 secus
2497 3307 2766 3362 rationem
2820 3304 3082 3368 trahens;
3135 3301 3391 3369 aliaque,
3441 3299 3642 3370 quibus

2060 3401 2228 3456 homo
2259 3398 2328 3453 ad
2359 3395 2456 3452 Dei
2500 3395 2675 3450 factus
2721 3393 3032 3464 imaginem,
3073 3405 3139 3444 ac
3185 3389 3471 3444 ordinatus
3514 3401 3642 3442 cum

2060 3493 2194 3558 Deo,
2224 3506 2326 3548 ceu
2359 3490 2602 3561 pretioso
2632 3501 2698 3542 ac
2737 3483 3126 3541 venustissimo
3159 3481 3367 3536 mundo
3391 3487 3639 3534 ornetur.

2129 3584 2202 3638 lis
2253 3581 2545 3653 oportebat
2586 3577 2830 3647 Deipara:
2879 3573 3084 3646 Virgini
3130 3572 3330 3644 gratias
3383 3571 3639 3626 referre:

2059 3672 2504 3747 quandoquidem
2533 3677 2590 3726 et
2613 3653 2853 3722 morales
2878 3664 3190 3737 philosophi
3235 3663 3518 3732 operibus,
3556 3661 3642 3715 di-

2061 3776 2212 3832 cunt,
2238 3781 2351 3820 non
2377 3763 2562 3820 verbis
2592 3761 2891 3834 gratiarum
2934 3759 3180 3814 actiones
3217 3754 3456 3811 deﬁniri.
3503 3753 3644 3819 Quia

2061 3857 2420 3915 nihilominus
2449 3853 2710 3910 imbecilli
2736 3859 2934 3907 natura
2964 3890 2980 3916 ,
3019 3864 3084 3904 ac
3112 3848 3298 3904 animo
3327 3859 3542 3918 segnes,
3575 3843 3648 3899 ad

2062 3951 2282 4008 virtutis
2323 3948 2540 4003 labores
2564 3943 2830 4015 pigriores
2862 3941 3128 3998 eﬁlcimur
3157 3982 3173 4006 ,
3208 3937 3492 4006 leviusque
3523 3950 3648 3991 eam

2063 4041 2400 4112 attingimus,
2428 4047 2611 4108 atque,
2640 4044 2702 4091 ut
2723 4035 2935 4099 dicunt,
2959 4040 3210 4087 extremo
3247 4029 3436 4100 digito,
3469 4041 3648 4096 eoque

2065 4134 2366 4194 referendis
2395 4131 2602 4204 gratiis,
2635 4140 2936 4196 earumque
2964 4121 3301 4180 exsolvendo
3329 4119 3514 4174 debito
3551 4118 3649 4172 im-

2063 4243 2226 4301 pares
2265 4239 2486 4291 sumus;
2519 4221 2606 4278 vel
2642 4219 2804 4275 nudis
2851 4218 3044 4272 saltem
3100 4213 3284 4269 verbis
3331 4215 3648 4266 constantes

2067 4319 2268 4393 gratias
2305 4315 2625 4371 inferamus.
2659 4311 2932 4366 Levantes
2972 4321 3104 4379 ergo
3150 4319 3343 4360 vocem
3377 4291 3644 4362 nostrain,

2067 4390 2132 4466 ac
2156 4418 2368 4464 mentes
2412 4405 2468 4460 in
2524 4402 2758 4459 sublime
2797 4400 3094 4470 erigentes,
3143 4395 3198 4449 in
3241 4395 3390 4448 hunc
3424 4390 3646 4446 modum

2066 4500 2240 4572 iubilo
2284 4497 2552 4552 dicamus.
2619 4511 2638 4544 ι
2669 4491 2753 4546 Τιι
2808 4490 3031 4560 quidem
3058 4529 3074 4552 ,
3135 4485 3365 4556 Deipara
3397 4482 3645 4546 Domina,

2068 4591 2286 4648 insitam
2317 4605 2348 4643 a
2378 4597 2571 4642 natura
2605 4583 2952 4638 clementiam
2985 4579 3197 4634 habens
3229 4576 3647 4645 haudquaquam

2069 4683 2216 4756 genti
2255 4689 2459 4736 nostra:
2486 4675 2832 4749 providentia
2865 4672 3127 4735 defuisti;
3163 4669 3258 4724 sed
3312 4667 3462 4722 velut
3495 4679 3649 4719 com-

1999 4793 2044 4850 ι)
2072 4776 2254 4832 munis
2280 4771 2608 4830 Christiana).
2659 4768 2838 4841 gentis
2863 4781 3094 4836 parens,
3151 4763 3387 4818 ﬁliorum
3434 4771 3648 4821 amans,

2071 4882 2136 4922 ac
2163 4863 2469 4920 visceribus
2525 4858 2776 4923 afﬂuens,
2811 4857 2890 4912 sic
2920 4869 3138 4924 semper
3169 4862 3260 4906 tua
3295 4850 3454 4905 nobis
3476 4848 3648 4902 bene-

2070 4957 2194 5012 ﬁcia
2233 4953 2482 5024 impertis
2508 4969 2523 5018 ;
2553 4966 2658 5006 nos
2701 4950 2936 5012 salvans,
2967 4955 3279 5017 protegens,
3313 4939 3647 5004 custodiens,

2071 5063 2102 5103 a
2137 5045 2394 5118 periculis
2428 5043 2690 5108 liberans,
2725 5053 2927 5094 eruens
2983 5052 3014 5091 a
3073 5033 3490 5090 tentationibus.
3539 5028 3653 5082 Nos

2071 5147 2255 5193 autem
2301 5151 2401 5206 pro
2447 5131 2716 5203 ejusmodi
2769 5131 2934 5184 rebus
2981 5127 3187 5200 gratias
3240 5125 3502 5195 agimus;
3541 5121 3652 5176 alto

2071 5229 2224 5284 vocis
2247 5225 2517 5296 praeconio
2545 5221 2893 5296 agnoscimus
2922 5221 3098 5286 dona;
3131 5217 3394 5274 beneﬁcia
3419 5231 3525 5269 non
3557 5229 3655 5268 oc-

2073 5321 2384 5384 cultamus;
2417 5315 2704 5389 magniﬁce
2735 5313 2982 5370 canimus
3018 5321 3110 5366 tua
3164 5309 3465 5371 mirabilia;
3501 5316 3654 5362 tuum

2078 5408 2134 5462 in
2171 5421 2276 5463 nos
2313 5407 2553 5463 studium
2576 5447 2592 5472 ,
2644 5411 2702 5460 et
2731 5417 2920 5458 curam
2949 5399 3352 5473 gloriﬁcamus;
3404 5391 3656 5464 magniﬁ-

2077 5514 2264 5554 camus
2335 5497 2788 5570 providentiam;
2856 5493 3253 5564 protectionem
3329 5489 3652 5551 laudamus;

2079 5589 2341 5646 auxilium
2390 5604 2492 5644 ceu
2543 5587 2674 5658 quid
2703 5587 2949 5642 divinum
2987 5583 3311 5646 efferimus;
3342 5577 3654 5634 misericor—

2080 5681 2224 5736 diam
2275 5693 2528 5736 sermone
2553 5678 2914 5736 celebramus.
2962 5675 3140 5746 Atque
3179 5686 3280 5745 pro
3316 5669 3383 5727 iis
3410 5666 3654 5742 quidem,
