4062 6498
331 332 353 397 Ῑ
365 333 473 399 565

333 443 474 500 lb35
512 443 906 516 Προστακτικῷ
930 446 989 501 δὲ
1012 445 1191 503 πάντα
1216 446 1518 521 μορφώσας
1546 447 1711 519 λόγῳ,

518 532 922 607 ’Υποτακτικήν
953 553 1036 591 σοι
1064 538 1422 612 δημιουργεϊς
1442 539 1544 610 τὴν
1572 539 1770 595 κτίσιν.

507 623 853 697 Πάμμορφος
882 625 979 692 ὢν,
1007 627 1287 700 ἄμορφος
1315 631 1419 684 οὐκ
1446 628 1586 701 ἔχων
1617 629 1832 697 στάσιν,

509 715 628 770 Οὐκ
664 718 830 787 ἴχνος,
857 718 916 772 οὐ
945 717 1185 790 κίνησιν,
1214 719 1276 774 οὐ
1312 720 1564 792 γνωστὴν
1592 720 1750 793 βάσιν
1769 736 1783 752 ·

504 807 734 863 Πάντων
758 810 869 882 γάρ
899 806 952 866 εἷ
983 811 1222 884 κίνησις,
1249 814 1285 884 ἡ
1315 814 1538 868 πάντων
1568 812 1747 884 βάσις.

330 898 471 956 1600
515 897 771 969 Ἀπλοῦς,
808 903 1075 972 μεθεκτδς
1098 942 1114 968 ,
1147 894 1390 976 πρῶτος,
1424 904 1683 976 ἔσχατος,
1720 906 1908 978 μέσος,

522 990 779 1063 ’Υψηλδς,
806 994 996 1066 εὐρὺς,
1030 996 1299 1070 άπλατὴς,
1340 996 1533 1068 βαθὺς,
1565 998 1775 1067 μέγας

508 1085 680 1139 Οὐδὲν
708 1086 767 1140 δὲ
795 1086 1025 1154 τούτων,
1054 1090 1170 1145 ἀλλ’
1201 1090 1260 1143 ἐν
1290 1089 1516 1154 ἀϐάτοις
1538 1091 1689 1163 ὅροις

514 1176 632 1247 Τῆς
656 1177 759 1248 σῆς
790 1179 980 1249 δπήξω
1008 1181 1280 1252 μυστικῆς
1310 1181 1583 1247 ἐξουσίας.

516 1267 578 1324 '0
608 1269 890 1340 πανταχοῦ
921 1270 1042 1340 μὲν,
1066 1272 1306 1343 οὐδαμοῦ
1328 1273 1409 1339 δὲ,
1438 1273 1537 1329 καὶ
1569 1272 1734 1327 πάλιν
1751 1289 1767 1307 ο

331 1349 472 1411 1695
507 1356 619 1410 Καὶ
648 1356 828 1412 πάντα
854 1357 948 1411 καὶ
972 1357 1032 1411 ἓν
1054 1375 1070 1393 ο
1097 1359 1272 1415 ταῦτα
1295 1361 1409 1432 γάρ
1437 1362 1768 1417 σοναπτέονο

511 1449 731 1520 Μήπως
756 1448 976 1521 ὑπαχθῇ
1006 1448 1122 1515 τοῖς
1151 1452 1276 1506 κατ’
1297 1452 1794 1524 αἴσθησιντύποις,

507 1541 583 1596 Τὸ
612 1540 671 1595 ιν
703 1540 1076 1614 μονωθένυτῇ
1108 1542 1165 1597 δὲ
1198 1542 1420 1616 (πάντα)
1453 1545 1702 1600 συνθέσει

507 1630 811 1704 Δηλοῦντες
835 1632 1005 1688 αὐτοῦ
1030 1633 1131 1706 τὴν
1161 1635 1539 1706 ἀπερίληπτον
1570 1635 1735 1706 φύσιν
1751 1652 1770 1669 ο

507 1719 678 1787 Αὖθις
705 1723 821 1792 τόγ’
855 1723 1201 1796 ἐγκρίνωμεν
1224 1718 1628 1799 ὴιιριϐωμένως
1647 1745 1662 1761 ο

331 1814 481 1873 1700
517 1815 729 1889 Mittunt;
755 1813 824 1869 τὰ
846 1816 1026 1870 πάντα
1055 1818 1171 1888 σχῇ,
1193 1818 1371 1889 κακὴν
1397 1818 1655 1888 ὑποψίαν,

512 1904 621 1959 Καὶ
646 1887 828 1974 δῶμεν
858 1904 1050 1977 είρμδν
1077 1887 1157 1979 τῇί
1179 1887 1380 1981 ῥεούσῃ
1410 1887 1680 1964 συνθέσει.

320 2078 507 2137 forma
537 2095 553 2134 :
609 2087 671 2136 tu
695 2094 875 2152 neque
905 2088 1052 2146 stas,
1088 2095 1269 2153 neque
1299 2080 1512 2138 incedis
1544 2099 1558 2140 :
1598 2082 1712 2138 tibi.
1730 2097 1910 2155 neque

320 2183 413 2228 est
441 2178 624 2228 motus
645 2212 664 2240 ,
690 2187 869 2243 neque
897 2188 1061 2244 quam
1089 2188 1195 2229 nos
1221 2175 1478 2230 novimus
1500 2216 1515 2243 ,
1547 2175 1738 2247 quies;
1783 2192 1909 2232 nam

324 2264 574 2320 omnium
604 2279 665 2320 es
689 2273 872 2320 motus
894 2306 912 2333 ,
954 2274 1010 2321 et
1052 2265 1297 2320 omnium
1331 2265 1530 2336 quies:
1574 2274 1635 2322 tu
1681 2267 1908 2339 simplex

324 2366 388 2413 et
427 2357 672 2414 omnium
720 2356 1029 2429 particeps;
1081 2366 1141 2412 tu
1188 2357 1396 2429 primus
1444 2367 1501 2414 et
1554 2358 1812 2425 ultimus;
1848 2369 1909 2416 tu

320 2451 564 2509 medius
601 2460 665 2508 et
709 2466 990 2516 summus,
1046 2451 1189 2507 latus
1237 2460 1295 2508 et
1350 2450 1707 2519 inextensus;
1770 2452 1914 2509 imus

319 2552 388 2600 et
439 2543 753 2612 maximus;
809 2551 866 2599 et
920 2543 1056 2599 nihil
1110 2543 1308 2600 horum
1354 2552 1587 2600 tamen:
1635 2545 1734 2603 sed
1782 2560 1915 2602 vere

324 2633 477 2690 intra
507 2632 821 2692 inaccessos
866 2650 1080 2690 arcana:
1125 2643 1231 2689 tua:
1260 2635 1522 2706 potentiae
1566 2635 1831 2692 terminos
1854 2651 1919 2692 es

326 2725 644 2783 conclusus.
679 2724 764 2781 Tu
815 2725 1017 2796 ubique
1045 2740 1107 2782 es
1138 2766 1157 2793 ,
1202 2733 1260 2781 et
1300 2726 1494 2782 nullibi
1519 2768 1534 2792 ,
1560 2734 1630 2783 .et
1669 2735 1861 2782 contra
1894 2746 1910 2782 :

328 2825 395 2873 tu
431 2831 599 2874 unum
649 2826 706 2874 et
745 2818 949 2874 omnia.
986 2815 1113 2875 Hac
1142 2816 1294 2875 enim
1326 2834 1436 2874 una
1481 2818 1645 2876 simul
1678 2818 1913 2892 conjun-

324 2909 507 2980 genda
526 2920 688 2978 sunt;
719 2925 792 2967 ne
820 2911 866 2966 si
899 2927 1066 2967 unum
1084 2920 1231 2968 esset
1247 2912 1395 2969 omni
1413 2913 1914 2985 prorsusadjuncto

324 3001 656 3057 destitutum
677 3010 993 3058 nostrorum
1021 3017 1281 3059 sensuum
1341 3007 1727 3077 perceptiones
1775 3008 1916 3065 etfu-

1686 282 2234 401 HEXiﬁiMERON.

3467 330 3606 397 1566

2189 445 2282 518 Τῷ
2332 443 2614 516 πανταχοῦ
2644 443 2701 499 δὲ
2726 443 2817 499 τδν
2843 443 2977 498 Θεὸν
3013 443 3343 514 πεφυκέναι,

2191 538 2268 591 Τὸ
2298 536 2555 609 μηδαμοῦ
2583 536 2877 608 πρόσεστιν
2902 535 3305 601 ἀντισυνθέσει,

2191 629 2407 699 Μήπως
2445 627 2705 700 μερισθὲν
2727 628 2795 697 τῇ
2828 626 2952 696 διχῆ
2986 626 3288 691 διαστάσει,

2020 717 2159 774 1705
2198 716 2273 770 Τὸ
2297 715 2554 788 μηδαμοῦ
2591 718 2690 788 μὲν
2721 716 2802 780 εἰς
2836 714 3087 769 ἀνούσιον
3118 714 3296 787 ῥέποι,

2199 808 2274 862 Τὸ
2308 808 2590 879 πανταχοῦ
2620 807 2680 861 δὲ
2704 810 2816 871 τοῖς
2848 809 3125 878 μεριστοῖς
3149 806 3386 878 άρμόσοι
3404 826 3418 841 -

2206 900 2347 955 Ἀλλ’
2375 900 2754 969 ὰντιγόμςοοις,
2784 898 2860 963 ὡς
2883 895 2950 953 ἂν
2976 897 3124 951 εἴποι
3152 914 3255 964 τις,
3288 896 3491 964 λόγοις,

2196 992 2271 1046 Τὸ
2297 992 2476 1046 πάντα
2509 991 2606 1044 καὶ
2636 990 2716 1055 ἓν,
2746 988 2844 1044 καλ.
2867 988 2930 1042 τὸ
2967 988 3220 1059 μηδαμοῦ
3248 988 3436 1053 πάλιν,

2194 1086 2275 1156 Τῇ
2312 1083 2594 1154 πανταχοῦ
2625 1082 2969 1152 σφίγγοντεζ
2983 1080 3373 1153 άντιφθεγγίαο

2020 1177 2158 1233 1710
2194 1175 2433 1247 Στερῤὸν
2455 1174 2517 1227 τὸ
2548 1172 2747 1246 βάθρον
2780 1172 3024 1244 πήξομεν
3047 1172 3156 1227 τῶν
3181 1170 3495 1241 δογμάτων.

2270 1267 2336 1320 Ei
2362 1266 2457 1321 καὶ
2481 1264 2644 1337 βάθος
2667 1266 2779 1336 γὰρ
2813 1263 3104 1319 ἐκσαθύνει
3142 1280 3223 1316 σοι
3252 1262 3440 1331 λόγου,

2193 1362 2349 1435 Πρὸς
2369 1362 2504 1432 ῦψος
2536 1361 2725 1434 ἀρθεὶς
2758 1361 3080 1434 ἐμφανίζειν
3104 1361 3165 1415 οὐ
3195 1359 3377 1423 θέλεις
3399 1375 3415 1391 ο

2195 1455 2258 1508 Εἰ
2281 1455 2378 1509 καὶ
2401 1453 2539 1525 πρὸς
2567 1453 2735 1524 ἄκρον
2765 1452 2899 1523 ῦψος
2925 1452 3137 1524 ἁρθῶσι
3163 1451 3386 1522 φρένες,

2196 1544 2343 1617 Πρὸς
2369 1544 2541 1616 ἄκρον
2562 1546 2733 1607 αὐτάς
2761 1543 3233 1615 άνθυποστρέφεις
3262 1542 3449 1615 βάθος,

2021 1637 2161 1694 1715
2210 1637 2302 1700 Ὠς
2332 1639 2470 1708 μήτε
2503 1640 2679 1709 μῆκος
2708 1635 2787 1707 σῷ
2817 1636 3197 1707 παρίπτασθαι
3229 1635 3405 1706 βάθει,

2198 1729 2357 1799 Μήτε
2385 1729 2590 1792 πλάτος
2621 1729 2715 1785 σὺν
2739 1728 2873 1798 ὕψος
2896 1730 2972 1792 εἰς
2997 1727 3176 1800 πέρας
3203 1727 3446 1799 τρέχειν,

2211 1817 2352 1871 Ἀλλ’
2384 1820 2466 1883 εἰς
2497 1818 2702 1887 άπειρα
2733 1818 2843 1873 τῶν
2869 1817 3115 1888 ἀπείρων
3139 1818 3174 1888 ἡ
3204 1815 3360 1887 χύσις

2202 1906 2471 1974 Χυθεϊσα,
2503 1908 2573 1979 τῇ
2604 1910 2672 1979 σῇ
2698 1906 2969 1978 τέμνεται
2983 1906 3324 1978 παρεκτάσει
3344 1919 3360 1935 ⁸

2017 2096 2140 2138 esse
2178 2082 2362 2138 statim
2394 2098 2426 2138 e
2455 2082 2733 2139 contrario
2777 2081 3117 2154 adjicimus:
3161 2096 3234 2136 ne
3274 2080 3320 2136 si
3368 2081 3600 2142 alterum

2016 2173 2086 2228 ab
2109 2173 2282 2228 altero
2308 2174 2538 2229 seorsim
2563 2183 2800 2245 ponatur
2819 2215 2833 2241 ,
2857 2174 2920 2227 τὸ
2950 2173 3139 2227 nullibi
3160 2172 3228 2228 ad
3272 2171 3604 2227 inexsisten-

2016 2266 2145 2321 tiam
2175 2266 2510 2338 arguendam
2539 2267 2962 2338 detorqueatur,
3023 2267 3086 2320 τὸ
3132 2266 3322 2338 ubique
3363 2279 3495 2321 vero
3533 2264 3603 2320 ad

2015 2358 2390 2415 exsistentiam
2437 2360 2665 2432 singulis
2715 2359 2821 2415 loci
2884 2360 3129 2432 partibus
3180 2359 3603 2431 respondentem

2009 2450 2449 2518 accommodetur
2477 2469 2493 2507 :
2528 2450 2664 2507 adeo
2689 2459 2748 2507 ut
2774 2450 3064 2507 contrariis
3087 2451 3230 2507 inter
3258 2465 3318 2506 se
3355 2449 3601 2515 vocibus,

2009 2548 2066 2596 et
2110 2541 2481 2613 pugnantibus
2521 2558 2591 2599 ex
2633 2543 2865 2599 adverso
2910 2541 3174 2609 vocibus,
3208 2540 3355 2612 quod
3385 2541 3601 2597 clavum

2010 2631 2165 2688 clavo
2197 2633 2417 2689 trudere
2460 2636 2586 2706 quis
2637 2635 2879 2695 diceret.
2924 2651 3091 2689 unum
3134 2641 3190 2689 et
3237 2633 3456 2696 omnia,
3483 2633 3603 2687 ubi-

2013 2740 2113 2795 que
2139 2732 2194 2780 et
2225 2724 2410 2779 nullibi
2425 2726 2698 2781 contraria
2718 2725 2995 2782 locutione
3023 2734 3380 2781 conserentes
3396 2723 3603 2778 firmis-

2014 2816 2213 2871 simum
2236 2825 2512 2871 struamus
2544 2818 2747 2874 nostris
2776 2817 3121 2891 dogmatibus
3161 2816 3601 2871 fundamentum.

2090 2929 2352 2997 Quamvis
2397 2933 2547 2988 enim
2591 2932 2773 2988 omnis
2801 2931 3069 2988 orationis
3120 2931 3206 2988 vis
3234 2929 3291 2985 in
3340 2938 3397 2985 te
3447 2941 3601 2993 uno,

2019 3017 2196 3086 Deus,
2241 3019 2621 3092 investigando
2685 3029 2966 3089 versetur,
3030 3030 3089 3076 tu
3150 3020 3209 3075 in
3258 3018 3438 3074 altum-
3488 3017 3604 3073 cla—

323 3102 525 3166 geret;
552 3108 680 3151 cum
711 3102 901 3151 contra
931 3094 1092 3151 simul
1122 3095 1384 3154 addentes
1412 3100 1591 3153 omnia
1626 3099 1724 3157 Dei
1748 3109 1913 3157 uatu-

328 3202 447 3210 ___
533 3200 691 3210 ...-__
717 3186 930 3210 ,,-----ε
963 3186 1107 3210 _._..-
1141 3188 1299 3210 _.-s-
1332 3205 1620 3210 ,μη-η--
1693 3207 1708 3210 -
1792 3193 1832 3210 -μ

2025 3117 2118 3166 tus
2149 3125 2265 3166 non
2307 3110 2391 3168 vis
2417 3112 2596 3184 detegi
2619 3128 2648 3177 ;·
2671 3120 2728 3169 et
2756 3108 3005 3183 quamvis
3051 3112 3122 3167 ad
3181 3124 3450 3166 summam
3479 3107 3605 3164 caeli

327 3202 450 3242 ram
469 3228 490 3256 ,
529 3200 695 3259 quam
717 3186 933 3258 assequi
960 3186 1111 3243 nullo
1140 3188 1305 3244 modo
1332 3205 1625 3261 possumus
1644 3233 1661 3259 ,
1685 3192 1914 3259 eviden-

324 3289 418 3335 ter
440 3278 781 3336 declaramus
815 3297 831 3335 :
876 3279 982 3348 vel,
1022 3288 1085 3336 ut
1107 3280 1213 3337 hoc
1247 3281 1427 3353 ipsum
1454 3283 1635 3341 adhuc
1655 3285 1914 3343 enuclea-

324 3372 443 3429 tius
463 3373 894 3447 distinguamus,
943 3389 1017 3430 ne
1066 3373 1114 3432 si
1151 3376 1331 3430 omnia
1381 3383 1595 3433 tantum
1645 3377 1913 3441 dicamus,

325 3465 389 3520 in
411 3466 609 3522 malam
637 3466 1008 3538 suspicionem
1037 3467 1164 3538 quis
1193 3468 1407 3537 veniat,
1433 3468 1588 3540 quasi
1626 3484 1746 3535 res,
1792 3485 1917 3541 quae

322 3571 467 3613 sane
495 3557 551 3613 in
579 3557 729 3613 fluxu
756 3565 1027 3630 perpetuo
1074 3567 1208 3615 sunt
1263 3559 1458 3631 positae
1501 3602 1517 3627 ,
1557 3576 1657 3632 per
1704 3562 1919 3633 seipsas

326 3655 482 3705 stare
509 3649 861 3721 coniunctas,
914 3658 1080 3721 atque
1139 3649 1327 3705 unitas
1382 3651 1639 3708 velimus.
1695 3651 1919 3724 Optime

326 3756 464 3800 vero
487 3758 615 3800 cum
643 3742 816 3800 Deum
845 3741 1038 3814 ubique
1066 3757 1190 3801 esse
1217 3742 1451 3800 dicimus
1475 3784 1493 3811 ,
1539 3744 1728 3800 nullibi
1748 3745 1917 3801 etiam

2020 3200 2362 3269 altitudinem
2401 3216 2460 3257 se
2479 3202 2743 3258 extollant
2772 3211 3005 3267 mentes,
3037 3202 3183 3272 ipsas
3208 3200 3266 3255 in
3286 3199 3455 3255 imum
3477 3213 3607 3268 pro-

2022 3287 2182 3345 fundi
2210 3287 2523 3346 subvertis:
2554 3298 2617 3345 ut
2648 3304 2718 3344 ne
2747 3290 2853 3344 ulla
2886 3289 3107 3360 quidem
3131 3287 3415 3360 longitudo
3455 3293 3605 3341 tanta

2021 3379 2129 3444 sit,
2150 3388 2213 3435 ut
2242 3388 2390 3434 tuam
2417 3378 2841 3450 profunditatem
2869 3377 3083 3440 metiri,
3110 3392 3290 3446 neque
3323 3376 3428 3431 ulla
3478 3375 3605 3430 lati-

2022 3468 2158 3526 tudo
2176 3510 2192 3535 ,
2218 3484 2342 3539 quae
2369 3477 2477 3525 tua
2503 3468 2805 3524 altitudinis
2833 3468 3096 3523 terminos
3113 3469 3292 3522 valeat
3311 3468 3602 3539 attingere;

2021 3577 2148 3618 cum
2176 3576 2241 3617 ea
2268 3601 2287 3627 ,
2335 3576 2463 3631 quae
2508 3562 2565 3617 in
2608 3561 2882 3616 infinitum
2930 3563 3300 3634 porriguntur,
3337 3561 3606 3616 immense

2023 3653 2223 3710 diffusa
2252 3653 2426 3722 spatia
2445 3694 2463 3721 ,
2491 3662 2587 3709 tua
2613 3668 3026 3724 quaquaversus
3061 3667 3120 3708 se
3139 3652 3446 3707 extendens
3461 3666 3605 3721 pra:-

2025 3749 2199 3803 sbntia
2220 3746 2461 3819 impleat,
2485 3763 2550 3804 ac
2569 3746 2778 3802 dividat
2809 3765 2822 3800 :
2848 3745 2987 3801 adeo
3011 3753 3092 3812 ut,
3116 3744 3161 3800 si
3192 3743 3274 3800 fas
3289 3751 3375 3799 est
3402 3743 3605 3810 dicere,

1828 3884 2074 3969 πυτία.

402 4015 563 4090 1087.
627 4016 832 4090 Contra
886 4016 1479 4090 Anthropomorphitas
1506 4057 1523 4084 ,
1579 4019 1673 4090 qui
1724 4035 1793 4076 ex
1849 4037 1917 4078 eo

323 4088 480 4161 quod
509 4088 673 4161 h_omo
702 4088 774 4161 ad
799 4089 1085 4161 imaginem
1106 4088 1165 4161 et
1197 4088 1611 4161 similitudinem
1622 4091 1716 4145 Dei
1740 4090 1918 4149 factus

325 4158 512 4222 esset,
536 4158 707 4241 Deum
741 4158 1170 4244 ipsum’humanj
1199 4160 1466 4244 corporis,
1517 4176 1592 4244 ac.
1634 4161 1917 4217 membro-

325 4242 458 4284 rum
487 4229 729 4298 speciem
760 4229 963 4284 habere
989 4229 1332 4311 ineptissime
1362 4230 1731 4285 afﬁrmabant.

405 4297 781 4371 1690.ADeum
801 4312 924 4371 esse
962 4298 1191 4364 άπλουν,
1222 4308 1281 4355 et
1327 4300 1653 4365 ἀσύνθετον,
1706 4301 1918 4371 simpli-

324 4383 467 4433 cem,
491 4377 542 4422 et
573 4368 973 4436 incompositum
999 4371 1246 4438 sequitur
1268 4384 1335 4425 ex
1364 4385 1450 4436 eo,
1482 4371 1628 4438 quod
1651 4373 1725 4428 sit
1763 4368 1911 4426 ἀσὼε-

334 4387 467 4433 cem,
491 4387 973 4451 etnncompomum
999 4387 1335 4452 sequiturex
1364 4387 1450 4436 eo,
1482 4387 1628 4496 quoa
1651 4387 1725 4428 snt
1763 4387 1909 4454 ασω-

334 4454 928 4562 ξῗιαῑοξαλιιεὲζιέονὲιῶ..
961 4438 1099 4496 Vide
1139 4438 1402 4513 Cyrillum
1451 4441 1498 4495 A
1519 4443 1717 4499 ennd.
1748 4443 1845 4498 lib.
1873 4460 1909 4500 ν

329 4509 392 4563 in
428 4509 585 4563 Joan.
662 4524 691 4562 a
735 4550 749 4564 .
786 4509 910 4565 549.
1186 4509 1200 4513 ’

407 4578 567 4660 ἓξὲξ·
604 4524 740 4660 ξοδδ.
773 4579 912 4660 ιιιβ
936 4579 1128 4651 δρουςν
1157 4579 1378 4660 meliss-

407 4647 565 4703 1694.
604 4648 708 4702 Per
733 4647 1067 4714 antitheses,
1115 4659 1171 4704 et
1199 4650 1481 4717 attributa,
1510 4660 1575 4707 ut
1596 4652 1784 4715 aiunt,
1810 4667 1917 4708 ne-

333 4718 518 4791 gativa
547 4717 936 4791 meliusgnobis
953 4719 1193 4791 divinam
1239 4728 1491 4791 naturam
1538 4723 1910 4788 innotescere,

334 4787 497 4857 fluam
521 4802 618 4860 per
683 4787 1070 4860 aﬁirmantium
1127 4790 1524 4860 proprietatum
1568 4787 1915 4849 deﬁnitiones

333 4856 642 4930 communis
675 4868 762 4914 est
797 4858 1045 4914 omnium
1095 4856 1472 4930 theologorum
1494 4863 1787 4918 sententia.
1807 4859 1916 4918 Fa-

332 4927 495 5002 cilius
521 4927 667 5002 enim
697 4936 999 5002 αξιοι-εει,
1032 4927 1422 5002 ιιιιίιιμιιοιῇνείι,
1464 4946 1627 5002 quam
1667 4934 1802 5002 quid
1845 4933 1917 4989 sit

333 4996 501 5063 Dens,
523 4997 724 5054 dicere.
750 4998 982 5053 Proinde
1008 4996 1144 5054 adeo
1166 4998 1449 5056 familiaris
1464 4996 1549 5056 est
1569 4996 1914 5059 antitheseon

332 5082 471 5139 usus
502 5065 719 5131 Pisidae,
749 5069 841 5139 qui
885 5069 1076 5139 ubique
1099 5080 1155 5125 et
1203 5069 1411 5136 nullibi,
1440 5087 1603 5125 unum
1639 5085 1686 5127 et
1735 5075 1916 5129 omnia

332 5138 393 5192 in
428 5135 537 5211 Deo
562 5135 944 5211 coniungenda
972 5135 1101 5211 esse
1127 5148 1275 5195 recte
1301 5141 1511 5196 statuit.
1566 5142 1703 5198 Cum
1763 5144 1914 5200 enim

334 5222 436 5281 pg
464 5206 710 5281 divinam
736 5206 1031 5281 essentiam
1064 5210 1135 5265 sit
1157 5225 1318 5273 unus,
1354 5212 1555 5266 virtute
1579 5218 1797 5281 tamen,
1859 5221 1916 5269 et

324 5274 629 5350 efﬁcientia
659 5279 952 5350 gsuagadeo
991 5290 1075 5335 est
1108 5281 1390 5350 multiplex
1422 5324 1437 5348 ,
1479 5289 1539 5335 ut
1566 5274 1911 5340 nullius'loci

335 5346 610 5436 angustiis
636 5348 914 5414 definitus,
939 5350 1035 5436 v'el‘
1055 5346 1504 5436 circumscriptus
1546 5353 1732 5436 omnia
1784 5370 1914 5436 per:

335 5429 511 5477 meet,
575 5433 737 5487 atque
782 5420 1062 5489 pervadat.
1126 5422 1297 5476 Deum
1351 5420 1451 5492 per
1495 5420 1804 5480 antitheses
1846 5425 1913 5480 ad

336 5485 537 5561 l’isidae
580 5489 860 5561 modulum
894 5489 1227 5561 descriptum
1265 5491 1511 5548 invenies
1569 5495 1623 5548 in
1668 5496 1912 5551 carmine

336 5554 575 5637 lambico
600 5557 818 5637 Georgii
862 5554 1330 5637 Acyndiiiicoutra
1382 5562 1702 5637 gregorium
1750 5563 1909 5621 Pala-

334 5639 506 5704 mam,
521 5634 668 5704 _to_m.
708 5629 729 5682 ι
751 5628 975 5704 graecia:
997 5631 1201 5686 orthod.
1244 5648 1364 5704 pag.
1395 5628 1518 5690 756'.

409 5695 703 5768 i696.an
735 5698 966 5754 dicimus
999 5707 1208 5755 tantum
1238 5695 1400 5755 imam
1421 5745 1436 5768 ,
1467 5720 1537 5760 ne
1569 5705 1909 5761 subducatur

337 5766 592 5823 sensibus
614 5765 707 5823 Dei
738 5769 908 5837 notio,
928 5785 991 5825 ac
1015 5771 1242 5842 proinde
1269 5773 1337 5830 ad
1358 5765 1498 5830 idola
1527 5775 1631 5832 sibi
1659 5777 1905 5848 ﬁngenda

2016 4023 2141 4094 quis
2196 4037 2258 4079 se
2283 4027 2587 4079 convertat.
2615 4020 2856 4094 Dicimus
2882 4016 3302 4094 autempmnia,
3342 4024 3401 4070 ut
3424 4013 3607 4070 divina

2012 4086 2211 4166 natura
2231 4107 2637 4166 quaquaversus
2663 4106 2724 4146 se
2763 4086 3431 4166 eﬂ‘undens_intel_liga_tur.
3590 4153 3604 4166 .

2086 4156 2263 4219 1699f
2312 4156 2554 4217 Dicimus
2603 4176 2770 4214 unum
2826 4169 2875 4213 et
2934 4158 3115 4212 omnia
3173 4156 3375 4221 simul,
3437 4168 3509 4208 ne
3559 4156 3607 4208 si

2014 4234 2194 4288 omnia
2220 4241 2431 4288 tantum
2467 4231 2736 4296 dicamus,
2768 4230 3053 4284 videamur
3084 4225 3409 4296 concedere,
3449 4239 3610 4277 mun-

2014 4304 2167 4374 dum
2192 4318 2291 4373 per
2354 4316 2415 4374 se
2465 4311 2720 4374 constare
2763 4317 2778 4354 :
2840 4298 3003 4374 simili
3035 4296 3272 4374 “ratione
3324 4295 3515 4374 ubiquf
3559 4301 3609 4347 et

2014 4364 2211 4428 nullibi
2258 4372 2659 4442 conjungimus.
2718 4385 2791 4425 ne
2851 4369 2897 4442 si
2951 4366 3139 4421 nullibi
3193 4374 3402 4420 tantum
3459 4364 3612 4417 dica-

2015 4458 2137 4499 mus
2196 4439 2374 4498 Deum
2415 4439 2528 4496 non
2577 4455 2699 4496 esse
2725 4482 2739 4505 ,
2788 4439 2937 4510 quis“
2970 4446 3127 4507 putet
3174 4450 3277 4510 nos
3323 4448 3606 4510 asserere;

1943 4510 1989 4566 D
2017 4529 2081 4568 ac
2108 4514 2151 4569 si
2173 4520 2363 4569 contra
2385 4512 2577 4582 ubique
2625 4503 2836 4582 tantum
2864 4503 3147 4582 ederatur,
3177 4503 3439 4582 Deum_in
3483 4517 3609 4571 par-

2019 4594 2101 4639 tes
2129 4583 2364 4640 divisum
2384 4622 2401 4648 ,
2429 4575 2499 4636 et'
2524 4581 2646 4635 loco
2675 4579 3144 4648 circumscriptum
3165 4616 3179 4639 ,
3224 4575 3379 4644 quasi
3414 4587 3611 4648 corpo-

2017 4668 2172 4708 reum
2195 4667 2297 4708 nos
2315 4643 2564 4707 astruere
2584 4651 2713 4720 quis
2739 4657 2951 4720 arguat.
2986 4643 3123 4703 Vide
3151 4643 3404 4702 sanctum
3436 4643 3613 4697 Attia-

2016 4725 2234 4778 nasium
2260 4721 2457 4779 Contra
2485 4729 2681 4791 gentes.

2091 4794 2248 4847 i702.
2274 4792 2410 4848 Cod.
2444 4783 2604 4854 1126,
2628 4789 2826 4844 melius
2850 4787 2914 4841 τὸ
2942 4783 3245 4856 πανταχοῦ,
3272 4792 3329 4856 et
3359 4783 3413 4836 in
3443 4797 3610 4856 versu

2017 4862 2267 4933 sequenti
2311 4864 2379 4934 τῇ
2430 4852 2704 4933 μηδαμοῦ,
2743 4868 2803 4914 et
2843 4858 2899 4912 in
2951 4858 3088 4912 1704
3126 4852 3427 4925 διακρίσει,
3466 4862 3523 4908 et
3553 4852 3609 4907 in

2019 4934 2158 4989 1706
2179 4934 2488 5004 μερισμός.

2088 4988 2403 5059 ιιόι.’νῑάε
2422 4988 2729 5071 Erasmum,
2752 4999 2921 5071 Adag.
2940 5013 3064 5070 pag.
3086 4996 3176 5063 το,
3201 4995 3320 5068 ἥλῳ
3337 4993 3430 5048 τὸν
3448 4988 3605 5067 ἧλονο
3701 5064 3704 5069 ἢ

2015 5074 2325 5139 ἐκκρούειν,
2359 5073 2565 5127 clavum
2591 5070 2741 5126 clauo
2765 5069 2977 5139 pellere.

2087 5139 2250 5216 1709.
2278 5143 2414 5216 Cod.
2449 5140 2588 5216 1120
2616 5139 3005 5216 άντιςρθογγίαῼ.
3035 5208 3056 5216 Α
3080 5206 3093 5216 .
3291 5213 3298 5216 _
3347 5203 3361 5216 ,

2089 5214 2252 5268 ΠΗ.
2299 5214 2447 5270 idem
2489 5212 2611 5267 cod.
2652 5206 3202 5278 ιηθιῖιιεὲμσαθύνει,
3244 5213 3307 5278 et
3346 5206 3410 5258 in.
3440 5216 3606 5259 volsa

2018 5284 2178 5356 ms,
2211 5276 3095 5356 εἰδέμήῆῃ1ξ111›,-”1ιρδς,ἄκρα]ί
3123 5276 3307 5356 αὐτῇ·
3428 5346 3445 5356 ,
3490 5344 3542 5356 ,.

2091 5344 2246 5410 ιιιδ.
2308 5344 2458 5409 Idem
2509 5353 2633 5408 cod.
2693 5344 3012 5420 εἰς’πέραέ
3054 5348 3188 5417 ἔχει.
3242 5344 3362 5400 Non
3414 5344 3610 5420 dubito

2014 5423 2252 5480 Pisidam
2304 5424 2643 5494 intelligere,
2700 5415 3017 5494 mundum,
3074 5415 3237 5488 quem
3315 5425 3377 5470 ut
3434 5415 3609 5469 latum

2013 5505 2075 5550 et
2114 5496 2335 5568 longum
2375 5491 2753 5568 tantummodo
2782 5491 3093 5568 considerat
3113 5531 3129 5555 ,
3155 5503 3269 5542 non
3291 5500 3612 5568 tersse‘mienf

2012 5556 2360 5621 suram'Dei.
2415 5563 2618 5620 ﬁonfer
2683 5563 2996 5634 superiores
3049 5572 3245 5615 versus
3289 5556 3460 5623 93,“
3503 5556 3612 5609 'se-'
3643 5624 3647 5628 η

2010 5647 2264 5760 ᾳυῗξῖξῗ’
2310 5706 2577 5771 Ἀπειρα.
2615 5702 2800 5772 Spatia
2834 5700 2921 5772 illa
2977 5698 3252 5769 intelligit,
3290 5711 3413 5765 quin
3451 5702 3609 5772 extra

2011 5777 2277 5833 mundum
2331 5765 2586 5846 tanquam
2639 5765 2955 5829 exsistcntia
3001 5765 3185 5826 mento
3247 5765 3611 5838 comprehcn-
