4090 6300
234 337 347 400 673

1433 330 1690 393 CHRON
1698 328 1870 390 ICON
1920 327 2324 389 PASCHALE.

3382 320 3490 385 674

238 442 461 506 ίδίωςδὲ
489 442 585 495 καὶ
612 440 660 473 ’⁸
698 439 840 494 κατὰ
883 439 982 502 τὰς
1009 437 1202 501 λοιπὰς
1248 438 1515 509 ἐπαρχίας
1559 437 1689 506 περὶ
1714 432 1810 487 τοῦ

1924 434 2265 490 diaconorum
2311 449 2326 485 :
2368 428 2507 483 facta
2534 436 2802 498 prieterea
2835 427 2889 480 in
2939 425 3164 497 reliquis
3196 426 3490 497 provinciis

237 532 518 604 πρακτέου
553 533 598 563 ⁸⁵
633 530 1109 600 ἐπισκεψαμένων,
1141 530 1315 600 δόγμα
1343 531 1533 598 γέγονε
1572 529 1685 590 τοῖς
1717 527 1820 579 πᾶ-

240 641 327 677 σιν
355 625 451 676 τὸν
480 624 578 691 μὲν
603 621 851 675 Ναύατον
874 622 990 691 ἅμα
1016 622 1127 683 τοῖς
1152 622 1249 673 σὺν
1266 618 1413 690 αὐτῷ
1435 617 1819 689 συνιπαρθείσι

238 718 337 769 καὶ
361 716 488 777 τοὺς
512 712 855 766 συνευδοκεῖν
875 716 940 782 τῇ
962 714 1042 775 εἰς
1062 711 1323 779 ἀδελφοὺς
1349 709 1820 779 ἁπανθρωποτάτῃ

240 807 441 877 γνώμῃ
495 805 588 859 τοῦ
628 804 820 875 ἀνδρὸς
873 803 1340 874 προαιρουμένους
1385 800 1547 871 272
1576 802 1632 854 ὲν
1667 798 1823 853 ἁλλο-

239 900 419 971 τρεοις
446 898 545 967 τῆς
585 896 910 967 Ἐκκλησίας
938 894 1212 965 ἡγεῖσθαι,
1236 896 1360 957 τοὺς
1382 895 1438 948 δὲ
1469 898 1535 963 τῇ
1567 893 1823 962 συμφορᾷ

238 988 735 1060 περιπεπτωκότας
757 988 865 1040 τῶν
887 986 1132 1055 ἀδελφῶν
1162 986 1344 1039 ἰᾶσθαι
1375 985 1471 1039 καὶ
1498 985 1823 1053 θεραπεύειν

238 1085 359 1142 τοῖς
405 1080 506 1151 τῆς
555 1081 845 1150 μετανοίας
892 1079 1223 1150 φαρμάκοις.
1283 1078 1418 1148 [1ερ1⁸
1476 1077 1680 1129 τούτων
1729 1075 1823 1129 καὶ

239 1172 553 1243 Κορνήλιος
589 1170 872 1239 Ῥωμαίων
911 1170 1208 1232 ἐπίσκοπος
1248 1170 1381 1239 πρὸς
1429 1169 1519 1219 τὸν
1561 1167 1661 1237 τῆς
1704 1167 1821 1219 Ἀν-

235 1266 473 1335 τιοχὲων
510 1262 836 1332 Ἐκκλησίας
860 1261 1154 1313 ἐπίσκοπον
1181 1258 1379 1312 Φάϐιον
1400 1256 1625 1327 ἔγραψε,
1650 1254 1825 1326 δηλῶν

243 1355 398 1425 αὐτῷ
424 1354 497 1407 τὰ
521 1353 638 1423 ὶτῆς
666 1350 884 1405 συνόδου
925 1349 1210 1418 Ῥωμαίων
1240 1348 1332 1402 καὶ
1369 1346 1436 1399 τὰ
1461 1344 1687 1409 δόξαντα
1712 1345 1826 1406 τοῖς

242 1447 389 1501 κατὰ
419 1446 518 1515 τὴν
585 1443 813 1497 Ἰταλίαν
858 1441 951 1495 καὶ
1015 1441 1280 1512 Ἀφρικὴν
1311 1439 1404 1491 καὶ
1436 1437 1534 1499 τὰς
1563 1434 1747 1488 αὐτόθι
1779 1434 1825 1466 ⁸·

244 1536 452 1607 χώρας.
498 1533 605 1587 Καὶ
646 1533 797 1586 ἄλλοι
835 1530 892 1585 δὲ
919 1530 1138 1591 πλείους
1181 1528 1317 1599 πρὸς
1364 1527 1614 1589 πλείονας
1657 1523 1828 1577 πολλὰ

246 1626 507 1697 περὶτῆς
541 1622 801 1684 ἀπονοίας
829 1621 1083 1675 Ναυάτου
1114 1621 1209 1673 καὶ
1244 1620 1342 1689 τῆς
1388 1616 1674 1697 μετανοίας
1718 1615 1826 1669 τῶν

242 1718 304 1768 ὲν
324 1694 415 1785 *τῷ
441 1712 668 1785 διωγμῷ
698 1713 1115 1767 καταπεσόντων
1146 1711 1412 1781 ἔγραψαν.
1570 1694 1577 1701 6

770 1803 902 1860 σγα
973 1803 1323 1873 Ὀλυμπιάς.

341 1983 469 2038 ’1νδ.
500 1982 566 2039 δ’.
601 1982 668 2053 β’.
697 1984 794 2039 ὑπ.
828 1983 1070 2040 Τούσκου
1101 1984 1212 2054 (65)
1243 1984 1339 2037 καὶ
1376 1982 1611 2037 Βάσσου.

337 2161 463 2214 Ἐπὶ
487 2162 695 2216 τούτων
724 2164 832 2217 τῶν
862 2165 1084 2218 ὑπάτων
1107 2166 1134 2218 ὁ
1165 2167 1320 2235 ἅγιος
1367 2166 1682 2237 1(υπριανὸ.;⁵
1714 2163 1826 2237 (66)

245 2253 641 2325 ἐμαρτύρησεν
664 2255 770 2326 πρὸ
799 2254 867 2326 ιη’
897 2257 1193 2311 Καλανδῶν
1239 2259 1605 2329 Ὀκτωϐρίων.

340 2426 459 2485 Ἰνδ.
503 2426 567 2481 ε’.
627 2428 703 2494 γ’.
736 2430 831 2485 ύπ.
866 2432 1183 2503 Αἰμιλιανοῦ
1208 2434 1269 2487 τὺ
1296 2441 1344 2503 γ’
1367 2434 1478 2506 (67)
1513 2436 1606 2488 καὶ
1638 2436 1828 2489 Βολου-

252 2518 443 2571 σιανοῦ
476 2520 539 2573 τὸ
569 2519 636 2591 β’.

338 2609 458 2667 Ἰνδ.
509 2611 587 2679 ς’.
623 2612 689 2668 δ’.
724 2616 817 2670 ύπ.
846 2616 1171 2690 Σεκολαρίου
1200 2620 1243 2650 ’⁷
1273 2620 1367 2675 καὶ
1394 2621 1650 2675 Δονάτου.

287 2786 459 2931 δἸνδ.
492 2786 561 2853 ζ’.
596 2788 662 2846 ε’.
722 2790 817 2847 ὐπ.
864 2794 1156 2881 Γαλλιηνοῦ
1192 2797 1313 2850 τὸδ’
1347 2798 1444 2853 καὶ
1475 2799 1830 2855 Βολουσιανοῦ

350 2895 421 2931 γ.
662 2904 668 2913 .

248 2878 319 2931 τὸ
350 2877 421 2949 γ’.

796 2970 890 3037 σε’
941 2973 1290 3044 Ὀλυμπιάς.

343 3061 463 3117 Ἰνδ.
510 3062 586 3136 η’.
618 3062 695 3131 ς’.
746 3066 841 3121 ὑπ.
896 3068 1194 3137 Γαλλιηνοῧ
1247 3071 1307 3125 τὸ
1360 3078 1402 3126 ε’
1454 3075 1547 3127 καὶ
1594 3075 1832 3129 Φαυστι-

254 3156 438 3210 νιανού
467 3156 601 3229 (68).

345 3248 465 3302 Ἰνδ.
500 3247 567 3303 θ’.
601 3248 668 3314 ζ’.
698 3250 793 3305 ὐπ.
842 3250 1084 3306 ’Δλϐίνου
1118 3254 1214 3308 καὶ
1250 3254 1481 3326 Δέξτρου
1523 3255 1589 3311 ⁸⁸.

344 3337 468 3392 Ἰνδ.
498 3336 553 3392 ι’.
595 3338 670 3410 η’.
710 3340 804 3394 ὐπ.
842 3341 1139 3412 Γαλλιηνοῦ
1174 3344 1234 3397 τὸ
1266 3343 1319 3410 ς’
1355 3346 1449 3399 κα)⁵
1487 3347 1830 3419 Σατορνίνου.

341 3514 463 3569 Ἰνδ.
522 3514 612 3573 ια’.
653 3516 719 3573 θ’.
776 3519 870 3574 ὐπ.
929 3521 1293 3594 Οὐαλεριανοῦ
1320 3523 1633 3593 Αὐγούστου
1683 3526 1743 3580 τὸ
1793 3525 1833 3579 δ’

256 3605 354 3660 καὶ
386 3607 694 3664 Λουκιανοῦ
726 3611 859 3682 (69).

786 3700 918 3764 σξα¹
964 3700 1313 3771 Ὀλυμπιάς.

344 3788 466 3842 Ἶνδ.
501 3788 590 3860 ιβ’.
624 3787 677 3845 ι’.
712 3791 808 3845 ὐπ.
832 3792 1196 3864 Οὐαλεριανού
1225 3794 1536 3865 Αὐγούστου
1562 3797 1623 3850 τὸ
1653 3795 1693 3849 ε’
1720 3797 1830 3867 (70)

263 3880 359 3932 καὶ
380 3881 687 3935 Λουκιανοῦ
718 3883 779 3935 τὸ
819 3882 885 3952 β’.

347 3971 468 4025 Ἰνδ.
528 3970 619 4041 ιγ’.
654 3972 747 4027 ια’.
801 3975 897 4031 ύπ.
945 3976 1241 4049 Γαλλιηνοῦ
1282 3979 1340 4033 τὸ
1365 3978 1409 4044 ζ’
1440 3981 1534 4034 καὶ
1578 3980 1833 4036 Σαϐινια-

255 4056 350 4110 νοῦ
388 4060 437 4091 ιο
468 4059 554 4131 (71
562 4062 602 4129 ).

344 4150 466 4205 Ἰνδ.
501 4150 587 4206 ιδ’.
631 4152 719 4223 ιβ’.
749 4155 844 4209 ὐπ.
872 4156 1148 4229 Πατέρνου
1178 4158 1274 4213 καὶ
1332 4160 1702 4231 Ἀρκεσιλάου.

337 4330 461 4385 Ἶνδ.
484 4338 567 4387 ιε’.
584 4339 675 4402 ιγ’.
694 4335 788 4389 ύπ.
806 4335 1079 4408 Πατέρνου
1097 4338 1156 4393 τὸ
1179 4335 1225 4408 β’
1239 4339 1330 4393 καὶ
1344 4334 1675 4411 Μαρινιανοῧ
1696 4340 1830 4413 (72).

1921 526 1989 581 de
2010 541 2075 579 eo
2106 524 2250 595 quod
2287 520 2654 577 deﬁniendum
2684 526 2828 574 esset
2858 519 3226 589 inquisitione,
3272 520 3491 574 tandem

1921 619 1989 673 ab
2010 618 2264 672 omnibus
2290 616 2593 678 decretum,
2626 621 2687 665 ut
2706 612 2968 674 Novatus,
3003 627 3111 664 una
3138 627 3263 665 cum
3310 620 3491 666 secta-

1922 711 2133 766 toribus
2159 710 2291 773 suis,
2321 715 2375 762 et
2406 706 2471 761 iis
2496 705 2587 775 qui
2624 704 2727 758 viri
2769 704 2913 757 illius
2952 704 3304 757 inhumanam
3334 718 3491 773 pror-

1922 819 2014 857 sus
2043 803 2099 856 in
2127 802 2322 856 fratres
2355 800 2677 855 sententiam
2705 799 3194 869 amplectebantur,
3220 799 3287 851 ab
3310 799 3493 852 Eccle-

1923 894 2015 948 sia:
2038 892 2317 947 liminibus
2356 891 2792 961 proscriberetur
2819 907 2832 942 :
2864 890 2955 959 qui
2979 904 3107 943 vero
3140 882 3205 942 ex
3235 888 3494 943 fratribus

1924 986 1978 1039 in
2001 986 2142 1039 hanc
2170 984 2489 1039 incidissent
2513 983 2891 1047 calamitatem,
2924 991 3262 1043 sanarentur,
3284 996 3348 1035 ac
3372 996 3489 1051 pce-

1924 1081 2164 1136 nitentiae
2193 1079 2447 1133 remediis
2471 1087 2811 1132 curarentur.
2842 1078 2936 1131 His
2973 1078 3039 1131 de
3082 1077 3243 1130 rebus
3288 1075 3493 1129 Corne‘

1926 1173 2031 1227 lius
2065 1171 2341 1226 Romanus
2376 1171 2616 1240 pontifex
2656 1172 2720 1223 ad
2750 1169 2973 1223 Fabium
3008 1169 3359 1222 Antiochenze
3390 1168 3494 1221 Ec-

1924 1265 2103 1319 clesiae
2129 1263 2442 1332 episcopum
2484 1262 2692 1315 litteras
2736 1261 2905 1321 dedit,
2938 1260 3134 1328 quibus
3164 1257 3235 1311 illi
3279 1258 3496 1311 decreta

1926 1356 2115 1428 synodi
2155 1354 2433 1419 Romanae,
2455 1364 2509 1407 et
2538 1353 2703 1407 Italiae
2730 1367 2792 1405 ac
2812 1351 3007 1405 Africa:
3040 1349 3340 1403 antistitum
3368 1363 3496 1400 sen-

1911 1447 2153 1502 1entiam
2190 1445 2459 1515 exposuit.
2491 1443 2596 1498 Sed
2620 1453 2673 1498 et
2698 1443 2851 1497 multi
2880 1442 2966 1496 alii
2991 1443 3054 1495 de
3082 1440 3273 1493 Novati
3306 1452 3462 1491 amen
3481 1465 3495 1477 -

1928 1540 2021 1603 tia,
2058 1550 2114 1593 et
2146 1554 2335 1592 eorum
2362 1537 2455 1606 qui
2488 1536 2542 1590 in
2570 1536 2952 1606 persecutione
2977 1533 3107 1602 lapsi
3136 1542 3289 1585 erant
3319 1530 3498 1600 pmui-

1927 1631 2116 1696 tentia,
2144 1630 2314 1684 multa
2342 1627 2780 1699 perscripserunt
2808 1625 2875 1679 ad
2909 1624 3235 1693 complures.

2438 1782 2657 1840 CCLIX
2684 1782 2981 1853 Olympias.

1925 1876 1991 1929 A.
2016 1874 2078 1928 c.
3218 1865 3322 1937 [01-
3380 1861 3497 1935 ιιι-1

1994 1967 2120 2022 258.
2154 1968 2238 2036 (Α.
2258 1981 2288 2020 a
2315 1964 2384 2020 ιι.
2411 1965 2471 2022 c.
2489 1963 2671 2033 εισι.)
2694 1978 2752 2017 ιι.
2773 1961 2886 2017 Ind.
2911 1979 2983 2016 ιν.
3011 1961 3189 2016 Tusco

1926 2068 1981 2113 et
2011 2055 2175 2112 Bassd
2203 2073 2341 2112 coss.
3256 2051 3311 2105 2.

1997 2147 2091 2202 llis
2133 2163 2275 2202 coss.
2309 2155 2529 2201 sanctus
2575 2142 2880 2215 Cyprianus
2929 2141 3187 2212 martyrio

1927 2239 2092 2292 vitam
2132 2235 2304 2290 finivit
2352 2250 2417 2288 ex
2458 2251 2507 2287 a.
2540 2235 2594 2288 d.
2629 2248 2784 2286 xvm.
2822 2232 3048 2286 Kalend.
3081 2231 3185 2285 Oc-

1929 2328 2131 2382 tobres.

1996 2418 2122 2473 259.
2156 2433 2236 2471 ιιι.
2265 2415 2386 2470 Ind.
2412 2429 2462 2469 v.
2492 2412 2786 2469 IEmiliano
2814 2411 2883 2466 111
2922 2420 2980 2467 et
3021 2410 3189 2465 Volu-

1929 2512 2085 2567 siano
2108 2509 2151 2564 ll
2178 2525 2318 2564 coss.
2392 2524 2401 2533 '
3259 2503 3312 2557 ὅ.

2000 2599 2125 2655 260.
2177 2615 2252 2653 ιν.
2294 2597 2411 2653 lud.
2462 2614 2535 2653 vi.
2580 2595 2823 2652 Seculari
2871 2604 2927 2651 et
2976 2595 3186 2651 Donato

1929 2707 2070 2747 coss.
3259 2686 3315 2742 4.

1998 2780 2125 2835 261.
2156 2797 2211 2834 v.
2243 2779 2360 2834 Ind.
2394 2794 2491 2834 vn.
2537 2778 2783 2834 Gallieno
2810 2776 2872 2832 IV
2917 2788 2973 2834 et
3024 2776 3190 2834 Volu-
3268 2774 3273 2779 ’

1931 2874 2084 2929 siano
2108 2872 2178 2928 lll
2204 2888 2344 2928 coss.
3261 2867 3312 2921 1,
3340 2864 3466 2922 260.

2460 2960 2634 3018 CCLX
2679 2962 2978 3033 Olympias.

2003 3058 2126 3115 262.
2159 3074 2231 3113 vi.
2266 3057 2380 3112 Ind.
2410 3071 2530 3111 vm.
2560 3055 2803 3111 Gallieno
2835 3055 2874 3109 V
2907 3064 2962 3108 et
3008 3053 3182 3108 Faus-

1938 3151 2145 3205 tiniano
2170 3165 2312 3204 coss.
3260 3147 3316 3201 2.

2005 3243 2129 3297 265.
2164 3258 2261 3296 vu.
2294 3241 2389 3295 lnd
2418 3257 2491 3294 ix.
2511 3238 2709 3294 Albino
2738 3248 2793 3293 et
2818 3237 3017 3293 Dextro
3043 3253 3185 3291 coss.
3258 3239 3314 3294 ὅ.

2004 3334 2127 3389 264.
2158 3349 2277 3388 vm.
2308 3332 2426 3387 lnd.
2462 3348 2514 3386 ι.
2551 3330 2797 3385 Gallieno
2828 3329 2895 3383 Vl
2922 3338 2977 3385 et
3002 3328 3191 3383 Satur-

1934 3428 2067 3481 nino
2108 3442 2250 3481 coss.
3262 3423 3317 3477 ι.

2003 3516 2128 3571 265.
2166 3533 2238 3569 Ix.
2274 3514 2391 3569 lud.
2424 3513 2807 3569 x1.Valeriano
2843 3514 3091 3584 Augusto
3120 3512 3187 3569 ιν

1934 3616 1992 3662 et
2016 3607 2255 3663 Luciano
2288 3621 2411 3662 coss

2455 3697 2660 3754 CLCXI
2695 3698 2991 3770 Olympias.

2006 3792 2095 3861 (Δ.
2129 3807 2158 3845 a
2186 3790 2256 3845 M.
2289 3790 2348 3846 C.
2383 3792 2566 3848 5772.)
2603 3809 2653 3847 χ.
2682 3792 2794 3845 lnd.
2830 3809 2929 3848 xu.
2953 3792 3195 3847 Valeria-

3264 3607 3314 3661 1.
3344 3606 3467 3662 261.

1932 3903 2007 3943 no
2034 3889 2277 3958 Augusto
2306 3887 2347 3941 V
2380 3898 2435 3942 et
2465 3888 2702 3943 Luciano
2730 3889 2771 3941 ll
2803 3905 2947 3943 coss.
3260 3891 3315 3943 2.

2000 3979 2126 4035 266.
2162 3998 2235 4034 ιι.
2282 3980 2398 4035 Ind.
2431 3997 2554 4035 ιιιιι.
2596 3979 2842 4036 Gallieno
2864 3981 2951 4035 Vll
2992 3992 3046 4037 et
3094 3981 3192 4036 Sa-

1932 4068 2155 4123 biniano
2188 4083 2331 4122 coss.
3258 4072 3312 4124 5.

2002 4159 2125 4213 267.
2159 4174 2254 4212 xu.
2286 4159 2407 4214 Ind.
2434 4175 2545 4212 xxv.
2576 4158 2811 4214 Paterno
2839 4169 2895 4214 et
2916 4159 3192 4216 Arcesilao

1934 4265 2079 4305 COSS.

2002 4339 2129 4395 268.
2165 4355 2289 4393 xm.
2324 4337 2443 4393 lnd.
2470 4355 2560 4393 xv.
2605 4337 2840 4394 Paterno
2870 4338 2912 4393 11
2951 4350 3007 4395 et
3034 4340 3196 4394 Mari-

1864 4451 1909 4506 ι)
1934 4431 2103 4486 niano
2136 4446 2276 4486 coss.
3260 4437 3314 4492 4,

1592 4563 1918 4623 DUCANGII
1954 4565 2182 4623 ΝΟΤᾸΞ.

324 4666 870 4750 (65)]ζορφρςρυηιῑᾳ
900 4671 1046 4728 Fasti
1079 4672 1303 4750 ldatiani
1333 4686 1389 4733 et
1418 4687 1629 4733 veteres
1656 4680 1830 4750 codd.

256 4736 523 4816 Trebellii
559 4738 816 4816 Pollionis
840 4744 893 4796 in
926 4760 1031 4797 xxx
1062 4747 1322 4816 tyrannis,
1344 4757 1404 4801 ut
1425 4758 1610 4803 monet
1637 4749 1836 4806 Casau-

256 4810 475 4890 bonusi
497 4808 966 4890 sednaliifuscam
996 4808 1201 4886 legunt.
1237 4808 1368 4872 Vide
1394 4818 1744 4875 Pearsonium
1777 4823 1833 4876 in

256 4876 553 4966 Altﬁanlfb'tg
585 4876 934 4966 ςῃρνίαἶιιείε.

326 4948 444 5031 (66)
481 4948 737 5031 Ὀ-ᾷγιος
764 4954 1138 5031 Κυῄπριᾳξιᾴς.
1161 4954 1238 5031 Ei;
1261 4955 1478 5031 Eusebii
1504 4956 1709 5013 Chron.
1736 4960 1829 5016 ubi

258 5016 523 5098 scaliger.
549 5018 625 5072 lta
644 5022 809 5098 etiam
835 5016 977 5098 Fasti
1011 5016 1232 5079 ldatiani
1261 5027 1364 5098 hoc
1386 5044 1550 5091 anno,
1572 5031 1662 5098 qui
1686 5031 1829 5085 diem

256 5088 466 5167 addunt
480 5104 617 5167 χχιιι
638 5089 1042 5167 Qcto_br._ﬂujus
1074 5097 1386 5167 martyrium
1410 5099 1472 5152 ad
1488 5088 1829 5154 consulatum

258 5156 531 5239 Valeriani
566 5160 893 5239 “Gallieni,
937 5156 1028 5239 an.
1061 5164 1192 5239 βυτ.
1214 5156 1546 5239 ’256ηι-οΓοτι
1576 5169 1828 5239 Prosper,

256 5226 323 5306 de
343 5242 456 5296 quo
478 5228 534 5279 in
562 5230 752 5298 primis
781 5234 1145 5289 consulendus
1177 5226 1575 5293 eruditissimus
1601 5226 1832 5296 Pearso;

257 5310 383 5352 mus
413 5297 519 5351 hoc
548 5313 714 5352 anno.

318 5311 383 5351 ιις
413 5311 519 5351 HOC
548 5313 714 5353 anno.

326 5364 444 5435 (67)
485 5367 598 5422 Τοῦ
630 5372 979 5440 Αιμιλιανοῦ
1011 5372 1077 5427 τὸ
1108 5372 1176 5444 γ’.
1199 5374 1334 5432 Vide
1379 5378 1631 5434 eumdem
1668 5378 1831 5433 Pear-

1936 4697 2174 4737 sontum.
3014 4708 3019 4714 '

1974 4754 2120 4833 .(68)
2141 4751 2599 4833 φαυστινιανοᾷ.
2636 4752 2725 4807 Sic
2750 4763 2975 4833 vocatur
2988 4755 3056 4833 _in
3105 4754 3280 4833 Fastis
3309 4759 3485 4813 Idalia

1931 4824 2049 4893 nis,
2070 4824 2159 4877 ubi
2187 4836 2313 4879 nota
2347 4824 2560 4878 numeri
2580 4841 2613 4876 v
2636 4826 2945 4892 apponitur.
2979 4828 3195 4893 Cazteri,
3223 4840 3281 4883 ut
3309 4840 3363 4883 et
3387 4830 3498 4887 Pol:

1932 4893 2019 4965 lio
2038 4891 2391 4965 inGallienis,
2426 4891 2742 4965 Faustinum
2774 4895 2975 4965 legunt.

2003 4962 2112 5043 (69)
2142 4966 2252 5019 Καὶ
2279 4964 2637 5020 Λουκιανοῦ.
2692 4962 2850 5033 [καί
2871 4965 3188 5034 Λουκίλλου,
3218 4984 3289 5024 ex
3330 4970 3503 5025 Fastis

1935 5048 2212 5089 οῐῐιηιυιιε.

2007 5104 2117 5167 (70)
2144 5105 2546 5173 Οὐαλερίων-οῦ
2564 5103 2916 5171 Αὐγούστου
2932 5108 2997 5162 τὸ
3024 5117 3085 5164 ε’.
3106 5110 3387 5164 Omittitur
3411 5110 3504 5165 hic

1934 5174 2251 5229 consulatus
2283 5177 2335 5229 in
2368 5176 2560 5229 Fastis.

2030 5243 2117 5319 7
2147 5245 2258 5319 Καὶ
2290 5246 2602 5319 Σαὸιωίοιξ.
2634 5247 2760 5319 ng.
2797 5263 2863 5303 ex
2887 5248 3063 5303 Fastis
3091 5251 3431 5306 Σαϐινίλλου.

1932 5312 2115 5436 νοέῃ.)
2149 5316 2537 5383 Μαρινιανοῦ.
2565 5316 2642 5372 Ita
2673 5312 2807 5374 ldat.
2848 5320 2916 5373 At
2961 5319 3220 5393 Scaliger,
3251 5322 3502 5392 Μαρκια-

1532 5531 1768 5588 νΑιιιλΕ
1808 5533 2209 5593 LECTIONES.

363 5669 497 5767 ’ἰδὲ
525 5672 862 5767 ,Δ
890 5676 937 5767 2
966 5676 1351 5767 negat-£26m;
1380 5676 1447 5767 Et,
1471 5680 1774 5750 πρακταίου
1810 5680 1915 5735 PV.
1990 5684 2036 5717 “
2058 5683 2346 5738 καταυτόθι
2392 5684 2452 5741 Ρ.
2529 5689 2573 5721 ⁸⁷
2608 5690 2990 5764 Σεκολουαρίου
3034 5690 3094 5759 ν,
3140 5689 3509 5767 Σικουλαρίου-

262 5737 303 5794 Ρ
324 5743 453 5799 sola.
525 5742 572 5777 "
603 5745 865 5815 Δίξστρου
890 5745 951 5801 Ρ.
1014 5737 1072 5778 ³⁸
1095 5746 1354 5800 Σαΰιανού
1387 5747 1446 5800 1³.
