4090 6300
315 368 420 431 689

1504 344 1931 424 CHRONICON
1971 353 2373 414 PASCHALE.

3431 345 3542 407 690

315 480 576 551 βασιλικὰ
617 481 919 554 γράμματα
959 464 1094 552 (56),
1140 478 1240 544 τάς
1289 480 1385 551 μὶν
1410 479 1707 548 ὲκκλησιας
1737 478 1814 538 είς
1830 477 1877 508 ⁸⁵

1987 482 2042 527 ac
2072 486 2237 526 sacrae
2266 469 2562 540 Scriptura
2594 468 2719 538 igne
2775 464 3021 521 comburi
3049 463 3414 534 jubebantur:
3442 463 3540 519 sed

312 571 515 641 ἔδαφος
558 573 765 643 φέρειν,
806 572 907 635 τὰς
952 572 1008 625 δὲ
1043 572 1190 635 θείας
1224 572 1264 624 Γ
1270 570 1444 642 ραφὰς
1478 572 1703 637 ἀφανεῖς
1746 570 1877 639 πυρὶ

310 662 569 731 γενέσθαι
613 664 1160 735 προστάττοντα,,κα“ι
1201 664 1325 725 τοὺς
1373 662 1471 731 μὲν
1491 662 1535 693 ⁸⁸
1576 661 1741 731 τιμῆς
1786 660 1879 713 καὶ

310 755 470 820 ἀξίας
496 754 927 825 ὲπειλημμένους
958 755 1206 824 ἀτίμους,
1235 757 1361 817 τοὺς
1392 754 1449 807 δὲ
1495 754 1555 807 ὲν
1596 754 1877 817 οίκετίαις,

310 848 361 898 εἰ
391 846 700 916 ὲπιμὲνοιεν
724 849 791 917 τῇ
815 845 910 899 τοῦ
947 845 1356 915 χριστιανισμοῦ
1382 845 1711 916 προθέσει⁶⁶,
1734 845 1881 897 ὲλευ-

312 934 504 1005 θερίας
534 936 873 1006 ὑστερεῖσθαι
903 935 1360 1007 προαγορεύοντα.
1391 936 1524 989 Μετ’
1553 936 1613 989 ού
1655 937 1789 989 πολὺ
1820 936 1879 988 δὲ

308 1026 477 1097 ἔτερα
528 1029 856 1098 φοιτήσαντα
900 1028 1205 1098 γράμματα
1257 1027 1586 1098 προσέταττε
1620 1029 1746 1091 τοὺς
1773 1028 1881 1081 τῶν

324 1116 672 1185 Ἐκκλησιῶν
705 1119 998 1189 προέδρους
1030 1120 1122 1173 καὶ
1150 1121 1359 1182 πάντας
1383 1122 1505 1183 τοὺς
1533 1120 1674 1173 κατὰ
1706 1121 1883 1174 πάντα

308 1208 481 1262 τόπον
510 1209 723 1279 πρῶτον
764 1210 863 1279 μὲν
893 1211 1116 1281 δεσμοῖς
1146 1211 1551 1283 παραδίδοσθαι,
1581 1207 1697 1265 εἶτα
1728 1210 1885 1265 bara-

312 1316 411 1369 ρον
460 1300 607 1371 πάσῃ
659 1305 873 1373 μηχανῇ
908 1301 1057 1355 θύειν
1089 1300 1513 1371 ἀναγκάζεσθαι,
1538 1301 1614 1365 ὡς
1659 1301 1885 1366 πολλοὺς

309 1391 379 1443 ὲκ
414 1392 605 1445 τούτου
633 1393 892 1458 ποικίλως
935 1395 1326 1466 διαθλήσαντας
1354 1393 1723 1462 τελειωθῆναι,
1757 1394 1885 1446 πολ-

313 1481 445 1545 λοὺς
472 1482 531 1536 δὲ
559 1485 929 1552 χαυνωθέντας
969 1488 1078 1556 (57)
1122 1488 1447 1540 καταπεσεῖν
1490 1486 1594 1539 ὑπὸ
1613 1486 1654 1518 ⁸⁷
1685 1485 1885 1548 δειλίας

313 1574 420 1646 τὴν
446 1574 625 1646 ψυχὴν
650 1579 1156 1649 προναρκήσαντας.

392 1750 487 1822 Τῷ
511 1752 657 1823 αὑτῷ
690 1754 797 1807 ἔτει
826 1754 1009 1808 πολλοὶ
1042 1755 1139 1825 μὲν
1165 1755 1484 1827 πανταχόσε,
1532 1755 1712 1819 καθὼς
1755 1756 1886 1825 ἔφα-

1982 572 2038 617 et
2066 572 2122 616 ιιι
2150 562 2240 631 qui
2295 559 2701 631 magistratibus
2731 572 2794 612 ac
2830 555 3131 611 honoribus
3152 553 3538 626 fungebantur,

1979 655 2047 709 iis
2074 654 2434 723 privarentur,
2504 666 2568 706 ac
2616 650 2846 704 infames
2899 647 3253 710 haberentur,
3314 644 3540 714 reliquis

1979 762 2108 801 vero
2136 745 2358 815 privatis
2412 743 2743 807 hominibus,
2773 742 2816 795 si
2874 742 2929 795 in
2967 738 3371 795 Christianismi
3409 752 3542 808 pro-

1980 836 2216 891 lessione
2271 836 2655 906 persisterent,
2711 834 2932 888 libertas
3005 832 3358 885 adimeretur.
3431 828 3544 884 Nec

1981 928 2150 983 multo
2182 938 2304 997 post
2325 927 2429 981 alia
2450 940 2815 996 supervenere
2864 924 3062 988 edicta,
3099 924 3297 995 quibus
3322 921 3543 976 manda-

1980 1019 2159 1081 batur,
2192 1030 2252 1074 ut
2268 1019 2632 1074 Ecclesiarum
2654 1016 2944 1080 antistites,
2976 1031 3041 1071 ac
3091 1030 3281 1070 omnes
3309 1002 3542 1069 ubicun-

1980 1128 2086 1183 que
2116 1119 2301 1167 essent
2328 1111 2567 1165 locorum
2606 1109 2781 1179 primo
2826 1108 3043 1177 quidem
3096 1105 3327 1161 vinculis
3362 1104 3541 1159 trade.

1981 1212 2191 1267 rentur,
2243 1201 2370 1257 dein
2430 1201 2577 1255 omni
2617 1199 3006 1270 suppliciorum
3064 1196 3305 1252 adhibito
3346 1210 3545 1267 genere

1981 1295 2284 1352 sacriﬁcare
2307 1304 2630 1364 cogerentur
2660 1310 2675 1346 :
2702 1307 2811 1361 quo
2836 1291 3060 1354 factum,
3094 1300 3154 1345 ut
3182 1289 3376 1344 exinde
3396 1303 3545 1342 com-

1981 1387 2186 1457 plures,
2218 1393 2340 1455 post
2359 1385 2535 1440 varios
2562 1386 2863 1439 exantlatos
2879 1384 3175 1449 cruciatus,
3196 1382 3541 1437 interierint:

1983 1478 2338 1535 multietiam.
2368 1476 2457 1545 qui
2487 1475 2665 1544 primo
2713 1474 2930 1544 quidem
2961 1474 3042 1527 sui
3073 1473 3303 1542 quadam
3348 1469 3545 1525 ﬁducia

1983 1570 2158 1641 palam
2182 1568 2383 1623 Christi
2423 1566 2582 1622 ﬁdem
2644 1566 3059 1636 proﬁtebantur,
3113 1573 3300 1634 postea
3361 1562 3544 1616 animo

1983 1676 2095 1731 pra:
2125 1668 2516 1715 tormentorum
2548 1667 2699 1713 metu
2742 1657 3062 1723 deﬁcerent,
3092 1670 3158 1710 ac
3208 1654 3544 1709 labecentur.

2056 1752 2257 1806 Eodem
2289 1765 2453 1815 anno,
2490 1748 2644 1804 multi
2670 1748 2872 1818 ibique,
2906 1748 2981 1801 uti
2999 1746 3253 1810 diximus,
3280 1742 3424 1799 haud
3447 1741 3547 1796 mi-

322 1815 470 1912 μενί
486 1815 871 1913 διαθλήσαντες
919 1815 1307 1915 ἐτελειώθησαν
1326 1815 1533 1899 οὐδὲν
1577 1847 1634 1901 δὲ
1656 1815 1707 1879 ’ί
1724 1815 1886 1918 ἦττον

1987 1844 2107 1899 nori
2135 1843 2440 1899 constantia
2475 1841 2718 1897 toleratis
2765 1839 3064 1910 suppliciis,
3109 1847 3339 1893 mortem
3392 1834 3545 1890 obie-

316 1930 416 1983 καὶ
462 1931 603 1984 κατά
649 1934 747 2001 τὴν
777 1932 1131 2002 Νικομηδέων
1165 1934 1339 1997 πόλιν,
1368 1928 1483 2009 ὲνῆ
1513 1935 1603 1988 6⁸⁸
1636 1935 1886 2006 βασιλεὺς

316 2022 557 2077 ἐποιεῖτο
597 2023 695 2087 τάς
741 2023 1021 2096 διατριόἀς
1053 2026 1185 2094 (58),
1214 2027 1332 2079 τότε
1356 2026 1627 2097 Δωρόθεος
1654 2026 1764 2097 (59)
1792 2028 1886 2082 καὶ

319 2112 608 2183 Γοργόνιος
660 2116 757 2168 σὺν
803 2116 1009 2188 ἑτέροις
1042 2118 1158 2189 ἃμα
1204 2117 1411 2172 πλείοσι
1458 2119 1555 2189 τῆς
1605 2119 1885 2191 βασιλικῆς

316 2204 625 2275 ὑπηρεσίας
652 2202 802 2261 οὖσιν
827 2210 1237 2279 ἐτελειώθησαν,
1266 2210 1358 2263 καὶ
1388 2209 1544 2279 χορὸς
1578 2211 1693 2280 ἅμα
1719 2212 1885 2275 πολὺς

319 2297 618 2367 μαρτύρων
648 2300 945 2371 ἀνεδείχθη.
968 2303 1041 2355 Οὐ
1061 2302 1178 2373 μετ’
1197 2303 1242 2334 ⁷⁸
1272 2304 1332 2355 ού
1364 2302 1497 2356 πολὺ
1522 2303 1577 2356 δὲ
1602 2303 1883 2358 καῖ’Δνθι-

321 2404 423 2458 μος
438 2388 537 2458 τῆς
553 2390 721 2461 αὐτῆς
742 2392 1095 2463 Νικομηδέων
1120 2394 1439 2464 Ἐκκλησίας
1470 2395 1764 2456 ἐπίσκοπος
1788 2396 1886 2465 τὴν

320 2478 566 2550 κεφαλὴν
588 2482 923 2553 ἀποτμηθεὶς
950 2479 1252 2557 ἐτελειώθη·
1278 2486 1453 2554 ἕτεροι
1468 2486 1524 2539 δὲ
1543 2487 1887 2557 πυρὶ,πλείο-

316 2589 410 2635 νες
439 2572 496 2625 δὲ
528 2574 622 2627 καὶ
650 2576 705 2628 ὲν
735 2579 801 2645 τῇ
833 2574 1073 2649 θαλάσσῃ
1120 2578 1455 2648 ὲρῤίπτοντο,
1486 2580 1583 2631 οὐκ
1605 2578 1884 2633 εὐτονούν-

314 2680 429 2717 των
475 2666 584 2719 τῶν
620 2666 834 2737 δημίων
883 2670 963 2733 είς
1003 2669 1252 2723 τοσοῦτον
1294 2670 1651 2741 ἀπειρότατον
1683 2671 1887 2741 πλῆθος

313 2756 590 2826 ἐξαρκεῖν.
623 2758 755 2827 Περὶ
774 2758 962 2812 τούτου
987 2759 1079 2812 τοῦ
1106 2761 1329 2832 ἀπείρου
1354 2761 1587 2832 πλήθους
1609 2762 1717 2815 τῶν
1744 2780 1882 2833 μαρ-

323 2849 679 2916 τυρησάντων
710 2851 1006 2915 Λουκιανὸς
1032 2851 1139 2921 (40)
1168 2852 1533 2922 πρεσϐύτερος
1556 2851 1884 2923 ’Δντιοχεῦσι

318 2939 551 3011 γράφων
576 2940 765 3011 ἐδήλου
787 2958 799 2971 ·
835 2943 922 2995 «Ἄ
935 2928 1195 3008 σπάξεται
1228 2944 1370 3013 ὑμᾶς
1402 2944 1559 3013 χορὸς
1588 2944 1730 3007 ἄπας
1750 2944 1884 3013 ὁμοῦ

321 3030 640 3102 μαρτύρων.
676 3032 1170 3103 ΕύαγγελίζομαιἨ
1206 3033 1260 3087 δὲ
1297 3034 1437 3103 ὑμᾶς
1469 3034 1544 3097 ὡς
1575 3034 1831 3104 Ἀνθιμος
1858 3037 1886 3087 ὁ

1984 1947 2130 1993 runt.
2166 1936 2273 1992 Sed
2306 1946 2361 1991 et
2399 1935 2455 1989 in
2496 1933 2994 1989 Nicomediensium
3055 1932 3208 1997 urbe,
3241 1946 3365 1985 cum
3398 1928 3453 1983 in
3481 1942 3546 1983 ea

1984 2038 2287 2084 moraretur
2307 2027 2618 2097 imperator,
2646 2025 2951 2080 Dorotbeus
2981 2036 3037 2078 et
3056 2022 3379 2092 Gorgonius,
3422 2034 3544 2074 cum

1984 2123 2105 2177 aliis
2153 2136 2264 2177 non
2301 2119 2488 2190 paucis
2547 2133 2613 2174 ex
2652 2116 2995 2188 imperatoris
3044 2114 3327 2184 obsequio,
3380 2111 3546 2167 vitam

1984 2214 2262 2276 ﬁnierunt,
2296 2211 2563 2280 simulque
2588 2212 2779 2280 ingens
2822 2217 3122 2277 martyrum
3147 2205 3347 2260 chorus
3378 2216 3544 2272 appa-

1985 2306 2113 2361 ruit.
2146 2304 2257 2358 Nec
2275 2303 2365 2359 diu
2401 2310 2525 2373 post
2544 2299 2835 2357 Anthimus
2858 2299 3027 2369 ipsius
3058 2293 3547 2359 Nioomediensium

1988 2399 2237 2455 Ecclesiae
2264 2397 2550 2466 episcopus
2582 2394 2759 2463 capite
2779 2392 2969 2463 plexus
3012 2388 3222 2445 interiit
3249 2406 3262 2442 :
3288 2388 3378 2443 alii
3407 2388 3547 2458 igne

1986 2491 2244 2556 damnati,
2278 2489 2584 2559 complures
2614 2487 2670 2541 in
2700 2501 2850 2543 mare
2885 2483 3206 2556 praacipitati
3236 2490 3385 2547 sunt,
3421 2496 3547 2537 cum

1985 2585 2050 2639 ad
2086 2591 2291 2636 tantum
2331 2596 2394 2635 ac
2419 2580 2687 2634 inﬁnitum
2743 2594 2898 2649 paene
2937 2593 3223 2632 numerum
3244 2571 3549 2631 conﬁcien-

1986 2676 2112 2730 dum
2148 2682 2378 2728 tortores
2423 2671 2740 2726 deﬁcerent.
2774 2668 2849 2726 De
2879 2669 2979 2724 hac
3022 2669 3304 2747 innumera
3346 2674 3547 2736 marty-

1986 2782 2106 2825 rum
2139 2764 2505 2827 multitudine,
2530 2761 2799 2817 Lucianus
2820 2762 3122 2833 presbyter,
3148 2759 3217 2814 ad
3251 2758 3549 2813 Antioche-

1985 2874 2087 2912 nos
2137 2856 2401 2917 scribens,
2454 2855 2525 2909 ita
2577 2854 2825 2909 meminit
2864 2870 2878 2907 :
2911 2871 2929 2903 ι
2962 2852 3205 2906 Salutem
3257 2849 3547 2920 plurimam

1985 2948 2140 3004 vobis
2169 2947 2300 3001 dicit
2324 2946 2611 3000 universus
2633 2945 2797 2999 simul
2824 2952 3118 3013 martyrum
3142 2942 3361 2997 chorus.
3393 2938 3546 2993 Nun-

1987 3041 2062 3096 tio
2087 3042 2349 3095 duntaxat
2385 3037 2538 3091 vobis
2570 3034 2888 3089 Anthimum
2918 3048 3109 3103 papam
3156 3030 3395 3102 martyrii
3422 3045 3547 3085 cur-

316 3123 511 3187 πάπας
535 3124 613 3195 τῷ
636 3124 729 3178 τοῦ
769 3126 1066 3196 μαρτυρίου
1096 3126 1278 3196 δρόμῳ
1305 3126 1611 3196 ἐτελειώθη.
1636 3146 1657 3177 ι
1682 3128 1790 3181 Καὶ
1816 3128 1885 3181 τὰ

1987 3148 2107 3188 sum
2135 3130 2428 3200 peregisse.
2463 3146 2481 3178 ›
2515 3128 2691 3197 Atque
2724 3126 2840 3181 hmo
2865 3125 3083 3195 quidem
3114 3121 3459 3187 Nicomediae,
3494 3127 3549 3176 et
3604 3192 3605 3195 η

321 3215 427 3285 μὲν
454 3218 594 3269 κατὰ
626 3217 991 3287 Νικομήδειαν
1013 3218 1184 3271 ταῦτα
1209 3220 1301 3272 καὶ
1322 3219 1524 3272 τούτων
1544 3220 1624 3273 ἔτι
1645 3220 1886 3275 πλείονα.

391 3300 514 3356 Ἰνδ.
547 3311 619 3372 η’.
652 3311 717 3358 κ’.
749 3307 841 3358 ὑπ.
875 3307 1255 3377 Διοκλητιανοῦ
1283 3308 1591 3377 Αὐγούστου
1612 3310 1673 3363 τὸ
1700 3309 1744 3364 θ’
1778 3310 1889 3381 (ﬂ)

320 3394 421 3447 καὶ
445 3394 794 3465 Μαξιμιανοῦ
834 3398 1144 3469 Ἐρκουλίου
1168 3400 1229 3452 τὸ
1260 3406 1329 3469 η’.

394 3486 739 3555 Μαξιμιανὸς
774 3487 1080 3559 Ἑρκούλιος
1108 3490 1548 3546 συνεὸασίλευσεν
1581 3492 1894 3563 Διοκλητια-

321 3576 425 3647 νῷ,
453 3578 551 3631 καὶ
595 3576 797 3632 ἔδωκεν
842 3579 1101 3644 ὑπατείας
1139 3588 1189 3653 η’
1224 3581 1354 3652 (42).
1376 3582 1753 3638 Ἐϐασίλευσεν
1783 3585 1837 3637 δὲ
1864 3585 1893 3637 ὁ

1987 3227 2073 3282 his
2100 3225 2251 3295 plura
2279 3221 2575 3291 contigere.

2057 3317 2123 3369 Α.
2149 3312 2211 3368 C.
2237 3313 2361 3368 504.
2395 3327 2484 3365 xx.
2521 3310 2638 3365 lnd.
2681 3326 2798 3364 vm.
2846 3306 3177 3361 Diocletiano
3198 3307 3439 3371 Augusto
3476 3300 3549 3356 IX

1988 3411 2041 3458 et
2074 3399 2395 3455 Maximiano
2426 3397 2678 3453 Herculio
2708 3396 2823 3451 VIII
2851 3412 2991 3451 coss.
3014 3395 3097 3448 ()l.
3134 3393 3254 3463 Iph.
3284 3395 3337 3448 5.

2060 3492 2413 3547 Maximianus
2442 3488 2726 3544 Herculius
2748 3504 2869 3542 cum
2890 3486 3220 3541 Diocletiano
3244 3483 3544 3555 imperavit,

1991 3584 2246 3652 deditque
2274 3580 2586 3637 consulatus
2613 3595 2730 3635 vui.
2761 3578 3061 3648 Imperavit
3076 3592 3206 3632 vero
3227 3574 3367 3632 idem
3386 3572 3549 3629 Maxi-

1681 3741 2003 3799 DUCANGII
2041 3741 2265 3797 NOTAE.

320 3850 394 3931 ,ξίν
426 3867 609 3931 annon
650 3854 856 3921 imperii
903 3854 1237 3921 Diocletiani,
1270 3873 1370 3926 quo
1404 3874 1567 3911 annos
1606 3867 1893 3931 supputant

319 3920 845 4003 Cophtitazneamque
886 3934 1067 3978 vocant
1119 3920 1893 4003 terant"martyrum,__biaelicet

322 4006 504 4042 eorum
537 3994 625 4071 qui
658 3994 918 4071 hcc-anno
939 3997 1264 4071 hntartgrium
1294 3997 1578 4050 subierunt.
1615 3997 1723 4071 Hoc
1749 3998 1894 4050 enim

320 4074 467 4112 anno
506 4063 889 4125 tDiocletiani,
930 4064 1126 4119 Christi
1162 4080 1440 4124 ccuxxnv,
1480 4074 1539 4118 ut
1566 4076 1648 4120 est
1692 4067 1745 4119 in
1794 4068 1896 4121 hoc

320 4129 517 4209 eodeni
546 4129 839 4209 Chronico,
863 4135 1014 4188 multi
1042 4136 1355 4209 martyrium
1378 4136 1530 4209 passi
1560 4144 1687 4209 sunt
1713 4154 1725 4189 :
1756 4145 1895 4189 tam-

321 4200 425 4252 etsi
451 4199 801 4274 forte__paulo
830 4214 1115 4273 antequam
1140 4199 1345 4259 levatus
1372 4199 1557 4259 finisset
1584 4206 1893 4274 imperator,

321 4269 469 4337 quod
492 4285 563 4322 xv
602 4270 717 4325 Kal.
748 4269 1240 4345 Octobrfejusdem
1271 4274 1398 4327 anni
1428 4269 1673 4345 contigit:
1711 4275 1815 4328 Sed
1845 4284 1901 4329 et

323 4350 453 4391 ante
503 4355 594 4393 χιχ
651 4356 851 4394 annum
895 4343 1227 4403 Diocletiani,
1264 4359 1407 4397 anno
1452 4343 1659 4397 scilicet
1690 4360 1741 4397 χι
1781 4345 1897 4399 dira

322 4410 633 4484 persecutio
654 4411 951 4484 exstiterat.
990 4422 1165 4484 utest
1190 4413 1242 4465 in
1278 4414 1483 4484 Sylloge
1507 4414 1886 4483 Scaligcriana,
1920 4429 1964 4484 ι)

1991 3860 2123 3915 locis
2154 3857 2400 3913 laudatis.

2062 3929 2173 3995 (57)
2213 3931 2488 3991 Πολλους
2517 3925 2585 3978 δὲ
2609 3924 3043 3994 χαυνωθέντας.
3090 3922 3236 3995 Quos
3270 3922 3393 3995 inde
3441 3931 3548 3995 tra-

1992 3991 2183 4051 ditcres
2207 3998 2473 4051 vocabant
2505 4016 2520 4049 :
2547 3991 2618 4049 de
2631 3991 2746 4065 qua
2768 4009 2920 4059 voce,
2935 4003 3053 4065 post
3083 3994 3235 4051 alios,
3259 3993 3466 4063 egimus
3487 3991 3543 4044 in

1992 4068 2165 4123 Gloss.
2200 4068 2340 4120 med.
2373 4065 2488 4118 Lat.

2064 4136 2175 4205 (58)
2218 4136 2321 4189 Ἐν
2346 4134 2384 4201 ᾖ
2414 4136 2721 4199 ζβασιλεὺς
2762 4130 3368 4205 ἐποιεῖτο-διατριϐάς.
3409 4127 3544 4183 Vide

1996 4200 2245 4274 superius
2274 4200 2457 4258 notata
2493 4206 2557 4258 ad
2572 4218 2787 4274 gannnm
2820 4218 2875 4274 ιιι
2905 4200 3237 4274 Diocletiani.

2062 4267 2170 4344 (59)
2212 4276 2524 4341 Δωρόθεος.
2571 4272 2648 4344 Ex
2681 4273 2914 4344 Eusebio
2950 4271 3041 4325 lib.
3080 4286 3161 4336 ιιι,
3203 4285 3322 4338 cap.
3355 4267 3410 4332 6,
3449 4267 3541 4321 ubi

1987 4342 2350 4401 consulendus
2380 4344 2544 4397 Henr.
2577 4342 2843 4396 Valesius.

2063 4414 2173 4482 (40)
2214 4414 2563 4477 Λουκιανός.
2582 4412 2714 4466 Vide
2738 4411 2985 4466 eumdem
3016 4408 3284 4464 Yalesium
3307 4408 3371 4463 ad
3398 4406 3540 4462 idem

321 4479 483 4554 quod_
500 4478 634 4533 alias
675 4482 793 4535 tuse
836 4484 1025 4550 probat
1054 4478 1333 4538 Baronius'.
1368 4478 1442 4537 De
1484 4483 1548 4537 iis
1573 4478 1751 4537 autem
1797 4485 1887 4553 qui
1920 4478 1953 4484 ⁷
1994 4478 2111 4554 cap.
2148 4484 2200 4554 6,
2235 4492 2289 4537 et
2317 4484 2381 4536 ad
2411 4483 2504 4535 lili.
2540 4497 2763 4554 Ix.7cap.
2790 4483 2841 4554 6.

322 4548 377 4628 in
403 4547 1149 4628 ,ΑΕ-ἕψῃ)-ιυιυ-ιιιιοιῑγτὶιιιῐι
1176 4554 1319 4628 passi
1335 4562 1496 4628 sunt,
1530 4554 1781 4628 quaedam
1807 4547 1890 4608 at-

296 4621 445 4701 ‘t‘i‘git
478 4621 747 4701 Eusebius
793 4621 885 4675 lib.
923 4638 1038 4701 vui,
1332 4622 1440 4678 Sed
1482 4621 1891 4701 etillbronico-n

248 4702 251 4705 ‘
296 4687 775 4753 Alexandrinum,
809 4692 952 4758 quod
982 4708 1045 4746 ex
1077 4687 1212 4747 Bibl.
1250 4692 1486 4747 Puteana
1521 4692 1689 4747 edidit
1720 4692 1893 4747 Scali-

322 4771 432 4839 ger,
456 4758 583 4839 Ahzec
609 4761 1086 4839 adlannum‘gtynr
1111 4761 1427 4839 Diocletiani
1466 4763 1715 4839 scripsit:
1753 4763 1894 4817 Con-

322 4829 522 4881 stantia
568 4837 618 4898 et
651 4829 885 4883 Maximo
931 4830 1293 4898 (Maximiano)
1333 4829 1590 4885 novorum
1626 4831 1897 4886 Cwsarum

323 4907 534 4960 quarto.
554 4897 761 4953 'lisdem
784 4917 911 4954 coss.
938 4902 1074 4955 venit
1094 4901 1449 4955 Diocletianus
1470 4904 1522 4955 in
1545 4902 1893 4966 Alexandria,

323 4976 371 5045 et
411 4966 677 5045 Ecclesias
717 4971 1099 5045 exterminavit,
1133 4980 1181 5024 et
1220 4971 1368 5045 multi
1398 4973 1893 5045 martyrizaveruut,

325 5039 376 5087 in
404 5039 591 5117 quibus
625 5048 671 5091 et
728 5039 906 5094 beatus
950 5040 1135 5117 ξεί-ηιξ
1202 5042 1463 5117 episcopus
1511 5039 1897 5117 Alexandrinus

323 5111 494 5173 capite
524 5117 799 5162 truncatus
828 5119 923 5163 est.
961 5111 1163 5164 Deinde
1202 5111 1348 5164 addit
1374 5127 1516 5164 anno
1546 5114 1790 5179 sequenti
1817 5111 1897 5164 fa-

322 5184 461 5229 ctam
487 5180 921 5250 pe_rsecutionem
974 5180 1025 5232 in
1069 5181 1391 5237 Occidente:
1419 5197 1537 5249 qua:
1579 5181 1793 5250 quidem
1831 5182 1895 5235 iis

299 5259 513 5323 'quai‘a
548 5246 828 5323 Lactantio
859 5259 1149 5323 narrantur
1182 5265 1290 5323 non
1318 5246 1545 5323 omnino
1574 5246 1890 5304 c'oncinunt.

299 5310 304 5371 ἒ
390 5310 506 5398 (5β)
545 5319 843 5398 Βασιέιεςὰ
871 5318 1205 5398 τριιζμματαἒ
1229 5318 1368 5384 Quid
1391 5320 1478 5398 illa
1503 5320 1890 5398 imperatorum

302 5386 670 5443 continerent
701 5386 911 5455 Edicta,
950 5386 1148 5445 docent
1184 5388 1501 5445 Lactantius
1526 5386 1595 5444 et'
1625 5390 1890 5446 Eusebius

2072 4548 2179 4622 (41)
2222 4553 2646 4622 Alma/Imminet?
2669 4548 2736 4606 AV.
2762 4553 2829 4606 τὸ
2855 4549 2921 4605 θ’.
2952 4551 3028 4605 De
3054 4550 3155 4603 hoc
3181 4565 3235 4602 ix
3260 4548 3543 4622 consulatu

1998 4618 2312 4679 Diocletiani
2345 4620 2656 4676 Lactantius
2680 4622 2773 4676 lib.
2812 4622 2883 4676 De
2924 4630 3076 4674 mort.
3109 4635 3322 4687 persec.,
3363 4634 3419 4674 η.
3453 4618 3539 4671 i7.

2073 4692 2184 4764 (42)
2221 4690 2579 4764 Καὶᾼέδωκεν
2608 4692 2893 4764 ὑπατείας
2915 4698 2992 4764 η’.
3025 4689 3202 4764 ld__est_,
3221 4688 3390 4742 octies
3411 4703 3545 4764 con-

2001 4759 2091 4818 sul
2116 4762 2234 4827 fuit,
2273 4761 2357 4815 vel
2390 4764 2557 4816 octies
2588 4770 2645 4815 ut
2692 4762 2878 4817 consul
2924 4760 3141 4815 missilia
3186 4759 3238 4812 in
3288 4759 3543 4827 populum

2001 4832 2218 4903 sparsit,
2244 4830 2385 4903 quod
2416 4832 2703 4903 ὑπατεύειν
2731 4833 3023 4903 scripto_r_es
3046 4826 3438 4903 vulgojicurit,
3460 4826 3545 4881 vel

1994 4872 2414 4964 xiieunairridew,
2452 4910 2511 4971 ut
2538 4900 2646 4956 Leo
2676 4902 2808 4971 imp.
2837 4872 2890 4955 in
2924 4899 3064 4971 Nov.
3093 4872 3179 4955 9f.
3205 4898 3338 4971 Yidc
3364 4872 3541 4971 Gloss.

1994 4973 2138 5025 med.
2194 4971 2413 5025 Graacit.
2471 4966 2769 5041 Sportulas'
2803 4969 3109 5041 consulatus
3152 4970 3356 5041 mittere
3411 4966 3547 5020 dixit

1993 5041 2345 5111 Symmachus
2378 5041 2475 5095 lib.
2494 5039 2581 5111 ix,
2608 5040 2766 5110 epist.
2792 5041 2886 5094 ult.
2912 5039 3545 5111 Epistolaepiscopprpin

1992 5104 2324 5165 A'relatensis
2352 5104 2665 5180 provinciaf,
2695 5110 2837 5164 inter
2856 5104 3109 5178 epistolas
3138 5104 3333 5163 Leonis
3352 5104 3419 5159 M.
3439 5104 3542 5159 PP.

1993 5181 2057 5234 In
2084 5182 2182 5235 hac
2210 5181 2335 5235 urbe
2357 5182 2647 5249 quicunque
2674 5180 2813 5233 intra
2845 5180 3046 5235 Gallias
3068 5196 3130 5233 ea:
3153 5189 3378 5245 tempore
3407 5182 3546 5245 prae-

1998 5252 2258 5318 dictorum
2284 5260 2543 5303 ostentare
2575 5249 2734 5303 voluit
2774 5251 2999 5319 insignia
3036 5250 3325 5319 dignitatis,
3357 5262 3546 5319 consu-

1998 5320 2165 5391 latum
2201 5316 2503 5391 suscepitget
2528 5320 2707 5391 dedit;
2748 5316 2975 5373 formula
3002 5316 3257 5391 [reqiiens
3283 5318 3333 5370 in
3369 5316 3545 5391 Chro-

1995 5385 2527 5447 nico'Alexandrino
2581 5389 2963 5461 Scaligeriano.
3002 5385 3137 5443 Vide
3184 5388 3360 5443 Gloss.
3399 5385 3542 5442 med.

1596 5530 1831 5586 VARUE
1870 5529 2271 5588 LECTIONES.

388 5688 774 5752 “slgomJl.
850 5690 1261 5760 “pl:vom.R.
1335 5692 1381 5725 θα
1408 5689 1694 5760 προσθέσει
1726 5689 1784 5745 ι).
1861 5690 2044 5760 "ﬁni:
2073 5688 2181 5745 PV.
2257 5687 2377 5743 "at
2407 5703 2513 5746 om.
2544 5686 2605 5742 P.
2681 5685 3011 5744 "bounl’.
3089 5685 3220 5739 ’σοὺ
3253 5681 3553 5757 μετόμετῖ,

319 5773 433 5831 qua:
456 5760 694 5816 diximus
719 5760 786 5815 ad
814 5774 864 5831 p.
898 5756 957 5815 Ρ.
999 5760 1127 5817 Vide
1163 5762 1278 5816 128.
1356 5762 1396 5796 τ’
1434 5756 1889 5830 συναγγε).ιζομαι
1920 5756 1981 5813 P.
