4090 6300
580 303 686 366 707

1756 303 2191 366 CHRONICON
2230 305 2634 366 PASCHALE.

3734 303 3840 367 708

581 412 757 485 Magni
806 411 1268 483 imperatoris,"et
1306 429 1345 469 ιι
1382 428 1840 471 ιιιιιιιιιιιισσωινι
1872 414 2148 487 Olympia-

2264 418 2527 471 τταντίνου
2569 417 2663 471 τοῦ
2718 416 2953 487 μεγάλου
2996 416 3262 489 βασιλέως
3296 415 3389 471 καὶ
3421 412 3467 487 β’
3513 413 3669 477 ἔτους
3720 408 3839 478 σοξ

580 507 683 571 dis,
716 522 947 561 ccxcvn.

650 599 697 653 Α
724 599 912 654 mundi
938 599 1184 662 conditu.
1217 614 1390 669 usque
1419 599 1486 655 ad
1510 616 1581 655 xx
1637 614 1843 655 annum
1881 599 2155 654 Constan-

580 690 703 754 tini,
728 691 856 744 anni
879 705 1300 745 vmncccxxml.

579 780 775 927 A252.6.
809 870 895 943 (Α.
936 888 967 925 a
1011 870 1081 925 M.
1122 869 1184 925 C.
1215 870 1401 942 5854.)
1433 887 1547 926 xxx.
1574 869 1696 924 Ind.
1728 883 1840 923 xw.

579 962 939 1019 Constantino
992 964 1239 1034 Augusto
1292 962 1361 1017 IX
1406 972 1463 1018 et
1516 959 1842 1017 Constantio

1865 776 1974 851 [οι.
2009 776 2154 851 lph.]

579 1056 793 1110 Caesare
814 1053 882 1108 IV
904 1070 1045 1109 coss.
1912 1051 1970 1106 2.

651 1146 776 1199 527.
799 1162 931 1201 χχιι.
949 1145 1068 1200 Ind.
1093 1162 1185 1201 xv.
1217 1143 1541 1201 Constantio
1559 1145 1776 1201 Casare
1795 1144 1841 1201 ν

582 1246 637 1290 et
666 1235 898 1291 Maximo
929 1251 1073 1292 coss.
1915 1234 1970 1290 5.

651 1325 1047 1381 Constantinus
1109 1327 1411 1381 instaurata
1475 1326 1726 1398 Drepano
1787 1328 1843 1382 in

582 1415 853 1488 Bithynia,
892 1419 947 1473 in
966 1420 1229 1474 honorem
1254 1420 1429 1475 sancti
1451 1419 1674 1476 Luciani
1700 1436 1843 1475 mar-

582 1509 737 1579 tyris,
777 1510 919 1565 hanc
946 1511 1105 1565 matri
1137 1526 1247 1566 suae
1269 1512 1648 1583 cognominem
1680 1511 1843 1566 Hele-

582 1600 824 1669 nopolim
862 1603 1215 1671 nuncupavit,
1245 1602 1443 1657 donata
1476 1603 1704 1669 civitati,
1740 1618 1845 1672 qua

584 1706 755 1760 usque
790 1692 954 1747 hodie
980 1692 1203 1753 fruitur,
1224 1710 1509 1764 quousque
1532 1703 1683 1765 patet
1712 1702 1840 1748 ante

583 1783 775 1837 urbem
824 1792 1168 1854 prospectus,
1210 1785 1553 1856 vectigalium
1582 1784 1845 1839 immuni-

584 1882 718 1941 tate,
748 1876 802 1929 in
820 1876 1083 1932 honorem
1116 1878 1288 1933 sancti
1317 1878 1566 1949 Martyris
1591 1876 1837 1931 Luciani.

1041 1968 1272 2025 CCLXX
1279 1970 1375 2023 VII
1410 1968 1702 2039 Olympias.

654 2057 777 2112 328.
821 2076 975 2114 xxm.
1018 2059 1135 2115 Ind.
1186 2077 1226 2116 ι.
1281 2061 1539 2119 Januario
1589 2069 1645 2116 et
1688 2060 1844 2116 Iusto

584 2164 727 2204 COSS.
751 2186 758 2191 -
824 2175 834 2209 ζ
1918 2148 1973 2203 4.

653 2239 1048 2295 Constantinus
1110 2240 1239 2296 Pius
1294 2240 1603 2295 Danubium
1655 2240 1861 2311 pluries
1921 2241 2156 2311 trajecit.

585 2340 753 2402 ponte
775 2333 988 2403 lapideo
1020 2334 1075 2388 in
1113 2334 1366 2389 eumdem
1398 2333 1620 2389 ﬂuvium
1651 2340 1842 2388 strato.

657 2526 753 2581 His
787 2543 930 2583 coss.
967 2526 1365 2584 Constantinus
1396 2529 1630 2601 inclytus
1658 2528 1953 2599 imperator
1992 2527 2162 2583 Roma

588 2618 886 2689 profectus,
914 2630 970 2675 et
997 2620 1325 2677 Nicomediae
1358 2621 1625 2694 Bithyniae
1661 2622 1969 2692 metropoli,
2001 2632 2163 2692 atque

588 2709 716 2765 inde
749 2710 991 2782 Byzantii
1022 2713 1114 2767 diu
1153 2722 1418 2780 moratus,
1451 2714 1690 2784 primum
1739 2712 1980 2785 Byzantii
2009 2714 2160 2769 urbis

588 2819 805 2858 murum
835 2803 1176 2869 instauravit,
1210 2804 1367 2861 factis
1408 2806 1549 2861 haud
1577 2805 1826 2869 modicis,
1849 2822 1987 2876 quas
2011 2814 2161 2861 vete-

589 2894 665 2949 ris
714 2894 864 2949 urbis
917 2909 1074 2951 muro
1120 2896 1389 2966 adiunxit,
1440 2897 1832 2961 additionibus,
1878 2900 2012 2952 urbe
2049 2897 2164 2968 ipsa

589 2984 1059 3056 Constantinopoli
1102 2987 1391 3056 appellata.
1433 2986 1652 3042 Circum
1689 2997 1955 3057 praeterea
1986 2987 2165 3042 absol-

588 3077 686 3140 vit,
729 3091 892 3146 quem
928 3076 1087 3132 aereis
1125 3077 1319 3132 statuis
1359 3078 1586 3149 aliisque
1624 3078 1965 3134 ornamentis
2003 3079 2165 3133 deco-

588 3165 732 3219 ravit
768 3184 781 3220 :
819 3166 1071 3221 confecto
1106 3167 1272 3221 etiam
1303 3168 1582 3235 tribunali,
1621 3185 1690 3225 ex
1717 3184 1826 3240 quo
1866 3169 2167 3239 imperator

589 3256 878 3313 Circenses
908 3268 1203 3327 spectaret,
1235 3260 1408 3314 instar
1446 3260 1592 3315 illius
1621 3262 1765 3330 quod
1804 3260 1990 3316 Romae
2026 3269 2164 3315 erat.

588 3348 796 3404 Palatio
821 3366 1018 3421 magno
1041 3351 1285 3421 proxime
1312 3353 1519 3407 circum
1552 3352 1775 3424 insuper
1804 3352 2048 3416 condito,
2077 3367 2169 3407 as-

590 3455 817 3495 censum
862 3456 960 3511 per
1000 3441 1289 3496 Cochleam
1328 3444 1395 3498 ab
1442 3447 1637 3499 eodem
1680 3445 1735 3498 in
1765 3444 1904 3499 Circi
1934 3442 2171 3497 tribunal

592 3532 845 3587 coniecit.
896 3532 1145 3603 Magnum
1187 3549 1402 3604 quoque
1452 3544 1508 3589 et
1559 3534 1904 3605 splendidum
1948 3534 2171 3589 omnino

593 3622 770 3677 forum
806 3624 1111 3690 aediﬁcavit,
1142 3625 1197 3679 in
1242 3626 1398 3695 cujus
1431 3626 1610 3681 medio
1643 3628 1917 3697 ingentem
1958 3640 2022 3679 ac
2048 3634 2165 3679 stu-

595 3716 828 3785 pendam
859 3716 1169 3771 columnam
1212 3716 1653 3786 porphyreticam
1690 3732 1759 3772 ex
1804 3715 1985 3786 lapide
2015 3713 2162 3770 The-

2271 507 2632 578 Ὀλυμπιάδος
2662 508 2802 576 σις’.

2339 598 2503 669 Ὀμοῦ
2538 601 2581 632 ³⁷
2613 601 2721 654 ἀπὸ
2767 600 3002 669 γενέσως
3036 600 3243 670 κόσμου
3274 598 3387 670 (98)
3416 599 3522 663 ἓως
3553 598 3653 668 τῆς
3680 598 3835 649 εἰκο-

2261 691 2572 762 σαετηρίδος
2615 692 2662 725 ³⁸
2707 692 3115 745 Κωνσταντίνου
3148 690 3246 760 ἐτη
3277 686 3477 761 ,εωλγκ

2343 865 2461 921 Ἱνδ.
2484 864 2566 921 ιδ’.
2588 864 2690 919 κα’.
2713 867 2806 921 ὑπ.
2830 867 3241 922 Κωνσταντίνου
3259 864 3567 935 Αὐγούστου
3584 864 3646 916 τὸ
3663 860 3708 915 0'
3731 861 3846 934 (99)

2215 1022 2221 1029 ἡ
2261 954 2355 1007 καὶ
2389 955 2769 1009 Κωνσταντίου
2798 957 3077 1026 Καίσαρος
3104 957 3165 1009 τὸ
3191 953 3257 1009 δ’.

2340 1130 2457 1184 Ἰνδ.
2494 1130 2576 1186 ιε’.
2604 1130 2707 1202 κβ’.
2747 1132 2840 1187 ὑπ.
2869 1131 3247 1187 Κωνσταντίου
3274 1130 3556 1203 Καίσαρος
3582 1130 3645 1186 τὸ
3672 1129 3717 1183 ε’
3749 1130 3849 1185 καὶ

2262 1222 2547 1293 Μαξίμου.

2329 1316 2604 1387 Δρέπανον
2638 1318 2683 1349 ²⁹
2719 1318 2796 1388 (-l)
2826 1317 3114 1380 ἐπικτίσας
3137 1318 3166 1369 ὁ
3202 1316 3453 1386 βασιλεὺς
3484 1317 3842 1370 Κωνσταντῖ-

2266 1423 2353 1470 νος
2394 1407 2452 1460 ὲν
2498 1408 2720 1480 Βιθυνίᾳ
2753 1411 2833 1471 εἰς
2863 1411 3029 1479 τιμὴν
3074 1407 3167 1462 τοῦ
3199 1408 3354 1476 ἁγίου
3392 1408 3663 1477 μάρτυρος
3697 1409 3843 1460 Λου-

2267 1498 2454 1552 κιανοῦ
2484 1499 2771 1571 ὁμώνυμον
2806 1503 2872 1571 τῇ
2928 1500 3095 1571 μητρὶ
3124 1497 3290 1553 αὑτοῦ
3331 1498 3703 1552 Ἐλενούπολιν
3749 1498 3849 1551 κέ·-

2266 1588 2487 1661 κληκεν,
2532 1590 2913 1662 δωρησάμενος
2936 1590 3064 1661 ἄχρι
3088 1589 3182 1642 τοῦ
3212 1589 3305 1642 νῦν
3331 1588 3436 1653 ἕως
3466 1592 3707 1660 φανερᾶς
3747 1606 3848 1641 πε-

2270 1681 2454 1751 ριοχῆς
2498 1681 2604 1751 πρὸ
2646 1683 2747 1751 τῆς
2773 1681 2980 1745 πόλεως
3020 1682 3101 1744 εἰς
3128 1678 3295 1751 τιμὴν
3322 1679 3419 1733 τοῦ
3446 1681 3602 1750 ἁγίου
3639 1679 3851 1749 μάρτυ-

2190 1773 2236 1831 Β
2264 1787 2359 1842 ρος
2389 1772 2691 1829 Λουκιανοῦ
2714 1773 2995 1828 ἀτέλειαν.

2793 1964 2900 2028 σοζ¹
2941 1964 3281 2035 Ὀλυμπιάς.

2351 2058 2471 2111 ἰνδ.
2506 2064 2574 2113 α’.
2617 2057 2723 2125 κγ’.
2754 2059 2850 2115 ὑπ,
2878 2060 3207 2131 Ἰανουαρίου
3237 2058 3314 2129 (2)
3340 2059 3433 2113 καὶ
3473 2057 3737 2112 Ἰούστου.

2340 2238 2505 2310 284
2539 2239 2941 2304 Κωνσταντῖνος
2971 2242 2998 2294 ὁ
3021 2238 3249 2310 εὐσεϐὴς
3284 2241 3375 2294 τὸν
3400 2239 3655 2295 Δανοῦὸιν
3694 2240 3742 2271 ⁸⁸
3770 2240 3847 2310 ('5)

2268 2329 2585 2395 πλειστάκις
2613 2331 2899 2403 ἐπέρασεν,
2928 2336 3023 2388 καὶ
3046 2337 3291 2406 γέφυραν
3336 2335 3417 2405 (4)
3446 2333 3594 2404 αὐτῷ
3619 2333 3838 2404 λιθίνην

2268 2419 2540 2491 ἐποίησεν.
2640 2466 2641 2471 η
3486 2452 3493 2459 -

2349 2513 2472 2566 Ἐπὶ
2489 2513 2596 2566 τῶν
2617 2515 2989 2586 προκειμένων
3012 2516 3231 2571 ὑπάτων
3253 2515 3659 2582 Κωνσταντῖνος
3679 2520 3707 2571 ὁ
3727 2518 3847 2571 ἀοί-

2266 2604 2419 2676 διμος
2453 2606 2701 2676 βασιλεὺς
2729 2608 2837 2661 ἀπὸ
2883 2607 3099 2680 Ῥώμης
3144 2609 3335 2675 ἐλθὼν,
3386 2610 3481 2664 καὶ
3532 2610 3737 2678 διάγων
3786 2611 3847 2662 ὲν

2267 2698 2602 2770 Νικομηδεξᾳ
2646 2698 2745 2770 (5),
2793 2701 3121 2771 μητροπόλει
3148 2703 3249 2772 τῆς
3289 2702 3559 2767 Βιθυνίας,
3605 2702 3850 2773 ποιήσας

2268 2791 2545 2861 πρόκεσσα
2586 2792 2680 2845 ἐπὶ
2729 2792 2897 2846 πολὺν
2934 2794 3123 2865 χρόνον
3162 2778 3220 2846 ἓν
3271 2794 3351 2865 τῷ
3400 2794 3699 2864 Βυζαντίῳ,
3747 2795 3850 2847 ἁν-

2268 2882 2464 2936 ενέωσε
2513 2883 2573 2936 τὸ
2625 2885 2840 2954 πρῶτον
2887 2887 3064 2955 τεῖχος
3114 2885 3191 2957 (6)
3238 2889 3338 2957 τῆς
3366 2886 3538 2950 Βύζου
3601 2885 3840 2947 πόλεως,

2269 2975 2498 3046 ποιήσας
2546 2975 2640 3028 καὶ
2690 2973 3005 3046 προσθήκας
3054 2974 3131 3046 τῷ
3162 2976 3309 3046 αὐτῷ
3361 2974 3531 3046 τείχει
3590 2976 3692 3029 οὑκ
3725 2975 3849 3027 ὀλὶο

2269 3083 2372 3136 γας
2422 3066 2491 3130 δι,
2542 3068 2636 3120 καὶ
2692 3066 2926 3137 συνῆψεν
2953 3066 3031 3137 τῷ
3055 3066 3269 3138 παλαιῷ
3288 3067 3458 3147 τείχει
3488 3067 3584 3138 τῆς
3608 3066 3844 3131 πόλεως,

2268 3159 2363 3213 καὶ
2406 3157 2664 3212 ἐκάλεσεν
2689 3157 2859 3229 αὐτὴν
2890 3158 3485 3225 Κωνσταντινούπολιν,
3513 3156 3849 3227 ἀναπληρώ-

2270 3269 2369 3315 σας
2398 3252 2494 3306 κα).
2525 3252 2586 3305 τὸ
2619 3252 2845 3305 ἱππικὸν
2889 3252 2989 3322 (7),
3026 3254 3309 3323 κοσμήσας
3346 3252 3477 3306 αὐτὸ
3498 3252 3848 3323 χαλκουργή-

2273 3358 2404 3410 μασι
2442 3341 2536 3393 καὶ
2562 3340 2711 3411 πάσῃ
2743 3342 2933 3413 ἀρετῇ,
2963 3343 3195 3413 ποιήσας
3226 3343 3285 3394 έν
3314 3340 3463 3413 αὑτῷ
3496 3341 3741 3412 κάθισμα
3768 3341 3846 3411 (8)

2270 3432 2495 3503 θεωρίου
2555 3431 2832 3502 βασιλικοῦ
2878 3433 2999 3487 καθ’
3028 3433 3321 3504 ὁμοιότητα
3348 3433 3442 3487 τοῦ
3467 3435 3525 3487 ὲν
3540 3432 3728 3504 Ῥώμῃ
3760 3432 3851 3485 ὅν-

2268 3542 2382 3589 τος.
2414 3524 2523 3578 Καὶ
2571 3523 2830 3578 παλάτιον
2877 3526 2951 3596 (9)
3006 3525 3152 3596 μέγα
3207 3528 3435 3598 ποιήσας
3484 3526 3714 3596 πλησίον
3749 3523 3848 3577 τοῦ

2271 3616 2437 3672 αὑτοῦ
2490 3616 2717 3670 ἱππικοῦ
2752 3617 2852 3688 τὴν
2888 3617 3072 3672 ἄνοδον
3105 3618 3215 3671 ἀπὸ
3240 3618 3334 3672 τοῦ
3381 3618 3642 3673 παλατίου
3673 3618 3755 3680 εἰς
3787 3616 3850 3669 τὸ

2268 3708 2513 3780 κάθισμα
2534 3708 2629 3762 τοῦ
2659 3710 2885 3765 ἱππικοῦ
2916 3708 3006 3762 διὰ
3028 3710 3118 3763 τοῦ
3140 3709 3429 3782 λεγομένου
3451 3709 3682 3781 Κοχλίου
3707 3706 3848 3781 (10).

1931 3886 2299 3945 νΑιιιοιιυιι
2336 3884 2566 3942 NOTAE.

668 4031 778 4103 (98)
806 4030 951 4084 Ἀπὸ
1005 4032 1294 4101 γενέσεως
1324 4031 1496 4101 ὁμοῦ.
1532 4030 1839 4103 ῡθιθίνίιιιιιε
1882 4030 2023 4103 hanc
2064 4045 2166 4100 po-

597 4112 855 4159 stremam
907 4118 1097 4156 vocem
1147 4119 1271 4157 eum
1309 4102 1609 4157 Holstenio.
1652 4102 1709 4157 ld
1752 4117 1917 4172 porro
1950 4102 2165 4156 videtur

599 4181 920 4242 excerptum
954 4188 1019 4226 ex
1048 4173 1229 4242 aliquo
1253 4172 1521 4242 Paschali.

669 4240 786 4315 (99)
817 4243 888 4315 7:6
913 4242 980 4296 θ’.
1028 4240 1172 4298 Fasti
1205 4259 1417 4307 omnes,
1468 4241 1808 4315 Constantino
1835 4242 1930 4297 VII
1954 4252 2003 4296 et
2034 4240 2169 4315 Con-

595 4311 789 4368 stantio
816 4311 1047 4383 ACwsare,
1074 4316 1275 4383 absque
1297 4328 1525 4368 numero
1550 4314 1880 4367 consulatus.
1910 4313 2167 4377 Quaedam

597 4385 759 4465 leges.
800 4381 933 4437 Cod.
996 4381 1203 4439 Theod.
1269 4385 1474 4439 habent
1505 4383 1810 4447 Constante,
1860 4384 1978 4438 aliae
2029 4383 2168 4439 Con-

596 4464 817 4508 stantia.

670 4524 744 4594 (t)
773 4521 1096 4594 Αρέπανον.
1144 4522 1483 4594 Ammianus,
1513 4522 1605 4594 lib.
1638 4539 1788 4588 xxw,
1832 4521 2163 4591 Drepanum,

598 4592 734 4646 nunc
766 4592 1148 4660 Helenopolim,
1176 4596 1311 4646 venit
1373 4593 1513 4647 Urbs
1545 4593 1807 4662 Bithynia:
1837 4594 1904 4646 ad
1938 4594 2166 4649 Astace-

599 4680 730 4716 num
775 4662 975 4733 sinum,
1034 4663 1314 4733 Stephano
1345 4662 1622 4733 Byzantio.
1658 4664 1789 4718 Vide
1822 4664 2167 4717 illius-inter-

597 4742 812 4803 pretes,
855 4731 1240 4803 Hieronymum
1268 4731 1555 4803 inC’hron.
1594 4742 1669 4803 et_
1700 4733 1772 4787 ibi
1812 4733 2166 4803 Scaligerum,

602 4818 719 4872 pag.
744 4801 869 4866 250,
903 4812 959 4856 et
982 4801 1171 4858 Jacob.
1203 4802 1542 4858 Gotthoi'red.
1567 4803 1622 4857 in
1643 4801 2005 4874 Chronologia
2030 4802 2166 4858 Cod.

600 4871 872 4926 Theodos.
907 4888 1053 4926 anno
1080 4888 1361 4926 cccxxvm.

667 4887 872 4926 lCOGOS.
907 4888 1053 4927 anno
1080 4888 1361 4928 CCCXXVllI.

572 4994 638 5012 κγ,
671 4941 746 5010 (‘2)
777 4942 1169 5010 'Iarovaplov.
1202 4944 1277 4997 Ita
1310 4942 1455 4997 Fasti
1492 4941 1789 5009 Savilliani,
1821 4943 2072 5012 Prosperi
2115 4951 2170 4997 et

600 5011 846 5085 yictorii.
884 5012 967 5085 At
991 5013 1305 5085 Laterculus
1348 5014 1587 5084 prmfect.
1621 5016 1739 5069 urb.
1788 5011 2169 5085 Fragmentum

602 5081 812 5135 Fastor.
856 5091 911 5134 et
940 5081 1213 5137 Paschalis
1234 5081 1454 5140 centum
1484 5100 1676 5137 annor.
1720 5081 1998 5149 Eucherii,
2029 5093 2090 5137 ut
2115 5092 2172 5138 et

603 5151 749 5224 Fasti
774 5151 926 5206 ldatii
947 5167 1094 5224 (mss.
1125 5153 1480 5208 Januarinum
1510 5155 1713 5224 legunt.

677 5223 753 5291 (5)
783 5222 1088 5294 Δανοῦϐιν.
1127 5224 1183 5276 ln
1216 5225 1375 5280 Dacia
1406 5222 1628 5293 Ripensi
1677 5224 1850 5294 egisse
1894 5222 2169 5294 Constan-

605 5292 777 5346 tinum
825 5293 928 5346 hoc
966 5301 1208 5363 tempore
1252 5310 1321 5349 ex
1381 5292 1783 5363 subscriptione
1828 5297 1931 5363 leg.
1959 5293 1992 5346 5
2033 5293 2167 5348 Cod.

604 5363 813 5418 'l'heod.
842 5363 911 5418 de
932 5362 1180 5435 Privileg.
1214 5379 1403 5419 eorum
1442 5366 1535 5434 qui
1572 5362 1623 5418 in
1652 5365 1791 5420 Sacr.
1823 5365 1928 5434 pa].
1960 5363 2163 5433 colligit

2270 4026 2658 4084 Gottbol‘redus
2683 4028 2738 4082 in
2766 4027 3024 4085 Chronol.
3053 4030 3119 4085 ad
3150 4030 3401 4085 eumdem
3428 4030 3562 4086 Cod.

2344 4100 2422 4170 (4)
2451 4100 2561 4153 Kal
2594 4098 2879 4169 γέφυραν.
2931 4101 3127 4157 Nescio
3178 4117 3247 4155 an
3296 4102 3401 4156 huc
3450 4101 3723 4170 pertineat
3760 4102 3848 4155 in-

2270 4171 2495 4240 scriptio
2514 4171 2568 4223 in
2595 4179 2817 4240 pontem
2843 4171 3071 4225 Danubii
3097 4172 3163 4226 ad
3193 4172 3380 4226 ruinas
3409 4169 3554 4225 urbis
3581 4169 3843 4226 Warhcl:

2269 4238 2630 4294 Pnoviossna
2684 4254 2802 4294 auo.
2851 4257 2989 4296 vana
3035 4256 3340 4297 PONTIPICIS.
3392 4240 3593 4296 Vmws
3635 4258 3847 4297 nonum

2226 4312 2228 4315 Ι
2270 4325 2392 4372 QUID
2417 4325 2516 4363 NON
2537 4326 2726 4365 DOMET.
2754 4326 2847 4365 SUB
2874 4326 3037 4367 JUGUM
3075 4328 3201 4367 ECCE
3230 4328 3449 4367 RAPITUR
3473 4327 3539 4365 ΕΤ
3560 4328 3838 4367 DANUVIUS.

2272 4379 2407 4451 Vide
2431 4378 2754 4451 Theophan.
2789 4397 2880 4435 an.
2918 4398 3028 4435 χχιι
3057 4392 3112 4437 et
3140 4399 3287 4447 xxiv,
3327 4380 3699 4436 Constantini.

2198 4441 2244 4498 D
2346 4441 2981 4523 (5)ῘΕν’Νικομηδείᾳ.
3028 4452 3127 4507 Ubi
3159 4441 3284 4507 tum
3304 4453 3481 4523 egisse
3529 4451 3842 4507 Constanti-

2266 4536 2398 4593 num
2442 4520 2541 4593 his
2569 4536 2709 4593 coss.
2746 4532 2975 4593 testatur
3008 4520 3502 4593 subscriptio'Leg.
3568 4538 3660 4577 un.
3704 4524 3839 4578 Cod.

2266 4591 2477 4645 Theod.
2513 4591 2581 4644 de
2606 4590 2808 4643 Mensis
2844 4592 3014 4647 olear.

2342 4661 2415 4733 (ti)
2476 4662 2567 4733 To
2604 4660 2840 4729 πρῶτον
2894 4662 3116 4733 τεῖχος.
3175 4660 3325 4733 Vide
3365 4662 3843 4733 Constantinopol.

2264 4730 2468 4786 Christ.
2517 4730 2608 4784 lib.
2663 4747 2679 4813 ι
2731 4740 2865 4813 sect:
2911 4732 2980 4786 de
3021 4733 3274 4813 Byzantii
3297 4731 3443 4813 Orig.
3481 4750 3537 4813 ιι.
3573 4735 3626 4786 8.
3658 4730 3744 4787 Ab
3775 4733 3845 4787 iis

2264 4816 2428 4873 porro
2466 4814 2587 4868 quae
2613 4801 2681 4855 ad
2710 4801 2954 4870 ejusdem
2986 4801 3221 4857 civitatis
3245 4801 3684 4873 descriptionem,
3744 4819 3846 4857 seu

2267 4871 2533 4943 regiones,
2570 4887 2666 4925 seu
2694 4873 2838 4926 mdes
2863 4888 3065 4939 sacras,
3099 4882 3157 4927 et
3199 4875 3303 4927 alia
3334 4871 3643 4943 huiusmodi
3684 4889 3848 4943 spec-

2268 4949 2410 5004 tant,
2452 4941 2710 5011 deinceps
2735 4952 3044 5008 occurrent,
3071 4941 3420 4999 enucleandis
3458 4944 3539 4998 vel
3568 4941 3850 4998 illustran-

2270 5011 2354 5065 dis
2384 5010 2798 5076 abstinebimus,
2831 5014 2962 5067 locis
2985 5014 3249 5069 duntaxat
3268 5015 3425 5069 istius
3451 5014 3848 5069 lucubrationis

2268 5080 2544 5153 indicatis,
2584 5097 2656 5135 ne
2691 5094 2872 5137 actum
2906 5098 3149 5153 agamus.

2342 5151 2420 5218 (7)
2463 5150 2752 5207 ’1ππικόν.
2792 5150 3057 5209 Ιὶιίεὶ.ἸίῘ).
3089 5172 3125 5221 ι,
3162 5164 3299 5210 sect.
3332 5155 3381 5220 1,
3414 5170 3474 5209 n.
3507 5155 3560 5209 5.

2342 5221 2416 5292 (8)
2447 5222 2742 5291 Κάθισμα.
2778 5223 2934 5287 lbid.,
2968 5241 3021 5277 ιι.
3056 5225 3109 5279 6.

2341 5292 2417 5361 (9)
2448 5292 2769 5348 Παλάτιον.
2807 5294 2965 5361 lbid.,
3003 5296 3097 5349 lib.
3141 5312 3203 5358 ιι,
3236 5302 3370 5350 sect.
3403 5296 3457 5358 4,
3492 5311 3549 5348 ιι.
3584 5296 3635 5350 1.

2339 5362 2451 5432 (10)
2491 5365 2772 5431 Κοχλίου.
2820 5364 2981 5431 lbid.,
3008 5366 3101 5419 lib.
3144 5383 3182 5433 ι,
3214 5375 3347 5421 sect.
3375 5367 3427 5431 1,
3462 5382 3518 5420 ιι.
3547 5366 3602 5421 5.

1900 5524 1984 5580 VA
1994 5524 2135 5580 ΒΙᾹΞ
2173 5523 2580 5583 LECTIONES.

678 5658 723 5741 ξ’
754 5657 889 5741 ὁμοῦ
916 5659 1114 5741 om._P,
1137 5670 1259 5741 post
1288 5661 1553 5741 γενέσεως
1595 5664 1748 5733 ponit
1792 5660 1857 5715 Β.
1935 5661 1979 5693 ⁸⁸
2011 5666 2057 5714 κ’
2088 5659 2331 5731 ὲτηρίδος
2370 5660 2478 5717 PV.
2557 5664 2600 5696 "
2631 5663 2912 5736 Δρέπαναν
2948 5666 3012 5722 ν.
3091 5670 3137 5702 ⁸⁸
3162 5669 3434 5741 Δανούσην
3468 5668 3577 5729 PV.
3656 5670 3703 5736 δέ
3742 5670 3845 5728 οὐκ

607 5728 800 5799 ὀλίγας
817 5730 894 5803 τῷ
925 5732 1074 5803 αὐτῷ
1096 5728 1264 5802 τείχει
1302 5728 1364 5786 Ρ.
