4090 6300
282 314 389 377 709

1436 321 1868 383 CHRONICON
1910 322 2314 384 PASCHALE.

3402 325 3509 391 710

282 424 477 489 κτίσας
523 426 621 480 καὶ
657 425 816 497 φόρον
861 426 974 500 (ﬂ)
1011 428 1185 501 μέγαν
1233 430 1327 485 καὶ
1376 433 1625 504 εὐπρεπῆ
1694 434 1854 491 πάνυ.

1964 436 2106 491 bano
2134 438 2341 497 statuit.
2373 436 2462 491 cui
2487 407 2638 491 suam
2668 438 2837 508 ipsius
2862 440 3222 510 praegrandem
3258 442 3512 513 imposuit

280 517 377 569 καὶ
420 516 648 588 ἔστησεν
685 520 744 573 ἐν
784 520 937 592 μέσῳ
977 520 1129 575 κίονα
1170 522 1281 591 (12)
1319 524 1631 595 πορφυροῦν
1676 525 1852 594 μέγαν

278 611 433 665 λίθου
479 612 719 683 Θηϐαίου
748 616 1197 687 άξιοθαύμαστον,
1227 619 1321 671 καὶ
1348 619 1601 690 ὑπεράνω
1631 618 1725 673 τοῦ
1753 620 1851 672 αὑ-

277 701 373 755 τοῦ
414 703 595 770 κίονος
621 704 850 774 ἔστησεν
878 707 1071 761 ἑαυτοῦ
1102 709 1393 780 ἀνδριάντα
1427 710 1620 781 μέγαν,
1657 710 1850 780 ἔχοντα

278 794 338 844 ἐν
387 795 457 865 τῇ
514 796 721 867 κεφαλῇ
769 797 932 851 αὐτοῦ
978 800 1222 865 ἀκτῖνας,
1270 801 1407 871 ὅπερ
1457 800 1849 873 χαλκούργημα

277 883 491 967 ήγαχεν
518 884 625 938 ἀπὸ
646 888 745 956 τῆς
766 886 1025 959 Φρυγίας.
1059 888 1123 942 Ὀ
1147 888 1204 941 δὲ
1234 889 1393 952 αὐτὸς
1422 889 1668 959 βασιλεὺς
1704 890 1858 943 Κων-

280 976 560 1038 σταντῖνος
608 977 822 1044 ἀφελὼν
854 978 1108 1048 κρυπτῶς
1150 978 1260 1032 ἀπὸ
1289 980 1508 1050 Ῥώμης
1531 980 1593 1033 τὸ
1622 980 1855 1051 λεγόμε-

279 1079 372 1116 νον
420 1065 719 1119 Παλλάδιον
758 1066 893 1137 (15),
928 1068 1121 1139 έθηκεν
1151 1070 1284 1123 αὐτὸ
1322 1071 1379 1123 ἐν
1430 1071 1508 1141 τῷ
1544 1071 1636 1123 ὑπ’
1694 1069 1856 1124 αὑτοῦ

278 1154 556 1209 κτισθέντι
602 1157 751 1228 φόρῳ
795 1159 1050 1213 ὑποκάτω
1084 1161 1178 1213 τοῦ
1208 1160 1383 1225 κίονος
1406 1162 1506 1232 τῆς
1532 1162 1731 1231 στήλης
1754 1162 1853 1215 αὑ-

1955 532 2210 589 statuam,
2243 524 2421 579 radios
2450 525 2735 579 habentem
2771 527 2826 581 in
2866 530 3040 598 capite
3068 548 3081 583 :
3124 532 3266 600 quod
3290 534 3508 602 quidem

1954 630 2156 669 aereum
2182 630 2317 685 opus
2346 630 2413 668 ex
2434 613 2661 685 Phrygia
2684 616 2877 671 advehi
2909 620 3136 674 curavit.
3167 621 3313 675 Idem
3345 622 3513 692 impe-

1955 715 2103 760 rator
2125 706 2518 761 Constantinus
2546 706 2685 760 clam
2723 708 2959 762 ablatum
2987 710 3156 764 Roma
3190 711 3508 778 Palladium,

1956 797 2032 851 uti
2060 798 2379 867 appellatur,
2404 797 2459 850 in
2486 796 2604 852 foro
2634 813 2664 851 a
2683 813 2741 851 se
2776 808 3073 863 exstructo,
3100 803 3201 856 sub
3239 804 3510 869 columna,

1952 885 2040 941 cui
2066 886 2316 954 imposita
2348 896 2430 941 est
2451 886 2592 940 illius
2619 894 2814 951 statua,
2851 888 3171 954 recondidit,
3204 899 3263 943 ut
3291 890 3511 959 quidam

1952 993 2020 1032 ex
2043 977 2311 1048 Byzantiis
2347 987 2616 1040 asserunt,
2653 978 2744 1046 qui
2773 978 2825 1033 id
2852 994 2921 1033 ex
2954 980 3243 1035 traditione
3280 996 3509 1051 accepe-

1954 1078 2102 1124 runt.
2134 1069 2427 1123 Fortunam
2468 1084 2597 1122 vero
2642 1068 2800 1124 Urbis
2846 1072 2913 1125 ab
2946 1087 3011 1126 eo
3052 1072 3381 1139 instauratus,
3432 1074 3514 1127 in-

1958 1168 2190 1213 cruento
2216 1157 2360 1212 facto
2386 1157 2672 1225 sacriﬁcio,
2706 1159 3011 1216 Florentem
3030 1164 3337 1231 appellavit.

276 1247 392 1309 τοῦ,
433 1248 512 1313 ὦς
554 1267 695 1314 τινες
742 1251 957 1320 λέγουσι
1001 1244 1113 1307 τῶν
1144 1254 1450 1319 Βυζαντίων
1495 1256 1561 1309 ὲκ
1606 1256 1852 1325 διαδοχῆς
1878 1252 2228 1315 ἀκούσαντες.
2263 1251 2374 1322 Τὴν
2417 1251 2475 1305 δὲ
2522 1252 2693 1323 τύχην
2732 1253 2841 1324 (14)
2882 1254 2979 1324 τῆς
3031 1255 3238 1319 πόλεως
3289 1255 3391 1326 τῆς
3422 1252 3514 1309 ὑπ’

275 1336 446 1390 αὐτοῦ
481 1340 877 1412 ἀνανεωθείσης
900 1344 1125 1414 ποιήσας
1147 1344 1336 1398 Θυσίαν
1363 1346 1715 1416 ἀναίμακτον,
1738 1346 1989 1400 ἐκάλεσεν
2016 1343 2304 1397 Ἀνθοῦσαν
2337 1344 2469 1414 (15).

360 1430 425 1483 Ὀ
469 1432 632 1495 αὐτὸς
684 1434 930 1503 βασιλεὺς
977 1435 1158 1489 ἔκτισε
1203 1439 1297 1491 κα).
1322 1436 1417 1491 δύο
1445 1438 1705 1509 ἐμϐόλους
1735 1438 1846 1507 (16)
1884 1491 1925 1501 ,,

274 1522 386 1576 ἀπὸ
419 1524 519 1590 τῆς
540 1523 746 1577 εἰσόδου
778 1524 873 1577 τοῦ
901 1526 1163 1580 παλατίου
1200 1528 1305 1591 ἓως
1332 1527 1425 1581 τοῦ
1458 1528 1624 1599 φόρου
1652 1529 1850 1599 εὐπρε-

276 1616 426 1679 πεῖς,
478 1616 761 1685 κοσμήσας
800 1618 1045 1689 ἀνδριᾶσι
1091 1620 1183 1672 καὶ
1231 1620 1564 1691 μαρμάροις,
1619 1618 1851 1681 καλέσας

274 1706 371 1757 τὸν
404 1705 569 1757 τόπον
608 1705 718 1759 τῶν
749 1707 991 1777 ἐμϐόλων
1032 1708 1257 1779 Ῥηγίαν
1288 1709 1423 1779 (17),
1455 1710 1646 1772 κτίσας
1687 1710 1851 1777 ἐγγὺς
1896 1716 1897 1719 “

279 1796 376 1849 καὶ
413 1796 699 1867 βασιλικὴν
742 1799 855 1869 (18)
895 1798 1123 1869 ἔχουσαν
1155 1800 1380 1870 κόγχην,
1417 1801 1509 1853 καὶ
1542 1800 1647 1866 ἔξω
1680 1802 1851 1871 μεγάο

277 1888 407 1951 λους
437 1890 622 1953 κίονας
654 1891 857 1961 στήσας
891 1890 986 1944 καὶ
1018 1891 1363 1963 ἀνδριάντας,
1394 1892 1575 1962 ἥνπερ
1600 1891 1855 1945 ἐκάλεσεν

278 1982 508 2035 πνᾶων
538 1982 673 2052 (19),
728 1981 963 2046 καλέσας
988 1982 1080 2035 τὸν
1118 1983 1281 2036 τόπον
1305 1983 1691 2052 Δύγουσταῖον,
1719 1982 1854 2036 καθ-

275 2072 361 2124 ότι
416 2073 511 2125 καὶ
560 2074 762 2145 στήλην
811 2069 879 2143 ἦν
918 2074 965 2107 “
1011 2075 1213 2145 στήσας
1256 2074 1543 2127 κατέναντι
1570 2074 1670 2144 τῆς
1720 2074 1855 2137 ἰδίας

278 2161 445 2215 αὐτοῦ
490 2163 697 2233 μητρὸς
731 2162 978 2235 Ἐλλένης
1029 2158 1340 2232 Δύγούστας
1394 2161 1440 2195 ⁸³
1483 2163 1764 2234 δεσποίνης
1793 2162 1854 2216 ἂν

282 2249 558 2319 πορφυρῷ
588 2250 749 2305 κίονι.

360 2339 596 2410 Ὁμοίως
650 2340 706 2393 δὲ
730 2341 822 2395 κα)⁸
850 2341 911 2395 τὸ
933 2340 1190 2411 δημόσιον
1212 2340 1274 2394 τὸ
1296 2340 1584 2411 λεγόμενον
1626 2339 1851 2406 Ζεύξιπ-

280 2444 384 2483 πον
413 2429 545 2500 ’(211)
579 2430 986 2502 ἀνεπλήρωσεν,
1019 2432 1303 2502 κοσμήσας
1341 2432 1484 2486 κίοσι
1504 2432 1600 2486 καὶ
1627 2430 1848 2503 μαρμά-

282 2535 400 2591 ροις
429 2519 694 2583 ποικίλοις
733 2520 829 2574 καὶ
857 2521 1358 2593 χαλκουργήμασιν.

359 2697 485 2753 Ἰνδ.
531 2697 597 2767 β’.
641 2698 739 2752 κδ’.
780 2699 875 2752 ὑπ.
924 2699 1334 2753 Κωνσταντίνου
1364 2698 1677 2767 Αὐγούστου
1722 2698 1783 2750 τὸ
1816 2703 1847 2749 ι’

279 2786 378 2838 καὶ
406 2785 785 2839 Κωνσταντίου
810 2785 1085 2857 Καίσαρος
1109 2787 1170 2841 τὸ
1195 2795 1237 2841 ε’
1261 2787 1395 2859 (21).

363 2961 482 3017 Ἰνδ.
516 2962 587 3031 γ’.
615 2969 713 3019 κε’.
740 2962 835 3020 ὑπ.
865 2963 1190 3020 Γαλλικανοῦ
1212 2966 1304 3019 καὶ
1334 2966 1651 3037 Συμμάχου.

2020 1436 2166 1491 Idem
2199 1436 2492 1506 imperator
2519 1437 2757 1507 geminas
2779 1436 3020 1491 condidit
3054 1438 3297 1507 porticus
3326 1438 3394 1493 ab
3425 1440 3511 1493 in-

1950 1542 2139 1598 gressu
2168 1526 2353 1597 palatii
2384 1542 2556 1595 usque
2576 1526 2644 1581 ad
2674 1526 2873 1589 forum,
2902 1525 3189 1581 admodum
3216 1527 3510 1596 elegantes,

1950 1615 2147 1671 statuis
2184 1626 2240 1669 et
2276 1614 2634 1668 marmoribus
2679 1612 2989 1677 adornatas,
3033 1612 3338 1683 porticuum
3392 1612 3512 1666 loco

1952 1706 2131 1776 Regia:
2153 1705 2372 1759 nomine
2400 1704 2570 1758 indito
2600 1721 2611 1756 :
2645 1712 2867 1773 propter
2896 1719 3054 1773 quam
3084 1702 3335 1758 excitavit
3363 1702 3510 1756 basi-

1952 1796 2109 1850 licam
2146 1811 2269 1849 eum
2313 1796 2541 1860 concha,
2584 1795 3001 1865 ingentibusque
3036 1802 3185 1849 extra
3216 1794 3384 1847 azdem
3419 1807 3512 1847 co-

1954 1885 2155 1939 lumnis
2176 1893 2231 1939 et
2258 1883 2472 1948 statuis,
2492 1900 2650 1952 quam
2673 1894 2917 1938 senatum
2944 1883 3277 1952 nuncupavit
3300 1903 3310 1937 :
3331 1882 3512 1937 locum

1952 1994 2081 2035 vero
2109 1987 2259 2033 extra
2283 1978 2423 2031 hanc
2449 1977 2619 2031 aedem
2651 1978 3019 2047 Augustazum,
3055 1976 3509 2045 quemadmodum

1952 2076 2007 2124 et
2034 2078 2285 2133 statuam,
2318 2082 2479 2137 quam
2507 2082 2538 2121 e
2563 2067 2780 2137 regione
2813 2068 2971 2121 matri
2993 2083 3103 2122 suae
3138 2067 3373 2122 dominae
3400 2066 3509 2121 He-

1951 2163 2087 2218 lenae
2150 2164 2404 2233 Augustae
2460 2161 2517 2215 in
2591 2160 2965 2231 porphyretica
3031 2160 3280 2214 columna
3346 2159 3512 2214 collo-

1950 2255 2112 2311 cavit.

2018 2345 2262 2401 Absolvit
2312 2356 2525 2413 quoque
2562 2340 2820 2395 Balneum
2860 2341 3193 2411 Zeuxippum
3228 2356 3511 2410 nuncupa-

1950 2448 2089 2502 tum,
2134 2434 2371 2503 illudque
2397 2432 2665 2487 columnis
2685 2446 2747 2484 ac
2775 2432 3132 2488 marmoribus
3160 2424 3293 2486 varii
3315 2432 3511 2486 coloris

1948 2539 2002 2586 et
2025 2528 2179 2584 :ereis
2200 2525 2453 2596 operibus
2480 2523 2788 2579 exornavit.

1949 2622 2016 2675 Α.
2047 2618 2110 2674 c.
3234 2613 3337 2671 ’01.
3364 2614 3507 2687 lph.]

2016 2711 2141 2765 529.
2176 2709 2261 2779 (Α.
2291 2722 2322 2761 ο
2360 2705 2432 2759 Μ.
2466 2706 2526 2763 C.
2560 2705 2743 2774 5857.)
2790 2723 2935 2761 xxiv.
2980 2707 3095 2761 Ind.
3132 2722 3192 2760 ιι.

1946 2799 2299 2858 Constantino
2343 2798 2583 2866 Augusto
2638 2795 2686 2849 Χ
2735 2806 2791 2850 et
2829 2796 3190 2851 Constantino

1947 2895 2159 2949 Caesare
2186 2888 2227 2942 Υ
2259 2903 2400 2944 coss.

2015 2981 2138 3035 550.
2163 2994 2282 3032 xxv.
2309 2977 2421 3031 Ind.
2448 2992 2527 3030 ιιι.
2556 2975 2828 3031 Gallicana
2857 2982 2911 3030 et
2948 2973 3199 3046 Symma-

1945 3076 2051 3130 cho
2068 3088 2210 3127 coss.
3261 3067 3317 3120 2.

3248 2887 3298 2940 1.
3340 2886 3468 2940 277.

354 3158 552 3222 Ἔτους
574 3166 655 3213 τα¹
674 3160 783 3229 (22)
807 3162 906 3230 τῆς
932 3162 1014 3224 είς
1059 3161 1319 3232 οὐρανους
1382 3159 1725 3244 ἀναλήψεως-
1743 3159 1835 3213 τοῦ

2009 3166 2166 3217 Anno
2196 3176 2325 3223 cccr,
2383 3165 2505 3227 post
2541 3156 2742 3212 Christi
2768 3156 2821 3210 in
2848 3155 3013 3211 etelos
3063 3156 3506 3224 assumptioncm,

282 3249 492 3320 Κυρίου
515 3252 608 3305 καὶ
623 3258 700 3304 κε’
727 3252 826 3323 τῆς
852 3252 1041 3305 ἑαυτοῦ
1071 3252 1362 3322 βασιλείας,
1394 3253 1844 3319 Κωνσταντῖνοςλὸ
1873 3247 1879 3253 ’

281 3339 693 3409 εὐσεϐέστατος,
730 3343 911 3416 πατὴρ
952 3345 1357 3398 Κωνσταντίνου
1387 3344 1549 3414 285
1591 3344 1708 3397 νέου
1739 3345 1844 3397 Αὑ-

281 3430 515 3500 γούστου
537 3434 631 3486 κα)⁵
650 3435 1023 3490 Κωνσταντίου
1042 3437 1139 3491 καὶ
1163 3436 1512 3499 Κώνσταντος
1529 3435 1842 3505 Καισάρων,

282 3522 440 3574 πόλιν
500 3523 790 3595 μεγίστην,
838 3525 1093 3596 λαμπρὰν
1134 3526 1229 3579 καὶ
1288 3526 1579 3595 εὐδαίμονα
1634 3524 1843 3590 κτίσας,

284 3612 575 3683 συγκλήτῳ
595 3630 652 3666 τε
683 3616 936 3685 τιμήσας,
959 3615 1525 3670 Κωνσταντινούπολιν
1541 3616 1587 3647 ⁸⁸
1614 3616 1846 3685 κέκληκε

284 3702 394 3771 πρὸ
418 3703 580 3757 πέντε
614 3704 757 3758 Ἰδὼν
783 3706 893 3777 (25)
923 3707 1136 3771 Μαίων,
1174 3707 1359 3778 ἡμέρα
1390 3706 1616 3778 δευτέρα
1643 3707 1742 3776 τῆς
1763 3706 1849 3758 ἑϐ-

283 3793 538 3863 δομάδος,
579 3796 903 3862 ίνδικτιῶνος
934 3798 1143 3870 τρίτης,
1177 3800 1237 3852 τὸ
1262 3799 1527 3870 πρότερον
1582 3798 1848 3868 καλουμέ-

286 3901 387 3954 νην
416 3886 730 3955 Βυζάντιον,
772 3888 987 3961 Ῥώμην
1008 3890 1176 3962 αὐτὴν
1203 3890 1460 3960 δευτέραν
1494 3889 1605 3961 (24)
1631 3907 1848 3961 χρημα-

1948 3265 2000 3313 et
2036 3272 2140 3311 xxv
2172 3255 2343 3326 ipsius
2386 3254 2619 3323 imperii,
2665 3253 3049 3308 Constantinus
3076 3251 3379 3315 Piissimus,
3413 3266 3508 3319 pa-

1944 3360 2027 3405 ter
2064 3348 2405 3403 Constantini
2454 3345 2694 3401 Junioris
2736 3344 2993 3415 Augusti,
3037 3353 3094 3398 et
3120 3341 3421 3399 Constantii
3453 3352 3510 3397 et

1943 3440 2252 3496 Constantis
2307 3438 2606 3501 Caesarum,
2650 3435 2910 3492 aediﬁcata
2957 3434 3090 3488 urbe
3142 3433 3402 3501 maxima,
3442 3432 3509 3485 il-

1944 3530 2117 3595 lustri,
2142 3540 2194 3584 et
2223 3530 2383 3594 felici,
2409 3544 2577 3598 eaque
2597 3534 2787 3582 senatu
2806 3526 3177 3588 cohonestata,
3204 3524 3343 3577 hanc
3367 3522 3509 3577 Con-

1948 3618 2351 3691 stantinopolim
2398 3619 2731 3689 nuncupavit
2773 3633 2838 3674 ex
2885 3633 2934 3672 ο.
2968 3618 3022 3672 d.
3056 3634 3108 3671 v.
3155 3616 3280 3670 ldus
3323 3614 3505 3676 Maias.

1952 3714 2304 3768 hebdomadis
2348 3712 2477 3767 feria
2518 3728 2555 3765 ιι
2608 3709 2916 3765 indictionis
2940 3725 3022 3775 ιιι,
3069 3723 3191 3762 cum
3228 3706 3377 3776 prius
3407 3704 3507 3775 By-

1953 3806 2189 3859 zantium
2219 3814 2520 3866 vocaretur,
2553 3818 2711 3872 quam
2744 3800 2967 3855 Romam
3012 3798 3306 3854 secundam
3329 3796 3507 3850 vocari

1950 3897 2211 3962 decrevit,
2233 3896 2516 3951 celebratis
2544 3893 2686 3948 ludis
2708 3891 3073 3955 Circensibus,
3095 3890 3148 3945 in
3174 3888 3369 3957 quibus
3394 3886 3508 3941 dia-

1599 4026 1919 4084 DUCANGII
1956 4028 2186 4085 NOTAE.

389 4140 474 4209 11)
506 4142 709 4209 Φόρον.
740 4142 913 4198 Const.
940 4143 1155 4209 Christ.,
1180 4143 1272 4197 lib.
1301 4159 1338 4207 ι,
1358 4152 1491 4198 sect.
1520 4142 1610 4207 24,
1634 4158 1689 4196 ιι.
1719 4143 1769 4195 1.

388 4212 473 4278 19.)
512 4214 712 4265 Klora.
751 4213 904 4278 Ibid.,
933 4230 990 4266 ιι.
1024 4216 1077 4267 6.

360 4282 475 4350 (15)
506 4282 868 4336 Παλλάδιον.
906 4283 1065 4347 Ibid.,
1102 4299 1156 4336 ιι.
1199 4282 1250 4336 6.

364 4351 476 4421 (14)
512 4353 727 4419 Τύχην.
754 4352 914 4415 Ibid.,
946 4368 1000 4404 ιι.
1025 4353 1085 4406 11
1110 4368 1123 4417 ;
1152 4359 1207 4406 et
1234 4352 1325 4407 lib.
1360 4368 1420 4417 ιι,
1453 4362 1584 4405 sect.
1610 4352 1663 4415 9,
1694 4368 1751 4405 ιι.
1783 4352 1837 4406 4.

1947 4146 2078 4199 alias
2124 4144 2290 4199 fuisse
2347 4144 2669 4212 scriptorum
2710 4142 3005 4196 sententias
3024 4136 3504 4212 de]e_uxipp_i_ap-

1944 4214 2233 4285 pellatione
2256 4207 2523 4285 docemus
2537 4214 2591 4265 in
2612 4209 3056 4285 Constantinopoli
3319 4207 3431 4279 .lih.
3464 4221 3504 4270 ι,

1947 4277 2080 4339 sect.
2111 4284 2201 4345 27,
2232 4300 2288 4336 ιι.
2321 4282 2375 4335 2.
2408 4282 2464 4335 ld
2494 4282 2755 4335 duntaxat
2782 4280 3027 4333 addimus
3049 4279 3113 4331 ad
3145 4277 3287 4329 illius
3323 4277 3506 4345 aqua;-

1946 4343 2203 4408 ductuum
2250 4353 2529 4406 tuitionem
2580 4350 2851 4418 pertinere
2904 4347 3279 4418 viderilegem
3315 4345 3337 4397 1
3372 4343 3503 4418 Cod.

287 4411 426 4474 Vide
457 4411 727 4489 praeterea
778 4411 929 4475 notas
952 4411 1180 4479 mostras
1216 4423 1282 4477 ad
1322 4411 1545 4475 Zonaras
1594 4411 1843 4487 Annales,
1877 4428 1921 4483 1)
1950 4423 2157 4477 Theod.
2186 4421 2253 4476 de
2283 4411 2620 4489 aquazductu,
2648 4435 2767 4487 quae
2794 4433 2979 4472 mense
3002 4415 3139 4469 Maio
3168 4411 3289 4469 data
3319 4411 3508 4467 scribi-

290 4506 413 4560 pag.
443 4490 534 4553 52,
566 4491 654 4544 55.

292 4560 477 4685 3005)
506 4560 864 4616 Ἀνθοῦσαν.
890 4560 1048 4627 lbid.,
1077 4575 1170 4615 nu.
1199 4576 1238 4625 ι,
1272 4567 1407 4615 sect.
1434 4560 1489 4626 5,
1522 4576 1579 4615 ιι.
1606 4562 1693 4626 11,
1724 4575 1848 4630 pag.

362 4698 475 4835 (l6)
506 4700 620 4787 {tuo
649 4699 958 4779 ἐμϐόλους.
991 4700 1150 4762 Ibid.,
1175 4699 1267 4755 lib.
1303 4716 1361 4767 ιι,
1392 4708 1529 4755 sect.
1556 4701 1610 4757 5.
1642 4714 1698 4752 n.
1720 4696 1775 4752 2.

393 4771 478 4835 17)
532 4770 773 4835 Ρηγίαν.
812 4769 965 4831 Ibid.,
997 4786 1053 4822 ιι.
1092 4772 1143 4821 1.

393 4771 478 4837 17)
520 4770 773 4837 Ῥηγίαν.
812 4769 965 4831 Ibid.,
997 4786 1053 4822 ιι.
1092 4772 1143 4821 1.

363 4841 477 4909 (18)
508 4839 861 4909 Βασιλικήν.
888 4837 1043 4898 Ibid.,
1086 4839 1269 4909 libLII.
1296 4846 1429 4909 sect.
1453 4838 1505 4891 9.
1539 4840 1675 4909 n_._i.

366 4906 478 4978 (i9)
509 4907 785 4961 Σενὰτον.
817 4908 1126 4975 Anonymus
1156 4907 1469 4978 Valesianus
1504 4925 1516 4959 :
1564 4906 1644 4959 lbi
1692 4907 1851 4978 etiam

294 4976 533 5031 senatum
587 4979 880 5040 constituit,
920 4978 1131 5030 secundi
1174 4978 1370 5029 ordinis
1397 4976 1579 5031 Claros
1628 4977 1849 5029 vocavit.

296 5048 453 5111 lbid.,
486 5055 620 5101 sect.
653 5048 706 5109 9,
748 5063 801 5099 ιι.
836 5049 885 5100 1.

366 5117 481 5185 (20)
512 5118 868 5181 Ζεύξιππον.
916 5118 992 5171 De
1032 5114 1285 5185 Zeuxippi
1322 5118 1539 5170 nomine
1567 5116 1638 5167 ita
1677 5115 1850 5167 Euse-

296 5186 417 5239 bius
440 5187 494 5239 in
526 5186 795 5240 Chronico
815 5187 911 5240 lib.
942 5203 957 5239 ι
985 5205 997 5239 :
1034 5186 1225 5239 Zeuxis
1255 5187 1539 5252 pra’clarus
1576 5187 1742 5252 pictor
1765 5186 1849 5235 in-

295 5257 456 5325 signis
480 5256 715 5317 habetur,
759 5271 821 5308 ex
848 5258 996 5325 cujus
1041 5256 1303 5308 nonnullis
1352 5257 1685 5325 imaginibus,
1718 5269 1849 5321 quas

296 5274 456 5376 silqms
480 5274 715 5317 naoetur,
759 5274 821 5308 ex
848 5274 996 5325 cujus
1041 5274 1303 5308 nonnuuis
1352 5274 1685 5325 imagmwus,
1718 5274 1849 5321 quas

296 5327 551 5394 purimas
594 5326 735 5393 apud
785 5327 1014 5379 diversas
1052 5326 1282 5378 civitates
1335 5327 1550 5394 fecerat,
1584 5324 1850 5394 lavacrum

296 5393 708 5464 Byzantinorum
756 5396 1076 5448 arbitramur
1118 5393 1461 5464 appellatum.
1526 5393 1633 5448 Sed
1694 5393 1850 5460 longe

1956 4502 2041 4547 tur
2070 4508 2144 4555 ιν,
2174 4500 2297 4560 post
2317 4490 2569 4545 Enca'nia
2596 4489 2704 4560 die.

2026 4551 2140 4629 (21)
2178 4551 2272 4613 ’Τὸ
2316 4561 2587 4629 δέκατον.
2624 4557 2768 4611 Fasti
2808 4571 2996 4629 omnes
3042 4564 3095 4609 et
3137 4552 3270 4629 God.
3296 4551 3502 4629 Theod.

1952 4621 2292 4687 Constantino
2323 4628 2448 4683 VIII
2475 4638 2521 4681 et
2546 4629 2888 4683 Constantino
2915 4625 2988 4679 ιν
3029 4640 3121 4678 seu
3164 4621 3506 4676 Constantino

1953 4701 2177 4768 σωροί-ε,
2214 4708 2268 4753 ιιι
2291 4709 2374 4752 est
2397 4699 2536 4767 apud
2568 4698 2910 4768 Prosperum.
2946 4694 3085 4747 Fasti
3116 4691 3387 4747 Savilliani
3414 4691 3509 4745 ha-

1953 4771 2101 4829 bent.
2134 4774 2227 4821 καὶ
2267 4770 2641 4821 Κωνσταντίου
2672 4768 2734 4819 τὸ
2772 4767 2837 4836 β’.

2024 4841 2136 4907 (22)
2188 4840 2403 4903 Ἐτους
2458 4836 2563 4891 ta'.
2623 4832 2782 4901 Ιιιιο,’
2826 4834 2999 4904 inquit
3051 4832 3309 4901 Scaliger,
3365 4846 3508 4884 anno

1948 4922 2194 4963 CCXCVIII.

2020 4979 2131 5045 (25)
2162 4977 2281 5043 Πρὸ
2309 4976 2486 5028 πέντε
2512 4975 2704 5028 εἱδῶν.
2725 4974 2865 5045 Vide
2885 4981 3077 5045 praeter
3102 4979 3338 5045 nostram
3363 4968 3507 5045 Con-

1950 5038 2293 5114 sta'ntinopol.
2351 5046 2445 5101 lib.
2508 5061 2545 5110 ι,
2607 5060 2663 5103 ιι.
2700 5060 2781 5114 ιιι,
2834 5038 3162 5114 Scaligerum
3212 5040 3305 5093 lib.
3354 5055 3384 5088 ν
3428 5038 3510 5114 ge

1950 5108 2213 5169 emendat:
2252 5126 2431 5182 temp.,
2460 5130 2510 5182 p.
2534 5108 2680 5177 '508;
2716 5108 3011 5182 Pelagium,
3038 5112 3129 5182 lib.
3161 5127 3234 5182 xi,
3260 5124 3383 5182 cap.
3417 5108 3506 5169 42,

1950 5195 2005 5240 et
2030 5178 2367 5240 Gotthofred.
2393 5178 2472 5237 ad'
2490 5185 2591 5253 leg.
2608 5185 2650 5253 ,1
2677 5180 3066 5253 (ΣοιιᾉΤΙιεοιιη
3086 5181 3154 5233 de
3177 5178 3366 5253 Feriis.

1955 5255 2137 5379 1,1)(24)
2181 5255 2411 5377 Ῥἱὺμέν
2446 5246 2749 5322 δευὶέραν.
2801 5248 3244 5319 Constantinopol.
3291 5246 3505 5310 Cltrist.,

1978 5342 1990 5378 ι
2037 5364 2049 5377 .
2087 5341 2123 5379 ι.
2155 5339 2243 5378 sec
2277 5366 2289 5377 .
2371 5362 2386 5376 .

1978 5326 2049 5379 ib.
2087 5341 2123 5387 ι,
2155 5333 2289 5378 sect.
2332 5326 2386 5376 6.

1567 5528 1799 5584 VARI!!!)
1840 5524 2238 5582 LECTIONES.

367 5672 412 5705 ’⁵³
443 5668 535 5743 ἦν.
566 5673 634 5744 ἢν
660 5671 768 5730 PV.
844 5672 1224 5747 ⁸³,Αὐγούστης
1254 5669 1313 5725 Ρ.
1342 5660 1350 5669 ’
1392 5670 1437 5703 ιδ
1462 5666 1868 5724 Κωνσταντίνου
1898 5666 2051 5721 πόλιν
2079 5664 2144 5719 ll.
