4090 6300
276 375 376 441 717

1458 358 1889 425 CHROXICON
1919 358 2315 422 PASCHALE.

3397 359 3502 423 718

274 494 397 560 δοςῃ
433 488 719 559 βασιλικῆς
781 485 1027 559 προόδου,
1059 483 1134 546 ὼς
1159 482 1257 536 οὐκ
1298 479 1442 532 ἐστιν
1499 477 1669 530 εἰπεῖν
1718 471 1840 526 κατ’

1953 469 2148 538 gnitate
2183 474 2353 542 possit
2372 475 2608 544 assequi,
2641 486 2909 545 prazsente
2939 473 3258 544 prastoriaua
3289 473 3500 538 militia,

275 582 452 646 ἀξίαν,
493 581 762 651 παρόντος
810 575 1174 648 στρατοπέδου
1212 574 1287 635 ὼς
1310 571 1387 625 ἔτι
1437 568 1638 634 ζῶντος
1660 565 1705 598 ⁸⁸
1731 564 1843 634 (49)

273 676 328 726 ἐν
350 674 668 744 ὁπλοφορίᾳ,
707 671 807 741 τῆς
836 687 893 722 τε
933 669 1137 730 πόλεως
1187 666 1424 734 ἁπάσης,
1466 661 1565 715 ἅτε
1609 662 1706 712 xa‘t
1755 657 1844 709 ὐπ’

273 764 437 818 αὐτοῦ
487 762 930 835 ἀνηγορευμένης
974 759 1211 828 Ῥώμης,
1239 757 1332 810 καὶ
1368 756 1432 826 δὴ
1480 755 1580 806 ὅσα
1623 751 1846 820 γέγονεν

271 861 328 911 ὲν
364 858 501 927 αὐτῇ
533 856 718 922 ἐνδοξά
750 872 809 907 τε
834 855 925 908 καὶ
950 852 1262 922 σιτομέτρια
1294 848 1405 919 (50)
1429 847 1538 899 τῶν
1590 841 1848 913 δωρηθει-

274 951 383 1002 σῶν
409 950 681 1014 ἁννωνῶν,
706 949 764 1000 ὲν
801 947 985 1000 πένθει
1011 945 1252 1012 τοσούτῳ
1277 943 1492 994 πάντων
1523 940 1713 998 ὄντων,
1771 934 1847 996 ὡς

269 1045 371 1096 οὐκ
398 1043 620 1110 ἐγένετο
642 1041 859 1094 πώποτε
893 1037 1118 1108 βασιλέα
1142 1036 1250 1090 τῶν
1273 1033 1378 1103 πρὸ
1395 1033 1560 1086 αὐτοῦ
1582 1026 1844 1095 δοξασθῆ-

271 1150 360 1186 ναι
381 1132 556 1194 οὕτως
583 1132 640 1182 ὲν
669 1131 734 1199 τῇ
768 1129 880 1198 ζωῇ
939 1126 1032 1178 καὶ
1077 1121 1215 1193 μετά
1253 1121 1502 1176 θάνατον.
1552 1117 1663 1169 Καὶ
1712 1129 1846 1199 διατ-

271 1223 432 1292 ετέθη
473 1225 532 1275 ὲν
574 1221 651 1291 τῷ
697 1197 808 1289 ναῷ
856 1197 963 1272 τῶν
1017 1216 1186 1284 ἁγίων
1243 1211 1573 1269 ἀποστόλων,
1615 1207 1670 1260 ἐν
1724 1197 1768 1272 ᾧ
1800 1203 1846 1234 ⁸⁸

269 1316 592 1369 ἀπόκεινται
619 1311 845 1377 λείψανα
865 1308 971 1362 τῶν
1000 1305 1198 1373 Ἀγίων
1238 1301 1573 1356 Ἀποστόλων
1598 1293 1846 1364 Ἀνδρέου

270 1409 364 1460 καὶ
394 1406 580 1460 Λουκᾶ
604 1403 696 1456 τοῦ
724 1398 1106 1469 εὐαγγελιστοῦ
1141 1397 1234 1451 καὶ
1270 1391 1534 1466 Τιμοθέου
1589 1385 1830 1460 μαθητοῦ

270 1499 488 1553 Παύλου
509 1495 601 1550 τοῦ
624 1494 942 1549 ἀποστόλου.

339 1591 598 1659 Σάπωρις
656 1586 760 1657 (51
797 1585 814 1654 )
849 1587 876 1639 ὁ
909 1583 1133 1654 Περσῶν
1185 1578 1435 1650 βασιλεὺς
1496 1571 1730 1644 ἐπῆλθεν
1778 1572 1845 1639 τῇ

269 1679 666 1749 Μεσοποταμία
712 1677 1000 1748 πορθήσων
1031 1675 1130 1745 τὴν
1167 1670 1405 1733 Νίσιϐιν,
1449 1668 1543 1720 καὶ
1586 1663 1848 1734 περικαθ-

269 1777 416 1836 ίσας,
436 1773 482 1805 ⁸⁸
507 1772 676 1827 αὐτὴν
701 1770 914 1841 ἡμέρας
944 1767 1019 1836 ξγ¹
1048 1765 1143 1819 καὶ
1183 1765 1258 1835 μὴ
1293 1758 1628 1828 κατισχύσας
1655 1753 1844 1822 αὐτῆς,

270 1867 642 1938 ἀνεχώρησεν.

352 1959 644 2030 Ῥωμαίων
686 1956 760 2007 λε’
809 1948 1221 2006 ὲ6ασίλευσαν⁶⁷
1279 1960 1418 2016 μετα
1475 1943 1704 1997 θάνατον
1753 1937 1847 1990 τοῦ

273 2053 482 2123 πατρὸς
513 2048 691 2102 αὐτῶν
715 2046 760 2077 ⁸⁸
783 2041 1191 2098 Κωνσταντίνου
1234 2037 1642 2094 Κωνσταντῖνος
1675 2033 1703 2084 ὁ
1733 2032 1849 2092 νέος

275 2146 370 2200 καὶ
401 2142 662 2204 Κώνστας
692 2139 783 2192 καὶ
813 2136 1190 2198 Κωνστάντιος
1224 2133 1318 2205 ἔτη
1347 2131 1443 2184 κδ’.
1529 2127 1848 2200 Ὀμοῦθεωοκ

346 2329 460 2382 Καὶ
519 2328 549 2380 ὁ
597 2325 694 2396 μὲν
744 2323 860 2385 νέος
916 2323 1320 2382 Κωνστανττνος
1381 2317 1731 2372 ὲὸασίλευσεν
1792 2314 1850 2364 ἐν

278 2415 847 2473 Κωνσταντινουπόλει
875 2415 992 2476 ἔτος
1017 2421 1063 2466 α’
1095 2411 1228 2482 (52),
1271 2410 1531 2472 Κώνστας
1566 2408 1676 2479 (53)
1707 2407 1762 2459 δὲ
1795 2409 1850 2458 ἐν

289 2511 481 2583 Ῥώμῃ
507 2512 603 2579 ἐτη
631 2508 714 2578 ιβ’,
741 2509 833 2560 καὶ
857 2505 994 2578 μετὰ
1025 2506 1122 2576 τὴν
1152 2504 1316 2557 αὐτοῦ
1342 2503 1575 2557 Κώνστα
1597 2502 1639 2532 ⁸³
1664 2499 1850 2553 τελευο

279 2604 374 2673 τὴν
396 2603 464 2655 τὰ
493 2602 654 2654 λοιπὰ
680 2600 743 2669 ιβ’
764 2599 857 2666 ἔτη
881 2597 1224 2650 ἐϐασίλευσεν
1242 2598 1300 2648 ὲν
1343 2593 1528 2663 Ῥώμῃ
1566 2593 1852 2644 Κωνστάν-

278 2711 392 2758 τιος
417 2696 445 2748 ό
471 2693 654 2748 αὐτῶν
702 2691 928 2761 ἁδελφὸς
950 2689 1042 2742 ὢν.
1064 2689 1136 2742 Τὸ
1165 2688 1305 2741 κατὰ
1348 2687 1510 2758 μέρος
1559 2685 1707 2737 ἐστὶν
1763 2682 1852 2735 οὓς

279 2802 407 2850 τως·

359 2969 484 3027 Ἶιδδ.
514 2989 568 3024 ια
587 3009 604 3025 .
636 2977 706 3026 α’.
736 2971 831 3024 ὐπ.
867 2968 1073 3041 Οὐρσου
1107 2969 1216 3038 (54)
1243 2968 1338 3020 καὶ
1366 2965 1650 3037 Πολεμίου.

1949 562 2097 617 velut
2120 580 2185 619 eo
2213 569 2498 634 superstite
2525 568 2690 621 armis
2719 568 2831 622 suis
2858 568 3142 630 instructa,
3165 581 3228 620 ac
3254 567 3506 620 universa

1947 655 2183 721 civitate,
2217 673 2376 725 quam
2418 657 2600 712 ltomze
2631 659 2851 713 nomine
2889 659 3162 722 donatam,
3212 657 3510 711 illustribus

1947 749 2284 802 ornamentis
2322 749 2689 813 decoravcrat,
2734 761 2789 804 et
2839 764 3218 804 concessarum
3263 764 3510 802 annona-

1948 853 2068 890 rum
2103 837 2362 896 demenso
2395 840 2678 902 ditaverat,
2723 841 2973 895 omnibus
3001 850 3149 894 tanto
3175 841 3324 894 luctu
3348 839 3513 892 [unus

1947 930 2269 996 prosecutis,
2299 939 2357 982 ut
2403 931 2583 986 nullus
2626 941 2750 984 ante
2784 930 2934 983 illum
2963 930 3233 984 exstiterit
3277 929 3511 996 impera-

1947 1027 2053 1078 tor.
2088 1020 2179 1088 qui
2235 1022 2388 1075 vivus
2438 1032 2791 1090 mortuusque
2832 1021 2969 1075 adeo
3013 1021 3192 1075 cultus
3249 1019 3412 1073 fuerit
3457 1027 3516 1071 et

1947 1116 2283 1184 prmdicatus.
2318 1116 2581 1172 Huinatus
2625 1125 2706 1172 est
2746 1129 2926 1172 autem
2957 1117 3012 1172 in
3047 1118 3163 1172 aede
3203 1125 3514 1171 sanctorum

1947 1206 2313 1273 apostolorum
2330 1209 2578 1271 Andreae,
2601 1207 2760 1262 Luca:
2785 1208 3148 1280 evangelista,
3167 1217 3224 1262 et
3243 1204 3514 1261 Timothei

1947 1297 2198 1368 discipuli
2233 1299 2406 1354 sancti
2438 1299 2608 1354 Pauli.

2017 1561 2190 1632 Sapor
2223 1564 2508 1619 Persarum
2537 1580 2631 1618 rex
2676 1564 3116 1634 Mesopotamiam
3157 1562 3388 1627 invasit,
3419 1561 3515 1615 Ni-

1949 1655 2089 1710 sibin
2125 1658 2507 1724 populaturus,
2545 1672 2707 1726 quam
2749 1673 2872 1710 cum
2911 1672 3008 1726 per
3039 1655 3152 1709 dies
3183 1670 3309 1709 inu
3353 1653 3514 1708 obsc-

1948 1746 2138 1814 disset,
2171 1749 2451 1818 desperata
2489 1749 2888 1819 expugnatione
2922 1748 3162 1801 recessit.

2021 1942 2279 1998 Romanis
2303 1960 2437 1997 xxxv
2461 1943 2744 2012 imperavit
2765 1952 2886 2011 post
2903 1951 3128 1995 mortem
3159 1940 3326 2011 patris
3349 1939 3520 2008 ipsius

1951 2033 2318 2096 Constantini,
2371 2033 2724 2086 Constantius
2769 2031 2982 2096 Junior,
3033 2040 3088 2086 et
3120 2031 3416 2094 Constans,
3466 2039 3522 2085 et

1951 2125 2301 2178 Constantius
2327 2138 2498 2176 annos
2521 2139 2664 2177 xxiv.
2680 2121 3212 2194 Colligunturanniv.
3228 2137 3517 2198 mcccuxx.

1953 2217 2039 2286 (Α.
2068 2233 2098 2271 a
2134 2216 2201 2271 ιι.
2226 2216 2288 2270 c.
2323 2215 2505 2283 5869.)

2023 2309 2102 2362 Ac
2145 2307 2532 2362 Constantinus
2577 2307 2790 2376 quidem
2840 2308 3032 2363 Junior
3064 2309 3348 2378 imperavit
3374 2306 3518 2362 Con-

1954 2402 2303 2470 stantinopoli
2337 2417 2538 2454 annum
2575 2419 2610 2456 ι.
2651 2400 2920 2456 Constans
2963 2416 3093 2455 vero
3129 2400 3313 2454 Roma:
3350 2415 3521 2454 annos

1952 2512 2051 2558 xu,
2075 2504 2130 2550 et
2151 2505 2272 2565 post
2301 2496 2540 2564 ejusdem
2567 2494 2882 2549 Constantis
2909 2503 3138 2548 mortem
3172 2493 3409 2562 reliquos
3443 2509 3518 2546 xu

1953 2588 2140 2642 Roma:
2181 2587 2468 2656 imperavit
2497 2587 2709 2640 illorum
2749 2586 2914 2640 frater
2939 2585 3311 2640 Constantius.
3346 2587 3521 2653 Atque

1953 2677 2071 2731 haec
2105 2677 2421 2748 singillatim
2451 2691 2508 2730 se
2540 2676 2760 2730 habent.

1953 2863 2016 2916 A.
2052 2860 2114 2914 C.
3244 2860 3345 2931 [OL
3376 2860 3471 2931 lph
3500 2871 3520 2932 ι

2022 2953 2144 3007 558.
2185 2953 2268 3020 (A.
2303 2967 2331 3004 a
2354 2950 2421 3004 Μ.
2455 2950 2515 3006 C.
2551 2951 2733 3018 5866.)
2765 2950 2935 3005 t.lnd.
2958 2967 3033 3006 xi.
3067 2951 3205 3006 Urso

1954 3053 2010 3097 et
2034 3042 2274 3097 Polemio
2307 3055 2450 3094 coss.
3253 3043 3309 3097 2,

365 3153 484 3208 Ἰνδ.
518 3151 604 3223 ιβ’.
631 3152 693 3222 β’.
726 3153 822 3206 ὐπ.
868 3150 1278 3204 Κωνσταντίνου
1308 3148 1419 3216 (55)
1465 3151 1588 3200 νέου
1647 3146 1849 3216 Αὐγού-

2025 3134 2146 3188 559.
2183 3148 2242 3186 ιι.
2281 3132 2396 3186 lnd.
2448 3148 2542 3185 xu.
2589 3132 2947 3186 Constantino
2987 3133 3238 3187 Juniore

284 3265 412 3302 στου
435 3246 497 3301 ea
527 3246 570 3300 δ’
601 3245 694 3298 καὶ
727 3243 1082 3304 Κὼσταντος
1123 3239 1436 3308 Αὐγούστου
1463 3240 1522 3291 τὸ
1558 3239 1620 3304 ζ’.

846 3439 947 3487 σπ¹
976 3430 1323 3500 Ὄᾴυμπιάς.

363 3531 484 3586 Ἰνδ.
521 3536 609 3598 ιγ’.
635 3535 702 3598 γ’.
738 3528 832 3581 ὐπ.
869 3523 1173 3578 Ἀκινδύνου
1198 3521 1292 3577 καὶ
1323 3519 1562 3591 Πρόκλου
1582 3519 1712 3589 (56).

367 3719 486 3772 Ίνό.
513 3717 600 3770 ιδ’.
629 3716 691 3770 δ’.
716 3715 810 3770 ὐπ.
841 3710 1214 3784 Μαρκελλίνου
1245 3701 1646 3780 καΥῐ-ὶροβίνου.

368 3881 487 3934 ἰνδ.
513 3886 595 3934 ιε’.
618 3885 680 3932 ε’.
717 3879 811 3932 ὐπ.
847 3875 1226 3931 Κωνσταντίου
1267 3873 1577 3942 Αὐγούστου
1600 3873 1660 3926 τὸ
1688 3866 1852 3943 ε’(57)

291 3971 385 4027 καὶ
410 3970 771 4033 Κώνσταντος
794 3966 1104 4036 Αὐγούστου
1137 3966 1200 4019 τὸ
1227 3965 1292 4035 β’.

1955 3227 2202 3295 Augusto
2250 3223 2317 3276 IV
2365 3233 2420 3277 et
2453 3223 2775 3278 Constantio
2812 3225 3055 3294 Augusto
3112 3223 3206 3277 VII

1956 3333 2096 3372 coss.
3255 3315 3308 3369 3.

2434 3405 2668 3462 CCLXX
2675 3405 2725 3458 X
2753 3405 3040 3475 Olympias.

2028 3499 2152 3553 540.
2191 3513 2271 3552 ιιι.
2310 3495 2426 3551 Ind.
2467 3513 2576 3550 xui.
2611 3496 2896 3567 Acindyno
2922 3505 2978 3549 et
3019 3497 3207 3550 Proclo

2052 3605 2096 3642 s.
3259 3587 3312 3640 4.

2052 3605 2096 3642 s.

1957 3604 2150 3734 cog)“.
2183 3693 2252 3730 tv.
2287 3675 2402 3730 lnd.
2436 3691 2544 3729 xiv.
2580 3674 2888 3730 Marcellino
2918 3685 2972 3730 et
3003 3674 3208 3730 Prohi-

1995 3789 2026 3826 ο
2047 3785 2188 3825 COSS.

2114 3789 2139 3823 S
2175 3810 2188 3822 .

1954 3789 2168 3918 "03?;
2190 3876 2241 3913 v.
2277 3857 2391 3912 1nd.
2420 3873 2527 3910 xiv.
2551 3856 2868 3910 Constantio
2887 3858 3131 3928 Augusto
3162 3859 3203 3912 V

1957 3967 2014 4012 et
2038 3955 2339 4012 Constante
2371 3951 2616 4019 Augusto
2650 3948 2692 4001 11
2724 3964 2867 4004 coss.
3260 3952 3316 4006 2,

3260 3767 3308 3822 l.
3338 3766 3462 3823 280.

1601 4103 1919 4162 DUCANGII
1956 4096 2189 4156 NOTAE.

501 4223 604 4296 Ὦς
625 4218 962 4286 ἐπιζῶντος.
1001 4218 1194 4273 Melius
1219 4217 1295 4281 ὡς
1320 4218 1400 4271 ἔτι
1431 4218 1630 4284 ζῶντος
1650 4235 1662 4248 °
1692 4229 1854 4288 atque

289 4294 683 4349 sic‘edidimus.

361 4362 471 4432 λθ)
499 4361 858 4428 Σιτομέτρια.
882 4359 1116 4414 Clossaa:
1147 4357 1507 4479 σιτομέτριον,
1531 4360 1851 4414 demensum.

361 4432 702 4479 tilnsmmius.
740 4432 832 4479 lib-
861 4446 919 4479 ιι.
951 4444 1070 4479 can.
1108 4428 1161 4479 9.
1199 4445 1270 4479 κα
1329 4429 1637 4479 σιτηρεσίου
1668 4429 1851 4479 δα.πά-

289 4428 702 4501 Philostorgius,
740 4432 832 4485 lib.
861 4446 919 4490 ιι,
951 4444 1070 4501 cap.
1108 4428 1161 4492 9,
1199 4445 1270 4480 κα

289 4521 382 4573 νην
409 4497 690 4573 διανεῖμαι
727 4504 839 4563 τοῖς
883 4500 1196 4573 οἰκήτορσι,
1227 4507 1332 4552 etc.
1364 4497 1515 4573 Adde
1553 4498 1849 4562 Zosimum,

289 4567 379 4627 lib.
431 4588 492 4636 ιι,
540 4567 604 4624 et
641 4569 1003 4625 Sozomenum
1027 4607 1040 4631 ,
1076 4567 1169 4621 lib.
1201 4583 1258 4629 ιι.
1300 4583 1424 4638 cap.
1452 4569 1553 4631 δὶς
1591 4579 1852 4638 praeterea

291 4643 389 4712 leg.
427 4643 497 4695 10
529 4640 892 4712 cod.7'l‘ht_:od.
919 4639 985 4692 de
1015 4652 1230 4712 annona
1263 4637 1437 4702 civit.,
1479 4647 1534 4691 et
1563 4637 1666 4710 leg.
1712 4640 1747 4693 2
1784 4641 1852 4696 de

291 4708 566 4765 frumento
592 4711 738 4764 urbis
766 4708 1278 4774 Constantinopolit.

359 4782 474 4850 (51)
519 4780 807 4846 Σὰπωρις.
834 4777 1039 4833 Chron.
1079 4775 1278 4850 llieron
1305 4794 1318 4850 ξ
1353 4777 1523 4848 Sapor
1543 4776 1855 4850 rexﬂl’ersa-

290 4848 425 4911 rum,
441 4850 815 4916 Mesopotamia
832 4848 1272 4916 vastata,dttobus
1295 4849 1455 4916 ferme
1476 4849 1731 4902 mensibus
1756 4850 1854 4902 Ni-

290 4921 440 4972 sibim
492 4915 707 4971 obsedit.
753 4922 925 4986 Atque
971 4919 1082 4970 lucc
1122 4915 1222 4986 fuit
1260 4915 1430 4984 prima
1471 4919 1619 4972 urbis
1647 4919 1858 4974 obsidio

292 4987 391 5043 shb
435 4989 755 5042 Constantio
785 5009 796 5042 :
829 4985 955 5040 nam
985 4995 1135 5056 terAa
1157 4985 1360 5056 Persis,
1396 4987 1485 5042 illo
1536 4987 1855 5056 imperante,

291 5061 570 5113 obsessam
612 5058 780 5112 fuisse
825 5057 1010 5110 scribit
1059 5052 1232 5108 Rufus
1261 5055 1471 5111 Festus.
1515 5057 1591 5111 De
1611 5052 1858 5113 secunda

293 5129 579 5183 obsidione
609 5129 785 5196 agitur
818 5127 919 5179 sub
951 5140 1080 5196 ann.
1115 5141 1262 5196 cch.

361 5199 475 5267 (52)
522 5193 699 5267 Ἕτᾱς
718 5204 785 5249 a'.
824 5193 1123 5267 llgecidelet
1146 5195 1266 5267 cod.
1306 5193 1562 5267 llolstenii
1591 5215 1604 5248 :
1635 5207 1690 5252 et
1711 5207 1858 5252 certe

293 5263 584 5338 legendum
621 5266 812 5321 fuisset
837 5263 905 5333 γ’.
957 5265 1142 5338 Victor
1177 5263 1385 5338 Schotti
1414 5285 1424 5317 :
1457 5265 1650 5338 Statim
1693 5270 1856 5320 trien-

294 5335 379 5390 nio
429 5349 544 5407 post
594 5338 867 5407 minimum
912 5336 1322 5407 maximumque,
1356 5335 1510 5407 fatali
1553 5338 1684 5390 bello
1727 5339 1858 5391 Con-

295 5405 560 5460 stantinus
606 5407 766 5460 cadit.
816 5406 981 5458 Periit
1025 5405 1169 5458 enim
1217 5405 1496 5474 Acindyno
1537 5415 1590 5460 et
1632 5408 1856 5461 Proculo

299 5492 464 5540 εσσε..
497 5488 558 5531 ιιι
582 5487 665 5531 est
687 5475 828 5544 apud
853 5475 1087 5539 Socrat.,
1131 5475 1223 5528 lib.
1258 5491 1316 5540 ιι,
1349 5491 1465 5545 cap.
1592 5478 1718 5532 Vide
1747 5477 1856 5531 Fa-

1960 4230 2070 4284 mil.
2109 4227 2326 4296 Byzaut.

2033 4287 2175 4368 (55f
2189 4294 2496 4368 Κῴνστας.
2506 4289 2781 4368 Constans
2812 4290 2915 4342 hoc
2944 4288 3062 4343 loco
3087 4298 3223 4368 _ante_
3251 4287 3524 4368 Constan-

1963 4359 2094 4423 tium
2119 4359 2452 4422 nominatur,
2484 4360 2609 4413 licet
2633 4359 2890 4412 minimus
2917 4368 3046 4412 natu
3083 4360 3248 4413 fuerit
3275 4377 3288 4412 :
3314 4362 3526 4416 medius

1329 4445 1450 4498 σιτη
1460 4429 1637 4498 ρεσίου
1668 4429 1849 4482 δαπά-

1957 4454 2085 4493 vero
2118 4431 2488 4490 Constantius.
2519 4431 2594 4484 Ita
2619 4431 2780 4482 etiam
2818 4428 3169 4497 Epiphanius,
3204 4429 3399 4485 ἤπιος.
3433 4432 3520 4496 78,

1957 4524 2109 4563 num.
2143 4504 2351 4568 9,-licet
2375 4501 2530 4554 aliter
2567 4500 2762 4553 haeres.
2803 4498 2890 4558 69.
2921 4514 2978 4552 ιι.
3019 4500 3065 4552 1.

2028 4577 2139 4647 (54)
2184 4574 2442 4639 Οὖρσον.
2473 4569 2613 4647 Edit.
2648 4569 2922 4647 Scaligeri,
2961 4568 3193 4638 Οὐρϐου.

2029 4639 2141 4716 (55)
2185 4641 2664 4717 Κωνστιιντίνου.
2703 4639 2846 4717 Fasti
2894 4648 3187 4717 omnesnet
3218 4639 3363 4717 leges
3398 4641 3521 4694 cod.

1957 4707 2168 4772 Th‘eod.
2203 4713 2406 4768 habent
2426 4711 2527 4764 hoc
2549 4725 2712 4774 anno,
2731 4707 3033 4764 Constantio
3055 4707 3149 4762 III
3172 4719 3220 4763 et
3241 4707 3526 4765 Constante

1956 4805 2084 4842 €088.

2033 4853 2480 4926 (56)~Hpt5_1_¢.1qv.
2528 4849 2602 4926 l_t_a
2643 4848 2912 4926 soCrates,
2940 4848 3145 4926 Ἰώ-ιι.
3195 4863 3312 4926 cap.
3333 4848 3426 4926 _5,
3465 4860 3523 4906 et

1963 4916 2424 4980 Fasti'Savilliani
2452 4929 2507 4972 et
2544 4917 2809 4972 Vossiani.
2841 4919 2910 4972 At
2937 4916 3080 4972 Fasti
3109 4916 3290 4973 caeteri
3325 4918 3529 4972 Procu-

1964 4997 2073 5049 lum
2113 5001 2327 5051 vocant,
2361 4989 2503 5058 quod
2557 4988 2696 5041 idem
2747 4998 2846 5042 est.
2903 4989 3124 5041 Iudictio
3158 5004 3318 5058 porro
3371 4989 3528 5044 istius

1961 5067 2089 5119 anni
2138 5070 2432 5115 annotatur
2476 5059 2528 5111 in
2576 5058 2934 5111 conciliabulo
2983 5058 3326 5112 Antiocheno
3385 5059 3529 5127 apud

1960 5134 2316 5190 Athanasium
2348 5130 2439 5183 lib.
2468 5128 2541 5180 lie
2578 5128 2806 5195 synodis,
2839 5128 2995 5196 cujus
3022 5144 3125 5198 ope
3171 5128 3528 5182 indictionum

1963 5205 2223 5257 memoria
2274 5198 2476 5254 retrahi
2523 5206 2697 5263 potest
2743 5199 2810 5250 ad
2859 5213 3061 5251 annum
3092 5214 3402 5263 cccxxxvu,
3444 5199 3531 5253 vel

1963 5288 2284 5334 cccxxxvm,
2318 5270 2490 5338 inquit
2517 5267 2925 5338 Gotthofredus.

2035 5344 2146 5411 (57)
2194 5341 2264 5395 Τὸ
2307 5336 2778 5411 ε’[ξει-ἱὺειιόυιιι
2809 5337 2866 5388 τὸ
2897 5336 2964 5404 γ’.
2998 5346 3058 5391 ut
3103 5338 3358 5411 emendat
3401 5338 3534 5411 Hol-

1963 5406 2197 5535 sTtﬁnigs,
2255 5419 2310 5470 et
2361 5408 2564 5463 habent
2621 5406 2766 5461 Fasti
2814 5423 3044 5474 omnes,
3098 5416 3154 5462 et
3207 5407 3354 5480 leges
3404 5409 3533 5464 cod.

2051 5498 2114 5535 eo
2158 5520 2171 5533 .

2012 5485 2171 5536 heod.

1595 5613 1824 5670 VARIA'J
1867 5613 2267 5674 LECTIONES.

411 5721 460 5752 “
488 5719 783 5786 ιπιζῶντος
811 5719 878 5775 Β.
987 5720 1032 5750 ⁸⁸
1060 5720 1116 5770 ὲν
1149 5713 1193 5788 ᾧ
1226 5747 1287 5759 --
1317 5721 1624 5777 ἀποστόλων
1660 5739 1768 5780 om.
1793 5724 1852 5778 P.

306 5789 470 5848 αὐτοῦ
492 5789 556 5847 Ρ.
629 5792 674 5824 ⁶⁹
704 5790 1053 5854 Κώνσταντος
1078 5789 1136 5842 Ρ.

1954 5727 1998 5759 ⁸⁸
2027 5723 2405 5796 παρακαθίσας
2431 5719 2495 5777 Υ.
2573 5722 2615 5754 ⁸⁷
2648 5701 2992 5778 ἐϐασίλευσεν
3017 5721 3077 5778 Ρ.
3155 5725 3197 5756 ⁸⁸
3228 5724 3300 5778 ib.
3330 5724 3524 5779 αὐτῶν.
