4090 6300
543 245 646 310 7‘23

1707 243 2138 308 CHRONICON
2167 245 2568 308 PASCHALE.

3656 246 3772 310 724·

541 352 830 425 Eugenius.
877 352 1012 409 Cum
1063 367 1193 430 vero
1228 366 1337 408 una
1383 350 1486 406 iter
1550 328 2096 422 agerem-Eugeniae

2203 372 2356 425 μενος
2383 355 2488 408 τῶν
2521 352 2686 424 τριῶν
2711 350 2955 421 ἀδελφῶν
2979 350 3368 416 εὐλαϐέστατος
3405 352 3565 424 ἀνὴρ,
3594 354 3765 424 Εὐγά-

435 457 439 468 '
542 447 645 500 iste
669 459 975 499 sermonem
1005 459 1165 499 orsus
1195 453 1280 499 est
1311 459 1435 498 cum
1461 441 1648 497 Iudaeo
1673 443 1740 497 de
1771 443 1876 496 fide
1906 445 2096 514 unige-

540 535 638 589 niti
667 533 789 588 Filii
840 533 974 589 Dei:
1005 535 1190 590 Judaao
1232 546 1413 590 autem
1465 550 1587 590 cum
1631 535 1743 588 risu
1786 549 1850 589 ac
1877 537 2098 590 cavilla-

541 626 688 679 tione
718 625 834 680 haec
861 626 1183 696 excipiente,
1233 634 1480 694 repertus
1520 634 1604 678 est
1641 625 1695 677 in
1738 624 1821 678 via
1875 640 2100 694 serpens

541 723 829 780 mortuus;
901 717 1189 785 statimque
1233 715 1450 769 Iudaeus
1496 715 1563 768 ad
1615 715 1735 768 illos
1765 729 2094 769 conversus:

545 824 563 858 ι
603 805 678 872 Si,
707 807 902 877 inquit,
930 817 1234 877 serpentem
1263 807 1406 861 hunc
1427 814 1698 860 mortuum
1733 805 2096 870 comederitis,

540 908 595 953 et
625 915 733 952 non
768 900 1093 963 moriemini,
1122 899 1461 954 Christianus
1497 897 1641 950 fiam.
1681 916 1699 947 ι
1736 898 1802 950 Et
1829 899 2098 967 extemplo

540 989 811 1060 Eugenius
841 1000 1148 1060 serpentem
1179 990 1450 1044 sublatum
1477 988 1528 1041 in
1553 997 1661 1042 tres
1682 997 1858 1056 partes
1886 987 2096 1054 dividit,

539 1079 749 1149 sibique
777 1083 1207 1150 unafgreservata,
1240 1080 1448 1134 duabus
1478 1079 1596 1132 aliis
1628 1078 1788 1132 sociis
1812 1079 1972 1142 datis,
2004 1094 2098 1132 co-

539 1185 656 1223 ram
682 1169 868 1224 Judaao
892 1171 989 1224 has
1013 1182 1292 1234 vorarunt,
1315 1170 1461 1223 nullo
1487 1168 1610 1222 inde
1633 1177 1853 1237 accepto
1879 1169 2096 1223 damno.

539 1262 597 1315 ln
628 1263 824 1332 quibus
850 1263 1212 1333 evangelicum
1239 1262 1380 1315 istud
1402 1272 1456 1315 et
1477 1261 1708 1315 salutare
1730 1261 1930 1314 dictum
1956 1275 2100 1314 com-

537 1356 738 1424 pletum
767 1365 889 1410 est:
927 1375 946 1406 ‹
985 1355 1044 1408 In
1080 1354 1328 1409 manibus
1348 1354 1460 1408 suis
1495 1362 1773 1422 serpentes
1807 1353 2013 1416 tollent,
2045 1361 2100 1406 et

537 1448 584 1500 si
615 1447 951 1501 mortiferum
973 1446 1100 1516 quid
1125 1446 1381 1512 biberint,
1418 1461 1528 1499 non
1560 1447 1638 1500 eis
1666 1445 1905 1499 nocebit.
1951 1463 1969 1496 ι
2000 1444 2097 1498 Ju-

537 1540 687 1594 daeus
739 1555 868 1611 ergo
914 1555 1037 1594 cum
1085 1539 1190 1592 illis
1242 1539 1298 1592 in
1361 1537 1756 1592 xenodochium
1820 1551 2096 1600 reversus,

539 1645 602 1683 ac
645 1630 696 1683 in
744 1645 810 1684 eo
864 1645 1111 1694 manens,
1154 1628 1494 1683 Christianus
1537 1627 1708 1682 factus
1756 1627 2099 1697 postmodum

539 1720 805 1774 inclaruit.

609 1809 956 1864 Constantius
985 1809 1255 1879 Augustus
1278 1849 1293 1876 ,
1333 1824 1458 1863 cum
1495 1808 1548 1861 in
1595 1805 1830 1862 Orientis
1859 1806 2102 1876 partibus

539 1907 759 1968 propter
787 1899 983 1952 bellum
1015 1897 1289 1952 Persicum
1318 1907 1655 1961 versaretur,
1693 1905 1747 1951 et
1775 1912 1894 1966 quae
1927 1912 1955 1949 a
1987 1897 2099 1950 Ma-

537 1990 756 2060 gnentio
777 1998 980 2059 patrata
999 1997 1154 2043 erant
1182 1989 1500 2058 accepisset,
1517 1989 1806 2044 Antiochia
1822 1988 1874 2042 in
1890 1988 2099 2042 Italiam

538 2077 810 2149 profectus
838 2089 940 2134 est.

607 2172 776 2242 Sapor
818 2181 999 2227 autem
1031 2171 1315 2227 Persarum
1362 2189 1476 2239 rex,
1521 2173 1659 2226 facta
1699 2172 1753 2226 in
1793 2171 2099 2241 Mesopota-

537 2264 701 2318 miam
748 2264 1069 2333 irruptione,
1125 2275 1342 2319 centum
1391 2265 1598 2320 dierum
1652 2265 1825 2334 spatio
1875 2263 2098 2325 Nesibin

537 2353 764 2418 obsedit,
796 2354 1068 2422 variisque
1106 2354 1280 2408 modis
1314 2369 1438 2407 cum
1483 2353 1688 2424 ingenti
1724 2351 2098 2406 machinarum

537 2446 689 2515 copia
714 2447 1062 2516 oppugnavit,
1093 2447 1325 2501 adducto
1362 2449 1524 2500 etiam
1557 2460 1753 2516 magno
1779 2445 2098 2513 elephanto-

536 2552 659 2590 rum
713 2538 780 2590 ad
841 2537 1040 2590 bellum
1095 2537 1410 2591 idoneorum
1481 2551 1750 2601 numero;
1814 2534 2099 2590 conductis

535 2637 798 2697 praeterea
821 2627 874 2680 in
908 2627 1167 2682 auxilium
1194 2629 1412 2698 regibus
1431 2669 1446 2693 ,
1472 2637 1528 2684 et
1553 2627 1759 2682 bellicis
1798 2626 1975 2681 omnis
2003 2641 2097 2696 ge-

537 2719 686 2772 neris
722 2719 1045 2788 comparatis
1077 2720 1454 2774 instrumentis
1480 2737 1493 2773 :
1527 2718 1722 2788 quibus
1752 2717 1961 2781 fretus,
1991 2717 2096 2771 nisi

537 2813 726 2867 urbem
770 2813 1049 2876 dederent,
1097 2828 1130 2867 a
1184 2812 1550 2868 fundamentis
1606 2827 1725 2866 eam
1776 2825 2097 2865 eversurum

537 2906 907 2961 minitabatur.

607 2997 945 3054 Deditionem
989 3012 1118 3055 vero
1160 2996 1538 3054 recusantibus
1578 2992 1871 3060 Nesibinis,
1920 2988 2096 3064 Sapor

538 3091 729 3146 urbem
751 3106 817 3145 ex
849 3091 1027 3147 vicino
1047 3091 1165 3146 urbi
1189 3091 1354 3146 fluvio
1380 3089 1647 3144 inundare
1674 3088 1932 3145 decrevit.

607 3284 674 3338 At
707 3281 949 3339 Nesibini
988 3282 1242 3353 precibus
1279 3281 1464 3337 hostes
1500 3283 1703 3348 vicere,
1733 3283 1968 3354 propitio
1994 3284 2096 3339 sibi

535 3375 824 3429 conciliato
869 3376 996 3429 Deo.
1028 3374 1164 3428 Cum
1213 3374 1358 3428 enim
1392 3390 1545 3444 aqua:
1575 3389 1856 3429 murorum
1887 3371 2094 3430 'funda-

537 3474 714 3519 menta
770 3464 883 3519 solo
926 3473 1216 3533 aequatura:
1269 3473 1468 3527 essent,
1507 3464 1811 3532 horumque
1839 3465 2091 3518 immine-

535 3565 620 3609 ret
649 3555 825 3622 ruina,
865 3569 989 3624 pars
1022 3568 1304 3608 murorum
1339 3553 1415 3606 ita
1449 3553 1542 3606 Dei
1580 3561 1716 3607 nutu
1740 3554 1997 3618 concidit,
2036 3563 2096 3608 ut

2202 463 2312 508 νιος
2344 446 2601 516 τοῦνομα.
2631 445 2728 498 Ἕν
2752 443 2808 495 δὲ
2836 443 2912 513 τῷ
2935 440 3236 496 συνοδεύειν
3255 440 3576 513 ἀρξάμενος,
3605 445 3634 496 ὁ
3655 445 3762 498 Εὐ-

2200 540 2377 608 γένιος
2437 537 2673 591 ἐκίνειεδ
2691 536 2852 603 λόγον
2894 534 3030 606 πρὸς
3068 535 3159 588 τὸν
3190 535 3442 588 Ἰουδαῖον
3492 536 3619 606 περὶ
3663 536 3764 606 τῆς

2199 632 2291 684 τοῦ
2307 633 2352 662 ⁸⁸
2396 629 2712 700 μονογενοῦς
2753 626 2882 681 Υίοῦ
2948 627 3041 680 τοῦ
3089 626 3224 680 Θεοῦ
3273 627 3522 690 πίστεως.
3570 625 3677 679 Τοῦ
3707 626 3768 678 δὲ

2213 719 2464 772 Ἰουδαίου
2523 717 2989 788 διαχλευάζοντος,
3039 715 3243 785 ηὑρέθη
3278 716 3336 766 ἐν
3376 717 3441 785 τῇ
3482 714 3588 784 ὁδῷ
3641 715 3768 783 ὄφις

2201 812 2390 884 νεκρὸς
2417 811 2667 880 κείμενος
2691 825 2706 840 ο
2737 810 2830 863 καὶ
2873 807 3380 871 εὐθέωςδΊουδαῖος
3406 809 3541 878 πρὸς
3567 806 3770 867 αὐτοὺς

2202 903 2381 971 λέγει’
2405 923 2426 954 ιι
2445 904 2570 956 Ἐὰν
2591 902 2801 974 φάγητε
2831 901 2922 954 τὸν
2951 901 3071 968 ὅφιν
3100 898 3286 952 τοῦτον
3314 899 3403 951 τὸν
3427 897 3618 967 νεκρὸν
3668 897 3769 950 καὶ

2205 995 2279 1066 μὴ
2317 994 2646 1065 ἀποθάνητε,
2697 994 2917 1062 γίνομαι
2943 989 3282 1061 Χριστιανός.
3319 1007 3338 1039 ›
3370 988 3479 1040 Καὶ
3508 987 3719 1049 εὐθέως
3739 987 3771 1038 ό

2201 1085 2457 1153 Εὐγένιος
2476 1084 2654 1138 λαϐὼν
2678 1085 2768 1138 τὸν
2789 1083 2910 1152 ὅφιν
2932 1082 3123 1135 διεῖλεν
3146 1083 3225 1144 εἰς
3252 1080 3378 1151 τρία
3425 1080 3562 1151 μέρη
3587 1076 3772 1147 ἑαυτῴ

2201 1178 2433 1239 καὶτοῖς
2467 1178 2563 1230 σὺν
2596 1175 2743 1246 αὐτῷ
2794 1175 2940 1228 δυσίο
2971 1173 3064 1227 καὶ
3121 1171 3321 1240 ἔφαγον
3376 1170 3608 1224 ἐνώπιον
3668 1168 3768 1222 τοῦ

2211 1267 2487 1332 Ἰουδαίου,
2516 1269 2609 1321 καὶ
2631 1267 2851 1337 ἔζησαν.
2881 1266 2996 1334 Ἐφ’
3037 1261 3116 1328 οἷς
3137 1265 3440 1335 ἐπληροῦτο
3458 1261 3520 1314 τὸ
3540 1261 3773 1327 εὐαγγε-

2200 1359 2347 1413 λικὸν
2379 1361 2424 1392 ⁸⁸
2479 1361 2574 1413 καὶ
2617 1360 2881 1430 σωτήριον
2935 1357 3113 1426 λόγιον
3156 1357 3218 1410 τὸ
3269 1357 3480 1426 φῆσαν·
3518 1353 3672 1406 (Καὶ
3707 1354 3769 1405 ἐν

2199 1451 2316 1510 ταῖς
2345 1451 2530 1519 χερσὶν
2559 1448 2737 1500 αὐτῶν
2764 1448 2914 1516 όφεις
2935 1445 3299 1518 άροῦσιν,κᾶν
3317 1447 3360 1478 ⁸⁷
3391 1443 3688 1512 θανάσιμόν
3714 1460 3765 1494 τι

2202 1541 2486 1608 φάγωσιν,
2546 1541 2606 1593 οὐ
2664 1540 2739 1609 μὴ
2786 1540 2970 1602 αὐτοῖς
3027 1539 3294 1608 ἀδικήσει.
3325 1556 3343 1589 ι
3412 1537 3469 1588 Ὀ
3517 1534 3768 1595 Ἰουδαῖος

2202 1629 2365 1700 290
2386 1630 2740 1684 συνεισελθὼν
2755 1631 2800 1662 ⁸⁸
2821 1631 3003 1692 αὐτοῖς
3035 1631 3092 1682 ἐν
3127 1628 3206 1698 τῷ
3256 1626 3465 1692 ξενῶνι,
3498 1629 3593 1679 καὶ
3642 1625 3761 1687 διαιε

2133 1707 2180 1766 Β
2213 1722 2399 1792 μείνας
2427 1722 2484 1774 ἐν
2504 1721 2672 1792 αὐτῷ,
2696 1721 2975 1790 ηὐδοκίμει
2998 1721 3041 1773 Χ
3051 1717 3634 1799 ριστιανὸςχενόμενος

2270 1812 2646 1875 Κωνστάντιος
2665 1813 2693 1864 ό
2713 1812 3039 1881 Αὔγουστος,
3073 1810 3365 1880 διατρίϐων
3393 1810 3451 1861 ἐν
3493 1813 3602 1871 τοῖς
3627 1809 3766 1865 ἁνασζ

2199 1903 2428 1968 τολικοῖς
2459 1906 2680 1977 μέρεσιν
2703 1904 2791 1958 διὰ
2827 1904 2916 1957 τὸν
2942 1903 3207 1975 Περσικὸν
3232 1903 3486 1972 πόλεμον,
3521 1899 3764 1961 ἀκούσας

2198 1995 2267 2048 τὰ
2300 1996 2443 2049 κατὰ
2490 1996 2845 2064 Μαγνέντιον,
2894 1995 3211 2067 ἐξώρμησεν
3257 1994 3367 2049 ἀπὸ
3411 1995 3509 2062 τῆς
3554 1992 3764 2044 Ἀντιο-

2198 2083 2337 2155 χέων
2349 2085 2394 2118 ⁸³
2423 2085 2516 2137 ἐπὶ
2536 2085 2633 2155 τὴν
2686 2084 2933 2138 Ἰταλίαν.

2270 2178 2523 2248 Σάπωρις
2557 2175 2678 2247 (67)
2729 2176 2786 2229 δέ
2809 2178 2836 2229 ό
2862 2175 3088 2247 Περσῶν
3137 2174 3386 2245 βασιλεὺς
3429 2171 3669 2227 ἐπελθὼν
3691 2173 3763 2241 τῇ

2196 2268 2610 2340 Μεσοποταμίᾳ,
2657 2269 2751 2322 καὶ
2806 2267 3167 2339 περικαθίσας
3185 2269 3230 2299 ’°
3259 2267 3472 2337 ἡμέρας
3503 2271 3545 2335 ρ’
3601 2264 3760 2336 τὴν⁹¹

2197 2359 2466 2424 Νίσι6ι⁹¹,
2497 2360 2592 2413 καὶ
2607 2358 2878 2430 διαφόρως
2906 2359 3074 2429 αὐτὴν
3096 2358 3413 2428 πολεμήσας
3444 2356 3540 2409 καὶ
3573 2372 3759 2426 μηχαο

2197 2452 2313 2512 ναῖς
2343 2449 2565 2513 πολλαῖς
2596 2451 2960 2520 χρησάμενος,
2988 2448 3062 2512 ὠς
3093 2450 3186 2501 καὶ
3223 2448 3530 2516 ἐλεφάντων
3553 2447 3762 2517 πλῆθος

2196 2545 2424 2612 ἀγαγεῖν
2479 2541 2795 2612 ἐπιτηδείων
2832 2541 2969 2612 πρὸς
3022 2540 3338 2612 συμμαχίαν
3386 2539 3480 2594 καὶ
3525 2538 3765 2610 βασιλεῖς

2199 2636 2500 2708 μισθωτοὺς
2548 2635 2682 2706 (68),
2737 2633 3049 2704 μαγγανικὰ
3078 2649 3138 2685 τε
3177 2634 3422 2697 παντοῖα,
3463 2628 3564 2696 οἷς,
3591 2634 3642 2685 εί
3683 2633 3765 2702 μὴ

2198 2728 2468 2798 βούλοιντο
2513 2728 2612 2798 τὴν
2654 2727 2806 2780 πόλιν
2870 2725 3204 2797 ἐκχωρήσειν
3232 2725 3364 2794 (69),
3417 2725 3765 2795 ὲξαφανίζειν

2196 2821 2366 2892 αὐτὴν
2390 2821 2454 2874 ἐκ
2484 2820 2701 2891 βάθρων
2733 2819 3011 2890 ἠπείλουν.

2268 2999 2391 3058 Τῶν
2421 3001 2478 3056 δέ
2512 2998 2819 3070 Νισιϐηνῶν
2834 2999 2882 3032 ’³
2919 2999 3245 3070 ἀντεχόντων
3274 2998 3410 3071 πρὸς
3453 2998 3552 3070 τὴν
3581 3000 3766 3072 παρά-

2123 3064 2168 3126 C
2199 3095 2366 3160 δοσιν,
2391 3093 2451 3146 τὸ
2477 3091 2659 3149 λοιπὸν
2687 3064 2796 3162 (⁷70)
2827 3064 3158 3155 ἐξυδατῶσαι
3189 3064 3389 3160 ταῦτ-ην
3408 3089 3486 3160 τῷ
3509 3064 3766 3160 πρὸςαύ.

2195 3185 2295 3257 τὴν
2323 3182 2549 3254 ποταμῷ
2586 3183 2696 3252 (71)
2729 3181 3008 3250 διεγνώκει
3045 3182 3074 3234 ὁ
3108 3181 3358 3253 Σάπωρις
3374 3180 3437 3234 ⁸⁸.

2266 3278 2330 3330 Οἱ
2361 3278 2416 3329 δὲ
2445 3276 2558 3347 (72)
2585 3275 2867 3345 Νισιϐηνοὶ
2882 3274 2948 3306 ’δ’
2973 3275 3158 3346 εὐχαῖς
3187 3275 3395 3330 ἐνίκουν
3425 3278 3550 3342 τοὺς
3597 3277 3764 3331 πολε-

2196 3369 2370 3440 μίους,
2402 3367 2604 3438 εὐμενῆ
2650 3367 2742 3420 τὸν
2789 3366 2922 3420 Θεὸν
2965 3367 3196 3438 ἔχοντες.
3230 3369 3350 3422 Τῶν
3395 3369 3503 3440 γὰρ
3552 3369 3764 3424 ὑδάτων

2195 3461 2490 3532 μελλόντων
2534 3460 2634 3531 τὴν
2686 3459 2831 3513 θέσιν
2879 3459 2987 3513 τῶν
3031 3462 3252 3531 τειχέων
3297 3462 3632 3532 ἐξομαλίζειν
3677 3464 3764 3526 είς

2194 3554 2419 3618 πτῶσιν,
2457 3551 2620 3624 μέρος
2651 3551 2745 3606 τοῦ
2774 3552 2981 3623 τείχους
3015 3553 3128 3626 (75)
3157 3554 3411 3608 πεπόνθει
3449 3558 3588 3609 κατὰ
3618 3556 3758 3609 Θεοῦ

1860 3706 2181 3765 DUCANGll
2218 3707 2446 3763 ΝΟΤΑΕ.

606 3823 717 3891 (67)
735 3821 1001 3890 Σὰπωρις
1029 3822 1112 3876 δέ.
1135 3822 1210 3876 De
1224 3822 1325 3877 hac
1346 3822 1512 3876 altera
1536 3822 1635 3877 sub
1663 3819 1976 3875 Constantio
2001 3821 2096 3874 Ni—

535 3893 738 3964 sibensi
789 3893 1066 3964 obsidione
1129 3904 1293 3964 agunt
1362 3893 1606 3964 Julianus
1659 3901 1796 3964 orat.
1857 3893 1979 3964 ιρι
2021 3893 2094 3952 2;

533 3961 923 4044 Pliilostorgius
965 3963 1056 4044 lib.
1103 3961 1200 4044 In,
1244 3978 1361 4044 cap.
1385 3965 1466 4044 ‘25
1485 3979 1505 4043 ;.
1536 3962 1860 4044 Theodorct.
1902 3961 2093 4044 lih.nn,

532 4048 650 4102 cap.
693 4031 1088 4102 50;’Georgius
1127 4031 1467 4087 Hamartolus
1494 4033 1548 4085 in
1577 4031 1779 4086 Chron.
1811 4046 1948 4094 ms.;
1987 4031 2093 4085 Ce-

532 4104 687 4180 dren.
720 4102 1414 4180 Zonar.,_Albupharajius,
1447 4103 1644 4180 _ct_alii.
1681 4101 1790 4180 §ed
1818 4102 1870 4154 in
1905 4101 2095 4180 primis

531 4173 892 4226 conferendus
928 4173 1286 4242 Theophanes
1311 4214 1326 4237 ,
1376 4172 1627 4242 quib-aee
1681 4173 1891 4242 iisdem,
1915 4172 2094 4242 verbis

531 4244 727 4310 quibus
752 4252 942 4296 auctor
963 4240 1220 4297 Chrenici
1248 4244 1432 4297 refert.
1449 4240 1582 4296 Vide
1615 4242 1779 4296 Henr.
1800 4241 2092 4304 Valesiuin,

529 4313 596 4366 ad
625 4312 716 4365 lib.
744 4328 811 4365 xx
843 4313 1134 4366 Ammiani.

603 4381 712 4451 (68)
752 4383 859 4436 Kal
899 4382 1184 4448 Βασιλεῖς
1229 4382 1584 4450 μισθωτούς.
1630 4380 1921 4435 Ρτωΐεειοε
1961 4379 2098 4433 forte

571 4452 970 4517 rovinciarum,
1033 4467 1168 4521 quos
1221 4452 1468 4513 Βασιλεῖς
1522 4451 1684 4504 etiam
1751 4451 2098 4520 appellabant

555 4524 765 4590 ὀι-διες
803 4523 1000 4589 quibus
1053 4538 1175 4575 cum
1241 4523 1613 4590 imperarent,
1665 4521 1794 4575 inde
1850 4521 2096 4582 Βασιλεῖς

533 4588 805 4642 Βασιλέων
825 4588 892 4644 εε
920 4592 1312 4646 inscribebant.

609 4660 720 4727 (69)
759 4661 1144 4729 Ἐκχωρῆσαι.
1212 4661 1288 4713 Ita
1330 4660 1738 4715 emendavimus
1783 4674 1851 4714 ex
1912 4659 2094 4729 Theoe

533 4729 734 4795 phane,
754 4745 875 4782 cum
902 4728 1066 4799 prave
1099 4730 1306 4784 editum
1331 4741 1476 4784 esset
1506 4731 1844 4799 ἐκχωρίσειν,
1882 4728 2098 4782 tametsi

533 4800 606 4852 ita
643 4799 895 4869 praeferat
920 4802 1040 4856 cod.
1081 4799 1328 4856 Vatican.
1363 4808 1418 4854 et
1446 4800 1616 4854 codex
1640 4799 2010 4869 Theophanis,
2039 4809 2098 4852 ut

533 4877 717 4921 iuonet
743 4868 969 4924 Goarus.

602 4938 715 5010 (70)
762 4939 832 4992 Τὸ
850 4942 1086 5010 λοιπόν.
1117 4939 1463 5010 Theophan.,
1491 4939 1552 4992 τό
1577 4956 1637 4992 τε
1669 4938 1872 5010 λοιπόν.

557 5077 566 5086 _
602 5008 1027 5130 (ﬂbilorayd).
1047 5007 1327 5081 Migdonio,
1354 5009 1669 5064 Theodorit.
1705 5008 1837 5063 Vide
1852 5007 2092 5091 .Vincen-

558 5093 665 5130 tum
741 5079 961 5130 cllovac.
995 5080 1088 5130 lib.
1119 5097 1243 5130 xxx-
1288 5097 1408 5130 can.
1449 5080 1519 5130 82
1551 5089 1607 5130 et
1636 5080 1725 5130 89.
1775 5080 1866 5130 ubi
1908 5081 2086 5130 Simile

531 5079 665 5152 tium
697 5079 961 5152 Bellovac.
995 5080 1088 5133 lib.
1119 5079 1243 5147 ius,
1288 5097 1408 5152 cap.
1449 5080 1519 5133 82
1551 5089 1607 5134 et
1636 5080 1725 5145 89,
1775 5080 1866 5132 ubi
1908 5081 2086 5135 simile

529 5147 816 5216 quidpiam
839 5150 1025 5202 refert.

599 5214 710 5286 (72)
753 5214 946 5273 Οἶδεν.
1000 5218 1124 5289 Leg.
1157 5230 1344 5290 postea
1384 5223 1432 5274 οἱ
1476 5221 1532 5274 δὲ
1562 5220 1864 5292 Νησιὸηνοὶ
1895 5220 2081 5289 εὐχαῖς

2191 3822 2418 3874 ἑνίκουν.
2454 3819 2682 3888 Quippe,
2703 3829 2760 3873 ut
2781 3828 2965 3873 narrat
2988 3818 3382 3886 Theodoretus,
3402 3823 3755 3881 admirandus

2193 3892 2283 3945 ille
2323 3892 2579 3962 Ephrem,
2609 3905 2768 3958 quem
2804 3890 2918 3943 Mar
2943 3890 3196 3962 Ephraim
3226 3903 3383 3948 vocat
3409 3894 3754 3962 Albupliara-

2187 3961 2295 4029 jius
2362 3960 2507 4030 (Mar
2543 3970 2721 4013 autem
2765 3961 3035 4028 apostolos
3074 3963 3344 4030 appellant
3377 3960 3612 4018 Chaldiei
3651 3966 3753 4019 ho-

2189 4031 2385 4102 dierni,
2425 4039 2484 4102 ut
2509 4030 2764 4083 observat
2790 4030 3028 4102 Scaliger
3059 4032 3112 4084 in
3141 4030 3440 4102 Prolegom.
3475 4035 3539 4087 ad
3579 4035 3753 4089 libros

2193 4100 2268 4154 De
2290 4100 2489 4173 emend.
2521 4107 2723 4173 temp._),
2745 4101 3221 4173 praestantissimus
3253 4100 3394 4171 apud
3427 4103 3588 4173 Syros
3613 4107 3746 4157 scri-

2198 4180 2322 4240 ptor
2369 4171 2628 4242 divinum‘
2666 4170 2928 4242 Jacohium
2979 4170 3299 4242 episcopum
3346 4170 3554 4242 rogavit
3593 4185 3649 4227 ut
3691 4176 3747 4228 in

2129 4226 2170 4280 D
2199 4226 2412 4294 murum
2438 4239 2782 4312 ascenderet.
2804 4226 3071 4312 Barbaros
3107 4226 3512 4311 inspiceretfet
3543 4226 3749 4312 impre:

2199 4312 2429 4365 cationis
2457 4310 2559 4363 tela
2587 4310 2638 4362 in
2672 4325 2765 4362 eos
2803 4309 3116 4363 immitteret
3143 4329 3155 4364 :
3194 4309 3279 4365 cui
3332 4309 3632 4367 obsecutus
3660 4314 3752 4368 Ja-

2199 4382 2364 4435 cobus
2409 4381 2463 4451 in
2487 4380 2788 4451 quamdam
2817 4381 3384 4451 turrimgconsccndit,
3413 4384 3634 4451 visaque
3662 4385 3749 4437 in-

2198 4449 2530 4529 numerabili
2581 4450 2859 4529 hominum
2920 4449 3292 4529 multitudine,
3347 4449 3559 4529 nulluuj
3606 4454 3750 4529 aliud

2198 4521 2396 4573 malum
2428 4520 2491 4572 iis
2519 4519 2846 4586 imprecatus
2877 4529 2955 4572 est
2987 4537 2999 4571 :
3025 4521 3114 4573 sed
3147 4523 3319 4574 oravit
3350 4519 3556 4576 tantum
3587 4533 3644 4575 ut
3671 4525 3750 4576 ci-

2196 4591 2335 4643 nifes
2360 4598 2415 4642 et
2449 4589 2649 4643 culices
2676 4591 2731 4641 in
2756 4604 2849 4641 eos
2882 4589 3320 4653 immittercntur,
3345 4602 3402 4645 ut
3426 4609 3490 4645 ex
3523 4594 3752 4647 minutis

2197 4659 2302 4712 illis
2332 4658 2686 4721 animalculis,
2733 4659 2850 4731 ejus
2874 4661 2964 4731 qui
2997 4660 3136 4731 ipsis
3167 4663 3524 4716 auxiliabatur
3555 4673 3748 4731 poten-

2196 4731 2325 4782 tiam
2354 4736 2726 4798 agnoscerent.
2772 4728 3082 4782 Orationem
3111 4729 3298 4784 Jacobi
3326 4733 3498 4786 nubcs
3522 4728 3748 4786 cinifum

2191 4809 2248 4851 et
2277 4799 2525 4868 culicum
2551 4800 2800 4867 protinus
2832 4799 3142 4868 excepisse,
3192 4811 3298 4854 etc.
3340 4803 3414 4854 De
3459 4802 3658 4855 Jacoho
3693 4813 3751 4855 et

2191 4868 2486 4940 Ephraimo
2517 4867 2570 4920 in
2611 4883 2706 4920 sua
2746 4867 3059 4940 narratione
3089 4871 3213 4940 silet
3241 4870 3600 4940 Theophanes
3632 4889 3645 4923 :
3679 4873 3748 4924 de

2189 4938 2408 5011 J_acobo_
2437 4952 2564 5011 ver_o
2605 4939 2847 5011 quasdam
2892 4938 3068 5011 attigit
3127 4938 3531 5011 Pliilostorgius,
3585 4949 3644 4993 ut
3694 4951 3752 4996 ct

2191 5007 2482 5128 Gregorius
2509 5007 2710 5061 Turon.
2746 5008 2839 5061 lib.
2881 5024 2918 5061 ιι
2953 5008 3114 5072 Hist.,
3140 5027 3258 5078 cap.
3293 5012 3380 5064 55.

2268 5085 2282 5128 ί
2327 5078 2379 5128 5)
2418 5077 2608 5128 Μέοοο
2649 5077 2756 5128 τοῦ
2796 5080 3050 5128 τείνουσ.
3113 5079 3380 5128 Theonhm

2268 5077 2379 5146 (75)
2418 5077 2756 5150 Μέρος-τοῦ
2796 5080 3050 5150 τείχους.
3113 5077 3520 5150 Τὴεοριιιιηεεητ
3566 5079 3749 5150 Μέρος

2196 5146 2377 5218 μέντοι
2420 5147 2522 5218 τοῦ
2550 5146 2762 5215 τείχους
2793 5147 3216 5218 κὰπεπόρθηται,
3266 5146 3359 5202 καὶ
3405 5149 3564 5203 τοῦτο
3606 5146 3751 5201 κατὰ

2190 5216 2326 5270 Θεοῦ
2359 5217 2716 5286 συγχώρησιν.
2745 5217 2848 5270 Alii
2893 5218 3050 5272 codd.
3079 5216 3380 5273 ἐπεπόνθει
3430 5220 3746 5290 praeferunt.

1774 5380 2029 5445 .VARIIE
2065 5378 2468 5434 LECTIONES.

637 5522 896 5596 "sativa.
942 5527 1125 5596 ἐκείνη
1161 5526 1227 5593 V,
1258 5528 1460 5589 ἐκεῖνος
1492 5528 1550 5581 Ρ.
1662 5531 1705 5560 ⁸⁵
1740 5528 1832 5581 τοῦ
1861 5543 1968 5583 om.
1997 5527 2053 5580 Ρ,

1161 5526 1227 5593 V,
1258 5528 1460 5589 ἐκεῖνος
1492 5528 1550 5581 Ρ.

533 5590 592 5667 Ρ,
624 5593 806 5667 καῖ-Β.
882 5596 925 5667 9"
957 5590 1221 5650 συνελθὼν
1248 5599 1306 5667 l’.
1381 5599 1425 5630 ”
1449 5599 1778 5667 Ἀντιοχείας
1805 5599 1863 5654 Ρ.
1940 5597 1986 5631 ⁹⁰
2025 5595 2405 5666 παρακαθίσας
2431 5590 2498 5654 V.

529 5664 632 5716 νῶν
658 5661 765 5716 PV.
866 5665 909 5698 ”
939 5667 1190 5736 Σάπωρις
1220 5664 1373 5723 οἶδεν.
1449 5669 1512 5700 ’δ’
1545 5671 1591 5720 οἱ
1621 5661 1684 5722 Β.

2164 5525 2210 5556 ⁸⁸
2242 5525 2298 5576 τὸ
2321 5524 2689 5592 εὐαγγελικόν.
2748 5524 2930 5583 Marci.
2963 5541 3072 5588 xvr,
3110 5524 3195 5578 18.

3308 5522 3351 5554 ⁸⁷
3380 5523 3500 5576 κᾶν.
3533 5522 3622 5573 καὶ
3651 5522 3748 5574 ἐὰν

2607 5597 2650 5628 ⁹¹
2681 5598 2745 5666 τῇ
2774 5595 2831 5649 P.
2918 5596 2961 5627 ”
2989 5595 3188 5666 Νήσιὸι
3217 5592 3325 5648 PV.
3438 5595 3485 5626 ’³
3514 5592 3746 5662 Νησιόι-
