4090 6300
595 382 700 444 739

597 582 784 637 stantii
818 580 1036 650 quidem
1090 580 1384 650 patruelis,
1432 579 1568 634 Galli
1611 594 1772 644 vero,
1803 579 1895 649 qui
1940 589 1994 632 et
2020 577 2166 632 Con-

597 672 833 726 stantius
884 672 1060 726 dictus
1108 680 1226 735 est,
1277 670 1479 735 frater,
1535 687 1664 725 ann.
1729 686 1786 725 ιι.
1833 669 2168 741 Colliguntur

596 763 726 818 anni
753 780 807 816 v.
845 777 1178 817 uncccuxn.
1218 763 1304 832 (Α.
1340 778 1371 815 a
1407 761 1474 815 Μ.
1508 761 1570 817 C.
1599 761 1778 831 587i.)

667 853 791 908 362.
815 869 851 907 ι.
877 853 990 907 Ind.
1011 871 1062 906 v.
1086 853 1408 908 Mamertino
1429 864 1482 907 et
1503 853 1712 907 Nevitta
1732 867 1870 907 coss.
2111 851 2165 905 2.

668 953 881 1007 Mortuo
939 952 1257 1007 Constantio
1316 953 1592 1023 Augusto,
1646 967 1748 1022 pax
1807 950 2170 1005 Ecclesiarum

598 1043 814 1098 Iuliano
886 1041 1395 1111 Constantinopolin
1453 1041 1658 1096 mensis
1729 1040 1932 1110 Δρειωί
1990 1056 2041 1092 ιι
2084 1039 2174 1092 die

601 1135 881 1204 ingresso,
932 1133 1142 1186 sublata
1199 1143 1302 1187 est.
1352 1130 1485 1197 Qua:
1529 1138 1710 1185 autem
1759 1139 1888 1186 sunt
1931 1130 2177 1184 insecuta

601 1225 719 1280 haec
741 1232 865 1278 sunt
901 1239 916 1274 :

670 1314 938 1380 Julianus,
967 1313 1180 1385 cognita
1206 1312 1512 1368 Constantii
1543 1311 1776 1382 Augusti
1805 1319 2174 1372 morte,suam

601 1407 925 1478 apostasiam
956 1414 1011 1460 et
1059 1406 1394 1475 impietatem
1433 1416 1620 1475 aperte
1663 1404 1972 1474 professus,
2009 1405 2176 1457 misso

600 1500 859 1554 adversus
897 1497 1368 1552 Christianismum
1413 1513 1510 1567 per
1554 1506 1724 1551 totum
1754 1496 1938 1549 orbem
1982 1495 2176 1559 edicto,

605 1591 744 1644 idola
799 1590 980 1644 omnia
1012 1589 1299 1643 instaurari
1329 1587 1602 1658 prazcepit.
1639 1585 1756 1652 Quo
1805 1585 1970 1639 inﬂati
2001 1586 2090 1654 qui
2123 1586 2178 1639 in

602 1679 822 1735 Oriente
867 1688 1028 1733 erant
1079 1679 1339 1750 gentiles,
1373 1678 1553 1731 statim
1593 1677 1932 1730 Alexandria:
1967 1675 2180 1746 JEgypti

604 1773 774 1835 urbe,
833 1771 1061 1841 Georgio
1111 1770 1345 1824 civitatis
1399 1769 1654 1838 episcopo
1710 1776 1867 1836 capto
1909 1776 1963 1821 et
2005 1768 2174 1821 inier-

1789 372 2224 439 CHRONICON
2257 375 2657 441 PASCIIALE.

668 487 930 544 Romanis
947 501 1110 542 um
1137 485 1425 556 imperavit
1452 485 1699 541 Julianus
1723 490 1999 557 Apostata,
2015 485 2162 540 Con-
2190 490 2237 545 Α

3723 380 3830 444 740

2341 487 2623 557 Ῥωμαίων
2652 489 2738 554 λς’
2758 489 3102 544 ἐϐασίλευσεν
3129 491 3412 555 Ἰουλιανὸς
3434 493 3462 545 ό
3487 491 3832 562 παραϐάτης.

2265 579 2482 648 ἀνεψιὸς
2513 583 2611 653 μὲν
2636 583 3008 636 κωνσταντίου
3039 583 3083 616 ⁸³
3138 583 3361 654 ἀδελφὸς
3403 583 3459 636 δὲ
3501 582 3703 636 Γάλλου
3735 582 3836 636 τοῦ

2266 673 2361 726 καὶ
2385 674 2781 741 Κωνσταντίου,
2811 675 2905 747 ἐτη
2932 675 2996 746 β’.
3309 674 3474 746 Ὁμοῦ
3505 675 3690 746 ,εωοβκ

2352 849 2472 904 Ἰνδ.
2515 857 2578 904 ε’.
2635 858 2704 907 α’.
2749 853 2842 905 ύπ.
2879 852 3230 922 Μαμερτίνου
3277 852 3389 924 (29)
3418 854 3511 906 καὶ
3559 851 3838 923 Νεϐήττα.

2341 944 2494 997 Μετὰ
2543 944 2797 1016 τελευτὴν
2853 946 3237 999 Κωνσταντίου
3297 945 3390 1000 τοῦ
3434 945 3748 1014 Αὐγούστου
3804 949 3840 1017 ἡ

2271 1035 2462 1106 εἰρήνη
2515 1036 2625 1090 τῶν
2687 1038 3018 1108 Ἐκκλησιῶν
3065 1039 3174 1109 (50)
3215 1038 3461 1108 διεκόπη,
3509 1039 3842 1101 εἰσελθόντος

2257 1127 2575 1180 ’Ἰουλιανοῦ
2598 1129 2654 1181 ἐν
2685 1129 3243 1183 Κωνσταντινουπόλει
3281 1131 3412 1202 μηνὶ
3456 1131 3760 1201 Ἀπελλαίῳ
3797 1131 3845 1162 ⁸⁸

2276 1227 2362 1278 ια’.
2392 1223 2501 1275 Καὶ
2525 1223 2668 1277 ἔστιν
2687 1223 2756 1276 τὰ
2786 1224 3337 1294 παρακολουθήσαντα
3367 1225 3412 1256 ⁵⁸
3431 1224 3623 1277 ταῦτα·

2354 1313 2634 1378 Ἰουλιανὸς
2665 1316 2824 1382 γνοὺς
2868 1316 3245 1370 Κωνσταντίου
3289 1315 3381 1369 τοῦ
3412 1316 3723 1384 Αὐγούστου
3752 1333 3846 1368 τε·

2275 1404 2490 1476 λευτὴν,
2513 1406 2611 1478 τὴν
2635 1405 2830 1458 ἑαυτοῦ
2852 1407 3187 1472 ἀποστασίαν
3213 1406 3308 1460 καὶ
3332 1407 3582 1461 ἀσέϐειαν
3599 1407 3847 1478 φανερὰν

2278 1497 2551 1552 καθιστῶν
2599 1497 2944 1566 διατάγματα
2982 1498 3028 1528 ⁸⁸
3065 1497 3175 1568 (31)
3205 1497 3346 1551 κατὰ
3396 1497 3488 1550 τοῦ
3525 1491 3846 1567 Χριστισῖνι-

2279 1589 2419 1660 σμοῦ
2442 1589 2563 1643 καθ’
2590 1591 2716 1660 ὅλης
2735 1589 2832 1658 τῆς
2853 1591 3174 1660 οἰκουμένης
3193 1591 3537 1645 ἀποστέλλων
3563 1591 3629 1644 τά
3649 1589 3848 1644 είδωλα

2279 1682 2454 1736 πάντα
2483 1682 2836 1735 ἀνανεοῦσθαι
2881 1684 3261 1753 προσέταττεν.
3311 1683 3424 1753 Ἐφ’
3468 1680 3549 1748 οἷς
3581 1685 3850 1756 ἐπαρθέν-

2281 1792 2368 1838 τες
2389 1776 2436 1827 οἱ
2473 1776 2614 1829 κατά
2644 1775 2740 1846 τὴν
2784 1775 3071 1844 Ἀνατολὴν
3097 1775 3356 1846 Ἕλληνες
3383 1776 3583 1840 εὐθέως
3613 1780 3670 1830 ἐν
3707 1777 3850 1830 Ἀλε-

604 1863 783 1927 lecto,
832 1863 975 1916 illius
1023 1861 1269 1916 cadaveri
1314 1861 1478 1929 impie
1513 1860 1827 1922 illudentes,
1859 1857 2170 1928 impositum

2275 1865 2524 1939 ξανδρείᾳ
2589 1871 2654 1940 τῇ
2696 1843 2830 1922 ’κατ’
2867 1843 3140 1936 Αἴγυπτον
3187 1843 3457 1939 Γεωργιον
3503 1869 3592 1923 τὸν
3621 1870 3852 1924 ἐπίσκο-

603 1954 812 2008 camelo
843 1969 938 2023 per
985 1962 1152 2007 totam
1183 1952 1371 2006 urbem
1411 1952 1541 2006 illud
1573 1952 2026 2006 circumtulerunt
2056 1968 2070 2017 ;
2110 1967 2174 2006 ac

603 2044 945 2098 diversorum
1010 2042 1210 2096 deinde
1268 2041 1580 2095 animalium
1636 2042 1988 2096 cadaveribus
2050 2057 2173 2096 cum

603 2132 816 2186 ossibus
854 2129 1129 2196 collectis,
1183 2129 1462 2200 ipsiusque
1507 2130 1750 2200 reliquiis
1794 2131 2069 2201 permistis
2111 2145 2175 2185 ac

604 2222 901 2280 combustis
925 2262 941 2290 ,
988 2223 1203 2278 cineres
1234 2222 1627 2292 disperserunt.

675 2517 736 2571 ln
762 2515 1049 2570 Palaestina
1095 2516 1261 2570 etiam
1303 2515 1444 2570 santi
1493 2515 1716 2573 Joannis
1768 2518 2018 2589 Baptistae
2047 2521 2173 2575 reli-

605 2608 764 2678 quias
789 2646 804 2670 ,
855 2623 975 2677 qua:
1018 2607 1256 2662 Sebastae
1305 2608 1556 2678 repositae
1607 2620 1800 2677 erant,
1837 2612 2061 2668 ell‘ossas
2089 2613 2172 2668 di-

605 2709 925 2770 sperserunt

676 2789 977 2860 Patrophili
1028 2807 1242 2862 quoque
1287 2790 1737 2863 Scythopolitanze
1773 2793 2026 2851 Ecclesiae
2057 2799 2174 2867 epi-

613 2881 762 2950 scopi
793 2890 983 2950 aperto
1016 2882 1224 2936 tumulo
1245 2922 1260 2947 ,
1296 2883 1536 2952 corporis
1567 2884 1671 2938 alia
1704 2886 1919 2954 quidem
1962 2888 2172 2958 disper-

607 2982 828 3039 serunt,
862 2974 1068 3028 calvam
1099 2989 1229 3028 vero
1258 2974 1312 3028 in
1345 2991 1504 3030 usum
1537 2977 1702 3032 veluti
1732 2979 1910 3049 lychni
1939 2994 2172 3050 suspen-

607 3079 724 3120 sam
757 3067 1148 3122 contumeliose
1186 3065 1499 3123 inﬁxerunt.

2275 1976 2374 2012 πον
2413 1959 2523 2028 (32)
2554 1957 2652 2028 τῆς
2681 1958 2888 2021 πόλεως
2945 1958 3330 2029 συλλαϐόμενοι
3373 1959 3580 2013 ἀνεῖλον
3634 1961 3732 2014 καὶ
3788 1961 3856 2016 τὸ

2277 2050 2532 2119 λείψανον
2567 2049 2729 2102 αὑτοῦ
2785 2047 2998 2112 ἀσεϐῶς
3037 2049 3323 2121 ὲνύϐρισαν
3374 2065 3386 2078 ’
3446 2049 3678 2121 καμήλῳ
3737 2051 3850 2120 γὰρ

2275 2142 2553 2204 ἐπιθέντες
2583 2140 2648 2193 δι’
2683 2141 2811 2211 ὅλης
2841 2143 2940 2211 τῆς
2969 2141 3178 2203 πόλεως
3211 2140 3555 2212 περιέφερον,
3581 2143 3674 2196 καὶ
3708 2143 3853 2212 μετά

2273 2235 2433 2290 τοῦτο
2486 2235 2761 2305 διαφόρων
2818 2233 3025 2302 ἀλόγων
3079 2233 3247 2303 νεκρά
3308 2233 3534 2303 σώματα
3563 2235 3702 2304 μετά
3738 2235 3852 2288 τῶν

2273 2327 2475 2380 ὀστέων
2524 2327 2922 2396 συναγαγόντες
2975 2326 3071 2379 καὶ
3135 2325 3501 2395 συμμίξαντες
3551 2326 3717 2380 αὐτοῦ
3773 2327 3853 2397 τῷ

2273 2419 2508 2489 λειψάνῳ
2536 2420 2630 2472 καὶ
2655 2418 3100 2482 κατακαύσαντες
3131 2417 3535 2488 διεσκόρπισαν.

2345 2516 2457 2568 Καὶ
2482 2515 2540 2569 ἐν
2566 2513 2894 2585 Παλαιστίνῃ
2914 2513 2971 2566 δὲ
3014 2512 3107 2565 τοῦ
3140 2513 3296 2580 ἁγίου
3334 2513 3580 2567 Ἰωάννου
3609 2512 3723 2582 (55)
3751 2513 3850 2564 τοῦ

2273 2607 2577 2664 Βαπτιστοῦ
2620 2607 2690 2660 τά
2719 2606 2944 2676 λείψανα
2973 2606 3032 2657 ὲν
3064 2604 3306 2676 Σεϐαστῇ
3335 2606 3400 2675 τῇ
3430 2603 3582 2656 πόλει
3615 2602 3851 2673 κείμενα

2274 2700 2635 2771 ἀνορύξαντες
2655 2697 3059 2768 διεσκόρπισαν.

2349 2794 2468 2845 Ἔτι
2492 2790 2548 2844 δὲ
2584 2788 2799 2844 καὶτοῦ
2835 2789 2989 2856 ἁγίου
3035 2785 3373 2857 Πατροφίλου
3398 2785 3507 2856 (54)
3543 2786 3850 2840 ἐπισκόπου

2272 2887 2372 2957 τῆς
2407 2888 2463 2938 ὲν
2509 2882 2840 2936 Σκυθοπόλει
2873 2878 3199 2949 Ἐκκλησίας
3223 2878 3514 2949 γενομένου
3543 2877 3847 2949 ἀνορύξαν-

2271 2999 2364 3044 τες
2384 2979 2492 3033 ἀπδ
2512 2977 2607 3031 τοῦ
2633 2977 2804 3045 τάφου
2840 2973 2909 3028 τὰ
2941 2972 3167 3042 λείψανα
3196 2972 3264 3025 τά
3301 2973 3400 3042 μὲν
3428 2970 3564 3026 ἄλλα
3589 2971 3847 3040 διεσκόρ-

2273 3091 2460 3135 πισαν,
2491 3070 2550 3124 τὸ
2580 3069 2635 3121 δὲ
2656 3067 2872 3138 κρανίον
2894 3063 3236 3134 ἐφυϐρίστως
3275 3063 3652 3134 κρεμάσαντες
3688 3061 3768 3125 ὡς
3792 3064 3850 3114 έν

2200 3181 2243 3240 C
2277 3165 2514 3234 σχήματι
2539 3157 2807 3229 κανδήλας
2832 3151 3115 3225 ὲνέπηξαν.

1920 3369 2244 3428 DUCANCII
2271 3427 2274 3430 ,
2298 3367 2531 3426 ΝΟΤᾸΕ.

607 3546 715 3600 tius
744 3543 800 3598 in
834 3543 932 3597 lib.
965 3541 1041 3596 De
1067 3543 1274 3596 mortib.
1311 3553 1648 3611 persecutor"
1689 3561 1746 3599 η.
1788 3545 1812 3599 1
1850 3563 1865 3601 :
1903 3547 2162 3602 Restituta

604 3633 698 3685 per
735 3613 907 3686 orlyem
954 3613 1366 3686 tranquillitate,
1418 3616 1702 3686 proﬂigata
1737 3631 1901 3686 nuper
1933 3618 2166 3672 Ecclesia

605 3682 867 3756 resurgit,
909 3691 957 3735 et
1006 3683 1206 3750 majore
1236 3682 1412 3756 gloria
1443 3682 1688 3756 templum
1741 3682 1876 3756 Dei,
1919 3689 2056 3756 quod
2101 3689 2166 3741 ab

605 3752 778 3822 impiis
815 3752 996 3827 fuerat
1047 3754 1698 3827 eversum,_mi_sericordia
1745 3752 1955 3809 Domini
1999 3757 2168 3827 fabri-

606 3819 777 3896 catur.
815 3819 958 3876 Infra
987 3840 1003 3896 :_
1035 3819 1340 3896 Jantquasi
1372 3823 1600 3896 discusso
1628 3827 1878 3896 transacti
1925 3819 2168 3896 temporis

607 3893 817 3956 nubilo,
850 3908 956 3967 es;
974 3891 1211 3960 jucunda
1246 3901 1295 3967 et
1339 3909 1519 3967 serena
1552 3893 1802 3967 lwtiﬁcat.
1839 3896 1973 3950 Cum
2005 3891 2166 3967 igitur

605 3962 1115 4032 quinquagesimum
1167 3963 1329 4032 pacis
1364 3962 1723 4017 Ecclesiarum
1773 3966 1917 4020 hunc
1962 3962 2164 4020 anitum

606 4031 774 4087 fuisse
808 4031 883 4084 ait
917 4041 1106 4084 auctor
1139 4031 1390 4084 Chronici
1411 4072 1425 4094 ,
1454 4032 1546 4100 qui
1586 4043 1668 4088 est
1701 4034 2167 4090 Antiochenorum

605 4117 745 4163 ουκ,
809 4101 1010 4154 Christi
1057 4101 1290 4169 vulgaris
1333 4116 1552 4166 ccccxr,
1599 4103 1727 4158 satis
1757 4105 1930 4160 innuit
1959 4107 2027 4160 ab
2080 4107 2168 4159 in-

605 4173 844 4226 dictione
875 4171 1380 4234 Constantiuianea,
1411 4188 1558 4226 anno
1595 4174 1935 4229 Antiocheno
1961 4191 2166 4239 cccul,

603 4241 804 4296 Christi
819 4249 1154 4306 cccxm,tum
1173 4241 1406 4311 primum
1423 4257 1607 4311 pacem
1623 4243 2052 4300 Christianorum
2070 4246 2170 4300 Ec-

603 4311 782 4385 clesiis
826 4311 1026 4385 datam,
1065 4310 1335 4385 quomodo
1355 4310 1433 4385 ad
1461 4312 1512 4385 id
1544 4315 1802 4382 temporis
1856 4316 2016 4368 tinem
2049 4331 2172 4385 per-

606 4380 898 4435 Seculionis
941 4381 1129 4452 statuit
1191 4378 1448 4450 Sulpitius
1478 4378 1710 4438 Severus
1732 4421 1747 4443 .
1782 4385 1874 4452 qui
1903 4378 2175 4440 scribebat

605 4465 746 4503 anno
800 4464 942 4522 cccc.
998 4449 1236 4522 idcirco,
1284 4449 1457 4519 inquit
1499 4452 1749 4522 Scaliger
1800 4449 1904 4508 lib.
1956 4471 2014 4508 ιιι
2065 4455 2166 4510 Ca-

605 4523 808 4589 nonum
854 4519 1134 4589 lsagogic.,
1175 4527 1388 4574 veteres
1414 4521 1571 4574 codd.
1610 4519 1843 4578 canonis
1874 4525 2162 4578 Eusebiani

604 4588 672 4662 ad
703 4589 849 4662 illum
869 4588 1078 4662 anuqu
1111 4588 1448 4662 Constantini
1480 4591 1571 4658 qui
1625 4591 1725 4644 fuit
1770 4594 1978 4662 primus
2020 4595 2163 4648 indi-

605 4658 800 4712 ctionis
859 4657 1381 4720 Constantinianam,
1421 4657 1536 4713 haec
1573 4657 1893 4728 apponunt:
1942 4679 2035 4716 m
2067 4679 2162 4717 N0-

604 4743 820 4802 srmsus
861 4742 1206 4802 consunruvo
1251 4744 1493 4802 nennrrs.
1527 4728 2164 4802 QuaequidemAProsper

605 4796 659 4868 in
721 4798 989 4852 Chronico
1061 4798 1588 4868 pariter_ascripsit.
1644 4796 1840 4856 Paulus
1895 4796 2159 4868 Orosius,

604 4867 698 4920 lib.
752 4883 864 4931 vn,
924 4866 1212 4936 cap.728:
1266 4866 1641 4921 Constantinus
1689 4886 1869 4938 pacem
1916 4866 2162 4926 Ecclesia.’

601 4946 715 5008 post
771 4938 944 5008 decem
974 5006 980 5008 _
1010 4953 1216 5008 annos,
1255 4955 1411 5008 quam
1459 4955 1490 4989 a
1537 4941 1941 5005 persecutoribus
2010 4958 2164 4994 vexa-

603 5006 758 5128 (ἔζων
775 5006 1071 5130 1,Minaulsit.
1123 5005 1275 5060 Vide‘
1309 5007 1530 5079 Gregor.
1585 5008 1784 5066 Turon.
1830 5011 1926 5066 lib.
1961 5027 1977 5064 ι
2016 5011 2158 5066 Hist.

638 5092 722 5130 'p.
851 5117 863 5128 .

603 5089 722 5143 cap.
775 5089 863 5130 '64.

675 5147 784 5214 (29)
824 5146 1217 5212 Μαμερτίνου.
1245 5147 1404 5202 Istius
1434 5147 1746 5202 consulatus
1772 5149 2017 5204 meminit
2043 5151 2176 5205 Am-

605 5214 834 5275 mianus,
866 5214 959 5268 lib.
985 5231 1093 5269 λιιι.

678 5287 787 5359 (50)
831 5283 1052 5351 Εἰρήνη
1097 5285 1214 5359 τῶν
1241 5285 1637 5359 Ἐκκλησιῶντ
1671 5286 1750 5359 De
1779 5303 1882 5356 qua
1924 5291 2174 5359 superius

605 5353 852 5428 egimus:
889 5364 999 5428 tum
1049 5355 1227 5428 enim,
1279 5365 1336 5408 ut
1378 5357 1642 5428 estrapud
1694 5353 2070 5428 Hieronymum
2120 5371 2174 5416 et

607 5420 933 5494 Prosperum
980 5425 1037 5478 in
1079 5425 1280 5480 Chron.
1324 5443 1336 5479 :
1380 5420 1593 5480 Juliano
1633 5427 1702 5482 ad
1757 5420 2013 5500 idolorum
2061 5433 2172 5483 cul-

2263 3557 2372 3600 tum
2403 3559 2660 3607 converso,
2705 3541 2898 3595 blanda
2934 3539 3218 3608 persecutio
3249 3539 3367 3610 fuit,
3414 3537 3634 3592 illiciens
3670 3543 3847 3610 magis

2263 3633 2428 3687 quam,
2461 3613 2726 3687 impellens
2756 3612 2825 3665 ad
2872 3610 3294 3687 sacriﬁcandum,
3338 3609 3392 3660 in
3433 3624 3537 3687 qua
3581 3609 3734 3687 multi
3772 3609 3850 3663 ea:
3895 3625 3898 3629 '

2267 3677 2457 3739 nostris
2508 3677 2773 3736 uoluntate
2837 3682 3051 3749 propria
3119 3687 3446 3732 corruerant.
3495 3677 3790 3746 Eutropius
3833 3699 3846 3734 :

2261 3754 2548 3824 Religionis
2598 3752 2929 3824 Christianai
2973 3751 3274 3824 insectator,
3329 3749 3541 3824 perinde
3580 3757 3757 3824 tamen
3791 3761 3849 3804 ut

2264 3843 2296 3877 a
2333 3817 2514 3877 cr'uore
2564 3823 2862 3875 abstineret.
2894 3819 3025 3885 Qua:
3060 3819 3138 3872 sic
3174 3818 3442 3887 expressit
3466 3817 3702 3871 Joannes
3727 3819 3849 3871 Au-

2265 3895 2553 3949 tiocbenus
2580 3910 2593 3947 :
2623 3890 2953 3944 Ἐϐέϐλαπτο
3001 3888 3058 3941 δὲ
3100 3888 3257 3956 μόνον
3307 3887 3436 3956 περὶ
3473 3887 3571 3956 τὴν
3598 3887 3692 3938 τοῦ
3726 3889 3847 3940 Σω-

2261 3965 2428 4034 τῆρος
2453 3961 2692 4036 Χριστοῦ
2714 3961 2868 4036 δόξαν
2895 3958 3149 4036 ἐναντίως
3174 3957 3331 4036 ἔχων,
3366 3957 3457 4009 καὶ
3486 3957 3846 4036 ένιστάμῄενος

2261 3980 2428 4034 τηρος
2456 3980 2500 4015 Λ
2547 3980 2692 4014 ιστου
2714 3980 2868 4025 οοςαν
2895 3980 3149 4020 εναντιως
3174 3980 3331 4026 εχων,
3366 3980 3457 4009 και
3486 3980 3846 4027 ενισταμενος

2261 4035 2375 4096 τοῖς
2407 4034 2476 4084 τά
2511 3980 2850 4102 ςίριστιανῶν
2887 4027 3127 4102 μετιοῦσι
3170 4026 3434 4102 δόγματα,
3463 4027 3524 4078 ού
3559 4025 3666 4096 μὴν
3696 4027 3846 4082 ὥστε

2265 4103 2412 4173 ὠμὸν
2434 4103 2471 4173 ἢ
2510 4097 2723 4173 φονικόν
2756 4118 2807 4152 τι
2831 4097 3168 4173 ἐργάσασθαι
3197 4097 3435 4173 nilis-rore.

2339 4166 2874 4244 (51)’Δὶᾳτὰγματαζ
2895 4166 3333 4244 Philostorg._lib.
3353 4182 3450 4244 νιιζ
3471 4180 3590 4234 cap.
3674 4183 3688 4218 :
3715 4167 3847 4232 Τοῖς

2269 4236 2495 4311 Ἕλλησι
2540 4241 2629 4295 διὰ
2668 4236 3126 4312 προγράμμάτων
3173 4238 3352 4290 πᾶσαν
3387 4236 3568 4290 ἄδειαν
3601 4236 3846 4307 εἰσενεγ-

2268 4312 2400 4376 κὼν,
2429 4321 2534 4366 etc.

2355 4374 2442 4446 52)
2483 4381 2777 4449 Γεώργιον
2811 4380 3164 4449 ἐπίσκοπον.
3223 4374 3327 4449 Qui
3377 4374 3602 4449 expulso
3653 4387 3848 4449 sancto

2265 4445 2581 4515 Athanasio,
2605 4445 2672 4506 ac
2700 4449 2894 4504 deinde
2921 4447 3178 4518 Gregorio
3221 4446 3291 4518 in_
3315 4445 3679 4518 episcopatum
3698 4446 3846 4518 iAle-

2193 4510 2240 4568 ι)
2267 4521 2506 4576 xandriaz
2552 4510 2906 4584 successerat,
2948 4528 3005 4571 ut
3030 4510 3114 4571 cst
3153 4515 3296 4584 apud
3346 4510 3620 4570 Socratem
3655 4516 3748 4570 lib.
3779 4533 3842 4582 ιι,

2259 4605 2378 4660 cap.
2413 4591 2499 4651 M,
2529 4590 2617 4654 28,
2643 4590 2731 4653 29,
2780 4597 2836 4642 et
2869 4588 3002 4660 alios
3029 4606 3040 4640 :
3072 4588 3138 4660 de
3172 4586 3326 4653 cujus
3358 4585 3505 4660 caede
3534 4587 3643 4656 agit
3692 4588 3842 4652 idem

2259 4655 2609 4728 scriptor,lib.
2629 4674 2837 4726 tn,cap.
2857 4658 2912 4723 2;
2938 4665 3062 4728 utet
3076 4655 3538 4728 SogzomenusJib.
3565 4655 3626 4728 ι’,
3639 4672 3760 4725 cap.
3787 4660 3841 4722 7;

2258 4725 2609 4799 Ehilostorg.,
2642 4729 2735 4782 lib.
2763 4725 2859 4793 vn,
2886 4744 3006 4796 cap.
3031 4727 3066 4780 2
3085 4744 3122 4799 ;Α
3143 4725 3453 4799 ilierouym.
3505 4727 3802 4799 in_Chron.
3825 4745 3842 4791 ;

2261 4796 2626 4869 Theophanes
2674 4814 2819 4852 anno
2847 4815 2898 4863 1,
2930 4809 3035 4851 etc.
3086 4796 3216 4852 Vide
3260 4803 3520 4865 prieterea
3566 4797 3841 4866 Epiphan.

2259 4869 2452 4923 haeres.
2482 4870 2566 4932 76,
2601 4885 2657 4923 n.
2686 4870 2737 4922 1.

2331 4941 2444 5006 (55)
2495 4936 2604 4992 Τοῦ
2661 4937 2833 5007 ἁγίου
2871 4936 3171 4990 Ἰωάννου.
3232 4934 3552 5005 Philostorg.
3593 4935 3696 4990 eod
3741 4935 3841 4990 lib.

2265 5023 2382 5077 cap.
2433 5011 2487 5070 4,
2523 5009 2613 5061 ubi
2643 5007 2978 5064 Gotthofred.

2343 5073 2453 5147 (54)
2497 5079 2891 5146 Πατροφίλου.
2927 5075 3132 5139 Ariani,
3182 5085 3240 5129 ut
3267 5085 3346 5130 est
3366 5075 3504 5144 apud
3545 5073 3840 5147 Nicephor.

2271 5145 2363 5201 lib.
2401 5145 2452 5211 Χ,
2484 5163 2602 5216 cap.
2621 5145 2720 5202 ⁷15.
2749 5149 2896 5202 Illius
2925 5147 3090 5200 semel
3119 5163 3180 5200 ac
3211 5147 3405 5200 iterum
3434 5145 3682 5216 meminit
3711 5147 3843 5198 Phi-

2271 5213 2590 5289 lostorgius';
2637 5217 2948 5272 Thcodorit.
2989 5217 3168 5289 ιιιξι,
3201 5233 3318 5286 cap.
3363 5217 3437 5289 7;_
3485 5213 3841 5289 Epiphanius,

2271 5285 2465 5342 hzcresI
2497 5289 2586 5354 30,
2621 5299 2675 5344 ct
2711 5289 2925 5343 Nicetas
2955 5289 3009 5341 in
3044 5287 3302 5340 Thesauro
3333 5286 3470 5338 art/1.
3506 5285 3596 5351 βα.
3630 5287 3724 5339 lib.
3776 5306 3802 5340 ν
3825 5328 3839 5350 ,

2268 5373 2385 5428 cap.
2421 5359 2471 5412 7.

1882 5607 2114 5662 VARMI
2152 5608 2549 5666 LECTIONES.

721 5758 766 5790 “
797 5759 1168 5815 Κωνσταντίου
1198 5775 1272 5815 m.
1309 5779 1374 5826 ιι,
1423 5761 1828 5815 Λωνσταντίνου
1863 5759 1975 5816 RV.

2083 5761 2126 5794 ιδ
2148 5761 2425 5835 Ἀπηλαίῳ
2448 5761 2556 5818 PV.
2665 5765 2708 5798 "
2737 5764 3174 5838 ἀκολουθήσαντα
3237 5767 3296 5823 ι».

3403 5766 3447 5799 ⁸⁸
3474 5765 3747 5836 διάταγμα
3771 5762 3830 5823 Ρ.
