4090 6300
245 372 350 439 741

1422 358 1849 433 canonicum
1885 374 2287 434 PASCHALE.

3376 378 3484 444 742

328 484 420 539 ’Ev
438 482 497 537 δὲ
523 479 671 552 Γάζῃ
692 481 804 551 (55)
830 481 922 534 καὶ
966 479 1267 536 Ἀσκαλῶνι
1295 484 1696 554 πρεσϐυτέρους
1722 485 1809 537 καὶ

1989 483 2143 540 Gaza:
2185 500 2315 540 vero
2358 495 2414 539 et
2446 485 2711 541 Ascalone
2761 487 3103 559 presbyteros
3150 500 3205 545 et
3246 492 3487 563 virgines

242 575 555 648 παρθένους
579 572 949 645 ἀναιροῦντες,
972 574 1066 627 καὶ
1093 575 1231 645 μετά
1261 574 1419 628 τοῦτο
1445 576 1815 631 ἀναπτύσσον-

238 686 334 731 τες
361 668 406 699 ⁸⁷
439 667 535 719 καὶ
556 665 626 719 τὰ
663 665 887 735 σώματα
934 665 1111 718 αὐτῶν
1153 664 1357 737 κριθῶν
1404 665 1810 739 πληρώσαντες,

238 758 353 818 τοῖς
381 755 589 825 χοίροις
612 754 940 824 παρέϐαλον.

309 848 419 900 Καὶ
444 848 503 899 ἐν
533 847 754 917 Φοινίκῃ
786 846 841 899 δὲ
868 845 1134 917 Κύριλλον
1178 846 1291 918 (56)
1315 846 1558 902 διάκονον
1600 848 1813 904 Ἦλιου-

237 936 472 1005 πολίτην
492 936 537 972 ι’
568 934 849 999 ἀνελόντες
872 935 967 989 τοῦ
988 937 1199 1006 ἥπατος
1226 937 1387 991 αὑτοῦ
1416 939 1809 1007 ἀπεγεύσαντο,

236 1024 430 1096 ἐπειδὴ
458 1025 527 1078 τὰ
551 1026 744 1079 είδωλα
768 1026 946 1079 αὐτῶν
964 1028 1058 1080 ἐπὶ
1077 1027 1169 1082 τοῦ
1186 1030 1489 1099 μακαρίτου
1521 1031 1812 1085 Κωνσταν-

236 1117 386 1169 τίνου
450 1117 834 1187 κατέστρεψεν.
883 1119 940 1173 '0
986 1119 1042 1173 δὲ
1100 1120 1384 1192 άνατεμὼν
1416 1101 1509 1175 τὸν
1567 1122 1813 1176 διάκονον

233 1207 333 1260 καὶ
357 1205 405 1237 δ’
439 1208 884 1277 ἀπογευσάμενος
914 1207 1006 1261 τοῦ
1051 1209 1259 1280 ἥπατος
1307 1210 1469 1263 αὑτοῦ
1495 1212 1639 1276 ὅπως
1685 1229 1814 1266 κατ-

238 1296 479 1367 έστρεψε
512 1298 603 1349 τὸν
646 1299 839 1352 ἐαυτοῦ
875 1300 987 1370 βίον
1019 1300 1167 1365 ἄξιον
1224 1303 1648 1374 ἐπιμνησθῆναι.
1699 1304 1812 1375 Τὴν

239 1388 344 1457 μὲν
379 1388 631 1454 γλῶσσαν
686 1394 954 1446 σαπεῖσαν
1008 1393 1306 1457 ἀπώλεσεν,
1341 1395 1467 1457 τοὺς
1494 1394 1549 1447 δὲ
1596 1394 1812 1458 ὀδόντας

238 1478 545 1550 θρυϐέντας
580 1481 626 1513 ⁸⁸
654 1482 944 1549 ἀπέϐαλεν,
966 1484 1091 1548 τοὺς
1120 1485 1173 1537 δὲ
1206 1485 1514 1555 ὀφθαλμοὺς
1550 1486 1642 1538 ἐπὶ
1674 1486 1810 1539 πολὺ

238 1570 335 1623 καὶ
392 1570 749 1644 σφοδρότερον
779 1574 1056 1645 ὀδυνηθεὶς
1089 1576 1372 1647 ἐπηρώθη,
1406 1577 1502 1631 καὶ
1545 1577 1635 1631 διὰ
1689 1578 1810 1630 ὅλου

238 1660 333 1712 τοῦ
364 1660 615 1731 σώματος
646 1664 1067 1735 βασανιζόμενος
1086 1667 1273 1732 δεινῶς
1297 1668 1583 1723 ἀπέθανεν.

320 1751 414 1803 Ἐν
441 1752 500 1804 δὲ
541 1753 745 1825 Ἐμέσῃ
783 1756 895 1827 (57)
924 1760 988 1828 τῇ
1018 1758 1227 1829 μεγάλῃ
1254 1759 1518 1831 ἐκκλησίᾳ
1555 1761 1809 1815 ἐπελθόν-

234 1860 325 1907 τες
354 1844 417 1896 τὸ
448 1844 543 1897 τοῦ
567 1846 822 1901 Διονύσου
847 1848 956 1920 (58)
989 1851 1206 1905 εἴδωλον
1234 1852 1475 1923 ἵδρυσαν.

303 1935 475 2007 296
518 1934 763 2006 Ὁμοίως
815 1939 871 1992 δέ
916 1941 1009 1993 καὶ
1038 1943 1095 1994 ἐν
1137 1943 1457 2016 Ἐπιφανείᾳ
1507 1944 1661 1998 πόλει
1708 1945 1808 2015 τῆς

236 2027 439 2097 Συρίας
469 2029 870 2095 ἐπεισελθόντες
898 2033 947 2085 οἱ
970 2033 1232 2105 ’Έλληνες
1262 2037 1328 2106 τῇ
1360 2036 1623 2107 ἐκκλησίᾳ
1658 2036 1808 2090 εἴδω-

234 2118 327 2172 λον
350 2122 646 2190 εἰσήγαγον
705 2124 842 2192 μετὰ
888 2125 1068 2178 αὐλῶν
1120 2128 1214 2180 καὶ
1261 2129 1579 2198 τυμπάνων.
1636 2130 1695 2182 Ὀ
1749 2130 1806 2183 δὲ

236 2211 513 2281 μακάριος
556 2213 851 2279 Εὐστάθιος
888 2218 998 2289 (59)
1034 2221 1061 2272 ὁ
1098 2222 1196 2290 τῆς
1255 2221 1424 2291 αὐτῆς
1477 2223 1807 2291 Ἐκκλησίας

233 2301 538 2365 ἐπίσκοπος
588 2307 890 2375 τυγχάνων,
936 2309 1075 2381 ἀνὴρ
1147 2311 1382 2383 εὐλαϐὴς
1430 2313 1523 2366 καὶ
1556 2312 1805 2384 εὐσεϐὴς,

233 2393 481 2457 ἀκούσας
529 2396 638 2449 τῶν
682 2398 861 2453 αὐλῶν
898 2402 993 2455 καὶ
1037 2402 1335 2473 πυθόμενος
1381 2405 1443 2458 τὸ
1470 2405 1573 2459 ποῦ
1611 2406 1678 2459 ἂν
1720 2408 1805 2478 είη

233 2485 431 2549 ταῦτα,
461 2485 556 2539 καὶ
587 2490 749 2555 γνοὺς
784 2490 866 2545 ὅτι
903 2492 960 2545 ἐν
984 2495 1051 2563 τῇ
1083 2494 1367 2565 ἐκκλησίᾳ,
1393 2495 1553 2565 ζῆλον
1582 2496 1720 2567 ἔχων
1750 2499 1827 2551 ἐνκ

234 2574 420 2629 πίστει
445 2578 541 2630 καὶ
566 2578 837 2650 εὐλαϐείᾳ,
866 2581 1075 2652 ἀθρόως
1094 2584 1330 2649 ἀκούσας
1350 2587 1808 2660 ἐκοιμήθη,προσο

233 2666 542 2737 ευξάμενος
615 2671 688 2741 μὴ
723 2671 849 2725 ίδεῖν
889 2672 1061 2726 ταῦτα
1103 2676 1213 2739 τοῖς
1251 2676 1445 2729 ἐαυτοῦ
1487 2678 1804 2749 ὀφθαλμοῖς.

309 2758 435 2812 Ἔτι
468 2760 525 2813 δὲ
554 2762 649 2814 καὶ
700 2762 760 2816 ὲν
803 2764 1368 2823 Κωνσταντινουπόλει
1402 2769 1595 2835 ἐπιϐὰς
1626 2772 1736 2845 (40)
1781 2777 1809 2828 ὁ

247 2848 564 2919 Ἰουλιανὸς,
615 2854 866 2921 Εὐδοξίου
908 2875 967 2911 τε
1015 2859 1315 2913 ἐπισκόπου
1373 2863 1433 2915 ἐν
1472 2864 1607 2935 αὐτῇ
1636 2865 1807 2931 ὄντος,

237 2944 595 3015 πολυτρόπως
618 2950 728 3021 (41)
759 2949 898 3005 κατὰ
930 2952 1028 3021 τῆς
1070 2952 1392 3024 Ἐκκλησίας
1423 2957 1811 3027 μηχανώμενος

236 3039 536 3105 ἐπιϐουλὰς
566 3042 647 3105 είς
678 3042 936 3112 σύγχυσιν
966 3043 1076 3113 (42)
1122 3046 1215 3098 καὶ
1245 3044 1312 3098 τὰ
1337 3047 1457 3100 κατ’
1482 3049 1652 3120 αὐτὴν
1676 3050 1811 3120 ἠγα-

1917 574 2255 641 occiderunt,
2277 589 2341 629 ac
2362 584 2548 644 aperta
2576 591 2763 630 eorum
2797 593 2858 631 ac
2880 579 3075 634 deinde
3102 595 3327 651 corpora
3358 584 3482 638 hor-

1917 665 2019 720 deo
2057 665 2259 735 repleta
2279 706 2294 731 ,
2330 674 2516 736 postea
2545 669 2724 737 porcis
2747 681 3136 737 exposuerunt.

1986 841 2045 897 In
2082 842 2337 899 thnice
2384 854 2646 915 ιιι-πίεται
2690 846 2888 918 Cyrillo
2921 849 3147 905 diacono
3177 851 3477 923 Heliopoli-

1917 941 2044 987 tano
2073 933 2377 999 interfecto,
2410 935 2553 989 illius
2578 936 2733 1005 jecur
2764 938 3134 1009 degustarunt,
3154 945 3296 1011 quod
3314 944 3485 999 beatae

1916 1025 2191 1079 memoriae
2230 1024 2588 1080 Constantino
2635 1026 2939 1097 imperante
2981 1046 3168 1085 eorum
3202 1033 3485 1089 evertisset

1917 1114 2075 1170 idola.
2130 1115 2233 1169 Sed
2261 1130 2369 1185 quo
2400 1124 2556 1185 pacto
2591 1116 2638 1171 is
2671 1118 2763 1186 qui
2814 1119 3099 1174 diaconum
3129 1122 3481 1189 dissecuerat,

1918 1216 1974 1261 et
2022 1208 2179 1277 jecur
2209 1208 2550 1279 degustarat,
2580 1209 2745 1265 vitam
2778 1210 3004 1279 ﬁnierit,
3038 1229 3221 1284 opera:
3246 1217 3483 1287 pretium

1916 1307 2002 1353 est
2030 1314 2239 1369 expone
2252 1315 2330 1354 re.
2360 1299 2620 1370 Linguam
2650 1311 3049 1371 putrescentem
3078 1308 3257 1361 amisit
3289 1326 3301 1361 :
3348 1310 3483 1362 den-

1916 1398 1998 1445 tes
2044 1390 2350 1445 confractos
2376 1392 2593 1461 exspuit
2622 1410 2635 1447 :
2672 1395 2871 1461 oculis,
2902 1406 3024 1465 post
3068 1397 3310 1468 ingentes
3346 1412 3482 1452 ‘cru-

1915 1481 2124 1545 ciatus,
2167 1492 2357 1551 captus
2388 1491 2507 1537 est:
2541 1492 2655 1538 toto
2686 1499 2913 1555 corpore
2950 1486 3184 1557 denique
3213 1488 3481 1545 dirissime

1918 1580 2090 1627 tortus
2116 1573 2286 1628 vitam
2323 1572 2490 1627 exuit.

1985 1766 2194 1823 Emesa:
2216 1776 2397 1823 autem
2420 1783 2668 1839 magnam
2694 1768 2975 1824 ecclesiam
3001 1769 3256 1841 ingressi,
3282 1770 3481 1827 Bacchi

1907 1858 2109 1915 idolum
2135 1859 2189 1913 in
2216 1874 2280 1914 ea
2304 1867 2612 1914 erexerunt.

1978 1950 2235 2005 Similiter
2258 1966 2472 2021 quoque
2499 1950 2812 2020 Epiphaniae
2840 1949 3005 2022 Syria:
3029 1951 3246 2008 civitate
3273 1952 3479 2008 idolum

1906 2053 2028 2094 cum
2057 2038 2204 2092 tibiis
2232 2047 2287 2093 et
2317 2039 2583 2110 tympanis
2615 2039 2668 2092 in
2702 2039 2985 2093 ecclesiam
3015 2040 3315 2097 intulerunt
3345 2060 3477 2113 gen—

1907 2129 2046 2185 tiles.
2072 2128 2269 2184 Beatus
2294 2145 2454 2199 porro
2479 2129 2795 2185 Eustathius
2829 2131 3075 2200 ejusdem
3098 2133 3337 2187 ecclesiae
3360 2135 3480 2203 epi-

1906 2238 2123 2293 scopus,
2150 2222 2230 2277 vir
2255 2222 2376 2293 pius
2404 2232 2460 2278 et
2487 2224 2784 2295 religiosus,
2816 2224 3013 2279 auditis
3042 2225 3208 2290 tibiis,
3238 2226 3477 2281 interro-

1906 2315 2051 2387 gavit
2076 2314 2168 2369 ubi
2199 2315 2313 2370 haec
2340 2324 2648 2387 agerentur,
2677 2316 3058 2387 intellectoque
3087 2317 3138 2371 id
3169 2317 3223 2370 in
3252 2319 3477 2374 ecclesia

1906 2406 2047 2472 ﬁeri,
2070 2406 2193 2461 fidei
2220 2406 2334 2461 zelo
2360 2421 2671 2472 succensus,
2698 2407 2856 2461 simul
2882 2423 2945 2462 ac
2969 2408 3071 2464 ista
3096 2408 3281 2472 audiit,
3307 2409 3477 2464 Deum

1906 2506 2158 2568 precatus
2183 2512 2253 2551 ne
2278 2496 2405 2553 talia
2430 2497 2602 2553 oculis
2626 2506 2871 2568 spectare
2894 2508 3197 2570 cogeretur,
3224 2500 3477 2571 spiritum

1907 2588 2095 2644 edidit.

1979 2771 2113 2828 Cum
2136 2777 2398 2842 praeterea
2414 2767 2936 2839 Constantinopolim
2954 2768 3191 2824 venisset
3207 2769 3474 2833 Julianus,

1907 2880 1971 2919 ac
2002 2862 2274 2918 Eudoxius
2308 2870 2419 2915 tum
2453 2868 2597 2915 esset
2631 2860 2780 2915 urbis
2812 2860 3116 2929 episcopus,
3152 2861 3312 2914 variis
3343 2863 3477 2915 arti-

1908 2957 2010 3011 bus
2046 2955 2307 3009 adversus
2343 2952 2637 3007 Ecclesiam
2676 2951 2895 3006 structis
2934 2950 3166 3018 insidiis,
3200 2952 3476 3007 confusio-
3554 2968 3561 2975 '

1908 3061 2034 3100 nem
2066 3045 2122 3098 in
2149 3058 2269 3097 eam
2298 3041 2587 3097 immittere
2614 3042 2823 3112 sategit,
2849 3042 3171 3111 pracipiens
3201 3051 3258 3097 ut
3286 3057 3478 3097 omnes

235 3144 352 3197 γεν,
399 3129 687 3200 βουληθεὶς
750 3131 993 3196 ἅπαντας
1048 3134 1176 3197 τοὺς
1238 3134 1663 3205 καθαιρεθέντας
1703 3139 1809 3208 πρὸ

1911 3134 2000 3204 qui
2035 3133 2264 3187 antehac
2295 3140 2517 3201 propter
2544 3130 2805 3185 absurdas
2832 3130 3007 3185 varias
3038 3131 3320 3200 Opiniones
3354 3132 3476 3187 fue-

234 3218 428 3272 τούτου
456 3221 550 3273 ἐπὶ
571 3220 847 3294 διαφόροις
863 3223 1082 3286 ἀτόποις
1099 3224 1436 3290 κακοδοξίαις
1457 3228 1738 3295 ἐπαφεῖναι
1760 3228 1803 3260 ⁵³

1912 3232 2034 3278 rant
2056 3221 2407 3285 exauctorati,
2435 3219 2694 3275 Ecclesiis
2719 3220 3150 3286 restituerentur,
3177 3230 3385 3290 captata
3411 3237 3476 3276 ex

235 3311 358 3372 ταῖς
402 3310 773 3381 Ἐκκλησίαις,
812 3315 1110 3385 προφάσεις
1145 3318 1209 3369 ἐκ
1246 3316 1357 3368 τῶν
1412 3319 1720 3388 γενομένων
1758 3320 1804 3351 ⁸⁸

235 3402 496 3473 ταραχῶν
550 3403 782 3457 ἐπινοῶν
830 3405 969 3460 κατὰ
1008 3406 1115 3458 τῶν
1161 3407 1496 3477 Ἐκκλησιῶν
1523 3408 1618 3461 τοῦ
1648 3408 1805 3464 Θεοῦ.

306 3492 499 3556 Οὕτως
528 3490 621 3547 οὗν
651 3498 743 3549 καὶ
795 3496 1052 3561 Μελέτιος
1088 3496 1200 3569 (45)
1239 3500 1267 3551 ό
1300 3500 1392 3551 ἐπὶ
1439 3499 1664 3571 ἀσεϐείᾳ
1714 3502 1809 3555 καὶ¹

237 3582 448 3656 ἐτέροις
470 3589 662 3649 κακοῖς
688 3586 1065 3659 καθῃρημένος
1084 3589 1391 3641 ἐπανελθὼν
1416 3590 1473 3641 ἐν
1513 3590 1809 3661 Ἀντιοχείᾳ

237 3669 337 3741 τὴν
360 3672 601 3725 παλαιὰν
633 3673 882 3745 ἥρπασεν
913 3676 1204 3747 ἐκκλησίαν
1235 3676 1368 3748 (44),
1402 3678 1809 3750 συνδραμόντων

1910 3313 2178 3386 ejusmodi
2223 3310 2466 3367 conﬂatis
2507 3309 3013 3365 conturbationibus
3050 3311 3334 3367 divexandi
3380 3313 3477 3369 Dei

1906 3404 2175 3463 Ecclesias
2205 3402 2507 3459 occasione.

1977 3498 2052 3554 lta
2083 3512 2212 3568 ergo
2248 3494 2522 3560 Meletius,
2553 3493 2644 3564 qui
2678 3492 2748 3548 ob
2782 3492 3115 3562 impietatem
3148 3503 3202 3548 et
3233 3493 3334 3548 alia
3368 3493 3479 3548 cri-

1904 3592 2051 3646 mina
2092 3587 2368 3658 depositus
2404 3585 2601 3648 fuerat,
2640 3583 2983 3638 Antiochiam
3023 3599 3291 3649 reversus,
3333 3586 3480 3639 anti-

1905 3699 2067 3755 quam
2106 3679 2388 3737 ecclesiam
2428 3693 2526 3750 per
2561 3677 2669 3733 vim
2708 3678 3023 3748 occupavit,
3072 3679 3139 3733 ad
3182 3694 3305 3733 eum
3344 3694 3479 3732 con-

1546 3822 1865 3880 DUCANGII
1904 3823 2135 3880 NOTAE.

400 3930 421 4010 )
460 3931 568 4010 ’ἓν
591 3932 969 4010 δέ-ΓάζῃηΕτ
997 3935 1467 4010 'l_‘heodprito,_l_ib.
1493 3955 1576 4004 ιιι,
1604 3955 1723 4010 cap.
1748 3940 1803 3996 7.

328 4001 419 4079 36)
463 4003 782 4079 litigator.
808 4001 972 4061 "Idem
1009 4001 1577 4079 Theodorit.'Nicepb.
1614 4001 1707 4065 lib.
1741 4027 1804 4074 τ,

236 4071 445 4142 «p.79,
481 4071 796 4142 Theophan.
837 4092 924 4129 an.
958 4093 997 4132 ι.

234 4141 420 4280 ψὲἶζῖ)
486 4142 583 4196 ἐν
604 4141 672 4195 δὲ
719 4144 955 4216 Ἐμέσῃ.
996 4146 1141 4202 idem
1188 4146 1503 4204 Theodorit.
1552 4158 1609 4205 et
1647 4148 1809 4204 Nice-

306 4278 423 4358 (58)_
455 4281 565 4358 Τοῦ
590 4284 901 4358 Διονύσου.
933 4285 1102 4358 Cogu.
1142 4285 1403 4355 γύννιδος,
1447 4298 1505 4344 ιιι
1545 4297 1630 4343 est
1666 4288 1807 4358 apud

1908 3956 1911 3957 '
1977 3940 2089 4008 (42)
2140 3940 2244 4005 Εἷς
2286 3938 2612 4007 σύγχυσιν.
2643 3934 2957 3991 Theodorit.
2994 3935 3111 4000 lib.;
3141 3949 3242 3998 ιιι,
3271 3948 3391 4004 cap.
3424 3934 3459 3988 5

1905 4009 2412 4084 τιλερριιξιιιοεηιι·
2454 4075 2498 4084 --
2637 4074 2652 4084 .
2836 4074 2851 4084 .

1981 4070 2093 4149 (43)
2126 4078 2431 4149 Μεζέτιος.
2454 4075 2609 4149 Hunc
2637 4074 2813 4149 locum
2836 4073 3017 4149 laudat
3041 4070 3482 4149 Henr.‘Valesius

1907 4149 1973 4204 ad
1988 4142 2095 4221 'lib.
2136 4164 2195 4201 ιιι
2226 4146 2559 4205 Theodoriti.
2589 4160 2708 4221 cap.
2741 4145 2793 4208 4,
2818 4145 2906 4221 ubi
2934 4144 3183 4221 observat
3214 4142 3328 4221 [nec
3355 4157 3479 4221 esse

1908 4219 2316 4288 optiuuenotag,
2341 4225 2400 4288 ut
2428 4230 2491 4288 ex
2519 4213 2686 4288 veteri
2712 4214 2942 4288 quodam
2987 4212 3246 4288 scriptore
3274 4212 3480 4264 descri-

1911 4282 2019 4358 pta,
2061 4286 2152 4355 qui
2196 4286 2409 4358 Meletio
2445 4284 2853 4358 haudquaquam
2889 4282 3128 4358 favebat,
3180 4295 3374 4349 eoque,
3421 4289 3482 4333 ut

236 4333 575 4427 mnarg,
591 4333 1807 4427 ξέῇ-ἀξιέρέγιῑςοῖῑιιςιῑάὶῇῐέέρῑιδτΐιῑυῖνξῑ
1836 4333 1884 4392 D
1911 4333 2152 4427 2.333s};
2179 4333 2419 4427 Ᾱθῑελῖιδῖε
2446 4333 2853 4427 arma;
2876 4333 3128 4427 regis.
3151 4333 3310 4427 Si,an
3338 4333 3480 4427 ,πῖπ-

235 4435 356 4489 cap.
393 4423 483 4475 19.
514 4420 649 4476 Vide
681 4420 845 4478 Henr;
878 4420 1149 4480 Valesiuni
1186 4426 1251 4481 ad
1278 4420 1589 4483 Theodorit.

305 4490 825 4566 (39LE1‘qudat0g-L
849 4494 1089 4549 Meminit
1130 4498 1487 4566 Nicephorus,
1525 4498 1618 4552 lib.
1660 4514 1754 4553 xw
1787 4537 1803 4559 .

236 4575 353 4637 cap.
390 4562 485 4637 5_7,
520 4561 744 4637 alterius
788 4564 1053 4618 Eustathii
1099 4561 1678 4637 Epiph'aniensisSyri,
1715 4569 1806 4637 qui

236 4631 549 4711 Chronicon
576 4631 644 4685 ab
664 4632 835 4687 IEnea
866 4651 1035 4705 usque
1063 4638 1129 4690 ad
1146 4631 1491 4691 'Anastasium
1520 4631 1808 4708 im'p.'co'n-

234 4711 471 4756 scrmsnt.

306 4716 568 4842 {ganglii-
604 4776 1231 4829 Κωνσταντινουπόλει
1267 4776 1492 4842 ἐπιϐάς.
1538 4777 1807 4832 Constan-

239 4838 521 4909 tinopolim
554 4850 669 4895 tum
703 4845 933 4911 primum
964 4846 1205 4899 introivit
1227 4838 1473 4902 Julianus
1506 4863 1561 4902 ιιι
1604 4848 1683 4901 id.
1709 4847 1812 4901 De-

237 4912 414 4965 t‘rmb.
448 4927 538 4965 an.
572 4928 775 4977 occur,
814 4924 873 4968 ut
908 4924 991 4969 est
1021 4916 1162 4977 apud
1197 4916 1442 4970 ldatium.
1479 4918 1608 4971 Vide
1637 4916 1811 4972 Pane-

239 4982 405 5053 gyric.
489 4980 790 5053 Mamertini
865 4993 999 5039 sect.
1045 4980 1099 5050 6,
1141 4988 1191 5050 7,
1238 4985 1385 5052 8,9;
1442 4987 1806 5053 Ammianum,

238 5051 331 5106 lib.
366 5067 495 5115 xxx;
528 5052 820 5120 Zosimum,
849 5055 941 5108 lib.
974 5071 1055 5115 ιιι.
1092 5064 1196 5110 etc.

311 5121 425 5245 (Hc)
454 5123 869 5189 Πολυτρόπως.
912 5124 1107 5179 Paulus
1146 5124 1387 5186 Orosius,
1418 5124 1512 5180 lib.
1550 5142 1646 5188 vn,
1689 5141 1809 5195 cap.

332 5210 346 5244 :
422 5192 741 5245 hristianam
785 5194 1087 5245 reliaionem
1129 5205 1241 5245 arte
1276 5196 1446 5245 notius
1473 5213 1632 5245 anum
1666 5205 1809 5245 note-

240 5190 346 5245 ῖ)οι
377 5190 741 5265 Christianam
785 5194 1087 5263 religionem
1129 5196 1446 5265 arte_potius
1473 5213 1632 5265 quam
1666 5190 1813 5263 pote-

242 5269 375 5335 state
398 5262 708 5335 insectatus.
727 5271 782 5315 ut
806 5262 1081 5335 negaretur
1100 5266 1224 5335 ﬁdes
1243 5263 1453 5330 Christi,
1478 5262 1524 5319 et
1552 5262 1813 5319 idolorum

245 5330 412 5383 cultus
438 5332 806 5405 susciperetur.
830 5330 1109 5405 honoribus
1134 5336 1301 5405 magis
1329 5350 1627 5403 provocare,
1653 5351 1813 5405 quam

248 5402 515 5476 tormentis
554 5417 733 5476 cogere
756 5405 974 5458 studuit.
1000 5404 1136 5461 Vide
1164 5402 1285 5476 qua:
1309 5420 1434 5461 mox
1462 5406 1517 5461 in
1542 5402 1812 5461 earn’sen-

249 5468 474 5526 tentiam
496 5468 826 5527 notavimus.

1893 5124 2051 5194 palis
2089 5123 2313 5194 ecclesia
2355 5136 2387 5175 a
2429 5130 2618 5194 sancto

1913 4418 2070 4482 ravit.
2098 4425 2365 4479 Caeterum
2385 4425 2451 4479 de
2472 4418 2685 4477 Meletio
2704 4421 3020 4476 consulendi
3043 4420 3098 4473 in
3131 4419 3316 4488 primis
3338 4418 3479 4488 idem

1914 4494 2421 4570 Theodoritus,_lib.
2455 4510 2514 4570 ιι,
2547 4507 2673 4570 cap.
2696 4493 2756 4570 ὅ]
2788 4508 2807 4570 ;_
2844 4492 2937 4570 lib.
2964 4506 3055 4570 _nr.
3077 4504 3205 4570 cap.
3240 4490 3309 4553 4;
3351 4487 3481 4570 Hie-

1914 4580 2168 4636 ronymus
2205 4565 2260 4617 in
2304 4564 2595 4621 Chronico.
2617 4560 2682 4615 et
2716 4561 3046 4631 Epiphanius
3076 4560 3129 4612 in
3162 4560 3353 4639 haeres.
3386 4560 3473 4622 75,

1915 4655 1972 4691 ιι.
2009 4637 2097 4691 59.
2128 4644 2182 4689 et
2211 4636 2403 4689 haeres.
2441 4633 2550 4691 68;
2582 4632 2965 4691 Theophanes,
3007 4645 3098 4682 an.
3132 4644 3185 4691 ι,
3216 4645 3269 4682 v1
3302 4628 3473 4682 'lheo-

1915 4655 1972 4691 ιι.
2009 4655 2097 4701 ου,
2128 4655 2182 4689 ει
2211 4655 2403 4689 nares.
2441 4655 2550 4697 00;
2592 4655 2965 4701 lllUUpllal|C§,
3007 4655 3098 4701 ait.
3134 4655 3185 4693 ι,
3221 4655 3269 4682 ιι
3312 4655 3481 4682 aucu-

1916 4699 2225 4768 dosii,'etc.,
2255 4704 2345 4758 ubi
2374 4704 2441 4758 de
2477 4702 2719 4771 ejusdem
2740 4699 2943 4755 Meletii
2979 4699 3288 4771 schismate.

1992 4765 2403 4847 (Mlﬂdxardr
2446 4765 2733 4847 ἥρπασαν
2771 4770 3150 4847 exanimatam.
3182 4766 3360 4847 Quam,
3384 4765 3481 4836 τὴν

1914 4838 2272 4914 ἀποστολικήν
2292 4854 2449 4898 vocat
2469 4838 2848 4914 Thgodoritus2
2864 4840 2959 4893 lib.
2982 4852 3187 4914 utcap.
3209 4838 3271 4891 51
3299 4838 3478 4914 sitam,

1914 4926 1976 4971 ut
2004 4917 2093 4969 ille
2119 4908 2323 4977 subdit,
2352 4914 2410 4965 ἐν
2435 4915 2501 4982 τῇ
2535 4911 2767 5034 Balari,
2800 4910 2852 4965 id
2884 4918 2969 4963 est
2996 4908 3169 4987 πόλει,
3195 4921 3335 4988 ,οιιιιι
3366 4908 3479 4959 An-

1916 4986 2116 5034 tiochia
2143 4999 2205 5034 ex
2234 4983 2435 5034 multis.
2463 4997 2573 5034 non
2605 4980 2720 5033 urbi
2762 4995 2849 5034 us.
2875 4978 2969 5033 sed
3008 4977 3313 5034 regionibus
3345 4991 3479 5029 con-

1916 4986 2116 5041 tiochia
2143 4999 2205 5038 ex
2234 4983 2435 5047 multis,
2463 4977 2573 5036 non
2605 4977 2849 5046 urbibus,
2875 4978 2969 5033 sed
3008 4977 3313 5047 regionibus
3345 4991 3481 5047 con-

1917 5064 2106 5126 staret,
2140 5055 2334 5126 illaque
2362 5044 2506 5106 esset
2534 5051 2775 5126 antiqua,
2800 5044 2853 5102 in
2865 5063 2989 5126 qua
3008 5044 3108 5101 sita
3133 5056 3247 5101 erat
3273 5044 3481 5126 episco-

2702 5128 2819 5173 etro
2860 5116 3103 5183 fundata,
3146 5132 3239 5171 seu
3280 5116 3335 5168 in
3374 5129 3481 5183 qua

1910 5185 1958 5249 is
1999 5190 2654 5270 tumprimum_se§erat,
2688 5188 2830 5270 unde
2858 5188 3148 5270 apostolica
3176 5185 3477 5270 dicebatur,

1909 5274 1971 5319 ut
1997 5264 2052 5317 in
2086 5254 2260 5318 Gl'oss.
2288 5260 2431 5315 med.
2462 5258 2675 5314 Grascit.
2710 5254 2968 5312 docemus
3009 5257 3065 5311 in
3097 5271 3228 5311 voce
3258 5254 3475 5324 Θρόνος.

1908 5335 2070 5404 Certe
2099 5330 2426 5404 Athanasius
2456 5328 2512 5382 in
2546 5328 2796 5404 synodica
2835 5327 2903 5382 ad
2931 5323 3312 5404 antiochenos'
3340 5323 3480 5404 hanc

1910 5402 2209 5458 Ecclesiam
2237 5399 2471 5454 παλαιὰν
2509 5391 2710 5471 pa'riter
2735 5406 2910 5455 vocat.
2947 5395 3083 5453 Vide
3115 5393 3382 5450 Valesium
3411 5391 3479 5447 ad

1908 5471 2317 5527 Theodoritum.

1995 5480 2177 5527 804.10"
2184 5480 2317 5525 tum.

1523 5585 1757 5643 VARIE
1795 5583 2209 5642 LECTIONES.

322 5698 827 5775 δ’ἀνςιπτύσσαντες
850 5706 959 5765 PV.

255 5771 313 5833 Ρ.
330 5773 507 5828 αὐτῶν
526 5791 582 5835 γ.
607 5772 674 5829 Β.

1040 5891 1128 5899 -..η-

1066 5708 1112 5743 ⁴⁸
1146 5708 1513 5781 Ἡλιοπολίτην
1543 5708 1607 5767 Ρ.
1680 5710 1725 5744 δ’
1748 5708 1840 5765 καὶ
1868 5724 1978 5767 om.
2001 5707 2063 5765 P.
2145 5707 2192 5744 ”
2216 5704 2497 5778 τριϐέντας
2521 5696 2595 5763 P.’
2656 5705 2698 5741 ⁸¹
2732 5704 3002 5777 ἐπαφῆναι
3026 5699 3132 5758 PV.
3207 5698 3252 5732 ¹¹
3279 5694 3391 5752 τῶν
3416 5709 3474 5765 γ.
