4090 6300
608 286 718 349 747

1795 288 2226 349 CHRONICON
2259 290 2665 350 PASCHALE.

3744 289 3855 348 748

606 393 897 464 quemdam
926 392 1124 448 adultae
1152 393 1325 449 aetatis
1349 394 1549 460 virum,
1578 396 1849 450 consulari
1883 397 2071 452 habitu
2102 398 2177 452 in-

2288 416 2411 453 τινα
2449 398 2658 452 τέλειον
2685 396 2856 468 ἄνδρα
2893 394 3241 468 ἐνδεδυμένον
3288 393 3495 449 ὑπάτου
3539 392 3717 464 σχῆμα
3738 384 3855 465 (61)

606 487 820 550 dutum,
848 500 1012 555 seque
1038 489 1453 542 convenientem
1484 490 1539 542 in
1566 489 1973 544 tabernaculum
1999 490 2066 544 ad
2092 507 2184 543 ur-

605 577 729 631 bem
759 575 1165 647 Ctesiphontem
1198 586 1309 631 tum
1340 577 1536 643 ﬁxum,
1570 581 1623 634 in
1658 580 1777 634 loco
1808 579 2006 634 Rhasia
2037 596 2180 634 nun-

605 675 823 737 cupato,
846 669 989 723 etab
1011 684 1077 723 eo
1102 670 1254 723 hasta
1277 669 1446 723 feriri.
1466 670 1509 724 E
1532 686 1723 726 somno
1743 688 1872 725 vero
1893 672 2180 731 excitatus.

605 761 889 815 clamavit:
911 762 1199 832 statimque
1218 771 1568 833 exsurgentes
1590 765 1898 820 cubicularii
1921 766 2179 830 eunuchi,

604 860 661 906 et
688 853 968 923 spatharii,
996 854 1195 923 quique
1225 854 1292 908 ad
1322 855 1663 924 imperatoris
1690 856 1985 911 tentorium
2014 874 2177 911 excu-

605 945 724 1000 bias
756 945 987 1015 agebant
1020 945 1249 1011 milites,
1283 961 1407 999 cum
1441 946 1781 1011 lampadibus
1816 947 2179 1017 imperatoriis

606 1037 834 1109 ingressi
868 1047 1013 1091 sunt.
1040 1037 1289 1093 Julianus
1315 1054 1445 1093 vero
1477 1055 1598 1093 cum
1628 1039 2094 1095 animadvertisset
2123 1055 2181 1094 se

602 1130 705 1183 sub
737 1129 892 1183 axilla
924 1130 1119 1185 vulnus
1151 1131 1445 1201 accepisse,
1481 1131 1892 1186 circumstantes
1926 1131 2131 1202 rogavit
2162 1150 2174 1184 :

608 1238 627 1269 ι
673 1219 828 1285 Quod
870 1236 1070 1276 nomen
1114 1231 1197 1276 est
1238 1222 1357 1277 loco
1397 1223 1487 1277 ubi
1531 1222 1694 1276 ﬁxum
1733 1232 1817 1276 est
1858 1222 2177 1276 tabernacuc

602 1314 745 1366 lum?
776 1334 794 1366 ι
830 1313 1078 1368 Rhasiam
1099 1328 1229 1369 vero
1254 1314 1510 1384 appellari
1537 1313 2010 1383 respondentibus,
2036 1313 2180 1367 illico

602 1405 921 1459 exclamavit
942 1406 1186 1461 Julianus
1216 1425 1225 1457 :
1259 1423 1277 1456 ι
1309 1405 1352 1458 Ο
1378 1404 1490 1469 Sol,
1516 1404 1795 1473 perdidisti
1824 1403 2119 1457 Julianum.
2154 1421 2172 1454 ι

602 1497 669 1549 Ει
690 1496 861 1551 ell'uso
879 1497 1159 1567 sanguine,
1178 1496 1413 1550 animam
1430 1495 1612 1550 emisit
1630 1495 1760 1549 hora
1778 1495 1952 1549 noctis
1967 1495 2174 1564 quinta,

600 1604 790 1642 mense
823 1587 1012 1651 Desio,
1046 1604 1111 1643 ex
1144 1604 1196 1641 a.
1228 1588 1282 1643 d.
1314 1605 1369 1641 v1
1404 1586 1630 1641 Kalend.
1660 1586 1849 1641 Julias.
1879 1585 2177 1641 Confestim

2285 493 2381 545 καὶ
2409 491 2720 545 εἰσελθόντα
2761 490 2898 559 πρὸς
2921 489 3083 543 αὑτὸν
3113 490 3195 552 είς
3230 488 3321 541 τὸν
3364 486 3713 550 παπυλεῶνα,
3752 503 3858 539 πει-

2283 584 2564 656 πηγμένον
2586 582 2814 653 πλησίον
2847 582 2947 653 τῆς
2968 582 3178 645 πόλεως
3201 579 3589 650 Κτησιφῶντος
3610 581 3666 632 ἐν
3693 578 3857 651 κώμῃ

2282 676 2546 748 λεγομένῃ
2597 676 2786 746 Ῥασία
2822 676 2869 707 ’9
2900 672 3299 745 (62),~xpo§cat
3344 672 3506 726 αὑτὸν
3530 671 3716 742 λόγχῃ.
3748 671 3860 723 Kal

2283 769 2622 835 ἐξυπνισθεὶς
2642 768 2893 841 ἔκραξεν,
2922 768 3014 822 καὶ
3035 767 3338 836 ἀνέστησαν
3359 766 3408 818 oi
3428 764 3858 834 κουόικουλάριοι

2284 860 2548 930 εὐνοῦχοι,
2587 860 2682 913 καὶ
2710 861 2759 913 oi
2791 859 3103 928 σπαΟάριοι,
3136 859 3231 912 καὶ
3267 856 3496 929 στρατὸς
3518 858 3545 909 ὁ
3576 856 3859 923 φυλάττων

2280 949 2373 1002 τὸν
2398 949 2747 1011 παπυλεῶνα,
2783 949 2877 1001 καὶ
2903 945 3150 1017 εἰσῆλθον
3174 947 3284 1017 (65)
3330 945 3467 1015 πρὸς
3504 945 3671 997 αὑτὸν
3720 944 3859 1014 μετά

2281 1040 2581 1111 λαμπάδων
2609 1039 2904 1109 βασιλικῶν
2935 1038 3047 1109 (61)
3072 1052 3088 1067 ⁸
3117 1038 3214 1090 καὶ
3234 1033 3627 1107 προσεσχηκὼς
3655 1035 3686 1087 ὁ
3726 1031 3860 1087 ἰου-

2281 1133 2460 1195 λιανὸς
2484 1131 2675 1185 ἑαυτὸν
2704 1130 2918 1202 σφαγὴν
2941 1130 3053 1200 (65)
3076 1129 3216 1182 κατὰ
3233 1128 3331 1199 τῆς
3361 1126 3644 1198 μασχάλης
3664 1124 3858 1196 ἔχοντα

2280 1219 2632 1291 ἐπηρώτησεν
2672 1221 2797 1283 τοὺς
2851 1217 3247 1289 παρεστῶτας·
3313 1235 3336 1269 ε
3388 1216 3513 1278 Πῶς
3550 1214 3769 1282 λέγεται
3825 1217 3857 1285 ή

2280 1311 2463 1381 κώμη,
2495 1314 2630 1364 ὅπου
2664 1310 2811 1363 ἐστὶν
2834 1311 2862 1363 ὀ
2892 1307 3189 1363 παπυλεών
3240 1325 3343 1378 μου
3394 1307 3789 1377 πεπηγμένος;
3833 1326 3852 1357 ι

2280 1404 2390 1455 Kal
2443 1397 2594 1455 εἷπον
2643 1401 2755 1473 (66)
2787 1400 2936 1471 αὐτῷ
2961 1418 2975 1432 ο
3015 1420 3034 1452 ι
3105 1400 3297 1455 Ῥασία
3347 1400 3414 1454 ⁸⁸.
3455 1418 3473 1450 ι
3510 1400 3620 1452 Καὶ
3649 1399 3858 1460 εὐθέως

2278 1493 2575 1564 ἀνέκραξεν
2597 1493 2641 1525 ’ί
2676 1492 2958 1556 Ἰουλιανός
2986 1509 2999 1521 ·
3031 1510 3050 1544 ι
3079 1488 3150 1546 Ὦ
3167 1492 3327 1545 Ἥλιε
3352 1492 3484 1562 (67),
3505 1490 3795 1554 ἀπώλεσας
3814 1491 3858 1521 ι·

2291 1585 2593 1639 Ἰουλιανόν.
2652 1603 2670 1635 ι
2724 1586 2835 1638 Kal
2878 1584 3129 1655 ἐκχυθεὶς
3187 1585 3477 1657 παρέδωκε
3525 1584 3626 1655 τὴν
3654 1583 3860 1654 ,ψυχὴν

604 1695 732 1734 vero
777 1680 1067 1743 exercitus,
1108 1680 1420 1749 priusquam
1463 1678 1518 1732 id
1559 1679 1745 1733 hostes
1785 1678 2070 1740 rescirent,
2111 1679 2177 1733 ad

2280 1676 2396 1748 ὥρᾳ
2447 1676 2557 1747 (68)
2592 1679 2882 1748 νυκτερινῇ
2931 1684 2972 1729 ε’
3006 1677 3137 1748 μηνὶ
3168 1676 3367 1745 Δαισίῳ
3406 1676 3452 1708 ⁸³
3484 1675 3593 1747 πρὸ
3643 1681 3697 1739 ς’
3747 1675 3861 1727 Κα-

601 1770 892 1823 tentorium
916 1768 1125 1824 Joviani
1143 1810 1157 1833 ,
1184 1768 1275 1838 qui
1300 1768 1513 1823 comitis
1537 1768 1954 1823 domesticorum
1982 1779 2035 1823 et
2058 1786 2175 1824 ma-

2280 1740 2482 1821 λανδῶν
2540 1740 2804 1822 ’Ἰουλίων
2850 1740 2962 1821 Kal
3006 1740 3211 1831 idem;
3257 1769 3287 1821 ὁ
3331 1740 3559 1837 ἐτρατδξ
3606 1765 3716 1836 πρὸ
3760 1764 3881 1825 τοῦ,

599 1859 749 1930 gistri
782 1859 1011 1913 militum
1037 1859 1353 1930 dignitatem
1382 1858 1595 1923 obibat,
1628 1858 2057 1923 contenderunt,
2090 1860 2173 1931 ip-

599 1967 828 2021 sumque
872 1949 1072 2006 Juliani
1122 1951 1311 2006 mortis
1357 1950 1602 2022 ignarum
1650 1952 1716 2007 ad
1765 1952 2171 2022 imperatorium

598 2042 889 2098 tentorium
928 2042 1301 2108 adduxerunt,
1335 2051 1591 2112 tanquam
1625 2059 1657 2099 a
1693 2044 1906 2098 Juliano
1939 2045 2174 2099 accersi-

599 2144 712 2188 tum
746 2152 759 2187 :
790 2148 1020 2203 cumque
1052 2133 1328 2204 ingressus
1356 2142 1502 2189 esset
1535 2135 1829 2195 tentorium
1852 2177 1866 2200 ,
1899 2136 2173 2205 extemplo

2277 1860 2477 1929 γνῶναι
2514 1861 2640 1923 τοὺς
2690 1859 2981 1928 πολεμίους
3032 1858 3250 1929 Πέρσας
3305 1858 3559 1929 ἀπῆλθαν
3587 1857 3634 1888 ⁸⁸
3669 1859 3732 1909 ἐν
3776 1856 3855 1925 τῷ

2276 1950 2591 2005 παπυλεῶνι
2623 1950 2878 2005 Ἰοσιανοῦ
2902 1950 3143 2021 κόμητος
3160 1951 3503 2021 δομεστίκων
3534 1948 3630 2003 καὶ
3658 1965 3860 2019 στρατ-

2274 2044 2473 2114 ηλάτου
2513 2044 2612 2114 τὴν
2654 2043 2811 2108 ἀξίαν
2851 2043 2964 2115 (69)
2994 2060 3009 2075 ⁸
3056 2045 3151 2099 καὶ
3193 2043 3514 2112 ἀγνοοῦντος
3552 2039 3724 2094 αὐτοῦ
3779 2039 3849 2094 τὰ

2274 2138 2372 2208 τῆς
2401 2137 2658 2208 τελευτῆς
2698 2136 3013 2200 Ἰουλιανοῦ,
3039 2139 3246 2208 ἤγαγον
3279 2136 3444 2193 αὐτὸν
3471 2138 3551 2200 είς
3571 2134 3662 2187 τὸν
3695 2133 3855 2204 βασι-

597 2237 876 2295 arreptum
912 2225 1292 2294 imperatorem
1327 2224 1751 2295 inaugurarunt,
1788 2241 1976 2280 mense
2012 2227 2170 2281 Desio

2280 2228 2420 2281 λικὸν
2446 2227 2807 2292 παπυλεῶνα,
2847 2227 2923 2292 ὡς
2945 2228 3038 2281 τοῦ
3065 2227 3328 2298 βασιλέως
3360 2225 3650 2280 Ἰουλιανοῦ
3687 2223 3859 2294 ζητή-

596 2331 661 2369 ex
696 2330 746 2368 a.
779 2314 835 2369 d.
868 2330 923 2369 v1
955 2313 1071 2367 Kal.
1102 2313 1301 2378 Julias,
1337 2315 1648 2384 priusquam
1683 2315 2027 2370 dilucularet.
2062 2316 2171 2371 Re-

599 2403 779 2472 liquus
808 2418 938 2457 vero
970 2403 1243 2457 exercitus
1274 2402 1363 2472 qui
1398 2404 1541 2457 circa
1574 2402 1983 2473 Ctesiphontem
2019 2412 2135 2459 erat
2156 2447 2172 2471 ,

599 2493 898 2563 proculque
930 2501 1105 2545 castra
1139 2502 1415 2561 posuerat,
1448 2502 1575 2547 ante
1609 2493 1737 2548 solis
1770 2504 1969 2555 ortum.
2006 2495 2072 2549 de
2106 2495 2174 2550 iis

598 2598 720 2650 qua:
750 2582 1058 2637 acciderant
1087 2582 1226 2636 nihil
1256 2583 1426 2639 novit.
1457 2583 1677 2639 Moritur
1706 2584 1868 2656 igitur
1895 2584 2169 2651 Julianus,

599 2690 773 2731 annos
802 2684 964 2729 natus
998 2691 1182 2729 XXXVI.

602 2767 877 2836 στήματος
944 2764 1256 2835 ἁπληκεῦον
1308 2766 1410 2819 οὐκ
1443 2771 1584 2836 ἔγνω
1642 2771 1711 2821 τὰ
1748 2766 2030 2838 συμϐάντα
2077 2768 2182 2833 ἓως
2210 2770 2472 2840 ἀνατολῇ..
2524 2771 2678 2842 ἡλίου
2731 2771 2800 2828 ⁸⁷.

599 2858 674 2912 ῶν
699 2859 834 2912 ἐτῶν
866 2859 953 2924 λς’
984 2859 1116 2928 (74).

672 2952 871 3009 Eadem
896 2963 1076 3019 nocte,
1102 2970 1198 3024 per
1220 2955 1487 3009 somnium
1512 2954 1648 3010 vidit
1672 2958 2044 3010 sanctissimus
2070 2954 2171 3010 Ba-
2194 2963 2241 3025 ο

601 3045 756 3100 silius
781 3046 1037 3100 Caesarea:
1064 3046 1352 3117 episcopus
1380 3046 1548 3102 caalos
1576 3054 1813 3117 apertos,
1839 3056 1893 3101 et
1923 3045 2169 3101 Salvato-

602 3154 717 3191 rem
749 3136 1026 3192 Christum
1061 3138 1116 3191 in
1150 3138 1346 3193 throno
1378 3138 1657 3194 sedentem
1678 3177 1693 3203 ,
1726 3153 2028 3211 magnoque
2061 3138 2172 3192 cla-

603 3245 755 3285 more
795 3229 1061 3285 dicentem
1109 3247 1123 3283 :
1170 3247 1187 3281 ι
1232 3229 1483 3297 Mercuri,
1524 3231 1631 3296 abi,
1675 3231 1862 3287 occide
1899 3231 2176 3287 Julianum

2271 2338 2465 2384 σαντος
2499 2320 2681 2374 αὐτόν.
2726 2321 2838 2373 Kal.
2866 2319 3029 2373 ὁπότε
3058 2319 3106 2352 ⁸³
3140 2318 3388 2389 εἰσῆλθεν
3422 2318 3503 2379 είς
3533 2317 3626 2368 τὶν
3666 2330 3856 2367 παπυο

2268 2410 2462 2476 λεῶνα,
2502 2410 2818 2481 συνέχοντες
2866 2409 2977 2482 (70)
3014 2409 3176 2464 αὐτὸν
3216 2408 3591 2480 ἀνηγόρευσαν
3625 2404 3856 2475 βασιλέα

2275 2504 2407 2573 μηνὶ
2431 2502 2509 2574 τῷ
2531 2502 2679 2574 αὐτῷ
2702 2502 2905 2573 Δαισίῳ
2924 2502 3029 2573 πρὸ
3051 2508 3104 2567 ς’
3128 2500 3425 2555 Καλανδῶν
3462 2498 3698 2553 Ἰουλίων
3741 2494 3856 2565 (71)

2280 2594 2389 2665 πρὸ
2422 2594 2515 2647 τοῦ
2546 2594 2838 2665 διαφαῦσαι
2871 2596 2917 2626 ⁸⁵
2958 2593 3093 2665 (72).
3122 2594 3195 2647 Τὸ
3221 2593 3280 2647 δέ
3316 2591 3523 2662 πλῆθος
3555 2589 3650 2644 τοῦ
3682 2606 3857 2661 στρα-

2277 2677 2374 2732 τοῦ
2400 2679 2462 2732 τὸ
2485 2678 2544 2733 ὃν
2569 2681 2649 2743 είς
2678 2679 2790 2749 (75)
2812 2680 3179 2749 Κτησιφῶντα
3214 2678 3311 2732 καὶ
3346 2678 3454 2732 ἀπὸ
3484 2674 3683 2729 πολλοῦ
3726 2676 3849 2728 δια-

2862 2771 3102 2842 Τελεντᾷ
3157 2765 3250 2825 οὖν
3289 2770 3318 2823 ὁ
3349 2770 3511 2833 αὐτὸς
3563 2765 3860 2827 Ἰουλιανὸς

2352 2954 2441 3007 Ἐν
2463 2953 2598 3023 αὐτῇ
2626 2951 2683 3005 δὲ
2709 2954 2776 3023 τῇ
2807 2951 2963 3005 νυκτὶ
2997 2951 3109 3022 (75)
3135 2945 3276 3004 εἶδεν
3297 2951 3354 3004 ἐν
3374 2950 3611 3023 ὁράματι
3636 2952 3665 3003 ὁ
3692 2953 3859 3007 ὁσιὼ·

2276 3064 2438 3110 τατος
2462 3046 2743 3108 Βασίλειος
2767 3045 3063 3109 ἐπίσκοπος
3094 3044 3435 3115 Καισαρείας
3462 3044 3507 3076 ⁸⁸
3532 3044 3661 3108 τοὺς
3687 3047 3857 3113 οὐρα-

2280 3140 2403 3202 νοὺς
2433 3136 2814 3209 ἀνεῳγμένους
2844 3136 3054 3191 καὶτὸν
3086 3137 3316 3209 Σωτῆρα
3348 3135 3581 3208 Χριστὸν
3606 3136 3701 3189 ἐπὶ
3726 3136 3844 3208 θρό-

2282 3246 2375 3282 νου
2407 3227 2722 3298 καθὴμενον
2758 3228 2852 3282 καὶ
2879 3227 3101 3282 είπόντα
3144 3229 3356 3298 κραυγῇ
3385 3240 3399 3254 '
3442 3244 3462 3279 ε
3511 3226 3854 3297 Μερκούριε,

1932 3402 2257 3459 DUCANGII
2283 3401 2515 3457 ΝΟΤᾹΞ.

607 3556 862 3627 Chronici
891 3557 1149 3612 editionis
1196 3573 1346 3627 spem
1380 3557 1535 3612 nobis
1566 3558 1769 3613 fecerat
1817 3560 1870 3613 in
1920 3558 2074 3614 Notis
2110 3558 2178 3613 ad

607 3625 785 3697 Nico].
814 3625 1092 3695 Uptonum
1118 3668 1134 3692 ,
1188 3625 1307 3697 pag.
1340 3629 1429 3680 75.
1467 3628 1621 3691 Quod
1650 3644 1780 3683 vero
1811 3629 1999 3683 Malala
2048 3643 2178 3682 nar-

609 3706 711 3769 rat,
738 3695 790 3749 id
812 3711 876 3769 se
898 3697 1141 3769 hausisse
1158 3695 1443 3769 proﬁtetur
1470 3712 1534 3750 ex
1562 3698 1832 3769 Chronico
1858 3698 2179 3769 Eutychiani

605 3763 967 3834 Cappadocis,
996 3769 1085 3835 qui
1117 3763 1230 3821 tum
1265 3767 1421 3820 miles
1455 3775 1509 3819 et
1550 3767 1781 3823 vicarius
1818 3763 2033 3823 numeri
2071 3769 2177 3822 mi-

606 3835 783 3890 litaris
834 3835 1132 3904 primorum
1190 3837 1432 3890 merebat
1487 3836 1541 3889 in
1590 3840 1781 3893 castris
1830 3838 2072 3893 Juliani:
2108 3854 2177 3893 ex

606 3921 715 3986 quo
744 3904 1046 3975 fragmento
1075 3906 1347 3961 variantes
1372 3905 1632 3962 lectiones
1654 3907 1743 3962 hic
1759 3907 1987 3963 subinde
2004 3909 2176 3964 ascri-

647 3990 837 4029 Slll’lllS.

607 3991 1080 4114 ι,εἱιὲΰίίῖντείτου
1106 4044 1334 4114 σχῆμα.
1369 4042 1579 4106 Malala,
1608 4044 1955 4115 ἐνδεδυμένον
1979 4046 2173 4111 ζάϐαν.

681 4114 792 4185 (62)
834 4114 1057 4181 Ῥαδίᾳ.
1120 4115 1193 4169 Ita
1239 4117 1342 4170 hoc
1370 4116 1489 4169 loco
1528 4116 1743 4185 praefert
1775 4114 1896 4171 eod.
1933 4118 2172 4172 Vaticani.

2287 3559 2443 3621 ἐτους
2467 3557 2615 3628 κατὰ)
2643 3556 3423 3628 Ἀντιόχειαν-χρηματίζοντος
3450 3556 3557 3612 υια¹

2356 3628 2465 3698 (69)
2489 3627 2713 3748 Ἀίξίιέκ
2746 3627 2908 3682 Addit
2936 3626 3139 3693 Malala,
3170 3627 3409 3697 ἔχοντος,
3434 3631 3527 3682 καὶ
3554 3629 3857 3699 ἀγνοοῦντα

2361 3715 2491 3748 ανον
2522 3714 2623 3748 αυτ
2655 3715 2703 3748 ν.

2361 3715 2491 3752 αγον
2522 3714 2682 3749 αυτον
2690 3738 2703 3751 .

2284 3697 2491 3769 ἧγαγον
2522 3697 2703 3751 αὐτόν.

2355 3768 2466 3836 (76)
2501 3766 2890 3836 Συνέχοντες.
2921 3766 3129 3836 Malala,
3163 3767 3473 3836 συσχόντες.

2356 3834 2466 3909 (71)
2508 3836 2628 3909 ιζρὸ
2664 3834 2715 3900 ς’
2741 3835 3071 3909 Καεὶανδῶν
3092 3834 3379 3909 Ἰουνῑίὲᾉητἒ
3408 3836 3485 3892 ita
3509 3838 3856 3903 Ammianus,

2282 3904 2379 3962 lib.
2412 3904 2479 3960 xv
2499 3922 2514 3971 ;
2537 3904 2807 3971 Socrates,
2835 3907 2931 3961 lib.
2952 3921 3032 3969 ιιι,
3057 3921 3177 3975 cap.
3210 3907 3307 3971 l8;
3341 3907 3653 3975 Eutropius,
3676 3910 3774 3963 lib.
3800 3926 3855 3973 ις

2280 3977 2502 4036 ldatius,
2534 3985 2590 4030 et
2614 3976 2702 4046 alii
2728 3992 2742 4027 :
2779 3991 3065 4046 perperam
3098 3990 3227 4032 vero
3258 3992 3331 4030 vx.
3359 3977 3478 4031 Kal.
3514 3976 3684 4034 Maias
3716 3979 3851 4034 Far-

2282 4062 2409 4101 raao
2435 4045 2815 4099 Alexandrina.

2376 4063 2409 4100 o
2435 4063 2815 4099 Alexandrina.

2344 4063 2464 4187 $72)
2501 4115 2863 4187 Διαφαῦσαι.
2906 4115 3128 4170 Editum
3174 4124 3291 4171 erat
3324 4114 3689 4186 διασαφῶσαι.
3743 4122 3857 4177 Sed

608 4181 751 4259 Infra
776 4181 1201 4259 'vernn'Paaal},
1238 4186 1330 4239 ubi
1383 4181 1667 4259 utrobique
1714 4185 1952 4259 Scaliger
1981 4199 2035 4242 et
2065 4188 2174 4241 Ra-
2208 4181 2251 4237 D
2279 4181 2400 4241 cum
2430 4181 2698 4259 interpres
2733 4185 3013 4259 vertisset,
3044 4187 3354 4259 priusquam
3383 4181 3700 4247 dilucularet
3721 4233 3737 4256 ,
3779 4194 3857 4247 ita

607 4256 771 4308 clerus
805 4254 992 4323 Ῥαδίᾳ
1030 4254 1339 4309 ediderunt.
1394 4255 1497 4308 Sed
1531 4257 1597 4309 ad
1629 4254 1928 4323 :lectione'm
1971 4259 2192 4313 codiciS'

606 4323 855 4396 Vaticani
893 4325 1128 4396 propius
1193 4325 1406 4396 accedit
1432 4325 1665 4396 Malala,:
1690 4327 1795 4396 Ἐν
1832 4328 1983 4380 πόλει
2022 4327 2173 4396 λεγο-

789 4393 962 4468 ίΔσίᾳ,
992 4393 1090 4468 καὶ
1117 4395 1422 4468 κρορσαντα
1452 4396 1614 4468 αὐτὸν
1640 4395 1848 4468 λόγχῃῂ
1883 4396 1978 4450 καὶ
2007 4393 2174 4467 πτοη-

610 4412 2171 4538 ίξῖξλιὧῗπῗὲἓόῗὲξέἕὲἔέἓῖἒῗξυὶἓζεῗὲρέκὲριιέῗιξρῗζῖἓῖ

682 4533 794 4601 (65)
834 4532 941 4586 Καὶ
968 4532 1278 4597 είθτῆλθον.
1304 4533 1510 4593 Malala,
1541 4534 1894 4601 εὶσελθόντος.
1919 4539 1930 4601 |

683 4600 794 4670 (64)
812 4603 992 4673 ίΜε-τὰ
1013 4602 1341 4673 λαμπάδων
1367 4600 1728 4667 βασιλικῶν.
1748 4604 1879 4658 Vide
1906 4600 2091 4659 notata
2109 4605 2177 4660 ad

611 4671 1113 4823 pafészie-lggizmr.
1150 4740 1354 4823 .Malala
1379 4780 1396 4806 ,
1432 4740 1710 4823 σφαγέντα
1746 4743 2033 4823 κατὰ-τῇς
2074 4762 2177 4815 μα-

613 4810 836 4883 σχόιλης.
861 4812 963 4883 ξεῖ
1000 4812 1092 4883 ilia
1144 4812 1533 4883 ictusninguine
1570 4821 1739 4874 tenus,
1782 4814 1925 4883 apud
1960 4810 2177 4870 Festum

614 4880 1246 4968 Bitiam.'yide'Socra‘tn.
1278 4880 1487 4968 ‘lih.'m,
1508 4896 1640 4968 ‘cap.
1676 4884 1764 4937 21.

612 4950 794 5071 λ,(66)
836 4952 946 5004 Καὶ
974 4947 1161 5005 εἶπεν.
1192 4951 1405 5015 Malala,
1437 4951 1531 5003 καὶ
1562 4947 1713 5005 εἷπον
1746 4952 1895 5024 αὑτῷ
1926 4952 2179 5009 ὃτιἈσία

645 5037 848 5071 εγεται.

645 5037 848 5074 εγεται.

673 5038 896 5159 {filiae
926 5090 1082 5156 ἥλιε.
1112 5090 1191 5145 lta
1213 5090 1375 5145 etiam
1407 5090 1662 5145 Zonaras.
1697 5091 1834 5146 Vide
1868 5092 2178 5150 Gotthofre-

614 5160 740 5213 dum
774 5160 857 5231 ad
878 5159 1200 5231 Philostorg.
1230 5161 1323 5215 lib.
1352 5176 1451 5231 vu,
1484 5176 1603 5230 cap.
1644 5162 1731 5215 l5.

685 5230 797 5298 (68)
837 5230 1002 5299 Ὥρα.
1060 5229 1278 5294 Malala,
1338 5230 1486 5300 ὤραν
1531 5229 1849 5303 νυκτερινὴν
1898 5231 2179 5302 πέμπτην,

2278 4271 2344 4310 ex
2375 4258 2494 4327 cod.
2518 4255 2786 4327 flaticano
2815 4255 3224 4327 emendavimus
3251 4274 3266 4311 :
3291 4271 3414 4327 cum
3443 4268 3705 4327 praterea
3724 4255 3858 4317 haec

2280 4341 2380 4379 vox
2416 4324 2553 4379 nihil
2586 4331 2771 4396 sonet,
2814 4334 2869 4379 et
2899 4324 3085 4396 Malala
3116 4326 3397 4396 scripserit
3421 4324 3568 4396 ,‘pro
3600 4332 3695 4384 τοῦ
3733 4333 3855 4385 δια-

2280 4396 2499 4469 φαύσεξι,
2534 4409 2632 4448 seu
2666 4394 2848 4463 potius
2894 4394 3206 4469 δωφαῦσαι,
3228 4394 3321 4469 ξεί
3349 4394 3495 4469 certe
3528 4398 3858 4469 6tacpoax06-

2282 4482 2369 4537 σαι
2389 4464 2489 4537 ,_de
2510 4478 2614 4532 qua
2638 4474 2911 4537 postrema
2935 4480 3070 4519 voce
3099 4465 3209 4537 agit
3224 4464 3577 4523 Casaubonus
3606 4464 3663 4524 in
3687 4472 3859 4527 Exer-

2280 4534 2373 4589 cit.
2403 4531 2621 4597 BarOn.,
2641 4531 2925 4603 paga67i5.
3012 4566 3017 4573 ›

2357 4604 2468 4673 (75)
2511 4601 2751 4673 Ὃνῌείςζ
2778 4601 2984 4673 Malala,
3020 4603 3133 4658 ἐπί.

2357 4669 2469 4742 (74⁷)
2500 4669 2697 4746 ξΕτῶν
2724 4674 2849 4746 λς’.
2888 4671 3093 4746 Malala,
3130 4673 3206 4746 ῶν
3236 4676 3497 4730 ἐνιαυτῶν
3524 4677 3627 4746 λγ’.
3682 4678 3858 4734 Natus

2284 4758 2448 4812 porro
2500 4741 2696 4811 legitur
2749 4741 2995 4812 Julianus
3043 4743 3075 4797 6
3131 4744 3392 4800 Novemb.
3448 4741 3581 4801 ann.
3643 4748 3855 4803 Christ.

2284 4811 2549 4873 cccxxx",
2578 4820 2755 4880 utiest
2784 4811 2838 4864 in
2877 4811 3039 4880 Sylvii
3075 4813 3309 4869 Polemei
3340 4815 3624 4873 Laterculo
3651 4835 3665 4870 :
3704 4836 3855 4873 mor—

2286 4889 2411 4934 tuus
2441 4895 2567 4935 vero
2594 4879 2664 4933 26
2684 4879 2828 4933 Junii
2861 4879 3005 4935 anno
3031 4898 3279 4939 cocum.
3327 4885 3561 4941 Proinde
3589 4890 3723 4943 vixit
3752 4904 3857 4941 an-

2285 4966 2386 5029 nos
2415 4967 2543 5029 xxx,
2579 4963 2932 5029 niensesnm,
2966 4951 3083 5007 dies
3112 4971 3204 5008 "xx.
3237 4953 3369 5010 Vide
3414 4954 3745 5029 Scaligerum
3786 4959 3857 5013 ad

2285 5021 2485 5073 Euseb.
2515 5029 2568 5072 et
2600 5017 2756 5088 Fam.
2784 5018 3008 5088 Byzartt.

2355 5088 2603 5164 (_75)_’E_r
2632 5086 2707 5155 τῇ
2736 5086 3117 5164 adfirmari.
3155 5094 3357 5149 Eadem
3394 5096 3556 5164 paulo
3592 5097 3750 5151 aliter
3790 5113 3857 5151 ac

2284 5158 2455 5235 fusius
2484 5158 2827 5235 habenturAi‘n
2856 5157 2977 5235 Vita
3006 5162 3283 5235 S._‘,Basilii,
3310 5157 3691 5235 Aniphilochio
3719 5168 3856 5223 falso

2283 5228 2517 5297 ascripta
2551 5242 2670 5298 pag.
2706 5227 2827 5293 181,
2863 5229 2996 5283 edit.
3035 5227 3282 5288 Combel‘.

1908 5416 2141 5473 VARl/E
2177 5415 2467 5472 LECTION
2475 5417 2578 5471 ES.

686 5482 988 5557 "_'Pa8‘ta
1134 5481 1290 5557 Ἀσία
1317 5482 1550 5557 Malalas,
1582 5502 1703 5557 pag.
1736 5488 1859 5543 552.
1891 5487 2089 5557 Yerum
2141 5496 2224 5540 est
2247 5488 2472 5557 Φρυγία.
2500 5487 2633 5557 Υἰᾷθ
2663 5487 2943 5557 Va-esrum
2993 5487 3059 5557 ad
3085 5485 3458 5557 Ammianum,
3516 5502 3640 5549 xxv,
3680 5486 3734 5557 5,
3774 5487 3853 5557 79.

614 5552 660 5625 σο
739 5550 1124 5625 Ῥ-σζσςςίας-ν,Δ
1198 5550 1599 5625 ⁸¹ῃάνέκραξεν
1654 5550 1854 5625 Εὐθέως
1911 5556 1972 5609 P-

616 5621 679 5675 P.
787 5621 835 5653 ⁸⁸
864 5623 949 5676 ὅτε
981 5622 1019 5677 Ρ
1048 5620 1181 5677 sola.
1248 5620 1312 5687 ν,
1339 5641 1392 5695 p.
1427 5620 1548 5692 “2,
1576 5627 1636 5679 D.

616 5706 842 5761 ponens.

2084 5556 2129 5588 “
2182 5555 2461 5619 ἀπώλεσες
2505 5555 2615 5611 PV.

1747 5628 1793 5658 ⁸⁸
1810 5623 2153 5696 ’διασαφῶσαι
2178 5623 2243 5679 Β.

3523 5557 3570 5587 ιι
3608 5556 3853 5623 ἀπῆλθον

2725 5558 2770 5589 ⁸³
2819 5555 2990 5625 Δεσίῳ
3039 5553 3124 5609 PV
3177 5572 3411 5625 semper.

3339 5666 3353 5681 .
3394 5626 3625 5681 alterum
3680 5627 3736 5679 in
3774 5640 3849 5680 ω.

2353 5628 2397 5659 ⁸⁷
2422 5626 2517 5680 τοῦ
2566 5625 2715 5698 ἡλίου
2748 5626 2807 5684 Ρ.
2918 5625 2964 5657 ⁸⁸
2996 5625 3227 5693 Σαρείας
