4090 6300
313 308 424 374 71.9

1502 316 1935 377 CHRONICON
1974 317 2377 379 PASCHAIL.

3450 320 3557 381 750

316 432 572 487 ἀπελθὼν
630 434 888 503 φόνευσω
962 434 1248 491 ’ἰουλιανδν
1295 438 1339 469 ⁸⁹
1390 439 1483 491 τὸν
1526 438 1750 508 βασιλέα
1796 441 1879 494 τὸν

1987 442 2403 512 imperatorem,
2437 440 2585 495 illum
2621 441 2831 495 hostem
2865 436 3319 493 Christianorum.
3360 453 3378 487 ι
3416 435 3555 490 San-

315 526 465 580 κατά
487 527 596 580 τῶν
623 527 988 598 Χριστιανῶν.
1019 548 1037 580 ι
1071 530 1128 582 Ὀ
1143 528 1201 583 δὲ
1221 530 1375 599 ἅγιος
1396 532 1736 603 Μερκούριος
1754 534 1885 605 (76),

318 616 496 681 ἑστὼς
524 617 835 690 ἔμπροσθεν
885 619 979 674 τοῦ
1020 621 1247 691 Κυρίου,
1280 623 1463 693 φορῶν
1486 623 1707 696 θώρακα
1743 626 1891 695 σιδη-

316 708 448 779 ροῦν
488 708 624 779 (77),
669 710 913 774 ἀκούσας
949 709 1048 780 τὴν
1102 712 1351 783 κέλευσιν
1384 714 1598 785 ἀφανὴς
1649 715 1886 783 ἐγένετο.

311 800 427 853 Καὶ
468 801 631 855 πάλιν
676 802 885 874 ηὑρέθη
938 802 1110 866 ἑστὼς
1146 803 1460 875 ἔμπροσθεν
1496 806 1592 859 τοῦ
1629 807 1817 878 θρόνου
1841 810 1889 841 ’⁸

309 889 408 941 τοῦ
450 891 681 961 Κυρίου,
733 892 828 945 καὶ
861 893 1092 964 ἔκραξεν
1134 912 1148 926 ο
1191 915 1209 947 ι
1274 896 1610 961 Ἰουλιανδςό
1637 898 1888 967 βασιλεὺς

311 980 549 1046 σφαγεὶς
605 982 897 1046 ἀπέθανεν,
929 982 1006 1046 ὡς
1053 985 1348 1050 ἐκέλευσας
1379 988 1446 1052 ",
1482 988 1675 1059 Κύριε.
1719 1009 1737 1043 ι
1778 992 1887 1045 Καὶ

308 1069 566 1140 θροηθεὶς
620 1074 684 1126 ὲκ
731 1073 831 1144 τῆς
885 1077 1135 1146 κραυγῆς
1188 1080 1217 1131 6
1274 1079 1572 1144 ἐπίσκοπος
1606 1082 1885 1145 Βασίλειος

306 1160 599 1235 διυπνίσθη
629 1166 1058 1237 τεταραγμένος.
1105 1169 1300 1240 Ἐτίμα
1332 1170 1390 1223 δὲ
1415 1174 1459 1202 ⁹¹
1487 1172 1648 1226 αὐτὸν
1679 1175 1706 1225 6
1729 1172 1881 1241 βασι-

306 1249 435 1313 λεὺς
469 1252 774 1319 Ἰουλιανὸς,
806 1255 882 1319 ὡς
925 1255 1208 1326 ἐλλόγιμον
1242 1260 1337 1311 καὶ
1374 1258 1451 1322 ὡς
1483 1262 1884 1332 συμπράκτορα

306 1342 500 1408 αὑτοῦ,
527 1346 619 1399 καὶ
651 1345 887 1417 ἔγραφεν
917 1349 1065 1419 αὐτῷ
1105 1351 1363 1420 συνεχῶς.
1400 1352 1510 1405 Καὶ
1541 1352 1819 1406 κατελθὼν
1854 1357 1883 1408 6

305 1436 614 1500 ἐπίσκοπος
645 1437 924 1503 Βασῦιειος
978 1442 1062 1503 εἰς
1118 1444 1218 1512 τὴν
1257 1442 1553 1512 ἐκκλησίαν
1598 1443 1687 1497 διὰ
1748 1444 1881 1498 τὰ⁹³

306 1527 527 1590 ὲωθινά,
553 1530 790 1595 καλέσας
824 1532 1002 1586 πάντα
1024 1534 1117 1588 τὸν
1149 1534 1349 1605 κλῆρον
1371 1534 1483 1606 (78)
1512 1531 1664 1589 εἶπεν
1698 1537 1880 1601 αὐτοῖς

303 1618 477 1689 299
524 1620 585 1673 τὸ
617 1621 713 1675 τοῦ
736 1622 1015 1694 ὁράματος
1065 1627 1367 1697 μυστήριον
1408 1629 1505 1681 καὶ
1547 1630 1629 1682 ὃτι
1662 1630 1878 1701 ἐσφάγη

315 1709 609 1775 Ἰουλιανὸς
634 1712 663 1764 6
690 1711 945 1782 βασιλεὺς
966 1716 1059 1768 καὶ
1080 1715 1308 1786 τελευτᾷ
1328 1718 1386 1771 ὲν
1414 1720 1480 1788 τῇ
1503 1719 1654 1771 νυκτὶ
1681 1718 1874 1791 ταύτῃο

302 1800 403 1852 καὶ
440 1801 645 1865 πάντες
678 1803 1023 1873 παρεκάλουν
1060 1804 1227 1859 αὑτὸν
1255 1805 1303 1837 ³⁸
1339 1806 1498 1875 σιγᾷν
1527 1805 1639 1877 (79)
1663 1806 1760 1859 καὶ
1804 1808 1879 1877 μὴ
1915 1798 1952 1853 Β

301 1892 487 1958 λέγειν
516 1911 567 1946 τι
596 1892 837 1948 τοιοῦτον
869 1895 1001 1965 (80).

375 1986 535 2039 Μετὰ
578 1986 633 2040 δὲ
669 1986 768 2058 τῆν
824 1987 1115 2058 βασιλείαν
1174 1991 1464 2047 Ἰουλιανοῦ
1510 1992 1642 2063 μηνὶ
1674 1993 1878 2064 Δαισίῳ

298 2077 662 2131 ἐϐασίλευσεν
686 2081 715 2132 6
746 2079 912 2145 αὐτὸς
949 2082 995 2113 ’⁸
1037 2082 1295 2148 ’1ο6ιανὸς
1324 2087 1500 2155 μῆνας
1526 2092 1600 2156 η’,
1627 2086 1879 2157 στεφθεὶς

298 2167 415 2220 ἀπὸ
446 2168 496 2201 ⁸⁸
543 2170 640 2225 τοῦ
687 2172 919 2241 στρατοῦ
948 2174 1028 2237 είς
1061 2173 1130 2229 τὰ
1158 2176 1404 2247 Περσικὰ
1443 2177 1605 2248 μέρη.
1642 2178 1794 2249 ’Δμα
1818 2179 1877 2232 δὲ

298 2256 677 2325 ἐϐασίλευσεν,
707 2263 1148 2334 ,προσεφώνησεν
1194 2265 1272 2337 τῷ
1304 2267 1468 2320 παντὶ
1520 2267 1739 2339 στρατῷ
1782 2269 1878 2321 καὶ

299 2349 418 2411 τοῖς
448 2348 568 2419 μετ’
593 2350 759 2404 αὑτοῦ
794 2352 1178 2423 συγκλητικοῖς
1197 2353 1285 2408 διὰ
1308 2356 1491 2427 φωνῆς
1509 2356 1673 2410 αὑτοῦ
1701 2356 1838 2421 ιδίας
1860 2375 1875 2391 ’

304 2461 325 2492 ‹
367 2442 430 2495 Ei
460 2442 645 2497 θέλετε
661 2443 707 2477 "
736 2443 849 2516 (8i)
878 2444 1185 2515 βασιλεύειν
1216 2464 1283 2518 με
1311 2447 1487 2518 ὑμῶν,
1540 2450 1626 2502 ἵνα
1673 2449 1877 2515 πάντες

299 2534 623 2604 Χριστιανοί
679 2535 870 2605 ἐσμεν.
928 2534 1036 2589 Καὶ
1082 2536 1402 2608 εὐφήμησεν
1455 2538 1618 2593 αὐτὸν
1657 2540 1803 2603 ἅπας
1848 2542 1878 2595 6

299 2627 541 2698 στρατὸς
570 2627 665 2681 καὶ
692 2628 725 2696 ή
751 2625 1055 2699 σύγκλητος
1080 2630 1174 2684 καὶ
1206 2630 1276 2684 τὰ
1301 2629 1556 2701 τάγματα
1582 2630 1688 2686 τῶν
1715 2649 1878 2703 στρα-

296 2720 609 2792 τευμάτων.
659 2721 769 2774 Καὶ
822 2721 1010 2775 λοιπὸν
1054 2722 1286 2790 ἐξελθὼν
1331 2726 1362 2778 6
1398 2723 1561 2788 αὐτὸς
1606 2724 1878 2788 -Ἰοσιανὸς

298 2814 419 2882 ᾶμα
450 2810 528 2881 τῷ
555 2810 743 2881 οίκείῳ
781 2810 997 2881 στρατῷ
1038 2813 1103 2865 ἐκ
1128 2812 1230 2882 τῆς
1270 2812 1480 2883 έρήμου
1524 2812 1627 2882 γῆς
1667 2814 1748 2875 είς
1778 2810 1877 2880 τὴν

300 2902 509 2972 εΰθαλῆ
539 2900 839 2973 Περσικὴν,
868 2902 1141 2974 ὲμερίμνα
1172 2902 1295 2966 πῶς
1323 2902 1516 2973 ἐξέλθῃ
1541 2905 1603 2955 ὲκ
1630 2901 1739 2954 τῶν
1766 2901 1876 2954 λοι-

298 2996 419 3048 πῶν
452 2996 739 3065 Περσικῶν
774 2995 979 3067 μερῶν.

380 3090 438 3143 '0
463 3089 521 3143 δὲ
549 3090 797 3161 βασιλεὺς
832 3090 1054 3162 Περσῶν
1085 3088 1531 3160 Λαὸουαρσάκιος
1563 3086 1675 3159 (82)
1708 3088 1873 3159 μήπω

1989 546 2109 588 ctus
2144 544 2325 589 autem
2362 533 2660 589 Mercurius
2694 542 2843 587 stans
2881 545 3062 585 coram
3101 530 3351 593 Domino,
3390 530 3554 583 lorica

1987 622 2163 677 ferrea
2208 623 2459 688 indutus,
2502 622 2687 677 audito
2730 620 3016 684 mandato,
3060 618 3302 673 evanuit.
3346 618 3557 672 Rursus

1987 714 2181 769 deinde
2209 715 2357 770 visus
2384 725 2470 769 est
2499 724 2675 770 astare
2707 728 2885 767 coram
2919 711 3168 776 Domino,
3200 711 3508 764 exclamans
3538 731 3555 763 ;

1992 822 2011 855 ι
2042 804 2289 860 Julianus
2314 807 2604 876 imperator
2626 804 2947 858 interfectus
2970 812 3215 857 mortuus
3239 811 3341 861 est,
3369 810 3428 855 ut
3454 800 3557 853 im-

1984 897 2207 963 perasti,
2248 896 2495 952 Domine.
2522 902 2559 964 ί»
2604 896 2848 949 Territus
2890 909 2955 948 eo
2994 893 3229 947 clamore
3272 890 3557 961 episcopus

1986 985 2213 1041 Basilius
2242 1003 2272 1042 e
2303 1002 2492 1042 somno
2525 988 2787 1043 excitatur
2818 1006 2832 1041 :
2864 987 3013 1040 illum
3044 984 3189 1039 enim
3222 983 3432 1038 colebat
3459 982 3554 1037 Ju-

1985 1077 2161 1132 lianus
2185 1078 2498 1147 imperator,
2525 1087 2585 1132 ut
2604 1079 2781 1133 virum
2805 1078 3098 1139 eruditum,
3126 1085 3181 1130 et
3205 1075 3552 1131 consiliorum

1984 1170 2226 1235 socium,
2273 1172 2624 1241 crebriusque
2668 1171 2737 1225 ad
2784 1170 2932 1223 illum
2978 1168 3235 1238 epistolas
3283 1168 3552 1222 mittebat.

1984 1262 2329 1317 Descendens
2352 1263 2549 1318 deinde
2575 1262 2715 1316 idem
2742 1260 2968 1315 Basilius
2992 1261 3278 1329 episcopus
3303 1259 3357 1311 in
3383 1259 3553 1313 aedem

1984 1365 2192 1405 sacram
2211 1351 2279 1406 ad
2294 1366 2486 1421 preces
2501 1352 2814 1416 matutinas,
2835 1351 3091 1405 universo
3105 1351 3369 1405 advocato
3385 1352 3551 1415 clero,

1982 1442 2205 1495 visionis
2237 1456 2494 1497 arcanum
2529 1442 2762 1512 aperuit,
2796 1452 2853 1497 et
2884 1442 3027 1511 quod
3061 1442 3376 1497 interfectus
3407 1451 3555 1497 esset

1980 1534 2225 1589 Julianus
2263 1533 2573 1603 imperator,
2618 1535 2824 1604 hacque
2862 1540 3022 1587 nocte
3062 1533 3305 1587 obiisset.
3347 1532 3389 1589 li
3424 1549 3554 1586 vero

1980 1624 2293 1694 episcopum
2336 1632 2622 1694 rogarunt,
2660 1634 2720 1679 ut
2762 1626 2877 1680 haec
2919 1624 3199 1687 reticeret,
3239 1623 3554 1693 neminique

1981 1716 2308 1769 enuntiaret.

2051 1981 2261 2036 Mortuo
2291 1983 2504 2037 Juliano
2535 1998 2723 2038 mense
2758 1982 2937 2045 Desio,
2973 1982 3257 2052 imperavit
3288 1981 3553 2037 Jovianus

1978 2087 2195 2129 menses
2236 2089 2354 2130 vm.
2393 2074 2695 2131 Coronatus
2736 2084 2918 2132 autem
2965 2084 3048 2132 cst
3095 2075 3163 2131 ab
3208 2074 3448 2131 exercitu
3494 2076 3549 2130 in

1979 2163 2262 2221 Persarum
2293 2167 2605 2239 regionibus
2632 2187 2648 2223 :
2675 2169 2768 2238 qui
2797 2168 2957 2223 simul
2986 2183 3049 2223 ac
3079 2168 3364 2237 imperium
3393 2184 3546 2223 acce-

1978 2258 2075 2327 pit,
2112 2258 2423 2313 universum
2456 2260 2773 2327 exercitum,
2806 2269 2863 2314 et
2893 2260 2984 2330 qui
3017 2276 3141 2316 cum
3176 2276 3241 2316 eo
3270 2271 3425 2315 erant
3459 2276 3546 2315 se-

1978 2360 2223 2414 natores,
2256 2362 2467 2406 suamet
2500 2352 2670 2423 ipsius
2697 2369 2829 2408 voce
2864 2353 2936 2407 ita
2971 2364 3055 2407 est
3087 2354 3353 2407 allocutus
3384 2373 3398 2407 :
3437 2372 3457 2404 ι
3494 2354 3548 2407 Si

1978 2440 2140 2494 vultis
2170 2451 2229 2495 ut
2258 2442 2412 2497 vobis
2440 2442 2731 2514 imperem,
2763 2445 2932 2498 simus
2959 2459 3150 2499 omnes
3178 2443 3490 2499 Christiani.
3526 2466 3543 2497 ι

1979 2529 2118 2584 Tum
2156 2547 2284 2587 vero
2326 2532 2519 2588 faustis
2557 2532 3038 2588 acclamationibus
3083 2534 3232 2588 illum
3276 2534 3548 2605 prosecuti

1978 2632 2105 2675 sunt
2132 2623 2417 2679 universus
2440 2625 2730 2689 exercitus,
2756 2635 2812 2679 ct
2831 2632 3075 2690 senatus,
3099 2639 3165 2679 ac
3188 2625 3385 2681 milites
3411 2642 3550 2695 pra:-

1981 2714 2196 2768 toriani.
2223 2714 2484 2771 Iovianus
2511 2733 2634 2773 cum
2661 2719 2775 2773 suis
2800 2720 2973 2790 copiis
2996 2734 3027 2773 e
3052 2717 3341 2772 solitudine
3368 2718 3424 2771 in
3450 2717 3551 2772 ﬂo-

1980 2816 2163 2861 rentes
2187 2806 2423 2877 Persidis
2446 2825 2603 2881 agros
2625 2826 2896 2882 egressus,
2922 2810 3113 2865 anxius
3138 2818 3255 2863 erat
3279 2810 3552 2879 quomodo

1978 2912 2043 2951 ex
2072 2899 2295 2969 reliquis
2321 2900 2552 2957 Persicis
2581 2903 2891 2973 regionibus
2920 2918 3038 2957 sese
3067 2902 3415 2956 subduceret.

2050 3080 2166 3134 Rex
2199 3094 2329 3134 vero
2376 3078 2660 3135 Persarum
2702 3079 3128 3143 Labuarsacius,
3170 3081 3413 3135 nondum
3458 3094 3550 3133 ac-

302 3181 492 3250 μαθὼν
513 3147 614 3253 τῆν
633 3182 727 3236 τοῦ
753 3147 1013 3253 βασιλέως
1034 3147 1322 3235 Ἰουλιανοέ
1342 3147 1618 3251 τελευτήν,

1978 3179 2130 3241 cepta
2202 3170 2407 3225 Juliani
2459 3172 2799 3242 imperatoris
2860 3182 3072 3237 morte,
3134 3172 3277 3226 haud
3338 3172 3551 3226 modico

300 3274 482 3346 πολλῷ
513 3275 897 3346 κατεχόμενος,
925 3275 992 3327 ὲκ
1044 3274 1147 3344 τῆς
1200 3272 1477 3344 Περσικῆς
1493 3272 1538 3304 ⁸⁸
1582 3269 1875 3342 Ἀρμενίας

300 3366 487 3437 χώρας
520 3364 861 3437 πρεσϐευτήν
892 3365 1002 3435 (85)
1053 3362 1361 3434 ὲξέπεμψέν
1404 3380 1526 3416 τινα
1567 3350 1678 3416 τῶν
1724 3379 1875 3433 μεγι-

298 3461 511 3514 στάνων
539 3458 705 3512 αὑτοῦ
738 3459 962 3529 ὀνόματι
988 3458 1253 3530 Σουρέναν
1283 3455 1395 3526 (86)
1430 3454 1568 3527 πρὸς
1601 3454 1693 3508 τὸν
1724 3453 1877 3524 βασι-

298 3550 393 3604 λέα
426 3550 715 3622 Ῥωμαίων
760 3551 891 3621 περὶ
932 3551 1154 3620 εἰρήνης
1196 3548 1363 3602 αἰτῶν
1382 3548 1428 3579 ⁹⁹
1462 3547 1557 3601 καὶ
1604 3547 1876 3618 δεόμενος.

300 3640 526 3693 ’Ὀντινα
555 3639 846 3709 δεξάμενος
872 3640 1122 3710 ἀσμένως
1152 3639 1404 3702 Ἰοόιανὸς
1430 3639 1459 3691 6
1491 3638 1743 3709 βασιλεὺς
1777 3638 1876 3691 έπ-

300 3734 519 3787 ένευσεν
551 3733 801 3804 δέχεσθαι
847 3733 947 3805 τὴν
998 3733 1292 3804 πρεσϐείαν
1320 3732 1418 3804 τῆς
1448 3732 1694 3804 εἰρήνης,
1727 3732 1878 3803 εἰρη-

300 3826 411 3889 κὼς
439 3828 537 3878 καὶ
565 3826 727 3889 αὐτὸς
749 3825 988 3895 πέμπειν
1012 3824 1346 3896 πρεσϐευτὴν
1375 3824 1512 3895 πρὸς
1538 3824 1630 3877 τὸν
1650 3822 1877 3893 βασιλέα

300 3914 546 3985 Περσῶν.
566 3915 827 3980 Ἀκούσας
872 3915 929 3968 δὲ
980 3915 1139 3968 τοῦτο
1195 3915 1494 3985 Σουρένας¹
1539 3915 1877 3986 πρεσϐευτής

301 4006 546 4077 Περσῶν,
566 4007 735 4077 ᾔτησε
755 4006 846 4060 τὸν
873 4006 1096 4078 βασιλέα
1118 4006 1371 4060 Ἰοὸιανὸν
1396 4006 1642 4059 τυπῶσαι
1664 4006 1868 4068 ευθέως

298 4097 389 4149 καὶ
415 4096 757 4168 παραχρῆμα
783 4098 1005 4169 είρήνης
1032 4098 1231 4152 πάκτα.

1978 3277 2179 3332 pavore
2208 3264 2524 3332 perculsus,
2570 3279 2637 3317 ex
2677 3264 2950 3317 Armenia;
2982 3262 3213 3317 Persicae
3251 3262 3551 3331 provinciis

1979 3356 2226 3410 instituta
2272 3356 2339 3410 ad
2386 3357 2756 3410 Romanorum
2806 3356 3188 3425 imperatorem
3245 3356 3547 3427 legatione,

1974 3448 2262 3519 quemdam
2290 3464 2355 3503 ex
2392 3448 2738 3519 proceribus,
2765 3448 3030 3504 Surenam
3074 3448 3328 3511 nomine,
3360 3448 3547 3515 misit,

1975 3541 2066 3611 qni
2106 3542 2175 3595 de
2211 3526 2346 3610 pace
2385 3549 2604 3613 ageret,
2651 3555 2880 3611 eamque
2930 3549 3228 3610 expeteret.
3273 3539 3393 3606 Quo
3424 3555 3550 3610 gra-

1974 3644 2154 3689 tanter
2181 3644 2408 3704 excepto
2432 3675 2446 3697 ,
2490 3633 2686 3688 oblatae
2719 3633 2786 3688 de
2827 3633 3064 3687 ineunda
3109 3648 3241 3703 pace
3288 3632 3545 3704 legationi

1972 3728 2165 3783 annuit
2191 3728 2451 3784 Jovianus
2489 3730 2804 3799 imperator,
2855 3728 3206 3798 vicissimque
3251 3728 3546 3782 missurum

1973 3837 2033 3876 se
2056 3821 2190 3876 dixit
2215 3822 2447 3893 legatum
2476 3821 2542 3875 ad
2575 3820 2862 3875 Persarum
2895 3835 3099 3890 regem.
3148 3818 3359 3885 Quibus
3389 3818 3547 3872 audi-

1975 3916 2072 3979 tis,
2122 3914 2362 3969 Surenas
2414 3914 2703 3968 Persarum
2748 3915 2955 3985 legatus
3006 3914 3215 3984 rogavit
3258 3902 3544 3968 Iovianum

1977 4008 2391 4076 imperatorem,
2446 4008 2522 4061 uti
2571 4008 2719 4077 pacis
2770 4009 3112 4064 conditiones
3143 4009 3546 4078 quamprimum

1974 4100 2282 4153 ederentur.

1638 4271 1965 4327 DUCANGII
2007 4273 2236 4329 NOTAE.

368 4428 479 4504 _(_76)
518 4429 716 4497 Ἄγιος
758 4431 1138 4499 Μερκούριος.
1170 4428 1305 4484 Vide
1347 4427 1505 4483 Fam.
1540 4428 1761 4498 Byzant.
1807 4429 1859 4482 in
1894 4431 1939 4486 D
1970 4438 2260 4504 utrumque
2303 4439 2480 4504 sonet.
2516 4431 2679 4504 Addit
2722 4432 3189 4504 Albupharajius:
3235 4433 3547 4487 Indicarunt

296 4497 836 4639 ιυὶξῧοξῖιδηροῦν.
869 4569 1058 4624 Malala
1086 4569 1272 4635 addit,
1301 4568 1696 4622 ἀποστίλϐοντα
1735 4570 1862 4633 καί,

297 4648 479 4774 aliis)
520 4706 634 4761 Τὸν
664 4708 915 4777 κλῆρον.
941 4708 1127 4762 Malala
1161 4709 1325 4775 addit,
1361 4708 1544 4762 αὐτοῦ.

388 4777 479 4849 79)
521 4776 781 4849 Σιωπᾷν.
815 4779 1025 4849 Malala,
1062 4780 1221 4849 σιγᾷν
1246 4780 1428 4833 αὐτόν.

387 4848 479 4917 80)
523 4848 823 4902 Τοιοῦτον.
866 4848 1062 4904 Subdit
1104 4847 1330 4902 Malala:
1368 4849 1428 4901 '0
1465 4848 1522 4902 δὲ
1553 4848 1864 4917 σοφώτατος

295 4915 598 4988 Εὑτρόπιος
623 4918 653 4969 6
691 4919 1064 4989 χρονογρὸκρος
1086 4917 1144 4970 εν
1168 4935 1299 4981 τισι,
1333 4917 1524 4989 τοῦτον
1540 4915 1860 4989 Ϋὼμοφώνη-

296 5000 385 5037 σεν
420 4989 479 5039 ὲν
510 4989 575 5057 τῇ
603 4988 914 5059 συγγραφῇ.
942 4990 1218 5043 Hactenus
1249 4988 1475 5043 Joannis
1505 4988 1708 5042 Malalze
1748 4988 1862 5043 fra-

295 5066 599 5125 gmentum.

308 5192 313 5193 ,
366 5126 477 5193 (81)
519 5129 591 5179 El
620 5125 845 5180 θέλετε.
893 5126 1021 5181 Haec
1073 5126 1286 5181 Joviani
1341 5127 1597 5181 allocutio
1640 5128 1787 5182 varie
1835 5144 1864 5181 a

297 5192 521 5251 Soerate
549 5204 606 5251 et
632 5194 935 5252 Sozomeno
963 5196 1218 5262 refertur,
1256 5198 1467 5252 tametsi
1498 5198 1688 5252 eadem
1727 5199 1868 5267 apud

1966 4500 2130 4567 igitur
2163 4501 2243 4553 illi
2286 4518 2341 4555 se
2371 4502 2491 4570 jam
2537 4500 3183 4567 Christianos—essm'licet
3228 4513 3370 4556 metu
3410 4504 3550 4572 Apo—

1967 4579 2122 4623 stata:
2152 4571 2453 4643 religionem
2473 4588 2626 4625 suam
2650 4574 3087 4629 dissimulassent.
3120 4574 3340 4628 Prolata
3368 4571 3489 4643 ergo
3524 4592 3551 4627 e

1968 4642 2346 4714 gazophylacio
2369 4659 2680 4714 cruce,_eam
2702 4645 2828 4714 ipsis
2857 4645 3102 4698 vexillum
3123 4646 3331 4699 statuit.

2042 4711 2153 4780 (82)
2194 4712 2705 4784 Λαϐουαρσάκιος.
2724 4711 2828 4769 εἰς
2858 4714 3118 4784 Saporem
3145 4724 3323 4778 vocat,
3343 4729 3545 4784 cogno-

1969 4790 2171 4854 mento
2202 4783 2481 4854 Arsacem.
2538 4783 2799 4854 Saporem
2856 4783 3019 4839 etiam
3072 4786 3177 4840 hoc
3222 4786 3343 4839 loco
3392 4783 3545 4837 Vocat

1970 4851 2279 4906 tihronicon
2310 4851 2657 4907 Hebraeorum
2690 4856 2894 4908 editum
2929 4872 2959 4909 a
2986 4855 3361 4910 Genebrardo.

2042 4921 2153 4992 (85)
2190 4925 2565 4989 Πρεσϐεὐων.
2596 4923 2790 4978 Festus
2819 4923 3028 4979 Rufus:
3053 4924 3219 4978 Tanta
3252 4926 3545 4978 reverentia

1967 4991 2192 5113 ἷῖοὲηαηί
2227 4993 2449 5046 nominis
2472 4994 2592 5063 fuit,
2608 5003 2665 5046 ut
2683 5011 2714 5046 a
2735 4994 2908 5048 Persis
2924 4996 3125 5064 primus
3151 5011 3321 5049 sermo
3341 4996 3405 5048 de
3421 5009 3545 5062 pace

1986 5078 2035 5113 ta
2075 5072 2268 5113 eretur.

1986 5072 2268 5115 iuberetur.

2043 5131 2171 5204 (84),
2196 5131 2519 5204 Σουρένᾳν.
2554 5132 2674 5204 Post
2725 5150 2894 5203 regem
2934 5137 3077 5202 apud
3116 5134 3306 5189 Persas
3340 5150 3541 5204 prome-

1973 5204 2091 5256 rita:
2119 5202 2416 5273 dignitatis,
2440 5202 2619 5271 inquit
2642 5202 2981 5270 Ammianus,
3014 5207 3109 5261 lib.
3145 5222 3295 5260 xnv.

1557 5397 1788 5454 VARUE
1825 5398 2225 5457 LECTIONES.

362 5557 409 5590 υ
438 5556 833 5629 τδνἹουλιανὺν
860 5557 921 5612 Ρ.
995 5559 1040 5590 ⁹⁰
1060 5558 1157 5629 τοῦ
1180 5558 1370 5629 θρόνου
1385 5573 1493 5629 om.
1513 5556 1574 5610 P.
1626 5558 1693 5629 1"
1723 5558 2006 5623 ὲκέλευσες
2024 5558 2083 5612 ν.
2163 5561 2207 5591 ⁹²
2226 5560 2424 5628 δέ.γᾶρ
2445 5560 2503 5614 Ρ.
2578 5563 2624 5595 ’³
2644 5564 2731 5617 τὰ.
2765 5580 2851 5618 om
2873 5565 2930 5621 P.
3007 5567 3052 5598 ’⁵
3072 5565 3279 5629 σιωπᾷν
3296 5561 3456 5629 αὐτὸν
3480 5559 3520 5613 Ρ

298 5628 341 5659 ’⁸
370 5628 582 5704 ὁα-ὐςρς
601 5629 815 5704 9m._P._
876 5618 1295 5704 ’_'_gta:p_63_lc'§s
1326 5628 1534 5704 ὰπὸ-Ρ.-
1597 5618 1639 5661 9’
1676 5629 1962 5704 el_Oé‘/.srs.
1988 5618 2207 5682 ⁷ἐθέλετε
2242 5618 2338 5684 Π.’
2384 5618 2429 5662 δ”
2466 5635 2739 5703 Περσικῆς
2768 5635 2869 5704 γῆς
3042 5638 3087 5668 θ’
3113 5621 3276 5688 ain-3v
3315 5618 3531 5685 llalalus

300 5713 415 5770 pag.
440 5698 569 5763 535,
594 5698 645 5753 6.
677 5698 855 5754 αὐτῶν
885 5697 996 5764 RV,
1034 5699 1201 5769 αὐτῆς
1231 5698 1287 5753 P.
1396 5699 1411 5731 ³
1438 5699 1697 5767 Σούρενος
1723 5698 1782 5755 Ρ.
