4090 6300
548 327 646 394 751

1734 323 2161 383 CHRONICON
2200 324 2599 385 PASCHALE.

3688 330 3800 394 752

615 441 875 496 Jovianus
908 438 1071 511 igitur
1097 440 1389 511 imperator
1420 440 1513 494 uni
1547 456 1578 494 e
1607 442 1953 495 senatoribus
1973 481 1986 503 ,
2026 442 2118 510 qui

2296 443 2404 513 καὶ
2432 443 2699 513 ἀφορίσας
2727 446 2753 495 ό
2773 444 2791 471 ¹
2822 442 3072 513 βασιλεὺς
3093 443 3351 506 ἰοδιανὸς
3379 443 3475 496 ἕνα
3508 443 3793 516 συγκλητι-

547 551 670 587 cum
702 550 767 587 eo
798 542 988 611 erant,
1046 533 1324 588 Arintbzeo
1370 534 1595 604 patricio
1650 534 1887 599 selecto,
1943 543 2119 589 totum

548 628 627 682 rei
669 627 942 698 negotium
972 626 1047 681 ita
1078 627 1383 691 mandavit,
1419 636 1480 681 ut
1506 628 1768 697 quidquid
1804 628 1892 683 ille
1923 629 2123 698 proba-

548 730 631 775 ret
653 735 775 774 cum
821 729 1013 773 senatu
1043 728 1097 774 et
1124 718 1415 775 Persarum
1446 720 1621 791 legato
1646 720 1714 775 de
1745 722 1894 791 pacis
1931 722 2120 776 condi-

548 817 786 871 tionibus
808 855 823 878 ,
858 832 916 871 se
938 815 1101 870 etiam
1128 816 1435 870 inconsulto
1456 856 1470 879 ,
1493 825 1789 882 statueret,
1815 818 2122 872 ratababe-

549 919 785 963 rentur:
835 909 1110 963 concessis
1166 908 1332 963 trium
1385 908 1596 963 dierum
1649 908 1928 975 induciis,
1980 910 2122 964 intra

546 1018 682 1072 quos
724 1001 792 1056 de
836 1016 969 1071 pace
1007 1001 1233 1056 consilia
1282 1002 1641 1073 agitarentur.
1679 1000 1757 1055 Ac
1782 1001 1873 1055 illa
1900 1001 2122 1069 quidem

548 1093 621 1148 ita
652 1093 895 1149 conlecta
936 1102 1019 1148 est
1049 1085 1561 1147 inter'Arintbaaum
1600 1092 1886 1162 patricium
1920 1092 2124 1147 Roma.

549 1195 678 1236 num
701 1220 715 1243 ,
742 1190 797 1236 et
822 1181 1086 1235 Surenam
1115 1178 1403 1234 Persarum
1438 1188 1747 1235 senatorem
1767 1218 1782 1242 ,
1807 1189 1869 1233 ut
1893 1179 2123 1233 Romani

548 1273 729 1329 Persis
752 1282 862 1329 tota
883 1272 1160 1344 provincia
1186 1272 1474 1336 cederent,
1508 1273 1730 1341 ipsaque
1753 1272 1887 1326 urbe
1910 1271 2121 1337 Nesibi,

549 1382 673 1421 cum
702 1367 831 1422 solis
855 1366 1057 1428 muris,
1086 1364 1230 1418 nuda
1261 1364 1332 1418 ab
1370 1364 1625 1419 omnibus
1654 1364 1885 1418 civibus.
1914 1362 2123 1429 Quibus

549 1459 630 1516 sic
682 1458 947 1523 ﬁrmatis,
1004 1458 1262 1528 pacisque
1323 1456 1494 1527 pactis
1549 1456 1603 1510 in
1649 1456 1861 1512 tabulas
1910 1457 2121 1523 relatis,

550 1566 735 1606 secum
766 1550 976 1620 accepit
1019 1550 1315 1619 imperator
1343 1548 1602 1603 Jovianus
1634 1564 1804 1602 unum
1832 1564 1863 1603 e
1892 1548 2125 1605 Persicis

550 1644 782 1713 satrapis
804 1685 819 1711 ,
849 1642 941 1712 qui
971 1657 1093 1697 cum
1122 1642 1299 1712 legato
1326 1650 1587 1703 venerat,
1616 1639 1836 1694 Iunium
1868 1641 2087 1696 nomine
2107 1684 2122 1707 ,

550 1735 642 1801 qui
676 1731 1008 1801 provinciam
1047 1730 1351 1800 acciperet,
1382 1738 1438 1785 et
1468 1730 1612 1784 illius
1642 1730 1989 1799 metropolim
2016 1729 2124 1784 Ne—

2223 534 2317 587 κδν
2365 534 2550 599 αὐτοῦ,
2577 535 2670 587 τὸν
2720 534 3006 603 πατρίκιον
3034 535 3146 603 (85)
3182 534 3507 605 ’Δρίνθαιον,
3553 534 3801 599 δεδωκὼς

2222 624 2373 694 αὐτῷ
2410 624 2473 676 τὸ
2504 625 2629 687 πᾶν,
2661 623 2987 693 συνθέμενος
3029 625 3290 694 ἐμμένειν
3318 628 3431 689 τοῖς
3465 626 3598 695 παρ’
3632 626 3803 679 αὑτοῦ

2221 713 2667 784 δοκιμαζομένοις
2698 714 2815 783 ἢτοι
2844 716 3205 784 τυπουμένοις
3240 716 3378 786 μετὰ
3424 717 3523 783 τῆς
3564 717 3805 786 συγκλή-

2220 820 2316 857 του
2364 806 2460 858 καὶ
2507 805 2601 859 τοῦ
2648 806 2981 878 πρεσϐευτοῦ
3032 808 3259 878 Περσῶν
3310 808 3531 878 ποιῆσαι
3581 810 3807 878 εἰρήνης

2223 896 2429 961 πάκτα,
2458 897 2535 961 ὡς
2573 899 2733 961 αὐτὸς
2760 897 3174 968 ἀσχολούμενος.
3209 899 3319 951 Καὶ
3348 900 3622 969 παρέσχεν
3661 900 3809 953 ἐνδο-

2224 1003 2310 1041 σιν
2336 988 2429 1041 τοῦ
2460 989 2697 1059 πολέμου
2721 990 2742 1021 ³
2772 993 2922 1061 τρεῖς
2964 991 3179 1061 ἡμέρας
3212 992 3272 1043 ἐν
3301 993 3365 1062 τῇ
3403 991 3531 1062 περὶ
3567 994 3668 1062 τῆς
3720 994 3804 1045 εἰ-

2226 1081 2394 1150 ρήνης
2444 1080 2629 1151 βουλῇ.
2656 1082 3077 1152 λΚαὶ-ἐτυπώθη
3120 1082 3324 1153 μεταξὺ
3370 1082 3465 1136 τοῦ
3512 1085 3809 1154 πατρικίου

2238 1172 2545 1243 ’Δρινθαίου
2586 1172 2679 1226 τοῦ
2714 1175 2989 1244 Ῥωμαίου
3030 1176 3124 1228 καὶ
3166 1174 3403 1245 Σουρένα
3437 1175 3809 1244 συγκλητικοῦ

2225 1265 2450 1335 Περσῶν
2471 1266 2653 1320 δοῦναι
2684 1267 2984 1338 Ῥωμαίους
3014 1268 3252 1339 Πέρσαις
3284 1269 3465 1321 πᾶσαν
3497 1268 3597 1339 τὴν
3630 1268 3813 1339 ἐπαρ-

2224 1359 2348 1429 χίαν
2375 1360 2471 1412 καὶ
2498 1360 2598 1429 τὴν
2629 1360 2929 1431 λεγομένην
2972 1360 3124 1413 πόλιν
3150 1359 3394 1423 Νισίόιος
3418 1361 3440 1391 ⁵
3463 1362 3678 1431 γυμνὴν
3709 1362 3813 1414 σὺν

2223 1449 2428 1519 τείχεσι
2450 1450 2545 1502 καὶ
2573 1449 2756 1518 μόνοις
2780 1448 2910 1502 ἄνευ
2933 1449 3144 1519 ἀνδρῶν
3167 1448 3275 1501 τῶν
3299 1447 3588 1501 οἰκούντων
3610 1448 3811 1517 αὑτήν.

2225 1541 2337 1593 Καὶ
2363 1539 2551 1593 τούτου
2586 1540 2968 1611 στηριχθέντος
3000 1540 3095 1594 καί⁵
3125 1542 3353 1613 εἰρήνης
3399 1541 3679 1611 ἐγγράφου
3711 1557 3812 1607 γε-

2227 1633 2479 1704 νομένης,
2516 1632 2708 1686 ἐλαϐεν
2735 1633 2853 1703 μεθ’
2876 1633 3067 1686 ἐαυτοῦ
3092 1634 3121 1685 ὁ
3152 1633 3405 1703 βασιλεὺς
3433 1634 3691 1697 Ἰοϐιανὸς
3711 1634 3814 1687 ἕνα

2227 1725 2336 1779 τῶν
2371 1725 2666 1796 σατραπῶν
2694 1725 2944 1797 Περσῶν,
2976 1725 3106 1779 ὄντα
3140 1726 3277 1795 μετὰ
3314 1724 3409 1778 τοῦ
3442 1724 3811 1796 πρεσϐευτοῦ.

548 1824 866 1878 sibeuorum
916 1822 1212 1876 civitatem.
1256 1822 1403 1876 Illam
1453 1831 1634 1876 tamen
1670 1822 1814 1876 haud
1846 1821 2121 1891 ingressus

2226 1818 2448 1889 ὀνόματι
2468 1818 2708 1884 Ἰούνιον,
2729 1821 2809 1883 εἰς
2836 1819 2897 1871 τὸ
2926 1818 3261 1889 παραλαϐεῖν
3289 1818 3387 1889 τὴν
3415 1818 3688 1888 ἐπαρχίαν
3710 1818 3814 1871 καὶ

549 1923 666 1976 est,
698 1914 792 1969 sed
834 1925 983 1968 extra
1013 1913 1213 1967 mmnia
1251 1913 1515 1967 constitit.
1549 1911 1741 1966 Junius
1767 1926 1897 1966 vero
1927 1909 2122 1965 Persa-

553 2021 668 2058 rum
694 2012 909 2073 satrapa
934 2003 1125 2057 urbem
1157 2001 1501 2072 imperatoris
1527 2002 1783 2055 mandato
1810 2000 2123 2070 ingressus,

552 2097 605 2151 in
638 2096 867 2150 turrium
904 2110 1011 2149 una
1038 2095 1293 2149 vexillum
1320 2094 1597 2149 Persicum
1622 2092 1737 2147 ﬁxit
1756 2135 1770 2159 ,
1798 2093 2126 2162 imperatore

550 2189 697 2242 eives
731 2203 922 2242 omnes
946 2188 1012 2242 ad
1047 2203 1216 2241 unum
1246 2202 1370 2241 cum
1396 2185 1553 2239 bonis
1576 2186 1829 2239 omnibus
1863 2185 2127 2240 excedere

547 2281 791 2350 iubente.
838 2279 1101 2349 Egressus
1135 2294 1266 2333 vero
1299 2278 1553 2332 Silvanus
1576 2319 1589 2340 ,
1623 2277 1883 2347 dignitate
1911 2291 2125 2342 comes,

551 2388 613 2427 ac
646 2373 795 2427 urbis
824 2372 1068 2441 ejusdem
1100 2370 1323 2425 decurio
1344 2411 1358 2433 ,
1387 2369 1617 2439 pedibus
1654 2368 1998 2436 imperatoris
2028 2368 2126 2423 ad-

551 2462 802 2525 volutus,
861 2463 1020 2516 enixe
1070 2476 1195 2515 cum
1246 2469 1502 2531 precatus
1550 2468 1667 2524 est,
1724 2474 1795 2513 ne
1850 2459 2128 2513 civitatem

551 2551 732 2607 Persis
762 2554 1005 2608 dederet.
1039 2552 1239 2607 Verum
1267 2566 1372 2606 nor
1410 2550 1680 2622 persuasit
1705 2549 2087 2620 imperatorem
2108 2591 2125 2615 ,

552 2644 643 2712 qui
673 2659 795 2698 cum
846 2650 1187 2698 sacramento
1238 2642 1520 2696 astrictum
1552 2656 1610 2695 se
1641 2641 1878 2704 diceret,
1908 2654 1972 2694 ac
2002 2655 2129 2709 per-

551 2735 678 2806 iurii
720 2752 918 2789 noxam
970 2736 1114 2790 nolle
1166 2751 1225 2791 se
1274 2735 1500 2789 omnino
1545 2735 1862 2797 incurrere,
1915 2730 2125 2797 vicum,

553 2829 645 2899 qui
694 2836 843 2883 extra
895 2843 1084 2882 muros
1132 2826 1341 2882 Amida:
1392 2826 1628 2881 civitatis
1674 2834 1831 2889 erat,
1892 2822 2125 2888 muniit,

553 2920 862 2990 moeniaque
906 2919 1009 2974 vici
1055 2934 1177 2973 cum
1219 2918 1492 2973 moenibus
1540 2916 1693 2971 urbis
1746 2914 1951 2970 Amida;
1992 2929 2128 2969 con-

553 3011 761 3083 iunxit,
802 3012 1046 3066 Nesibiui
1074 3011 1176 3065 vici
1206 3012 1431 3065 nomine
1455 3009 1658 3073 indito,
1689 3007 1906 3077 illicque
1936 3022 2129 3063 omnes

2224 1910 2322 1979 τὴν
2372 1910 2704 1980 μητρόπολιν
2755 1910 2943 1979 αὐτῆς.
2990 1909 3096 1962 Καὶ
3140 1909 3531 1978 καταφθάσας⁸
3575 1911 3605 1962 ὀ
3644 1909 3817 1973 αὐτὸς

2227 2002 2481 2073 βασιλεὺς
2504 2002 2759 2066 Ἰοϐιανὸς
2803 2002 2904 2071 τὴν
2955 2001 3228 2055 Νισιόέων
3278 2001 3433 2055 πόλιν
3481 2003 3582 2055 οὐκ
3627 2001 3819 2071 εἰσῆλο

2228 2095 2321 2149 θεν
2349 2095 2463 2166 (86)
2510 2096 2570 2149 ὲν
2619 2096 2781 2166 αὐτῇ,
2821 2094 2935 2148 ἀλλ’
2966 2093 3070 2159 ἔξω
3110 2095 3219 2147 τῶν
3257 2095 3453 2166 τειχῶν
3485 2094 3641 2165 ἔστη.
3674 2098 3722 2147 υ
3755 2095 3817 2148 δέ

2239 2186 2456 2250 Ἰούνιος
2485 2186 2597 2256 (87)
2628 2188 2657 2239 ό
2684 2186 2793 2239 τῶν
2842 2185 3066 2251 Περσῶν
3111 2186 3398 2257 σατράπης
3438 2185 3722 2239 ἐπελθὼν⁸
3757 2186 3819 2237 ἐν

2226 2280 2294 2348 τῇ
2344 2277 2497 2330 πόλει
2550 2278 2689 2331 κατὰ
2744 2277 2991 2331 κέλευσιν
3038 2277 3132 2330 τοῦ
3171 2276 3439 2347 βασιλέως
3469 2278 3547 2339 εἰς
3576 2275 3673 2329 ἕνα
3700 2276 3818 2329 τῶν

2229 2370 2459 2442 πύργων
2487 2370 2597 2439 (88)
2635 2373 2861 2441 σημεῖον
2896 2369 3166 2440 Περσικὸν
3216 2369 3475 2439 ἐπέθηκε,
3505 2368 3599 2422 τοῦ
3650 2368 3815 2438 βασι-

2227 2464 2365 2527 λέως
2413 2464 2704 2535 Ῥωμαίων
2759 2465 3114 2529 κελεύσαντος
3164 2465 3293 2529 τοὺς
3353 2465 3574 2527 πολίτας
3625 2464 3822 2535 300

2228 2556 2439 2619 πάντας
2485 2556 2582 2610 σὺν
2628 2558 2792 2610 πᾶσιν
2821 2560 2932 2620 τοῖς
2956 2558 3301 2630 διαφέρουσιν
3343 2558 3526 2621 αὐτοῖς
3555 2558 3659 2621 ’ἐως
3693 2558 3821 2621 ἐνὸς

2229 2646 2431 2711 εὐθέως
2453 2646 2707 2712 ἐξελθεῖν.
2728 2649 2838 2702 Καὶ
2866 2648 3095 2714 ἐξελθὼν
3119 2651 3255 2720 πρὸς
3274 2650 3435 2703 αὐτὸν
3457 2648 3750 2713 Σιλουανδς
3771 2651 3819 2714 ⁷,

2230 2738 2407 2810 κόμης
2441 2740 2555 2811 (89)
2593 2741 2694 2813 τὴν
2724 2741 2882 2807 ἀξίαν
2912 2742 3006 2795 καὶ
3046 2742 3463 2811 πολιτευόμενος
3496 2742 3595 2811 τῆς
3638 2741 3823 2811 αὐτῆς

2230 2831 2459 2897 πόλεως,
2495 2833 2833 2903 προσέπεσεν
2870 2833 2947 2904 τῷ
2977 2835 3205 2906 βασιλεῖ,
3230 2836 3485 2905 δεόμενος
3516 2834 3591 2906 μὴ
3630 2850 3821 2903 παρα-

2230 2919 2415 2973 δοῦναι
2440 2921 2539 2992 τὴν
2567 2922 2723 2975 πόλιν
2753 2923 3009 2995 Πέρσαις.
3028 2924 3116 2988 Ὠς
3151 2924 3208 2977 δέ
3246 2924 3346 2977 οὐκ
3376 2924 3591 2976 ἔπεισεν
3622 2922 3819 2975 αὐτονο

2232 3011 2583 3083 ὀμωμοκέναι
2614 3013 2727 3084 (90)
2755 3016 2863 3086 γὰρ
2896 3014 3135 3083 ἔφασκεν
3165 3014 3262 3068 καὶ
3308 3012 3698 3086 μὴβούλεσθαι
3731 3012 3822 3064 δό-

552 3119 619 3157 ex
650 3104 930 3175 Mygdonia
960 3104 1180 3175 regione
1211 3111 1466 3157 evocatos
1492 3101 1780 3156 collocavit
1806 3140 1818 3155 .
1848 3099 2124 3156 Silvanum

2234 3104 2332 3168 ξαν
2502 3106 2758 3176 ἐπιόρκου
2783 3106 2934 3179 παρὰ
2968 3108 3135 3161 πᾶσιν
3160 3106 3325 3178 ἔχειν’
3356 3105 3597 3174 τειχίσας
3618 3101 3822 3173 κώμην

553 3208 771 3264 quoque
801 3195 1054 3249 comitem
1090 3195 1275 3249 statim
1306 3209 1372 3248 ex
1400 3192 1787 3264 Mesopotamia
1812 3234 1828 3261 ,
1860 3192 2124 3248 Christia-

2236 3193 2400 3252 οὖσαν
2448 3197 2553 3263 ἔξω
2598 3198 2691 3252 τοῦ
2739 3199 2951 3269 τείχους
2999 3199 3098 3269 τῆς
3144 3199 3350 3262 πόλεως
3380 3196 3608 3267 Ἀμίδης
3642 3211 3822 3264 προσ-

554 3302 766 3357 nosque
812 3302 1005 3342 omnes
1056 3286 1310 3352 reduxit,
1359 3302 1423 3342 ac
1468 3285 1794 3341 Christianis
1838 3285 2124 3358 dignitates

2234 3288 2451 3357 ἐζευξεν
2473 3291 2535 3366 τὸ
2561 3292 2696 3346 αὐτὸ
2714 3294 2890 3362 τεῖχος
2918 3291 2995 3363 τῷ
3020 3292 3186 3363 τείχει
3212 3292 3309 3363 τῆς
3333 3291 3539 3353 πόλεως
3561 3288 3818 3359 ’Δμίδηςν

553 3384 609 3432 et
645 3379 997 3449 przel'ecturas
1036 3379 1272 3433 tradidit.

2234 3380 2472 3444 καλέσας
2512 3383 2614 3453 τὴν
2636 3384 2830 3454 κώμην
2857 3384 3149 3449 Νισίϐεως,
3175 3386 3273 3439 καὶ
3300 3385 3418 3437 ἐκεῖ
3450 3384 3657 3444 πάντας
3684 3380 3823 3443 τοὺς

555 3471 620 3524 ἐκ
665 3472 764 3542 τῆς
808 3471 1113 3539 Μυγδονίας
1158 3469 1343 3541 χώρας
1390 3470 1560 3523 οἰκεῖν
1602 3469 1881 3539 ἐποίησεν,
1917 3468 2012 3523 καὶ
2064 3470 2348 3526 Σιλουανὸν
2392 3475 2484 3529 τὸν
2525 3476 2939 3547 πολιτευόμενον
2998 3477 3198 3542 εὐθέως
3224 3480 3289 3532 ἐκ
3342 3479 3441 3548 τῆς
3494 3478 3822 3531 Μεσοποτα-

558 3568 687 3638 μίας
721 3569 814 3621 καὶ
856 3568 1034 3620 πάντα
1066 3567 1390 3638 Χριστιανὸν
1414 3565 1713 3634 ἀνήγαγεν,
1752 3565 1848 3618 καί¹
1874 3565 2219 3636 Χριστιανοῖς
2242 3569 2567 3641 ἐνεχείρισεν
2588 3571 2688 3635 τὰς
2732 3572 2906 3643 ἀρχὰς
2956 3574 3057 3645 τῆς
3103 3574 3395 3645 Ἀνατολῆς
3450 3572 3667 3644 πάσης⁸
3717 3581 3820 3629 καὶ

554 3661 855 3714 ἐπάογους.

633 3679 666 3713 α
740 3679 855 3723 ους.

628 3679 766 3805 Ρεέε
795 3766 917 3804 cum
944 3750 1123 3805 Persis
1144 3750 1391 3804 confecta
1408 3789 1423 3812 ,
1457 3748 1643 3803 relicto
1668 3747 1891 3805 Oriente
1908 3791 1923 3815 ,
1952 3750 2124 3821 impe-

2305 3749 2414 3800 Καὶ
2447 3749 2587 3818 μετὰ
2606 3750 2667 3802 τὸ
2696 3751 2919 3821 ποιῆσαι
2963 3750 3149 3804 πάκτα
3177 3751 3400 3821 εἰρήνης
3429 3750 3569 3820 μετὰ
3600 3752 3621 3784 ⁸
3668 3751 3819 3823 Περ-

556 3851 704 3896 rator
729 3840 992 3899 Iovianus
1032 3844 1171 3897 intra
1204 3843 1369 3898 breve
1416 3855 1630 3913 tempus
1670 3841 2124 3914 Constantiiiopo‘

2235 3840 2365 3906 σῶν,
2410 3841 2694 3895 ἀπολιπὼν
2744 3842 2843 3897 sitv
2872 3842 3161 3913 Ἀνατολὴν
3203 3845 3232 3897 ό
3279 3842 3531 3913 βασιλεὺς
3561 3843 3818 3911 Ἰοὸιανὸς

1896 4001 2214 4058 DUCANGII
2252 4000 2486 4060 NOTAE.

630 4138 742 4209 (85)
782 4136 1279 4209 Ἀρινθαῒονηϐυἰ
1331 4137 1620 4209 adjunctus
1680 4138 1782 4193 fuit
1836 4136 2135 4209 Sallustius
2232 4134 2565 4209 Adranutzio
2596 4134 2910 4209 imperatori
2943 4135 3564 4209 Constantinopolitano,
3591 4154 3656 4193 ac
3693 4140 3819 4196 lbe-

555 4205 1117 4281 prael'ectusprgetorio
1134 4205 1446 4281 Galliarum.
1466 4207 1542 4281 Ita
1572 4208 1869 4281 Aminiam,
1888 4208 1981 4261 lib.
2002 4224 2130 4269 xxv,
2233 4205 3097 4281 rorum_principe_traditorAlia
3116 4205 3605 4281 paulo-sequioris
3635 4213 3820 4265 aetatis

555 4276 646 4349 qui
683 4276 945 4351 Arintbazi
977 4286 1238 4351 praeterea
1275 4278 1673 4351 _meminitLlib.
1710 4295 1833 4332 xxv:
1870 4286 1926 4331 et
1959 4293 2126 4331 xxvu.
2230 4277 2572 4351 suggerimus
2607 4276 2663 4331 in
2693 4276 2913 4332 dissert.
2946 4279 3131 4342 50,!ad
3164 4277 3495 4344 Joinvillam,
3529 4295 3652 4351 pag.
3686 4282 3816 4340 555.

558 4339 607 4403 Is
629 4339 1190 4403 postmodum'consul
1216 4347 1317 4402 fuit
1351 4363 1479 4401 ann.
1514 4347 1645 4402 Cbr.
1676 4363 1945 4402 ccccxxu.
2230 4339 2359 4399 556':

664 4365 973 4403 OSlmOGUlIl
1000 4365 1190 4402 consm
1216 4365 1317 4402 luit
1351 4365 1479 4401 ann.
1514 4365 1645 4402 bur.
1676 4365 1945 4402 cocum.

629 4365 740 4488 (’86)
793 4421 916 4472 Οὐκ
964 4416 1271 4484 εἰσῆλθεν.
1322 4416 1681 4471 Ammianus:
1713 4417 1881 4471 Nisibi
1938 4416 2124 4485 cupide

629 4505 688 4542 ια.
723 4497 871 4540 extra
912 4488 1090 4541 urbem
1112 4489 1291 4541 statim
1319 4497 1491 4540 castra
1532 4488 1703 4542 posuit
1745 4488 2000 4542 princeps.
2044 4487 2120 4540 Ita

2230 4365 2406 4495 ὓῗὲἰί)
2448 4414 2740 4496 mitior-dc
2777 4417 2996 4484 Κόμης.
3040 4418 3092 4500 Is
3122 4434 3401 4499 causarum
3446 4419 3689 4542 de{emor
3730 4420 3821 4475 di-

2226 4493 2367 4538 eitur
2394 4483 2700 4542 Ammiano.
2728 4501 2835 4542 quo
2868 4488 2986 4541 loco
3014 4489 3376 4542 miserabilem
3409 4503 3472 4542 ac
3531 4497 3819 4542 uctuosam

555 4483 688 4567 viso,
723 4497 871 4568 ergqu
912 4483 1291 4568 urbentstntim
1319 4497 1491 4568 castra
1527 4488 1703 4568 posuit
1745 4483 2120 4568 ρνῖηρςρεζλιε
2153 4538 2196 4568 n
2225 4483 2700 4568 giturﬁmmiano,
2728 4501 2835 4568 quo
2859 4483 2986 4541 loco
3014 4489 3376 4568 miserabilem
3394 4503 3472 4568 _ac
3509 4483 3819 4544 luctuosam

556 4556 720 4611 etiam
746 4557 993 4611 Zosimus
1020 4572 1034 4606 ι
1063 4566 1118 4611 at
1151 4557 1388 4611 Joannes
1417 4551 1790 4611 Antiochenus
1822 4551 1987 4611 biduo
2022 4555 2120 4609 Ni-
2152 4551 2196 4593 υ
2223 4551 2610 4608 Nisibiensiuln
2650 4570 2715 4607 ex
2746 4551 2880 4609 urbe
2917 4572 3199 4619 excessum
3233 4558 3511 4613 describit.

559 4624 1369 4709 siblingomtmoratu-m'scribit;
1730 4704 1743 4709 _
1794 4695 1809 4709 ι
1947 4694 1959 4705 .
2298 4624 2411 4691 (90)
2453 4623 2861 4709 ’Oiiwpogcér-qt.
2900 4624 3045 4709 Idem
3089 4627 3321 4709 scriptor
3355 4646 3370 4682 :
3401 4625 3632 4709 cumque
3666 4631 3819 4709 .nilril

632 4694 743 4762 (87)
795 4697 847 4747 Ὁ
893 4695 961 4747 δὲ
997 4696 1257 4762 Ἰούνιος.
1313 4695 1560 4749 Binesem
1593 4704 1748 4748 vocat
1783 4694 2124 4748 Ammianus.
2225 4694 3015 4815 promovereturyiurisjurandi
3044 4694 3344 4767 religionem
3387 4694 3621 4766 principe
3642 4700 3816 4752 desti-

632 4764 740 4815 l88i
780 4767 884 4815 Elc
902 4764 1009 4815 ἕνα
1037 4764 1155 4815 τῶν
1175 4767 1432 4815 πύρνων.
1466 4764 1785 4815 Ammianus
1814 4780 1826 4815 :
1868 4761 2129 4815 Postridie
2226 4762 2393 4814 natim
2423 4772 2619 4815 orwten
2659 4774 2791 4815 ante.
2819 4774 2923 4815 etc.
2954 4764 3094 4815 Infra
3123 4785 3135 4815 ε
3169 4767 3447 4815 Indignum
3479 4768 3701 4815 imnerio
3736 4772 3816 4815 ra-

629 4761 740 4829 ('88)
780 4767 884 4829 Εἰς
902 4764 1009 4818 ἕνα
1037 4764 1155 4818 τῶν
1175 4761 1432 4835 πύργων.
1456 4764 1785 4835 Ammianus
1814 4780 1826 4815 :
1868 4761 2129 4835 Postridie

2226 4762 2393 4839 nntim
2423 4762 2923 4839 prietendcnt_e,e_tc_.
2954 4762 3447 4839 Infraizvlndignu'm
3460 4762 3701 4839 _imperio
3732 4772 3819 4839 [σο
3845 4800 3852 4811 ι

558 4832 768 4906 Bineses
786 4852 919 4887 unus
943 4852 1006 4889 ea:
1039 4835 1232 4893 Persis.
1254 4832 1412 4906 gnem
1445 4834 1581 4887 inter
1605 4834 1738 4887 alios
1774 4833 2130 4906 excellererdi-
2227 4832 2375 4906 ciuus
2406 4834 2603 4906 amictu
2632 4832 2856 4906 pgrjnrii
2886 4836 3116 4905 fugiendi
3145 4832 3332 4890 camini

2227 4832 2375 4905 ciuus
2406 4834 2603 4905 amictu
2632 4832 2856 4905 pgrjurii
2886 4836 3116 4905 fugiendi
3145 4832 3421 4890 commisit.
3455 4832 3563 4891 Sed
3603 4832 3811 4901 revera,

556 4904 765 4977 agimus,
787 4906 1039 4977 mandata
1093 4908 1229 4976 regis
1256 4900 1512 4977 complere
1554 4906 1827 4977 festinans.
1874 4905 2127 4977 promissa
2228 4909 2289 4953 ut
2318 4900 2395 4977 ait
2419 4900 2628 4977 .Festus
2665 4900 2857 4977 Rufus,
2886 4900 3126 4977 cupidior
3158 4908 3304 4977 regni
3333 4923 3494 4976 quam
3529 4907 3714 4977 gloria:
3752 4909 3818 4963 iis

557 4920 749 4965 ximus,
787 4920 1039 4957 mandata
1093 4923 1229 4976 regis
1256 4920 1512 4970 complere
1554 4920 1827 4974 ιεειιηαηε,
1868 4920 2127 5026 Eromissa
2228 4920 2289 4953 ιιι
2318 4920 2395 4954 ait
2436 4920 2628 4955 resws
2665 4920 2857 4966 nutus,
2889 4920 3126 4973 cupidior
3158 4923 3303 4977 regni
3333 4923 3494 4976 quam
3529 4920 3714 4977 gloria:
3752 4925 3817 4963 us

557 4974 1111 5055 ﬂagitabat'instanter
1139 4975 1853 5055 :et,_principepermittente
1913 4990 2123 5055 omano,
2228 4970 2658 5055 conditionibus
2694 4975 2996 5055 acquievit,
3048 4974 3175 5029 licet
3206 4976 3491 5055 (Romanae
3555 4978 3817 5055 potentia:

560 5044 821 5116 civitatem
840 5044 1121 5113 ingressus,
1138 5048 1303 5115 gentis
1327 5062 1435 5116 sua:
1451 5046 1655 5116 signum
1679 5045 1742 5116 ob
1769 5060 1890 5116 arce
1912 5044 2122 5107 extulit,

2228 5040 2412 5116 minus
2438 5040 2836 5116 consentaneis.
2867 5044 3167 5116 Excusatur
3197 5054 3377 5116 tamen
3427 5040 3701 5116 utcunque
3744 5048 3819 5100 ab

538 5114 1024 5184 submigrationem
1054 5132 1081 5167 ε
1108 5114 1284 5180 patria
1309 5114 1511 5169 civibus
1540 5115 1785 5167 nuntians
1808 5114 2121 5184 luctuosam.

2228 5107 2438 5185 Qros‘io,
2471 5110 2566 5163 lib.
2590 5127 2701 5185 v_u_,
2748 5128 2867 5183 cap.
2902 5115 2989 5185 51.
3041 5114 3171 5169 Vide
3220 5115 3574 5185 ProcOpium,
3614 5107 3720 5172 "lib.
3756 5133 3812 5182 ις

560 5176 752 5236 ιειίυδ’
770 5199 928 5251 porro
966 5184 1018 5236 in
1072 5176 1320 5240 adeunda
1365 5186 1643 5240 civitatum
1687 5200 1770 5254 ac”
1800 5183 2122 5254 oppidorum
2226 5176 2429 5254 Persio.
2461 5196 2579 5254 cap.
2611 5176 2697 5245 l7,
2721 5192 2777 5254 et
2804 5176 3131 5254 Scaligerum
3164 5185 3229 5238 ad
3257 5176 3463 5239 Chron.
3492 5176 3734 5241 Eusebii.

561 5255 905 5324 possessione
942 5254 993 5307 in
1036 5256 1278 5309 turribus
1312 5256 1505 5309 vexilla
1536 5253 1777 5324 erigendi
1805 5295 1819 5317 ,
1859 5254 1911 5305 in
1942 5253 2123 5322 adepti
2227 5316 2246 5324 _
2300 5253 2412 5324 (91)
2448 5253 2665 5324 Αόξαν.
2715 5253 2853 5324 Quid
2906 5254 2946 5324 si

2300 5249 2412 5323 (91)
2448 5248 2665 5323 Αὸξαν.
2715 5250 2853 5323 Quid
2906 5248 2975 5307 si'
2998 5253 3207 5323 legatur
3246 5254 3437 5319 νόξανο
3480 5270 3614 5310 voce
3662 5258 3810 5311 enim

560 5323 783 5393 dominii
806 5331 1207 5393 argumentum,
1229 5325 1414 5389 moris,
1432 5323 1738 5393 exemplum
1755 5331 1959 5393 prostat
1978 5324 2121 5390 apud

2226 5316 2417 5390 _Latina
2446 5319 2499 5373 id
2529 5323 2796 5390 expressit
2819 5316 3093 5379 Jovianus.
3120 5323 3252 5379 Vide
3272 5316 3489 5380 Glossas
3513 5324 3723 5381 Basilic.
3751 5326 3810 5381 in

561 5390 978 5447 Constantinum
1008 5392 1085 5449 De
1118 5394 1419 5450 administr.
1452 5390 1662 5463 impeh,
1681 5390 1802 5461 cap.
1834 5392 1922 5456 46,
1947 5394 2037 5446 ubi
2057 5394 2150 5460 de,

2226 5388 2329 5444 hac
2356 5402 2508 5443 voce.

1828 5547 2053 5603 VARUE
2086 5548 2488 5612 LECTIONES.

644 5686 721 5757 to
767 5701 879 5757 om.
899 5682 986 5757 pP.
1033 5755 1043 5757 _
1079 5685 1365 5757 ’πολέμου
1385 5700 1498 5757 om.
1523 5685 1585 5738 P.
1679 5684 1700 5716 ⁸
1730 5682 2013 5757 Νησεϐἐων
2046 5682 2104 5736 P.
2177 5684 2201 5757 _'
2228 5686 2320 5738 καὶ
2352 5689 2706 5757 καταφθάσας
2729 5719 2800 5731 -
2829 5692 3081 5755 Ἰοσιανὸς
3109 5706 3220 5747 om.
3270 5688 3332 5745 P.
3406 5693 3427 5725 ⁸
3447 5686 3696 5744 ἀπελθὼν
3741 5688 3802 5742 P.

561 5762 584 5797 ν
616 5754 871 5820 Σιλσανδς
896 5754 953 5811 P.
1028 5755 1050 5789 ⁸
1072 5756 1171 5827 τῆς
1190 5753 1477 5825 ’Λνατολῆς
1506 5757 1684 5825 πάσης
1711 5753 1824 5807 om.
1856 5753 1916 5806 P.
1993 5755 2014 5785 ⁹
2061 5754 2201 5807 κατὰ
2246 5759 2317 5810 Π.
2360 5756 2425 5809 Β.
