4090 6300
584 247 691 309 ’167

1763 247 2196 307 CHRONICUN
2247 219 2648 308 PASCHALE.

3719 250 3829 312 768

581 373 725 428 aeger
754 354 1024 426 perstitit:
1053 371 1216 426 quem
1241 353 1481 425 quidem,
1518 355 1646 411 dum
1681 355 1735 409 in
1776 358 1981 410 circum
2003 357 2152 412 Con-

2262 373 2321 409 να,
2360 355 2573 426 ἔμεινεν
2622 355 2716 410 ἐπὶ
2751 355 2919 410 πολὺν
2950 353 3141 424 χρόνον
3173 354 3616 424 νοσηλευόμενος,
3652 359 3752 410 καὶ
3780 362 3842 414 ὲν

582 447 1126 516 stantinopolitanum
1154 485 1169 511 ,
1221 445 1654 516 spectaculorum
1685 448 2146 516 inspiciendorum

2252 446 2332 516 τῷ
2359 447 2684 520 ἀνέρχεσθαι
2711 447 2872 501 αὑτὸν
2904 450 2984 510 εἰς
3019 447 3080 499 τὸ
3114 447 3360 501 Ἱππικὸν
3387 449 3844 504 Κωνσταντινου-

1935 555 2255 612 DUCANGII
2293 555 2518 612 NOT/E.

653 675 839 744 Neque
882 674 1196 729 llolstcnius
1239 676 1516 729 meliorem
1572 675 1747 744 ideam
1782 674 1982 730 Grzecze
2005 677 2153 731 vocis

586 743 800 810 habuit,
852 745 1098 814 quamvis
1131 746 1270 798 hanc
1306 746 1607 809 secundam
1635 743 1874 799 Reinesii
1897 747 2157 814 emenda-

590 817 797 870 tionem
847 813 1035 868 e’adem
1075 830 1302 868 censura
1326 823 1483 869 vexat
1510 829 1573 869 ac
1615 815 1863 884 primam.
1897 813 2158 883 Suspica-

586 897 674 938 tur
703 886 777 938 ita
808 884 1028 954 intelligi
1081 885 1300 945 debere.
1342 900 1404 938 ac
1446 885 1488 936 si
1538 885 1793 952 templum
1834 885 2028 952 triplici
2064 902 2155 954 ge-

587 972 705 1008 nere
755 956 988 1023 lapidum
1025 964 1352 1008 exsuuctum
1392 962 1552 1012 esset,
1583 954 2075 1023 simulqueauctori
2101 956 2155 1008 in

588 1025 787 1080 laboris
811 1021 819 1023 ’
846 1024 1123 1094 praemium
1194 1025 1400 1094 alapam
1452 1023 1666 1093 inﬂigit;
1699 1021 1947 1094 'rpmoo;
1974 1033 2155 1094 autem

588 1040 787 1080 taoorts
846 1040 1123 1094 praemium
1194 1040 1400 1094 alapam
1452 1040 2155 1144 ιηιιιςιις1ἕιλιυοςωηρῐη

585 1094 834 1164 scriptori
872 1093 997 1147 huic
1036 1095 1230 1156 idiotaz,
1259 1095 1334 1147 uti
1378 1110 1502 1147 emn
1535 1100 1700 1164 vocat
1776 1093 1989 1162 caliger,
2015 1092 2156 1148 forte

583 1162 781 1218 dicitur
803 1179 867 1217 ex
899 1163 1069 1217 tribus
1099 1165 1332 1233 lapidum
1364 1162 1653 1232 generibus
1685 1171 1962 1216 constans.

655 1234 908 1302 Congius,
970 1249 1078 1301 prae
1128 1249 1186 1288 se
1239 1233 1446 1298 terens,
1495 1233 1649 1285 nobis
1685 1233 1814 1302 dare
1859 1247 2053 1285 novam
2099 1241 2155 1287 et

585 1301 816 1374 proinde
855 1302 1130 1374 meliorem
1177 1303 1418 1374 Latinam
1451 1302 1750 1374 versionem
1777 1301 2052 1374 chronici,
2074 1302 2157 1355 lo-

592 1371 716 1427 cum
765 1389 871 1426 non
927 1373 1314 1432 intelligibilem
1373 1371 1628 1432 reddidit,
1666 1385 1788 1424 cum
1833 1371 1980 1424 dicat
2017 1379 2158 1424 tem-

589 1444 732 1512 plum
765 1443 964 1496 i‘actnm
999 1459 1060 1496 ex
1098 1439 1313 1496 Trilitho
1344 1456 1640 1512 marmore;
1683 1439 1933 1512 templum
1952 1441 2152 1510 ingens,

587 1511 634 1564 et
664 1512 1053 1565 celeberrimum
1106 1529 1170 1566 ea:
1209 1528 1470 1565 marmore
1517 1511 1735 1564 Trilitlto
1780 1518 2154 1564 constructum.

591 1582 719 1635 Sine
772 1581 936 1635 dubio
987 1582 1215 1636 lectores
1258 1583 1358 1635 sibi
1409 1581 1699 1635 obstrictos
1735 1579 2077 1641 reddidisset,
2112 1580 2157 1633 si

2253 675 2728 801 Constalptinopoii
2782 686 3052 740 erectam,
3094 675 3354 746 quoniam
3395 688 3460 728 ex
3513 689 3625 728 uno
3657 674 3844 746 lapide

2255 757 2445 801 eonsta
2487 757 2562 801 at.

2255 757 2562 803 constabat.

2328 817 2525 872 Verum
2556 826 2639 872 est
2667 816 2739 870 La
2761 815 3028 884 Roquium
3051 814 3232 868 dicere
3255 812 3345 885 (s),
3376 813 3671 885 maximam
3699 831 3842 883 par-

2268 897 2371 941 tem
2401 888 2590 941 ltarum
2632 883 2995 941 columnarum
3033 893 3238 937 tantum
3267 883 3302 936 'e
3341 884 3540 936 duobus
3570 883 3841 952 lapidibus

2261 965 2610 1010 constructam
2640 973 2765 1010 esse.
2799 953 2930 1015 Sed,
2964 963 3320 1022 praeterquam
3362 954 3502 1020 quod
3537 953 3588 1006 id
3623 963 3839 1008 tanturn

2261 1027 2326 1080 de
2353 1026 2581 1080 maxima
2614 1035 2764 1095 parte
2794 1024 3254 1095 aliirtnct,_tlieere
3276 1023 3419 1081 licet.
3452 1023 3838 1095 quod,qua_m-

2261 1096 2341 1148 vis
2372 1111 2468 1163 per
2491 1092 2629 1150 duas
2658 1094 3020 1148 hebdomadas
3047 1092 3581 1163 llalbecirmanserit,
3617 1103 3673 1147 et
3716 1093 3840 1158 ejus

2260 1161 2606 1233 antiquitates
2638 1166 2704 1219 ad
2741 1165 2968 1218 lubitum
3015 1162 3346 1233 visitaverit,
3385 1171 3439 1233 et
3485 1161 3606 1214 ideo
3653 1163 3840 1231 plures

2258 1231 2477 1289 notitias
2517 1250 2678 1304 quam
2723 1232 3105 1304 Maundrellius
3133 1274 3147 1295 ,
3177 1231 3266 1300 qui
3307 1246 3374 1284 ne
3405 1231 3687 1304 integrum
3710 1234 3838 1304 qui-7

2264 1246 2477 1289 notitias
2517 1250 2678 1304 quam
2723 1246 3105 1288 tttaunoretnus
3133 1274 3147 1295 ,
3177 1248 3266 1300 qut
3307 1246 3374 1284 ne
3405 1246 3676 1353 tntifrum
3710 1248 3836 1300 qut-

2264 1305 2386 1357 dem
2417 1305 2559 1358 diem
2589 1305 2662 1358 ibi
2693 1303 2987 1371 impendit,
3019 1311 3238 1364 narret;
3283 1309 3463 1354 tamen
3546 1302 3836 1355 aundrellii

2265 1373 2633 1427 testimonium
2667 1373 2718 1426 in
2753 1373 2857 1426 hoc
2885 1387 3010 1426 casu
3057 1372 3225 1440 magis
3261 1371 3656 1440 admittendum
3687 1385 3835 1431 esse.

2263 1444 2514 1510 quoniam
2545 1459 2574 1496 a
2607 1443 2818 1497 duobus
2847 1441 3054 1510 Gmcis
3075 1439 3387 1510 auctoribus
3409 1482 3424 1505 ,
3457 1455 3617 1510 supra
3647 1441 3838 1493 lauda-

2266 1509 2352 1574 tis,
2397 1513 2765 1571 conlirmatur,
2808 1527 3001 1580 nempe
3027 1509 3299 1580 Chronico
3338 1518 3394 1562 et
3441 1509 3627 1562 Malela
3657 1527 3669 1559 :
3702 1525 3836 1564 nam

2264 1592 2322 1635 ut
2350 1581 2683 1636 Maundrcllii
2726 1580 2964 1634 narratio
3010 1579 3284 1647 explicat,
3326 1580 3598 1646 quomodo
3642 1595 3834 1632 eorum

588 1631 1229 1732 tota...“satureia};
1259 1631 1960 1732 habenarum,suae
1983 1631 2160 1721 gens
2190 1631 2232 1684 ιι
2263 1631 2683 1732 narratae;
2709 1631 2959 1732 ςίέεῑκέςίιη,
2991 1631 3172 1732 εἰς’ἱιμξ
3204 1631 3284 1701 ab.
3307 1631 3474 1732 alia.
3503 1631 3832 1732 partes-eri;

588 1721 874 1774 marmoris
903 1723 1002 1774 hoc
1032 1720 1284 1774 Trilitlzon
1313 1731 1476 1781 esset,
1515 1729 1569 1773 et
1599 1720 1742 1773 unde
1771 1719 1999 1774 veniret.

656 1791 1026 1844 Chilmeadius
1073 1792 1214 1845 haud
1264 1791 1475 1845 felicior
1501 1790 1602 1844 fuit
1653 1790 1706 1842 in
1739 1788 1928 1842 Latina
1963 1789 2160 1842 Maleine

587 1862 850 1924 ver-sione,
893 1862 981 1924 qui
1012 1860 1125 1914 fere
1153 1861 1217 1914 ad
1245 1862 1467 1915 verbum
1491 1860 1741 1913 eumdem
1769 1860 1946 1911 locum
1970 1860 2157 1922 habet,

587 1947 746 1998 quem
785 1930 838 1982 in
871 1930 1142 1984 Chronico
1172 1931 1415 2000 legimus,
1450 1939 1674 1998 excepta
1711 1944 1841 2000 voce
1871 1930 2158 2000 Ba).atvlou,

586 2017 620 2069 q
647 2014 750 2052 iam
773 2000 974 2062 omisit,
1014 2011 1066 2055 et
1095 1999 1320 2055 verbum
1353 2000 1664 2068 λεγόμενον,
1685 1999 1828 2069 quod
1852 2007 1976 2069 ante
2016 1999 2157 2069 ΤΡΙ-

588 2067 795 2123 ᾹῐθιιΝ
826 2070 1073 2136 inseruit,
1105 2087 1228 2124 nam
1257 2072 1418 2123 etiam
1450 2067 1580 2124 dicit
1611 2069 1677 2122 tle
1715 2067 2021 2121 Theodosio
2059 2068 2157 2136 (p),

589 2139 853 2210 κατέλυσε
880 2140 935 2191 δὲ
967 2143 1068 2210 ita).
1089 2142 1148 2193 τὸ
1187 2141 1351 2210 Ἱερὸν
1383 2140 1777 2210 Ἡλιουπόλεῳς
1802 2139 1862 2210 τὸ
1899 2139 2039 2210 μέγα
2067 2141 2160 2190 καὶ

589 2209 910 2276 περιϐόητον
953 2211 1014 2262 τὸ
1059 2208 1346 2278 λεγόμεὺον
1389 2208 1735 2269 ΤΡΙΛΙΘΟΝ,
1772 2208 1866 2260 καὶ
1899 2209 2160 2278 ἐποξησεν

595 2275 724 2330 αὐτὸ
754 2279 1092 2349 ΑἘκκλησίαν
1133 2275 1498 2349 Χριστιανρῖς,
1529 2288 1672 2349 νειοη
1705 2277 1850 2349 quod
1889 2275 2161 2349 Citiltnea—

589 2348 710 2400 dius
751 2347 823 2400 ita
854 2345 1039 2402 Latine
1085 2345 1352 2403 reddidit:
1385 2347 1534 2411 Quod
1577 2363 1695 2400 vero
1733 2345 1992 2414 Heliopoli
2021 2356 2157 2406 erat,

589 2417 877 2487 'l'rtiitltum
922 2427 1178 2480 vocatum,
1224 2417 1405 2487 ingens
1432 2417 1562 2469 illud
1591 2425 1638 2468 et
1666 2416 2157 2487 celebratissimum;

591 2486 840 2553 templum
870 2503 1068 2556 quoque
1118 2485 1521 2550 Dama'scenum,
1554 2487 1765 2556 aliaque
1810 2485 2062 2554 plurima,
2098 2487 2153 2538 iu

589 2557 831 2610 ecclesias
888 2573 1153 2619 conversa,
1184 2557 1493 2610 Christianis
1527 2557 1758 2608 donavit.

667 2628 736 2680 Ut
776 2627 1094 2681 brevissime
1127 2627 1397 2681 confutem
1431 2641 1621 2680 omnes
1663 2627 1758 2679 has
1783 2624 2006 2679 miseras
2040 2640 2159 2677 ver-

591 2696 773 2749 sioncs
805 2705 862 2749 et
897 2697 1329 2763 emendationes,
1364 2696 1498 2752 sciat
1541 2695 1702 2750 modo
1745 2695 1932 2759 lector,
1974 2710 2159 2748 veram

591 2767 1002 2834 explicationem
1033 2767 1326 2821 eruendam
1361 2782 1479 2821 esse
1509 2781 1610 2833 ope
1655 2764 2035 2818 hodiernorum
2063 2765 2154 2817 iti-

591 2849 795 2906 nerum
825 2838 1168 2906 scriptorum,
1211 2845 1265 2894 et
1290 2837 1344 2890 in
1385 2835 1571 2904 primis
1617 2834 1972 2906 Maundrellii.
2027 2835 2160 2906 Dili-

591 2920 724 2972 gens
749 2905 833 2976 hic
862 2915 917 2976 et
937 2904 1065 2959 itide
1099 2907 1292 2976 dignos
1324 2907 1606 2975 theologus
1635 2904 1941 2976 magniﬁcas
1976 2904 2159 2976 ruinas

592 2976 775 3042 templi
809 2975 1134 3039 Balbeciani,
1164 2974 1290 3030 'sivc
1334 2974 1672 3044 llcliopoleos
1699 2976 1792 3044 (ᾳ),
1826 2974 2155 3040 describens,

593 3045 874 3112 sequentia
898 3046 1273 3100 observatione
1303 3046 1461 3113 digna
1493 3045 1654 3098 verba
1685 3045 1878 3097 habet:

669 3131 688 3164 ε
733 3114 1014 3186 Templum
1061 3125 1146 3169 est
1181 3112 1498 3186 quadratum
1525 3115 1814 3183 oblongum
1835 3113 1916 3186 Αἵ)ίὲ
1948 3112 2158 3166 cubitos

592 3185 792 3256 (yards)
841 3183 1044 3256 latum,
1067 3195 1123 3240 et
1157 3183 1223 3240 6i
1253 3187 1504 3256 longum;
1555 3199 1784 3252 quorum
1826 3183 1891 3256 lS_
1924 3197 2155 3256 occupa!-

593 3253 788 3308 bantur
815 3270 911 3324 per
944 3253 1888 3326 updvaov,‘sive‘vestibulum,quod
1917 3253 2032 3326 jam
2057 3254 2158 3307 sub

591 3326 763 3379 ruinis
817 3323 998 3392 iacet;'
1029 3341 1151 3379 cmn
1195 3326 1478 3388 columnas,
1520 3341 1640 3393 quae
1688 3323 1743 3377 id
1794 3323 2154 3393 sustinebant,

592 3403 764 3461 rupta:
812 3395 940 3449 sint.
987 3394 1196 3463 Corpus
1237 3395 1454 3463 templi,
1503 3392 1645 3462 quod
1693 3407 1840 3463 nunc
1890 3392 2155 3463 subsistit,

592 3463 874 3533 magniﬁca
905 3461 1113 3532 porticu
1141 3461 1395 3533 cingitur,
1427 3473 1482 3516 et
1512 3461 1731 3533 fulcitur
1759 3461 2023 3518 columnis
2051 3462 2160 3515 Co-

593 3532 812 3586 rinthici
833 3533 1055 3596 ordinis,
1075 3532 1302 3602 quarum
1319 3533 1580 3586 diameter
1597 3532 1666 3602 (r)
1677 3539 1760 3586 est
1779 3547 1868 3585 sex
1891 3533 2086 3602 pedum
2105 3539 2160 3586 et

595 3602 760 3654 trium
812 3601 1337 3670 pollicum,’aititudo
1382 3619 1565 3655 earum
1596 3601 1678 3655 est
1718 3602 1934 3655 circiter
1967 3601 2037 3654 45
2063 3617 2158 3670 pe-

590 3670 754 3741 dum;
789 3687 1100 3734 unaquaeque
1130 3687 1395 3729 CONSlSTIT
1440 3688 1624 3726 'rmnvs
1659 3671 1941 3741 [LAPIDIBUS
1975 3689 2018 3733 ν,
2048 3679 2153 3726 etc.

595 3739 693 3794 llic
717 3741 958 3795 videmus
982 3757 1158 3796 veram
1199 3743 1482 3806 rationem,
1509 3757 1607 3796 cur
1632 3739 1889 3810 templum
1922 3756 1951 3793 a
1981 3742 2154 3810 regio-

594 3810 682 3864 nis
715 3811 903 3864 incolis
935 3819 1180 3865 vocatum
1198 3812 1269 3865 sit
1306 3811 1561 3865 Trilithon
1591 3820 1685 3866 aut
1721 3809 1878 3863 trium
1899 3809 2156 3877 lapidum.

595 3879 733 3950 Nam
768 3895 891 3934 cum
925 3889 1030 3934 tam
1055 3883 1161 3935 alte
1189 3883 1455 3935 elevatum
1485 3890 1648 3946 esset,
1678 3888 1749 3948 ,ut
1779 3880 1992 3950 triginta
2038 3896 2161 3950 gra-

595 3948 701 4020 dus
742 3952 1168 4020 requirerentur,
1200 3960 1488 4020 antequam
1529 3951 1658 4006 illud
1686 3948 1886 4005 intrare
1914 3948 2158 4020 possent,

594 4028 652 4073 et
680 4018 833 4074 foris'
857 4021 943 4073 illa
999 4021 1280 4091 magniﬁca
1316 4018 1523 4089 porticu
1564 4023 1801 4076 cinctum
1833 4018 1997 4081 esset,
2031 4035 2161 4089 spe-

597 4098 834 4146 ctatores
877 4092 1124 4144 cominus
1169 4101 1224 4145 et
1255 4092 1469 4144 eminus
1515 4100 1724 4145 tantum
1768 4091 1865 4143 has
1909 4091 2162 4159 pulchras

594 4160 896 4230 columnas,
927 4177 991 4214 ex
1028 4162 1188 4215 tribus
1228 4161 1487 4230 lapidibus
1522 4169 1852 4221 constantes.
1881 4161 2158 4214 videbant.

599 4226 666 4281 Et
712 4231 848 4300 nihil
901 4241 1095 4300 praeter
1147 4226 1293 4285 hunc
1337 4232 1710 4285 columnarum
1761 4230 2004 4285 ordinem
2048 4231 2161 4284 sive

2262 1730 2426 1775 tatem
2463 1717 2674 1776 numeri
2711 1722 2764 1774 in
2810 1721 2928 1787 ejus
2969 1717 3279 1771 narratione
3325 1718 3661 1781 ostendunt;
3695 1733 3835 1786 quo-

2260 1791 2403 1844 niam
2431 1800 2580 1846 certo
2611 1792 2812 1844 certius
2835 1797 2938 1849 est,
2971 1789 3119 1841 httnc
3148 1796 3422 1841 auctorem
3449 1787 3696 1840 notitiam
3722 1803 3835 1841 non

2261 1861 2514 1916 habuisse
2541 1875 2753 1922 eorum,
2779 1874 2898 1928 quae
2926 1857 2992 1911 de
3017 1859 3115 1912 hac
3142 1872 3200 1910 re
3224 1857 3575 1926 scripserant,
3597 1866 3654 1911 et
3675 1856 3835 1926 plane

2259 1945 2450 1984 eorum
2478 1929 2800 1982 ΤΡΙΛΙΘΟΝ
2835 1929 3126 1996 ignorasse.

2330 2000 2408 2054 Ne
2433 2001 2552 2053 ideo
2579 1994 2912 2053 Maundrellii
2939 1996 3293 2067 diligentiam,
3326 1994 3748 2067 exactitudinem
3774 2006 3832 2050 et

2259 2069 2419 2122 ﬁdem
2455 2068 2700 2137 Laroquii
2735 2069 2941 2122 meritis
2974 2066 3320 2135 praeferamus
3343 2071 3406 2135 (t)
3434 2081 3448 2130 ;
3485 2066 3836 2137 animadver-

2263 2149 2376 2193 tere
2407 2141 2556 2194 licet.
2587 2136 2750 2207 hujus
2784 2138 3022 2192 auctoris
3050 2153 3311 2199 errorem,
3344 2137 3470 2207 dum
3517 2137 3682 2207 ponit
3703 2136 3834 2207 duos

2262 2209 2460 2276 lapides
2505 2209 2623 2262 loco
2658 2205 2837 2272 trium,
2873 2207 3000 2261 inde
3032 2215 3210 2260 ortum
3244 2206 3514 2266 habuisse,
3543 2205 3686 2274 quod
3715 2205 3836 2276 pri-

2262 2274 2408 2330 mum
2439 2279 2577 2331 hanc
2605 2278 3036 2332 observationem
3065 2276 3116 2328 in
3145 2277 3419 2330 schedulis
3441 2276 3556 2327 suis
3585 2290 3679 2344 per
3700 2274 3836 2343 ligu-

2263 2363 2373 2399 ram
2405 2349 2635 2409 numeri.
2669 2357 2724 2401 et
2751 2362 2861 2400 non
2887 2347 3064 2400 verbis
3085 2347 3443 2407 adnotaverit;
3479 2344 3558 2397 sic
3585 2353 3709 2412 post
3733 2346 3836 2397 tri-

2261 2417 2406 2486 ginta
2436 2425 2490 2470 et
2530 2418 2712 2485 plures
2755 2431 2927 2470 annos
2957 2417 3035 2486 (tt)
3085 2432 3206 2469 cum
3249 2413 3658 2486 observationes
3705 2428 3835 2468 suas

2263 2483 2569 2539 recenseret
2593 2496 2645 2540 et
2670 2487 2720 2538 in
2753 2486 2928 2539 lucem
2957 2483 3162 2550 ederet,
3187 2485 3471 2540 fallebatur
3501 2483 3555 2535 in
3579 2498 3832 2547 numero,

2260 2565 2316 2609 et
2355 2556 2588 2622 ponebat
2621 2557 2656 2608 2
2689 2556 2806 2609 loco
2840 2555 2892 2608 ὅ.

2331 2621 2470 2694 Ergo
2517 2640 2705 2679 secure
2754 2625 3099 2693 acquiescere
3151 2640 3460 2693 possumus.
3487 2621 3836 2694 Maundrellii

2261 2693 2577 2756 narrationi,
2605 2705 2709 2748 tam
2743 2695 2879 2748 bene
2908 2694 3174 2748 suilultze:
3208 2705 3262 2748 et
3285 2711 3349 2748 ex
3372 2694 3683 2747 testimonio
3705 2693 3843 2746 duo—

2262 2779 2379 2817 rum
2417 2764 2723 2818 Grazcorum
2768 2774 3073 2824 auctorum,
3110 2765 3194 2818 cui
3227 2764 3436 2818 accedit
3465 2763 3608 2815 illius
3639 2771 3838 2816 aucto-

2262 2834 2391 2887 ritas
2420 2875 2432 2896 ,
2470 2835 2566 2889 bas
2603 2835 2736 2888 duas
2765 2835 3141 2888 conclusiones
3167 2875 3180 2896 ,
3221 2843 3278 2888 ut
3319 2835 3428 2888 duo
3465 2833 3839 2887 demonstrata

2263 2904 2561 2964 corollaria.
2596 2905 2826 2968 eliicere,
2858 2918 2977 2972 qua:
3009 2919 3091 2964 ea,
3129 2919 3247 2971 qua:
3285 2918 3446 2972 supra
3474 2909 3664 2956 contra
3703 2901 3838 2955 [lei-

2187 2957 2230 3017 C
2260 2957 2471 3027 nesium
2500 2957 2560 3026 in
2582 2957 2825 3028 medium.
2850 2957 3026 3034 a‘ttuli,
3057 2957 3455 3027 conlirmabitnt
3490 2989 3505 3024 :

2325 3042 2524 3104 Primo,
2570 3044 2827 3112 templum
2859 3042 3215 3111 lleliopoleos,
3251 3045 3407 3111 cujus
3447 3039 3745 3112 mentioﬂﬁt
3776 3039 3839 3112 in

2254 3111 2442 3167 Graeco
2472 3110 2741 3166 Chronico
2774 3123 2831 3167 et
2861 3110 3046 3166 Malela
3066 3153 3080 3171 .
3117 3113 3256 3167 idem
3288 3110 3408 3167 esse
3448 3121 3611 3180 atque
3655 3110 3793 3164 illud
3818 3149 3835 3172 .

2254 3183 2397 3250 quod
2436 3182 2818 3236 Maundrellius
2849 3193 2900 3236 et
2929 3183 3016 3235 alii
3060 3183 3318 3236 Itinerum
3345 3197 3566 3236 suorum
3595 3181 3841 3250 scripto—

2257 3249 2347 3305 res
2379 3251 2590 3306 Balbeci
2615 3252 2867 3317 viderint,
2899 3262 3084 3307 etnon
3115 3253 3371 3327 templum
3400 3251 3553 3306 Onia:
3577 3251 3635 3304 in
3665 3249 3839 3320 {Egy-

2295 3330 2385 3383 to;

2255 3337 2596 3456 pmSecundo,
2625 3407 2746 3445 cum
2770 3391 3058 3446 Baibecum
3073 3406 3253 3462 .prope
3275 3399 3515 3462 montem
3539 3389 3837 3462 Libanum,

2255 3471 2350 3515 aut
2378 3461 2558 3530 potius
2596 3461 2969 3530 Antilibanum
3004 3459 3306 3524 sittim'sit,
3354 3460 3410 3513 in
3451 3470 3605 3530 parte
3639 3459 3836 3529 Syriae,

2297 3528 2391 3584 me
2408 3539 2534 3584 ante
2566 3528 2899 3600 Caele-Syria
2927 3531 3237 3588 vocabatur.
3273 3528 3564 3600 Heliopolis
3597 3528 3838 3583 ductum

2297 3547 2379 3584 ua:
2408 3546 2534 3584 ante
2566 3546 2899 3600 emte-ayrna
2927 3546 3237 3588 vocabatur.
3273 3546 3564 3599 nenopons
3597 3546 3837 3583 auorum

2257 3546 2566 3655 graecorum
2589 3608 2874 3669 auctorum
2891 3610 2972 3655 est
2999 3601 3185 3655 eadem
3213 3601 3357 3666 urbs,
3381 3615 3500 3669 quae
3521 3599 3837 3662 Balbecum,

2261 3680 2316 3726 et
2346 3684 2455 3740 non
2490 3669 2780 3740 Heliopolis
2812 3668 3046 3740 Egypti.

2330 3739 2486 3794 Circa
2511 3739 2614 3794 hoc
2635 3739 2882 3793 ultimum
2907 3739 3068 3809 caput
3094 3739 3274 3808 plures
3297 3739 3432 3794 alios
3459 3749 3712 3796 auctores
3736 3744 3838 3797 atl-

2262 3810 2738 3931 ducerelltossem,
2765 3809 2855 3878 qui
2890 3810 3298 3873 demonstrant,
3331 3809 3416 3864 vel
3455 3811 3647 3892 saltem
3682 3812 3840 3866 aﬂir-

2262 3888 2434 3931 mant.
2529 3879 2777 3931 eltonolm
2799 3886 2854 3931 et
2882 3879 3165 3931 Balbecum
3199 3894 3318 3931 esse
3345 3879 3455 3931 duo
3482 3880 3697 3931 diversa
3734 3899 3840 3931 no-

2261 3888 2434 3943 mant,
2475 3879 2777 3947 Heliopolin
2799 3886 2854 3932 et
2882 3879 3165 3932 Balbecum
3199 3894 3318 3934 esse
3345 3879 3455 3933 duo
3482 3880 3697 3936 diversa
3734 3899 3841 3934 no-

2259 3949 2404 4004 mina
2429 3949 2669 4017 ejusdem
2689 3949 2837 4002 urbis
2863 3949 2918 4002 in
2941 3949 3110 4019 Syria.
3143 3949 3249 4006 Sed
3277 3949 3382 4004 boc
3410 3948 3641 4005 fortasse
3667 3952 3840 4006 nimis

2261 4019 2538 4075 taediosum
2570 4028 2734 4083 esset,
2761 4028 2815 4073 et
2846 4019 2932 4072 hic
2964 4020 3170 4074 inutile.

2330 4089 2418 4143 lli.
2451 4088 2576 4143 Ideo
2614 4089 2833 4142 unicum
2867 4097 3074 4143 tantum
3118 4088 3338 4157 Josephi
3387 4087 3564 4142 locum
3611 4090 3840 4154 addam,

2264 4159 2319 4230 in
2346 4174 2459 4230 quo
2483 4158 2776 4230 Heliopolis
2810 4160 2862 4212 in
2898 4157 2985 4210 illa
3017 4167 3170 4230 parte
3203 4159 3402 4230 montis
3434 4159 3683 4230 locatur,
3715 4177 3843 4230 qua:

2262 4228 2316 4282 in
2349 4227 2681 4299 Coele-Syria
2711 4239 2814 4291 est,
2851 4237 2906 4281 et
2935 4229 3180 4298 opposita
3221 4227 3376 4299 alteri
3398 4229 3554 4299 _parti
3579 4270 3602 4299 ,7
3642 4227 3843 4284 Dama-

598 4299 865 4366 porticum
901 4297 1086 4368 'ltujns
1124 4301 1309 4370 templi
1341 4301 1585 4356 videmus
1630 4302 1682 4354 in
1724 4300 2156 4364 numismatibus,
2191 4298 2236 4354 D
2263 4313 2414 4370 scum
2459 4297 2786 4370 respicienti,
2818 4307 2872 4353 et
2899 4299 2985 4370 sic
3013 4308 3199 4370 ¢xacte
3239 4298 3366 4352 situi
3396 4297 3738 4370 Balbeei,rut
3770 4302 3843 4354 ab

598 4383 718 4437 qure
750 4369 902 4424 nobis
928 4371 1112 4424 lateris
1136 4381 1343 4425 tantum
1373 4381 1649 4437 aspectum
1676 4371 1990 4424 ostendunt.

675 4438 810 4493 Hinc
839 4457 966 4511 ergo
1016 4450 1245 4502 tantum,
1279 4450 1335 4494 et
1379 4456 1485 4494 non
1510 4456 1539 4493 a
1568 4439 1960 4511 compositione
2001 4439 2165 4493 totius

601 4506 838 4578 fabricae,
874 4506 926 4562 ei
957 4510 1208 4564 omnibus
1241 4511 1486 4578 partibus
1531 4506 1738 4578 templi,
1766 4507 1935 4563 Graeci
1964 4524 2164 4562 nomen

600 4576 927 4649 ξΙζΙξΙλΛινΘΟΝ
955 4576 1390 4649 desutnpse'runt,
1421 4589 1478 4632 ut
1507 4576 1765 4635 vocarunt
1794 4580 2008 4631 KIUNA
2041 4580 2165 4631 MO-

601 4645 905 4701 NOAIGUN
952 4650 1094 4703 illam
1142 4645 1408 4703 celebrem
1439 4649 1741 4702 columnam
1785 4650 2162 4719 porphyream,

667 4758 740 4820 (ρ)
764 4756 890 4807 Hist.
917 4759 1005 4808 lib.
1029 4759 1214 4820 xm,p.
1249 4759 1321 4816 lt,
1345 4761 1406 4807 δυ

667 4819 739 4927 $3,)
756 4821 980 4927 ἱιέὲιιτηθγ
1003 4822 1126 4870 from
1151 4819 1344 4883 Aleppo
1367 4830 1414 4870 to
1447 4822 1739 4872 Jerusalem.
1764 4834 1810 4882 p.
1849 4821 1955 4870 136.
1987 4821 2018 4869 2
2039 4819 2163 4870 edit.

605 4893 731 4929 anno
756 4893 890 4928 1⁷121.

671 4943 739 5003 (r)
765 4941 1091 5004 Perspicuum
1125 4949 1202 4991 est
1220 4949 1469 4992 auctorem
1503 4941 1632 5003 loqui
1677 4943 1740 4991 de
1765 4940 1971 5004 ambitu
1997 4949 2049 4993 et
2068 4957 2166 5004 non

606 5002 980 5066 de'geomelrico
1002 5002 1259 5066 diametro.
1285 5007 1388 5065 qui,
1407 5018 1519 5053 cum
1559 5002 1878 5066 proportione
1908 5007 1967 5053 ad
2009 5003 2167 5054 ambi-

608 5062 711 5127 tuni
728 5062 792 5127 sit
813 5063 1014 5113 circiter
1031 5071 1083 5112 ut
1110 5065 1127 5113 1
1157 5067 1216 5114 ad
1239 5068 1286 5124 5,
1303 5062 1393 5113 itas
1434 5062 1686 5114 columnas
1713 5065 2010 5127 prodigiosa:
2034 5081 2166 5116 cras~

609 5125 742 5178 silici
762 5126 965 5190 faceret,
991 5127 1098 5174 scil.
1125 5129 1234 5190 plus
1273 5141 1417 5190 quam
1449 5125 1725 5190 octodecim
1764 5125 1964 5190 pedum,
1992 5137 2166 5178 contra

609 5199 782 5255 omnes
821 5189 1044 5255 regulas,
1076 5186 1139 5234 eti
1167 5186 1320 5248 ipsam
1367 5188 1725 5255 longitudinem
1748 5186 1914 5255 _hujus
1952 5193 2162 5255 templi,

609 5247 913 5300 desit-natam
958 5248 1018 5296 ab
1058 5247 1276 5304 auctura.
1299 5263 1407 5298 cum
1426 5247 1803 5298 intercolumniis
1826 5260 1906 5299 aut
1935 5247 2166 5300 distantia

611 5324 778 5358 earum
802 5313 935 5359 inter
952 5323 1023 5357 se.
1059 5311 1116 5358 Et
1140 5319 1301 5358 tamen
1326 5313 1500 5360 eadem
1527 5311 1840 5360 inalluciuatio
1863 5312 2168 5361 animadver-

612 5369 736 5420 titur
769 5369 823 5437 _i_n
873 5370 1207 5437 descriptione
1251 5370 1495 5437 Laroquii.
1522 5375 1786 5437 licet‘cum
1827 5377 2164 5422 ostentatione

611 5433 826 5494 propriis
849 5433 1193 5494 architecturae
1214 5433 1564 5481 verbis'utatur
1590 5449 1602 5482 :
1632 5435 1808 5485 Toutes
1837 5448 1914 5486 ces
1933 5443 2168 5484 colonum

610 5492 866 5558 ensemble.
891 5495 1005 5558 dom
1035 5494 1084 5543 la
1116 5493 1318 5558 Μαίων
1339 5501 1409 5558 est
1429 5495 1506 5558 de_
1531 5495 1591 5543 52
1629 5494 1783 5558 pieds,
1806 5504 1849 5545 et
1873 5495 1916 5546 le
1935 5494 2169 5558 diamétrc

611 5554 675 5604 de
691 5553 916 5621 sixiretc.
949 5557 1142 5621 voyage
1161 5557 1222 5621 de
1243 5553 1402 5621 Syrie,
1429 5563 1463 5621 ιΣ
1485 5555 1529 5621 l,
1565 5571 1612 5617 p.
1630 5553 1744 5616 '109,
1766 5553 1876 5606 Hei.
1904 5556 2029 5608 Edit.

679 5619 745 5739 ἔκ)
773 5620 963 5686 prage
985 5614 1044 5668 az-
1068 5614 1230 5684 Syrt'e,
1256 5614 1301 5664 ῐῖ
1322 5617 1360 5675 1,
1387 5616 1553 5700 ιι.1ι,9.

701 5678 738 5739 ι)
768 5680 905 5728 Licet
937 5693 1019 5727 mu
1042 5687 1088 5728 ta
1127 5678 1350 5739 exempla
1395 5691 1553 5738 parun

701 5678 738 5740 ι)
768 5677 1019 5728 Lit-Terruu
1042 5677 1350 5739 ta"exempia
1395 5691 1553 5738 parvae
1592 5677 1866 5742 diligentia
1909 5681 2157 5730 adducere

2264 4369 2544 4423 hodiernis
2564 4369 2951 4438 auctoribuset
2973 4367 3225 4438 itinerum
3255 4369 3611 4438 scriptoribus
3630 4369 3842 4423 descri-

2264 4438 2428 4502 bitur,
2463 4439 2833 4507 responderet.
2873 4435 2984 4491 Hoc
3021 4453 3087 4493 eo
3112 4435 3380 4492 libentius
3396 4437 3552 4503 facio,
3589 4439 3720 4506 quia
3752 4440 3842 4492 in-

2263 4507 2508 4578 digemus
2540 4508 2917 4560 emendatione
2944 4509 3062 4575 ejus
3091 4507 3193 4561 loci
3223 4507 3462 4577 Iosephi,
3495 4507 3588 4576 qui
3621 4509 3841 4578 inveni-

2265 4577 2354 4648 tur
2373 4577 2435 4648 in
2465 4577 2583 4648 ejus
2608 4578 2916 4648 narratione
2946 4579 3012 4631 de
3040 4577 3281 4648 Pompeji
3315 4577 3510 4648 itinere
3537 4592 3637 4646 per
3655 4577 3840 4632 Cale-

2266 4646 2475 4715 Syriam
2498 4646 2816 4700 Damascum
2845 4647 2915 4718 (υ)
2941 4665 2954 4677 ·
2986 4648 3075 4702 ubi
3104 4646 3388 4718 postquam
3414 4647 3646 4713 dixerat,
3679 4649 3842 4702 Pom-

2265 4770 2458 4820 possem
2483 4765 2580 4820 etc.

2329 4821 2402 4878 (tt)
2426 4817 2619 4869 Βαιὺεεὶ
2655 4827 2759 4871 erat
2798 4833 2973 4869 mense
3020 4819 3282 4870 Novembr.
3305 4834 3382 4869 an.
3405 4819 3545 4877 1689,
3572 4823 3627 4867 et
3644 4820 3840 4870 librum

2265 4881 2315 4928 in
2337 4879 2500 4949 lucem
2526 4881 2708 4932 edebat
2730 4895 2809 4932 an.
2836 4882 2974 4930 1722.
2996 4879 3362 4932 dedicationem
3387 4882 3448 4931 20
3467 4883 3694 4931 Januarii
3718 4883 3837 4944 ejus

2265 4948 2380 4991 aunt
2403 4948 2590 4992 notans.

2331 5001 2399 5064 (υ)
2424 5001 2582 5071 Antia.
2625 5005 2658 5071 l_.
2694 5017 2867 5071 _xtv,_c.
2893 5003 3295 5071 _5,_vel__5,pn._2.
3343 5006 3520 5071 Amst._
3549 5001 3671 5071 edit-
3698 5005 3837 5071 quod

2265 5071 2411 5129 caput
2449 5064 2521 5129 sic
2546 5064 2730 5126 incipit
2754 5080 2766 5114 :
2791 5067 2906 5114 Μετ’
2926 5065 2981 5114 οὐ
3003 5065 3130 5129 noli)»
3145 5069 3196 5115 δὲ
3209 5066 3463 5127 Πομπηΐου
3485 5066 3549 5129 εἰς
3568 5066 3836 5129 Δαμασκᾲν

2265 5125 2567 5190 ἀφὶκομτένου,
2591 5125 2672 5190 uoti
2710 5129 2872 5184 κοίλην
2905 5127 3070 5188 Συρίαν
3115 5125 3341 5182 ἐπιόντός,
3367 5134 3460 5175 etc.
3491 5126 3539 5174 id
3582 5125 3836 5190 estpugtlo

2266 5187 2387 5256 post,
2415 5187 2642 5256 Pompeio
2684 5201 2849 5256 persas
2892 5187 3189 5256 parmarum
3233 5193 3466 5256 tendente.
3489 5196 3534 5256 et
3579 5188 3773 5256 οωιςτε

2267 5247 2392 5302 riam
2419 5247 2653 5304 visitan'te,
2677 5249 2819 5310 legati
2838 5249 2901 5298 ad
2921 5256 3387 5310 etnttvenerwtt,etc.
3409 5249 3467 5298 lit
3503 5255 3668 5296 tamen
3691 5247 3835 5297 Hud-

2266 5312 2456 5373 senius,
2475 5309 2750 5378 versionem
2791 5309 3003 5378 Gelenii_
3025 5325 3280 5378 sequensL
3284 5310 3332 5360 id
3372 5312 3445 5359 sic
3484 5311 3668 5378 vertit;
3702 5310 3820 5378 Non

2266 5380 2426 5425 autem
2480 5373 2629 5435 "mtto
2669 5378 2791 5435 post,
2815 5385 2924 5421 cum
2963 5373 3224 5435 Pompejus
3246 5374 3535 5422 Damascum
3559 5373 3764 5435 uenisset
3785 5375 3834 5420 et

2271 5431 2880 5497 Cwlen-Syrimn'obiret:
2903 5447 2960 5497 ac
2995 5435 3037 5481 si
3087 5431 3349 5497 Ptimpejus
3403 5435 3692 5497 Damascum
3727 5433 3830 5491 jam

2266 5493 2762 5558 intrassetmuamvis
2775 5495 3025 5558 dosephus
3063 5497 3172 5553 ejus
3199 5493 3462 5544 adventum
3489 5499 3606 5541 tunc
3625 5493 3830 5541 demum

2268 5568 2454 5616 narret,
2477 5553 2586 5606 cum
2605 5553 2957 5615 (Itale-Syriam
2983 5553 3271 5612 visitaverit,
3295 5562 3348 5604 et
3385 5563 3601 5603 montem
3621 5566 3832 5615 supera-

2267 5621 2412 5671 verit.
2439 5616 2718 5669 Hudsonius
2757 5625 2920 5673 antea,
2945 5630 2987 5664 c.
3011 5618 3059 5674 2,
3083 5630 3132 5665 η.
3156 5620 3362 5679 3,_reete
3415 5622 3638 5667 verterat
3656 5616 3827 5679 ἀψαύ-

2267 5697 2400 5739 μενος
2423 5683 2488 5736 εἰς
2509 5681 2778 5741 Δαμασκὸν,
2808 5680 3094 5728 Damascum
3114 5677 3367 5730 prolectus.
