4096 6296
497 324 597 392 791

496 420 564 497 Αὲ.
617 439 680 495 c.
1750 494 1759 509 ,
1793 441 1897 514 [οι.
1931 440 2073 513 Ιρίι.]
2103 449 2151 503 Α

470 540 480 612 ς
564 531 690 588 419.
722 546 798 587 xr.
846 529 966 586 lnd.
1019 545 1079 586 ιι.
1132 530 1379 588 Monaxio
1437 543 1490 588 et
1537 532 1751 590 Plintha

495 638 639 679 coss.
1821 630 1873 682 5.

468 694 479 798 ξ
570 715 664 770 llis
691 731 833 771 coss.
858 717 947 772 die
974 716 1254 773 Dominica
1276 761 1290 781 ,
1323 719 1514 774 Aetius
1558 720 1754 790 praefe-

465 813 617 899 Ictus
647 807 930 871 urbi,cum
948 821 1059 862 suae
1090 807 1369 875 dignitatis
1410 810 1615 875 habitu,
1640 810 1753 864 Ma-

494 913 655 967 gnam
681 899 966 953 ecclesiam
1012 900 1288 971 ingressus
1314 917 1500 956 mense
1528 904 1747 967 Peritio,

496 1004 562 1043 ex
597 1004 649 1044 a.
680 991 734 1044 d.
766 1006 839 1045 vu
875 991 1098 1047 Kalend.
1150 991 1399 1063 Martias,
1453 995 1580 1050 dum
1629 1013 1752 1066 per-

496 1079 634 1135 actis
660 1081 916 1151 precibus
936 1082 1142 1138 abitum
1172 1092 1407 1155 pararet,
1437 1096 1660 1141 vocatus
1681 1086 1749 1141 ad

496 1170 789 1241 palatium,
830 1171 1087 1244 Cyriacus
1116 1174 1336 1244 quidam
1368 1191 1556 1241 senex,
1591 1192 1755 1247 gran-

498 1262 641 1318 diori
686 1264 863 1319 cultro
910 1264 964 1319 in
1016 1265 1206 1320 charta
1259 1267 1548 1333 occultato,
1589 1269 1755 1323 veluti

497 1354 741 1411 libellum
765 1358 1065 1429 supplicem
1085 1359 1163 1414 illi
1188 1361 1513 1431 porrigeret,
1531 1362 1599 1417 ad
1622 1363 1755 1417 dex-

498 1456 638 1503 tram
686 1450 919 1519 pectoris
943 1462 1149 1520 partem
1178 1453 1249 1507 ita
1280 1452 1428 1507 illum
1459 1454 1743 1523 percussit,

500 1544 561 1592 ut
582 1538 725 1593 illius
753 1541 948 1609 penula
979 1551 1033 1596 et
1063 1550 1183 1612 toga
1218 1542 1501 1611 perforatae
1528 1544 1751 1601 fuerint.

1071 1632 1193 1690 CCC
1218 1634 1491 1706 Olympias

571 1721 697 1775 420.
737 1738 832 1776 xu.
877 1724 994 1779 Ind.
1043 1742 1123 1780 ιιι.
1173 1727 1481 1782 Theodosio
1533 1727 1757 1785 Juniore

501 1810 745 1882 Augusto
777 1814 847 1868 ΙΧ
876 1824 932 1870 et
959 1815 1282 1873 Constantio
1313 1818 1380 1872 Ill
1412 1836 1555 1875 coss.
1831 1824 1886 1877 4.

571 1902 707 1959 Cum
755 1906 1094 1963 adolesceret
1142 1908 1485 1967 Theodosius
1536 1912 1730 1967 Junior
1779 1915 2074 1985 Augustus,

501 2006 729 2065 parente
778 2001 1095 2072 superstite,
1143 2001 1341 2057 studiis
1384 2017 1449 2057 ac
1496 2003 1718 2058 lectioni
1770 2003 1825 2057 in
1880 2004 2079 2074 palatio

503 2085 669 2140 dabat
709 2102 931 2158 operam
962 2107 976 2145 :
1007 2106 1073 2145 eo
1110 2107 1240 2147 vero
1279 2100 1514 2159 mortuo,
1561 2110 1683 2148 cum
1739 2094 1833 2148 illo
1868 2094 2081 2165 legebat

502 2175 821 2232 adolescens
845 2179 1063 2248 quidam
1101 2180 1384 2245 Paulinus,
1421 2182 1704 2251 cujusdam
1751 2184 2081 2237 domestico-

503 2282 622 2321 rum
651 2269 866 2325 comitis
904 2270 1064 2327 ﬁlius.
1096 2272 1327 2327 Amabat
1374 2281 1556 2327 autem
1608 2274 1783 2343 ipsum
1826 2273 2079 2329 Theodo—

503 2356 641 2412 sius.
673 2356 883 2413 Etcum
906 2360 1016 2429 jam
1042 2360 1098 2416 in
1136 2362 1313 2417 virum
1359 2362 1687 2419 adolevisset
1738 2364 2082 2419 Theodosius

502 2446 698 2503 Junior
738 2452 1033 2522 Augustus,
1095 2454 1354 2523 cupiebat
1408 2454 1685 2509 dominam
1736 2458 2083 2512 matrimonio

504 2542 608 2597 sibi
639 2543 956 2613 adjungere,
983 2560 1156 2616 eoque
1187 2546 1414 2601 nomine
1443 2547 1675 2602 subinde
1705 2548 2084 2618 interpellabat

504 2635 781 2690 dominam
812 2637 1158 2693 Pulcheriam
1189 2653 1456 2705 sororem,
1483 2655 1603 2710 qua:
1636 2648 1744 2694 tum
1771 2641 1924 2711 virgo
1942 2650 2080 2707 erat,

506 2737 563 2783 et
599 2744 724 2783 cum
752 2728 976 2784 fratrem
1008 2731 1277 2802 diligeret,
1315 2747 1347 2787 a
1376 2732 1587 2802 nuptiis
1624 2733 1890 2788 hactenus
1912 2733 2083 2788 absti-

507 2829 725 2875 nuerat.
769 2821 1012 2876 Sollicita
1050 2823 1345 2877 admodum
1375 2832 1491 2877 erat
1536 2839 1696 2893 quam
1740 2840 1805 2879 ex
1835 2826 2085 2895 complu-

507 2912 663 2968 ribus
717 2914 913 2984 puellis
951 2929 1017 2969 ex
1064 2916 1296 2986 patricio
1345 2916 1432 2970 vel
1483 2915 1835 2986 imperatorio
1885 2932 2084 2987 genere

507 3005 664 3061 fratri
696 3005 749 3060 in
781 3021 1005 3061 uxorem
1030 3007 1313 3078 deligeret,
1342 3015 1589 3063 statuens
1626 3023 1749 3063 cum
1790 3008 1880 3062 illo
1910 3009 1963 3062 in
1991 3024 2087 3079 pa-

1692 329 2127 393 CHRDNICON
2166 312 2570 393 PASCHALE.

3640 322 3749 387 792
3770 298 3781 317 ”’

2246 519 2365 574 Ἰνδ.
2399 519 2465 591 β’.
2500 525 2587 573 ια’.
2620 518 2999 585 ὐπ.Μοναξίου
3030 519 3127 575 καὶ
3160 519 3363 575 Πλίνθα
3392 518 3526 592 (45).

2257 704 2379 756 Ἐπὶ
2410 701 2615 757 τούτων
2662 701 2769 756 τῶν
2812 703 3033 757 ὑπάτων
3063 702 3248 775 ἡμέρᾳ
3289 702 3542 774 Κυριακῇ
3573 698 3753 753 εἰσελ-

2174 793 2356 856 θόντος
2387 793 2591 847 Ἀετίου
2626 792 2735 864 (46)
2793 792 3036 864 ἐπάρχου
3075 793 3283 857 πόλεως
3326 791 3462 863 μετά
3490 790 3585 844 τοῦ
3624 790 3757 861 σχήο

2178 901 2347 955 ματος
2375 885 2432 938 ἐν
2474 888 2538 956 τῇ
2579 884 2790 956 μεγάλῃ
2826 886 3092 957 ἐκκλησίᾳ
3131 886 3261 956 μηνὶ¹
3295 883 3533 955 Περιτίῳ
3565 881 3674 953 πρὸ
3707 882 3757 946 ζ’

2172 975 2471 1030 Καλανδῶν
2500 976 2762 1047 Μαρτίων
2808 976 2900 1030 ἐπὶ
2932 976 3011 1046 τῷ
3044 977 3340 1048 εὐξάμενον
3373 974 3536 1029 αὐτὸν
3582 972 3758 1028 ἀπελ-

2176 1066 2290 1119 θεῖν
2321 1064 2589 1137 κληθέντα
2618 1069 2677 1120 ἐν
2708 1066 2787 1137 τῷ
2830 1066 3099 1137 παλατίῳ,
3132 1066 3413 1138 Κυριακός
3453 1082 3537 1129 τις
3570 1064 3759 1135 γέρων

2178 1155 2359 1228 βαλὼν
2389 1157 2665 1229 μάχαιραν
2699 1158 2943 1230 μεγάλην
2971 1160 3052 1222 είς
3081 1159 3308 1229 χάρτην,
3342 1157 3546 1212 ὡσανεὶ
3578 1154 3760 1209 M631-

2175 1245 2267 1299 λον
2297 1246 2447 1316 αὐτῷ
2478 1248 2827 1318 προσφέρων,
2868 1246 3129 1318 ἔκρουσεν
3155 1246 3303 1317 αὐτῴ
3356 1248 3496 1300 κατά
3542 1244 3637 1298 τοῦ
3668 1244 3758 1296 δε-

2179 1336 2293 1403 ξιοῦ
2328 1337 2526 1407 μέρους
2551 1338 2703 1391 τοῦ²⁸
2732 1337 2981 1410 στήθους,
3003 1338 3145 1393 ὥστε
3168 1338 3231 1393 τὸ
3257 1337 3558 1393 πενόλιον²⁸
3588 1335 3760 1393 αὐτοῦ

2178 1428 2273 1482 καὶ
2304 1428 2402 1499 τὴν
2429 1428 2596 1497 τόγαν
2622 1428 2907 1501 τρηθῆναι.

2750 1637 2793 1683 τ’
2848 1631 3177 1699 Ὀλυμπιάς

2266 1722 2384 1775 Ἰνδ.
2422 1728 2491 1790 γ’.
2531 1722 2618 1793 ιβ’.
2650 1723 2745 1777 ὐπ.
2782 1723 3065 1776 Θεοδοσίου
3114 1724 3256 1777 Νέου
3282 1725 3595 1794 Αὐγούστου
3620 1728 3682 1780 τὸ
3713 1727 3759 1781 θ’

2108 1800 2154 1860 Β
2182 1812 2277 1864 καὶ
2306 1813 2687 1867 Κωνσταντίου
2715 1815 2826 1885 (47)
2859 1813 2920 1867 τὸ
2948 1821 3020 1881 γ’.

2251 1904 2382 1957 Ὅτε
2409 1905 2710 1975 προέκοψεν
2741 1906 2837 1977 τὴν
2859 1907 3078 1977 ἠλικίαν
3106 1905 3383 1973 Θεοδόσιος
3406 1909 3523 1973 νέος
3553 1908 3781 1978 Αὐγου-⁴

2182 2020 2327 2067 στος,
2358 2004 2719 2072 ἀνεγίνωσκεν
2742 2006 2800 2058 ἐν
2832 2004 2908 2075 τῷ
2938 2003 3184 2076 παλατίῳ
3205 2005 3401 2078 ἐνζωῇ
3433 2006 3527 2060 τοῦ
3557 2009 3767 2078 πατρὸς

2179 2096 2343 2150 αὐτοῦ
2371 2114 2387 2129 ο
2427 2097 2522 2151 καὶ
2552 2096 2689 2168 μετά
2712 2096 2969 2168 τελευτὴν
2997 2097 3091 2151 τοῦ
3127 2097 3335 2167 πατρὸς
3374 2098 3539 2152 αὐτοῦ
3570 2101 3614 2129 ’⁸
3644 2117 3770 2153 συν-

2181 2190 2554 2263 ανεγίνωσκεν
2607 2188 2717 2263 (48)
2772 2190 2923 2261 αὐτῷ
2982 2188 3243 2261 νεώτερός
3295 2208 3378 2255 τις
3445 2191 3671 2262 ὀνόματι
3718 2193 3765 2225 ⁸⁷

2187 2260 2469 2346 ΪΙαυλῖνος,
2513 2260 2627 2344 υἱός
2672 2297 2816 2338 τινος
2865 2260 3107 2351 κόμητος
3152 2260 3509 2352 δομεστίκων.
3544 2260 3771 2350 ⁷Ἐφίλεί

2181 2373 2238 2425 δὲ
2271 2373 2429 2441 311
2456 2372 2616 2425 αὐτὸν
2650 2371 2949 2435 Θεοδόσιος.
2972 2373 3083 2425 Καὶ
3106 2371 3456 2444 ἀνδρειωθεὶς
3480 2371 3526 2405 ³⁸
3546 2374 3574 2426 ό
3601 2374 3771 2437 αὐτὸς

2183 2462 2460 2525 Θεοδόσιος
2514 2462 2634 2524 νέος
2663 2460 2973 2529 Αὔγουστος
3015 2462 3199 2533 ἐζήτει
3240 2461 3425 2515 λαϐεῖν
3479 2462 3771 2516 δέσποιναν

2183 2555 2264 2617 εἰς
2297 2554 2474 2624 γάμον
2499 2568 2515 2586 ·
2558 2553 2654 2607 καὶ
2692 2551 2853 2621 ὥχλει
2899 2554 2964 2623 τῇ
3008 2552 3214 2624 ἀδελφῇ
3249 2553 3414 2606 αὐτοῦ
3461 2554 3772 2626 Πουλχερίᾳ

2184 2644 2251 2712 τῇ
2284 2641 2561 2712 δεσποίνῃ,
2610 2638 2746 2711 οὐσῃ
2780 2639 3054 2711 παρθένῳ.
3104 2640 3348 2711 Κάκείνη
3378 2641 3539 2695 πάλιν
3563 2642 3639 2705 ὡς
3676 2660 3773 2712 φι-

2183 2733 2352 2787 λοῦσα
2377 2732 2468 2786 τὸν
2496 2732 2624 2786 ῐδιον
2654 2731 2824 2801 αὐτῆς
2859 2731 3089 2802 ἀδελφὸν
3124 2733 3223 2803 οὐχ
3248 2733 3424 2787 εἵλετο
3451 2732 3771 2804 γαμηθῆναί

2183 2843 2312 2879 τινι.
2358 2826 2421 2878 Ἦ
2478 2824 2536 2877 δέ
2595 2824 3081 2895 περιεργασαμένη
3116 2824 3247 2897 περὶ
3297 2825 3511 2879 πολλῶν
3562 2824 3776 2895 παρθέ-

2185 2936 2293 2973 νων
2319 2918 2364 2951 ²⁹
2390 2916 2683 2988 κορασίων,
2711 2916 3028 2987 θυγατέρων
3058 2917 3362 2988 πατρικίων
3391 2916 3486 2971 καὶ
3515 2916 3573 2980 ἐξ
3606 2916 3777 2986 αἵμα-

2185 3029 2276 3075 τος
2313 3009 2618 3095 βασιλικοῦ,
2654 3009 2887 3064 θέλουσα
2914 3009 2992 3081 τῷ
3015 3008 3230 3080 ἀδελφῷ
3266 3008 3438 3079 αὐτῆς
3462 3007 3773 3077 συνδιάγειν

507 3097 641 3153 latio
687 3113 795 3153 una
832 3098 1059 3154 versari.
1097 3098 1236 3154 Tum
1291 3098 1656 3173 Theodosius,
1683 3117 1703 3150 ι
1731 3098 1958 3164 Vellem,
2000 3098 2086 3152 in-

2189 3106 2248 3157 ἐν
2299 3104 2376 3174 τῷ
2434 3103 2742 3174 παλατίῳ.-
2775 3103 2885 3156 Καὶ
2949 3098 3104 3157 εἶπεν
3165 3103 3305 3174 αὐτῇ
3356 3102 3636 3165 Θεοδόσιος
3688 3101 3777 3155 δτι

507 3189 648 3261 quit,
678 3190 926 3246 invenire
955 3190 1416 3247 adolescentulam
1447 3192 1681 3261 aliquam
1724 3191 1921 3246 eximia
1948 3190 2086 3245 adeo

2195 3211 2215 3245 ι
2262 3194 2403 3261 Ἐγὼ
2437 3194 2577 3247 θέλω
2612 3195 2794 3266 εὑρεῖν
2824 3195 3095 3265 νεωτέραν
3143 3193 3422 3266 εὔμορφον
3468 3195 3631 3255 πάνυ,
3683 3192 3777 3245 ἴνα

508 3282 939 3353 pulchritudine,
982 3292 1043 3339 ut
1078 3284 1227 3339 nulla
1268 3285 1340 3340 sit
1368 3284 1424 3339 in
1457 3285 1594 3340 urbe
1622 3284 2085 3354 Constantinopo—

509 3372 678 3428 litana
704 3389 825 3444 quae
854 3374 999 3431 hanc
1025 3376 1334 3442 antecellat,
1376 3392 1603 3446 eamque
1633 3390 1699 3431 ex
1736 3375 2087 3446 imperatorio

511 3481 731 3538 genere.
758 3467 818 3521 Si
852 3476 1033 3522 tamen
1069 3468 1220 3523 nulla
1245 3476 1495 3523 occurrat
1517 3467 1810 3538 ejusmbdi,
1840 3477 2001 3537 atque
2024 3483 2087 3522 ea

512 3560 703 3614 forma:
743 3559 1028 3630 elegantia,
1088 3568 1205 3615 tum
1257 3576 1389 3616 vero
1433 3576 1537 3615 nec
1587 3559 1721 3630 regii
1774 3558 1906 3613 mihi
1943 3573 2088 3613 curre

512 3657 644 3703 sunt
667 3649 896 3714 natales,
930 3649 1018 3705 vel
1047 3650 1270 3717 divitiae,
1315 3660 1410 3705 aut
1448 3651 1689 3721 cujusvis
1716 3649 1824 3704 ﬁlia
1877 3649 1949 3705 sit
1983 3648 2091 3703 mi-

513 3740 664 3797 nime
707 3758 828 3798 sum
871 3741 1154 3807 sollicitus,
1203 3743 1498 3798 dummodo
1532 3757 1757 3813 prorsus
1787 3741 1987 3796 eximia
2020 3740 2091 3796 sit

515 3831 709 3897 forma,
763 3840 878 3886 tum
924 3830 1070 3886 illam
1108 3832 1242 3886 mihi
1296 3831 1351 3885 in
1397 3832 1683 3903 coniugem
1731 3847 2027 3886 assumam.
2064 3848 2084 3882 ι

514 3920 728 3989 Quibus
754 3922 975 3990 auditis,
1014 3923 1233 3979 domina
1257 3923 1545 3980 Pulcheria
1566 3925 1942 3994 hujuscemodi
1969 3941 2091 3996 per-
2132 3964 2133 3971 η

514 4013 797 4085 quireudze
821 4013 1013 4085 puella:
1035 4030 1198 4070 causa
1219 4016 1397 4071 varias
1424 4016 1478 4070 in
1510 4016 1759 4087 regiones
1782 4016 1949 4071 misit.
1982 4015 2091 4071 Sed

516 4116 574 4162 et
594 4105 879 4175 Paulinus,
910 4106 1203 4163 Theodosii
1236 4107 1418 4163 socius
1456 4116 1511 4163 et
1547 4108 1775 4173 amicus,
1814 4108 1916 4163 hac
1947 4108 2001 4161 in
2032 4121 2092 4161 re

515 4197 828 4255 Theodosio
858 4200 1075 4271 placere
1103 4200 1331 4270 cupiens
1353 4199 1838 4255 circumcursabat.
1880 4198 2093 4254 Accidit

518 4287 732 4344 interea
760 4298 819 4345 ut
845 4288 1378 4359 Constantinopolim
1414 4306 1539 4345 cum
1582 4291 1698 4345 suis
1726 4290 1970 4362 cognatis
1999 4304 2094 4344 ve-

517 4378 666 4435 niret
711 4380 892 4451 puella
938 4379 1268 4445 Graecanica,
1305 4379 1479 4435 forma
1510 4381 1800 4435 admodum
1831 4378 2089 4451 eleganti,

2187 3288 2428 3342 τοιοῦτον
2451 3287 2647 3350 κάλλος
2681 3287 2755 3359 μὴ
2789 3285 2887 3357 ἔχη
2917 3287 3050 3357 ἄλλη
3078 3288 3217 3357 γυνὴ
3246 3289 3303 3340 ἐν
3325 3288 3774 3342 Κωνσταντινου-

2189 3377 2361 3441 πόλει,
2393 3378 2487 3430 καὶ
2506 3377 2564 3442 ἐξ
2590 3377 2821 3446 αἵματος
2847 3376 3150 3446 βασιλικοῦ.
3176 3378 3239 3431 El
3264 3377 3322 3431 δὲ
3355 3378 3429 3449 μή
3459 3380 3608 3431 ἐστιν
3631 3376 3774 3446 καλὴ

2190 3468 2270 3531 είς
2319 3465 2647 3539 ὑπερϐολὴν,
2704 3467 2765 3519 οὐ
2801 3466 2992 3539 χρείαν
3022 3468 3130 3539 ἔχω
3171 3466 3293 3521 οὐτε
3324 3468 3696 3538 ἀξιωματικοῦ
3727 3469 3773 3502 ³⁸

2189 3557 2315 3612 οὐτε
2352 3557 2632 3629 βασιλικοῦ
2665 3559 2898 3630 αἵματος
2940 3558 3066 3613 οὐτε
3095 3559 3378 3622 πλουσίαν,
3408 3560 3547 3614 ἀλλά
3580 3561 3679 3614 καὶ
3724 3563 3777 3616 εί

2190 3662 2333 3709 τινος
2391 3645 2589 3713 δήποτε
2620 3645 2717 3698 ἐάν
2775 3647 2893 3700 ἐστι
2953 3645 3221 3718 Θυγάτηρ,
3276 3647 3438 3718 μόνον
3488 3648 3775 3720 εὐπρεπὴς

2191 3738 2355 3800 πάνυ,
2392 3737 2563 3803 αὐτὴν
2620 3735 2903 3807 λαμϐάνω.
2954 3754 2973 3788 ι
3038 3737 3151 3792 Καὶ
3197 3738 3480 3792 ἀκούσασα
3534 3740 3710 3793 ταῦτα
3741 3742 3776 3810 ἡ

2192 3830 2456 3884 δέσποινα
2481 3830 2793 3902 Πουλχερία
2826 3829 3106 3902 πανταχοῦ
3131 3830 3377 3902 ἔπεμψεν
3407 3832 3779 3905 περιεργαζο-

2198 3922 2335 3993 μένη
2364 3923 2433 3977 ³¹.
2462 3924 2573 3975 Καὶ
2603 3923 2870 3989 Παυλῖνος
2904 3922 2961 3976 δέ
3004 3926 3032 3976 ό
3070 3923 3237 3977 αὐτοῦ
3273 3924 3654 3997 συμπράκτωρ
3684 3930 3779 3980 καὶ

2194 4012 2347 4083 φίλος
2394 4012 2771 4085 περιέτρεχεν,
2814 4014 3010 4084 ἀρέσαι
3062 4013 3230 4067 θέλων
3281 4013 3433 4086 αὐτῷ
3487 4014 3649 4085 χάριν
3680 4014 3777 4068 τοῦ

2193 4104 2488 4175 κεφαλαίου
2519 4105 2732 4158 τούτου.
2789 4106 2878 4158 Ἐν
2915 4105 2972 4159 δὲ
3004 4104 3081 4176 τῷ
3119 4104 3322 4176 μεταξὺ
3365 4106 3564 4174 συνέϐη
3599 4106 3779 4161 ἐλθεῖν

2194 4195 2253 4247 ἐν
2309 4192 2882 4249 Κωνσταντινουπόλει
2954 4190 3095 4263 μεῗά
3145 4192 3256 4246 τῶν
3301 4192 3445 4245 ίδίων
3492 4193 3780 4261 συγγενῶν

2190 4286 2365 4359 κόρην
2395 4286 2867 4359 εὐπρεπεστάτην,
2924 4286 3232 4357 ἐλλόγιμον,
3268 4284 3604 4357 Ἐλλαδικὴν,
3653 4284 3779 4339 ὀνό-

2200 4397 2331 4451 ματι
2384 4379 2695 4452 Ἀθηναΐδα,
2733 4377 3012 4450 θυγατέρα
3061 4377 3362 4449 γενομένην
3411 4377 3779 4450 Ἡρακλείτου

519 4483 587 4526 ac
608 4471 922 4541 eloquentia
945 4471 1228 4541 singulari,
1253 4471 1518 4527 Athenais
1550 4472 1792 4538 nomine,
1829 4471 2090 4527 Heracliti

2196 4470 2292 4526 τοῦ
2358 4471 2675 4543 φιλοσόφου,
2729 4472 2853 4543 ἥτις
2888 4471 3145 4543 Ἀθηναῖς
3178 4469 3505 4541 ἠναγκάσθη
3532 4468 3779 4523 καταλα-

1858 4649 2186 4708 DUCANGll
2222 4649 2455 4706 ΝΟΤᾹΣ.

593 4804 706 4872 (45)
745 4804 993 4859 "mea.
1036 4803 1226 4859 Plenta
1265 4805 1567 4875 appellatur
1597 4807 1651 4861 in
1686 4805 1861 4863 Fastis
1902 4807 2087 4868 ldatii,

523 4886 581 4929 et
615 4876 668 4929 iu
701 4882 871 4929 veter.
906 4875 1152 4945 inscript.
1198 4892 1265 4929 ut.
1289 4873 1314 4937 ,⁷
1341 4875 1391 4928 7.
1446 4873 1503 4930 In
1556 4878 1678 4932 cod.
1711 4876 1919 4933 Canon.
1958 4878 2100 4932 Eccl.

523 4946 690 5017 Afric.
740 4946 971 5017 c.___l_27,
1020 4947 1109 5017 hic
1145 4945 1467 5017 consulatus
1513 4948 1583 5001 ita
1634 4947 1895 5017 signatur.
1937 4948 2002 5002 P.
2038 4948 2101 5001 (Ι.

525 5015 748 5139 {fatigati
779 5014 882 5069 XII
929 5025 976 5069 et
1015 5016 1282 5070 Theodosii
1326 5013 1490 5071 VIII.
1548 5019 1617 5072 At
1644 5013 1778 5073 (Ian.
1819 5019 1937 5082 157,
1973 5019 2104 5089 legi-

554 5102 617 5138 ur
680 5120 693 5137 .
730 5125 742 5138 .

554 5102 617 5138 Ill'
646 5102 742 5138 ΙᾸ.

600 5154 998 5233 (μῂᾏεςίομ
1049 5157 1191 5233 Aetii
1232 5164 1385 5233 praet.
1422 5162 1555 5220 Urbi
1590 5159 1839 5217 meminit
1881 5159 1968 5213 lex
2002 5159 2101 5214 ult.

524 5225 649 5283 cod.
678 5226 886 5281 Theod.
913 5228 981 5283 de
1003 5230 1166 5285 calcis
1194 5225 1394 5287 coctor.

600 5296 711 5367 (47)
753 5298 861 5353 Καὶ
892 5302 1333 5356 Κωνσταντίου.
1362 5303 1671 5359 llolstenius
1707 5313 1764 5359 ct
1791 5300 1935 5357 Fasti
1957 5300 2095 5356 Vos-

526 5364 701 5434 siani,
737 5369 831 5420 καὶ
866 5367 1210 5433 Κώσταντος.

2273 4808 2384 4879 (48)
2418 4806 2991 4879 Συναγαγινώσκων.
3032 4808 3269 4863 Joannes
3287 4805 3674 4879 ,Antiochenu‘s
3710 4805 3781 4879 de

2203 4874 2512 4935 Theodosio
2536 4874 2696 4933 Jun.:
2726 4878 3004 4949 Θεοδόσιος
3032 4880 3061 4949 ό
3092 4878 3345 4949 βασιλεὺς
3369 4874 3782 4949 χαίρεινμείπῲν

2201 4952 2315 5013 τοῖς
2341 4950 2631 5019 παιγνίοις,
2675 4950 2767 5000 ἐπὶ
2792 4948 2983 5016 λόγους
3014 4944 3352 5019 ἐλευθερίους
3372 4944 3646 5015 ’μετέὸαλε
3680 4947 3783 5016 τὴν

2202 5018 2462 5091 γνώμην,
2512 5019 2779 5091 Παυλίνρυ
2837 5035 2898 5091 τε
2952 5018 3047 5091 καὶ
3074 5018 3360 5091 ΔΠλακίτου
3412 5033 3783 5091 συναναγινωο

2204 5084 2442 5143 σχόντων
2470 5088 2618 5159 αὐτῷ
2644 5084 2773 5159 ,οἷς
2814 5089 2909 5142 καὶ
2955 5087 3131 5159 ἀρχὰς
3181 5087 3275 5159 καὶ
3308 5086 3559 5159 ἐξουσίας
3585 5086 3781 5159 ἐχαρί-

2202 5176 2331 5213 σατο
2366 5157 2626 5230 μεγάλας.
2668 5157 2776 5230 Ubi
2805 5157 3006 5230 minus
3026 5168 3173 5213 recte
3219 5158 3567 5230 doctissimus
3604 5158 3785 5230 inter-

2244 5226 2615 5297 resfPaulino
2645 5245 2709 5282 ac
2746 5229 2953 5283 Placito
2994 5229 3260 5299 magistris
3300 5244 3445 5281 usus.
3490 5226 3784 5299 Paulinum

2199 5296 2492 5425 g‘llicodosii
2528 5300 2931 5371 συνανάτροφον
2964 5296 3121 5355 vocat
3148 5298 3345 5370 Georg.
3389 5296 3697 5353 monachus
3724 5296 3784 5350 in

2266 5389 2405 5425 ll’OIl.
2439 5388 2541 5425 IIIS.
2742 5414 2751 5419 ,

2249 5372 2405 5426 ιιι-οη.
2439 5388 2541 5425 ms.

1823 5548 2057 5604 VARUE
2096 5546 2506 5604 LECTlONES.

603 5711 652 5742 ’δ
677 5708 784 5783 τοῦ
822 5723 933 5764 om.
988 5706 1095 5783 P._
1129 5707 1175 5741 "
1199 5706 1491 5783 πενῲλιον-
1516 5706 1622 5761 PV.
1696 5709 1741 5739 "
1768 5706 1936 5783 αὐτοῦ
1963 5679 2349 5783 ’τοῦ-,πατρὸς
2415 5704 2477 5759 Ρ.
2569 5706 2614 5783 _"
2643 5706 2870 5783 ὀνόματι
2905 5722 3014 5767 om.
3060 5705 3121 5765 P.
3162 5775 3183 5783 ο
3220 5705 3266 5739 ³⁸
3294 5701 3610 5775 ἁνδριωθεὶς
3661 5697 3771 5758 PV.

539 5781 587 5815 ⁶⁹
616 5778 895 5854 παρθένων
924 5794 1030 5836 om.
1061 5775 1121 5835 P.
1164 5778 1241 5858 ⁴³⁰
1271 5776 1395 5834 οὐτε
1426 5777 1795 5852 ἀξιωματικοῦ
1829 5794 1936 5835 om.
1963 5777 2021 5835 Ρ.
2099 5779 2141 5812 ³⁸
2172 5775 2651 5850 περιεργασαμένη
2680 5775 2740 5831 θ.
