4096 6296
249 338 371 404 793

1451 338 1885 404 CHBONICON
1924 343 2328 407 PASCHALE.

3403 353 3520 428 ’194

255 447 384 501 δεῖν
409 445 510 518 τὴν
537 443 848 516 Εὐδαίμονα
870 443 1027 499 πόλιν
1056 444 1195 518 πρὸς
1217 443 1318 515 τὴν
1344 443 1479 500 ίδίαν
1501 445 1672 516 αὐτῆς
1694 424 1847 501 θείαν

1952 451 2261 522 philosophi
2293 452 2400 506 ﬁlia
2433 469 2448 508 :
2484 467 2606 522 qua:
2630 452 2855 523 quidem
2891 451 3157 512 Athenais
3188 467 3372 514 coacta
3398 424 3521 517 lue:-

252 540 357 595 διὰ
394 539 664 612 πρόφασιν
688 537 963 609 τοιαύτην.

349 724 411 779 ’0
452 723 741 795 φιλόσοφος
781 722 1135 795 Ἡράκλειτος
1190 722 1302 794 (49)
1356 724 1385 777 ό
1416 723 1588 788 αὐτῆς
1634 723 1842 795 πατὴρ,

202 814 203 821 “
254 818 411 889 ἔχων
434 818 531 871 καὶ
554 815 649 869 δύο
674 813 846 881 υἱοὺς,
874 813 1082 884 μέλλων
1105 813 1362 885 τελευτᾷν
1379 812 1603 879 διέθετο,
1627 813 1846 882 γράψας

256 910 332 962 ἐν
361 911 430 978 τῇ
480 904 646 960 αὐτοῦ
695 903 927 976 διαθήκῃ
976 904 1349 978 κληρονόμους
1377 904 1561 976 πάσης
1610 905 1712 976 τῆς
1752 905 1845 958 ὑπ’

254 999 438 1055 αὑτοῦ
485 994 943 1067 καταλειφθείσης
1007 994 1323 1067 περιουσίας
1374 996 1502 1060 τοὺς
1547 995 1640 1049 δύο
1692 996 1845 1060 υἱοὺς

259 1087 443 1144 αὑτοῦ
477 1085 846 1157 Οὐαλεριανὸν
887 1086 983 1139 καὶ
1017 1085 1226 1151 Γέσιον,
1254 1084 1495 1157 είρηκὼς
1521 1087 1580 1140 έν
1605 1088 1671 1158 τῇ
1702 1087 1842 1160 αὐτῇ

256 1178 507 1248 διαθήκῃ
539 1190 555 1206 ·
601 1192 621 1227 ι
664 1172 937 1245 ’Δθηναῒδι
960 1172 1020 1228 δὲ
1048 1176 1115 1245 τῇ
1154 1173 1510 1247 ποθεινοτάτῃ
1539 1192 1641 1246 μου
1674 1175 1846 1245 θυγα-

256 1270 359 1341 τρὶ
379 1268 603 1340 δοθῆναι
634 1265 896 1337 βούλομαι
943 1265 1255 1337 νομίσματα
1286 1266 1480 1322 ἑκατὸν
1518 1266 1614 1321 καὶ
1646 1267 1804 1339 μόνον
1828 1282 1845 1299 ο

255 1362 437 1433 ἀρκεῖ
468 1360 578 1431 γάρ
616 1360 752 1430 αὐτῇ
811 1360 846 1429 ή
883 1358 1056 1427 αὐτῆς
1086 1358 1224 1430 τύχη
1267 1359 1611 1432 ὑπερέχουσα
1665 1362 1848 1414 πᾶσαν

257 1456 369 1524 τὴν
404 1450 727 1521 γυναικείαν
754 1448 947 1521 τύχην.
982 1469 1001 1503 ι
1029 1451 1140 1504 Kal.
1169 1451 1398 1523 τελευτᾷ
1421 1453 1450 1505 ὁ
1475 1453 1644 1523 αὐτῆς
1665 1452 1848 1524 πατὴρ

270 1544 639 1614 Ἡράκλειτος
665 1543 694 1596 ὁ
732 1542 894 1612 σοφὸς
932 1541 1238 1613 Ἀθηναῖος.
1276 1544 1432 1599 Μετὰ
1463 1545 1519 1599 δὲ
1546 1545 1645 1617 τὴν
1679 1544 1846 1599 αὐτοῦ

259 1635 575 1690 ἀποϐίωσιν
602 1635 699 1689 καὶ
725 1633 820 1687 τοῦ
848 1632 895 1665 ³³
915 1633 1053 1705 δῆλα
1076 1635 1334 1703 γενέσθαι
1356 1636 1424 1689 τὰ
1444 1635 1848 1689 διατυπωθέντα

259 1728 299 1798 ἡ
333 1727 485 1798 αὐτὴ,
525 1726 571 1758 ⁸³
626 1722 860 1795 Δθηναῖς
898 1726 1025 1788 τοὺς
1080 1726 1281 1797 ἑαυτῆς
1329 1726 1591 1796 ἀδελφοὺς
1655 1725 1847 1779 ὲδυσώ·

1945 550 2030 596 rat
2071 542 2305 597 Felicem
2338 542 2526 597 urbem
2554 552 2741 614 petere
2763 586 2779 610 ,
2818 546 3043 600 amitam
3087 563 3243 603 suam
3274 564 3524 608 conven-

1947 640 2088 697 tura,
2122 632 2224 687 hac
2242 649 2404 702 quam
2428 633 2624 687 dicturi
2656 649 2845 689 sumus
2874 634 3186 692 occasione.

2017 720 2321 776 Heraclitus
2369 722 2746 793 philosophus,
2797 724 2944 779 illius
2983 734 3158 795 pater,
3209 742 3333 783 cum
3385 728 3523 787 duos

1946 812 2172 868 baberet
2196 812 2356 879 ﬁlios,
2388 814 2687 869 moriturus
2713 824 3100 871 testamentum
3132 818 3396 885 condidit,
3415 836 3526 890 quo

1945 904 2085 960 duos
2138 904 2269 985 illos
2321 904 2479 971 filios,
2508 902 2857 961 Valerianum
2900 915 2963 962 et
3009 907 3253 975 Gesium,
3306 925 3374 965 ex
3402 926 3528 967 asse

1946 984 2163 1067 scripsit
2221 996 2487 1062 han-edes,
2536 984 2688 1053 hisce
2740 998 2926 1053 verbis
2976 999 3248 1070 adjectis:
3294 1019 3313 1052 ι
3350 1003 3526 1058 Athe-

1946 1088 2093 1144 naidi
2124 1103 2255 1143 vero
2284 1086 2760 1144 desideratissima:
2782 1089 2906 1145 filiae
2931 1105 3067 1146 mea:
3091 1092 3215 1147 volo
3253 1091 3367 1147 dari
3388 1094 3530 1149 dun-

1948 1190 2097 1236 taxat
2134 1191 2354 1236 centum
2390 1196 2648 1236 nummos
2696 1199 2711 1236 :
2759 1182 2958 1238 sulIicit
3007 1184 3155 1240 enim
3196 1185 3271 1240 illi
3306 1185 3526 1243 fortuna

1947 1288 2065 1337 sua,
2120 1288 2242 1343 qua:
2284 1272 2558 1327 fortunam
2590 1287 2810 1329 omnem
2858 1275 3179 1331 muliebrem
3226 1278 3459 1333 excedit.
3499 1298 3520 1331 ι

1947 1366 2125 1436 Atque
2177 1364 2250 1420 ita
2306 1366 2539 1421 moritur
2602 1377 2757 1438 pater
2806 1366 3112 1426 Heraclitus
3167 1372 3530 1445 philosophus

1946 1457 2317 1512 Atheniensis.
2352 1457 2481 1513 Post
2502 1468 2734 1515 mortem
2760 1476 2890 1515 vero
2918 1462 3083 1527 illius,
3106 1464 3376 1519 Athenais
3401 1480 3528 1520 cum

1948 1562 2069 1618 qua:
2102 1548 2157 1602 in
2196 1557 2426 1618 paterno
2468 1560 2800 1606 testamento
2829 1562 3050 1607 exarata
3097 1563 3257 1609 erant
3282 1556 3529 1627 accepis-

1949 1646 2052 1704 set,
2106 1638 2303 1693 fratres
2360 1655 2509 1706 suos,
2572 1650 2763 1710 utpote
2819 1652 2951 1698 natu
3007 1645 3262 1714 majores,
3312 1646 3527 1702 illorum

1947 1730 2112 1786 etiam
2160 1730 2389 1801 pedibus
2414 1731 2690 1796 advoluta,
2724 1733 2953 1803 rogavit,
2984 1745 3064 1801 ut,
3087 1737 3400 1805 posthabito
3430 1754 3528 1808 pa-

262 1794 363 1872 πει
395 1794 536 1890 (ὅθ),
568 1817 645 1881 ὡς
694 1794 950 1888 μείζονας
984 1817 1146 1881 ὄντας
1171 1794 1272 1889 τὴν
1322 1794 1560 1888 ἠλικίαν,
1610 1816 1848 1888 προσπί-

1952 1822 2049 1876 tris
2074 1794 2423 1884 testamento,
2443 1823 2658 1877 tertiam
2677 1794 3024 1880 thaer'editatis
3050 1794 3260 1895 partem
3292 1827 3395 1883 sibi
3428 1794 3529 1885 ha-

260 1924 487 1961 πτουσα
538 1907 727 1971 αὐτοῖς
770 1908 867 1960 καὶ
908 1908 1137 1960 αἰτοῦσα
1176 1906 1250 1978 μὴ
1300 1906 1560 1979 προσχεῖν
1609 1911 1673 1979 τῇ
1709 1909 1846 1979 αὐτῇ

258 2000 528 2072 διαθήκῃ,
565 1998 701 2053 ἀλλὰ
733 1998 797 2051 τδ
819 1999 1001 2070 τρίτον
1034 1999 1203 2070 μέρος
1235 1999 1419 2054 λαϐεῖν
1448 2000 1549 2068 τῆς
1590 1998 1851 2069 πατρῴας

262 2093 615 2161 περιουσίας,
661 2090 895 2160 λέγουσα
953 2090 1119 2161 μηδὲν
1170 2089 1578 2162 ἡμαρτηκέναι,
1620 2090 1847 2145 ἀλλ’ὅτι

266 2202 293 2235 ε
334 2184 445 2235 Kal.
472 2184 632 2253 ὑμεῖς
659 2185 961 2251 γινώσκετε
987 2183 1049 2237 τὸ
1072 2183 1119 2214 ³⁵
1139 2182 1257 2245 πῶς
1292 2181 1578 2251 διεκείμην
1599 2181 1738 2253 πρὸς
1758 2181 1851 2234 τὸν

265 2275 456 2327 κοινὸν
478 2276 513 2344 ἡ
525 2274 641 2344 μῶν
679 2274 916 2346 πατέρα,
952 2275 1047 2327 καὶ
1078 2276 1179 2328 οὐκ
1218 2270 1337 2327 οἶδα
1357 2273 1445 2327 διὰ
1467 2274 1519 2327 τί
1549 2274 1752 2344 ἄπορόν
1784 2291 1852 2343 με

264 2365 565 2419 κατέλιπεν
621 2365 831 2435 μέλλων
887 2366 1147 2437 τελευτᾷν
1205 2366 1300 2419 καὶ
1345 2365 1613 2436 εὐπορίας
1670 2368 1853 2436 τυχεῖν

264 2457 415 2528 μετά
447 2456 546 2528 τὴν
574 2455 738 2510 αὑτοῦ
787 2456 1056 2528 νέκρωσιν
1111 2457 1405 2528 ἐχαρίσατό
1456 2474 1567 2528 μοι.
1638 2475 1657 2508 ι
1699 2459 1763 2511 Οἱ
1797 2457 1853 2510 δὲ

263 2550 444 2619 αὐτῆς
486 2551 710 2618 ἀδελφοὶ
774 2550 998 2622 ἔμειναν
1050 2552 1317 2619 ἀπειθεῖς,
1358 2552 1454 2607 καὶ
1511 2552 1855 2624 ὀργισθέντες

262 2643 431 2713 312
477 2641 705 2709 ἐδίωξαν
756 2643 927 2715 αὐτὴν
976 2644 1073 2697 καὶ
1121 2646 1184 2697 ἐκ
1224 2642 1321 2697 τοῦ
1375 2643 1634 2716 πατρῴου
1676 2644 1854 2698 αὐτῶν

262 2736 449 2789 οῖκου.
486 2734 599 2787 Καὶ
634 2734 853 2800 ἐδέξατο
886 2735 1059 2807 αὐτὴν
1092 2734 1278 2789 λοιπὸν
1308 2736 1340 2805 ὴ
1393 2735 1601 2806 ἀδελφὴ
1630 2735 1857 2805 τῆςλγε-

264 2825 505 2894 νομένης
540 2824 713 2895 αὐτῆς
759 2826 989 2898 μητρὸς,
1029 2828 1123 2879 καὶ
1173 2826 1235 2880 οὐ
1282 2827 1445 2895 μόνον
1486 2826 1561 2891 ὡς
1586 2827 1851 2898 ὀρφανὴν,

263 2915 406 2970 ἀλλά
458 2917 555 2969 καὶ
596 2915 673 2980 ὡς
717 2916 988 2989 παρθένον
1026 2918 1122 2972 καὶ
1165 2918 1535 2988 ἀδελφόπαιδα
1590 2918 1855 2988 ἐφύλαξεν

263 3007 442 3075 αὑτήν
485 3021 499 3035 ο
554 3007 747 3077 ἥντινα
796 3007 1034 3064 λαϐοῦσα
1087 3011 1206 3081 μεθ’
1238 3011 1438 3083 ἑαυτῆς
1467 3011 1744 3081 ἀνήγαγεν
1796 3013 1855 3064 ὲν

266 3093 853 3197 Ιξωνσταντινουπόλει
913 3096 1051 3167 πρὸς
1103 3096 1203 3169 τὴν
1250 3097 1421 3167 ἀλλην
1474 3097 1625 3151 θείαν
1678 3098 1852 3169 αὐτῆς
1878 3140 1921 3197 C

264 3185 365 3255 τὴν
400 3184 638 3256 ἀδελφὴν
683 3186 777 3239 τοῦ
825 3187 996 3258 αὐτῆς
1033 3189 1239 3259 πατρὸς
1299 3190 1683 3261 Ἡρακλείτου.
1742 3191 1853 3244 Καὶ

264 3274 536 3329 λαϐοῦσαι
570 3276 742 3350 αὐτὴν
787 3278 1055 3348 ἐποίησαν
1099 3280 1328 3345 ἀξίωσιν
1362 3282 1505 3335 κατά
1535 3281 1645 3335 τῶν
1680 3283 1854 3354 αὐτῆς

263 3364 533 3433 ἀδελφῶν,
584 3368 678 3420 καὶ
732 3370 1040 3441 προσῆλθον
1084 3373 1150 3442 τῇ
1176 3372 1567 3459 ⁸εὐσεϐεεειτόιτῃ
1596 3374 1851 3447 δεσποίνῃ

266 3456 579 3528 Πουλχερίᾷ
612 3461 679 3529 τῇ
703 3460 908 3532 ἀδελφῇ
954 3456 1243 3518 Θεοδοσίου
1294 3464 1389 3518 τοῦ
1436 3466 1722 3535 βασιλέως,
1756 3470 1853 3522 καὶ

262 3546 515 3611 ἐδίδαξαν
545 3547 620 3612 ὡς
656 3549 954 3621 βιαζομένῃ
983 3554 1135 3628 παρά
1175 3553 1284 3607 τῶν
1319 3555 1465 3609 ίδίων
1491 3557 1661 3628 αὐτῆς
1693 3558 1853 3613 ἀδελ-

263 3638 404 3705 φῶν,
430 3639 791 3711 διαλεγομένη
818 3642 862 3674 ³⁸
891 3627 1212 3715 ὲλλογίμίως.
1238 3647 1349 3700 Kal
1376 3627 1662 3720 ἑωρακόσα
1690 3650 1734 3683 ³⁸
1764 3651 1854 3705 αὐ-

265 3730 365 3799 τὴν
410 3732 444 3800 ἡ
480 3732 621 3801 αῦτη
644 3731 903 3787 δέσποινα
938 3735 981 3768 ³⁷
1018 3736 1324 3808 Πουλχερία
1349 3740 1599 3811 εὐπρεπῆ
1641 3742 1728 3795 (at
1760 3742 1852 3796 ὲλ-

263 3819 513 3891 λόγιμον,
553 3824 911 3894 ἐπηρώτησεν
946 3825 1046 3891 τὰς
1082 3830 1251 3900 αὐτῆς
1296 3829 1449 3895 θείας
1480 3832 1529 3884 εί
1560 3831 1677 3885 ἔστι
1703 3850 1851 3905 παρ-

263 3910 440 3973 θένος.
472 3910 586 3964 Kal.
636 3914 998 3985 ὲδιδὰχθιγὸτι
1040 3918 1309 3987 παρθένος
1360 3919 1707 3988 πεφύλακται
1745 3921 1854 3974 ἀπὸ

258 3995 352 4049 τοῦ
382 3998 560 4068 αὐτῆς
596 4000 805 4070 πατρὸς
839 4002 935 4055 καὶ
965 4002 1047 4055 ὅτι
1096 4003 1185 4057 διὰ
1213 4004 1388 4073 λόγων
1439 4005 1652 4060 πολλῶν
1686 4004 1853 4078 ἦκται

263 4088 610 4157 φιλοσοφίας,
660 4092 946 4148 ἐκέλευσεν
1004 4095 1051 4128 ³⁸
1110 4096 1283 4167 αὐτὴν
1332 4098 1452 4169 ἃμα
1506 4102 1628 4163 ταῖς
1681 4101 1854 4169 αὐτῆς

260 4176 438 4243 θείαις
464 4180 557 4233 διὰ
586 4182 1055 4257 κουϐικουλαρίων
1088 4187 1430 4260 φυλαχθῆναι
1462 4191 1559 4244 καὶ
1594 4194 1851 4263 περιμεῖσ-

261 4286 369 4334 ναι,
399 4272 666 4341 λαϐοῦσα,
703 4278 892 4347 φησὶν,
921 4280 1021 4351 τὴν
1057 4279 1241 4350 δέησιν
1269 4284 1400 4354 παρ’
1430 4286 1601 4354 αὐτῆς
1630 4285 1851 4356 εἰσῆλθε

264 4362 403 4432 πρὸς
434 4364 533 4416 τὸν
574 4364 706 4419 ἴδιον
753 4367 984 4439 ἀδελφὸν
1031 4370 1312 4426 Θεοδόσιον
1354 4373 1446 4428 τὸν
1476 4374 1724 4443 βασιλέα,
1759 4378 1855 4430 καὶ

1949 1914 2077 1968 bere
2100 1913 2366 1979 sinerent,
2381 1930 2503 1969 cum
2529 1915 2738 1970 diceret
2758 1916 2895 1969 nihil
2922 1932 2982 1971 se
3006 1933 3261 1987 peccasse
3302 1936 3316 1973 :
3345 1937 3363 1970 ι
3386 1918 3527 1984 Quin

1948 2005 2152 2076 potius,
2182 2005 2381 2072 aiebat,
2413 2013 2583 2061 testes
2616 2006 2835 2077 ipsimet
2871 2007 3023 2073 estis,
3054 2024 3157 2077 qua
3190 2008 3403 2064 ratione
3434 2025 3529 2064 er-

1949 2112 2013 2167 ga
2042 2113 2391 2152 communem
2427 2108 2713 2168 parentem
2743 2115 2831 2154 me
2859 2100 3140 2171 gesserim.
3160 2100 3315 2156 Unde
3342 2102 3531 2157 nescio

1949 2201 2047 2240 cur
2078 2187 2392 2253 moriturus,
2429 2188 2557 2243 dum
2589 2204 2678 2243 me
2709 2189 2926 2260 inopem
2960 2192 3241 2261 relinquit,
3284 2192 3529 2247 omnium

1950 2292 2132 2331 rerum
2181 2278 2336 2348 copia
2365 2288 2488 2349 post
2525 2280 2672 2335 illius
2706 2296 2991 2337 excessum
3033 2282 3138 2337 frui
3187 2281 3465 2354 largiatur.
3502 2301 3525 2335 ι

1951 2368 2153 2423 Verum
2180 2371 2497 2440 persuaderi
2541 2371 2738 2428 fratres
2780 2389 2892 2427 non
2934 2383 3183 2444 potuere,
3242 2375 3353 2429 imo
3409 2373 3531 2430 iratl

1951 2469 2007 2515 et
2047 2461 2190 2516 hanc
2224 2463 2517 2532 persecuti,
2569 2462 2732 2518 domo
2766 2473 2993 2533 paterna
3045 2464 3305 2520 excedere
3338 2479 3532 2535 coege-

1952 2562 2081 2607 runt
2122 2572 2134 2607 :
2172 2569 2336 2623 quam
2366 2554 2587 2624 excepit
2616 2554 2875 2624 deinceps
2923 2556 3112 2610 matris
3161 2555 3305 2610 illius
3354 2572 3531 2621 soror,

1950 2660 2129 2713 neque
2161 2645 2250 2699 illa
2278 2646 2453 2701 solum
2482 2654 2542 2700 ut
2572 2646 2855 2716 pupillam,
2890 2646 2986 2701 sed
3015 2656 3069 2700 et
3097 2654 3156 2699 ut
3177 2646 3441 2717 virginem
3470 2662 3536 2703 ac

1952 2738 2155 2794 sororis
2185 2738 2347 2792 filiam
2382 2747 2555 2793 tutata
2594 2749 2696 2793 est.
2728 2739 2879 2794 Hanc
2909 2738 3107 2793 deinde
3133 2753 3321 2792 secum
3360 2739 3536 2793 addu-

1952 2830 2029 2884 xit
2053 2829 2584 2901 Constantinopolim
2616 2832 2682 2886 ad
2709 2831 2872 2885 aliam
2903 2831 3127 2884 amitam
3162 2845 3337 2888 suam.
3365 2830 3537 2900 patris

1953 2920 2213 2976 Heracliti
2259 2937 2526 2977 sororem.
2559 2922 2667 2977 Illae
2721 2938 2883 2977 causa
2933 2921 3126 2992 puellae
3174 2931 3448 2990 suscepta,
3480 2931 3540 2977 et

1953 3008 2166 3062 actione
2197 3018 2387 3063 contra
2423 3009 2568 3063 illius
2600 3010 2796 3064 fratres
2826 3010 3096 3076 instituta,
3125 3010 3381 3065 adierunt
3405 3011 3540 3081 piis-

1954 3099 2148 3152 simam
2178 3098 2453 3153 dominam
2478 3098 2842 3164 Pulchcriam,
2862 3100 3156 3156 Theodosii
3187 3101 3539 3171 imperatoris

1955 3206 2218 3257 sororem,
2248 3191 2497 3260 hancque
2532 3200 2590 3245 ut
2632 3207 2662 3246 a
2694 3191 2955 3246 fratribus
3007 3201 3197 3246 exacta
3236 3191 3308 3246 sit
3335 3192 3539 3246 docue-

1954 3296 2013 3335 re
2050 3298 2062 3333 :
2097 3281 2241 3350 quod
2267 3288 2322 3334 et
2351 3280 2439 3333 illa
2474 3280 2736 3351 singulari
2765 3280 3076 3348 eloquentia
3110 3280 3385 3348 exposuit.

2024 3373 2251 3426 Domina
2283 3387 2411 3425 vero
2442 3371 2723 3426 Pulcheria
2753 3373 2989 3442 puellam
3028 3372 3342 3442 conspicata
3364 3413 3377 3433 ,
3411 3371 3524 3425 for-

1954 3478 2042 3517 ma
2072 3477 2301 3532 prorsus
2339 3461 2595 3533 eleganti,
2628 3477 2691 3516 ac
2736 3462 2996 3531 pragclara
3030 3461 3246 3516 dicendi
3287 3461 3541 3515 facultate

1954 3554 2260 3624 praeditam,
2294 3554 2649 3625 interrogavit
2674 3553 2820 3607 illius
2847 3553 3060 3618 amitas,
3094 3568 3162 3606 an
3191 3552 3343 3622 virgo
3376 3564 3537 3606 esset.

1953 3647 2248 3717 Postquam
2289 3664 2421 3703 vero
2454 3648 2719 3717 virginem
2763 3662 2793 3700 a
2825 3655 3053 3716 parente
3086 3646 3256 3700 fuisse
3300 3645 3542 3700 custodi-

1954 3748 2063 3792 tam
2103 3738 2391 3804 intellexit,
2437 3753 2669 3808 eamque
2722 3737 3083 3807 philosophia:
3134 3736 3329 3791 studiis
3385 3737 3543 3806 longo

1957 3838 2202 3900 tempore
2255 3830 2587 3895 institutam,
2617 3831 2780 3899 jussit
2812 3831 2955 3883 illam
2988 3845 3093 3883 una
3128 3846 3251 3883 cum
3297 3827 3478 3881 amitis
3510 3844 3542 3883 a

1955 3922 2309 3976 cubiculariis
2350 3922 2638 3980 custodiri.
2670 3932 2723 3973 et
2758 3921 3155 3989 aliquantulum
3181 3925 3539 3988 exspectare:

1952 4022 2316 4082 acceptoque,
2348 4021 2407 4065 ut
2439 4013 2613 4077 aiunt,
2648 4012 2881 4081 supplici
2923 4013 3069 4066 illius
3092 4012 3297 4075 libello,
3326 4012 3393 4065 ad
3427 4012 3540 4064 fra-

1955 4113 2092 4158 trem
2128 4103 2499 4158 Theodosium
2529 4103 2811 4173 ingressa:
2851 4120 2870 4153 ι
2916 4103 3124 4168 Inveni,
3158 4101 3352 4171 inquit,
3387 4099 3541 4170 puel-

1954 4199 2083 4264 lam,
2111 4214 2328 4269 pnram,
2357 4198 2576 4269 egregie
2597 4206 2866 4263 ornatam,
2898 4197 3022 4251 exili
3047 4196 3292 4266 corporis
3311 4204 3538 4257 statura,

1953 4304 2089 4345 naso
2119 4288 2362 4355 decenti,
2399 4287 2545 4342 nivis
2574 4287 2747 4341 instar
2774 4285 3084 4351 candidam,
3109 4282 3282 4339 oculis
3309 4282 3536 4353 magnis.

1955 4380 2127 4451 gratia
2172 4378 2462 4450 singulari,
2502 4378 2700 4448 crispis
2739 4378 2913 4447 iisque
2946 4377 3103 4433 ﬂavis
3146 4374 3380 4444 capillis,
3422 4389 3539 4428 ma-

265 4447 421 4542 εῐπεν
461 4456 615 4527 αὐτῷ
654 4458 737 4512 ὃτι
772 4478 791 4511 ι
847 4454 1027 4532 Ηῦρον
1078 4463 1348 4536 νεωτέραν
1376 4464 1643 4538 καθαρὰν,
1671 4466 1852 4522 εὔστο-

1963 4480 2087 4526 turo
2118 4472 2358 4535 incessu,
2408 4467 2704 4535 disertam,
2750 4468 3154 4534 Graecanicam,
3183 4465 3473 4537 virginem.
3511 4482 3531 4515 ι

264 4541 376 4608 λον,
438 4545 981 4621 λεπτοχαράκτηρον,
1039 4550 1253 4623 εῦρινα,
1318 4556 1669 4628 ἀσπροτάτην
1723 4557 1855 4612 ὡσεὶ

267 4637 419 4705 χιὼν,
459 4641 938 4714 μεγαλόφθαλμον,
969 4645 1503 4720 ὑποκεχαρισμένην,
1535 4650 1855 4718 οῦλοξανθό-

267 4743 457 4799 κομον,
493 4734 825 4802 σεμνόποδα,
848 4736 1157 4807 ἐλλόγιμον,
1207 4740 1527 4813 Ἑλλαδικὴν
1553 4742 1687 4812 (51),
1717 4760 1859 4814 παρ-

272 4822 441 4878 θένον.
482 4843 502 4876 ι
551 4824 610 4878 ’0
639 4826 683 4858 ³⁵
711 4826 766 4880 δὲ
789 4828 1051 4894 ἀκούσας,
1077 4829 1153 4895 ὡς
1180 4831 1463 4905 νεώτερος,
1497 4834 1738 4907 ἀνήφθη,
1761 4837 1855 4890 καὶ

1962 4561 2088 4619 Haec
2115 4562 2278 4618 simul
2323 4562 2369 4617 is
2402 4561 2630 4623 audivit,
2674 4561 2750 4615 uti
2780 4560 2998 4632 juvenis
3031 4558 3249 4623 exarsit,
3279 4565 3335 4613 et
3358 4572 3542 4611 accer-

1963 4657 2070 4711 sito
2122 4655 2274 4710 socio
2314 4670 2416 4710 suo
2444 4663 2502 4709 et
2538 4654 2715 4709 amico
2764 4653 3025 4718 Paulino,
3058 4652 3250 4723 petivit
3291 4666 3321 4705 a
3356 4663 3540 4704 sorore

1965 4762 2084 4812 sua,
2123 4755 2204 4811 ut,
2245 4747 2430 4817 specie
2450 4746 2674 4800 alterius
2706 4745 2989 4815 cujusdam
3011 4743 3233 4814 negotii,
3273 4738 3537 4796 Athenai-

1965 4838 2090 4894 dem
2123 4839 2179 4893 in
2212 4855 2372 4895 suum
2418 4839 2733 4894 cubiculum
2767 4838 3079 4911 adduceret,
3110 4851 3269 4906 quam
3304 4850 3400 4906 per
3439 4845 3536 4886 ve-

1587 5025 1914 5084 oucancn
1965 4983 2199 5086 Nona.

248 5173 449 5252 ‘_._(49)
496 5174 904 5252 'IIpWettgg.
934 5180 1198 5234 Leontius
1227 5180 1533 5251 appellatur
1568 5199 1597 5237 a
1627 5181 1855 5239 Socrate

270 5240 361 5319 lib.
390 5240 513 5319 vn1
537 5240 657 5315 cap.
686 5248 746 5300 2|
772 5265 791 5319 ;_
818 5240 1152 5319 Theophane
1192 5240 1339 5305 anno
1384 5268 1436 5307 χι
1486 5253 1697 5308 'l‘heod.
1752 5254 1853 5308 Ce—

270 5312 457 5390 di'eno,
479 5312 753 5390 Spit—eone
770 5312 998 5390 Logoth'.
1012 5321 1085 5379 ,in
1102 5320 1308 5376 Chron.
1329 5323 1847 5387 ms.,Manasse,etc.

254 5394 262 5455 δ
338 5385 449 5454 ’50)
492 5384 877 5442 Ἐδυσώπειῖ
909 5390 1249 5461 Hesychius,
1302 5384 1627 5461 ποτνιᾶται,
1675 5384 1849 5448 δυσω-

1962 5189 2087 5251 πεῖ,
2128 5188 2490 5245 ἐπικαλεῖται.

1962 5257 2145 5381 ἰὲδί)
2213 5259 2599 5327 Ἐλλαδικήικ
2666 5259 2956 5326 Achivam,
3030 5256 3324 5315 Marcellin.
3391 5270 3533 5310 com.

1984 5344 2016 5381 n
2064 5369 2077 5381 .
2116 5345 2191 5381 IV.

1984 5344 2077 5383 nu.
2116 5345 2191 5383 IV.

1542 5550 1774 5607 γΑΒιΑῐ
1813 5553 2225 5611 LECTIONES.

373 5667 418 5710 δ”
449 5677 582 5755 τ’)ῦέ
606 5678 756 5755 Fort.
787 5680 868 5735 τό.
950 5682 1188 5755 dia-51h
1209 5684 1263 5755 δὲ
1289 5684 1352 5742 Ρ.
1450 5687 1495 5719 ³⁸
1528 5688 1591 5741 τὸ
1617 5704 1727 5742 om.
1762 5687 1820 5742 P.

266 5744 522 5805 Εὲτποινα
549 5748 610 5806 Ρ.
686 5750 731 5783 ³³
760 5754 854 5807 καὶ
884 5744 1188 5809 κελεύσασα
1218 5754 1454 5823 Malalas,
1497 5776 1619 5832 pag.
1652 5758 1774 5826 554,
1808 5759 1903 5815 184-

1924 5690 1968 5724 ⁸⁵
1998 5687 2391 5761 διαλεγομένην
2414 5688 2478 5744 Ρ.
2554 5689 2597 5725 ³⁸
2621 5688 2901 5771 ἑωρακυῖα
2935 5684 2993 5741 Ρ.

3105 5684 3148 5716 ³ν
3176 5682 3448 5737 δέσποινα.
3504 5680 3535 5751 η
