4096 6296
372 355 484 418 ἾῦἾ

1567 348 1999 411 CHRONICON
2038 348 2441 411 PASCHALE.

3482 347 3611 413 Δ’198

380 476 535 531 φορῳ
558 459 616 512 ὲν
640 456 718 529 τῷ
747 455 1064 530 καλουμένῳ
1105 455 1398 529 Ξηρολόφῳ
1427 458 1557 528 μηνὶ
1587 456 1821 528 Πανέμῳ
1843 456 1924 526 πρ

2019 453 2359 527 .XeroIOpho
2405 456 2707 527 appellato}
2754 471 2941 519 mense
2978 455 3237 526 Panemo,
3287 474 3352 514 ex
3381 452 3432 516 a'.
3466 460 3522 517 d.
3552 474 3609 516 vt

379 560 436 618 ς’
471 552 616 607 Ἰδῶν
654 550 887 606 Ἰουλίων
912 552 1095 623 ἡμέρᾳ
1125 550 1387 621 Σαϐϐάτῳ
1425 548 1561 623 (56).

448 644 541 716 Τῷ
580 643 728 715 αὐτῷ
763 644 875 698 ἔτει
905 643 1146 715 ἐδηλώθη
1206 644 1329 715 νίκη
1388 640 1527 695 κατά
1579 640 1804 713 Περσῶν
1832 640 1942 711 (57)

380 737 514 809 μηνὶ
539 736 815 809 Γορπιαίῳ
845 736 955 808 πρὸ
986 733 1036 809 η’
1078 734 1223 790 ἰδῶν
1247 732 1633 806 Σεπτεμϐρίων
1658 733 1842 804 ἡμέρᾳ
1870 738 1940 809 γ’.

454 1019 577 1073 Ἰνδ.
610 1022 673 1074 ε’.
708 1016 789 1074 ιδ’.
820 1017 917 1073 ὐπ.
957 1015 1214 1087 Ὀνωρίου
1242 1016 1304 1070 τὸ
1329 1021 1398 1086 ιγ’
1416 1013 1513 1071 καὶ
1532 1015 1812 1071 Θεοδοσίου
1833 1014 1943 1071 Αὐ-

369 1111 470 1179 γού
480 1128 601 1165 στου
628 1112 691 1163 τὺ
713 1116 767 1164 ι’.

455 1201 578 1254 Ἐπὶ
607 1201 813 1255 τούτων
861 1199 973 1255 τῶν
1024 1199 1246 1255 ὑπάτων
1274 1199 1447 1269 ἐφάνη
1498 1198 1560 1253 ἐν
1606 1197 1686 1270 τῷ
1726 1198 1941 1272 οὐρανῷ

366 1292 548 1363 ἀστὴρ
594 1292 832 1363 πέμπων
862 1293 1055 1347 ἀκτῖνα
1096 1292 1239 1345 πάνυ
1275 1292 1523 1363 ἐπιμήκη
1568 1290 1768 1363 λευκὴν
1809 1289 1941 1361 μηνὶ

368 1383 600 1455 Δύστρῳ
624 1384 699 1446 ὡς
721 1384 815 1436 ἐπὶ
835 1381 1035 1446 νύκτας
1065 1388 1095 1435 ι’
1130 1381 1268 1453 μετά
1297 1381 1652 1453 ἀλεκτρυόνα,
1673 1382 1766 1436 καὶ
1792 1380 1941 1453 αὐτῷ

361 1473 443 1544 τῷ
474 1474 583 1527 ἔτει
611 1474 828 1544 ἐγένετο
856 1474 1099 1544 σεισμός.

448 1654 571 1709 Ἰνδ.
616 1654 693 1720 ς’.
728 1652 810 1709 ιε’.
850 1653 950 1708 ὐπ.
995 1650 1446 1725 ’Δσκληπιοδότου
1472 1651 1567 1706 καὶ
1584 1649 1937 1723 Μαρινιανοῦ.

2044 545 2169 604 ldus
2195 548 2383 615 Julias,
2416 549 2505 603 die
2536 548 2779 606 Sabbati.

2112 640 2316 695 Eodem
2350 642 2454 696 hoc
2498 655 2643 696 anno
2687 639 2933 696 nuntiata
2967 648 3053 700 est
3082 640 3307 698 victoria
3333 642 3401 697 de
3432 641 3609 696 Persis

2041 731 2232 798 relata,
2278 746 2467 787 mense
2516 731 2783 803 Gorpiaeo,
2814 748 2879 787 ex
2909 747 2960 786 a.
2990 733 3048 789 d.
3090 748 3186 793 vni
3218 733 3341 788 ldus
3370 732 3611 804 Septem-

2040 827 2187 889 bres,
2210 824 2345 882 feria
2371 841 2451 881 ιιι.

2039 917 2104 971 Α.
2136 915 2198 971 C.

2110 1006 2234 1063 422.
2264 1006 2350 1075 (A.
2385 1021 2417 1061 a
2442 1005 2515 1061 M.
2535 1004 2781 1073 (155930)
2806 1023 2916 1062 ιιν.
2947 1005 3065 1062 lnd.
3103 1021 3155 1061 ν.
3185 1005 3296 1063 Ho-

2038 1100 2196 1157 norio
2217 1099 2339 1155 Xlll
2368 1107 2423 1155 et
2452 1098 2759 1153 Theodosio
2792 1098 3035 1170 Augusto
3067 1097 3117 1151 Χ
3139 1114 3281 1155 coss.
3338 1100 3395 1154 2.

2111 1191 2205 1247 His
2236 1206 2378 1247 coss.
2412 1190 2563 1245 sidus
2606 1190 2661 1244 in
2705 1191 2842 1246 caelo
2886 1191 3167 1261 apparuit,
3204 1206 3295 1245 ra-

2039 1282 2188 1338 dium
2216 1283 2505 1353 quemdam
2526 1281 2818 1338 candidum
2834 1297 2897 1337 ac
2922 1282 3295 1353 longissimum

2039 1372 2390 1445 promittens,
2413 1388 2606 1428 mense
2632 1373 2845 1444 Dystro,
2867 1388 2964 1443 per
2978 1381 3166 1428 noctes
3187 1372 3297 1428 cir-

2038 1465 2176 1521 citer
2199 1481 2233 1520 x
2265 1474 2390 1535 post
2422 1464 2793 1537 gallicinium:
2826 1463 3125 1536 eodemque
3150 1480 3295 1520 anno

2039 1564 2204 1617 terra:
2227 1566 2409 1613 motus
2434 1556 2609 1612 factus
2635 1567 2737 1612 est.

2108 1640 2234 1699 425.
2267 1660 2355 1701 xv.
2386 1644 2502 1699 1nd.
2536 1660 2608 1701 γι.
2640 1644 3016 1716 Asclepiodoto
3038 1653 3094 1707 ct
3130 1644 3294 1707 Mari-

2039 1734 2205 1793 niano
2234 1752 2379 1792 coss.
3339 1740 3393 1805 5.

3357 912 3440 978 01.
3465 912 3608 998 mm]

445 1830 573 1884 Ἐπὶ
595 1829 800 1885 τούτων
834 1829 943 1884 τῶν
982 1829 1201 1885 ὑπάτων
1249 1828 1592 1901 ἀνηγορεύθη
1623 1830 1658 1900 ή
1704 1827 1924 1883 Εὐδοκία

2110 1825 2206 1882 His
2243 1842 2386 1883 coss.
2426 1825 2663 1883 Eudocia
2706 1828 3014 1885 renuntiata
3055 1840 3141 1890 est
3179 1832 3292 1887 Αιι-

358 1919 648 1990 Αὐγουστα
683 1922 816 1992 μην)⁵
837 1920 1118 1992 Αὐδυναίῳ
1139 1921 1244 1993 πρὸ
1271 1921 1313 1975 δ’
1333 1920 1537 1975 Νωνῶν
1575 1920 1935 1991 Ἰανουαρίων,

358 2014 460 2067 καὶ
504 2014 693 2067 πολλοὶ
736 2016 951 2084 σεισμοὶ
1010 2014 1121 2087 (58)
1173 2014 1420 2083 ἐγένοντο
1471 2013 1655 2083 ἡμέρᾳ
1710 2012 1937 2082 δευτέρᾳ

356 2103 511 2176 ὤραν
530 2106 763 2179 δεκάτην
792 2108 924 2177 μηνὶ
942 2104 1191 2176 Ξανθικῷ
1226 2105 1332 2177 πρὸ
1353 2103 1399 2170 ζ’
1447 2104 1592 2159 Ἰδῶν
1623 2102 1932 2175 Ἀπριλίων.

900 2284 986 2331 ταθ
1036 2276 1385 2347 Ὀλυμπιάς.

439 2368 560 2423 Ἰνδ.
587 2369 653 2434 ζ’.
687 2377 782 2437 ις’.
816 2370 910 2424 ὑπ.
948 2371 1223 2443 Βίκτωρος
1248 2372 1344 2426 καὶ
1367 2371 1659 2426 Καστίνου.

439 2546 557 2601 Ἰνδ,
589 2552 659 2617 η’.
694 2548 779 2612 ιζ’.
810 2548 907 2601 ὑπ.
959 2548 1244 2603 Θεοδοσίου
1304 2548 1617 2618 Αὐγούστου
1654 2548 1715 2603 τὸ
1740 2554 1808 2602 ια’
1837 2544 1933 2603 καὶ

355 2638 809 2693 Οὐαλεντινιανοῦ
838 2639 1137 2711 Καίσαρος.

423 2731 589 2803 314
660 2732 785 2784 Ἐπὶ
842 2732 1049 2787 τούτων
1091 2734 1201 2787 τῶν
1254 2733 1477 2787 ὑπάτων
1525 2731 1739 2806 ἐπήρθη
1794 2732 1931 2805 (58⁸)

353 2822 461 2874 υπὸ
502 2821 782 2874 δεοδοσίου
819 2822 939 2877 νέου
971 2823 1283 2893 Αὐγούστου
1334 2823 1771 2887 Οὐαλεντινιανὸς
1814 2823 1933 2887 νέος

348 2913 661 2981 Δύγουστος
716 2915 848 2988 μηνὶ
915 2914 1359 2988 Ὑπερϐερεταίῳ
1416 2915 1524 2987 πρὸ
1557 2922 1589 2969 ι’
1634 2914 1932 2969 Καλανδῶν

348 3008 695 3078 Νοεμϐρίων.

433 3099 552 3156 Ἰνδ.
585 3101 649 3157 θ’.
687 3102 777 3174 ιη’.
809 3100 905 3156 ὑπ.
935 3100 1222 3155 Θεοδοσίου
1268 3101 1581 3170 Αὐγούστου
1623 3100 1688 3154 τὸ
1741 3100 1808 3172 ιβ’
1834 3100 1931 3155 καὶ

236 3266 239 3269 ν
352 3191 801 3247 Οὐαλεντινιανοῦ
830 3192 951 3247 νέου
978 3193 1023 3225 ”
1053 3191 1363 3262 Αὐγούστου
1388 3190 1450 3246 τὸ
1475 3190 1521 3263 β’
1546 3191 1680 3265 (59).

434 3283 553 3340 Ἰνδ.
612 3290 666 3340 ι’.
714 3285 801 3341 ιϐ’.
854 3286 950 3341 ύπ.
992 3284 1181 3356 Ἰερίου
1212 3284 1324 3356 (60)
1366 3285 1461 3339 καὶ
1518 3284 1921 3359 Ἀρδαόουρίοικ

430 3475 552 3527 Ἐπὶ
604 3473 812 3527 τούτων
864 3473 974 3527 τῶν
1016 3474 1239 3530 ὑπάτων
1287 3473 1633 3547 ἐνεκαινίσθη
1667 3473 1728 3528 τὺ
1751 3475 1921 3547 δημό-

345 3584 464 3621 σιον
520 3567 630 3639 (61)
663 3568 725 3621 τὸ
778 3568 909 3635 ποτὲ
951 3567 1051 3638 μὲν
1094 3568 1595 3622 Κωνσταντινιαναὶ
1635 3568 1702 3633 ⁵³,
1733 3567 1828 3621 νῦν
1864 3568 1923 3622 δὲ

342 3658 712 3726 Θεοδοσιαναὶ,
737 3660 1052 3725 τελέσαντος
1075 3658 1207 3713 αὐτὸ
1238 3658 1305 3712 Ἰε
1315 3660 1428 3730 ρίου
1456 3658 1549 3712 τοῦ
1578 3658 1659 3723 δὶς
1684 3660 1925 3730 ἐπάρχου

345 3754 443 3805 καὶ
493 3753 702 3806 ὑπάτου
745 3752 791 3785 ⁸⁵
826 3751 958 3823 μηνὶ
1021 3752 1459 3824 Ὑπερὸερεταίῳ
1506 3751 1614 3823 πρὸ
1650 3757 1692 3805 ε’
1724 3751 1925 3806 Νωνῶν

356 3843 722 3915 τοκτωδρίων.

884 4013 974 4077 τβ⁹
1020 3994 1369 4080 Ὀλυμπιάς.

432 4104 549 4159 Ἰνδ.
584 4111 674 4159 ια’.
719 4111 786 4158 κ’.
821 4105 914 4158 ὑπ.
950 4103 1184 4176 Φήλικος
1217 4102 1312 4155 καὶ
1337 4100 1578 4172 Ταύρου.

447 4198 554 4251 Exi.
580 4197 791 4253 τούτων
832 4199 938 4252 τῶν
967 4197 1185 4251 ὑπάτων
1232 4194 1524 4249 Οὐάνδαλοι
1554 4191 1801 4266 εἰσῆλθον
1836 4192 1917 4256 είς

371 4292 644 4363 Διφρικήν.

2036 1932 2193 1997 gusta
2222 1936 2411 1977 mense
2435 1922 2735 1992 Audynzeo,
2767 1937 2832 1976 ex
2860 1938 2912 1978 a.
2939 1922 2994 1979 d.
3027 1939 3078 1979 tv
3112 1922 3293 1979 Nonas

2034 2012 2343 2079 Ianuarias,
2390 2014 2679 2083 crebrique
2722 2014 2873 2068 fuere
2915 2024 3070 2070 terrae
3107 2025 3288 2070 motus

2035 2105 2171 2161 feria
2202 2121 2259 2169 ιι,
2285 2107 2420 2160 hora
2442 2122 2495 2170 ιι,
2527 2121 2715 2161 mense
2741 2106 3029 2173 Xanthico,
3060 2121 3126 2161 ex
3152 2121 3204 2161 a.
3232 2105 3289 2165 εἰ.

2034 2215 2109 2255 vn
2134 2199 2265 2255 ldus
2294 2198 2531 2271 Apriles.

2575 2288 2657 2345 CC
2662 2287 2733 2343 CI
2764 2288 3055 2358 Olympias.

2104 2380 2229 2435 424.
2278 2395 2394 2436 xvr.
2443 2381 2563 2437 lud.
2602 2397 2696 2436 vu.
2733 2380 2952 2435 Victore
3006 2388 3062 2433 et
3106 2376 3324 2433 Castino

2032 2480 2227 2611 c0.9525.
2262 2573 2392 2611 xvu.
2423 2556 2542 2611 lnd.
2574 2573 2690 2612 Vlll.
2719 2555 3028 2612 Theodosio
3047 2556 3287 2628 Augusto
3331 2466 3386 2521 L

2032 2646 2104 2702 Xl
2134 2657 2191 2703 et
2212 2647 2592 2704 Valentiniano
2622 2648 2836 2704 Caesare
2868 2664 3010 2704 coss.
3329 2647 3380 2703 1.

2104 2737 2199 2793 llis
2224 2754 2365 2794 coss.
2406 2736 2817 2793 Valentinianus
2852 2737 3047 2793 Junior
3079 2738 3286 2793 levatus

2032 2838 2118 2885 est
2156 2830 2431 2902 Augustus
2478 2845 2505 2885 a
2553 2831 2859 2887 Theodosio
2899 2831 3121 2886 .luuiorc
3173 2832 3287 2886 Au-

2031 2928 2190 2991 gusto
2238 2934 2429 2975 mense
2480 2920 2918 2993 llyperberetaeo,
2963 2937 3028 2976 ex
3059 2937 3111 2976 a.
3157 2922 3210 2977 d.
3251 2937 3287 2975 χ

2030 3011 2147 3066 Kal.
2183 3012 2540 3071 Novembres.

2102 3104 2226 3159 426.
2256 3120 2404 3158 xvnr.
2434 3104 2552 3159 lnd.
2584 3120 2661 3159 ιι.
2694 3103 3004 3158 Theodosio
3040 3103 3286 3174 Augusto

2030 3195 2126 3250 XII
2152 3205 2208 3250 et
2236 3194 2620 3249 Valentiniano
2649 3197 2893 3267 Augusto
2917 3194 2959 3248 ll
2989 3210 3131 3249 coss.
3330 3195 3385 3249 2.

2100 3286 2224 3341 427.
2256 3303 2368 3340 nx.
2408 3286 2528 3340 lnd.
2570 3303 2621 3339 χ.
2661 3285 2845 3341 llierio
2884 3295 2939 3341 et
2982 3286 3283 3341 Ardaburio

2028 3390 2171 3431 coss.
3328 3378 3385 3435 3.

2101 3467 2198 3522 llis
2236 3481 2378 3521 coss.
2425 3466 2730 3521 dedicatum
2766 3475 2847 3522 est
2883 3467 3137 3523 balneum
3179 3484 3282 3539 pu-

2026 3558 2263 3623 blicum,
2320 3557 2448 3612 olim
2520 3558 2726 3613 dictum
2786 3558 3289 3626 Constantiniana},

2023 3664 2172 3703 nunc
2200 3664 2330 3703 vero
2356 3648 2768 3715 Theodosianae,
2795 3666 2933 3721 Opus
2961 3651 3283 3706 conﬁciente

2022 3738 2206 3794 Hierio
2243 3742 2438 3793 iterum
2467 3739 2723 3809 przefecto
2760 3740 2889 3796 Urbi
2920 3748 2974 3795 et
3033 3740 3277 3806 consule,

2022 3845 2211 3886 mense
2238 3830 2680 3901 Hyperberetazo,
2724 3846 2791 3886 ex
2818 3847 2869 3886 a.
2904 3832 2960 3887 d.
2996 3850 3051 3886 ν.
3096 3833 3280 3887 Nonas

2021 3921 2302 3979 Octobres.

3412 2646 3518 2729 δρα

2536 4012 2725 4070 CCCI!
2779 4014 3066 4084 Olympias.

2092 4109 2216 4164 428.
2248 4126 2336 4163 xx.
2365 4106 2481 4161 lnd.
2508 4122 2581 4160 ιιι.
2606 4105 2785 4161 Felice
2816 4116 2872 4160 et
2907 4107 3089 4160 Tauro
3130 4121 3273 4161 coss.
3346 4106 3399 4160 4.

2096 4201 2192 4257 llis
2211 4216 2351 4256 coss.
2370 4198 2595 4254 Vandali
2617 4196 2852 4253 Africam
2880 4196 3104 4268 ingressi
3126 4207 3272 4252 sunt.

1663 4442 1982 4501 DUCANGII
2036 4441 2262 4498 ΝΟΤΑΞ.

416 4606 527 4674 (36)
572 4606 791 4673 Ἡμέρᾳ
837 4605 1133 4672 Σαϐϐάτῳ.
1188 4604 1249 4659 In
1290 4603 1555 4674 ejusmodi
1614 4611 1916 4658 statuarum

2024 4602 2153 4673 περὶ
2174 4599 2281 4671 τὴν
2311 4599 2504 4674 τρίτην
2534 4597 2632 4674 καὶ
2673 4598 2862 4652 εἰκάδα
2887 4640 2901 4665 ,
2936 4597 3403 4674 Constantinopoli
3450 4601 3590 4674 scili-

347 4676 784 4730 dedicationibus
817 4677 918 4730 sub
945 4677 1291 4745 principibus
1339 4674 1667 4729 Christianis
1702 4683 1761 4728 ut
1792 4675 1913 4742 plu-

347 4747 539 4798 rimum
565 4745 943 4815 deligabantur
976 4746 1092 4799 dies
1125 4745 1271 4809 festi,
1322 4760 1497 4813 neque
1536 4752 1717 4815 tamen
1771 4758 1912 4815 sem-

345 4831 461 4884 per,
488 4824 547 4867 ut
573 4831 638 4870 ex
668 4813 771 4869 Hoc
798 4817 915 4870 loco
946 4823 1111 4883 patet.
1156 4816 1264 4868 Lex
1291 4816 1325 4868 2
1358 4816 1477 4868 cod.
1525 4814 1592 4868 de
1634 4813 1827 4868 statuis
1856 4821 1913 4867 et

346 4885 563 4953 imagin.
594 4902 607 4935 :
640 4885 699 4939 Si
721 4886 933 4954 quando
966 4895 1157 4938 nostra:
1184 4893 1372 4938 statum
1406 4885 1484 4938 uel
1519 4886 1773 4954 imagines
1804 4885 1910 4936 eri-

344 4966 554 5021 guntur,
579 4956 685 5008 sive
712 4953 909 5017 diebus,
943 4963 998 5008 ut
1028 4955 1248 5017 adsolet,
1284 4956 1447 5023 festis,
1483 4955 1589 5007 sive
1618 4953 1907 5007 communi-

348 5028 457 5086 bus,
488 5026 627 5078 adsit
660 5025 830 5078 Iudex
866 5027 979 5077 sine
1016 5026 1339 5079 adorationis
1368 5025 1641 5077 ambitioso
1673 5024 1906 5093 fastidio,

334 5086 399 5159 Iut
424 5105 791 5149 ornamentum
813 5095 914 5148 diei
945 5103 992 5146 et
1025 5095 1133 5149 loco
1163 5106 1209 5149 et
1245 5105 1431 5150 nostra:
1463 5086 1808 5149 recorda'tioni
1827 5094 1910 5147 sui

334 5166 520 5262 (probet
554 5166 825 5219 accessisse
854 5168 1209 5233 prwsentiam.

414 5234 524 5262 IK'H
574 5237 714 5262 ML-..
750 5234 897 5262 ...η-..οὶ-
936 5236 1174 5262 "nn—1’.--

414 5234 526 5298 (57)
564 5237 714 5301 Νίκη
749 5234 899 5287 κατὰ
929 5236 1192 5301 Περσῶν.
1218 5236 1568 5290 Marcellinus
1594 5246 1799 5288 comes.

413 5304 522 5371 (53)
564 5304 789 5358 Πολλοὶ
815 5306 1077 5373 σεισμοὶ.
1121 5306 1496 5373 Marcellinus,
1546 5315 1698 5358 terrm
1735 5311 1905 5356 motus

348 5375 525 5443 multis
547 5375 601 5427 in
629 5374 755 5427 locis
786 5375 906 5443 fuit.

417 5442 552 5514 (58‘)
592 5439 876 5513 Ἐπήρθη.
910 5443 1123 5500 Socrat.
1151 5444 1245 5502 lib.
1276 5462 1331 5502 vr
1350 5487 1364 5513 ,
1395 5461 1516 5517 cap.
1543 5443 1633 5510 25,
1664 5439 1910 5513 ἐμηνύθη

2019 4667 2125 4737 cet,
2151 4667 2273 4725 cum
2302 4667 2571 4739 Augustus
2598 4667 2869 4723 Ravennae
2896 4678 3054 4739 antea
3084 4668 3275 4724 luisset
3299 4667 3585 4725 renuntia-

2018 4751 2125 4796 tus.
2163 4740 2298 4794 Vide
2327 4738 2490 4794 Notas
2513 4739 2713 4793 Valesii
2742 4739 2807 4793 ad
2844 4740 2995 4793 hunc
3024 4738 3202 4792 locum
3236 4738 3494 4805 Socratis,
3531 4753 3588 4797 et

2014 4810 2432 4867 Gotthofredum
2461 4810 2513 4863 in
2545 4810 2790 4864 chronol.
2821 4809 2943 4863 cod.
2969 4807 3178 4864 Theod.
3211 4810 3313 4863 hoc
3340 4828 3484 4867 anno

2086 4880 2200 4952 (59)
2240 4880 2575 4952 Θεοδοσίου
2601 4882 2747 4952 Aufr.
2790 4880 2858 4952 τὸ
2893 4880 2989 4952 ιβ’.
3022 4878 3119 4952 ’ρο
3160 4881 3264 4933 hoc
3301 4884 3584 4937 consulatu

2014 4948 2125 5022 egit
2152 4948 2475 5006 Sirmondus
2512 4951 2580 5004 ad
2615 4949 2899 5005 Sidonium
2943 4950 3000 5004 in
3044 4948 3376 5021 Panegyrico
3418 4954 3583 5017 Aviti,

2012 5021 2187 5075 initio.

2034 5129 2043 5137 .
2082 5091 2192 5162 (60)
2220 5091 2439 5162 ἰερίου.
2468 5090 2858 5162 Βεμίιιιολίᾶςηι
2889 5090 3280 5148 Gotthofredus
3307 5092 3362 5146 in
3385 5090 3585 5144 Prosu-

2013 5159 2314 5231 pographia
2365 5162 2485 5231 cod.
2531 5159 2737 5215 Theod.
2786 5159 2862 5215 De
2900 5162 3127 5215 thermis
3189 5162 3582 5218 'l'heodosiauis

2010 5230 2247 5286 diximus
2296 5233 2350 5285 in
2395 5230 2845 5299 Constantinopol.
2874 5231 3065 5288 Christ.
3100 5233 3192 5287 lib.
3240 5250 3279 5299 ι,
3324 5244 3456 5289 sect.
3490 5232 3580 5297 27,

2010 5303 2194 5439 ῃ’(ἓί)
2242 5369 2311 5423 Τὸ
2338 5369 2653 5441 δημόσιον.
2680 5369 3135 5441 Constantinopol.
3177 5372 3373 5427 Christ.
3406 5370 3501 5427 liD.
3536 5386 3580 5439 ι,

2014 5454 2147 5497 sect.
2177 5442 2269 5505 27,
2293 5455 2350 5493 n.
2389 5440 2441 5495 5.

1626 5602 1855 5659 VAle
1880 5602 2289 5660 LECTIONES.

414 5730 463 5779 θ’
494 5732 619 5790 νέου
642 5750 752 5797 om.
776 5739 837 5798 P.
911 5741 957 5776 ⁸⁸
987 5742 1501 5800 Κωνσταντινιαναί.
1535 5741 1666 5799 Vide
1701 5740 2021 5817 Ducangius,
2057 5740 2194 5799 Hist.
2237 5736 2491 5811 Byzant,
2511 5756 2565 5813 p.
2592 5739 2658 5810 ll,
2690 5756 2807 5814 pag.
2841 5742 2902 5799 9i
2934 5756 2984 5798 s.
3070 5738 3118 5773 “
3140 5735 3360 5791 ὑπάτων
3390 5727 3507 5790 RV-
