4096 6296
615 262 723 329 863

1809 258 2246 320 CHRONICON
2278 261 2684 327 PASCHALE.

3767 267 3857 331 86¢

616 386 739 426 rum
770 369 1140 427 dominatione
1170 369 1455 424 exstiterit.
1484 388 1502 422 ι
1545 370 1628 425 Ad
1654 371 1772 426 lucc
1797 369 2047 426 Justinus
2088 370 2193 424 im-

2308 390 2391 428 τεν
2412 376 2561 447 αὐτῷ
2582 379 2611 430 6
2640 375 2803 440 αὐτὸς
2825 375 3079 446 βασιλεὺς
3098 377 3390 439 Ἰουστῖνος
3408 391 3616 429 ταυτα·
3645 394 3665 428 ι
3692 376 3859 448 Ἡμεῖς

616 472 836 533 perator
870 460 1149 531 respondit
1179 478 1191 514 :
1227 482 1245 512 ε
1274 460 1558 515 Neminem
1593 476 1658 515 ex
1686 460 1752 515 iis
1772 462 1866 531 qui
1902 476 2068 531 regno
2106 470 2197 516 tuo

617 554 852 624 subjecti
882 562 1049 618 sunt,
1088 554 1174 609 vel
1209 554 1558 623 excepimus,
1594 554 1680 609 vel
1730 554 2064 610 accivimus:
2101 554 2198 609 sed

617 660 745 699 cum
786 644 1039 714 quidam,
1076 644 1337 699 Tzathius
1393 644 1644 711 nomine,
1678 644 1735 698 in
1783 652 1955 699 terras
1982 652 2199 698 nostras

616 736 893 801 venisset,
928 735 1158 805 pedibus
1190 735 1388 790 nostris
1418 737 1705 791 advolutus
1725 777 1738 799 ,
1774 736 1932 790 enixe
1978 750 2078 790 nos
2105 735 2199 790 de-

620 837 875 899 precatus
909 834 993 881 est
1014 867 1028 890 ,
1059 827 1133 881 uti
1183 827 1251 880 ab
1281 826 1494 896 impura
1522 827 1752 897 quadam
1786 836 1840 881 et
1870 842 2079 897 pagana
2111 842 2200 882 re-

621 920 851 989 ligione,
901 918 1190 987 impiisque
1240 918 1443 983 sacris,
1485 928 1541 973 et
1584 919 1847 973 malorum
1892 919 2196 974 daemonum

620 1009 917 1082 praestigiis
985 1010 1320 1080 expiaretur,
1372 1025 1437 1066 ac
1481 1010 1756 1065 Christum
1803 1009 2047 1080 proﬁteri
2094 1010 2199 1067 sibi

621 1104 849 1169 liceret,
883 1102 1075 1160 aeterni
1124 1118 1187 1157 ac
1215 1103 1452 1158 caelestis
1497 1103 1631 1167 Dei,
1665 1114 1721 1159 et
1754 1104 2049 1159 conditoris
2078 1104 2201 1159 uni-

622 1196 770 1251 versi
798 1197 1057 1251 virtutem
1099 1203 1155 1251 et
1195 1196 1536 1266 majestatem
1571 1196 1904 1260 obtestatus,
1941 1196 2087 1250 hunc
2132 1196 2200 1251 ad

623 1288 909 1343 meliorem
940 1287 1260 1359 religionem
1308 1288 1539 1343 transire
1581 1288 1886 1353 volentem,
1922 1295 1984 1341 ut
2011 1303 2199 1343 verum

628 1379 807 1433 Deum
891 1388 1216 1450 agnosceret
1265 1378 1529 1449 impedire
1575 1394 1687 1434 non
1748 1379 1994 1434 decebat.
2046 1379 2203 1436 Unde

626 1470 956 1526 Christianis
988 1470 1159 1525 sacris
1207 1469 1482 1525 initiatum
1502 1511 1518 1536 ,
1548 1470 1966 1539 caelestibusque
1999 1478 2201 1541 myste-

627 1561 723 1617 riis
772 1561 1093 1633 dignatum,
1146 1561 1203 1615 in
1253 1577 1406 1621 suam
1477 1562 1751 1633 regionem
1805 1562 2132 1617 remisimus.
2178 1582 2195 1613 ι

2298 484 2421 522 τινα
2466 468 2576 522 τῶν
2618 469 2991 540 ὑποκειμένων
3022 472 3091 541 τῇ
3132 470 3198 540 σῇ
3243 466 3499 539 βασιλείᾳ
3541 466 3663 521 οὗτε
3713 487 3858 539 προσ.

2300 560 2605 631 ελαϐόμεθα
2627 560 2751 614 οὔτε
2776 561 3211 633 προετρέψαμεν,
3225 561 3344 614 ἀλλ’
3366 560 3541 613 ἐλθών
3564 577 3647 624 τις
3661 561 3859 630 ὀνόματι

2299 652 2529 715 Τξάοιος
2550 652 2630 713 εἰς
2659 652 2729 705 τὰ
2754 651 2999 723 ἡμέτερα
3023 652 3269 722 βασίλεια
3296 651 3502 721 ἐδεήθη
3529 651 3859 721 προσπίπτων

2297 742 2431 811 ἡμῖν
2487 740 2752 812 ρυσθῆναι
2805 740 3048 811 μυσαροῦ
3082 757 3228 803 τινος
3274 741 3375 794 καὶ
3418 739 3732 810 Ἐλληνικοῦ
3758 741 3859 807 δόγ-

2302 849 2472 902 ματος
2507 833 2601 885 καὶ
2631 832 2846 886 ἀσεϐῶν
2871 831 3074 884 θυσιῶν
3103 833 3199 886 καὶ
3231 832 3452 901 πλάνης
3479 831 3746 901 δαιμόνων
3765 831 3861 884 ἀδί-

2300 939 2433 987 κων,
2470 923 2563 975 καὶ
2599 922 2923 993 Χριστιανὸς
2974 922 3227 987 γενέσθαι
3264 920 3601 991 ἀξιούμωος
3645 922 3739 991 τῆς
3785 923 3862 976 δυ-

2311 1015 2532 1085 νάμεως
2573 1015 2666 1068 τοῦ
2716 1015 2938 1070 αἰωνίου
2973 1015 3067 1067 καὶ
3127 1014 3463 1085 ἐπουρανίου
3510 1012 3646 1067 Θεοῦ
3675 1015 3762 1066 καὶ
3784 1014 3863 1084 δη-

2304 1104 2566 1176 μιουργοῦ
2600 1104 2708 1159 τῶν
2735 1105 3012 1169 ἁπάντων,
3043 1105 3136 1158 καὶ
3164 1106 3414 1159 κωλῦσαι
3443 1104 3540 1157 τὸν
3568 1104 3860 1174 βουλόμενον

2301 1198 2383 1260 εἰς
2427 1196 2488 1249 τὸ
2520 1195 2727 1266 βέλτιον
2762 1196 2939 1251 ἐλθεῖν
2971 1198 3068 1250 καὶ
3095 1196 3303 1265 γνῶναι
3334 1196 3477 1249 Θεὸν
3507 1194 3755 1265 ἀληθινὸν
3778 1196 3860 1248 οὐκ

2302 1287 2594 1357 ἐνεδέχετο.
2639 1287 2800 1342 Ὅθεν
2870 1287 3196 1358 Χριστιανὸν
3232 1287 3404 1341 αὐτὸν
3457 1288 3745 1359 γενόμενον
3784 1289 3861 1341 καὶ

2302 1380 2600 1445 ἀξιωθέντα
2631 1381 2739 1434 τῶν
2791 1381 3128 1451 ἐπουρανίων
3165 1380 3493 1452 μυστηρίων
3523 1383 3605 1443 εἰς
3626 1380 3722 1450 τὴν
3749 1380 3862 1433 ἰδίαν

2303 1473 2651 1543 ἁπελύσαμεν
2681 1472 2883 1543 χώραν.
2926 1492 2944 1525 ι
2979 1474 3087 1526 Καὶ
3124 1472 3345 1540 ἐγένετο
3378 1472 3569 1526 λοιπὸν
3600 1472 3757 1542 ἔχθρα
3783 1490 3859 1541 με·

2304 1565 2437 1629 ταξὺ
2489 1565 2778 1633 Ῥωμαίων
2838 1566 2932 1617 καὶ
2962 1563 3206 1633 Περσῶν.
3242 1566 3354 1616 Kal
3388 1564 3696 1633 προέτρεψε
3725 1563 3859 1615 xm.

626 1652 771 1707 Hinc
800 1653 1099 1708 inimicitiae
1148 1653 1407 1723 deinceps
1435 1653 1576 1709 inter
1621 1653 1895 1710 Romanos
1925 1665 1981 1710 et
2013 1655 2204 1710 Persas

2308 1654 2401 1723 δης
2435 1652 2687 1724 βασιλεὺς
2718 1653 2943 1721 Περσῶν
2970 1652 3048 1723 τῷ
3076 1652 3220 1716 αὺτῷ
3245 1652 3428 1722 χρόνῳ
3453 1652 3596 1722 ῥῆγα
3618 1652 3720 1704 τῶν
3745 1650 3859 1704 Οὕν-

628 1741 1013 1798 intercessere.
1054 1742 1259 1797 Eodem
1292 1741 1455 1813 igitur
1485 1758 1663 1808 anno,
1695 1742 1901 1798 Coades
1933 1760 2027 1798 rex
2071 1743 2206 1799 Per-

628 1848 815 1888 sarum
849 1832 1171 1890 Hunnorum
1211 1850 1427 1906 regem,
1462 1834 1630 1905 Zilgbi
1662 1834 1913 1900 nomine,
1948 1836 2207 1891 adversus

628 1925 903 1983 Romanos
932 1926 1239 1982 concitavit.
1276 1925 1432 1992 Quod
1465 1941 1588 1980 cum
1636 1925 1891 1981 rescisset
1920 1924 2166 1983 Justinus
2189 1969 2204 1993 ,

628 2024 690 2070 ut
722 2017 814 2087 qui
848 2018 965 2087 ipse
996 2018 1065 2074 ad
1101 2018 1473 2073 Romanorum
1520 2017 1781 2084 auxilium
1804 2060 1819 2085 ,
1851 2018 2035 2072 missis
2065 2019 2211 2075 mul—

610 2103 1095 2189 tisomuneribus
1160 2104 1313 2160 illum
1375 2105 1525 2175 prius
1593 2104 1876 2169 invitarat,
1926 2106 2211 2177 fmdusque

628 2195 987 2266 jurejurando
1015 2213 1143 2254 cum
1173 2213 1241 2256 eo
1287 2198 1565 2266 ﬁrmarat,
1600 2214 1713 2254 non
1764 2200 1977 2256 modico
2024 2201 2209 2257 dolore

627 2288 861 2344 aﬁ‘ectus
890 2298 996 2345 est.
1923 2285 1925 2288 ⁴

700 2403 935 2459 Hunnus
984 2418 1150 2475 porro
1197 2402 1435 2459 aPersis
1483 2403 1753 2473 impulsus
1809 2403 1875 2457 ad
1922 2402 2210 2459 Persarum

630 2512 819 2567 regem
880 2494 1121 2551 Coadem
1171 2511 1296 2562 cum
1368 2512 1441 2550 xx
1503 2496 1736 2551 militum
1794 2496 2035 2550 millibus
2083 2513 2212 2567 pro-

632 2587 810 2646 fectus
842 2596 958 2654 est,
991 2588 1257 2643 adversus
1292 2587 1569 2643 Romanos
1602 2588 1803 2642 bellum
1833 2598 2103 2659 gesturus.

702 2764 1164 2836 Religiosissimus
1217 2774 1401 2821 autem
1458 2764 1744 2831 Justinus,
1777 2782 1903 2821 cum
1950 2767 2215 2822 benevola

516 2920 523 2933 λ
634 2871 735 2912 sua
761 2857 1157 2926 responsione,
1193 2857 1389 2914 Coada:
1439 2858 1727 2913 Persarum
1775 2860 1886 2930 regi
1934 2875 2032 2929 per
2078 2861 2218 2931 lega-

635 2958 776 3015 tum,
806 2949 957 3005 velut
1002 2950 1225 3005 alterius
1273 2950 1475 3021 negotii
1510 2951 1733 3005 nomine
1767 2952 2023 3018 missum,
2060 2953 2217 3024 Ziag—

2307 1762 2413 1797 νων
2463 1745 2685 1815 ὀνόματι
2738 1744 2925 1811 Ζίλγϐι
2957 1743 3090 1813 (24).
3137 1744 3275 1813 Περὶ
3307 1737 3371 1797 οὗ
3404 1742 3645 1804 ἀκούσας
3672 1746 3699 1795 6
3725 1742 3862 1803 αὐτὸς

2310 1835 2562 1905 βασιλεὺς
2614 1836 2898 1898 Ἰουστῖνος
2952 1834 3045 1888 καί
3087 1833 3163 1897 ὡς
3206 1831 3603 1904 πρώηναὺτδς
3630 1830 3779 1884 αὐτὸν
3806 1827 3861 1900 ἦν

2309 1926 2758 1998 προτρεψάμενος
2816 1926 2953 1997 πρὸς
3007 1925 3258 1997 βοήθειαν
3299 1926 3619 1995 Ῥωμαίων,
3669 1923 3861 1992 πέμψας

2310 2017 2458 2088 αὐτῷ
2493 2018 2643 2088 δῶρα
2698 2017 2870 2071 πολλὰ
2917 2018 3012 2072 καὶ
3053 2017 3305 2082 σύνταξιν
3346 2016 3538 2076 λαϐὼν
3578 2018 3692 2089 μεθ’
3712 2018 3869 2087 ὅρκων¹

2310 2110 2441 2180 παρ’
2475 2110 2519 2142 ⁸⁸
2546 2110 2731 2175 αὑτοῦ,
2772 2111 3016 2182 ἐλυπήθη
3058 2110 3283 2181 σφόδρα.

2395 2394 2454 2448 Ὀ
2485 2392 2541 2447 δέ
2574 2394 2620 2427 θ’
2652 2392 2814 2457 αὐτὸς
2843 2386 3043 2457 Οὗννος
3073 2393 3422 2465 προτραπεὶς
3450 2391 3604 2464 παρὰ
3633 2390 3736 2444 τῶν
3749 2389 3864 2459 Περι

2314 2488 2425 2541 σῶν
2472 2486 2709 2555 ἀπῆλθεν
2752 2484 2889 2556 πρὸς
2935 2483 3168 2554 Κωάδην
3220 2484 3454 2555 βασιλέα
3504 2481 3724 2553 Περσῶν
3748 2478 3863 2533 κατὰ

2326 2580 2610 2650 Ῥωμαίων
2643 2576 2781 2649 μετὰ
2813 2577 3063 2649 χιλιάδων
3096 2576 3165 2647 κ’,
3199 2578 3436 2649 ὀφείλων
3480 2574 3762 2646 Ῥωμαίοις
3784 2589 3863 2627 που

2314 2673 2572 2743 λεμῆσαι.

2399 2764 2457 2817 Ὁ
2479 2764 2534 2816 δὲ
2556 2763 2829 2827 θειότατος
2858 2762 3146 2827 Ἰουστῖνος
3169 2762 3409 2834 ἐδήλωσε
3431 2762 3523 2816 διὰ
3555 2756 3860 2833 πρεσϐευτοῦ

2317 2856 2519 2927 Κωάδῃ
2545 2854 2624 2923 τῷ
2672 2853 2901 2923 Περσῶν
2926 2853 3138 2924 βασιλεῖ
3171 2854 3311 2924 μετὰ
3332 2855 3558 2924 φιλικῆς
3582 2851 3735 2907 αὐτοῦ
3756 2851 3863 2904 ἀπο-

2317 2949 2550 3019 κρίσεως
2566 2950 2641 3012 ὼς
2659 2949 2744 3002 ἐπ’
2763 2949 2908 3019 ἄλλῳ
2923 2949 3030 3001 τινὶ
3051 2948 3273 3019 γράψας
3288 2950 3389 3021 τὴν
3412 2950 3510 3003 τοῦ
3526 2946 3686 3002 αὐτοῦ
3703 2945 3861 3012 Τζίλγ-

634 3039 770 3095 biris
834 3039 1156 3094 Hunnorum
1225 3042 1369 3111 regis
1429 3041 1708 3111 perﬁdiam
1778 3058 1843 3098 ac
1908 3046 2210 3115 per-iuriam

2314 3044 2465 3113 ϐιρος
2516 3042 2563 3073 "°
2597 3041 2764 3111 ρηγὸς
2794 3041 2905 3094 τῶν
2952 3040 3169 3095 Οὖννων
3195 3041 3554 3112 παραὸασίαν
3593 3040 3683 3094 καὶ
3705 3038 3861 3106 ἐπιορ-

638 3132 961 3204 signiﬁcavit
993 3147 1008 3186 :
1041 3144 1097 3187 et
1142 3133 1287 3203 quod
1320 3133 1367 3188 is
1398 3149 1427 3188 a
1475 3134 1735 3189 Romanis
1788 3138 2074 3206 pecuniam
2123 3154 2217 3194 ac-

638 3225 911 3296 cepisset,
943 3239 1052 3294 quo
1081 3223 1307 3288 Persas,
1342 3225 1444 3280 sub
1472 3226 1642 3295 pra-lii
1677 3235 1890 3296 tempus
1921 3227 1975 3281 in
2015 3228 2219 3284 Roma-

635 3332 832 3372 norum
885 3326 1068 3386 partes
1110 3316 1473 3392 transeundo,
1529 3332 1652 3371 cum
1704 3317 1772 3373 iis
1824 3320 2203 3388 praeliaturus,

641 3408 907 3477 proderet
960 3424 973 3459 :
1040 3426 1058 3457 ι
1115 3405 1226 3461 Nos
1276 3407 1538 3475 proinde,
1589 3422 1715 3461 cum
1776 3408 1973 3464 fratres
2016 3410 2217 3475 simus,

639 3500 799 3553 decet
829 3507 889 3552 ut
942 3497 1235 3554 amicitiam
1263 3498 1496 3553 invicem
1531 3500 1803 3565 colamus,
1834 3509 1890 3556 et
1939 3517 1969 3555 a
1997 3502 2220 3556 canibus

641 3589 767 3645 istis
813 3606 925 3644 non
974 3590 1246 3660 patiamur
1288 3590 1445 3645 nobis
1500 3591 1674 3645 illudi.
1724 3611 1743 3644 ι
1797 3593 2008 3659 Quibus
2060 3593 2221 3649 intel-

640 3679 830 3744 lectis,
868 3678 1078 3735 Coades
1107 3678 1396 3736 Persarum
1458 3698 1555 3737 rex
1596 3682 1809 3753 Zilgbin
1844 3694 2218 3754 percontatur,

643 3772 842 3841 hisque
897 3771 1094 3826 aﬁ‘atur
1138 3773 1342 3828 verbis.
1385 3792 1404 3825 ι
1457 3773 1802 3844 Accepistine
1860 3776 2001 3829 dona
2033 3792 2061 3829 a
2110 3776 2221 3831 Ro-

643 3863 821 3919 manis
865 3872 1054 3917 contra
1115 3863 1309 3919 Persas
1362 3865 1731 3921 sollicitatus?
1787 3886 1806 3918 )
1841 3866 1942 3922 Cui
1986 3868 2220 3939 Zilgbis,

650 3973 672 4007 ε
709 3955 916 4023 Etiam,
961 3974 979 4007 ι
1020 3955 1214 4027 inquit.
1251 3956 1388 4011 Tum
1419 3957 1627 4013 Coades
1664 3960 1836 4013 iratus
1868 3959 2021 4013 illum
2053 3960 2224 4014 inter-

643 4042 810 4109 fecit,
853 4045 1162 4115 multosque
1194 4062 1259 4101 ex
1292 4046 1509 4101 Hunnis
1556 4049 1656 4103 sub
1708 4059 1923 4104 noctem
1966 4049 2221 4113 sustulit‘,

643 4133 855 4208 ingenti
897 4136 953 4189 in
991 4135 1109 4190 illos
1162 4136 1408 4190 immissa
1460 4137 1692 4193 militum
1739 4140 1930 4209 c0pia,
1967 4140 2222 4211 ignoran—

646 4226 793 4290 tibus
822 4225 888 4281 iis
915 4242 946 4280 a
978 4224 1266 4281 Persarum
1310 4243 1435 4298 rege
1483 4238 1672 4283 contra
1720 4244 1778 4283 se
1823 4230 2053 4295 missos,
2102 4246 2224 4285 cum

645 4332 714 4374 ex
740 4318 860 4375 aliis
886 4316 1200 4391 regionibus
1238 4318 1556 4386 advenisse,
1593 4336 1760 4391 seque
1785 4336 1849 4376 ac
1902 4338 2092 4377 eorum
2138 4337 2227 4376 re-

2318 3133 2463 3195 κίαν,
2508 3130 2603 3185 καὶ
2652 3132 2733 3183 ότι
2767 3131 2921 3200 παρὰ
2956 3130 3247 3200 Ῥωμαίων
3297 3131 3600 3200 ἐκομίσατο
3635 3127 3860 3199 χρήματα

2317 3223 2459 3277 κατὰ
2484 3221 2730 3293 Περσῶν,
2745 3222 2973 3290 ὀφείλων
2991 3222 3187 3284 αὐτοὺς
3215 3222 3511 3291 προδοῦναι
3525 3220 3616 3275 καὶ
3631 3218 3702 3289 τῷ
3713 3212 3859 3286 καιρῷ

2319 3318 2417 3387 τῆς
2451 3315 2725 3386 συμϐολῆς
2758 3316 2838 3377 είς
2856 3314 2918 3367 τὸ
2947 3314 3113 3385 μέρος
3136 3314 3424 3384 Ῥωμαίων
3449 3312 3761 3383 συμμαχεῖν,
3784 3305 3867 3360 καὶ

2319 3409 2402 3461 ὅτι
2436 3426 2455 3459 ι
2488 3409 2580 3460 Δεῖ
2603 3408 2751 3476 ἡμᾶς
2771 3405 3033 3475 ἀδελφοὺς
3062 3404 3175 3475 (25)
3205 3404 3367 3471 ὄντας
3393 3406 3474 3470 είς
3507 3404 3685 3475 φιλίαν
3710 3398 3858 3454 λαλεῖν

2320 3501 2415 3555 καὶ
2463 3500 2536 3572 μὴ
2566 3498 2674 3554 ἀπὸ
2710 3498 2821 3552 τῶν
2874 3497 3053 3553 κυνῶν
3086 3499 3130 3530 ⁷⁸
3176 3497 3291 3569 (26)
3324 3498 3535 3553 τούτων
3584 3492 3857 3559 παίξεσθαι.

2321 3591 2431 3645 Kal
2472 3590 2634 3659 γνοὺς
2665 3589 2837 3642 ταῦτα
2875 3589 3108 3659 Κωάδης
3140 3588 3395 3659 βασιλεὺς
3422 3586 3648 3658 Περσῶν
3673 3577 3857 3652 ἐπηρώ-

2320 3699 2485 3753 τησεν
2513 3681 2604 3734 τὸν
2634 3680 2874 3749 Ζίλγόιν,
2902 3680 3138 3752 εἰρηκὼς
3167 3681 3334 3752 αὐτῷ,
3355 3681 3440 3734 ὅτι
3467 3698 3487 3731 ι
3518 3676 3671 3747 Δῶρα
3698 3670 3857 3731 ἔλαϐες

2323 3773 2477 3845 παρὰ
2517 3773 2801 3843 Ῥωμαίων
2845 3773 3184 3843 προτραπεὶς
3241 3771 3387 3826 κατὰ
3427 3768 3685 3844 Περσῶν;
3722 3782 3739 3815 ι
3770 3758 3858 3814 Καὶ

2272 3899 2279 3906 -
2324 3859 2476 3917 εἶπεν
2500 3863 2528 3916 6
2562 3861 2804 3930 Ζίλγὸις,
2829 3861 2913 3936 ὅτι
2944 3878 2963 3912 ι
3002 3860 3128 3914 Ναί.
3164 3880 3182 3912 ι
3226 3861 3337 3914 Kal
3366 3857 3645 3933 ὀργισθεὶς
3669 3856 3695 3908 6
3720 3847 3855 3936 Kwd:

2324 3955 2421 4026 δης
2464 3955 2751 4023 ἐφόνευσεν
2810 3934 2991 4012 αὐτὸν.
3025 3952 3119 4005 καὶ
3149 3950 3377 4015 πολλοὺς
3405 3950 3501 4005 τοῦ
3533 3948 3683 4018 ὄχλου
3719 3934 3854 3995 αὑτοῦ

2325 4047 2516 4108 νυκτὸς
2564 4046 2791 4110 ἀνεῖλεν,
2848 4043 3065 4112 πέμψας
3092 4043 3213 4095 κατ’
3246 4042 3428 4096 αὐτῶν
3481 4038 3676 4109 πλῆθος
3725 4028 3854 4088 πολὺν

2326 4136 2660 4206 ἀγνοούντων
2706 4135 2816 4187 τῶν
2850 4132 3067 4186 Οὓννων
3097 4133 3177 4185 ὅτι
3213 4131 3322 4186 ἀπὸ
3351 4133 3447 4186 τοῦ
3494 4125 3743 4201 βασιλέως
3768 4117 3855 4171 τῶν

2328 4227 2553 4300 Περσῶν
2590 4224 2845 4295 ἐπέμφθη
2906 4223 3026 4277 κατ’
3071 4222 3249 4276 αὐτῶν
3290 4222 3352 4275 τὸ
3389 4222 3612 4293 πλῆθος,
3656 4214 3757 4270 ἀλλ’

2328 4298 2423 4373 an;
2472 4316 2637 4386 ἄλλης
2690 4313 2875 4385 χώρας
2920 4314 3103 4380 τινῶν,
3158 4315 3343 4385 φησὶν,
3398 4310 3720 4368 ἐπελθόντων
3765 4298 3861 4357 τοῖς

1866 4508 1873 4517 ·
1920 4494 2243 4551 DUCANGII
2286 4494 2517 4553 ΝΟΤιλΕ.

745 4646 838 4727 ἓξ)
891 4648 1118 4727 Ζίλγβς.
1164 4650 1345 4727 Edilio
1405 4650 1720 4727 S_t:a_lige_ri,_
1764 4652 1971 4727 ζιλγδὶ.
2027 4652 2210 4727 Ῑιιΐιδιις

2322 4654 2636 4711 Holstcnius
2658 4656 2968 4727 scripserat,
3000 4654 3155 4727 forte
3174 4649 3412 4722 Obwuw.
3442 4641 3547 4726 Sed
3578 4630 3850 4727 ιῐιίΙιίιηιξ-Ἦ·

651 4717 973 4792 Ξιάγϐιρος,
999 4717 1093 4775 ubi
1142 4722 1331 4792 eadem
1382 4717 1920 4791 editio'TCtay6tpo;
1949 4723 2209 4792 praefert:

2312 4727 2537 4784 tandum
2575 4710 2590 4780 ἑ
2618 4710 2825 4782 notan
2865 4710 3010 4780 enim
3045 4715 3278 4777 militare
3336 4712 3675 4784 convicinmL
3706 4710 3845 4784 wff’f;

651 4774 975 4862 Theophani
1029 4774 1108 4862 et;
1146 4774 1491 4862 liogothetaii
1512 4774 1767 4862 Ζιλίῆδηξ
1812 4774 2220 4859 όὶοἷιῖιιξηριιω
2632 4774 3018 4851 -ε
3043 4774 3281 4862 Ᾰιήυξτο
3313 4779 3617 4862 σ-αιιξδξιυὺί

651 4872 819 4927 porro
845 4858 910 4912 de
942 4858 1043 4914 hac
1065 4858 1385 4917 Hunnorum
1411 4861 1479 4917 ad
1510 4858 1703 4917 Persas
1722 4858 2038 4917 defectione
2076 4878 2221 4916 anno

658 4943 711 4998 ty
731 4926 927 4981 Justini
967 4928 1056 4985 hic
1087 4941 1399 4998 narrantur,
1423 4933 1525 4988 sub
1553 4948 1645 4987 an.
1684 4950 1768 4998 ιιι,
1804 4935 2037 4989 recitant
2059 4932 2223 4988 iidem

656 4995 701 5052 T
710 4998 1021 5074 ιπερριιρηςε
1043 5009 1102 5074 et
1117 5000 1353 5074 P03901-

730 5067 841 5137 (25)
886 5067 1333 5142 Ἀδελφῶνῖὃὶο
1354 5087 1557 5142 nempe
1587 5073 1737 5137 olim,
1766 5081 1825 5127 ut
1849 5082 1903 5128 et
1933 5073 2115 5138 hodie,
2136 5088 2226 5128 rc»

658 5153 752 5264 (ἑιίε
793 5153 913 5220 sese
959 5139 1195 5196 invicem
1252 5139 1678 5214 compellabant.
1737 5142 1872 5199 Vide
1930 5151 2225 5215 utrumque

729 5224 1014 5264 ossartum.

729 5224 1014 5264 (DSSRl'Illm.

736 5278 846 5349 (26)
878 5278 1109 5353 Κυνῶν.
1144 5278 1235 5337 Sic
1261 5283 1603 5351 reposuimus
1632 5299 1697 5338 ex
1722 5282 2078 5353 Theophane,
2096 5298 2223 5337 cum

665 5363 831 5419 prave
884 5350 941 5404 in
996 5359 1226 5423 utraque
1264 5350 1506 5409 editione
1534 5354 1796 5425 scriptum
1825 5350 1971 5409 esset
2006 5353 2221 5406 κοινῶν.

2717 4846 3317 4934 ἶξιίῶἷῐιιιιιιόεηᾲιὶὺιιε
3331 4858 3407 4934 ini
3417 4853 3567 4934 micis
3587 4846 3848 4934 909V???

2324 4914 2701 4992 63355153”;
2729 4914 2883 4997 si};
2910 4914 3220 4993 ’ὗιτὲιῖιὶἀίμ
3246 4929 3477 5003 militare
3494 4914 3848 5003 φοίνιξι-είς

2323 4986 2711 5061 ἦοεὶεἶᾶἶάἦίὲ.
2727 4986 3047 5061 Vincentius
3068 4986 3465 5074 Bello'vacensis
3612 4986 3845 5074 {19328:

2326 5079 2413 5140 74,
2447 5078 2513 5160 de
2543 5077 2782 5160 Tan-aris
2811 5095 2824 5130 :
2853 5076 3140 5160 Papavnift
3187 5085 3363 5160 omnes
3400 5054 3848 5160 Chorisljaiﬂto‘pfgz

2327 5124 2638 5236 ίιρξηεῃαῆιῖ
2652 5124 2959 5229 Eib'is'siri.’
3443 5134 3533 5236 ἐξ
3542 5148 3584 5236 'zo
3682 5124 3844 5236 ἓξὲξ

2327 5200 2471 5271 abiis
2489 5200 2614 5273 aaut
2639 5200 3059 5277 otieusrntourir,
3085 5228 3183 5283 que
3208 5210 3349 5283 vivrc
3375 5200 3407 5259 ἆ
3439 5206 3584 5260 hante
3609 5202 3651 5249 et
3682 5200 3772 5245 ens

2326 5305 2456 5359 vage
2484 5290 2691 5343 dessous
2721 5305 2800 5341 σεδ
2833 5287 3004 5341 chiens
3037 5281 3106 5339 del
3130 5281 3439 5336 mécréants.

1962 5528 2198 5584 ἾΑΒΙᾹΞ
2254 5527 2541 5585 LECTION
2553 5529 2646 5584 ES.

764 5687 808 5721 “
830 5687 957 5756 παρ’
986 5702 1092 5743 om.
1130 5686 1188 5743 P.

1292 5687 1336 5721 ⁸⁸
1362 5687 1418 5741 δὲ
1445 5687 1617 5744 οω.Ρ.
1697 5687 1737 5720 ⁷ο
1763 5686 2050 5757 Ζιάγὸιρος
2080 5686 2140 5740 Ρ.
2216 5687 2254 5718 ⁷¹
2285 5685 2461 5739 κυνῶν
2485 5701 2556 5740 m.
2588 5683 2653 5749 Β,
2680 5684 2868 5738 κοινῶν
