4096 6296
215 342 330 405 885

1400 346 1829 407 CHRONICON
1864 351 2263 409 PASCIIALE.

3348 348 3457 412 886

208 451 379 505 τικοί.
452 446 611 521 Εἶχεν
657 451 713 504 δὲ
755 452 849 505 καὶ
888 453 983 524 τὴν
1026 455 1120 508 τοῦ
1150 456 1412 509 παλατίου
1452 456 1674 509 ἔνοπλον
1720 456 1971 526 βοήθειαν
2020 459 2156 529 μετὰ
2220 460 2327 512 τῶν
2391 460 2536 514 ἰδίων
2586 459 2901 531 σπαθαρίων
2960 460 3051 512 καὶ
3102 457 3451 512 κουϐικουλα·

214 548 373 618 ρξων.

3220 560 3282 637 ι.

287 641 403 695 Καὶ
448 642 652 695 τούτων
683 643 985 711 γενομένων
1012 646 1233 715 Ναρσῆς
1282 649 1310 699 ό
1349 647 1786 718 κουϐικουλάριος

1958 646 2091 701 Cum
2127 647 2240 701 btet:
2268 646 2339 701 ita
2370 662 2427 700 se
2458 646 2739 710 baberent,
2768 644 2985 705 Narses,
3014 644 3379 699 CllbiCUtai‘lUS
3405 656 3462 701 et

212 735 313 786 καὶ
351 732 652 803 σπαθάριος
681 734 911 798 ἐξελθὼν
938 737 1210 808 λαθραίως
1250 739 1318 791 δι’
1341 739 1532 792 ἑαυτοῦ
1562 738 1655 791 καὶ
1684 738 1791 790 τῶν

213 821 526 891 ἀνθρώπων
564 825 726 877 αὐτοῦ
777 826 1046 897 ὐπέκλεψέ
1090 847 1240 893 τινας
1284 832 1393 882 τῶν
1424 830 1519 883 τοῦ
1566 830 1789 883 Βενέτου

217 914 448 983 μέρους.
480 914 741 984 ρογεύσας
789 918 1063 987 χρήματα.
1112 920 1221 972 Καὶ
1273 919 1667 990 ἀποσχίσαντες
1695 921 1795 990 ἥρ-

218 1003 390 1067 ξαντο
416 1004 638 1074 κράζειν
658 1022 674 1036 ’
711 1025 729 1055 ι
758 1005 1029 1074 Αὔγουστε
1057 1010 1422 1073 ’ῐουστινιανὲ,
1455 1009 1548 1063 τοῦ
1581 1009 1792 1079 βίγκας.

220 1094 440 1164 Κύριε,
498 1096 669 1149 σῶσον
700 1097 1072 1151 Ἰουστινιανδν
1132 1101 1225 1152 καὶ
1274 1100 1573 1170 Θεοδὼραν.
1616 1120 1635 1152 ι
1686 1104 1797 1156 Καὶ

222 1185 499 1250 ὠλόλυξεν
550 1188 695 1241 ᾶπαν
738 1189 798 1241 τὸ
838 1188 1039 1256 πλῆθος
1072 1192 1128 1242 ἐν
1162 1190 1240 1259 τῷ
1275 1191 1525 1260 Ἱππικῷ.
1562 1192 1716 1255 Τινὲς
1741 1192 1799 1244 δὲ

221 1280 340 1329 τῶν
363 1281 426 1330 ἐκ
455 1278 547 1331 τοῦ
578 1281 847 1349 Πρασίνου
876 1281 1075 1351 μέρους
1116 1282 1431 1335 άνασεισταὶ
1450 1285 1495 1315 ⁸⁸
1523 1284 1799 1354 ὁρμήσαν-

223 1386 321 1433 τες
356 1372 475 1423 κατ’
498 1371 672 1423 αὐτῶν
700 1371 1036 1424 ἐλιθοϐόλουν
1076 1375 1290 1437 αὐτούς.
1320 1376 1427 1428 Καὶ
1457 1375 1638 1427 λοιπὸν
1672 1393 1802 1444 τρα-

230 1461 559 1539 κταῖσαντες
585 1463 633 1513 οἱ
668 1463 726 1514 έν
759 1460 835 1530 τῷ
863 1462 1107 1530 παλατξῳ
1128 1461 1279 1525 ὄντες
1307 1462 1494 1515 ἔλαϐον
1521 1464 1621 1533 τὴν
1647 1464 1802 1533 εὑρεαο

228 1544 419 1604 θεῖσαν
442 1551 548 1603 ἔσω
575 1550 845 1621 βοήθειαν,
870 1553 1271 1621 ύποκλέψαντες
1291 1555 1382 1606 καὶ
1409 1554 1676 1625 φανεροὺς
1697 1556 1804 1607 τῶν

231 1639 649 1711 ὲξκουϐιτὼρων
697 1644 793 1695 καὶ
843 1642 1169 1712 ηολαρίωνο
1220 1641 1360 1713 ἦσαν
1391 1644 1499 1714 γὰρ
1529 1646 1619 1697 καὶ
1654 1646 1806 1698 αὐτοὶ

231 1732 634 1801 ἀποσχίσαντες
664 1733 804 1802 μετὰ
831 1732 923 1787 τοῦ
953 1733 1159 1803 δήμου·
1192 1735 1285 1788 καὶ
1331 1734 1635 1800 ἐξελθόντες
1667 1734 1804 1805 μετὰ

230 1822 345 1875 τῶν
392 1822 539 1875 ίδίων
571 1822 752 1876 αὐτῶν
783 1822 1083 1891 ἀνθρώπων
1116 1824 1383 1894 ὥρμησαν
1422 1828 1502 1887 εἰς
1548 1827 1608 1878 τὸ
1639 1826 1810 1877 Ἱππι-

1893 740 2199 805 spatharius
2225 739 2361 794 clam
2392 754 2665 809 egressus,
2699 746 2811 791 tum
2836 752 2931 806 per
2964 753 3043 801 se,
3074 745 3187 789 tum
3216 752 3312 807 per
3332 752 3461 790 suos

1895 830 2162 891 lminines,
2198 830 2458 899 quosdam
2484 845 2551 883 ex
2579 827 2785 883 Veneta
2813 828 3053 882 factione
3074 826 3175 881 sibi
3203 825 3463 880 concilia-

1892 920 1989 983 vit,
2013 930 2227 990 erogata
2255 919 2504 989 pecunia.
2538 918 2617 973 Ac
2649 928 2759 972 tum
2786 917 3029 972 seditiosi
3059 916 3131 970 illi
3166 916 3465 970 acclatnare

1894 1025 2108 1078 erepere
2152 1026 2165 1062 :
2207 1030 2225 1061 ι
2263 1010 2502 1080 Auguste
2530 1008 2857 1067 Justiniane.
2891 1016 2945 1061 tu
2974 1008 3181 1070 vincas,
3219 1006 3463 1069 Domine,

1896 1118 2049 1156 Serva
2087 1102 2454 1156 Justinianum
2481 1111 2538 1157 et
2566 1102 2928 1158 Theodoram.
2967 1119 2983 1149 ι
3019 1099 3298 1168 Flevitque
3343 1099 3465 1153 uni-

1896 1210 2052 1247 versa
2099 1193 2251 1263 plebs
2280 1194 2333 1247 in
2373 1193 2539 1248 circo.
2572 1192 2804 1259 Quidam
2848 1209 2978 1246 vero
3011 1192 3078 1245 de
3120 1192 3465 1245 Prasinorum

1900 1284 2153 1346 factione,
2188 1284 2510 1339 seditionem
2542 1300 2603 1339 ac
2634 1284 2922 1338 tumultum
2954 1283 3007 1336 in
3043 1284 3162 1336 illos
3189 1283 3469 1337 concitare

1898 1376 2157 1446 aggressi,
2185 1376 2332 1445 ipsos
2375 1375 2643 1445 lapidibus
2671 1374 2972 1444 impetiere.
3010 1374 3233 1429 Demum
3273 1373 3364 1442 qui
3412 1374 3467 1426 in

1902 1465 2099 1535 palatio
2131 1474 2306 1526 erant,
2335 1464 2750 1519 communicatis
2776 1466 2916 1517 inter
2950 1478 3007 1519 se
3034 1463 3292 1524 consiliis,
3329 1478 3469 1532 pra}-

1901 1557 2098 1611 sidium
2147 1557 2295 1610 intus
2325 1566 2602 1626 repertum
2647 1555 2747 1609 sibi
2792 1556 3193 1621 adjunxerunt,
3228 1561 3284 1606 et
3330 1554 3469 1607 clam

1902 1647 2308 1702 excubitoribus
2336 1658 2391 1699 et
2416 1646 2717 1711 scholariis,
2751 1646 2841 1715 qui
2867 1655 3053 1715 aperte
3086 1662 3189 1699 una
3224 1661 3343 1699 cum
3374 1660 3472 1714 po-

1903 1740 2031 1810 pulo
2073 1740 2140 1793 ab
2192 1738 2536 1808 imperatoris
2586 1738 2830 1806 partibus
2881 1753 3001 1792 sese
3061 1737 3472 1799 subduxerant,

1905 1832 2109 1901 egressi
2144 1847 2268 1885 cum
2311 1832 2424 1885 suis
2465 1831 2658 1901 copiis,
2706 1832 3019 1899 irruperunt
3060 1832 3113 1884 in
3149 1831 3375 1892 circum,
3411 1846 3475 1883 ac

236 1913 335 1965 κόν
349 1912 419 1974 ⁸⁷,
450 1915 479 1966 ὁ
508 1912 607 1983 μὲν
638 1914 859 1984 Ναρσῆς
888 1914 973 1967 διὰ
998 1915 1105 1968 τῶν
1132 1917 1375 1987 θυρῶν,ό
1404 1917 1461 1969 δὲ
1490 1918 1602 1978 υίὸς
1631 1917 1808 1969 Μούν-

1919 1924 2104 1978 Narses
2155 1925 2370 1993 quidem
2421 1941 2518 1993 per
2552 1935 2761 1993 portas,
2797 1923 2936 1977 filius
2982 1939 3111 1976 vero
3159 1921 3343 1975 Mundi
3381 1938 3476 1991 per

233 2004 329 2057 δου
357 2002 449 2056 διὰ
478 2005 574 2073 τῆς
606 2006 892 2075 σφενδόνης
926 2007 1063 2075 (15),
1094 2009 1187 2061 καὶ
1214 2008 1362 2062 ἄλλοι
1401 2007 1489 2061 διὰ
1520 2007 1613 2059 τοῦ
1650 2025 1808 2078 μονο-

1919 2016 2308 2085 sphendonem,
2350 2015 2439 2068 alii
2483 2030 2578 2084 per
2625 2026 2836 2084 portam
2883 2014 3096 2068 unicam
3144 2011 3476 2081 imperatorii

238 2098 441 2169 πόρτου
470 2098 581 2165 (16)
610 2096 705 2150 τοῦ
727 2097 1046 2152 δεσποτικοῦ
1073 2098 1407 2168 καθίσματος
1426 2100 1506 2161 εἰς
1527 2100 1587 2150 τὸ
1608 2099 1809 2168 πέλμα,

238 2189 419 2260 ἕτεροι
461 2189 519 2242 δὲ
550 2187 637 2241 διὰ
663 2188 772 2240 τῶν
800 2189 1071 2259 Ἀντιόχου
1105 2189 1197 2243 καὶ
1245 2192 1343 2259 τῆς
1382 2189 1678 2259 λεγομένης
1710 2190 1812 2241 Νε-

242 2280 382 2349 κρᾶς
408 2280 616 2350 πόρτας
640 2280 775 2349 (17).
810 2282 919 2333 Kal.
946 2282 1178 2353 ἤρξαντο
1206 2282 1427 2334 κόπτειν
1456 2282 1582 2345 τοὺς
1608 2281 1812 2352 δήμους

242 2369 317 2432 ὡς
343 2369 551 2439 ἔτυχεν,
582 2369 722 2423 ὥστε
772 2371 973 2441 μηδένα
1015 2373 1122 2427 τῶν
1173 2372 1405 2425 πολιτῶν
1437 2372 1470 2443 ἢ
1504 2372 1669 2439 ξένων
1706 2373 1812 2427 τῶν

242 2460 576 2529 εὑρεθέντων
606 2463 664 2515 ὲν
688 2463 766 2533 τῷ
793 2463 1024 2534 ’ἱππικῷ
1052 2464 1439 2534 περισωθῆναι,
1458 2466 1516 2517 ὲν
1544 2459 1625 2527 οἷς
1648 2466 1813 2532 ἐσφά-

244 2566 319 2618 γη
354 2551 505 2605 ut"
533 2552 886 2624 Ἀντίπατρος
912 2558 939 2607 ὁ
976 2555 1144 2624 βίνδιξ
1172 2556 1498 2625 Ἀντιοχείας
1525 2557 1621 2627 τῆς
1649 2558 1813 2610 θεου-

247 2642 472 2702 πόλεως.
508 2643 721 2708 Εὐθέως
748 2646 911 2718 340
945 2648 999 2701 δὲ
1012 2648 1057 2679 ’δ’
1082 2649 1133 2700 oi
1164 2648 1291 2715 περὶ
1323 2647 1413 2701 τὸν
1442 2650 1815 2720 στρατηλάτην

246 2732 540 2804 Βηλισάριν
557 2737 601 2766 ¹⁵⁰
632 2737 743 2805 (18)
781 2736 1086 2802 ἀνοίξαντες
1122 2740 1220 2799 τὰς
1264 2739 1433 2809 θύρας
1483 2740 1575 2793 ἐπὶ
1625 2743 1686 2793 τὸ
1735 2741 1817 2793 δε-

251 2827 511 2879 σποτικὸν
538 2827 781 2898 κάθισμα
815 2832 1151 2900 ὁρμήσαντες
1190 2831 1327 2901 μετά
1354 2831 1690 2902 σπαθαρίων,
1724 2834 1818 2886 καὶ

250 2916 636 2986 συλλαϐόμενοι
666 2919 769 2988 39)
801 2921 893 2973 τὸν
923 2921 1181 2974 ’Υπάτιον
1222 2922 1359 2992 μετὰ
1408 2922 1693 2992 Πομπηΐου
1722 2922 1816 2975 τοῦ

251 3005 544 3074 πατρικίου
572 3007 664 3060 τοῦ
695 3006 859 3060 αὑτοῦ
882 3007 1169 3078 ὲξαδέλφου
1192 3011 1483 3081 είσήγαγον
1504 3011 1583 3081 τῷ
1610 3011 1821 3079 βασιλεῖ

265 3094 648 3167 ἰουστινιανῷ.
681 3099 891 3161 Οἵτινες
920 3099 1313 3171 είσενεχθέντες
1339 3104 1706 3171 προσέπεσαν,
1735 3102 1817 3156 λέ-

252 3202 439 3254 γοντες
472 3189 582 3255 (20)
610 3206 623 3218 ο
677 3209 694 3239 ι
725 3192 989 3256 Δέσποτα,
1036 3193 1200 3256 πολὺς
1227 3194 1360 3264 ἡμῖν
1385 3194 1548 3258 κόπος
1578 3195 1817 3262 ἐγένετο,

1912 2108 2197 2162 tribunalis
2222 2107 2274 2160 in
2302 2123 2522 2161 arenam
2552 2125 2564 2160 :
2593 2106 2680 2160 alii
2705 2122 2800 2175 per
2819 2107 2996 2159 locum
3019 2105 3270 2159 Antiochi
3296 2103 3480 2173 appel—

1912 2199 2103 2259 latum,
2134 2206 2189 2251 et
2226 2212 2321 2267 per
2349 2204 2582 2265 portam,
2614 2212 2775 2265 quam
2813 2195 3077 2249 Mortuam
3122 2203 3340 2257 vocant,
3369 2210 3480 2247 cce-

1912 2298 2216 2359 peruntque
2237 2287 2500 2341 factiones
2522 2285 2641 2340 sine
2666 2285 2978 2341 discrimine
3002 2286 3313 2350 concidere,
3344 2285 3481 2339 adeo

1914 2389 1973 2434 ut
1998 2395 2159 2433 nemo
2190 2378 2272 2432 vel
2307 2393 2371 2433 ex
2414 2378 2622 2433 civibus
2652 2379 2734 2431 vel
2765 2395 2829 2432 ex
2864 2378 3163 2449 peregrinis
3187 2421 3201 2443 ,
3238 2379 3328 2447 qui
3365 2389 3478 2431 tum

1914 2470 1970 2523 in
1999 2471 2144 2524 circo
2176 2470 2315 2525 forte
2342 2479 2517 2533 erant,
2552 2469 2785 2523 evaserit
2814 2485 2827 2520 :
2875 2469 2928 2522 in
2964 2469 3164 2538 quibus
3200 2469 3483 2538 Antipater

1914 2562 2215 2617 Antiochia:
2241 2562 2604 2631 Thcophileos
2633 2562 2827 2615 vindex
2860 2576 3035 2615 cresus
3059 2561 3332 2615 occubuit.
3373 2561 3480 2613 Ex-

1915 2655 2116 2724 templo
2156 2655 2247 2723 qui
2296 2670 2419 2709 cum
2463 2653 2721 2707 Belisario
2771 2661 2965 2716 erant,
3011 2654 3193 2724 januis
3236 2652 3479 2722 apertis,

1917 2746 2058 2799 facto
2090 2746 2143 2798 in
2174 2745 2580 2815 imperatorium
2619 2745 2855 2799 tribunal
2886 2760 2991 2798 una
3032 2760 3155 2799 cum
3189 2744 3482 2813 spathariis

1916 2834 2143 2904 impetu,
2184 2841 2399 2903 captum
2439 2830 2722 2902 Hypatium
2773 2847 2895 2886 cum
2942 2830 3200 2900 Pompeio
3252 2830 3482 2901 patrueli

1917 2925 1982 2979 ad
2033 2925 2407 2994 imperatorem
2460 2923 2827 2978 Iustinianum
2864 2924 3235 2988 adduxerunt,
3282 2921 3373 2991 qui
3416 2920 3484 2976 ad

1918 3014 2261 3083 imperatoris
2291 3029 2462 3085 genua
2485 3013 2744 3075 advoluti,
2772 3014 2989 3067 dixere:
3020 3032 3037 3064 ι
3072 3013 3316 3075 Domine,
3343 3012 3483 3067 mul-

1921 3118 2035 3163 tum
2071 3108 2471 3171 laboravimus,
2519 3115 2579 3160 ut
2616 3106 2801 3160 hostes
2841 3112 3033 3159 vestrae
3078 3104 3376 3173 maiestatis
3428 3103 3485 3156 in

1920 3198 2125 3253 circum
2165 3212 2499 3269 cogeremus.
2546 3214 2565 3247 ι
2609 3195 2817 3261 Quibus
2854 3196 3189 3264 imperator:
3225 3214 3244 3245 ι
3292 3194 3483 3257 Recte,

254 3277 391 3331 ὣστε
418 3285 742 3348 συναγαγεῖν
772 3285 898 3347 τοὺς
930 3283 1156 3354 ἐχθροὺς
1179 3284 1273 3337 τοῦ
1300 3285 1531 3356 κράτους
1555 3288 1709 3357 ὑμῶν
1741 3290 1814 3351 είς

1926 3292 2119 3361 inQuit,
2158 3289 2362 3344 fecistis
2392 3308 2405 3342 :
2439 3303 2625 3344 verum
2674 3287 2940 3356 siquidem
2977 3286 3129 3340 vobis
3167 3284 3489 3356 iubentibus

255 3372 315 3425 τὸ
343 3374 610 3428 Ἰππικόν.
642 3395 659 3425 ι
693 3377 801 3429 Καὶ
828 3378 979 3446 λέγει
1000 3379 1182 3441 αὐτοῖς
1202 3382 1229 3431 ὁ
1258 3378 1509 3448 βασιλεύς
1528 3396 1541 3409 ·
1580 3400 1597 3431 ι
1628 3381 1821 3445 Καλῶς

256 3466 547 3535 ἐποιήσατε
568 3485 580 3496 ·
616 3468 762 3537 ὅμως
790 3468 922 3540 παρ’
943 3471 970 3523 δ
990 3472 1033 3503 ⁸¹
1062 3470 1337 3524 ἐπείθοντο
1357 3472 1486 3541 ὑμῖν
1512 3472 1821 3526 κελεύουσιν

257 3554 462 3619 αὐτοῖς,
499 3555 587 3609 διὰ
616 3558 667 3610 τί
699 3558 856 3612 τοῦτο
887 3560 986 3612 οὐκ
1015 3560 1305 3629 ἐποιήσατε
1338 3560 1445 3630 πρὸ
1473 3560 1568 3613 τοῦ
1611 3563 1760 3615 πᾶσα
1788 3562 1822 3631 ή

261 3645 414 3707 πόλις
442 3647 652 3717 καυθῇς
685 3667 705 3699 ι
742 3650 852 3702 Καὶ
886 3648 1030 3717 λέγει
1059 3654 1169 3712 τοῖς
1195 3651 1464 3721 εὐνούχοις
1490 3652 1584 3705 καὶ
1618 3654 1823 3707 σπαθα-

263 3736 398 3806 ρίοις
430 3738 597 3792 αὐτοῦ
628 3739 721 3793 καὶ
755 3741 997 3811 Εὐλαλίῳ
1038 3741 1115 3812 τῷ
1153 3742 1403 3814 βαρϐάτῳ
1433 3745 1527 3797 καὶ
1555 3748 1667 3808 τοῖς
1697 3762 1825 3799 καν-

262 3826 527 3896 διδάτοις’
578 3850 596 3881 ι
625 3832 831 3885 Λάϐετε
878 3835 1071 3897 αὐτοὺς
1114 3836 1208 3889 καὶ
1249 3836 1629 3890 ἀποκλείσατε.
1666 3856 1683 3889 ι
1715 3839 1824 3890 Καὶ

263 3919 453 3973 ἔλαϐον
480 3921 677 3986 αὐτοὺς
706 3926 857 3977 κάτω
880 3927 959 3989 είς
982 3926 1043 3979 τὸ
1070 3926 1347 3992 παλάτιον,
1376 3929 1470 3982 καὶ
1498 3930 1825 3983 ἀπέκλεισαν

262 4009 354 4067 τὸν
388 4012 651 4067 ’Υπάτιον
694 4015 791 4070 καὶ
834 4018 926 4071 τὸν
974 4018 1253 4090 Πομπήϊον
1296 4021 1509 4091 μόνους.
1548 4021 1825 4091 Ἐσφάγη-

1924 3380 2207 3452 parebant,
2237 3394 2335 3433 cur
2367 3394 2475 3431 non
2509 3378 2611 3432 hoc
2646 3376 2873 3438 fecistis,
2895 3375 3209 3445 priusquam
3234 3375 3487 3427 universa

1923 3472 2118 3527 civitas
2146 3469 2536 3539 conflagraret?
2578 3487 2596 3519 ι
2629 3467 2768 3522 Tum
2798 3462 3068 3521 eunuchis
3109 3479 3173 3518 ac
3198 3462 3489 3533 spathariis

1924 3563 2057 3627 suis,
2088 3571 2249 3631 atque
2282 3560 2489 3614 Eulalia
2527 3559 2783 3621 Barbato,
2814 3567 2867 3613 et
2894 3555 3196 3611 candidatis
3233 3573 3245 3608 :
3281 3575 3298 3605 ι
3339 3555 3487 3619 Illos,

1926 3654 2123 3723 inquit,
2155 3652 2395 3721 arripite,
2443 3660 2498 3704 et
2522 3648 2763 3704 custodia
2797 3647 3074 3701 includite.
3109 3665 3127 3697 ι
3165 3648 3340 3716 Atque
3371 3646 3405 3699 ii
3434 3646 3489 3699 in

1927 3747 2237 3801 inferiorem
2260 3743 2439 3814 palatii
2464 3752 2669 3812 partem
2695 3742 2921 3802 delatos,
2943 3740 3226 3809 Hypatium
3251 3748 3305 3792 et
3328 3738 3487 3791 l’om-

1929 3836 2113 3907 peium
2168 3834 2312 3889 solos
2373 3832 2731 3885 incluserunt.
2788 3830 2925 3885 Caesi
2976 3839 3106 3883 sunt
3158 3828 3245 3882 illa
3291 3829 3380 3882 die
3434 3827 3491 3880 in

1929 3927 2096 3987 circo,
2133 3933 2194 3978 ut
2232 3923 2477 3978 referunt
2512 3922 2603 3991 qui
2656 3936 2941 3975 numerum
2988 3920 3386 3986 conjectarunt,
3426 3935 3490 3972 ex

1930 4016 2156 4082 civibus,
2192 4014 2277 4070 vel
2300 4014 2611 4069 hominibus
2644 4012 2965 4085 peregrinis,
2990 4012 3171 4067 tricies
3203 4009 3496 4079 quinquies

1595 4178 1917 4237 DUCANGll
1944 4174 2171 4235 NOTAE.

335 4304 449 4379 (15)
490 4309 850 4379 Σφενδόνης.
884 4311 1015 4367 Ibid.
1043 4327 1100 4373 ιι,
1132 4323 1262 4368 sect.
1294 4314 1343 4379 4,
1374 4330 1431 4368 ιι.
1457 4314 1512 4367 2.

334 4375 591 4498 (mysta
625 4379 732 4431 τοῦ
755 4375 1151 4450 μονοπόρτου.
1180 4375 1495 4438 Μονοπάτου
1514 4428 1529 4450 ,
1556 4384 1839 4454 Theopha-

334 4463 382 4498 S.
462 4446 550 4498 Ide
574 4450 818 4498 eamdem
850 4451 1372 4498 (inmtanlinnnnlim-
1406 4455 1495 4498 "IL
1522 4472 1578 4498 IL
1618 4465 1752 4498 ςριοι-
1784 4456 1830 4498 Ι,

268 4461 382 4572 :esg.
415 4446 550 4501 Vide
574 4446 818 4503 eamdem
850 4446 1373 4522 Constantinopolim,
1405 4446 1581 4518 libfu,
1618 4446 1753 4510 sect.
1784 4456 1835 4521 l,

2006 4311 2117 4385 (20)
2164 4309 2473 4387 Λέγοντες.
2526 4309 2673 4387 Idem
2722 4307 3017 4387 Rrocopius
3049 4306 3124 4360 ait
3171 4303 3491 4387 l’ompeium

1933 4376 2233 4453 plorantem
2254 4376 2593 4453 Vincrepatum
2626 4379 2694 4434 ab
2720 4376 2965 4453 Hypatio,
3000 4392 3123 4431 cum
3152 4376 3355 4453 diceret
3384 4390 3496 4453 non

1939 4444 2134 4507 decere
2183 4451 2299 4503 illos
2350 4444 2638 4517 ploratum,
2672 4444 2782 4518 qui
2802 4444 3051 4518 insontes
3092 4446 3352 4515 perirent.
3393 4444 3496 4497 sibi

1944 4523 2097 4576 initio
2127 4520 2481 4574 renitentibus
2508 4521 2617 4574 vim
2652 4517 2911 4588 apopnlo
2938 4517 3108 4588 fuisse
3150 4518 3366 4588 fac-uim,
3395 4530 3499 4588 nec

337 4586 451 4664 (l_7)
497 4586 908 4664 Tﬁgﬂexpde
935 4592 1177 4659 πόρτας.
1230 4593 1556 4664 Procopius,
1605 4593 1693 4648 διὰ
1740 4594 1814 4663 τῆς

1940 4608 1997 4664 se
2034 4589 2549 4664 posteaqinfestisin
2598 4584 2897 4664 Augustum
2948 4586 3148 4664 animis
3191 4584 3498 4664 venissenin

270 4656 496 4718 είσόδου,

272 4728 509 4781 sulendaa

272 4796 400 4852 edit.
429 4796 558 4866 Reg.

343 4868 456 4935 (18)
484 4872 567 4941 01-
583 4868 714 4935 περὶ
734 4867 841 4941 τὸν
858 4870 1233 4941 Βελισὰριον.
1265 4873 1339 4925 Ita
1364 4872 1525 4927 etiam
1557 4874 1843 4941 Theopha-

276 4951 402 5015 nes;
439 4946 494 4990 at
540 4936 833 5015 lirocopius
861 4940 939 5015 ait
968 4936 1213 5015 arreptos
1246 4944 1559 5015 Hypatiunr
1588 4956 1643 4997 et
1676 4936 1834 4996 Pom-

279 5007 453 5071 peium
489 5023 519 5061 a
554 5007 781 5061 Boraide
837 5018 892 5061 et
914 5007 1412 5071 Justo,'.|uslilt'iani
1443 5030 1508 5067 ex
1540 5014 1705 5066 fratre
1737 5030 1836 5065 ne-

280 5076 514 5196 polzibus,
543 5087 597 5132 et
627 5094 656 5132 e
678 5079 813 5132 solio
840 5081 1172 5149 deturbatos,
1201 5083 1459 5138 adductos
1480 5085 1545 5137 ad
1575 5082 1837 5137 Justinia-

320 5162 331 5195 ι
356 5162 428 5197 m.

513 5218 619 5292 Kal
666 5220 1134 5292 συλλαϐόμενοι.
1186 5221 1239 5274 In
1272 5222 1420 5292 regio
1460 5222 1663 5275 scilicet
1707 5222 1838 5276 circi

282 5285 435 5362 §0lio,
464 5287 771 5362 uti__scribi_t_
790 5285 1102 5360 Procopius,
1136 5308 1243 5347 non
1272 5285 1399 5346 vero
1424 5303 1545 5345 ante
1580 5294 1713 5362 fores
1738 5309 1839 5359 pa-

285 5351 416 5421 lasii,
449 5365 509 5410 ut
540 5356 902 5413 Marcellinus.

609 4659 794 4729 Νεκρὰ
824 4661 1083 4713 καλεῖται.
1121 4664 1193 4716 Dc
1237 4659 1669 4718 causa-nominis
1705 4659 1839 4717 con-

586 4730 774 4797 rigines
806 4730 1391 4801 Constantinopolitanae
1437 4734 1649 4799 Codini,
1687 4751 1739 4804 p.
1772 4735 1841 4788 6?.

1945 4654 2167 4715 circum.
2199 4661 2329 4723 Quze
2354 4659 2568 4728 quidem
2601 4654 2755 4729 longe
2790 4658 2990 4729 distant
3020 4656 3182 4729 abiis
3203 4671 3322 4729 qua}
3357 4654 3499 4729 refe-

1946 4741 2139 4784 runtur
2183 4747 2212 4783 a
2256 4724 2570 4783 Marcellino
2615 4724 2830 4791 comite,
2852 4727 2942 4796 qui
2973 4727 3026 4778 in
3072 4726 3219 4779 hisce
3249 4724 3495 4793 Hypatio,

1946 4801 2202 4869 Pompeio
2229 4812 2283 4853 et
2310 4800 2487 4853 Probo
2531 4799 2796 4852 Anastasii
2835 4796 3500 4869 nepotibusiniquior_vi-

1946 4864 2122 4929 detur,
2156 4870 2425 4923 scribente
2454 4870 2521 4922 ab
2542 4869 2608 4923 iis
2634 4864 2954 4922 concitatam
2986 4866 3329 4928 seditionem,
3371 4864 3501 4918 dum

1946 4940 2223 5005 imperium
2278 4939 2469 5008 singuli
2526 4940 2739 5007 indigna
2802 4936 3084 5008 qtnbiljone
3140 4942 3503 5004 exoptabant:

1940 5009 2149 5062 uiittetsi
2186 5006 2864 5091 potiorﬁdetur'habenda
2899 5006 3254 5091 lideshorum
3290 5014 3502 5091 tempo-

1940 5095 2060 5131 rum
2095 5074 2343 5148 scriptori
2394 5077 2676 5148 Procopio,
2736 5092 2859 5129 cum
2899 5084 2954 5129 et
2980 5074 3053 5127 illi
3079 5076 3372 5130 couciuant
3401 5089 3502 5126 au.-

1940 5158 2058 5202 ctor
2086 5147 2340 5203 Clironici
2366 5158 2421 5202 et
2454 5147 2837 5216 Theophanes.

2012 5219 2123 5285 (2f)
2155 5217 2566 5287 Ἐσεράγησαν,
2592 5212 2700 5270 etc.
2728 5216 2804 5269 Ita
2837 5214 3199 5287 TheOphanes
3224 5232 3239 5278 ;
3284 5223 3339 5267 at
3367 5212 3503 5287 Pro-

1945 5282 2133 5356 copius
2169 5305 2181 5340 :
2213 5282 2501 5357 θνήσκουσι
2524 5287 2580 5339 δὲ
2603 5286 2696 5340 τοῦ
2731 5287 2905 5355 δήμου
2938 5282 3099 5340 πλέον
3126 5286 3160 5355 ἢ
3188 5282 3502 5355 τρισμύριοι

1945 5361 2003 5411 ὲν
2034 5358 2206 5428 ταύτῃ
2329 5356 2531 5427 ἡμέρᾳ.

1548 5526 1779 5582 νΑΙῖΙᾹζ
1818 5525 2217 5582 LECTIONES.
2276 5549 2282 5559 ι

356 5663 400 5695 ⁸⁸
428 5666 709 5719 ἀνασεῖσαι
739 5663 800 5715 I‘.
874 5662 917 5695 ⁸⁷
946 5665 1022 5726 είς
1043 5664 1104 5717 τὸ
1136 5665 1381 5719 Ἱππικὸν
1404 5681 1512 5721 om.
1546 5665 1602 5720 Ρ.
1681 5664 1726 5697 ⁸⁸
1751 5665 1843 5719 καὶ
1870 5680 1980 5720 om.
2016 5663 2075 5719 P.
2153 5664 2199 5695 ’δ’
2220 5663 2276 5717 δὲ
2302 5678 2412 5717 om.
2440 5664 2506 5717 Ρ.
2582 5663 2627 5697 ⁸⁸
2661 5664 2970 5719 Βιλισάοιον
3014 5665 3076 5719 Ρ.

291 5737 334 5785 εί
365 5754 433 5791 ιιι.
466 5737 532 5789 Β.

3172 5663 3216 5696 ⁸³
3243 5662 3411 5732 πάρος
3437 5660 3511 5726 P,
