4096 6296
248 294 354 358 893

1428 310 1858 374 cnaomcoa
1886 313 2288 391 PASCHALE.

3369 331 3477 396 894

327 424 347 455 ε
385 403 718 503 "tacebo—psi:
743 403 851 503 γαρ
876 412 954 474 είς
984 413 1078 467 ἕνα
1103 414 1234 471 Θεὸν
1260 418 1479 491 Πατέρα
1505 437 1814 496 παντοκρά-

1992 448 2012 480 ι
2042 430 2323 487 Credimus
2365 432 2543 503 itaque
2586 434 2639 489 in
2671 451 2836 491 unum
2868 436 3031 493 Deum
3058 440 3269 498 Patrem
3294 446 3475 499 omni.

246 510 384 564 τορα
406 497 500 549 καὶ
520 498 598 558 είς
613 498 708 553 ἕνα
727 500 929 572 Κύριον
958 506 1161 575 Ἰησοῦν
1177 508 1405 578 Χριστὸν
1426 512 1553 567 Υἱὸν
1572 513 1666 568 τοῦ
1684 517 1816 570 Θεοῦ

251 587 347 637 καὶ
372 588 467 650 είς*
484 587 545 640 τὸ
576 588 730 659 ἅγιον
778 594 1001 667 Πνεῦμα
1032 599 1162 668 μίαν
1187 602 1373 656 οὐσίαν
1405 606 1464 658 ὲν
1488 608 1666 676 τρισὶν
1687 609 1820 662 ὐποο

252 678 479 770 στάσεσι
508 684 955 752 προσκυνοῦντες,
981 688 1110 759 μίαν
1136 690 1384 762 θεότητα,
1415 696 1544 768 μίαν
1568 698 1817 770 δύναμιν,

250 765 465 863 Ι1“ριόιδα
494 773 814 863 ξμοούσιον.
849 776 966 829 Ἐπ’
997 781 1226 851 ἐσχάτου
1254 786 1310 839 δὲ
1357 765 1427 820 τ’*
1454 789 1564 842 τῶν
1596 765 1818 863 ἡμερῶν

251 857 626 951 όμολογοῦμεν
662 864 870 934 Ἰησοῦν
895 871 1127 941 Χριστὸν
1156 864 1248 929 τὸν
1281 882 1540 951 μονογενῆ
1568 857 1693 935 Υίὸν
1712 857 1817 937 *τοῦ

253 948 412 1017 Θεοῦ,
447 952 537 1006 τὸν
565 956 628 1008 ἐκ
656 956 791 1011 Θεοῦ
820 960 1095 1031 ἀληθινοῦ,
1136 966 1227 1019 τὸν
1255 970 1359 1041 πρὸ
1389 948 1598 1026 αἰώνων
1637 975 1702 1028 ἐκ
1724 975 1817 1029 τοῦ

258 1041 475 1135 [ἱατρὸς
500 1047 849 1117 γεννηθέντα,
888 1053 979 1106 τὸν
1020 1057 1283 1115 συναῖδιον
1309 1062 1386 1131 τῷ
1412 1064 1603 1135 Πατρὶ,
1639 1067 1729 1120 τὸν
1762 1068 1821 1133 ἐξ

255 1129 317 1187 οὗ
351 1138 423 1190 τὰ
465 1137 508 1169 ⁷⁸
538 1140 714 1194 πάντα
752 1146 845 1196 καὶ
868 1144 937 1198 δι’
976 1139 1036 1198 οῦ
1072 1148 1138 1201 τὰ
1168 1150 1362 1213 πάντα,
1398 1156 1726 1209 κατελθόντα
1754 1161 1820 1212 ὲκ

256 1229 368 1281 τῶν
420 1232 668 1304 οὐρανῶν
702 1236 796 1288 καὶ
830 1239 1179 1308 σαρκωθέντα
1229 1246 1291 1295 ὲκ
1326 1244 1635 1315 Πνεῦματος
1664 1249 1820 1317 ἁγίου

259 1319 359 1370 καί
408 1321 506 1389 τῆς
561 1322 725 1390 ἁγίας
757 1326 970 1393 ἐνδόξου
1001 1328 1389 1403 Ἀειπαρθένου
1434 1339 1527 1388 καὶ
1555 1338 1821 1394 Θεοτόκου

260 1409 484 1479 Μαρίας
523 1412 620 1464 καὶ
656 1415 1148 1488 ἐνανθρωπήσαντα
1182 1425 1411 1494 σταυρόν
1446 1443 1506 1478 τε
1534 1427 1825 1497 ὑπομεῖναι

262 1498 405 1570 ὑπὲρ
439 1501 593 1571 ἡμῶν
624 1505 716 1557 ἐπὶ
749 1506 972 1561 Ποντίου
1021 1511 1274 1575 Πιλάτου,
1318 1517 1411 1569 καὶ
1439 1520 1694 1588 ταφῆναι,
1730 1524 1825 1576 καὶ

261 1591 562 1661 ἀναστῆναι
580 1598 645 1663 τῇ
670 1594 826 1667 τρίτῃ
843 1598 1046 1671 ἡμέρᾳ,
1070 1602 1188 1666 ἐνὸς
1206 1604 1301 1657 καὶ
1321 1606 1414 1659 τοῦ
1433 1608 1598 1662 αὑτοῦ
1615 1610 1659 1641 ⁷⁸
1676 1612 1743 1666 τά
1764 1628 1824 1665 τε

265 1681 522 1754 θαύματα
549 1687 639 1739 καί
654 1688 721 1740 τὰ
745 1689 913 1761 πάθη,
933 1692 1075 1764 ἅπερ
1092 1696 1351 1762 ἑκουσίως
1372 1700 1626 1770 ὑπέμεινε
1640 1705 1823 1775 σαρκὶ,

262 1775 643 1842 γινώσκοντες.
674 1782 747 1835 Οὐ
796 1783 901 1854 γὰρ
930 1783 1088 1839 ἄλλον
1119 1788 1210 1841 τὸν
1240 1790 1371 1844 Θεὸν
1411 1794 1582 1863 Λόγον
1609 1797 1701 1849 καὶ⁵
1734 1796 1827 1850 ἄλ·
1858 1780 1899 1836 Β

261 1866 356 1920 λον
393 1869 485 1923 τὸν
523 1872 758 1949 Χριστὸν
798 1877 1157 1949 ἐπιστάμεθα,
1193 1882 1285 1935 τὸν
1312 1883 1407 1938 ἕνα
1434 1885 1527 1937 καὶ
1549 1886 1641 1939 τὸν
1666 1888 1828 1940 αὐτὸν

263 1959 551 2029 ὁμοούσιον
572 1963 649 2035 τῷ
677 1966 852 2037 Πατρὶ
880 1970 1019 2023 κατὰ
1048 1972 1146 2043 τὴν
1178 1972 1404 2044 θεότητα
1428 1977 1519 2030 καὶ
1547 1978 1830 2047 όμοούσιον

265 2052 399 2123 ἡμῖν
428 2053 520 2106 τὸν
558 2056 720 2111 αὐτὸν
739 2058 786 2090 ⁷⁸
816 2060 958 2114 κατὰ
993 2063 1092 2134 τὴν
1120 2064 1509 2139 ἀνθρωπότητα
1537 2069 1696 2141 343
1730 2071 1830 2140 τὴν

265 2141 323 2195 δὲ
358 2143 479 2196 καθ’
512 2144 804 2201 ὑπόστασιν
843 2150 1066 2221 ἑνότητα
1107 2153 1373 2226 δεχόμεθα
1416 2160 1508 2212 καὶ
1538 2160 1831 2231 ὁμολογοῦ-

269 2250 390 2304 μεν.
411 2236 631 2306 Ἔμεινε
661 2240 769 2311 γὰρ
788 2241 1001 2314 Τριὰςή
1022 2245 1189 2314 Τριὰς
1216 2250 1310 2301 καὶ
1338 2252 1556 2321 σαρκωθ
1570 2252 1715 2316 ἐντος
1736 2251 1831 2306 τοῦ

269 2329 391 2393 ἑνὸς
409 2330 511 2401 τῆς
521 2332 749 2402 Τριάδος
767 2335 901 2390 Θεοῦ
916 2338 1107 2406 Λόγουο
1124 2336 1246 2392 οὔτε
1262 2341 1369 2411 γὰρ
1384 2341 1642 2412 τετάρτου
1662 2360 1831 2412 προσ-

274 2419 426 2472 ώπου
468 2422 787 2496 προσθήκην
825 2426 1181 2497 ἐπιδέχεταιή
1211 2426 1341 2496 ἁγία
1384 2430 1427 2481 Τ
1433 2429 1574 2499 ριάς.
1608 2430 1831 2484 Τούτων

271 2508 455 2562 τοίνυν
472 2509 640 2575 οὕτως
657 2513 905 2583 ἐχόντων,
924 2515 1387 2587 ἀναθεματίζομεν
1407 2520 1586 2572 πᾶσαν
1601 2519 1833 2589 αἵρεσιν,

271 2609 574 2680 ἐξαιρέτως
599 2611 655 2666 δὲ
694 2613 987 2686 Νεστόριον
1009 2616 1101 2670 τὸν
1124 2617 1171 2648 ⁷⁸
1193 2616 1653 2691 ἀνθρωπολάτρην
1674 2621 1719 2651 ’⁷
1741 2621 1837 2674 καὶ

268 2703 401 2766 τοὺς
429 2704 497 2757 τὰ
521 2704 686 2758 αὑτοῦ
725 2710 1099 2779 φρονήσαντας
1121 2708 1154 2781 ἢ
1177 2709 1526 2782 φρονοῦντας,
1546 2713 1672 2775 τοὺς
1691 2713 1833 2766 διαι-

274 2793 505 2862 ροῦντας
525 2796 617 2851 τὸν
635 2798 730 2851 ἕνα
747 2800 949 2869 Κύριον
965 2801 1120 2871 ἡμῶν
1133 2802 1338 2871 Ἰησοῦν
1358 2804 1399 2855 Χ
1408 2803 1588 2873 ριστὸν
1601 2804 1692 2857 τὸν
1708 2805 1836 2859 Υίὸν

273 2883 371 2937 τοῦ
394 2884 529 2939 Θεοῦ
552 2888 647 2941 καὶ
668 2888 801 2941 Θεὸν
818 2890 849 2959 ἡ
858 2888 992 2959 μῶν,
1014 2892 1108 2943 καὶ
1132 2890 1207 2963 μὴ
1226 2892 1618 2962 ὁμολογοῦντας
1634 2893 1837 2964 κυρίως

271 2976 371 3031 καὶ
402 2978 546 3035 κατὰ
570 2979 828 3051 ἀλήθειαν
855 2981 954 3053 τὴν
981 2983 1140 3051 ἁγίαν
1168 2984 1763 3056 ένδοξονἈειπαρθένον
1793 2986 1838 3017 ⁷⁸

272 3063 496 3136 Μαρίαν
544 3065 821 3131 Θεοτόκον,
868 3070 1110 3121 τουτέστι
1149 3071 1357 3141 μητέρα
1388 3071 1543 3137 Θεοῦ,
1574 3072 1711 3126 ἀλλὰ
1743 3073 1837 3127 δύο

1917 530 2225 589 potentem,
2270 534 2325 579 et
2356 525 2410 578 in
2444 542 2611 581 unum
2650 526 2931 583 Dominum
2974 530 3155 586 Jesum
3196 535 3479 594 Christum

1917 609 2111 666 Filium
2140 612 2269 679 Dei,
2304 623 2358 670 et
2391 615 2445 669 in
2476 615 2735 686 Spiritum
2764 628 3014 673 sanctum
3039 660 3053 685 ,
3087 636 3247 675 unam
3285 636 3477 676 essen-

1918 697 2044 751 tiam
2065 699 2119 753 in
2146 700 2318 757 tribus
2348 704 2744 775 hypostasibus,
2775 707 2890 762 sive
2918 708 3337 765 subsistentibus
3360 727 3480 780 per-

1917 789 2082 853 sonis,
2116 792 2402 849 adorantes
2431 812 2589 850 unam
2618 798 2894 862 deitatem,
2940 815 3099 853 unam
3135 811 3473 869 potestatem,

1917 879 2231 937 Trinitatem
2262 887 2797 943 consubstantialem.
2830 891 2889 944 ln
2922 891 3124 945 ultimis
3156 901 3335 947 autem
3364 894 3479 948 die-

1918 967 2020 1024 bus
2048 971 2369 1028 conﬁtemur
2394 976 2679 1031 Dominum
2714 987 2959 1034 nostrum
2985 979 3168 1035 Jesum
3200 981 3477 1037 Christum

1918 1061 2252 1132 unigenitum
2286 1066 2378 1121 Dei
2409 1068 2622 1132 Filium,
2667 1085 2733 1125 ex
2771 1071 2881 1126 Deo
2912 1088 3038 1128 vero
3059 1073 3227 1128 Deum
3265 1090 3476 1140 verum,

1920 1162 2046 1207 ante
2107 1157 2303 1210 saecula
2330 1197 2345 1221 ,
2411 1168 2467 1213 et
2510 1162 2628 1215 sine
2669 1170 2911 1231 tempore
2948 1179 3011 1217 ex
3058 1163 3214 1220 Patre
3240 1176 3475 1220 natum:

1920 1256 2246 1300 coaaternum
2271 1247 2437 1314 Patri,
2453 1265 2516 1303 ex
2542 1264 2653 1319 quo
2672 1253 2875 1317 omnia,
2897 1263 2951 1308 et
2972 1270 3067 1323 per
3088 1271 3247 1324 quem
3273 1257 3477 1321 omnia,

1921 1337 2014 1404 qui
2045 1337 2329 1393 descendit
2355 1340 2422 1393 de
2450 1340 2603 1396 cmlis
2627 1383 2643 1407 ,
2680 1342 2995 1398 incarnatus
3021 1345 3087 1399 de
3114 1344 3320 1415 Spiritu
3349 1360 3480 1401 san-

1922 1438 2030 1494 cto,
2061 1438 2116 1484 et
2147 1440 2332 1485 sancta
2358 1430 2595 1502 gloriosa
2627 1444 2680 1488 et
2706 1449 2919 1504 semper
2948 1435 3164 1505 Virgine
3191 1435 3354 1490 Maria
3380 1476 3395 1500 ,
3425 1444 3481 1492 et

1922 1520 2327 1589 inhumanatus,
2343 1524 2455 1577 sive
2481 1524 2642 1578 homo
2670 1524 2845 1580 lactus
2865 1535 2968 1591 est,
2988 1535 3043 1579 et
3060 1542 3247 1594 passus
3263 1540 3480 1582 crucem

1922 1625 2021 1680 pro
2049 1611 2205 1667 nobis
2229 1612 2330 1666 sub
2354 1608 2548 1666 Pontio
2573 1612 2774 1677 Pilato,
2802 1613 3044 1681 sepultus
3069 1625 3183 1678 est,
3214 1622 3269 1669 et
3299 1628 3484 1668 resur-

1924 1703 2066 1757 rexit
2095 1703 2256 1757 tertio
2280 1703 2387 1758 die.
2418 1703 2590 1759 Unius
2621 1719 2685 1758 ac
2709 1704 2953 1773 ejusdem
2987 1705 3266 1775 passiones
3294 1715 3349 1759 ct
3376 1704 3484 1759 mi-

1928 1794 2130 1857 racula,
2170 1809 2288 1863 qua:
2313 1801 2505 1863 sponte
2533 1795 2753 1864 pertulit
2787 1794 2841 1849 in
2869 1810 3031 1850 carne
3053 1835 3069 1859 ,
3104 1805 3482 1864 agnoscentes.

1926 1883 2043 1937 Non
2075 1886 2216 1940 enim
2247 1886 2410 1939 alium
2443 1885 2610 1940 Deum
2646 1885 2915 1952 Verbum,
2941 1895 2996 1942 et
3022 1888 3183 1942 alium
3207 1888 3483 1942 Christum

1928 1977 2199 2034 novimus.
2232 1978 2322 2031 sed
2369 1993 2536 2031 unum
2584 1987 2638 2031 et
2664 1977 2936 2041 eumdem,
2968 1978 3485 2033 consubstantialem

1929 2067 2103 2124 Patris
2153 2069 2448 2125 secundum
2504 2070 2757 2124 deitatem
2790 2112 2805 2134 ,
2863 2081 2917 2125 et
2969 2071 3484 2125 consubstantialem

1928 2160 2085 2215 nobis
2124 2162 2419 2217 secundum
2446 2163 2853 2218 humanitatem.
2884 2162 2953 2218 Ut
2973 2162 3116 2217 enim
3147 2170 3231 2217 est
3262 2162 3313 2215 in
3348 2163 3489 2217 divi-

1930 2249 2102 2303 nitate
2134 2250 2404 2319 periectns
2436 2295 2451 2317 ,
2489 2253 2558 2306 ita
2595 2253 2735 2308 idem
2781 2254 2898 2323 ipse
2929 2264 2980 2309 et
3012 2255 3284 2324 perfectus
3316 2266 3401 2312 est
3430 2256 3489 2312 in

1934 2341 2284 2396 humanitate.
2316 2340 2449 2396 Nam
2506 2344 2622 2411 ejus
2670 2346 2967 2399 secundum
3011 2346 3341 2415 hypostasim
3391 2361 3488 2402 seu

1932 2433 2226 2488 secundum
2262 2450 2547 2504 personam
2580 2436 2838 2491 unitatem
2864 2437 3189 2507 suscipimus
3212 2477 3229 2503 ,
3272 2449 3327 2492 et
3354 2453 3491 2495 cou-

1934 2527 2184 2582 ﬁtemur:
2210 2527 2407 2582 mansit
2431 2527 2573 2581 enim
2600 2527 2836 2583 Trinitas
2864 2528 3102 2584 Trinitas
3144 2532 3207 2598 et}
3238 2539 3362 2600 post
3404 2529 3492 2583 in-

1933 2631 2212 2674 carnatum
2245 2637 2410 2675 unum
2438 2637 2503 2676 ex
2548 2621 2811 2677 Triuitate
2857 2621 3235 2695 Dei,.Verbum
3267 2640 3279 2677 :
3313 2635 3492 2692 neque

1935 2714 2079 2765 enim
2110 2722 2313 2781 quarta:
2348 2730 2595 2784 persona:
2622 2714 2978 2784 adiectionem
3024 2716 3258 2770 admittit
3305 2727 3490 2770 saneta

1937 2799 2190 2856 Trinitas.
2226 2801 2323 2857 His
2376 2804 2447 2858 ita
2498 2820 2558 2859 se
2586 2805 2943 2871 habentibus,
2974 2804 3493 2859 anathematizamus

1936 2907 2151 2948 omnem
2200 2894 2463 2959 haeresin,
2531 2896 2798 2965 praecipue
2850 2911 2980 2950 vero
3037 2894 3341 2949 Nestorium
3393 2910 3496 2947 an-

1938 2986 2366 3056 thropolatram,
2397 2994 2454 3042 et
2500 2987 2591 3056 qui
2641 2987 2825 3041 eadem
2875 3003 2997 3042 cum
3052 2987 3168 3056 ipso
3214 2986 3493 3051 sentiunt,

1940 3077 2022 3132 vel
2082 3088 2403 3143 senserunt,
2431 3082 2527 3146 qui
2575 3078 2826 3133 dividunt
2860 3094 3025 3132 unum
3069 3078 3355 3133 Dominum
3394 3092 3498 3131 no-

274 3159 423 3220 υίοὺς
455 3158 733 3229 λέγοντας,
782 3160 940 3215 ἄλλον
975 3163 1075 3231 μὲν
1102 3162 1190 3215 τὸν
1220 3166 1284 3216 ὲκ
1325 3165 1535 3234 Πατρὸς
1567 3165 1699 3218 Θεὸν
1731 3165 1835 3219 Δό-

1939 3178 2113 3224 strum
2144 3169 2327 3225 Jesum
2376 3140 2651 3226 Christum
2703 3171 2895 3226 Filium
2939 3171 3059 3234 Dei,
3106 3180 3162 3225 et
3201 3170 3365 3224 Deum
3398 3185 3499 3224 no-

273 3266 408 3317 γον,
463 3248 620 3303 ἄλλον
666 3250 723 3303 δὲ
749 3250 839 3305 τὸν
878 3253 941 3306 ὲκ
982 3255 1080 3325 τῆς
1119 3254 1281 3322 ἁγίας
1317 3256 1703 3327 Ἀειπαρθένου
1746 3258 1838 3313 καὶ

272 3341 540 3395 Θεοτόκου
571 3343 809 3412 Μαρίας,
858 3345 1040 3417 χάριτι
1065 3346 1121 3399 δὲ
1159 3349 1254 3400 καὶ
1280 3348 1462 3417 σχέσει
1504 3349 1597 3402 καὶ
1624 3350 1839 3403 οἰκειώ-

275 3452 359 3489 σει
387 3437 455 3507 τῇ
486 3436 621 3507 πρὸς
647 3436 739 3490 τὸν
766 3437 899 3491 Θεὸν
943 3439 1112 3507 Λόγον
1156 3440 1250 3493 καὶ
1278 3440 1407 3493 Θεὸν
1424 3441 1583 3494 αὐτὸν
1610 3442 1840 3513 γεγενῆ-

279 3528 404 3583 σθαι
421 3530 466 3561 ⁷³
495 3530 884 3609 ἀρνουμένους,
902 3531 998 3585 καὶ
1024 3532 1099 3604 μὴ
1119 3533 1508 3603 ὁμολογοῦντας
1535 3534 1623 3587 τὸν
1649 3535 1844 3590 Δεσπό·

276 3638 379 3692 την
399 3622 562 3705 ἡμων
589 3622 801 3695 Ἰησοῦν
823 3624 1056 3694 Χριστὸν
1075 3625 1165 3677 τὸν
1187 3626 1312 3679 Υίὸν
1333 3626 1428 3679 τοῦ
1444 3626 1579 3679 Θεοῦ
1602 3628 1697 3681 καὶ
1711 3628 1844 3682 Θεὸν

277 3714 438 3784 ἡμῶν
491 3713 584 3769 τὸν
635 3714 1001 3785 σαρκωθέντα,
1054 3716 1147 3769 καὶ
1194 3717 1711 3787 ὲνανθρωπήσαντα,
1752 3721 1848 3774 καὶ

282 3804 686 3874 σταυρωθέντα,
716 3805 811 3859 ἕνα
853 3802 992 3871 εἶναι
1031 3807 1127 3877 τῆς
1156 3807 1436 3878 ὀμοουσίου
1466 3809 1711 3879 Τριάόος.
1740 3805 1843 3865 Οὖ-

280 3913 370 3960 τος
400 3899 509 3968 γὰρ
545 3897 706 3968 μόνος
743 3897 891 3951 ἐστὶν
919 3899 948 3951 ὁ
988 3899 1569 3971 συμπρυσκυνούμενος
1597 3901 1692 3954 καὶ
1720 3918 1846 3953 συν-

282 3988 639 4059 δοξαςόμενος
665 3988 741 4059 τῷ
774 3990 950 4061 Πατρὶ
974 3992 1068 4065 καὶ.
1097 3990 1173 4060 τῷ
1201 3990 1339 4061 ἁγίῳ
1363 3989 1661 4061 Πνεύματι.

1934 3270 2103 3315 strum
2124 3302 2139 3327 ,
2188 3268 2243 3315 et
2291 3263 2381 3331 qui
2410 3279 2518 3317 non
2569 3262 2896 3318 conﬁtentur
2925 3262 3175 3335 preprie,
3216 3271 3271 3316 et
3300 3277 3498 3315 secun-

1936 3350 2064 3404 dum
2094 3351 2377 3405 veritatem
2419 3363 2658 3407 sanctam
2692 3353 3006 3423 gloriosam,
3035 3361 3090 3406 et
3134 3367 3345 3420 semper
3373 3349 3499 3403 Vir-

1936 3443 2113 3514 ginem
2163 3442 2385 3497 Mariam
2431 3443 2742 3499 Theotocon
2801 3459 2893 3498 seu
2949 3444 3268 3514 Deiparam,
3297 3442 3349 3496 id
3378 3453 3499 3506 est,

1944 3534 2038 3589 Dei
2082 3545 2302 3590 matrem
2344 3552 2363 3591 :
2415 3536 2508 3591 sed
2553 3536 2643 3606 qui
2689 3536 2825 3591 duos
2872 3536 3009 3591 ﬁlios
3057 3537 3272 3598 dicunt,
3328 3549 3500 3589 unum

1941 3641 2007 3681 ex
2056 3627 2168 3681 Deo
2216 3626 2372 3681 Patre
2428 3628 2594 3681 Deum
2642 3626 2907 3691 Verbum,
2944 3628 3173 3681 alterum
3219 3642 3284 3681 ex
3317 3633 3501 3681 sancta

1942 3736 2156 3789 semper
2211 3717 2424 3791 Virgine
2475 3720 2702 3791 Deipara
2738 3720 2936 3786 Maria,
2973 3719 3141 3791 gratia
3181 3728 3235 3773 ct
3279 3717 3502 3773 habitu-

1942 3811 2070 3866 dine
2090 3853 2105 3878 ,
2134 3820 2188 3866 et
2214 3813 2645 3882 prepinqnitate,
2680 3828 2841 3880 quam
2868 3826 2992 3865 eum
3023 3810 3130 3865 Deo
3170 3810 3350 3864 Verbo
3398 3810 3502 3864 ha-

1942 3903 2067 3968 bet,
2108 3912 2293 3955 natutn
2324 3918 2444 3956 esse
2475 3921 2488 3956 :
2522 3912 2576 3957 et
2626 3902 2718 3971 Qui
2765 3911 2999 3973 negant,
3028 3917 3130 3956 nec
3173 3901 3503 3955 conﬁtentur

1943 3995 2228 4048 Dominum
2281 4004 2525 4047 nostrum
2574 3993 2763 4048 Jesum
2806 3992 3079 4048 Christum
3128 3990 3321 4046 Filium
3372 3990 3504 4057 Dei,

281 4095 335 4139 et
394 4086 562 4140 Deum
611 4097 856 4142 nostrum
903 4085 1276 4149 incarnatum,
1333 4095 1389 4140 et
1457 4086 1732 4143 hominem
1786 4091 2019 4158 factum,
2090 4103 2145 4147 et
2218 4089 2581 4149 cruciﬁxum,
2650 4103 2817 4141 unum
2884 4102 3004 4142 esse
3064 4102 3126 4141 ex
3198 4090 3384 4139 sancta
3449 4090 3508 4138 et

282 4178 728 4233 cunsubstantiali

285 4269 533 4339 Spiritui.
574 4288 594 4322 ι

359 4383 379 4416 ι
428 4364 923 4436 ’Δναθεματίζομεν
972 4364 1028 4419 δὲ
1075 4367 1168 4417 καὶ
1224 4363 1469 4434 Εὐτυχέα
1511 4362 1601 4417 τὸν
1652 4381 1846 4437 φρενο-

809 4177 1091 4232 'l‘rinitate.
1168 4174 1285 4247 Ipse
1339 4178 1483 4232 enim
1559 4180 1708 4236 solus
1778 4194 1863 4239 est
1923 4183 2300 4241 coadorandus
2354 4190 2409 4236 et
2469 4179 2953 4249 congloriﬁcandus
3007 4178 3152 4231 l’atri
3208 4185 3264 4231 et
3316 4184 3507 4229 sancto

2027 4380 2045 4415 ι
2088 4356 2962 4426 Anathematizamusinsuper.ct
2991 4354 3308 4425 Eutychem,
3327 4364 3509 4411 mente

284 4457 459 4528 ελαῦἦ
491 4457 727 4521 καὶτοὺς
758 4458 828 4510 τὰ
857 4458 1019 4511 αὑτοῦ
1048 4458 1419 4528 φρονήσαντας
1442 4456 1480 4527 ἢ
1498 4458 1836 4527 φρονοῦντας⁴

1951 4463 2167 4524 captum
2192 4492 2207 4516 ,
2240 4462 2296 4507 et
2339 4451 2429 4520 qui
2460 4465 2583 4504 cum
2631 4465 2697 4503 eo
2743 4449 3019 4511 sentiunt,
3051 4459 3145 4503 aut
3182 4459 3507 4513 senserunt,

284 4549 411 4612 τοὺς
443 4548 744 4618 φαντασίαν
791 4548 1126 4616 εἰσάγοντας,
1166 4547 1530 4617 ἀρνουμένους
1558 4548 1612 4600 δὲ
1652 4548 1749 4619 τὴν
1788 4549 1854 4601 ὲκ

286 4643 382 4711 τῆς
432 4641 592 4711 ἁγίας
627 4640 1012 4711 Ἀειπαρθένου
1056 4641 1150 4693 καὶ
1189 4639 1448 4694 Θεοτόκου
1480 4640 1694 4711 Μαρίας
1725 4640 1856 4710 ἀλη-

289 4732 442 4805 θινὴν
472 4734 748 4803 σάρκωσιν
787 4732 880 4785 τοῦ
924 4731 1126 4803 Κυρίου
1157 4732 1249 4785 καὶ
1280 4731 1528 4802 Σωτῆρος
1561 4732 1716 4801 ἡμῶν
1749 4732 1857 4800 ’1η-

292 4826 385 4879 σοῦ
413 4824 675 4898 Χριστοῦ,
708 4824 984 4879 τουτέστιν
1006 4824 1102 4895 τὴν
1129 4825 1403 4896 ἡμετέραν
1440 4823 1735 4895 σωτηρίαν,
1764 4824 1859 4875 καὶ

295 4919 369 4986 μὴ
416 4914 812 4987 ὁμολογοῦντας
853 4916 1015 4969 αὐτὸν
1064 4915 1345 4985 ὁμοούσιον
1382 4914 1460 4986 τῷ
1492 4914 1667 4986 Πατρὶ
1713 4914 1857 4967 κατὰ

290 5007 386 5077 τὴν
409 5006 657 5075 θεότητα.
692 5005 793 5060 Τὸν
818 5005 977 5059 αὐτὸν
1031 5004 1086 5058 δὲ
1108 5006 1306 5075 τρόπον
1329 5006 1424 5059 καὶ
1452 5002 1857 5074 Ἀπολλινάριον

293 5098 381 5151 τὸν
414 5095 777 5167 ψυχοφθόρον,
820 5097 913 5148 καὶ
959 5093 1087 5158 τοὺς
1114 5094 1181 5147 τὰ
1219 5093 1384 5148 αὐτοῦ
1428 5091 1852 5165 φρονήσανταςῆ

297 5187 625 5257 φρονοῦντας
657 5185 704 5217 ⁸ο
728 5186 850 5247 τοὺς
875 5184 1156 5255 ἄνθρωπον
1197 5182 1240 5216 ⁸¹
1284 5184 1441 5255 μόνον
1473 5184 1728 5251 λέγοντας
1762 5184 1853 5235 τὸν

297 5276 500 5352 Κόριον
552 5276 708 5347 ἡμῶν
732 5275 941 5347 Ἰησοῦν
967 5276 1196 5349 Χριστὸν
1217 5279 1307 5330 τὸν
1329 5276 1453 5331 Υἰὸν
1474 5276 1567 5331 τοῦ
1596 5273 1729 5329 Θεοῦ
1757 5273 1849 5326 καὶ

1951 4543 2041 4612 qui
2071 4540 2410 4612 phantasiam
2437 4537 2818 4598 introducunt,
2848 4544 3154 4606 negantque
3201 4550 3380 4588 veram
3408 4549 3509 4587 na-

1953 4634 2251 4695 tivitatem,
2285 4648 2380 4686 seu
2435 4630 2835 4701 generationem
2870 4627 3077 4682 Domini
3118 4635 3172 4681 et
3218 4623 3512 4679 Salvatoris

1951 4724 2122 4779 nostri
2149 4723 2277 4778 Jesu
2322 4720 2521 4776 Christi
2569 4735 2633 4773 ex
2675 4729 2859 4773 sancta
2892 4716 3109 4787 Virgine
3157 4724 3211 4768 et
3255 4713 3509 4782 Deipara,

1957 4817 2058 4871 hoc
2080 4825 2193 4879 est,
2238 4823 2477 4868 nostram
2520 4812 2744 4865 salutem
2769 4852 2783 4871 ,
2819 4818 2874 4863 et
2918 4807 3007 4876 qui
3049 4820 3153 4858 non
3186 4804 3514 4859 conﬁtentur

1958 4907 2133 4978 ipsum
2171 4903 2686 4960 consubstantialem
2721 4900 2862 4955 Patri
2893 4898 3189 4953 secundum
3222 4894 3513 4953 deitatem,

1953 5008 2009 5053 et
2058 4994 2576 5053 consubstantialem
2634 4992 2789 5045 nobis
2832 4988 3131 5044 secundum
3203 4984 3515 5040 humanita-

1951 5098 2080 5143 tem.
2124 5087 2383 5142 Similiter
2435 5095 2616 5138 autcm
2676 5080 3226 5142 anathematizamus,
3257 5084 3313 5130 ct
3359 5073 3518 5144 Apol-

1949 5180 2200 5234 linarium
2254 5177 2733 5251 psychnphthoron
2767 5174 2951 5233 ,-sive
3020 5169 3399 5230 animicidam,
3461 5173 3518 5219 et

1946 5272 2037 5342 qui
2078 5287 2201 5327 cum
2258 5288 2324 5327 eo
2374 5269 2649 5333 sentiunt,
2700 5266 2783 5321 vel
2832 5273 3155 5329 senserunt,
3205 5260 3299 5332 qui
3330 5258 3520 5314 dicunt

1560 5432 1797 5489 VARIIE
1834 5428 2238 5487 LECTIONES.

404 5591 451 5623 τ’
474 5589 531 5643 δὲ
559 5603 669 5642 om.
695 5584 755 5639 P.
828 5582 876 5616 ⁷³
896 5574 957 5637 οῦ
989 5580 1079 5635 τά.
1111 5578 1171 5637 οῦ
1202 5586 1268 5643 Ρ.
1341 5585 1390 5617 ⁷⁸
1418 5584 1511 5638 τοῦ
1537 5582 1722 5638 αὐτοῦ.
1753 5582 1916 5638 αὐτοῦ
1940 5581 2004 5639 Ρ.

2076 5583 2122 5615 ⁷³
2145 5582 2235 5635 τὸν
2269 5581 2449 5635 αὐτόν’
2491 5578 2652 5635 αὐτὸν
2690 5577 2753 5629 1³.
2826 5575 2873 5608 ⁷⁸
2905 5574 2995 5627 τὸν
3034 5589 3142 5628 om.
3189 5571 3247 5625 P.
3348 5570 3396 5602 ¹¹⁷
3425 5568 3519 5622 ἀν-

303 5638 676 5728 smmis-Egit
705 5651 810 5728 [δν.
840 5653 975 5709 lllud
1004 5652 1125 5708 cod.
1200 5638 1267 5689 ’θ’
1290 5654 1668 5727 Ἀειπαρθένον
1696 5670 1805 5711 om.
1832 5653 1893 5710 P.
1968 5654 2014 5687 ⁷⁸
2038 5652 2397 5723 γεγεννῆσθαι
2429 5650 2493 5708 V.
2566 5651 2613 5682 ⁸⁰
2639 5645 2966 5719 φρονοῦντας
2997 5644 3029 5717 ἢ
3057 5644 3422 5716 φρονήσαντες
3453 5638 3515 5695 Ρ.

302 5723 350 5761 ⁸⁸⁷
368 5723 665 5799 ἀνθρώπων
704 5723 763 5779 Ρ.
