4064 6400
221 323 317 389 901

1395 322 1828 417 CHRQNICON
1862 321 2144 386 PASCHA
2152 322 2265 381 LE.

3337 317 3442 381 902

226 438 315 488 καὶ
336 430 616 502 Θεοδώρου
640 428 733 484 τοῦ
763 427 1056 493 δυσσεϐοῦς
1085 428 1178 483 καὶ
1206 427 1315 482 τῶν
1353 430 1654 483 Ἰουδαϊκῶν
1686 431 1781 484 αύ-

1897 448 1995 487 ram
2040 432 2323 502 epistolam
2365 428 2433 486 ad
2478 427 2662 484 Maren
2707 427 2924 484 Persam
2971 424 3062 482 Iba
3106 426 3336 491 dictam,
3381 445 3444 484 ac

222 524 312 578 τοῦ
345 521 789 592 συγγραμμάτων
808 520 1016 590 καὶτῆς
1039 519 1346 590 ἀκαθάρτου
1370 521 1657 591 ἐπιπολῆς
1680 522 1780 592 τῆς

223 615 358 686 πρὸς
396 613 578 684 Μάριν
617 613 660 644 ⁹¹
690 611 780 665 τὸν
815 610 1030 681 Πέρσην
1062 610 1182 664 Ἴδα
1224 611 1521 682 λεγομένης
1545 613 1590 644 ⁸³

222 704 437 758 καὶτῶν
466 702 664 774 μωρῶν
689 701 1135 775 συγγραμμάτων
1155 701 1498 772 Θεοδωρήτου
1514 702 1620 755 τῶν
1643 703 1782 757 κατὰ

222 793 329 845 τῶν
365 789 430 862 ιβ’
459 791 773 860 κεφαλαίων
805 790 1074 861 Κυρίλλου
1108 789 1204 842 τοῦ
1236 791 1539 858 άγιωτάτου
1569 789 1784 861 Πατρδς

224 884 378 955 ἡμῶν
402 884 499 936 καὶ
529 882 868 936 διδασκάλου.

292 976 408 1047 (61)
439 995 458 1027 ι
494 976 588 1030 Ἐν
628 976 675 1007 ⁸³
718 975 942 1044 ὀνόματι
970 972 1064 1026 τοῦ
1093 972 1226 1027 Θεοῦ
1267 975 1362 1027 καὶ
1413 975 1646 1046 Πατρὸς,
1689 975 1787 1029 καὶ

221 1070 314 1124 τοῦ
374 1067 697 1139 μονογενοῦς
753 1067 918 1121 αὐτοῦ
963 1067 1093 1120 Υἱοῦ
1159 1067 1334 1138 Ἰησοῦ
1385 1068 1620 1140 Χριστοῦ
1673 1071 1786 1124 Κυ-

225 1162 344 1231 ρίου
373 1161 529 1230 ἡμῶν
567 1158 786 1212 καὶτοῦ
825 1141 987 1228 άγίου
1029 1157 1368 1229 Πνεύματος,
1409 1160 1785 1235 αὐτοκράτωρ,

221 1253 462 1322 Καίσαρ,
523 1251 617 1306 Φλ.
657 1251 705 1283 ’⁵
734 1250 1130 1314 Ἰουστινιανὸς,
1186 1252 1568 1323 Ἀλαμανικὸς,
1603 1254 1788 1307 Γοτθι-

222 1342 340 1406 κὸς,
373 1341 679 1413 Φραγκικὸς
708 1342 754 1373 ³⁸
781 1341 1137 1412 Γερμανικὸς,
1183 1343 1442 1406 Ἀντικὸς,
1487 1343 1787 1410 Ἀλανικὸς,

222 1434 608 1502 Οὐανδαλικδς,
629 1434 973 1504 Ἀφρικανὸς,
1006 1435 1256 1507 εύσεὸὴς,
1282 1437 1530 1508 εὐτυχὴς,
1557 1436 1786 1502 ἔνδοξος,

222 1526 472 1597 νικητὴς,
489 1524 868 1596 τροπαιοῦχος,
890 1527 1258 1590 ἀεισέϐαστος,
1275 1526 1604 1596 Αῦγουστος,
1628 1529 1791 1582 παντὶ

219 1617 296 1686 τῷ
331 1615 655 1689 κληρὼματι
681 1616 782 1686 τῆς
817 1617 1113 1687 καθολικῆς
1144 1619 1239 1673 καὶ
1269 1618 1631 1690 ἀποστολικῆς
1665 1620 1792 1673 Ἐκ·-

220 1707 476 1778 κλησίας.

296 1777 320 1853 4
350 1801 563 1865 Εἰδότες
601 1800 676 1864 ὡς
701 1799 853 1854 οὐδὲν
880 1798 1022 1854 οῦτω
1055 1799 1348 1870 θεραπεύει
1368 1800 1459 1854 τὸν
1485 1799 1790 1872 φιλάνθρω-
1823 1777 1867 1835 Β

219 1909 326 1945 πον
371 1892 503 1945 Θεὸν
551 1893 626 1956 ὡς
654 1893 714 1946 τὸ
760 1892 818 1945 ἓν
865 1893 958 1946 καὶ
1005 1889 1136 1945 αὐτὸ
1185 1893 1401 1961 φρονεῖν
1433 1891 1641 1954 πάντας
1669 1893 1794 1956 τοὺς

218 1984 586 2056 Χριστιανοὺς
602 1985 730 2056 περὶ
757 1985 855 2054 τὴν
880 1983 1043 2054 ὀρθὴν
1062 1982 1156 2036 καὶ
1185 1982 1485 2054 ἀμώμητον
1502 1982 1681 2036 πίστιν
1701 1985 1794 2037 καὶ

222 2074 307 2146 μὴ
341 2069 482 2127 εἶναι
513 2074 784 2145 σχίσματα
815 2075 872 2128 ὲν
909 2076 976 2145 τῇ
1009 2073 1141 2146 ἁγίᾳ
1163 2073 1256 2126 τοῦ
1299 2073 1434 2127 Θεοῦ
1475 2072 1790 2149 Ἐκκλησία,

218 2167 526 2234 ἀναγκαῖον
570 2163 896 2235 ἡγησάμεθα
927 2165 1106 2218 πᾶσαν
1133 2163 1407 2236 πρόφασιν
1445 2164 1796 2232 ἀναιροῦντες

219 2258 342 2319 τοῖς
398 2255 902 2326 σκανδαλιζομὲνοις
939 2253 971 2324 ἢ
1012 2253 1423 2319 σκανδαλίζουσι
1454 2257 1553 2326 τὴν
1581 2255 1678 2325 τῆς
1705 2257 1796 2326 ὀρ-

221 2345 328 2416 θῆς
357 2347 596 2410 πίστεως
613 2345 903 2416 ὁμολογίαν
932 2344 1031 2417 τὴν
1057 2348 1117 2399 ὲν
1141 2348 1206 2417 τῇ
1232 2345 1364 2416 ἁγίᾳ
1391 2344 1487 2399 τοῦ
1513 2346 1647 2398 Θεοῦ
1671 2345 1795 2398 Ἐκ-

222 2437 428 2508 adq-5i;
453 2435 861 2508 κηρυττομένην
889 2434 1130 2506 φανερὰν
1163 2435 1250 2490 διὰ
1280 2433 1374 2488 τοῦ
1399 2436 1660 2507 παρόντος
1683 2435 1796 2506 ἠδί-

223 2546 360 2583 κτου
386 2529 710 2600 ποιήσασθαι
750 2528 886 2600 πρὸς
915 2527 977 2581 τὸ
1009 2529 1104 2582 καὶ
1135 2527 1260 2586 τοὺς
1289 2528 1389 2600 τὴν
1419 2528 1586 2602 ὀρθὴν
1612 2529 1794 2582 πίστιν

221 2620 624 2689 ὁμολογοῦντας
652 2620 710 2673 ὲν
745 2619 946 2690 βεϐαίῳ
984 2617 1189 2690 ταύτην
1223 2618 1514 2687 φυλάττειν
1543 2620 1637 2673 καὶ
1669 2619 1796 2683 τοὺς

226 2714 374 2782 πρὸς
410 2711 614 2783 ταύτην
647 2711 1080 2782 φιλονεικοῦντας
1127 2711 1491 2783 μανθάνοντας
1515 2711 1614 2783 τὴν
1662 2711 1796 2782 ἁλή-

223 2803 390 2859 θειαν
432 2803 730 2859 σπουδάσαι
769 2804 1033 2875 ἐνωθῆναι
1053 2805 1119 2875 τῇ
1154 2803 1283 2874 ἁγίᾳ
1302 2803 1394 2858 τοῦ
1420 2803 1555 2857 Θεοῦ
1578 2802 1800 2875 Ἐκκλη-

230 2912 350 2968 mg.

310 3005 330 3036 ι
377 2986 774 3058 Ὀμολογοῦμεν
812 2987 990 3041 τοίνυν
1043 2988 1318 3041 πιστεύειν
1342 2989 1422 3052 εἰς
1456 2985 1674 3057 Πατέρα
1703 2984 1800 3041 καὶ

1889 526 2069 596 inepta
2094 523 2416 579 Theodoreti
2444 523 2644 593 scripta
2670 521 2932 578 adversus
2955 537 3030 576 xu
3057 520 3236 590 capita
3263 521 3444 591 Cyrilli

1883 617 2208 673 sanctissimi
2242 616 2412 671 Patris
2441 615 2611 668 nostri
2638 622 2696 668 et
2734 612 2988 668 doctoris.
3030 613 3299 676 Edictum,
3331 613 3446 668 sive

1883 705 2135 762 Doctrina
2159 717 2214 760 et
2245 717 2495 762 accurata
2527 705 2790 776 expositio
2821 705 3176 761 immaculata:
3194 720 3258 760 ac
3285 715 3446 762 recta:

1885 798 2009 855 ﬁdei
2036 808 2232 856 nostra:
2261 798 2598 854 Christianae.

1961 996 1980 1031 ι
2015 979 2074 1033 ln
2100 980 2324 1034 nomine
2347 978 2441 1033 Dei
2468 987 2524 1034 et
2550 978 2741 1045 Patris,
2765 986 2820 1033 et
2847 978 3107 1049 unigeniti
3134 978 3305 1049 ipsius
3330 979 3447 1034 Filii

1885 1068 2011 1126 Jesu
2045 1069 2242 1125 Christi
2278 1070 2486 1125 Domini
2521 1071 2725 1135 nostri,
2757 1081 2812 1125 et
2844 1070 3016 1125 sancti
3049 1069 3309 1140 Spiritus,
3346 1071 3449 1125 im-

1887 1173 2102 1235 perator
2137 1165 2334 1226 Caesar,
2369 1162 2570 1217 Christi
2609 1178 2826 1226 amans,
2851 1161 3205 1228 Justinianus,
3237 1163 3449 1220 Alama-

1887 1252 2060 1314 nicus,
2101 1252 2406 1312 Gotthicus.
2447 1250 2757 1315 Francicns,
2801 1251 3170 1317 Germanicus,
3205 1253 3448 1314 Anticus.

1887 1343 2176 1421 Alanicus,
2218 1342 2582 1409 Wandalicus,
2620 1334 2923 1409 Africanus,
2968 1345 3108 1416 pius,
3172 1345 3316 1406 felix,
3365 1345 3450 1400 in-

1889 1435 2091 1506 clytus,
2133 1435 2336 1499 victor,
2383 1435 2774 1504 triumphator,
2843 1452 3055 1507 semper
3099 1439 3450 1504 venerabilis,

1887 1528 2181 1598 Augustus,
2225 1529 2478 1582 universo
2524 1528 2691 1583 εωιυὶ
2736 1529 3013 1586 catholicae
3052 1539 3108 1586 et
3152 1531 3455 1602 apostolica:

1892 1616 2163 1674 Ecclesiae.

1967 1820 1986 1853 ι
2025 1799 2273 1855 Scientcs
2304 1799 2448 1870 quod
2481 1799 2616 1854 nihil
2646 1800 2790 1856 aliud
2825 1800 2902 1857 sic
2934 1811 3116 1872 potest
3147 1803 3457 1858 misericor-

1893 1893 2016 1949 dem
2044 1893 2210 1947 Deum
2239 1893 2469 1964 placare,
2491 1908 2650 1962 quam
2678 1902 2737 1947 ut
2761 1908 2950 1950 omnes
2974 1894 3264 1950 Christiani
3293 1913 3456 1950 unum

1893 1985 2144 2055 idemque
2183 1985 2396 2054 sapiant
2434 1985 2489 2038 in
2527 1995 2671 2040 recta
2710 1995 2766 2040 et
2805 1986 3145 2041 immaculata
3184 1987 3316 2048 ﬁde,
3357 2002 3459 2041 nec

1893 2076 2006 2131 sint
2039 2076 2408 2131 dissensiones
2445 2076 2498 2128 in
2534 2086 2717 2131 sancta
2753 2077 2845 2132 Dei
2898 2078 3134 2133 Ecclesia
3158 2121 3172 2141 ,
3207 2094 3457 2134 necessa-

1894 2167 2033 2222 rium
2076 2167 2401 2237 putavimus.
2445 2182 2662 2222 omnem
2703 2169 3040 2224 occasionem
3089 2170 3461 2224 interimentes

1894 2258 1974 2311 eis
2010 2257 2100 2327 qui
2138 2256 2588 2321 scandalizantur,
2619 2258 2703 2312 vel
2739 2260 2828 2328 qui
2868 2260 3262 2323 scandalizant,
3300 2270 3462 2315 rectae

1894 2345 2018 2401 ﬁdei
2051 2346 2465 2412 confessionem,
2492 2362 2612 2416 qua:
2639 2348 2690 2401 in
2717 2357 2901 2404 sancta
2930 2349 3022 2403 Dei
3051 2350 3289 2405 Ecclesia
3319 2367 3462 2420 prae-

1895 2437 2124 2502 dicatur,
2156 2439 2410 2508 praesenti
2452 2437 2627 2492 edicto
2665 2438 2841 2494 facere
2879 2441 3219 2496 manifestam
3259 2461 3270 2495 :
3309 2452 3369 2496 ut
3406 2451 3463 2495 et

1895 2525 1969 2580 illi
1997 2526 2089 2596 qui
2115 2533 2314 2581 rectam
2337 2525 2495 2581 ﬁdem
2522 2527 2864 2595 conﬁtentur,
2893 2514 3117 2585 ﬁrmiter
3136 2546 3252 2586 eam
3277 2541 3462 2586 custo-

1895 2617 2046 2672 diant
2067 2659 2081 2684 ,
2104 2627 2160 2672 et
2183 2617 2255 2672 illi
2278 2619 2368 2688 qui
2393 2618 2648 2674 adversus
2674 2633 2791 2673 eam
2815 2621 3169 2686 contendunt,
3192 2622 3463 2676 discentes

1894 2712 2211 2774 veritatem,
2254 2709 2511 2771 festinent
2552 2711 2874 2782 semetipsos
2919 2714 3072 2770 unire
3117 2724 3318 2771 sanctze
3364 2714 3462 2771 Dei

1897 2802 2171 2858 Ecclesiae.

1973 3000 1992 3034 ι
2024 2981 2357 3037 Conﬁtcmur
2385 2980 2545 3052 igitur
2569 2981 2790 3062 credere
2817 2981 2871 3036 in
2901 2981 3131 3048 Patrem,
3159 2991 3214 3037 et
3240 2981 3457 3048 Filium,

227 3079 365 3133 Υἱὸν
416 3081 508 3133 καὶ
559 3079 714 3148 ἅγιον
758 3079 1006 3152 Πνεῦμα,
1051 3081 1258 3152 Τριάδα
1307 3081 1610 3149 ὁμοούσιον,
1667 3079 1796 3149 μίαν

1898 3084 1954 3130 et
1979 3073 2236 3144 Spiritum
2266 3083 2541 3138 sanctum,
2571 3073 2885 3128 Trinitatem
2917 3075 3459 3140 consubstantialem,

224 3173 474 3246 Θεὸτητα
499 3175 616 3245 ἤτοι
643 3174 802 3243 φύσιν
824 3147 920 3226 καί
951 3147 1135 3225 οὐσίανν
1157 3173 1249 3224 καὶ
1276 3147 1504 3241 δύναμιν
1530 3171 1624 3224 καὶ
1645 3147 1797 3234 ὲήξου-

1899 3182 2062 3221 unam
2087 3165 2339 3221 deitatem
2359 3207 2374 3228 .
2401 3167 2515 3220 sive
2539 3175 2784 3219 naturam
2812 3176 2866 3220 et
2892 3166 3245 3222 substantiam
3272 3175 3326 3221 et
3350 3169 3459 3220 vir-

225 3265 359 3320 σίαν
405 3266 464 3319 ὲν
497 3265 674 3338 τρισὶν
724 3265 1085 3319 ὑποστάσεσιν
1133 3264 1250 3334 ἦτοι
1302 3262 1613 3334 προσώποις
1645 3260 1798 3326 δοξά-

225 3359 443 3424 ζοντες,
498 3361 578 3420 είς
611 3359 646 3414 ἆ
679 3355 1106 3428 βεϐαπτὶσμεθα,
1157 3357 1236 3418 είς
1263 3355 1298 3408 ἃ
1329 3353 1798 3422 πεπιστεύκαμεν,

226 3453 330 3506 καὶ
377 3447 458 3516 οἷς
511 3447 940 3521 συντετάγμεθα,
978 3449 1077 3514 τὰς
1118 3448 1218 3518 μὲν
1251 3447 1516 3518 ἰδιότητας
1545 3445 1804 3517 χωρίζον-

1900 3270 2065 3315 tutem
2097 3268 2152 3314 et
2181 3268 2500 3330 potestatem
2529 3260 2581 3313 in
2612 3259 2783 3314 tribus
2807 3258 3168 3315 sub‘sistentiis
3196 3261 3310 3315 sive
3337 3276 3464 3331 per-

1900 3353 2046 3408 sonis
2073 3353 2382 3418 adorantes,
2416 3354 2469 3406 in
2498 3352 2695 3422 quibus
2725 3335 2974 3421 baptizali
3006 3367 3213 3416 sumus,
3245 3351 3300 3406 in
3329 3367 3464 3421 quas

1905 3442 2191 3506 credimus,
2218 3444 2272 3498 in
2297 3445 2492 3515 quibus
2513 3442 2908 3500 confessionem
2931 3441 3006 3516 [in
3028 3459 3146 3515 quae
3168 3443 3459 3508 credimus,

1555 3618 1874 3678 DUCANGll
1912 3618 2144 3676 ΝΟΤᾸΞ.

306 3785 419 3857 (ﬁl)
453 3785 827 3857 Πρόγρσμμᾳ.
873 3781 988 3837 Hoc
1036 3779 1624 3857 edictum,_JuSIiniani
1671 3779 1796 3835 ﬁdei

227 3851 636 3911 confessionem
660 3851 946 3908 Continens
965 3893 978 3914 ,
1015 3863 1069 3906 et
1101 3851 1476 3908 refutationem
1510 3853 1669 3906 trium
1700 3867 1797 3905 ca-

230 3927 561 3994 pitulorum,
603 3931 658 3981 et
694 3922 980 3994 haeresium
1022 3920 1104 3976 sui
1161 3923 1436 3994 temporis,
1483 3923 1550 3976 ad
1579 3935 1799 3994 annum

232 3989 359 4050 iam
394 3993 564 4063 Vigilii
607 4008 758 4063 papie
791 3991 874 4045 VII
902 3989 1590 4063 revocatABaronius,qui
1635 3992 1797 4063 debeo

233 4064 429 4118 multis
450 4059 577 4131 agit.
605 4059 952 4131 ex’Facundo
981 4059 1375 4131 l-lermianensi,
1407 4059 1657 4114 Liberata
1681 4060 1798 4112 dia-

229 4149 400 4194 cono,
431 4129 656 4196 Isidoro,
695 4130 770 4184 De
792 4129 1129 4199 scriptoribus
1159 4129 1304 4186 eccl..
1327 4141 1381 4199 et
1407 4131 1546 4192 aliis,
1571 4139 1629 4199 ut
1656 4139 1710 4183 et
1731 4145 1797 4182 ex

231 4218 306 4258 eo
346 4203 538 4258 Binius
577 4209 696 4269 post
735 4202 893 4270 epist.
933 4201 987 4270 97
1012 4201 1264 4270 ejusdem
1304 4198 1496 4269 Vigilii.
1550 4198 1796 4270 Edictum

235 4290 370 4328 vero
417 4271 546 4325 illud
577 4267 872 4339 Iustiniani
910 4269 1116 4339 pridem
1153 4267 1342 4339 Latine
1376 4267 1442 4323 ex
1472 4269 1642 4324 veteri
1673 4283 1797 4339 ver-

232 4343 397 4398 sione
427 4343 482 4396 in
517 4340 762 4394 conciliis
789 4337 1043 4395 editionis
1075 4338 1326 4398 Crabhei,
1379 4339 1545 4401 Snrii,
1589 4348 1642 4392 et
1688 4337 1796 4391 Vc-

235 4385 364 4466 ηὲω
398 4411 670 4480 prodierat
700 4427 712 4463 :
741 4425 886 4480 cum?
908 4410 1112 4480 primus
1141 4385 1446 4480 Cra-eaex
1473 4385 1574 4462 hoc
1599 4408 1801 4480 Chron.
1836 4385 1878 4438 θ

234 4491 353 4536 tum
384 4476 593 4536 inedilo
628 4476 925 4550 publicavit
955 4477 1310 4550 Leunclavius
1349 4479 1399 4532 in
1429 4478 1551 4547 jure
1586 4476 1805 4550 Graeco-

238 4552 403 4606 Bom.
449 4547 667 4622 praeﬁxa
707 4553 832 4603 Ant.
865 4547 1064 4622 ‘Cpntii
1107 4552 1180 4622 de
1219 4562 1280 4601 ea
1329 4549 1723 4622 observatione,
1756 4557 1812 4601 et

238 4623 425 4676 addita
450 4615 657 4675 'eadem
712 4618 877 4674 veleri
931 4615 1130 4687 Latina
1169 4616 1651 4687 interpretatione,
1704 4632 1807 4685 qua

240 4692 464 4752 omissa,
497 4705 651 4744 suam
685 4689 796 4758 ipse
822 4688 1067 4758 Raderus
1103 4686 1373 4758 Chronico
1399 4706 1426 4742 a
1457 4704 1515 4742 se
1547 4687 1694 4758 edito
1723 4689 1809 4758 in-

243 4763 439 4822 seruit,
472 4777 633 4829 quam
663 4775 772 4829 non
815 4757 1038 4814 omnino
1063 4757 1324 4826 probasse
1346 4760 1523 4829 virum
1555 4757 1808 4829 doctissi-f

241 4845 392 4883 mum
425 4827 620 4883 Franc.
664 4828 955 4889 Pithmum,
989 4836 1048 4880 ut
1071 4841 1190 4895 quze
1221 4827 1386 4882 naevis
1412 4828 1616 4895 aliquot
1647 4827 1808 4894 mnod

239 4899 411 4953 semel
436 4914 500 4953 ac
521 4899 714 4953 iterum
735 4897 948 4965 monet)
979 4897 1118 4950 haud
1149 4905 1380 4958 careret,
1413 4898 1701 4950 observare
1726 4904 1809 4948 ost

240 4968 297 5022 in
321 4968 624 5024 Pithaeanis
664 4968 924 5022 hactenus
948 4965 1182 5028 ineditis,
1211 4975 1265 5018 et
1290 4980 1319 5017 a
1353 4965 1412 5018 V.
1445 4967 1505 5019 C.
1539 4965 1680 5020 aﬁini
1712 4966 1812 5018 re.

245 5048 329 5093 tro
360 5038 574 5094 Pithmo
604 5045 855 5092 senatore
886 5034 1170 5088 Parisiensi
1203 5034 1440 5088 collectis
1470 5037 1570 5088 snl)
1599 5050 1803 5088 anmtm

243 5125 461 5164 locxw.
504 5107 582 5162 Ex
624 5104 1039 5168 Leunclaviana,
1079 5104 1274 5157 deinde
1317 5105 1368 5155 in
1409 5103 1644 5158 Romana
1683 5104 1810 5157 anni

245 5194 467 5242 IDCVIII,
499 5187 556 5233 et
583 5193 651 5233 ex
682 5191 744 5232 ea
776 5176 828 5230 in
874 5172 1182 5229 Coloniensi
1210 5189 1272 5227 ac
1308 5174 1589 5228 Iarisiensi
1633 5176 1814 5230 conci-

245 5249 442 5306 liorem
491 5248 732 5305 editione
788 5255 1016 5316 utraque
1073 5243 1254 5309 lingua
1312 5244 1639 5315 descriptum
1689 5255 1802 5310 est,

1891 3779 2037 3835 nulla
2084 3789 2336 3835 caeterum
2385 3789 2511 3833 nota
2560 3779 2824 3849 apposita,
2871 3794 2992 3849 quae
3038 3777 3279 3834 codicem
3315 3780 3463 3834 unde

1892 3849 2076 3906 Grieca
2105 3861 2219 3906 tum
2255 3851 2489 3918 primum
2523 3848 2804 3920 desumpta
2835 3848 3043 3907 esSent,
3076 3848 3332 3920 lectorem
3361 3849 3461 3903 do-

1892 3929 2060 3974 ceret.
2105 3922 2216 3974 Nos
2270 3935 2395 3973 vero
2436 3921 2564 3974 illud
2605 3920 2693 3973 hic
2717 3919 2943 3975 ieditum
2977 3934 3089 3971 non
3132 3919 3293 3972 modo
3335 3933 3461 3972 cum

1896 3988 2295 4044 Leunclaviana
2321 3988 2582 4053 editione,
2613 3990 2705 4042 sed
2733 3999 2788 4042 et
2815 4005 2937 4043 cum
2961 3987 3199 4041 Romana
3231 3998 3284 4042 et
3315 3987 3463 4042 Pari-

1899 4059 2066 4114 siensi
2095 4059 2444 4114 contulimus.
2473 4067 2527 4112 et
2558 4073 2623 4111 ex
2654 4059 2720 4111 iis
2753 4059 2975 4126 perinde
3005 4073 3068 4110 ac
3099 4072 3162 4110 ex
3197 4057 3316 4126 ipso
3353 4057 3463 4111 Va-

1901 4129 2080 4184 ticano
2107 4132 2250 4194 cod.,
2279 4137 2480 4198 prouta
2503 4129 2620 4181 viro
2646 4129 2957 4198 doctissimo
2975 4126 3207 4198 Claudio
3233 4126 3465 4196 Stepha-

1903 4200 2054 4254 notio
2101 4196 2452 4252 Benedictino
2490 4197 2790 4264 exscriptus
2840 4205 2941 4257 est,
2975 4196 3177 4249 hiatum
3219 4207 3301 4249 sat
3348 4213 3464 4249 Ina-

1940 4285 2087 4328 num.
2114 4284 2275 4338 quem
2299 4269 2352 4320 in
2375 4271 2688 4332 Augustano
2709 4266 2891 4320 codice
2925 4265 3144 4338 reperiri
3182 4275 3466 4333 monuerat

1955 4334 2171 4403 aderus,
2231 4337 2597 4406 supplevimus
2617 4376 2629 4398 ,
2660 4404 2667 4406 _
2697 4345 3044 4404 veteremque
3093 4334 3460 4406 interpretem,

1906 4423 2068 4478 quem
2093 4423 2191 4478 pro
2211 4404 2511 4462 Raderiana
2532 4404 2797 4478 versione.
2828 4414 3014 4473 utpote
3037 4404 3257 4478 majoris
3279 4413 3465 4478 auito-

1905 4473 2081 4533 ritatis
2094 4473 2466 4548 adiunximus,
2491 4492 2612 4529 eum
2641 4475 2929 4529 Colberteo
2954 4473 3138 4548 codice
3160 4489 3269 4548 non
3293 4474 3465 4548 modi-

1904 4564 1981 4603 cae
2003 4543 2286 4604 vetustatis
2317 4547 2519 4616 pariter
2546 4556 2936 4614 comparatum,
2959 4545 3134 4616 variis
3164 4543 3467 4616 lectonilms

1906 4619 2137 4673 subinde
2167 4613 2446 4687 appoSitis.
2472 4618 2531 4668 ln
2559 4613 2726 4687 eo,rut
2749 4624 2808 4687 et
2830 4613 3314 4687 apnrd_Leunclav.._
3331 4623 3385 4687 et
3411 4616 3465 4667 in

1905 4690 2026 4743 cod.
2079 4683 2405 4749 Boheriano,
2438 4702 2599 4755 quem
2645 4686 2827 4739 laudat
2854 4683 3123 4755 Labbeus,
3170 4683 3468 4755 praeﬁgitnr

1906 4758 1996 4812 hic
2020 4759 2209 4813 titulus
2245 4753 2525 4811 :Edicuim
2551 4755 2773 4824 piissimi
2799 4753 3128 4824 imperatoris
3154 4753 3464 4815 Iustiniani,

1906 4841 2060 4881 recta:
2096 4829 2216 4896 ﬁdei
2265 4827 2633 4896 confessionem
2682 4827 2965 4896 continens.
3012 4824 3467 4896 et_refntotiorgeni

1905 4891 2179 4951 hwresium
2217 4912 2332 4966 qua:
2361 4891 2732 4966 adversantur
2760 4893 3031 4966 catholica:
3053 4891 3318 4966 Ecclesiw.
3339 4891 3466 4966 “Ubi

1907 4969 2091 5022 Graeca
2144 4962 2402 5030 duntaxat
2440 4967 2640 5020 habent
2674 4981 2687 5019 :
2721 4963 3007 5033 Ὀμολογία
3053 4963 3284 5033 πίστεως
3339 4962 3470 5014 Ἰου-

1911 5037 2179 5089 στινιανοῦ
2208 5035 2766 5105 αύτοκράτοροςνκατὰ
2786 5031 2962 5104 τριῶν
2993 5031 3319 5105 κεφαλαίων,
3347 5046 3470 5105 quze

1909 5122 2028 5162 esse
2057 5107 2278 5161 cditoris
2311 5101 2537 5158 Romani
2569 5101 2844 5170 videntur,
2879 5118 3002 5160 cum
3031 5102 3174 5173 apud
3203 5101 3468 5156 Leuncla-
3558 5117 3564 5122 '

1910 5179 2059 5231 vium
2099 5177 2295 5247 hicque
2320 5176 2478 5231 aliter
2513 5176 2780 5246 legantur.

1527 5449 1758 5505 γΑιιιΑς
1797 5447 2197 5506 LECTIONES.

315 5593 356 5666 ξ’
390 5594 591 5666 Meiqu
618 5592 724 5650 PV.
748 5592 927 5666 Conf.,
952 5609 1072 5664 pag.
1101 5592 1205 5647 294
1229 5593 1300 5666 Α,
1339 5591 1444 5666 562
1461 5589 1546 5654 ιΑ.
1622 5590 1668 5666 ξ’
1691 5589 1927 5666 κατά-ιβ’
1959 5590 2023 5644 R.
2065 5659 2076 5666 .
2100 5591 2145 5621 ”
2179 5589 2448 5666 Praeponit
2484 5587 2562 5666 P_:
2591 5587 2936 5666 Πρόγραμμα
2957 5626 2972 5650 ,
3007 5586 3125 5656 ἦτοι
3145 5579 3469 5666 ’ξιᾷασκαλία

253 5664 340 5716 καὶ
371 5652 586 5727 ἐκδὸσίς
623 5664 853 5736 ἀκριϐὴς
904 5652 1051 5736 step):
1076 5665 1173 5736 τῆς
1198 5652 1516 5736 ’ἀμωμήτου
1559 5659 1656 5736 καὶ
1680 5652 1976 5736 -ῥρθοδόξου
2017 5652 2432 5736 πίστεως-’ἡμῶν
2464 5659 2570 5710 τῶν
2613 5652 2972 5736 Χριστιανῶν,
2997 5652 3116 5736 quae
3145 5653 3185 5707 ν
3220 5652 3379 5736 habet
3411 5652 3466 5706 in

255 5738 493 5805 margine
523 5721 594 5791 ab
617 5721 721 5791 alia
757 5721 942 5790 manu.
977 5721 988 5736 ’
1015 5734 1062 5767 ’δ
1091 5721 1429 5804 φὶλόχριστος
1457 5731 1517 5800 Ρ,
1547 5730 1642 5784 Φλ.
1680 5721 1743 5798 γ;
1774 5721 1998 5787 alterum
2031 5730 2086 5786 in
2115 5721 2354 5802 margine
2375 5745 2602 5800 ponens.
2663 5721 2722 5764 ’⁵⁵
2741 5728 2980 5796 Γοθικός,
3007 5721 3274 5816 Φραγικός
3300 5721 3360 5798 γε
