4096 6296
653 308 759 373 903

1821 306 2253 372 CHRONICON
2288 304 2688 370 PASCIIALE.
3746 295 3834 364 tot

656 428 710 483 in
744 442 851 497 qua
884 426 1140 497 baptizati
1174 440 1391 491 sumus,
1420 433 1477 482 et
1508 425 1702 497 quibus
1736 424 1908 496 conti]
1938 425 2216 487 dedimus,

2326 440 2429 489 τες,
2463 423 2707 484 ὲνοῦντες
2735 419 2793 474 δὲ
2818 417 2916 489 τὴν
2947 418 3194 487 θεότητα.
3223 413 3439 469 Μονάδα
3464 412 3571 485 γὰρ
3594 415 3648 467 ὲν
3675 412 3838 485 Τριάδι

656 518 1020 589 proprietates
1066 518 1283 589 quidem
1334 532 1678 589 separantes,
1726 518 1990 573 Deitatem
2039 528 2217 573 autem

2318 519 2412 572 καὶ
2465 506 2670 588 Τριὰδα
2724 516 2782 569 ἐν
2842 512 3029 584 μονάδι
3084 506 3518 581 προσκυνοῦμεν,
3573 506 3841 575 παράδοξον

655 609 929 664 unientes.
957 608 1228 665 Unitatem
1257 609 1402 664 enim
1432 611 1487 664 in
1513 610 1790 673 Trinitate,
1820 621 1876 664 et
1900 607 2217 665 Trinitatem

2326 610 2545 680 ίχουσαν
2584 608 2679 661 καὶ
2708 608 2807 679 τὴν
2834 604 3096 675 διαίρεσιν
3127 602 3221 655 καὶ
3256 600 3357 672 τὴν
3395 600 3608 652 ἕνωσιν.
3650 598 3843 653 Μονὰὸα

657 700 715 755 in
748 701 957 756 unitate
988 702 1307 768 adoramus,
1341 702 1635 756 mirabilem
1673 702 1959 757 habentem
1994 712 2049 757 et
2079 701 2219 757 divi-

658 792 867 848 sionem
898 800 953 848 et
982 792 1279 847 unitioncm
1316 813 1328 848 :
1360 792 1624 847 unitatem
1654 791 1894 861 quidem,
1924 793 2221 847 secundum

657 882 926 939 rationem
966 884 1280 939 substantia:
1316 899 1413 939 seu
1463 883 1680 939 deitatis
1716 902 1730 939 ι
1767 884 2085 939 Trinitatem
2122 899 2221 938 au-

656 983 790 1041 tem,
822 977 1118 1031 secundum
1152 976 1529 1047 proprietates,
1564 974 1649 1029 vel
1682 974 2077 1037 subsistentias,
2109 974 2223 1030 sive

654 1079 934 1135 personas.
962 1065 1231 1121 Dividitur
1254 1065 1399 1127 enim
1426 1065 1547 1119 sine
1572 1065 1841 1120 divisione
1872 1068 1952 1136 (ut
1977 1066 2054 1121 sic
2076 1065 2224 1121 dica-

648 1154 822 1225 mus),
855 1165 911 1211 et
942 1156 1289 1228 coniungitur
1317 1156 1507 1213 divise.
1540 1154 1718 1212 Unum
1751 1158 1899 1211 enim
1932 1167 2016 1213 est
2053 1158 2225 1215 deitas

656 1247 714 1302 in
751 1248 943 1315 tribus,
976 1259 1033 1305 et
1067 1250 1167 1305 tria
1203 1265 1391 1315 unum,
1428 1251 1483 1305 in
1519 1251 1714 1320 quibus
1755 1250 1929 1306 deitas
1963 1260 2048 1306 est
2079 1268 2096 1306 :
2133 1259 2227 1305 aut

655 1338 742 1407 (ut
769 1339 1021 1396 subtilius
1050 1342 1311 1412 dicamus)
1346 1342 1460 1412 ipsa
1495 1343 1594 1397 tria
1625 1350 1709 1397 est
1746 1342 1946 1403 deitas,
1977 1336 2097 1411 qua:
2125 1341 2226 1397 tria

652 1427 802 1503 {quas
823 1430 943 1497 tria,
967 1434 1149 1486 desunt
1175 1433 1231 1486 in
1254 1434 1347 1487 cad
1373 1431 1567 1504 60111.],
1599 1432 1738 1487 Deus
1761 1430 1936 1498 Pater,
1965 1432 2108 1488 Deus
2135 1430 2227 1487 Fi-

656 1520 783 1587 lius,
824 1523 965 1578 Deus
1005 1522 1238 1593 Spiritus
1279 1533 1519 1589 sanctus,
1562 1540 1684 1579 cum
1726 1538 2061 1594 unaquaeque
2099 1538 2226 1594 per-

656 1627 791 1669 sona
825 1614 999 1668 solum
1039 1616 1375 1687 intelligitur,
1413 1626 1597 1671 mente
1632 1625 1915 1686 separante
1949 1616 2228 1686 insepara-

656 1704 816 1770 bilis,
854 1717 909 1760 et
952 1706 1050 1761 tria
1092 1724 1231 1763 unus
1275 1707 1447 1772 Deus,
1490 1724 1612 1762 cum
1656 1708 1816 1761 simul
1859 1708 2228 1780 intelliguntur

2323 704 2422 774 μὲν
2476 702 2617 756 κατὰ
2663 701 2752 755 τὸν
2796 701 2896 769 τῆς
2940 695 3147 762 οὐσίας,
3186 694 3355 776 ἤγουν
3403 691 3649 761 θεότητος
3690 689 3839 775 λόγον,

2319 793 2528 867 Τριάδα
2554 793 2610 847 δὲ
2631 791 2770 846 κατὰ
2789 789 2888 852 τὰς
2912 786 3199 853 ἰδιότητας,
3224 783 3389 853 ἦγουν
3418 780 3729 843 ὑποστάσεις
3748 780 3846 850 ἦτοι

2321 886 2608 958 πρόσωπα.
2640 883 2939 953 Διαιρεῖται
2970 878 3079 947 γὰρ
3112 872 3453 945 ἀδιαιρέτως,
3493 871 3581 924 ῖνα
3610 869 3766 932 οὕτως
3785 869 3847 921 εῖ-

2321 996 2533 1051 πωμεν,
2557 976 2651 1031 καί
2678 973 3007 1028 συνάπτεται
3041 969 3202 1039 διῃρη
3213 966 3405 1037 μένως.
3436 964 3534 1017 Ἐν
3564 962 3666 1033 γὰρ
3686 961 3737 1013 ἐν
3753 977 3849 1033 τρι-

2323 1072 2407 1125 σὶν
2438 1071 2471 1141 ἡ
2505 1068 2725 1137 Θεότης,
2755 1065 2850 1119 καὶ
2872 1064 2941 1118 τὰ
2962 1062 3087 1134 τρία
3114 1062 3193 1125 ἓν,
3223 1061 3282 1111 ἐν
3308 1053 3389 1121 οἷς
3606 1053 3849 1124 ήΘεότης,

2323 1162 2357 1235 ἥ
2386 1161 2447 1215 τό
2470 1178 2533 1231 γε
2564 1158 2950 1229 ἀκριϐέστερον
2995 1154 3193 1217 εἰπεῖν,
3218 1153 3255 1206 ἁ
3282 1152 3317 1223 ἡ
3354 1149 3578 1218 Θεότης,
3599 1144 3722 1199 Θεὸν
3742 1144 3850 1197 ἐκα-

2332 1271 2478 1318 στον,
2515 1254 2581 1308 ἂν
2626 1251 2911 1320 θεωρεῖται
2952 1246 3133 1319 μόνον,
3164 1244 3261 1299 τοῦ
3308 1241 3399 1296 νοῦ
3451 1237 3757 1311 χωρίζοντος
3793 1235 3851 1288 τὰ

2323 1346 2623 1417 ἁχώριστα,
2657 1342 2790 1397 Θεὸν
2817 1341 2887 1396 τὰ
2926 1340 3052 1411 τρία
3090 1337 3208 1409 μετ’
3240 1333 3487 1405 ἀλλήλων
3516 1330 3765 1401 νοούμενα
3790 1326 3855 1403 τῷ

2324 1436 2474 1507 αὐτῷ
2505 1436 2552 1468 ⁹⁶
2576 1436 2674 1505 τῆς
2708 1433 2974 1504 κινήσεως
3003 1429 3098 1484 καὶ
3124 1429 3222 1499 τῆς
3251 1426 3489 1497 φύσεως.
3533 1422 3739 1492 Ἐπειδὴ
3764 1420 3853 1492 χρὴ

2326 1524 2421 1578 καὶ
2466 1522 2556 1575 τὸν
2592 1519 2689 1575 ἕνα
2720 1519 2853 1573 Θεὸν
2902 1518 3182 1589 ὁμολογεῖν
3213 1516 3258 1548 "
3302 1515 3399 1568 καὶ
3432 1514 3535 1577 τὰς
3566 1513 3706 1583 τρεῖς
3750 1510 3857 1564 ὐπο-

2328 1614 2546 1679 στάσεις
2591 1610 2903 1683 κηρύττειν,
2935 1610 3100 1680 ήγουν
3142 1606 3272 1677 τρία
3307 1603 3602 1676 πρόσωπα,
3632 1600 3721 1653 καὶ
3752 1598 3859 1652 ἑκό-

2329 1724 2459 1777 στην
2493 1705 2630 1776 μετὰ
2654 1705 2753 1774 τῆς
2782 1702 3062 1772 ίδιότητος,
3090 1700 3185 1753 καὶ
3205 1696 3326 1751 οὔτε
3350 1697 3450 1768 τὴν
3476 1695 3667 1748 ἕνωσιν
3691 1690 3859 1762 σύγχῠο

656 1807 880 1868 propter
914 1799 1158 1854 eamdem
1198 1799 1487 1865 virtutem,
1528 1800 1880 1869 eamdemque
1920 1809 2167 1854 naturam
2211 1820 2226 1856 :

2328 1764 2428 1852 σιν.
2456 1764 2801 1867 ἐργαζόμεθα
2827 1764 2969 1848 κατὰ
3001 1790 3290 1845 Σαϐἐλλιον
3320 1790 3368 1822 ³⁸
3405 1764 3470 1842 ἐν
3497 1787 3770 1857 πρόσωπον
3789 1782 3862 1836 λέ-

655 1889 913 1957 quoniatn
954 1898 1169 1959 oportet
1208 1897 1263 1945 et
1304 1905 1472 1944 unum
1515 1889 1682 1945 Deum
1719 1891 1993 1957 conﬁteri,
2030 1899 2085 1947 et
2121 1902 2226 1948 tres

2326 1907 2492 1961 γοντα
2533 1889 2633 1960 τὴν
2670 1886 2898 1960 Τριάδα,
2930 1886 3023 1939 τὸν
3053 1883 3219 1938 αὑτὸν
3264 1880 3486 1953 Πατέρα
3516 1878 3612 1933 καὶ
3638 1876 3758 1931 Υἱὸν
3783 1876 3863 1980 zeal

656 1979 1034 2035 subsistentias
1059 1982 1371 2051 praedicare,
1398 1998 1495 2037 seu
1519 1991 1629 2037 tres
1655 1996 1936 2051 personas,
1960 1992 2015 2037 et
2037 1998 2226 2037 unam-

2327 1984 2482 2052 ἅγιον
2535 1978 2785 2050 Πνεῦμα,
2828 1975 2952 2032 οὔτε
2996 1973 3333 2045 διαιροῦντες
3379 1969 3757 2043 ἁλλοτριοῦμεν
3779 1969 3863 2035 τῆς

653 2085 925 2141 quamque
961 2087 1085 2127 cum
1126 2089 1220 2127 sua
1265 2074 1613 2143 proprietate.
1654 2072 1718 2128 Et
1758 2075 2021 2130 unitatem
2060 2076 2226 2131 conli-

2331 2073 2428 2127 τοῦ
2459 2073 2595 2127 Θεοῦ
2634 2070 2848 2140 Πατρὸς
2881 2067 3069 2131 οὐσίας
3118 2066 3210 2120 τὸν
3252 2063 3383 2118 Υίὸν
3409 2065 3445 2136 ἢ
3473 2063 3534 2117 τὸ
3573 2059 3782 2130 Πνεῦμα
3815 2055 3865 2109 τὸ

656 2168 855 2227 tentes,
887 2162 1259 2218 confusionem
1298 2179 1404 2218 non
1441 2163 1668 2218 facimus
1702 2164 2000 2220 secundum
2036 2166 2227 2222 Sabel-

654 2253 809 2321 lium,
853 2256 1146 2321 dicentem,
1188 2255 1508 2311 Trinitatem
1560 2272 1722 2311 unam
1772 2272 1892 2313 esse
1937 2273 2225 2329 personam

2329 2166 2504 2236 ἁγιον,
2555 2164 2696 2219 κατὰ
2727 2163 2823 2234 τὴν
2850 2160 3064 2233 Ἀρείου
3098 2158 3291 2229 μανίαν
3323 2158 3403 2222 είς
3436 2159 3587 2229 τρεῖς
3613 2152 3865 2223 διαφόρους

2331 2260 2519 2323 ούσίας
2550 2257 2977 2327 κατατέμνοντες
3002 2253 3101 2324 τὴν
3128 2252 3393 2322 Θεότητα.

654 2349 968 2404 trinomium
996 2350 1370 2423 [trionymum]
1395 2352 1645 2407 eumdem
1669 2351 1905 2421 Patrem,
1928 2363 1983 2410 et
2008 2354 2226 2421 Filium,
2283 2366 2339 2413 et
2389 2355 2648 2427 Spiritum
2686 2361 2932 2408 sanctum
2972 2368 2985 2405 :
3020 2364 3121 2404 nec
3181 2346 3491 2404 dividentes
3526 2342 3865 2419 proprietates,

654 2442 953 2497 alienam'us
985 2459 1014 2498 a
1053 2443 1143 2498 Dei
1182 2445 1355 2500 Patris
1394 2447 1693 2503 substantia
1730 2447 1923 2505 Filium
1990 2460 2045 2506 et
2086 2451 2345 2526 Spiritum
2383 2460 2661 2517 sanctum,
2734 2448 3033 2504 secundum
3066 2445 3179 2501 Arii
3240 2445 3514 2509 furorem,
3585 2440 3639 2495 in
3673 2446 3773 2493 tres
3799 2432 3867 2490 di-

655 2551 841 2593 versas
883 2548 1107 2592 naturas
1154 2538 1457 2595 incidentes
1504 2540 1650 2612 [Arii
1700 2542 2020 2613 incidentis]
2074 2547 2355 2603 deitatem.

730 2650 749 2684 ι
781 2631 932 2687 Ullus
957 2631 1121 2703 igitur
1147 2632 1289 2688 Deus
1316 2632 1495 2699 Pater,
1524 2651 1589 2690 ex
1618 2652 1727 2706 quo
1753 2639 1932 2694 omnia
1962 2658 1975 2695 :
2004 2651 2058 2698 et
2090 2658 2230 2697 unus

655 2724 966 2795 unigenitus
995 2722 1192 2789 Filius,
1222 2739 1321 2796 per
1346 2742 1505 2796 quem
1539 2727 1719 2783 omnia
1754 2747 1767 2783 :
1798 2740 1850 2785 et
1884 2748 2025 2789 unus
2054 2733 2229 2805 Spiri-

657 2822 745 2869 tus
770 2824 989 2870 sanctus
1006 2858 1018 2879 ,
1048 2814 1102 2868 in
1130 2831 1236 2885 quo
1261 2815 1462 2870 omnia.
1486 2817 1819 2875 Conﬁtemur
1842 2831 2023 2878 autem
2054 2825 2228 2895 ipsum

657 2904 993 2975 unigenitum
1025 2902 1216 2958 Filium
1248 2906 1363 2969 Dei,
1395 2906 1564 2963 Deum
1589 2906 1847 2977 Verbum,
1877 2924 2005 2969 ante
2034 2915 2229 2971 saacula

652 3006 713 3051 ct
738 2997 853 3052 sine
883 3005 1128 3067 tempore
1154 3012 1219 3051 ex
1247 2996 1406 3054 Patre
1433 3008 1643 3066 natum,
1671 3016 1781 3056 non
1808 3002 2033 3070 factum,
2062 3005 2117 3060 in
2144 3005 2227 3061 ul-

2405 2658 2423 2692 ι
2457 2633 2551 2704 Εἷς
2565 2639 2611 2671 ⁸⁵
2641 2637 2820 2693 τοίνυν
2851 2635 2983 2699 Θεὸς
3008 2636 3036 2690 ὁ
3062 2633 3272 2705 Πατὴρ,
3301 2632 3360 2699 ἐξ
3388 2625 3453 2687 οῦ
3482 2632 3551 2687 τὰ
3578 2632 3763 2695 πάντα,
3795 2628 3869 2682 καὶ

2327 2724 2409 2795 εἷς
2434 2729 2560 2792 Υίὸς
2591 2727 2909 2799 μονογενὴς,
2943 2724 3011 2778 δι’
3034 2717 3096 2777 οῦ
3138 2722 3208 2776 τὰ
3238 2723 3438 2785 πάντα,
3467 2722 3563 2775 καὶ
3589 2719 3647 2772 ἒν
3677 2716 3867 2785 Πνεῦμα

2325 2822 2500 2890 ἅγιον,
2535 2822 2595 2874 ἐν
2645 2812 2689 2888 ᾧ
2733 2818 2802 2874 τά
2846 2813 3472 2886 πάντα.’ομολογοῦμεν
3513 2813 3571 2867 δὲ
3609 2810 3758 2867 αὐτὸν
3796 2805 3869 2861 τὸν

2328 2910 2592 2983 μονογενῆ
2634 2910 2762 2964 Υίὸν
2793 2907 2888 2963 τοῦ
2937 2906 3095 2971 Θεοῦ,
3129 2906 3264 2960 Θεὸν
3294 2905 3470 2973 Λόγον
3506 2904 3599 2957 τὸν
3629 2903 3728 2973 πρὸ
3762 2898 3868 2952 alti)-

2326 3022 2453 3070 νων,
2485 3004 2580 3057 καὶ
2631 3001 2877 3073 ἁχρόνως
2921 3002 2987 3054 ἐκ
3029 2998 3123 3053 τοῦ
3178 2996 3390 3069 [ἰατρὸς
3438 2993 3773 3065 γεννηθέντα,
3818 2988 3866 3040 ού

653 3089 804 3145 limis
843 3089 1035 3145 diebus
1076 3101 1292 3160 propter
1328 3106 1427 3146 nos
1460 3100 1514 3147 ct
1548 3103 1767 3164 propter
1801 3110 2043 3152 nostram
2077 3099 2225 3153 salu-

2326 3095 2636 3165 ποιηθέντα,
2670 3092 2756 3146 ἐπ’
2782 3092 3027 3162 ἐσχάτων
3068 3090 3209 3143 τῶν¹
3262 3088 3488 3160 ἡμερῶν
3534 3087 3598 3141 δι’
3627 3086 3761 3155 ἡμᾶς
3790 3080 3869 3135 καὶ

655 3191 763 3237 tem
806 3182 1149 3238 descendisse
1192 3183 1260 3238 de
1303 3183 1483 3249 caelis,
1526 3194 1581 3240 et
1622 3184 1961 3244 incarnatum
2003 3206 2123 3247 esse
2162 3207 2229 3248 ex

656 3272 863 3345 Spiritu
888 3283 1095 3341 sancto,
1118 3285 1171 3330 et
1198 3284 1383 3330 sancta
1407 3276 1637 3348 gloriosa
1670 3278 1760 3335 Dei
1786 3279 2057 3338 Genitrice
2084 3299 2229 3340 sem-

655 3383 752 3438 per
768 3367 981 3439 Virgine
1001 3366 1187 3431 Maria,
1212 3378 1267 3422 et
1287 3378 1473 3425 natum
1498 3386 1565 3424 ex
1593 3369 1727 3440 ipsa,
1751 3372 1841 3441 qui
1864 3382 1948 3427 est
1971 3374 2230 3430 Dominus

652 3458 812 3514 Jesus
842 3458 1120 3525 Christus,
1156 3476 1298 3515 unus
1336 3461 1405 3515 de
1441 3468 1628 3517 sancta
1661 3462 1956 3530 Trinitate,
1991 3467 2230 3521 consub-

655 3551 919 3606 stantialis
950 3552 1060 3605 Deo
1091 3553 1231 3606 Patri
1262 3553 1560 3608 secundum
1604 3555 1877 3621 deitatem,
1908 3566 1964 3611 et
1991 3558 2230 3614 consub-

656 3642 923 3696 stantialis
956 3644 1116 3698 nobis
1151 3643 1293 3698 idem
1329 3644 1442 3714 ipse
1474 3647 1773 3701 secundum
1808 3648 2227 3715 humanitatem,

657 3733 926 3804 passibilis
954 3750 1137 3798 carne,
1168 3734 1510 3805 impassibilis
1539 3737 1680 3794 idem
1710 3738 1824 3809 ipse
1852 3739 2080 3795 Deitate.
2110 3740 2228 3795 Non

656 3824 803 3879 enim
842 3825 984 3880 alius
1022 3826 1242 3895 quidam
1287 3835 1373 3880 est
1416 3836 1609 3896 pra-ter
1642 3826 1809 3883 Deum
1842 3828 2100 3895 Verbum,
2137 3829 2229 3901 qui

656 3916 966 3987 passionem
997 3925 1053 3971 et
1083 3927 1310 3972 mortem
1342 3920 1581 3989 suscepit
1609 3938 1622 3974 :
1652 3920 1746 3976 sed
1776 3920 1891 3991 ipse
1920 3920 2229 3992 impassibi-

656 4006 724 4062 lis
749 4016 808 4063 et
837 4008 1202 4079 sempiternus
1238 4010 1379 4065 Deus
1405 4011 1641 4067 Verbum
1674 4014 2077 4084 generationem
2108 4029 2227 4070 car-

656 4100 743 4156 nis
790 4101 1041 4156 humanae
1090 4103 1361 4159 sustinere
1407 4104 1693 4176 dignatus,
1738 4105 1979 4177 implevit
2024 4107 2226 4162 omnia.

656 4190 783 4247 Ideo
824 4208 933 4248 non
980 4194 1144 4249 alium
1190 4194 1353 4250 Deum
1392 4194 1629 4252 Verbum
1675 4212 1796 4253 esse
1839 4198 1929 4269 qui
1968 4199 2227 4254 miracula

656 4293 913 4355 operatus
942 4296 1044 4353 est,
1075 4296 1130 4341 et
1159 4288 1320 4342 alium
1352 4288 1623 4343 Christum
1654 4289 1746 4359 qui
1778 4305 1970 4360 passus
1999 4300 2099 4355 est,
2131 4306 2227 4346 co-

656 4378 967 4448 gnoscimus
1007 4397 1020 4433 :
1063 4380 1158 4434 sed
1200 4396 1369 4434 unum
1405 4382 1763 4451 eumdemque
1801 4382 2086 4437 Dominum
2125 4398 2226 4438 no-

2325 3189 2414 3245 διὰ
2432 3188 2531 3259 τὴν
2560 3186 2833 3258 ἡμετέραν
2863 3184 3135 3255 σωτηρίαν
3159 3181 3492 3237 κατελθόντα
3518 3182 3581 3233 ὲκ
3608 3179 3711 3231 τῶν
3732 3176 3867 3242 ούρα-

2327 3279 2464 3345 νῶν,
2499 3280 2596 3334 καὶ
2626 3277 2977 3349 σαρκωθέντα
3019 3278 3084 3330 ἐκ
3112 3275 3427 3345 Πνεύματος
3460 3272 3636 3341 ἁγίου,
3662 3270 3748 3323 καὶ
3783 3265 3867 3335 τῆς

2328 3374 2489 3444 ἁγίας
2511 3372 2719 3437 ἐνδόξου
2749 3370 3012 3425 Θεοτόκου
3043 3367 3548 3438 κα“ιἈειπαρθένου
3573 3362 3773 3436 Μαρίας
3790 3360 3868 3411 καὶ

2327 3464 2657 3537 γεννηθέντα
2689 3464 2747 3529 ἐξ
2775 3462 2966 3533 αὐτῆς,
3000 3462 3060 3526 ὃς
3107 3464 3254 3514 ἐστιν
3289 3459 3496 3530 Κύριος
3526 3454 3727 3529 Ἰησοῦς
3758 3454 3867 3523 Xpt-

2328 3555 2476 3620 στὸς,
2515 3550 2597 3620 εἷς
2626 3556 2726 3626 τῆς
2753 3554 2912 3624 ἁγίας
2950 3553 3176 3625 Τριὰδος
3197 3593 3212 3619 ,
3244 3550 3533 3621 όμοούσιος
3560 3549 3638 3619 τῷ
3662 3544 3769 3615 Θεῷ
3792 3541 3869 3597 καὶ

2329 3648 2504 3720 Πατρὶ
2531 3650 2672 3702 κατὰ
2699 3648 2797 3719 τὴν
2828 3647 3060 3715 θεότητα
3093 3643 3187 3697 καὶ
3217 3642 3506 3714 όμοούσιος
3534 3641 3663 3712 ἡμῖν
3683 3640 3710 3692 ό
3733 3633 3867 3696 αὐτὸς

2327 3742 2469 3795 κατὰ
2516 3739 2616 3812 τὴν
2660 3739 3073 3811 ἁνθρωπότητα,
3104 3735 3347 3806 παθητὸς
3398 3734 3588 3805 σαρκὶ,
3630 3728 3823 3799 ἀπαθὴς
3844 3726 3870 3777 ὅ

2326 3832 2489 3896 αὐτὸς
2522 3830 2770 3902 Θεότητι.
2796 3828 2934 3884 Οὔτε
2980 3828 3088 3899 γὰρ
3122 3827 3306 3896 ἕτερός
3330 3825 3417 3890 τίς
3446 3827 3599 3879 ἐστιν
3626 3821 3767 3892 παρὰ
3792 3816 3868 3871 τὸν

2327 3924 2484 3994 λόγον
2536 3924 2564 3977 ό
2609 3922 2671 3975 τὸ
2716 3920 2887 3986 πάθος
2936 3920 3150 3975 καὶτὸν
3181 3917 3407 3973 θάνατον
3456 3910 3865 3982 ἀναδεδεγμένος,

2324 4018 2444 4073 ἀλλ’
2474 4017 2637 4080 αὐτὸς
2664 4017 2694 4070 ό
2725 4014 2940 4086 ἀπαθὴς
2968 4014 3060 4067 καὶ
3084 4012 3255 4076 ἀΐδιος
3283 4009 3378 4064 τοῦ
3415 4009 3555 4065 Θεοῦ
3582 4008 3745 4076 Λόγος
3768 4020 3868 4073 γεν-

2326 4113 2534 4184 νήσεως
2577 4109 2781 4181 σαρκὸς
2826 4107 3169 4180 ἀνθρωπίνης
3222 4105 3595 4176 ἀνασχόμενος
3624 4102 3687 4156 τὰ
3716 4098 3866 4154 πάντα

2326 4200 2711 4272 πεπλήρωκεν.
2740 4199 2831 4253 Διὸ
2857 4198 2956 4252 ούκ
2989 4197 3147 4251 ἄλλον
3171 4197 3263 4249 τὸν
3290 4195 3423 4249 Θεὸν
3448 4196 3626 4263 Λόγον
3656 4192 3739 4246 τὸν
3757 4190 3866 4243 Gau-

2330 4294 2787 4366 ματουργήσαντα
2816 4292 2909 4344 καὶ
2935 4291 3094 4345 ἄλλον
3118 4289 3210 4343 τὸν
3242 4287 3479 4359 Χριστὸν
3519 4286 3612 4340 τὸν
3656 4282 3867 4337 παθόντα

2326 4383 2687 4454 ἐπιστάμεθα,
2725 4382 2839 4437 ἀλλ’
2867 4382 2963 4436 ἕνα
3006 4382 3100 4435 καὶ
3146 4381 3237 4435 τὸν
3284 4380 3443 4434 αὑτὸν
3490 4378 3689 4451 Κύριον
3736 4373 3867 4444 ἡμῶν

657 4480 827 4525 strum
856 4470 1040 4525 .lesum
1068 4472 1363 4537 Christum,
1396 4472 1490 4527 Dei
1515 4470 1749 4527 Verbum
1782 4473 2143 4539 incarnatum,
2171 4484 2226 4530 et

2343 4448 2546 4547 Ἰησοῦν
2576 4474 2808 4543 Χριστὸν
2839 4474 2930 4527 τὸν
2958 4472 3051 4526 τοῦ
3072 4472 3207 4526 Θεοῦ
3230 4471 3400 4540 Λόγον
3430 4448 3769 4541 σαρκὼθέπα
3790 4462 3867 4517 καὶ

658 4563 932 4618 hominem
960 4564 1180 4631 factum,
1205 4574 1261 4619 et
1284 4565 1529 4634 ejusdem
1555 4564 1722 4635 ipsius
1745 4565 2004 4621 miracula
2025 4576 2081 4623 et
2103 4582 2227 4637 pas-

659 4656 862 4719 siones,
892 4673 1027 4727 quas
1055 4673 1219 4711 carne
1244 4657 1547 4711 voluntarie
1577 4656 1854 4720 sustinuit,
1883 4658 2226 4714 conﬁtemur.

659 4748 780 4803 Non
805 4750 948 4802 enim
979 4750 1138 4805 homo
1164 4750 1357 4820 aliquis
1380 4766 1478 4821 pro
1500 4751 1658 4806 nobis
1680 4752 2029 4823 semetipsum
2058 4753 2225 4818 dedit,

660 4837 755 4892 sed
786 4836 899 4907 ipse
929 4837 1070 4894 Deus
1087 4839 1324 4894 Verbum
1353 4856 1510 4895 suum
1536 4856 1731 4910 corpus
1756 4856 1854 4911 pro
1878 4842 2035 4898 nobis
2059 4842 2226 4908 dedit,

661 4943 732 4982 ne
756 4927 809 4981 in
837 4930 1107 4985 hominem
1139 4932 1270 4987 ﬁdes
1295 4940 1352 4986 et
1376 4947 1503 5002 spes
1526 4942 1709 4988 nostra
1732 4934 1825 4996 sit.
1853 4936 1947 4999 sed
1975 4935 2029 4989 in
2054 4936 2230 5005 ipsum

662 5020 833 5074 Deum
866 5019 1098 5075 Verbum
1134 5033 1374 5078 nostram
1412 5023 1572 5079 ﬁdem
1610 5025 1923 5082 habeamus.
1958 5025 2027 5080 Et
2064 5026 2229 5081 Deum

663 5110 826 5181 igitur
853 5126 976 5165 eum
1013 5111 1351 5180 conﬁtentes,
1388 5131 1496 5171 non
1529 5117 1862 5187 abnegamus
1898 5116 2076 5187 ipsum
2110 5132 2230 5173 esse

662 5214 719 5258 et
744 5204 1017 5259 hominem
1047 5224 1060 5261 :
1090 5216 1144 5261 et
1175 5208 1445 5263 hominem
1476 5210 1717 5264 dicentes
1746 5224 1895 5273 eum,
1921 5226 2031 5264 non
2058 5210 2230 5266 abne-

664 5312 852 5366 gamus
889 5297 1066 5367 ipsum
1096 5314 1215 5354 esse
1244 5309 1299 5355 et
1327 5301 1517 5356 Deum.
1550 5300 1605 5356 Si
1637 5302 1780 5356 enim
1812 5302 1955 5357 Deus
1990 5311 2228 5358 tantum-

626 5384 630 5389 ’
667 5388 827 5443 modo
854 5400 1017 5456 esset,
1047 5390 1316 5460 quomodo
1346 5392 1689 5463 patiebatur?
1715 5394 1987 5464 quomodo
2014 5395 2231 5451 cruciﬁ-

2325 4566 2841 4637 ἐνανθρωπήσαντα,
2878 4565 2972 4619 καὶ
3002 4563 3095 4618 τοῦ
3122 4564 3290 4618 αὐτοῦ
3328 4564 3399 4618 τά
3426 4580 3486 4617 τε
3517 4562 3761 4632 θαύματα
3788 4555 3867 4609 καὶ

2323 4656 2393 4710 τὰ
2429 4657 2600 4727 πάθη.
2633 4656 2776 4727 ἁπερ
2807 4656 3068 4720 ἑκουσίως
3098 4657 3357 4726 ὑπέμεινε
3386 4654 3572 4725 σαρκὶ,
3607 4645 3865 4724 όμολογοῦο

2329 4767 2448 4817 μεν.
2479 4748 2613 4802 Οῦτε
2642 4750 2749 4819 γὰρ
2780 4748 3062 4819 ἄνθρωπός
3106 4766 3191 4813 τις
3222 4749 3362 4819 ὑπὲρ
3405 4748 3563 4819 ἡμῶν
3591 4743 3768 4801 ἐαυτὸν
3793 4737 3866 4793 δέ·

2325 4843 2520 4907 δωκεν,
2551 4842 2663 4896 ἀλλ’
2692 4842 2852 4905 αὐτὸς
2897 4842 2926 4895 ὁ
2970 4841 3143 4910 Λόγος
3186 4841 3247 4894 τὸ
3288 4841 3417 4894 ἴδιον
3465 4838 3623 4910 σῶμα
3665 4836 3867 4890 δέδωκεν

2337 4935 2477 5006 ὑπὲρ
2506 4935 2682 5005 ἡμῶν,
2712 4936 2796 4987 ἵνα
2829 4934 2904 5005 μὴ
2935 4936 3014 4997 είς
3041 4935 3325 5004 ἄνθρωπον
3356 4934 3389 5003 ὴ
3419 4933 3601 4995 πίστις
3623 4929 3711 4983 καὶ
3734 4928 3764 4996 ὴ
3790 4923 3863 4976 ἐλ-

2339 5028 2430 5092 πὶς
2459 5028 2615 5099 ἡμῶν
2650 5024 2704 5103 ᾗ,
2730 5028 2843 5082 ἀλλ’
2878 5030 2957 5092 εἰς
2980 5028 3142 5083 αὐτὸν
3171 5028 3259 5080 τὸν
3282 5027 3413 5079 Θεὸν
3439 5026 3611 5091 Λόγον
3637 5024 3731 5091 τὴν
3751 5020 3868 5088 ἡμε·

2334 5118 2499 5188 τέραν
2547 5118 2728 5172 πίστιν
2765 5118 2994 5189 ἔχωμεν.
3024 5119 3134 5171 Καὶ
3161 5117 3291 5170 Θεὸν
3315 5118 3493 5170 τοίνυν
3517 5113 3676 5169 αὐτὸν
3704 5107 3869 5180 apolo-

2333 5209 2556 5278 γοῦντες
2584 5209 2685 5263 ούκ
2709 5208 3009 5277 ἀθετοῦμεν
3037 5208 3096 5261 τὸ
3118 5204 3257 5261 εἶναι
3285 5208 3448 5262 αὐτὸν
3475 5207 3569 5261 καὶ
3590 5203 3864 5275 ἁνθρωπυνν

2333 5302 2428 5354 καὶ
2453 5301 2737 5372 ἄνθρωπον
2765 5301 3011 5370 λέγοντες
3048 5300 3207 5373 347
3257 5301 3418 5355 αὑτὸν
3444 5301 3542 5352 ούκ
3590 5289 3867 5368 ἀρνούμεθα

2336 5394 2397 5448 τὸ
2421 5390 2558 5449 εἶναι
2586 5393 2747 5448 αὑτὸν
2778 5396 2872 5449 καὶ
2901 5395 3049 5450 Θεόν.
3086 5396 3150 5448 Ei
3183 5395 3291 5463 γὰρ
3318 5393 3447 5458 Θεὸς
3474 5392 3629 5446 μόνον
3653 5384 3737 5458 ἦν,
3768 5381 3867 5443 πῶς

1956 5548 2047 5605 VA
2058 5548 2197 5606 llle
2252 5542 2653 5608 LECTIONES.

736 5678 795 5756 ’ξ
813 5679 891 5752 τῷ
918 5681 964 5733 τ’
989 5681 1137 5756 αὐτῷ
1167 5680 1228 5741 V.

772 5684 891 5759 [τῷ
918 5684 964 5733 τ’
989 5684 1137 5759 αύτῷ
1167 5684 1228 5741 V.
1332 5684 1375 5719 "
1404 5684 1684 5757 ὁμολογεῖν
1710 5702 1818 5745 om.
1844 5687 1903 5746 P.

658 5745 701 5834 _‘
729 5750 837 5806 τῶν
863 5745 982 5807 ὀιῐι.
1006 5750 1066 5808 Ρ.

2006 5690 2051 5722 ’⁸
2080 5686 2218 5760 μετὰ
2245 5688 2534 5746 Σαϐελλίου
2571 5688 2631 5745 Ρ.

2732 5691 2777 5725 ὀ
2808 5684 2911 5757 είς.
2942 5690 2991 5745 εί
3017 5688 3073 5748 in
3102 5688 3288 5747 codice
3316 5688 3595 5745 invenerat
3619 5677 3857 5738 ltaderus.
