4096 6296
233 346 344 412 915

1410 346 1840 407 CHRONICON
1896 346 2295 406 PASCIIALE.

3363 343 3466 408 906

238 456 496 525 ἔπασχεν,
538 452 654 515 πῶς
698 446 1027 518 ὲσταυροῦτο
1067 447 1161 500 καὶ
1211 447 1583 517 ἀπέθνησκεν;
1627 448 1806 501 ’Λλλό-

1916 449 2129 517 gebatur
2158 458 2211 502 et
2247 445 2612 501 moriebatur?
2641 445 2826 499 Aliena
2860 444 3001 498 enim
3041 446 3140 499 ista
3174 458 3301 502 sunt
3337 450 3464 503 Deo.

237 562 368 616 τρια
392 543 498 614 γάρ
520 540 689 594 ταῦτα
709 539 865 593 Θεοῦ.
888 538 950 591 El
977 538 1031 591 δὲ
1057 536 1343 607 ἄνθρωπος
1371 538 1550 607 μόνον,
1582 538 1699 600 πῶς
1720 537 1807 590 διὰ

236 636 334 689 τοῦ
362 635 565 697 πάθους
591 632 761 698 ἐνίκα,
792 631 907 695 πῶς
932 630 1122 697 ἔσωζε,
1153 629 1271 692 ποῦς
1291 629 1605 694 ἐζωοποίεις
1628 629 1807 683 Ταῦτα

237 728 348 797 γὰρ
379 727 517 797 ὑπὲρ
550 724 831 795 ἄνθρωπον
855 720 941 794 ἦν.
973 723 1085 776 Νῦν
1114 722 1171 775 δὲ
1198 724 1261 775 6'
1288 721 1451 786 αὑτὸς
1481 723 1677 792 πάσχει
1718 726 1808 775 καὶ

238 819 424 884 σώζει,
454 818 546 871 καὶ
587 817 673 871 διὰ
704 817 798 870 τοῦ
828 818 1029 880 πάθους
1060 816 1204 886 νικᾷ.
1241 816 1269 867 6
1293 814 1456 877 αὐτὸς
1480 815 1628 878 Θεὸς.
1656 817 1683 869 6
1708 814 1808 869 αὑ·-

240 917 335 979 τὸς
365 916 669 985 ἄνθρωπος,
698 915 757 968 τὸ
788 914 1207 985 συναμφότερον,
1232 914 1437 978 οὕτως³
1465 914 1523 966 ἒν
1552 913 1809 983 ἑκάτερον

239 1007 319 1070 ώς
354 1005 703 1076 μόνον.”Οθεν
751 1005 810 1070 ἐξ
856 1006 1120 1076 ἑκατέρας
1163 1004 1397 1074 φύσεως,
1428 1004 1706 1058 τουτέστιν
1745 1006 1809 1057 ὲκ

242 1094 494 1165 θεότητος
541 1097 637 1149 καὶ
679 1096 1094 1167 άνθρωπότητος
1143 1096 1238 1149 ἕνα
1268 1096 1503 1167 Χριστὸν
1559 1095 1809 1149 σύνθετον

245 1190 495 1259 λέγοντες
546 1189 805 1260 σύγχυσιν
847 1193 915 1262 τῇ
959 1189 1147 1243 ὲνώσει
1179 1191 1280 1245 οὑκ
1305 1176 1686 1261 ἑπεισάγομεν,
1717 1191 1810 1243 καὶ

242 1283 303 1334 ὲν
349 1282 586 1353 ἑκατέρᾳ
625 1281 716 1334 δὲ’⁵
746 1281 924 1351 φύσει,
948 1282 1236 1336 τουτέστιν
1268 1285 1326 1335 ὲν
1355 1281 1569 1351 θεότητι
1614 1282 1707 1334 καὶ
1753 1283 1811 1334 ὲν

239 1373 639 1444 ἀνθρωπότητι,
675 1373 763 1427 τὸν
792 1373 887 1427 ἕνα
916 1374 1119 1445 Κύριον
1151 1374 1308 1445 ἡμῶν
1340 1374 1548 1445 Ἰησοῦν
1579 1374 1811 1444 Χριστὸν

238 1465 333 1518 τὸν
355 1465 454 1518 τοῦ
476 1465 610 1518 Θεοῦ
638 1466 807 1534 Λόγον
833 1466 1183 1537 σαρκωθὲντα
1205 1468 1297 1521 καὶ
1318 1466 1812 1536 ὲνανθρωπήσαντα

240 1557 625 1624 γινώσκοντες,
659 1559 753 1611 καὶ
784 1558 1052 1629 διαίρεσιν
1082 1560 1181 1629 μέν
1220 1576 1341 1612 τινα
1391 1558 1593 1630 ἁμερὸς
1613 1559 1692 1629 ’ἢ
1724 1575 1809 1611 τοι

243 1650 353 1720 μὴν
382 1649 483 1702 οὑκ
511 1650 843 1721 ἐπιφέρομεν
886 1653 951 1721 τῇ
985 1652 1084 1722 μιᾷ
1114 1651 1278 1704 αὑτοῦ
1300 1652 1343 1682 ⁸·
1372 1651 1685 1716 ὑποστάσει,
1714 1651 1812 1721 τὴν

240 1741 301 1792 δὲ
344 1740 607 1811 διαφορὰν
652 1742 759 1796 τῶν
811 1742 1025 1810 φύσεων
1051 1742 1107 1809 ἐξ
1138 1736 1214 1797 ὧν
1247 1744 1378 1797 καὶο
1411 1744 1665 1813 συνετέθη
1716 1760 1813 1814 ση-

245 1831 513 1903 μαίνομεν
559 1834 657 1887 οὑκ
705 1834 1057 1905 ἀνῃρημένην
1104 1835 1192 1888 διὰ
1237 1840 1336 1905 τὴν
1380 1835 1593 1899 ἕνωσιν,
1626 1834 1813 1905 ἐπειδὴ

242 1924 487 1996 ἑκατέρα
520 1926 678 1995 φύσις
705 1927 852 1979 ἐστὶν
885 1928 943 1979 ὲν
966 1926 1133 1997 αὐτῷ.
1160 1927 1465 1991 Συνθέσεως
1497 1928 1604 1998 γὰρ
1626 1927 1814 1997 ὁμολο-

242 2015 536 2088 γουμένης,
566 2018 657 2070 καὶ
682 2017 751 2070 τὰ
784 2017 923 2090 μέρη
966 2020 1023 2071 ἐν
1070 2019 1147 2089 τῷ
1191 2019 1297 2089 ὅλῳ
1343 2020 1573 2091 ὑπάρχει
1617 2019 1711 2072 καὶ
1754 2019 1814 2073 τὸ

240 2106 365 2159 ὅλον
412 2107 471 2159 ὲν
513 2108 627 2169 τοῖς
675 2108 865 2178 μέρεσι
897 2107 1244 2176 γινώσκεται.
1284 2108 1419 2163 Οὑτε
1459 2112 1568 2182 γὰρ
1618 2111 1651 2179 ἡ
1698 2109 1813 2163 θεία

242 2197 409 2266 φύσις
450 2199 529 2263 είς
574 2199 672 2270 τὴν
718 2200 1066 2272 ἀνθρωπίνην
1115 2202 1443 2272 μετεϐλήθη.
1488 2202 1611 2257 οὗτε
1657 2204 1812 2273 δὲτή

241 2290 558 2361 ἀνθρωπίνη
594 2292 754 2371 φύσις
783 2294 863 2351 είς
911 2292 1009 2365 τὴν
1054 2292 1205 2348 θείαν
1250 2295 1483 2365 ἐτράπη,
1521 2296 1816 2366 νοουμένης

238 2384 300 2436 δὲ
334 2384 535 2453 μᾶλλον
563 2386 655 2439 καὶ
686 2387 1033 2457 ὑπαρχούσης
1058 2388 1325 2459 ἑκατέρας
1353 2392 1411 2442 ὲν
1444 2390 1520 2460 τῷ
1548 2390 1645 2458 τῆς
1680 2390 1815 2455 ἰδίας

244 2476 465 2544 φύσεως
515 2478 624 2547 ὅρῳ
669 2495 727 2530 τε
780 2481 872 2530 καὶ
918 2478 1079 2549 λόγῳ,
1130 2481 1447 2551 πεπρᾶχθαί
1494 2498 1672 2551 φαμεν
1716 2482 1814 2552 τὴν

242 2573 441 2624 ἕνωσιν
488 2572 606 2625 καθ’
627 2574 942 2627 ὑπόστασιν·
985 2574 1097 2644 ἡδὲ
1136 2574 1260 2628 καθ’
1292 2577 1591 2630 ὑπόστασιν
1624 2576 1815 2640 ἓνωσις

240 2665 400 2735 δηλοῖ
445 2666 527 2719 ὅτι
550 2666 578 2717 6
608 2665 737 2729 Θεὸς
761 2666 954 2735 Λόγος,
985 2669 1259 2722 τουτέστιν
1310 2670 1341 2738 η
1367 2669 1463 2739 μία
1496 2669 1811 2735 ὑπόστασις,

242 2762 313 2814 ὲκ
360 2761 467 2815 τῶν
500 2762 669 2834 τριῶν
711 2764 807 2831 τῆς
844 2763 1109 2831 Θεότητος
1158 2766 1507 2821 ὑποστάσεων
1558 2768 1620 2820 οὑ
1675 2783 1813 2838 προ-

250 2854 551 2909 ῦποστάντι
589 2856 859 2928 ἀνθρώπῳ
890 2858 1095 2930 ήνώθη,
1141 2860 1256 2913 ἀλλ’
1284 2862 1343 2913 ἑν
1388 2862 1451 2931 τῇ
1487 2860 1685 2931 γαστρὶ
1712 2860 1814 2929 τῆς

243 2947 414 3013 ἁγίας
440 2947 714 3019 Παρθένου
741 2950 1167 3023 ἐδημιούργησεν
1192 2954 1251 3005 ὲν
1274 2954 1450 3023 ἐαυτῷ
1474 2953 1533 3017 ἐξ
1562 2955 1730 3024 αὐτῆς
1757 2955 1814 3006 ὲν

243 3041 314 3107 τῇ
352 3038 457 3110 ἰδίᾳ
490 3040 780 3094 ὑποστάσει
810 3043 987 3114 σάρκα
1015 3044 1406 3116 ὲψυχωμένηνθ
1443 3045 1585 3117 ψυχῇ
1624 3045 1812 3117 λογικῇ

1908 541 2004 594 Sin
2046 550 2226 594 autem
2272 540 2433 593 homo
2475 540 2676 602 solum,
2717 540 2987 608 quomodo
3029 554 3126 608 per
3164 542 3467 609 passionem

1910 633 2191 695 vincebat,
2220 632 2491 701 quomodo
2518 632 2693 685 salvos
2720 630 2968 693 faciebat.
2996 632 3269 700 quomodo
3294 634 3467 688 viviﬁ-

1907 726 2098 780 cahat?
2142 724 2267 781 Haec
2314 726 2457 780 enim
2506 741 2668 794 supra
2719 723 2953 777 hominis
3000 734 3247 778 naturam
3296 736 3466 782 erant.

1907 817 2061 873 Nunc
2099 826 2278 872 autem
2321 818 2461 872 idem
2503 818 2617 887 ipse
2658 817 2884 885 patitur,
2916 825 2972 870 et
3007 817 3185 871 salvos
3221 817 3380 883 facit,
3418 830 3473 873 et

1910 924 2005 977 per
2038 909 2340 978 passionem
2372 909 2567 971 vincit,
2604 908 2744 963 idem
2777 909 2891 979 ipse
2926 908 3098 971 Deus,
3130 908 3245 979 ipse
3280 909 3471 973 homo.

1910 1011 2197 1070 utrumque
2241 1010 2493 1070 tanquam
2537 1018 2724 1067 unum,
2767 1013 3054 1071 utrmnque
3092 1012 3344 1071 tanquam
3384 1020 3473 1057 80-

1909 1093 2041 1148 lum.
2078 1093 2227 1149 Unde
2256 1110 2320 1149 ex
2352 1104 2579 1164 utraque
2609 1104 2828 1157 natura,
2862 1095 2915 1150 id
2947 1105 3057 1159 est,
3090 1112 3155 1150 ex
3195 1095 3394 1151 deitate
3422 1108 3477 1151 et

1912 1183 2247 1239 humanitate
2289 1202 2454 1240 unum
2496 1184 2770 1239 Christum
2811 1186 3167 1255 compositum
3210 1186 3471 1249 dicentes,

1909 1275 2281 1331 confusionem
2311 1276 2536 1331 unitioni
2567 1292 2675 1330 non
2706 1276 3119 1331 introducimus.
3148 1278 3216 1332 Et
3242 1279 3295 1333 in
3325 1290 3475 1335 utra-

1910 1382 2015 1436 que
2044 1376 2223 1421 autem
2253 1377 2471 1434 natura,
2506 1368 2561 1422 id
2589 1376 2699 1432 est,
2732 1368 2786 1422 in
2832 1368 3112 1423 divinitate
3139 1379 3194 1425 et
3223 1370 3477 1426 humani-

1914 1467 2042 1521 tate,
2074 1474 2243 1514 unum
2274 1460 2557 1514 Dominum
2589 1470 2834 1515 nostrum
2861 1459 3046 1516 Jesum
3077 1461 3351 1517 Christum
3384 1464 3476 1518 Dei

1913 1550 2149 1606 Verbum
2191 1553 2566 1617 incarnatum,
2608 1562 2663 1608 et
2709 1553 2985 1609 hominem
3029 1553 3229 1609 factum
3272 1571 3476 1625 cogno-

1911 1655 2155 1707 scentes,
2184 1646 2503 1700 divisionem
2532 1646 2748 1715 quidem
2778 1662 2875 1716 per
2900 1657 3111 1716 partes,
3142 1648 3228 1702 vel
3257 1647 3477 1703 incisio—

1912 1755 2036 1794 nem
2067 1754 2175 1793 non
2207 1738 2488 1793 inferimus
2517 1740 2608 1793 uni
2640 1739 2757 1807 ejus
2789 1740 3187 1805 subsistentia;
3218 1740 3477 1795 differen-

1916 1832 2042 1887 tiam
2076 1841 2256 1886 autem
2291 1840 2603 1885 naturarum
2624 1872 2639 1895 ,
2672 1847 2736 1885 ex
2769 1832 2966 1901 quibus
2996 1834 3327 1903 compositus
3359 1842 3474 1897 est,

1902 1924 2308 1995 signiﬁwmus,
2353 1940 2460 1978 non
2506 1925 2887 1994 interemptam
2927 1935 3148 1995 propter
3186 1926 3475 1990 unitatem,

1915 2015 2168 2085 quoniam
2193 2024 2421 2085 utraque
2443 2026 2633 2071 natura
2656 2016 2710 2070 in
2738 2017 2855 2087 ipso
2877 2027 2978 2073 est.
3002 2018 3137 2075 Cum
3162 2018 3304 2072 enim
3328 2034 3478 2073 com-

1918 2108 2243 2179 positionem
2276 2109 2538 2173 dicamus,
2570 2124 2790 2164 necesse
2821 2120 2907 2165 est
2937 2110 3181 2166 confiteri
3214 2120 3269 2165 et
3300 2120 3480 2180 partes

1916 2202 1972 2256 in
1997 2209 2109 2256 toto
2129 2217 2270 2267 esse,
2293 2212 2347 2256 et
2370 2209 2539 2256 totum
2564 2201 2618 2255 in
2640 2203 2885 2271 partibus
2906 2203 3176 2273 cognosci.
3202 2202 3312 2258 Nec
3334 2204 3477 2257 enim

1915 2294 2099 2349 divina
2125 2303 2316 2348 natura
2343 2294 2395 2347 in
2426 2296 2715 2349 humanam
2742 2304 3097 2350 transmutata
3121 2306 3223 2361 est,
3250 2311 3351 2350 nec
3378 2295 3481 2351 hu-

1916 2402 2075 2441 mana
2101 2396 2292 2442 natura
2326 2387 2381 2441 in
2412 2387 2649 2441 divinam
2683 2403 2944 2443 conversa
2976 2397 3079 2443 est.
3110 2388 3273 2459 Magis
3300 2398 3480 2443 autem

1916 2478 2254 2551 intelligitur,
2287 2480 2429 2549 quod
2468 2489 2695 2550 utraque
2732 2480 2785 2533 in
2823 2482 3149 2551 proprietate
3187 2492 3242 2536 et
3274 2481 3482 2535 ratione

1915 2588 2027 2628 sua:
2071 2582 2277 2628 natura:
2320 2584 2604 2637 manente,
2652 2574 2790 2628 facta
2837 2584 2920 2627 est
2963 2574 3139 2629 unitas
3184 2575 3481 2629 secundum

1916 2666 2342 2723 subsistentiam.
2382 2665 2573 2721 Unitas
2613 2675 2793 2720 autem
2838 2667 3135 2722 secundum
3180 2668 3486 2723 subsisten-

1918 2758 2045 2811 tiam
2071 2758 2365 2828 signiﬁcat,
2390 2758 2531 2827 quod
2556 2756 2697 2812 Deus
2715 2756 2951 2813 Verbum
2970 2801 2983 2823 ,
3011 2758 3062 2813 id
3086 2765 3199 2823 est,
3226 2774 3331 2812 una
3355 2759 3486 2813 sub-

1916 2849 2163 2904 sistentia
2203 2865 2268 2903 ex
2317 2850 2489 2904 tribus
2527 2850 2743 2905 deitatis
2783 2851 3167 2915 subsistentiis,
3211 2866 3321 2905 non
3361 2860 3487 2905 ante

1916 2943 2179 3013 plasmate
2223 2943 2427 2997 homini
2474 2944 2656 2998 unitus
2699 2952 2815 3007 est,
2855 2944 2948 2997 sed
2994 2944 3047 2997 in
3093 2955 3247 2998 utero
3288 2952 3489 3000 sanctae

1918 3034 2152 3105 Virginis
2178 3036 2382 3089 creavit
2408 3034 2509 3090 sibi
2537 3051 2600 3089 ex
2631 3036 2746 3105 ipsa
2776 3036 2832 3089 in
2862 3050 2957 3089 sua
2987 3036 3333 3089 subsistentia
3362 3050 3487 3089 car-

245 3132 344 3184 καὶ
390 3134 575 3204 νοερᾷ,
612 3134 746 3206 ὅπερ
774 3136 921 3190 ἐστὶν
952 3135 1113 3205 φύσις
1146 3138 1477 3208 ἀνθρωπίνη.
1514 3138 1730 3209 Ταύτην
1758 3138 1814 3191 δὲ

1918 3143 2041 3181 nem
2068 3127 2359 3182 animatam
2386 3127 2562 3181 anima
2592 3127 2838 3182 rationali
2865 3136 2919 3181 et
2946 3127 3315 3190 intellectuali,
3341 3129 3487 3197 quod

245 3228 348 3297 τὴν
372 3227 495 3280 καθ’
526 3228 821 3282 ὑπόστασιν
861 3230 953 3283 τοῦ
981 3230 1112 3284 Θεοῦ
1144 3232 1318 3300 Λόγου
1348 3231 1484 3303 πρὸς
1508 3231 1605 3303 τὴν
1635 3233 1813 3303 σάρκα

246 3320 444 3373 ἕνωσιν
467 3318 730 3374 διδάσκων
755 3323 899 3392 ἡμᾶς
931 3324 1025 3376 καὶ
1051 3323 1080 3375 6
1109 3324 1249 3384 θεῖος
1272 3321 1589 3386 ’Λπόστολος
1609 3321 1813 3389 λέγει⁹’

253 3412 389 3472 «Ὃς
421 3411 481 3461 ὲν
517 3413 697 3481 μορφῇ
739 3412 872 3464 Θεοῦ
905 3412 1163 3482 ὑπάρχων
1203 3413 1298 3481 οὑχ
1345 3412 1635 3483 ἁρπαγμὸν
1678 3414 1815 3483 ἡγή-

250 3517 384 3554 σατο
428 3501 488 3554 τὸ
537 3498 671 3556 εἶναι
708 3503 794 3559 ἶσα
827 3504 965 3576 Θεῷ,
999 3505 1111 3559 ἀλλ’
1151 3507 1343 3559 ἑαυτὸν
1386 3508 1638 3569 ἐκένωσε,
1687 3522 1817 3575 μορ-

250 3595 359 3663 φῆν
402 3594 592 3648 δούλου
627 3596 823 3650 λαϐών.
864 3617 881 3649 ι
908 3598 1006 3651 Διὰ
1052 3598 1160 3669 γὰρ
1197 3598 1290 3652 τοῦ
1334 3602 1545 3661 εἰπεῖν,
1589 3600 1719 3662 «Ὃς
1760 3600 1817 3651 ἐν

255 3689 438 3757 μορφῇ
484 3686 619 3740 Θεοῦ
675 3689 951 3758 ὑπάρχων,
980 3708 1000 3742 ι
1038 3690 1136 3759 τὴν
1173 3691 1267 3743 τοῦ
1297 3690 1469 3757 Λόγου
1519 3690 1816 3744 ὑπόστασιν

254 3775 606 3847 ὑπάρχουσαν
640 3776 837 3843 ἔδειξεν
858 3780 915 3830 ἐν
938 3778 1094 3848 οὐσίᾳ
1120 3778 1274 3831 Θεοῦ·
1309 3778 1395 3832 διὰ
1416 3778 1473 3831 δὲ
1500 3778 1594 3831 τοῦ
1616 3778 1812 3841 εἰπεῖν,

257 3884 277 3919 ς
308 3865 542 3936 Μορφὴν
568 3866 756 3919 ἐλαϐεν
776 3868 839 3931 ⁸ο,
868 3886 887 3918 ι
911 3868 1068 3939 οὑσίᾳ
1099 3868 1408 3939 ἀνθρώπου,
1443 3868 1537 3921 καὶ
1558 3869 1654 3937 οὑχ
1687 3869 1818 3920 ὑπο-

254 3958 443 4011 στάσει
477 3959 597 4028 ήτοι
630 3956 905 4029 προσώπῳ
935 3959 1196 4030 ἑνωθῆναι
1220 3960 1308 4011 τὸν
1329 3958 1461 4011 Θεὸν
1486 3960 1655 4026 Λόγον
1689 3960 1817 4027 ἐσή-

257 4065 443 4119 μανεν.
484 4047 622 4101 Οὔτε
648 4048 756 4119 γὰρ
786 4044 1094 4113 ιεῖπεν·Τὸν
1146 4050 1204 4101 ὲν
1240 4048 1417 4117 μορφῇ
1469 4046 1656 4099 δούλου
1717 4045 1819 4096 ὑπο

254 4142 491 4211 άρχοντα
520 4139 731 4214 ἔλαβεν,
756 4140 840 4194 ἵνα
870 4141 944 4215 μὴ
968 4142 1367 4209 προῦποστάντι
1390 4138 1658 4208 ἀνθρώπῳ
1687 4139 1818 4191 ἑνω-

254 4233 408 4305 θῆναι
447 4231 597 4302 δείξῃ
645 4232 734 4284 τὸν
779 4232 947 4299 Λόγον
983 4230 1146 4303 348
1188 4230 1371 4293 καθὼς
1408 4231 1678 4297 Θεόδωρος
1725 4231 1818 4282 καὶ

253 4324 545 4394 Νεσώριος
600 4310 929 4383 άσεόοῦντες
954 4320 1380 4390 ἐϐλασφήμησαν
1398 4357 1413 4382 ,
1444 4318 1696 4387 σχετικὴν
1722 4318 1819 4388 τὴν

254 4417 444 4471 ἕνωσιν
466 4414 733 4481 λέγοντες.

325 4614 345 4646 ι
366 4596 560 4663 Ἡμεῖς
584 4594 641 4646 δὲ
670 4596 734 4664 τῇ
767 4592 887 4662 θείᾳ
915 4592 1099 4662 Γραφῇ
1134 4592 1226 4645 καὶ
1254 4594 1365 4653 τοῖς
1399 4591 1572 4658 ἁγίοις
1598 4588 1818 4660 Πατρά-

260 4702 341 4739 σιν
368 4686 627 4755 ἑπόμενοι
677 4681 1065 4754 ὁμολογοῦμεν,
1118 4683 1199 4735 ὅτι
1237 4684 1265 4734 6
1305 4682 1436 4745 Θεὸς
1468 4681 1639 4749 Λόγος
1690 4680 1826 4749 σάρξ

258 4778 491 4844 ἐγένετο,
517 4778 654 4845 ὅπερ
678 4776 793 4828 ἐστὶ
816 4774 935 4828 καθ’
968 4773 1263 4827 ὑπόστασιν
1286 4772 1461 4842 ἑαυτῷ
1486 4772 1682 4825 ἑνώσαι
1719 4771 1822 4838 φύ-

262 4884 342 4919 σιν
368 4868 735 4938 άνθρωπίνην.
764 4867 854 4919 Διὸ
889 4866 982 4918 καὶ
1012 4862 1093 4929 εἷς
1122 4865 1356 4935 ὑπάρχει
1388 4865 1415 4916 6
1439 4864 1638 4934 Κύριος
1668 4863 1826 4933 ἡμῶν

273 4960 476 5031 Ἰησοῦς
519 4961 605 5012 ὀ¹¹
636 4959 889 5031 Χριστὸς,
916 4957 1053 5027 ἔχων
1085 4958 1143 5009 ἐν
1176 4956 1352 5025 ἑαυτῷ
1391 4955 1451 5009 τὸ
1475 4955 1678 5008 τέλειον
1726 4957 1826 5024 τῆς

262 5050 445 5124 θεῖχῆς
487 5052 701 5122 φύσεως
738 5053 831 5106 καὶ
873 5052 932 5103 τὸ
977 5049 1181 5103 τέλειον
1208 5049 1305 5119 τῆς
1333 5047 1677 5118 ἀνθρωπίνης
1720 5047 1823 5115 φύ-

264 5158 415 5205 σεως.
453 5144 563 5197 Καὶ
604 5144 748 5196 ἐστιν
783 5141 1133 5212 μονογενὴς¹¹
1164 5140 1262 5210 μὲν
1304 5141 1397 5194 καὶ
1428 5141 1618 5208 Λόγος,
1642 5140 1717 5203 ὡς
1759 5141 1825 5193 ὲκ

262 5230 390 5285 Θιοῦ
440 5233 651 5303 Πατρὸς
694 5232 994 5301 γεννηθεὶς,
1025 5231 1118 5284 καὶ
1158 5230 1496 5302 πρωτότοκος
1524 5230 1579 5283 δὲ
1608 5234 1666 5284 ἐν
1697 5230 1823 5284 πολ-

263 5322 368 5388 λοῖς
395 5323 641 5392 ἀδελφοῖς
684 5326 712 5377 6
735 5323 915 5389 αὑτὸς,
945 5324 1033 5375 ὅτε
1064 5322 1284 5390 γέγονεν
1307 5320 1589 5391 ἄνθρωπος
1606 5338 1618 5349 ·
1650 5325 1679 5375 6
1704 5324 1813 5394 γάρ

1919 3228 2001 3275 est
2039 3230 2229 3274 natura
2266 3220 2520 3274 humana.
2559 3219 2705 3275 llanc
2743 3229 2923 3273 autem
2967 3220 3262 3273 secundum
3306 3220 3485 3273 subsi-

1918 3314 2169 3367 stentiam
2201 3315 2461 3368 unitatem
2495 3314 2585 3367 Dei
2618 3313 2777 3367 Verbi
2806 3314 2871 3366 ad
2903 3328 3119 3366 carnem
3152 3313 3356 3367 docens
3384 3327 3485 3366 nos

1917 3416 1972 3459 et
2000 3406 2215 3460 divinus
2244 3407 2552 3476 Apostolus.
2587 3406 2753 3460 dicit:
2790 3406 2922 3471 «Qui
2950 3421 3075 3459 cum
3108 3407 3161 3459 in
3198 3405 3368 3459 forma
3390 3405 3485 3459 Dei

1917 3506 2082 3560 esset,
2112 3512 2220 3549 non
2254 3496 2493 3567 rapinam
2526 3497 2819 3552 arbitratus
2866 3502 2949 3550 est
2986 3497 3241 3566 aequalem
3278 3512 3335 3552 se
3367 3514 3487 3551 esse

1920 3590 2030 3644 Deo
2060 3610 2073 3641 :
2104 3590 2195 3644 sed
2226 3591 2575 3659 semetipsum
2606 3590 2932 3651 exinanivit,
2966 3590 3189 3643 fortnam
3222 3590 3362 3644 servi
3392 3604 3488 3645 ac-

1918 3683 2144 3751 cipiens.
2174 3702 2190 3733 ›
2239 3683 2342 3736 Per
2374 3683 2474 3737 hoc
2508 3684 2651 3735 enim
2687 3683 2829 3752 quod
2864 3682 2998 3735 dixit
3030 3701 3042 3735 :
3082 3702 3098 3732 ι
3138 3680 3239 3747 Qui
3273 3697 3395 3736 cum
3432 3683 3485 3734 in

1920 3774 2092 3829 forma
2120 3776 2209 3829 Dei
2236 3785 2399 3838 esset,
2437 3793 2452 3825 ι
2478 3773 2636 3828 Verbi
2665 3776 3066 3829 subsistentiam
3094 3774 3147 3827 in
3176 3784 3364 3828 natura
3394 3773 3490 3828 Dei

1920 3881 2039 3920 esse
2062 3868 2318 3921 ostendit.
2349 3866 2451 3920 Per
2480 3869 2580 3921 hoc
2606 3878 2783 3920 autem
2813 3868 2955 3936 quod
2982 3868 3115 3921 dixit
3140 3886 3153 3921 :
3187 3888 3203 3917 ι
3240 3866 3487 3920 Formam

1921 3960 2059 4013 servi
2081 3962 2337 4028 accepit,»
2373 3970 2579 4013 natura:
2615 3960 2867 4020 hominis,
2903 3970 2957 4013 et
2987 3976 3093 4012 non
3130 3958 3490 4013 subsistentia:

1920 4052 2031 4106 sive
2062 4068 2331 4121 personae,
2367 4052 2576 4105 unitum
2609 4068 2728 4105 esse
2761 4053 2927 4105 Demn
2953 4052 3187 4106 Verbum
3220 4050 3489 4119 significa-

1919 4144 2017 4198 vit.
2052 4144 2162 4197 Nec
2198 4144 2343 4198 enim
2379 4144 2546 4205 dixit,
2584 4145 2726 4213 quod
2763 4160 2886 4198 eum
2926 4144 3015 4213 qui
3056 4144 3108 4197 in
3142 4144 3312 4197 forma
3347 4142 3487 4195 servi

1919 4240 2053 4298 erat,
2084 4236 2309 4304 accepit,
2358 4251 2427 4290 ne
2456 4245 2579 4289 ante
2608 4237 2870 4305 plasmate
2900 4235 3099 4289 homini
3133 4234 3343 4288 unitum
3371 4249 3491 4287 esse

1920 4327 2087 4381 Deum
2120 4327 2355 4381 Verbum
2392 4329 2732 4389 ostenderet,
2770 4332 2909 4381 sicut
2940 4327 3257 4382 Theodorus
3291 4333 3347 4379 et
3378 4326 3491 4380 Ne-

1923 4423 2121 4475 storius
2148 4422 2294 4491 impii
2328 4422 2857 4491 blasphemaverunt,
2883 4422 3220 4475 allectualem
3247 4420 3492 4474 (licentes

1851 4492 1896 4546 D
1927 4516 2207 4569 unitatem.

1998 4626 2015 4657 ι
2065 4606 2170 4659 Nos
2214 4615 2393 4660 autem
2458 4616 2747 4676 sequentes
2807 4608 3015 4663 divinas
3066 4607 3372 4676 Scripturas
3436 4612 3495 4660 et

1923 4707 2141 4753 sanctos
2209 4700 2427 4763 l'atres,
2478 4698 2802 4753 conﬁtemur
2848 4700 2990 4769 quod
3043 4699 3186 4753 Deus
3252 4697 3491 4751 Verbum

1924 4806 2051 4844 caro
2091 4790 2267 4844 factus
2302 4801 2381 4844 est
2407 4832 2420 4853 ,
2458 4792 2599 4861 quod
2629 4802 2711 4847 cst
2748 4794 3042 4846 secundum
3085 4790 3491 4846 subsistentiam

1924 4878 2025 4933 sibi
2090 4879 2247 4932 unire
2294 4890 2541 4933 naturam
2594 4880 2903 4934 humanam.
2932 4881 3061 4934 Ideo
3117 4891 3171 4935 et
3220 4895 3359 4933 unus
3407 4889 3492 4934 est

1927 4966 2189 5021 Dominus
2224 4977 2407 5021 noster
2437 4966 2593 5022 Jesus
2639 4969 2915 5030 Christus,
2956 4970 3161 5023 habens
3203 4968 3257 5022 in
3292 4976 3493 5022 semct-

1926 5057 2046 5128 ipso
2098 5057 2487 5129 perfectionem
2516 5058 2713 5112 divina:
2743 5068 2949 5113 natum
2971 5100 2984 5120 ,
3016 5069 3069 5113 et
3101 5059 3489 5128 perfectionem

1926 5155 2137 5202 natura:
2195 5148 2463 5201 humanae.
2537 5147 2605 5201 Et
2645 5146 2887 5217 [quidem
2925 5148 3000 5220 et]
3036 5157 3118 5203 est
3179 5148 3489 5218 unigenitus

1922 5237 2143 5305 quidem
2179 5235 2455 5300 Verbum,
2500 5244 2687 5306 utpote
2731 5253 2795 5290 ex
2848 5237 2956 5293 Deo
3014 5240 3170 5292 l’atrc
3212 5248 3405 5302 natus,
3436 5249 3493 5292 et

1922 5328 2313 5399 primogenitus
2329 5338 2506 5383 autem
2518 5328 2571 5381 in
2585 5329 2767 5383 multis
2781 5330 3065 5385 fratribus:
3088 5332 3225 5387 idem
3242 5332 3353 5403 ipse
3367 5348 3491 5387 cum

1532 5501 1769 5557 VARIIE
1818 5505 2225 5563 LECTIONES.

350 5620 374 5652 ’
407 5621 436 5673 6
475 5634 586 5674 om.
610 5619 673 5673 P.
747 5620 769 5653 ³
795 5620 983 5684 οὑτως.
1010 5621 1085 5683 ώς
1112 5619 1169 5675 Ρ.
1277 5621 1297 5652 ⁸
1331 5622 1387 5675 δὲ
1416 5637 1522 5676 om.
1556 5620 1616 5676 Ρ.

1710 5623 1743 5696 'A
1758 5623 1965 5696 ἀμερὲς
1997 5626 2055 5689 Ρ,
2090 5624 2194 5679 ἀνὰ
2224 5626 2383 5696 μέρος
2422 5643 2494 5681 m.
2529 5626 2585 5680 P.
2675 5627 2718 5658 "
2749 5626 2913 5681 αὑτοῦ
2946 5626 3077 5679 Θεοῦ
3112 5625 3173 5685 Ρ,
3201 5623 3363 5678 αὑτοῦ
3397 5623 3493 5676 τοῦ

268 5690 491 5769 Θεοῦβ.
567 5689 588 5720 ⁸
617 5691 841 5769 και-θυι.
867 5691 930 5769 l’:
960 5762 970 5769 .
1004 5693 1021 5722 ⁷
1056 5692 1259 5769 δὲ’-ψῃ.
1283 5693 1346 5745 Ρ.
1421 5698 1441 5724 ³
1465 5689 1847 5769 ἐμψυχομὲνην
1872 5689 2244 5769 ’ἢῃὲχομξνην
2293 5689 2663 5769 apugraphum
2697 5698 3023 5757 Leunelavii,
3057 5696 3200 5749 luris
3230 5697 3490 5769 gramen,

270 5760 369 5818 vel.
404 5762 447 5830 ι,
478 5776 599 5830 pag.
641 5760 766 5816 525.

459 5849 731 5911 PATROL.
781 5848 896 5913 Gn.
932 5850 1108 5914 XCII.

867 5761 888 5791 ⁸
917 5761 1083 5829 λέγει.
1118 5763 1349 5834 Philipp.
1383 5778 1442 5832 ιι,
1480 5761 1532 5821 6.
1553 5761 1855 5837 γίομορφὴν
1878 5761 2061 5821 δούλου
2081 5761 2277 5823 ’ἐλαϐεν
2310 5761 2371 5825 Ρ.
2401 5761 2426 5769 ν
2449 5761 2549 5823 ιι’ὁ
2582 5785 2692 5827 om.
2717 5769 2780 5825 ιι.

2857 5769 2899 5801 ¹⁸
2932 5768 3196 5839 ὁμογενὴς
3228 5765 3288 5821 Ρ.

3101 5856 3175 5917 29
