4096 6296
675 269 777 331 937

1848 261 2277 324 CHRONICON
2329 266 2728 327 PASCHALE.
2891 239 2908 260 ‘
3781 275 3866 338 908

686 382 862 433 factus
903 385 985 428 est
1021 376 1183 428 homo
1217 370 1404 426 (Filius
1439 368 1581 422 enim
1617 367 1708 422 Dei
1730 408 1744 429 ,
1789 369 1957 424 Filius
2001 370 2236 424 hominis

2341 371 2465 434 Υἱὸς
2499 371 2589 424 τοῦ
2640 372 2774 425 Θεοῦ
2817 372 2942 436 Υἱὸς
2968 373 3255 445 ἀνθρώπου
3307 375 3543 445 γέγονεν,
3576 379 3664 431 καὶ
3709 379 3868 450 μείνας

672 469 856 525 factus
903 469 1006 535 est)
1056 475 1110 520 et
1157 479 1382 520 manens
1432 461 1574 530 quod
1623 469 1774 526 erat,
1822 478 1930 515 non
1973 473 2244 515 transmu-

2347 461 2483 532 ὅπερ
2528 458 2596 532 ἦν
2647 463 2706 515 οὐ
2745 463 3037 532 μετέϐαλεν
3084 466 3218 536 ὅπερ
3267 467 3667 540 γέγονεν.”υθεν
3690 472 3868 524 καὶδύο

677 561 815 614 tavit
869 559 1012 628 quod
1061 556 1234 612 far-tus
1299 563 1400 608 est.
1463 551 1616 606 Unde
1675 561 1729 605 et
1783 551 1915 606 duas
1985 552 2237 606 nativita-

2347 556 2622 622 γεννήσεις
2664 555 2756 607 τοῦ
2802 555 2964 608 αὑτοῦ
3011 559 3331 626 μονογενοῦς
3362 559 3493 612 Θεοῦ
3525 561 3687 627 Λόγου
3712 563 3869 632 ὁμολο-

677 663 760 708 tes
807 651 1050 722 ejusdem
1101 649 1267 719 ipsius
1321 644 1583 715 unigeniti
1649 644 1741 697 Dei
1807 643 1965 698 Verbi
2021 645 2245 699 conlite-

673 756 798 794 mur
843 758 856 793 :
913 748 1038 792 ante
1098 734 1291 790 saecula
1339 733 1555 801 quidem
1609 747 1673 784 ex
1711 729 1871 784 Patre
1929 731 2244 801 incorpora-

683 833 810 886 Iiter
839 831 950 885 nati
971 871 985 891 ,
1019 831 1071 882 in
1107 827 1310 881 ultimis
1341 833 1521 878 autem
1553 823 1744 876 diebus
1793 823 2033 892 ejusdem
2078 823 2246 893 ipsius

679 922 950 978 incarnati
1004 930 1059 975 ct
1107 918 1218 974 nati
1250 917 1316 972 de
1361 924 1543 969 sancta
1583 914 1812 984 gloriosa
1854 913 1943 968 Dei
1975 914 2244 972 Geuitriee

673 1023 733 1072 et
770 1029 986 1083 semper
1016 1011 1234 1081 Virgine
1264 1007 1448 1060 Maria.
1480 1005 1580 1071 Qui
1612 1006 1756 1060 enim
1784 1007 1850 1059 de
1881 1006 2037 1062 Patre
2064 1008 2243 1078 splen-

677 1107 796 1162 duit
829 1120 990 1175 supra
1037 1101 1406 1163 intellectum,
1436 1115 1500 1152 ex
1553 1109 1725 1152 matre
1771 1106 1925 1152 ortus
1954 1109 2037 1152 est
2081 1115 2240 1168 supra

678 1197 969 1251 rationem.
1001 1195 1213 1249 Etcum
1242 1189 1383 1244 Deus
1413 1205 1573 1244 verus
1603 1199 1774 1253 esset,
1810 1190 1978 1244 factus
2007 1199 2090 1245 est
2115 1205 2240 1245 vere

674 1287 859 1341 homo.
913 1283 1038 1339 Ideo
1077 1280 1294 1352 proprie
1340 1288 1394 1334 et
1429 1295 1553 1332 vere
1600 1279 1692 1332 Dei
1747 1280 2071 1335 Genitricem
2115 1297 2242 1334 san-

672 1388 816 1432 ctam
853 1375 1140 1446 gloriosam
1177 1381 1232 1426 et
1270 1386 1485 1439 semper
1541 1369 1812 1440 Virginem
1867 1371 2081 1425 Mariam
2110 1388 2240 1426 eon-

674 1467 890 1522 titemur
923 1483 935 1518 :
978 1480 1087 1518 non
1127 1463 1250 1532 quia
1291 1462 1434 1515 Deus
1473 1460 1706 1514 Verbum
1761 1462 1972 1516 initium
2016 1480 2078 1517 ex
2125 1465 2238 1533 ipsa

673 1555 918 1626 accepit,
963 1552 1059 1608 sed
1112 1551 1255 1622 quod
1307 1552 1361 1604 in
1412 1551 1612 1604 ultimis
1675 1551 1864 1605 dii-bus
1921 1551 2240 1622 Unigenitus

662 1648 822 1701 Deus
854 1644 1088 1700 Verbum
1109 1684 1123 1707 ,
1156 1641 1246 1712 qui
1277 1649 1404 1695 ante
1430 1641 1622 1695 saecula
1649 1651 1764 1695 erat
1783 1683 1797 1706 ,
1834 1641 2146 1695 incarnatus
2173 1657 2238 1696 ex

675 1739 820 1809 ipsa,
861 1733 1268 1792 immutabiliter
1307 1733 1468 1786 homo
1501 1734 1670 1786 factus
1698 1739 1783 1785 est

691 1827 919 1884 visibilis
971 1827 1025 1880 in
1072 1825 1184 1879 suis
1229 1833 1408 1886 esset,
1444 1824 1666 1877 visibilis
1701 1825 1872 1879 tactus
1917 1835 1998 1878 est
2042 1825 2093 1877 in
2142 1841 2244 1880 uo-

671 1921 846 1976 stris:
883 1928 938 1974 et
987 1931 1109 1971 cum
1145 1915 1491 1985 impassibilis
1541 1913 1684 1969 Deus
1722 1925 1898 1979 esset,
1931 1931 2040 1969 non
2091 1917 2244 1970 dedi-

671 2022 864 2084 gnatus
915 2020 1000 2065 est
1063 2008 1330 2078 passibilis
1378 2021 1499 2060 esse
1556 2006 1750 2069 homo;
1781 2016 1835 2060 et
1881 2007 2238 2074 immortalis,

675 2108 866 2158 mortis
899 2101 1106 2171 legibus
1135 2098 1440 2171 subiacere.
1477 2095 1676 2161 Istum,
1702 2097 1790 2166 qui
1828 2097 1880 2150 in
1927 2097 2240 2154 Bethlehem

669 2197 736 2251 de
767 2195 972 2249 semine
1001 2190 1164 2246 David
1183 2199 1340 2244 natus
1365 2198 1449 2243 est
1478 2189 1774 2242 secundum
1807 2204 2048 2252 carnem,
2077 2200 2132 2244 et
2165 2190 2241 2244 si-

671 2280 1688 2344 milisfactushominibus,etcrucilixus
1716 2290 1797 2333 est
1816 2295 1914 2349 pro
1936 2281 2242 2336 hominibus

669 2379 771 2434 sub
790 2377 980 2431 Pontio
995 2372 1620 2444 Pilato,pr:edicaverunt
1637 2372 1808 2426 sancti
1822 2373 2049 2441 apostoli
2063 2373 2240 2441 ipsum

669 2485 793 2525 esse
844 2469 1047 2530 Deum,
1080 2467 1254 2535 ipsum
1287 2463 1562 2518 hominem
1591 2479 1604 2526 ;
1634 2463 1814 2532 ipsum
1854 2461 2046 2516 Filium
2107 2463 2238 2528 Dei,

676 2563 856 2631 ipsum
893 2557 1086 2612 Filium
1117 2555 1392 2618 hominis;
1431 2553 1603 2623 ipsum
1655 2554 1721 2607 de
1763 2553 1932 2618 caelo,
1963 2553 2134 2622 ipsum
2173 2556 2240 2608 de

671 2664 868 2716 terra;
921 2651 1100 2720 ipsum
1170 2646 1555 2717 impassibilem
1593 2685 1606 2708 ,
1664 2645 1838 2714 ipsum
1899 2645 2228 2714 passibilem.

677 2745 822 2798 Deus
874 2744 1019 2799 enim
1067 2739 1343 2802 Verbum,
1388 2737 1478 2807 qui
1530 2747 1687 2790 natus
1721 2746 1804 2790 est
1851 2735 2132 2790 desursum
2161 2751 2227 2790 ex

670 2834 837 2888 Patre
879 2831 1226 2887 ineﬂ‘abiliter
1249 2869 1264 2894 ,
1296 2826 1727 2882 inenarrabiliter
1749 2867 1764 2890 ,
1819 2825 2238 2894 incomprehen-

668 2927 932 2991 sibiliter,
979 2921 1336 2992 sempiterue,
1400 2921 1514 2988 ipse
1588 2919 1641 2971 in
1695 2931 1933 2986 tempore
1997 2917 2237 2971 nascitur

668 3021 920 3075 deorsum
981 3017 1049 3072 de
1104 3013 1322 3086 Virgine
1375 3011 1581 3069 Maria.
1627 3020 1685 3065 ut
1726 3010 1798 3062 illi
1843 3009 1933 3079 qui
1983 3010 2236 3065 deorsum

669 3111 820 3181 prius
869 3108 983 3164 nati
1026 3114 1186 3171 sunt,
1244 3105 1528 3159 desursum
1576 3105 1814 3156 secundo
1862 3105 2233 3164 nasCerentur,

670 3204 722 3258 id
765 3211 882 3266 est,
932 3217 996 3254 ex
1049 3199 1178 3254 Deo.
1229 3197 1346 3266 Ipse
1391 3196 1554 3266 igitur
1595 3203 1821 3248 matrem
1867 3195 2236 3247 tantummodo

671 3295 833 3349 habet
876 3306 1039 3362 super
1087 3300 1313 3351 terram,
1369 3296 1425 3342 et
1463 3302 1564 3340 nos
1605 3285 1976 3340 tantummodo
2019 3283 2234 3338 Patrem

671 3388 932 3441 habemus
968 3385 1023 3437 in
1054 3383 1211 3438 ct‘elo.
1245 3383 1380 3435 Cum
1415 3379 1561 3433 enim
1612 3379 1911 3447 accepisset
1954 3376 2235 3430 mortalem

670 3490 880 3548 patrem
942 3475 1221 3530 hominum
1278 3473 1484 3534 Adam,
1534 3471 1682 3525 dedit
1728 3469 2036 3524 hominibus
2078 3485 2235 3523 suum

669 3569 886 3624 Patrem
932 3566 1323 3628 immortalem,
1357 3562 1653 3617 secundum
1682 3563 1783 3616 hoc
1821 3561 1963 3630 quod
1997 3561 2232 3614 dicitur:

668 3660 823 3713 Dedit
853 3661 925 3712 eis
955 3667 1262 3726 potestatem
1307 3655 1445 3724 ﬁlios
1477 3653 1574 3707 Dei
1617 3653 1754 3722 ﬁeri.
1808 3651 1960 3707 Unde
1991 3661 2046 3705 et
2092 3668 2236 3705 tuor-

670 3761 776 3805 tem
820 3751 1119 3804 secundum
1167 3763 1387 3802 carnem
1424 3755 1601 3817 gustat
1643 3743 1808 3798 Filius
1861 3743 1981 3808 Dei,
2018 3753 2238 3813 propter

668 3842 942 3898 carnalem
974 3856 1132 3895 suum
1162 3848 1404 3910 patrem,
1439 3848 1499 3892 ut
1548 3837 1640 3892 ﬁlii
1679 3837 1914 3891 hominis
1968 3836 2090 3889 Viue
2118 3834 2237 3905 ejus

668 3935 958 4007 participes
999 3934 1224 3995 tierent,
1265 3941 1486 4003 propter
1519 3946 1678 3985 suum
1722 3929 2021 3983 secundum
2069 3926 2236 3996 spiri-

671 4035 782 4080 tum
827 4024 1040 4079 Patrem
1078 4025 1266 4078 Deum.
1303 4023 1421 4092 Ipse
1463 4022 1626 4092 igitur
1659 4020 1953 4075 secundum
1981 4027 2230 4072 naturam

667 4114 839 4168 Filius
865 4122 969 4168 .est
1013 4113 1139 4174 Dei,
1171 4129 1271 4167 nos
1320 4122 1502 4167 autem
1554 4113 1852 4166 secundum
1881 4109 2107 4180 gratiam
2138 4124 2152 4162 :
2182 4114 2238 4162 et

668 4209 862 4262 iterum
920 4209 1034 4277 ipse
1086 4206 1383 4260 secundum
1428 4203 1885 4274 dispensationem
1925 4209 1980 4256 et
2018 4209 2239 4271 propter

666 4311 767 4360 nos
799 4295 937 4348 lilius
973 4294 1074 4348 fuit
1103 4293 1296 4357 Adam,
1328 4308 1427 4346 nos
1451 4299 1633 4345 autem
1663 4289 1962 4344 secundum
1987 4297 2235 4342 naturam

1835 1755 1845 1788 :
1891 1741 1945 1786 et
1982 1748 2102 1787 cum
2153 1733 2239 1786 in-
2273 1718 2313 1771 Β

2344 646 2568 715 γοῦμεν,
2600 646 2697 716 τὴν
2729 647 2826 718 μὲν
2858 648 2962 718 πρὸ
2990 649 3200 702 αἰώνων
3234 651 3296 704 ὲκ
3319 651 3411 703 τοῦ
3447 651 3652 722 Πατρὸς
3679 654 3869 723 ἀσωμά-

2343 755 2471 799 τως,
2509 738 2606 808 τὴν
2657 739 2712 790 δὲ
2745 738 2829 791 ἐπ’
2859 740 3101 809 ἐσχάτων
3148 742 3317 793 “raw”
3347 743 3566 813 ἡμερῶν
3598 743 3686 796 τοῦ
3730 745 3868 799 αὐτοῦ

2344 828 2407 879 ὲκ
2457 829 2554 898 τῆς
2599 830 2758 897 ἁγίας
2810 829 3020 893 ἐνδόξου
3074 830 3336 883 Θεοτόκου
3386 833 3478 884 καὶ
3525 832 3868 901 ’Λειπαρθένσυ

2343 918 2560 988 Μαρίας
2605 920 2976 990 σαρκωθέντος
3026 921 3122 974 καὶ
3163 921 3759 993 ὲνανθρωπήσαντος.’0
3781 925 3869 996 γὰρ

2343 1009 2407 1061 ὲκ
2440 1009 2648 1080 [ἰατρὸς
2675 1011 2956 1080 ἐκλάμψας
2979 1011 3116 1081 ὑπὲρ
3144 1012 3354 1064 ἔννοιαν
3386 1014 3448 1064 ὲκ
3473 1013 3672 1083 μητρὸς
3697 1015 3870 1067 ἀνέτει-

2341 1097 2430 1151 λεν
2476 1101 2614 1171 ὑπὲρ
2646 1101 2823 1170 λόγον,
2855 1103 2951 1156 καὶ
2982 1102 3057 1155 ὢν
3091 1103 3221 1167 Θεὸς
3251 1104 3455 1174 ἀληθὴς
3501 1105 3766 1175 ἄνθρωπος
3796 1107 3870 1174 γέ-

2303 1229 2311 1236 .
2339 1208 2495 1258 γονεν
2528 1193 2758 1264 ἀληθῶς.
2787 1194 2885 1247 Διά
2909 1195 3065 1247 τοῦτο
3091 1196 3296 1266 κυρίως
3345 1197 3439 1248 καὶ
3480 1199 3618 1250 κατά
3649 1198 3869 1268 ἀλήθειαν

2340 1283 2597 1337 Θεοτόκον
2618 1285 2716 1355 τὴν
2741 1286 2902 1353 ἁγίαν
2929 1286 3138 1352 ἔνδοξον
3165 1289 3256 1341 καὶ
3282 1287 3662 1359 Ἀειπαρθένον
3683 1292 3869 1360 Μαρίαν

2338 1376 2724 1446 ὁμολογοῦμεν,
2754 1380 2852 1449 οὐχ
2893 1379 2968 1443 ὡς
3011 1379 3105 1433 τοῦ
3132 1379 3265 1433 Θεοῦ
3301 1383 3473 1450 Λόγου
3521 1382 3616 1454 τὴν
3643 1385 3797 1454 ἀρχὴν
3821 1384 3870 1448 ἐξ

2338 1469 2506 1536 αὐτῆς
2536 1469 2808 1534 λαϐόντος,
2837 1473 2953 1525 ἀλλ’
2983 1473 3064 1526 ὅτι
3091 1474 3176 1526 ἐπ’
3209 1473 3452 1543 ἐσχάτων
3488 1474 3595 1527 τῶν
3627 1478 3869 1546 ἡμερῶνὸ

2339 1561 2446 1629 πρὸ
2472 1561 2578 1613 τῶν
2611 1560 2821 1614 αἰώνων
2854 1567 3145 1634 μονογενὴς
3173 1565 3304 1629 Θεὸς
3326 1567 3498 1634 Λόγος
3524 1555 3805 1639 σαρκωθεὶς
3823 1570 3871 1633 ἐξ

2339 1653 2510 1722 αὐτῆς
2558 1654 2841 1723 ἀτρέπτως
2884 1657 3324 1728 ἐνηνθρώπησεν,
3355 1662 3450 1714 καὶ
3479 1661 3699 1729 ἀόρατος
3735 1661 3799 1714 ὣν
3824 1665 3871 1713 ὲν

2343 1746 2454 1806 τοῖς
2493 1745 2682 1798 ἑαυτοῦ
2724 1749 2914 1818 ὁρατὸς
2960 1748 3180 1815 γέγονεν
3223 1752 3280 1802 ὲν
3312 1754 3424 1814 τοῖς
3466 1751 3596 1821 παρ’
3630 1754 3765 1821 ἡμῖν,
3796 1753 3870 1804 καὶ

2343 1836 2554 1907 ἀπαθὴς
2582 1838 2655 1890 ὢν
2683 1839 2813 1901 Θεὸς
2853 1842 2952 1893 οὐκ
2981 1843 3292 1912 ἀπηξίωσεν
3341 1843 3582 1914 παθητὸς
3630 1841 3756 1897 εἶναι
3795 1844 3871 1897 ἇν-

2344 1927 2559 1998 θρωπος
2585 1931 2678 1982 καὶ
2703 1933 2731 1984 ὁ
2757 1932 3023 1997 ἀθάνατος
3055 1934 3240 2004 νόμοις
3280 1936 3601 1990 ὑποκεῖσθαι
3645 1937 3864 1992 Θανάτου.

2343 2019 2541 2073 Τοῦτον
2588 2021 2680 2075 τὸν
2723 2025 2780 2076 ὲν
2821 2023 3066 2093 Βηθλεὲμ
3115 2027 3438 2096 γεννηθέντα
3490 2030 3553 2081 ὲκ
3598 2029 3869 2099 σπέρματος

2341 2110 2502 2164 Δαδὶδ
2531 2112 2671 2166 κατά
2713 2113 2910 2184 σάρκα,
2938 2116 3032 2167 καὶ
3071 2116 3405 2184 ὁμοιωθέντα
3457 2117 3768 2187 ἀνθρώποις,
3795 2119 3870 2171 καὶ

2343 2203 2727 2271 σταυρωθέντα
2754 2205 2894 2276 ὑπὲρ
2925 2205 3228 2275 ἀνθρώπων
3275 2207 3367 2261 ἐπὶ
3398 2209 3622 2262 Ποντίου
3652 2211 3868 2270 Πιλάτου,

2342 2292 2611 2363 ἐκήρυξαν
2643 2295 2690 2347 οἱ
2723 2294 2865 2363 ἅγιοι
2897 2297 3180 2350 ἀπόστολοι
3215 2299 3377 2352 αὐτὸν
3407 2295 3546 2352 εἶναι
3572 2301 3714 2365 Θεὸν,
3737 2300 3870 2354 αὐτὸν

2339 2381 2643 2450 ἄνθρωπον,
2679 2384 2848 2436 αὑτὸν
2897 2385 3022 2438 Υίὸν
3065 2385 3223 2449 Θεοῦ,
3259 2386 3420 2439 αὐτὸν
3445 2389 3572 2440 Υἱὸν
3597 2385 3868 2458 ἀνθρώπου,

2341 2473 2501 2526 αὑτὸν
2528 2475 2586 2539 ἐξ
2610 2475 2863 2546 οὐρανοῦ,
2894 2477 3054 2530 αὐτὸν
3088 2477 3195 2531 ἀπὸ
3229 2479 3351 2546 γῆς,
3378 2479 3542 2532 αὐτὸν
3572 2478 3763 2548 ἀπαθῆ,
3784 2478 3867 2532 αὑ-

2338 2564 2427 2617 τὸν
2460 2566 2716 2636 παθητόν.
2735 2567 2794 2620 '0
2829 2567 2936 2637 γὰρ
2975 2568 3254 2637 γεννηθεὶς
3291 2568 3499 2622 ἄνωθεν
3526 2573 3587 2622 ὲκ
3615 2569 3703 2622 τοῦ
3720 2570 3758 2600 ’⁵
3778 2567 3870 2621 Πα-

2337 2655 2463 2726 τρὺς
2502 2657 2670 2724 Λόγος
2718 2659 2990 2728 ἁρῤήτως,
3022 2659 3338 2728 ἀφράστως,
3368 2661 3771 2732 ἀκαταλήπτως.
3798 2659 3871 2711 ἀϊ-

2336 2745 2480 2809 δίως.
2504 2747 2662 2810 αὐτὸς
2693 2748 2750 2800 ὲν
2778 2749 2955 2818 χρόνῳ
2981 2750 3238 2817 γεννᾶται
3266 2749 3512 2804 κάτωθεν
3539 2753 3600 2804 ἐκ
3629 2749 3868 2821 Παρθένου

2336 2835 2574 2905 Μαρίας,
2605 2835 2690 2888 ἵνα
2738 2837 2788 2887 οί
2831 2837 3075 2890 κάτωθεν
3105 2838 3369 2909 πρότερον
3397 2838 3737 2908 γεννηθέντες
3763 2839 3872 2892 ἀνω-

2336 2927 2426 2980 θεν
2456 2929 2518 2980 ὲκ
2543 2928 2795 2997 δευτέρου
2833 2928 3187 2999 γεννηθῶσιν,
3215 2929 3493 2982 τουτέστιν
3531 2933 3593 2984 ὲκ
3615 2929 3758 2984 Θεοῦ.
3785 2929 3870 2981 Λύ-

2335 3021 2424 3084 τὸς
2446 3017 2539 3074 οὖν
2573 3022 2782 3091 μητέρα
2832 3021 2990 3090 μόνον
3019 3021 3131 3090 ἔχει
3162 3023 3256 3074 ἐπὶ
3281 3024 3377 3091 τῆς
3394 3023 3435 3054 ⁵⁵
3469 3024 3592 3091 γῆς,
3624 3025 3710 3076 καὶ
3735 3024 3870 3092 ἡμεῖς

2337 3113 2555 3184 Πατέρα
2607 3115 2766 3182 μόνον
2811 3113 3005 3184 ἔχομεν
3053 3116 3110 3166 ὲν
3157 3114 3391 3185 οὐρανῷ,
3427 3115 3622 3169 Λαϐὼν
3663 3116 3761 3186 γὰρ
3793 3113 3869 3166 τὸν

2336 3206 2527 3274 θνητὸν
2576 3205 2787 3274 πατέρα
2835 3205 2941 3256 τῶν
2994 3203 3300 3276 ἀνθρώπων
3331 3206 3488 3259 τὸν¹⁶
3518 3207 3684 3277 Ἀδὰμ
3727 3206 3866 3258 ἔδωκε

2334 3299 2447 3359 τοῖς
2484 3295 2787 3367 ἀνθρώποις
2828 3295 2916 3348 τὸν
2960 3295 3156 3349 ἑαυτοῦ
3185 3297 3411 3365 Πατέρα
3453 3297 3730 3362 ἀθάνατον,
3753 3295 3867 3347 κατὰ

2334 3386 2498 3458 349
2546 3387 2606 3440 τὸ
2651 3386 3030 3457 λεγόμενον¹⁷’
3074 3387 3340 3442 Δέδωκεν
3380 3390 3588 3458 αὐτοῖς
3610 3388 3865 3452 ἐξουσίαν

2335 3453 2514 3526 ίέλιῖα
2535 3474 2679 3528 Θεοῦ
2704 3453 3170 3543 γεκέσθαιέυθεν
3192 3477 3285 3529 καὶ
3310 3453 3544 3529 θανάτου
3566 3453 3699 3531 κατὰ
3720 3473 3866 3544 σάρκα

2336 3563 2551 3631 γεύεται
2579 3568 2607 3618 ὁ
2630 3564 2755 3626 Υίὸς
2777 3565 2870 3618 τοῦ
2902 3565 3058 3629 Θεοῦ,
3087 3565 3174 3618 διὰ
3194 3565 3286 3618 τὸν
3316 3566 3580 3636 σαρκικὸν
3609 3563 3760 3620 αὑτοῦ
3784 3579 3866 3615 πα-

2336 3658 2488 3722 τέρα,
2522 3656 2609 3710 ἵνα
2652 3658 2702 3710 οἱ
2736 3659 2840 3711 υἱοὶ
2866 3657 2959 3711 τοῦ
2993 3657 3279 3729 ἀνθρώπου
3313 3658 3412 3728 τῆς
3441 3658 3589 3729 ζωῆς
3617 3654 3764 3710 αὑτοῦ
3788 3670 3866 3725 με·

2336 3748 2610 3802 ταλάὁωσι
2647 3749 2735 3802 διὰ
2788 3750 2878 3802 τὸν
2929 3749 3072 3802 κατά
3119 3749 3334 3820 πνεῦμα
3363 3743 3865 3819 αὑτῶνΠατέρατὺν

2337 3840 2490 3892 Θεόν.
2522 3840 2693 3904 Αὐτὸς
2739 3835 2832 3894 οῦν
2881 3840 3020 3894 κατὰ
3063 3839 3224 3909 φύσιν
3253 3840 3379 3904 Υἱός
3428 3843 3580 3894 ἐστιν
3622 3841 3710 3894 τοῦ
3735 3835 3863 3896 Θεοῦ.

2337 3933 2492 4002 ἡμῶν
2524 3932 2582 3984 δὲ
2597 3929 2640 3963 ⁸⁸
2666 3932 2808 3985 κατὰ
2850 3936 3028 4002 χάριν.
3057 3934 3164 3986 Καὶ
3210 3932 3372 3986 πάλιν
3403 3931 3568 3996 αὐτὸς
3602 3930 3714 3986 κατ’
3741 3930 3863 3983 οἱκο-

2337 4025 2529 4094 νομίαν
2569 4032 2664 4078 καὶ
2691 4024 2758 4077 δι’
2786 4025 2932 4094 ἡμᾶς
2961 4024 3075 4087 υίὸς
3098 4025 3288 4092 γέγονε
3315 4023 3408 4077 τοῦ
3434 4023 3634 4094 ’Δδάμο
3657 4022 3799 4093 ἡμεῖς
3819 4016 3865 4070 δὲ

2337 4115 2477 4168 κατά
2509 4115 2668 4184 φύσιν
2696 4115 2860 4184 ἐσμὲν
2889 4115 2996 4166 υἱοὶ
3018 4113 3112 4166 τοῦ
3146 4113 3340 4183 Ἀδάμ.
3392 4113 3582 4183 Πατὴρ
3608 4111 3706 4181 γὰρ
3728 4103 3865 4161 αὑτοῦ

2336 4206 2482 4257 ἐστιν
2505 4207 2532 4256 ό
2558 4205 2687 4266 Θεὸς
2717 4203 2858 4256 κατά
2883 4203 3061 4270 φύσιν,
3087 4203 3245 4273 ἡμῶν
3269 4202 3409 4255 κατὰ
3432 4204 3610 4274 χάριν.
3643 4201 3741 4254 Καὶ
3759 4194 3866 4254 Θεὸς

2338 4295 2500 4348 αὑτοῦ
2526 4295 2712 4362 γέγονε
2742 4294 2858 4347 κατ’
2889 4294 3219 4362 οἰκονομίαν,
3252 4294 3385 4346 διότι
3408 4293 3714 4363 ἄνθρωπος’
3735 4284 3866 4357 ἡμῶν

665 4402 856 4440 sumus
898 4385 992 4438 lilii
1023 4385 1212 4439 Adam.
1243 4383 1402 4438 Pater
1434 4383 1576 4438 enim
1605 4391 1689 4437 est
1718 4382 1836 4451 ejus
1868 4381 2011 4434 Deus
2039 4395 2235 4433 secun-

2340 4385 2398 4438 δὲ
2428 4387 2568 4437 κατὰ
2589 4383 2747 4451 φύσιν
2776 4385 3052 4452 Δεσπότης
3083 4383 3199 4434 ἐστὶ
3221 4383 3313 4434 καὶ
3335 4380 3488 4444 Θεός.
3511 4381 3620 4433 Καὶ
3640 4377 3718 4430 διὰ
3737 4371 3867 4427 τοῦτο

666 4477 794 4528 dum
838 4486 1118 4538 naturam,
1162 4481 1346 4527 uoster
1405 4483 1584 4527 autem
1629 4471 1925 4526 secundum
1985 4469 2231 4542 gratiam.

666 4565 732 4636 Et
768 4569 905 4621 Deus
930 4567 976 4620 ei
1009 4567 1110 4620 fuit
1147 4566 1444 4619 secundum
1471 4564 1960 4634 dispensationem,
1997 4579 2064 4616 eo
2091 4560 2231 4630 quod

667 4657 830 4710 homo
856 4657 1027 4710 factus
1052 4668 1172 4710 est:
1206 4665 1392 4710 noster
1417 4665 1598 4710 autem
1641 4655 1940 4709 secundum
1983 4663 2232 4707 naturam

667 4747 926 4801 Dominus
951 4757 1032 4801 est
1057 4757 1110 4801 et
1138 4747 1300 4801 Deus.
1343 4747 1408 4800 Et
1438 4747 1558 4800 ideo
1590 4746 1731 4800 Deus
1767 4745 2020 4808 Verbum,
2045 4745 2236 4813 quiest

666 4838 838 4892 Filius
874 4840 968 4894 Dei
1029 4839 1240 4905 Patris,
1291 4848 1476 4894 IIIIIIUS
1521 4838 1705 4902 carni,
1743 4837 1918 4892 factus
1957 4847 2041 4892 est
2085 4852 2232 4902 caro,

669 4943 726 4984 ut
761 4932 1008 4985 homines
1069 4933 1205 4986 uniti
1253 4931 1502 5001 spiritui,
1555 4933 1745 4985 tierent
1799 4946 1939 4984 unus
1985 4929 2231 4999 spiritus.

667 5022 786 5090 Ipse
842 5023 1001 5092 igitur
1051 5039 1210 5076 verus
1277 5022 1444 5076 Filius
1496 5021 1586 5075 Dei
1631 5036 1822 5075 omnes
1866 5036 1964 5074 uos
2018 5019 2238 5074 indutus

671 5123 784 5178 est,
820 5126 875 5166 ut
919 5129 1109 5167 omnes
1139 5114 1426 5168 induantur
1456 5130 1622 5167 unum
1653 5111 1842 5166 Deum.
1871 5112 1938 5166 Et
1967 5121 2051 5166 est
2075 5112 2236 5164 etiam

667 5217 790 5276 post
820 5207 1240 5261 incarnationem
1282 5224 1421 5260 unus
1453 5208 1518 5260 de
1549 5215 1734 5260 saneta
1757 5260 1760 5263 _
1781 5203 2045 5258 Trinitate
2066 5244 2078 5266 ,
2116 5203 2237 5256 uni-

2341 4477 2369 4528 6
2399 4477 2588 4543 Λόγος,
2624 4477 2681 4537 ὃς
2730 4477 2877 4526 ἐστιν
2904 4473 3032 4535 Υἱὸς
3069 4472 3163 4526 τοῦ
3199 4473 3430 4543 Πατρὸς,
3475 4469 3691 4532 ὲνώθεὶς
3731 4460 3866 4534 σαρκὶ

2341 4569 2531 4637 γέγονε
2556 4567 2710 4638 σὰρξ,
2742 4568 2827 4620 ἵνα
2851 4568 2899 4619 oi
2923 4567 3196 4637 ἄνθρωποι
3225 4565 3517 4629 ὲνωθέντες
3540 4564 3615 4634 τῷ
3635 4559 3863 4628 πνεύματι

2341 4662 2601 4729 γένωνται
2633 4660 2692 4713 ἓν
2721 4659 2956 4730 πνεῦμα.
2987 4659 3157 4720 Αὐτὸς
3185 4656 3278 4713 οὖν
3307 4660 3335 4711 ὁ
3365 4657 3613 4726 ἀληθινὸς
3643 4655 3750 4711 Υἱὸς
3788 4644 3865 4702 τοῦ

2340 4749 2475 4803 Θεοῦ
2505 4751 2631 4813 τους
2662 4751 2865 4812 πάντας
2895 4750 3042 4818 ἡμᾶς
3068 4751 3240 4819 φορεῖ,
3277 4749 3362 4800 ἵνα
3389 4748 3438 4799 οι
3467 4746 3660 4805 πάντες
3688 4741 3764 4794 τὸν
3786 4737 3866 4788 ἕνα

2342 4840 2660 4910 φορέσωμεν
2687 4840 2840 4904 Θεὸν,
2867 4840 2959 4892 καὶ
2984 4839 3128 4892 ἔστιν
3154 4842 3245 4892 καὶ
3274 4837 3410 4908 μετά
3431 4837 3530 4907 τὴν
3554 4828 3863 4902 ὲνανθρώπη·

2335 4947 2419 4983 σιν
2449 4924 2530 4992 εἷς
2573 4930 2674 4996 τῆς
2711 4930 2871 4998 ἁγίας
2899 4929 3128 5000 Τριάδος
3173 4931 3201 4981 ὁ
3249 4931 3543 4999 μονογενὴς
3570 4928 3608 4958 ¹⁹
3639 4923 3749 4984 Υἱὸς
3787 4913 3862 4968 τοῦ

2333 5021 2467 5074 Θεοῦ
2500 5023 2529 5074 ό
2557 5020 2757 5090 Κύριος
2783 5021 2937 5092 ἡμῶν
2966 5021 3172 5090 Ἰησοῦς
3201 5023 3228 5073 ὁ
3249 5022 3292 5052 ⁸ο
3319 5020 3549 5090 Χριστὸς
3575 5015 3798 5072 σύνθετος
3817 5005 3863 5070 ἐξ

2336 5114 2601 5181 ἑκατέρας
2645 5113 2876 5182 φύσεως.
2915 5115 3172 5167 Σύνθετον
3203 5113 3259 5166 δὲ
3300 5113 3391 5166 τὸν
3434 5109 3658 5181 Χριστὸν
3700 5100 3861 5173 ὁμολο-

2339 5203 2538 5273 γοῦμεν
2568 5208 2630 5275 τῇ
2665 5206 2770 5258 τῶν
2811 5207 2979 5272 ἁγίων
3013 5207 3269 5276 Πατέρων
3311 5201 3712 5260 ἀκολουθοῦντες
3741 5191 3860 5246 διδα-

1957 5429 2043 5481 VA
2053 5429 2189 5483 [WE
2224 5423 2625 5484 LEGTIONES.

735 5586 780 5618 "
803 5587 906 5639 τῶν
940 5603 1046 5642 om.
1079 5587 1136 5640 P.
1236 5587 1278 5617 "
1299 5585 1390 5638 τοῦ
1419 5603 1526 5641 om.
1563 5587 1621 5643 P.

663 5656 822 5727 ἡμεῖς
851 5658 905 5710 ιδ.
1020 5660 1060 5688 ”
1091 5657 1354 5728 ὁμογενῆς
1389 5657 1446 5723 ι’,
1478 5661 1803 5731 όμονογενῆς
1833 5659 1897 5713 Ii.

1727 5590 1767 5619 "
1788 5588 1886 5656 τῆς
1920 5604 2027 5642 om.
2057 5587 2116 5640 P.

2219 5588 2262 5618 ²⁶
2285 5589 2375 5642 τὸν
2402 5607 2510 5648 om.
2541 5591 2601 5646 P.

2008 5659 2051 5689 πο
2076 5660 2104 5712 ὁ
2126 5672 2238 5713 om.
2275 5656 2334 5736 ι),

2703 5591 2746 5623 ⁸⁷
2781 5590 3089 5662 λεγόμενον.
3111 5590 3268 5646 Joan.
3305 5606 3344 5657 ι,
3381 5589 3467 5644 12.
3559 5577 3761 5653 ⁸’ἡμᾶςἰν
3789 5567 3856 5629 δέ.
