4096 6296
230 339 337 402 θος)

1414 337 1850 401 CHBONICON
1879 337 2275 398 PASCIIALE.

3371 336 3476 404 910

230 451 577 524 σκαλίᾳ.”Επὶ
599 450 704 521 γὰρ
735 450 824 504 τοῦ
845 450 985 504 κατὰ
1015 451 1247 522 Χριστὸν
1274 452 1572 520 μυστηρίου
1604 452 1636 520 ἡ
1666 449 1805 501 κατὰ

1915 450 2118 518 genitus
2147 447 2314 502 Filius
2351 446 2444 500 Dei
2479 446 2736 500 Dominus
2779 455 2964 502 noster
2991 447 3147 501 Jesus
3184 448 3430 502 Christus
3458 493 3474 510 ,

231 545 480 597 σύνθεσιν
515 543 707 606 ἓνωσις
735 544 833 613 την
867 544 1126 612 σύγχυσιν
1157 543 1250 594 καὶ
1277 542 1538 612 διαίρεσιν
1568 541 1801 594 ἀποϐάλ-

229 637 403 699 λεται,
440 636 533 687 καὶ
569 634 822 702 φυλάττει
873 635 968 704 μὲν
997 635 1092 703 τὴν
1120 632 1387 703 ἑκατέρας
1420 633 1635 702 φύσεως
1674 633 1801 685 ἰδιό-

227 745 393 797 τητα,
424 727 552 796 μίαν
597 727 652 780 δὲ
705 728 998 779 ὑπόστασιν
1049 726 1166 796 ἦτοι
1211 725 1502 796 πρόσωπον
1546 724 1638 776 τοῦ
1669 723 1803 776 Θεοῦ

227 819 466 886 Λόγού¹¹
498 820 592 872 καὶ
621 818 757 887 μετὰ
786 818 882 888 τῆς
915 817 1114 888 σαρκὸς
1139 816 1400 869 δείκνυσι’
1436 816 1528 868 καὶ
1554 817 1700 868 ἐστιν
1728 811 1808 879 εἷς

232 913 326 965 καὶ
359 913 388 964 ὁ
409 913 454 941 ²²
482 911 642 974 αὐτὸς
671 912 877 972 τέλειος
909 911 964 961 ἐν
989 910 1388 980 ἁνθρωπότητι,
1412 910 1508 978 οὑχ
1537 910 1610 971 ώς
1640 910 1696 960 ἐν
1720 909 1809 960 δυ-

233 1002 321 1052 σὶν
349 999 705 1052 ὑποστάσεσιν
736 1001 854 1070 ἤτοι
887 998 1218 1069 προσώποις,
1247 989 1360 1051 ἀλλ’
1393 1000 1450 1050 ἐν
1493 997 1613 1068 θείᾳ.
1647 996 1808 1060 φύσει

231 1093 327 1145 καὶ
372 1092 686 1164 ἀνθρωπίνῃ
735 1092 1152 1161 γνωριζόμενος,
1188 1091 1274 1143 ἵνα
1304 1084 1443 1165 εἷςῇ
1477 1091 1546 1144 τά
1575 1092 1808 1159 ἑκάτερα

231 1186 438 1248 τέλειος
466 1186 596 1248 Θεὸς
626 1185 719 1237 καὶ
746 1183 947 1248 τέλειος
989 1183 1272 1253 ἄνθρωπος
1305 1183 1332 1235 ὁ
1363 1183 1524 1246 αὑτὸς
1549 1185 1576 1235 ὁ
1607 1182 1808 1252 Κύριος

231 1278 392 1347 ἡμῶν
433 1274 637 1346 Ἰησοῦς
671 1276 922 1340 Χριστὸς,
947 1276 974 1327 ὁ
1001 1270 1080 1338 εἷς
1099 1275 1196 1344 τῆς
1221 1274 1381 1341 ἁγίας
1410 1271 1654 1342 Τριάδος.
1685 1289 1808 1324 συν.

230 1368 585 1437 δοξαζόμενος
614 1367 690 1438 τῷ
721 1369 894 1436 Πατρὶ
936 1367 1030 1420 καὶ
1060 1365 1136 1436 τῷ
1166 1367 1304 1437 ἁγίῳ
1341 1366 1632 1436 Πνεὺματι.
1668 1364 1808 1418 Οῦτε

231 1460 344 1528 γάρ
393 1459 654 1526 τετάρτου
705 1457 996 1528 προσώπου
1052 1457 1368 1527 προσθήκην
1429 1458 1721 1524 ἐπεδέξατο
1774 1459 1808 1528 ἡ

231 1548 370 1615 ἁγία
423 1549 591 1616 Τριὰς
639 1548 732 1600 καὶ
781 1547 1156 1616 σαρκωθέντος
1199 1547 1292 1600 τοῦ
1340 1548 1456 1608 ἐνὸς
1503 1548 1601 1618 τῆς
1647 1548 1811 1615 ἁγίας

231 1639 464 1709 Τριάδος
493 1638 628 1690 Θεοῦ
650 1640 693 1670 ³³
722 1639 915 1706 Λόγου.
960 1638 1174 1709 Ταύτην
1214 1641 1310 1708 τὴν
1344 1639 1511 1708 καλὴν
1556 1656 1806 1708 παρακα-

231 1729 502 1800 ταθήκην,
529 1730 595 1799 ἢν
645 1730 792 1799 παρὰ
833 1731 944 1782 τών
994 1731 1164 1798 ἁγίων
1200 1731 1457 1800 Πατέρων
1485 1731 1806 1800 εἰλήφαμεν,

233 1820 594 1890 φυλάττομεν,
627 1821 685 1872 ἐν
815 1819 998 1890 ζῶμεν
1030 1823 1123 1875 καὶ
1164 1821 1558 1891 πολιτευόμεθα
1607 1822 1702 1873 καὶ
1747 1821 1814 1892 ἦν
1847 1801 1888 1854 Β

235 1911 574 1980 συνέκδημον
623 1909 882 1980 λάϐοιμεν
932 1913 1011 1974 είς
1058 1911 1276 1979 Πατέρα
1320 1912 1413 1964 καὶ
1460 1911 1694 1980 Χριστὸν
1722 1911 1815 1964 τὸν

233 2001 368 2054 Υίδν
399 2002 493 2055 τοῦ
522 2001 655 2054 Θεοῦ
685 2002 777 2054 τοῦ
810 2001 1010 2066 ζῶντος
1057 2004 1154 2056 καὶ
1195 2002 1349 2071 ἆγιον
1378 2002 1598 2071 Πνεῦμα
1626 2002 1814 2072 ὁμολο-

233 2095 381 2163 γίαν.
414 2093 598 2146 Ταῦτα
644 2093 817 2156 οὑτως
861 2094 1252 2164 ὁμολογοῦντες
1282 2095 1419 2165 πρὸς
1465 2098 1585 2156 ταῖς
1629 2094 1815 2156 ἄλλαις

231 2184 332 2238 τοῦ
362 2187 421 2239 ἐν
447 2185 621 2252 ἁγίοις
656 2185 926 2255 Κυρίλλου
967 2187 1094 2256 περὶ
1129 2186 1227 2250 τῆς
1274 2184 1442 2256 ὀρθῆς
1474 2184 1709 2247 πίστεως
1739 2185 1817 2238 δι·

239 2277 562 2340 δασκαλίαις
593 2277 687 2330 καὶ
713 2276 774 2330 τὺ
800 2277 1090 2348 εἰρημένον
1129 2278 1258 2347 παρ’
1288 2277 1452 2330 αὑτοῦ
1480 2278 1609 2348 μίαν
1654 2277 1816 2347 φύσιν

234 2364 330 2418 τοῦ
361 2364 498 2418 Θεοῦ
531 2366 706 2433 Λόγου
737 2366 1166 2437 σεσαρκωμὲνην
1196 2367 1478 2438 δεχόμενοι
1518 2367 1815 2438 ὁμολογοῦ-

240 2475 346 2530 μεν
376 2459 456 2510 ὅτι
487 2459 550 2510 ἐκ
578 2462 676 2528 τῆς
706 2459 857 2522 θείας
890 2459 1102 2528 φύσεως
1126 2463 1218 2512 καὶ
1242 2461 1341 2528 τῆς
1370 2459 1717 2530 ἀνθρωπίνης
1737 2455 1815 2522 εἷς

240 2551 476 2622 Χριστὸς
507 2550 864 2621 ἀπετελέσθη,
889 2553 980 2604 καὶ
1013 2552 1074 2604 οὑ
1106 2552 1204 2621 μία
1247 2551 1428 2618 φύσις,
1463 2541 1644 2615 καθώς
1674 2567 1816 2614 τινες

242 2643 430 2706 κακῶς
461 2643 559 2712 τὴν
585 2643 728 2710 λέξιν
763 2643 1193 2713 ἐκλαμϐάνοντες
1224 2643 1385 2715 350
1406 2644 1581 2711 λέγειν
1608 2645 1817 2713 ἐπιχει-

245 2734 679 2806 ροῦσιν.’Λμέλει
707 2751 790 2788 τοι
821 2736 914 2788 καὶ
935 2733 1095 2798 αὐτὸς
1123 2735 1150 2786 ό
1178 2737 1364 2805 Πατὴρ
1384 2736 1452 2800 ’³,
1476 2729 1664 2798 ὁσάκις
1689 2735 1817 2805 μίαν

242 2828 407 2894 φύσιν
433 2825 580 2880 εἶπεν
600 2827 692 2880 τοῦ
723 2829 894 2896 Λόγου
920 2828 1367 2897 σεσαρκωμένην,
1402 2829 1495 2880 ἐπὶ
1528 2828 1717 2881 τούτου
1739 2828 1816 2899 τῷ

241 2917 344 2987 τῆς
373 2917 585 2985 φύσεως
612 2918 834 2986 ὀνόματι
861 2918 980 2970 ἀντὶ
1017 2919 1366 2982 ὑποστάσεως
1389 2919 1678 2988 ἐχρήσατο.
1707 2919 1818 2971 Καὶ

167 3031 174 3040 ε
240 3010 302 3060 ὲν
333 3003 415 3067 οἷς
445 3008 622 3075 λόγοις
651 3008 802 3060 εἶπεν
832 3008 1033 3079 ταύτην
1066 2995 1354 3078 τὴνλέξιν,
1387 3011 1443 3061 ἐν
1474 3011 1583 3072 τοῖς
1620 3009 1818 3077 ἐφεξῆς

240 3102 318 3163 ὡς
347 3101 440 3152 ἐπὶ
473 3103 533 3152 τὸ
563 3101 809 3153 πλεῖστον
839 3102 1117 3170 ἐπήγαγεν
1142 3102 1271 3154 ποτὲ
1305 3103 1402 3172 μὲν
1429 3101 1574 3165 Υἰὸν,
1612 3102 1737 3154 ποτὲ
1762 3101 1817 3155 δὲ

243 3195 416 3262 Λόγον
451 3196 482 3265 ἢ
519 3193 814 3262 Μονογενῆ,
849 3193 992 3264 ἆπερ
1045 3195 1103 3245 οὑ
1160 3195 1394 3260 φύσεως,
1429 3194 1545 3246 ἀλλ’
1578 3194 1814 3247 ὑποστά-

245 3303 385 3348 σεως
432 3287 551 3357 ἦτοι
585 3287 877 3356 προσώπου
915 3286 1030 3338 ἐστὶ
1058 3285 1433 3356 δηλωτικά.Ὶι
1466 3286 1644 3339 τοίνυν
1687 3286 1818 3338 ὑπό-

247 3395 436 3441 στασις
467 3378 564 3431 τοῦ
608 3381 780 3447 Λόγου
818 3378 1163 3450 σαρκωθεῖσα
1196 3382 1255 3432 οὑ
1302 3379 1430 3450 μίαν
1478 3379 1659 3448 φύσιν,
1691 3377 1819 3433 ἀλλ’

244 3476 342 3529 ἕνα
387 3476 624 3544 Χριστὸν
669 3475 918 3528 σύνθετον
963 3475 1310 3536 ἀπετέλεσεν,
1344 3477 1436 3528 τὸν
1480 3477 1644 3528 αὑτὸν
1686 3475 1820 3528 Θεὸν

247 3568 341 3621 καὶ
369 3567 675 3636 ἄνθρωπον.
710 3566 840 3620 Θεὸν
884 3567 941 3620 δὲ
991 3567 1082 3619 καὶ
1127 3566 1412 3637 ἄνθρωπον
1453 3566 1544 3620 τὸν
1585 3567 1820 3638 Χριστὸν

245 3660 645 3729 ὁμολογοῦντας
668 3660 794 3729 μίαν
817 3659 977 3729 φύσιν
1003 3661 1118 3730 ἦτοι
1146 3659 1332 3713 οὑσίαν
1357 3661 1443 3712 ἐπ’
1470 3658 1618 3730 αὑτῷ
1642 3659 1819 3723 λέγειν

249 3753 467 3815 ἀσεϐές.
485 3751 768 3805 Ἀδύνατον
797 3752 905 3822 γὰρ
932 3754 1022 3805 τὸν
1042 3751 1242 3823 Κύριον
1272 3752 1426 3823 ἡμῶν
1456 3752 1661 3822 Ἰησοῦν
1689 3753 1821 3821 Χρι-

249 3845 372 3897 στὸν
405 3843 547 3897 κατὰ
578 3845 705 3914 μίαν
734 3845 828 3896 καὶ⁸
854 3843 953 3915 τὴν
975 3843 1142 3914 αὑτὴν
1171 3842 1330 3912 φύσιν
1362 3843 1480 3914 ἦτοι
1511 3843 1696 3896 οὑσίαν
1729 3842 1821 3895 καὶ

250 3935 353 4005 πρὸ
390 3933 605 3988 αἰώνων
635 3929 772 3986 εἶναι
800 3934 891 3986 καὶ
921 3935 978 3986 ὲν
1011 3933 1188 4005 χρόνῳ
1213 3933 1244 4004 ἢ
1273 3933 1455 4004 ἀπαθῆ
1507 3935 1598 3986 καὶ⁴
1645 3933 1823 4002 παθη-

249 4032 358 4091 τὸν,
379 4028 519 4096 ὅπερ
548 4027 641 4079 ἐπὶ
667 4026 766 4096 τῆς
795 4027 922 4096 μιᾶς
949 4026 1114 4080 αὑτοῦ
1143 4028 1493 4090 ὑποστάσεως
1513 4027 1630 4097 ἤτοι
1657 4043 1823 4097 προσ-

248 4118 399 4172 ώπου
433 4117 612 4187 ὀρθῶς
645 4117 1128 4188 ὁμολογοῦμεν.Ἐξ
1156 4118 1334 4170 αὑτῶν
1358 4119 1413 4170 δὲ
1443 4119 1550 4170 τῶν
1592 4118 1820 4188 εἰρημέ-

249 4229 354 4264 νων
384 4211 481 4263 τοῦ
514 4210 678 4264 αὑτοῦ
703 4211 759 4264 ὲν
794 4211 966 4278 ἁγίοις
995 4211 1263 4282 Κυρίλλου
1295 4210 1706 4280 ἁποδείξομεν²⁶
1725 4209 1823 4281 τὴν

251 4305 376 4375 περὶ
409 4302 511 4372 τῆς
543 4303 837 4374 εἰρημένης
867 4302 1062 4369 λέξεως
1091 4305 1434 4373 σαφεστάτην
1470 4303 1634 4356 αὑτοῦ
1679 4302 1824 4356 διδα-

253 4395 500 4449 σκαλίαν.
521 4395 610 4446 Ἐν
629 4395 736 4464 γὰρ
759 4397 824 4466 τῇ
850 4395 1043 4466 πρώτῃ
1072 4395 1210 4464 πρὸς
1237 4395 1532 4448 Σούκενσον
1567 4395 1822 4466 ἐπιστολῇ

1906 541 2242 610 compositus
2273 557 2334 593 ex
2370 550 2594 608 utraque
2638 550 2854 593 natura.
2891 540 3262 609 Compositum
3293 551 3475 594 autem

1906 632 2182 687 Christum
2215 633 2560 692 conﬁtemur,
2589 641 2898 685 sanctorum
2925 632 3140 685 Patrum
3173 633 3475 686 doctrinam

1907 733 2218 794 sequentes.
2284 725 2340 778 In
2396 725 2652 794 mysterio
2702 726 2846 778 enim
2903 723 3106 778 Christi
3157 725 3336 777 unitas
3393 739 3480 776 se-

1907 818 2142 872 cundum
2175 817 3040 887 compositionem,confusionem
3069 824 3124 870 et
3157 816 3479 870 divisionem

1911 910 2133 979 reiecit,
2180 919 2237 964 et
2269 919 2451 964 servat
2503 910 2722 979 quidem
2772 909 3054 979 utriusque
3100 916 3307 962 natum
3351 922 3479 978 pro-

1909 1003 2233 1073 prietatem;
2288 1018 2450 1055 unam
2512 1012 2690 1056 autem
2741 1001 3146 1056 subsistentiam
3204 1016 3300 1054 seu
3351 1014 3480 1069 per-

1908 1111 2098 1150 sonam
2159 1094 2251 1149 l)ei
2293 1094 2457 1149 Verbi
2511 1110 2564 1148 et
2599 1111 2722 1148 cum
2776 1109 2938 1148 carne
2975 1093 3243 1155 ostendit,
3293 1100 3348 1145 et
3397 1099 3483 1146 est

1909 1204 2052 1244 unus
2105 1188 2356 1257 idemque
2402 1187 2674 1257 perfectus
2723 1187 2776 1239 in
2821 1185 3053 1250 deitate,
3105 1193 3162 1238 et
3208 1183 3483 1254 perfectus

1909 1283 1964 1336 in
2015 1281 2391 1347 humanitate,
2453 1295 2562 1333 non
2629 1289 2880 1347 tanquam
2932 1277 2986 1330 in
3039 1277 3250 1331 duabus
3301 1275 3482 1329 subsi-

1908 1374 2126 1428 stentiis
2152 1373 2267 1427 sive
2305 1371 2584 1442 personis,
2619 1371 2712 1425 sed
2753 1372 2806 1423 in
2841 1371 3027 1425 divina
3068 1380 3260 1424 natura
3291 1380 3345 1424 et
3378 1370 3483 1424 hu-

1911 1483 2068 1520 mana
2101 1465 2543 1536 cognoscendus,
2582 1473 2640 1516 ut
2689 1479 2830 1517 unus
2873 1463 2944 1522 sit
2985 1464 3038 1516 in
3078 1475 3305 1531 utraque
3355 1477 3484 1531 per—

1911 1559 2090 1612 fectus
2118 1557 2259 1611 Deus
2291 1566 2345 1610 et
2377 1555 2648 1625 perfectus
2679 1556 2870 1621 homo,
2909 1555 3051 1608 idem
3079 1555 3193 1623 ipse
3226 1553 3486 1608 Dominus

1911 1657 2100 1703 noster
2137 1647 2295 1703 Jesus
2346 1646 2630 1708 Christus,
2688 1661 2829 1699 unus
2875 1645 2942 1699 (le
2993 1654 3178 1699 sancta
3220 1644 3486 1699 Trinitate

1913 1737 2401 1808 conglorilicaudus
2431 1736 2573 1789 Patri
2607 1747 2660 1790 et
2695 1746 2886 1790 sancto
2917 1736 3163 1804 Spiritui.
3205 1734 3316 1789 Nec
3340 1735 3486 1788 enim

1915 1843 2124 1901 quarta:
2167 1846 2416 1900 persona:
2461 1831 2819 1899 adjectionem
2859 1830 3105 1898 suscepit
3142 1837 3327 1883 sancta
3362 1827 3486 1881 Tri-

1916 1924 2059 1978 nitas
2119 1933 2175 1978 ct
2229 1923 2507 1976 incarnato
2547 1938 2654 1976 uno
2712 1923 2780 1976 de
2836 1931 3020 1976 sancta
3074 1919 3339 1975 Trinitate
3377 1919 3487 1974 Deo

1916 2016 2116 2071 Verbo.
2188 2015 2347 2069 Istam
2422 2015 2583 2085 igitur
2639 2015 2834 2068 bonam
2900 2011 3280 2077 traditionem,
3322 2026 3487 2080 quam

1915 2127 1944 2164 a
1975 2109 2175 2165 sanctis
2207 2107 2454 2162 Patribus
2489 2106 2826 2174 accepimus,
2869 2104 3206 2159 custodimus
3233 2142 3248 2172 ,
3293 2102 3346 2156 in
3380 2117 3488 2170 qua

1916 2201 2146 2257 vivimus
2201 2208 2257 2254 et
2305 2213 2712 2261 conversamur,
2758 2207 2812 2250 et
2860 2211 3060 2266 quam,
3093 2196 3183 2249 ’ab
3232 2179 3334 2248 hac
3377 2192 3488 2249 vita

1909 2293 2352 2364 proﬁciscentes,
2395 2306 2612 2345 oramus
2659 2289 2942 2342 nobiscum
2978 2288 3216 2349 habere,
3253 2301 3374 2355 quae
3402 2293 3489 2338 est

1915 2384 1971 2437 in
2024 2383 2236 2438 Patrem
2265 2391 2320 2436 et
2368 2382 2649 2436 Christum
2705 2381 2902 2434 Filium
2956 2379 3049 2432 Dei
3087 2378 3226 2441 vivi,
3265 2386 3320 2431 et
3357 2391 3487 2430 san-

1915 2488 2062 2531 ctum
2093 2476 2353 2546 Spiritum
2381 2473 2672 2529 confessio.
2707 2473 2833 2527 “me
2862 2473 2932 2526 ita
2979 2471 3300 2526 conﬁtentes
3323 2482 3490 2539 super

1916 2569 2050 2623 alias
2094 2569 2266 2622 sancti
2293 2567 2474 2639 Cyrilli
2506 2567 2572 2620 de
2608 2567 2712 2620 ﬁde
2761 2574 2904 2619 recta
2947 2564 3253 2626 doctrinas,
3299 2571 3354 2616 et
3385 2561 3489 2615 hoc

1917 2661 2061 2730 quod
2097 2660 2302 2714 dictutn
2329 2669 2414 2713 cst
2438 2659 2505 2714 ab
2532 2659 2681 2728 ipso,
2717 2673 2878 2711 unam
2935 2666 3185 2710 naturam
3215 2655 3308 2708 Dei
3340 2653 3488 2707 verbi

1919 2755 2260 2808 incarnatam
2281 2792 2297 2816 ,
2328 2751 2691 2821 suscipientes
2714 2795 2728 2815 ,
2774 2749 3097 2804 conﬁtemur
3125 2747 3270 2816 quod
3308 2761 3375 2800 ex
3404 2745 3491 2800 di-

1917 2847 2042 2900 vina
2078 2856 2270 2899 natura
2307 2854 2363 2898 et
2391 2845 2624 2898 humana
2653 2857 2794 2896 unus
2822 2841 3072 2896 Christus
3096 2840 3323 2894 ell‘ectus
3370 2846 3451 2892 est
3472 2876 3489 2900 .

1917 2947 1972 2992 et
2020 2953 2131 2991 non
2180 2939 2234 2990 in
2287 2935 2367 3008 [in
2421 2935 2587 3007 deest]
2642 2951 2744 2989 una
2801 2944 3029 2996 natura,
3060 2941 3218 3002 prout
3270 2929 3490 3000 quidam

1926 3031 2066 3085 male
2107 3029 2467 3098 intelligentes
2494 3028 2783 3082 dictionem
2815 3035 3082 3080 conantur
3106 3024 3304 3079 dicere.
3338 3021 3493 3076 Unde

1849 3157 1889 3213 ο
1927 3133 1981 3176 et
2017 3123 2132 3192 ipse
2168 3121 2346 3183 Pater,
2379 3121 2593 3190 quoties
2638 3135 2798 3174 unam
2847 3131 3094 3173 naturam
3143 3115 3277 3170 dixit
3329 3113 3492 3168 Verbi

1923 3213 2301 3273 incarnatatu,
2353 3212 2409 3264 iu
2470 3211 2570 3264 hoc
2628 3218 2835 3262 natura:
2891 3208 3110 3262 nomine
3158 3220 3255 3274 pro
3307 3203 3493 3257 subsi-

1919 3303 2113 3358 stentia
2130 3318 2258 3356 usus
2281 3311 2383 3356 est.
2407 3301 2471 3355 Et
2491 3301 2545 3354 in
2567 3301 2765 3369 quibus
2789 3299 2941 3353 libris
2979 3297 3115 3374 dixit
3131 3298 3272 3351 hanc
3302 3295 3494 3350 dictio-

1919 3411 2068 3460 nem,
2084 3396 2134 3449 in
2157 3395 2510 3464 sequentibus
2524 3395 2719 3464 saepius
2741 3393 2941 3456 intulit,
2966 3401 3020 3446 et
3035 3390 3254 3460 quando
3271 3388 3491 3453 Filium,

1924 3499 1982 3544 et
2026 3489 2244 3558 quando
2290 3486 2548 3546 Verbum,
2586 3495 2678 3540 aut
2727 3484 3061 3555 unigenitum
3118 3480 3236 3554 [Est
3277 3479 3494 3550 quando

1919 3582 2135 3645 Filium,
2163 3581 2476 3649 estquando
2496 3577 2750 3632 Verbum.
2791 3577 2882 3647 qui
2924 3577 3094 3631 Deum
3112 3572 3478 3628 ethom.Chr.

1920 3672 2114 3746 cont],
2133 3689 2250 3742 qua:
2270 3687 2377 3726 non
2395 3681 2662 3734 naturam,
2676 3667 3183 3724 sedsubsistentiam
3201 3681 3294 3719 seu
3309 3679 3493 3734 perso-

1921 3781 2044 3820 nam
2077 3766 2398 3836 signiﬁcant.
2434 3764 2793 3818 Subsistentia
2825 3759 3152 3832 igiturVerbi
3205 3758 3485 3812 incarnata

1919 3873 2027 3911 non
2048 3873 2207 3911 unam
2232 3865 2499 3917 naturam,
2523 3856 2617 3910 sed
2644 3871 2809 3910 unum
2833 3853 3106 3915 Christum
3129 3851 3490 3921 compositum

1921 3949 2425 4014 eﬂecitheumdem
2484 3947 2658 4016 ipsum
2714 3946 2882 4000 Deum
2923 3955 2979 4000 et
3031 3945 3330 4000 hominem.
3385 3942 3494 3998 Eos

1921 4049 2104 4094 autent
2131 4040 2222 4108 qui
2247 4038 2522 4093 Christum
2556 4038 2724 4090 Deum
2753 4046 2810 4090 et
2839 4036 3112 4090 hominem
3142 4034 3490 4100 conﬁtentur,

1923 4147 2084 4188 unam
2113 4139 2362 4184 naturam
2407 4128 2522 4182 sive
2560 4126 2922 4181 substantiam
2951 4125 3122 4196 ipsius
3167 4125 3348 4178 dicere
3388 4123 3494 4177 im-

1923 4220 2070 4288 pium
2103 4227 2204 4271 est.
2251 4214 2584 4285 ltnpossibile
2619 4213 2764 4267 enim
2808 4222 2893 4268 est
2935 4211 3220 4266 Dominum
3245 4219 3492 4265 nostrum

1923 4309 2105 4364 Jesum
2142 4309 2416 4363 Christum
2469 4306 2767 4360 secundum
2798 4319 2958 4360 unam
3002 4303 3359 4371 eamdemque
3391 4316 3493 4354 na-

1925 4412 2101 4456 turam
2143 4417 2240 4456 seu
2292 4397 2651 4453 substantiam
2703 4407 2758 4451 et
2822 4407 2950 4451 ante
2999 4395 3196 4450 saecula
3240 4408 3392 4457 esse,
3438 4402 3498 4449 et

252 4488 421 4542 εἰπὼν
455 4488 587 4557 μίαν
619 4487 781 4556 φύσιν
813 4486 907 4540 τοῦ
927 4487 1060 4540 Θεοῦ
1091 4488 1262 4555 Λόγου
1290 4490 1712 4558 σεσαρκωμένην
1741 4490 1817 4541 εὑ-

1927 4495 1980 4550 iu
2013 4506 2287 4564 tempore,
2315 4501 2411 4546 aut
2441 4490 2830 4560 impassibilem
2869 4498 2924 4544 et
2955 4487 3262 4558 passibilem
3290 4504 3306 4541 :
3347 4486 3492 4555 quod
3547 4510 3551 4515 ·

252 4580 348 4644 θὺς
380 4583 663 4652 ἐπήγαγεν
686 4598 701 4612 °
731 4579 936 4633 Οὑκοῦν
966 4581 1090 4633 ὅσον
1123 4581 1222 4651 μὲν
1250 4577 1381 4652 ἧκεν
1403 4583 1482 4644 είς
1503 4581 1710 4634 ἔννοιαν
1733 4583 1826 4637 καὶ

254 4674 330 4737 εἷς
362 4690 427 4741 γε
466 4673 628 4744 μόνον
657 4673 719 4726 τὸ
739 4674 784 4704 ’⁸
816 4675 947 4744 ὁρᾷν
979 4676 1092 4736 τοῖς
1131 4677 1228 4745 τῆς
1258 4673 1437 4744 ψυχῆς
1463 4673 1673 4744 ὄμμασι
1709 4675 1829 4729 τίνα

256 4767 454 4837 τρόπον
487 4759 909 4836 ὲνηνθρώπήκεν
926 4766 969 4796 ’⁷
999 4767 1027 4818 ὁ
1052 4767 1378 4837 Μονογενὴς,
1405 4767 1498 4820 δύο
1525 4767 1619 4830 τὰς
1640 4767 1830 4836 φύσεις

258 4855 394 4912 εἷναί
431 4876 635 4930 φαμεν,
659 4859 753 4912 ἕνα
780 4859 837 4912 δὲ
871 4859 998 4912 Υίὸν
1022 4861 1114 4912 καὶ
1141 4861 1372 4930 Χριστὸν
1397 4862 1490 4914 καὶ
1515 4861 1716 4931 Κύριον
1741 4863 1830 4914 τὸν

260 4952 353 5004 τοῦ
393 4951 532 5005 Θεοῦ
557 4953 725 5018 Λόγον
753 4953 1242 5024 ὲνανθρωπήσαντα
1272 4952 1365 5004 καὶ
1392 4956 1828 5023 σεσαρκωμένον.

1926 4588 1982 4642 in
2015 4603 2120 4641 una
2161 4583 2514 4640 subsistentia
2563 4584 2677 4637 sive
2729 4597 2960 4652 persona
2987 4581 3106 4650 ejus
3155 4590 3303 4634 recte
3357 4593 3493 4633 con-

1929 4681 2162 4736 ﬁtemur.
2221 4681 2298 4733 Ex
2343 4679 2516 4748 ipsius
2582 4688 2764 4732 autem
2809 4675 2972 4731 dictis
3025 4675 3271 4744 ejusdem
3317 4673 3494 4728 sancti

1929 4771 2111 4844 Cyrilli
2154 4772 2504 4826 ostendemus
2536 4770 2603 4824 de
2650 4777 2945 4824 memorata
2991 4767 3230 4822 dictione
3269 4764 3496 4820 manife-

1929 4865 2122 4920 festam
2163 4863 2335 4933 ipsius
2378 4863 2678 4917 doctrinam
2735 4859 2788 4913 In
2840 4861 3011 4930 prima
3041 4858 3187 4913 enim
3230 4858 3298 4911 ad
3361 4856 3498 4910 Suc-

1936 4971 2153 5011 cessum
2184 4955 2442 5025 epistola.
2476 4971 2600 5008 cum
2633 4953 2862 5007 dixisset
2898 4968 3060 5006 unam
3123 4961 3372 5006 naturam
3399 4948 3495 5004 Dei

261 5042 421 5098 Verbi
479 5044 849 5108 incarnatam,
899 5045 1077 5100 statim
1129 5043 1351 5098 intulit:
1389 5044 1528 5114 Ergo
1591 5056 1852 5114 quantum
1890 5047 2110 5116 quidem
2165 5047 2233 5100 ad
2281 5046 2613 5101 intellectum
2665 5048 2934 5117 pertinet,
2988 5055 3043 5101 et
3100 5045 3167 5100 ad
3204 5045 3497 5101 videndum

266 5135 638 5210 tantummon
708 5137 879 5191 oculis
946 5136 1174 5203 animae,
1231 5137 1684 5206 quemadmodum
1762 5139 2075 5193 incarnatus
2149 5147 2230 5192 est
2283 5135 2632 5208 Unigenitus,
2681 5139 2816 5192 duas
2863 5147 3088 5193 naturas
3140 5137 3320 5204 unitas
3377 5151 3501 5193 esse

1541 5426 1792 5485 VARIJE.
1815 5428 2224 5486 LECTIONES.

341 5615 384 5648 "
410 5615 586 5683 Λόγου
617 5629 726 5669 om.
783 5613 847 5667 Β.
875 5682 880 5683 ί
953 5615 997 5645 ’⁸
1017 5614 1045 5666 ὁ
1073 5611 1274 5683 om.P.
1341 5681 1350 5683 ξ
1377 5612 1422 5642 ³³
1451 5611 1585 5683 Θεοῦ
1609 5628 1720 5683 om.
1752 5611 1810 5664 Ρ.

1939 5613 1987 5643 ’δ
2013 5611 2216 5682 πατήρ.
2255 5609 2520 5682 Κύριλλος
2543 5626 2618 5682 tn.
2667 5608 2727 5664 P.
2859 5612 2904 5642 “
2948 5611 3397 5682 ἀποδείξωμεν-Ρ
3437 5610 3500 5668 ν.

281 5682 324 5717 ⁸⁸
352 5687 426 5750 εἰς
450 5679 513 5754 γε
550 5685 727 5754 pavo;
755 5685 814 5737 τὸ
848 5682 910 5744 V,
946 5685 1024 5744 εἰς
1048 5698 1111 5754 γε
1131 5682 1303 5754 μόνον
1323 5681 1397 5754 di;
1425 5682 1485 5735 τὸ
1520 5683 1578 5738 Ρ.
1610 5682 1831 5738 Corrcxi
1856 5682 1923 5737 ad
1953 5679 2260 5752 exemplum
2289 5679 2473 5751 Cyrilli
2494 5681 2580 5739 ed.
2603 5682 2851 5748 Aubert.,
2881 5683 2989 5738 vol.
3024 5684 3083 5747 γ,
3114 5700 3166 5754 p.
3207 5682 3272 5738 ll.
3303 5680 3499 5753 Epist.,

847 5754 887 5786 "
917 5752 1330 5824 ἐνηνθρώπησεν
1353 5752 1413 5808 Ρ.

283 5768 334 5824 p.
358 5755 398 5824 l,
431 5773 551 5829 pag.
579 5755 678 5812 157
711 5755 772 5810 Ε.
