  <div class='ocr_page' id='page_1' title='image "/cluster/home/n/w/nwhite01/storage/ocr_20150623/92/hvd.32044019208032/461.png"; bbox 0 0 4096 6296; ppageno 0'>
   <div class='ocr_carea' id='block_1_1' title="bbox 651 329 752 395">
    <p class='ocr_par' dir='ltr' id='par_1_1' title="bbox 651 329 752 395">
     <span class='ocr_line' id='line_1_1' title="bbox 651 329 752 395; baseline -0.01 0"><span class='ocrx_word' id='word_1_1' title='bbox 651 329 752 395; x_wconf 81' lang='lat'><strong>911</strong></span> 
     </span>
    </p>
   </div>
   <div class='ocr_carea' id='block_1_2' title="bbox 1837 319 3854 386">
    <p class='ocr_par' dir='ltr' id='par_1_2' title="bbox 1837 319 3854 386">
     <span class='ocr_line' id='line_1_2' title="bbox 1837 319 3854 386; baseline -0 0"><span class='ocrx_word' id='word_1_2' title='bbox 1837 319 2273 386; x_wconf 73' lang='lat' dir='ltr'><strong>CHRONICON</strong></span> <span class='ocrx_word' id='word_1_3' title='bbox 2303 319 2708 383; x_wconf 77' lang='lat' dir='ltr'><strong>PASCHALE.</strong></span> <span class='ocrx_word' id='word_1_4' title='bbox 3767 321 3854 386; x_wconf 77' lang='lat'><strong>912</strong></span> 
     </span>
    </p>
   </div>
   <div class='ocr_carea' id='block_1_3' title="bbox 650 428 3854 501">
    <p class='ocr_par' dir='ltr' id='par_1_3' title="bbox 650 428 3854 501">
     <span class='ocr_line' id='line_1_3' title="bbox 650 428 3854 501; baseline -0.003 -5"><span class='ocrx_word' id='word_1_5' title='bbox 650 441 916 501; x_wconf 78' lang='lat' dir='ltr'><strong>dicimus,</strong></span> <span class='ocrx_word' id='word_1_6' title='bbox 965 451 1134 492; x_wconf 91' lang='lat' dir='ltr'><strong>unum</strong></span> <span class='ocrx_word' id='word_1_7' title='bbox 1179 445 1363 492; x_wconf 87' lang='lat' dir='ltr'><strong>autem</strong></span> <span class='ocrx_word' id='word_1_8' title='bbox 1419 433 1651 498; x_wconf 85' lang='lat' dir='ltr'><strong>Filium,</strong></span> <span class='ocrx_word' id='word_1_9' title='bbox 1697 443 1754 490; x_wconf 88' lang='lat' dir='ltr'><strong>et</strong></span> <span class='ocrx_word' id='word_1_10' title='bbox 1802 433 2112 496; x_wconf 87' lang='lat' dir='ltr'><strong>Christum,</strong></span> <span class='ocrx_word' id='word_1_11' title='bbox 2161 440 2216 485; x_wconf 92' lang='lat' dir='ltr'><strong>et</strong></span> <span class='ocrx_word' id='word_1_12' title='bbox 2242 430 2557 496; x_wconf 86' lang='lat' dir='ltr'><strong>Dominum,</strong></span> <span class='ocrx_word' id='word_1_13' title='bbox 2592 429 2688 486; x_wconf 90' lang='lat' dir='ltr'><strong>Dei</strong></span> <span class='ocrx_word' id='word_1_14' title='bbox 2733 429 2908 485; x_wconf 87' lang='lat' dir='ltr'><strong>Patris</strong></span> <span class='ocrx_word' id='word_1_15' title='bbox 2939 428 3175 484; x_wconf 80' lang='lat' dir='ltr'><strong>Verbum</strong></span> <span class='ocrx_word' id='word_1_16' title='bbox 3237 430 3606 493; x_wconf 88' lang='lat' dir='ltr'><strong>incarnatum,</strong></span> <span class='ocrx_word' id='word_1_17' title='bbox 3665 438 3719 485; x_wconf 92' lang='lat' dir='ltr'><strong>et</strong></span> <span class='ocrx_word' id='word_1_18' title='bbox 3770 431 3854 486; x_wconf 82' lang='lat' dir='ltr'><strong>bo-</strong></span> 
     </span>
    </p>
   </div>
   <div class='ocr_carea' id='block_1_4' title="bbox 653 531 1104 590">
    <p class='ocr_par' dir='ltr' id='par_1_4' title="bbox 653 531 1104 590">
     <span class='ocr_line' id='line_1_4' title="bbox 653 531 1104 590; baseline -0.016 0"><span class='ocrx_word' id='word_1_19' title='bbox 653 536 851 590; x_wconf 84' lang='lat' dir='ltr'><strong>minem</strong></span> <span class='ocrx_word' id='word_1_20' title='bbox 884 531 1104 586; x_wconf 90' lang='lat' dir='ltr'><strong>factum.</strong></span> 
     </span>
    </p>
   </div>
   <div class='ocr_carea' id='block_1_5' title="bbox 724 607 2301 678">
    <p class='ocr_par' dir='ltr' id='par_1_5' title="bbox 724 607 2301 678">
     <span class='ocr_line' id='line_1_5' title="bbox 724 607 2301 678; baseline -0.007 -2"><span class='ocrx_word' id='word_1_21' title='bbox 724 643 745 676; x_wconf 74' lang='grc' dir='ltr'><strong>ι</strong></span> <span class='ocrx_word' id='word_1_22' title='bbox 786 624 890 678; x_wconf 84' lang='lat' dir='ltr'><strong>Per</strong></span> <span class='ocrx_word' id='word_1_23' title='bbox 919 622 1019 676; x_wconf 86' lang='lat' dir='ltr'><strong>ista</strong></span> <span class='ocrx_word' id='word_1_24' title='bbox 1048 629 1230 674; x_wconf 88' lang='lat' dir='ltr'><strong>autem</strong></span> <span class='ocrx_word' id='word_1_25' title='bbox 1265 618 1424 672; x_wconf 88' lang='lat' dir='ltr'><strong>Pater</strong></span> <span class='ocrx_word' id='word_1_26' title='bbox 1461 617 1682 673; x_wconf 89' lang='lat' dir='ltr'><strong>modum</strong></span> <span class='ocrx_word' id='word_1_27' title='bbox 1712 616 2103 672; x_wconf 69' lang='lat' dir='ltr'><strong>incarnationis</strong></span> <span class='ocrx_word' id='word_1_28' title='bbox 2129 631 2225 669; x_wconf 91' lang='lat' dir='ltr'><strong>vo-</strong></span> <span class='ocrx_word' id='word_1_29' title='bbox 2252 607 2301 665; x_wconf 78' lang='grc' dir='ltr'><strong>Δ</strong></span> 
     </span>
    </p>
   </div>
   <div class='ocr_carea' id='block_1_6' title="bbox 650 709 2217 774">
    <p class='ocr_par' dir='ltr' id='par_1_6' title="bbox 650 709 2217 774">
     <span class='ocr_line' id='line_1_6' title="bbox 650 709 2217 774; baseline -0.005 -4"><span class='ocrx_word' id='word_1_30' title='bbox 650 716 768 770; x_wconf 90' lang='lat' dir='ltr'><strong>iens</strong></span> <span class='ocrx_word' id='word_1_31' title='bbox 799 713 1174 774; x_wconf 71' lang='lat' dir='ltr'><strong>manifestare,</strong></span> <span class='ocrx_word' id='word_1_32' title='bbox 1214 717 1270 764; x_wconf 92' lang='lat' dir='ltr'><strong>et</strong></span> <span class='ocrx_word' id='word_1_33' title='bbox 1313 709 1598 764; x_wconf 89' lang='lat' dir='ltr'><strong>indivisam</strong></span> <span class='ocrx_word' id='word_1_34' title='bbox 1644 719 1699 765; x_wconf 91' lang='lat' dir='ltr'><strong>et</strong></span> <span class='ocrx_word' id='word_1_35' title='bbox 1738 709 2080 764; x_wconf 86' lang='lat' dir='ltr'><strong>inconfnsam</strong></span> <span class='ocrx_word' id='word_1_36' title='bbox 2119 724 2217 762; x_wconf 91' lang='lat' dir='ltr'><strong>eu-</strong></span> 
     </span>
    </p>
   </div>
   <div class='ocr_carea' id='block_1_7' title="bbox 651 803 2218 872">
    <p class='ocr_par' dir='ltr' id='par_1_7' title="bbox 651 803 2218 872">
     <span class='ocr_line' id='line_1_7' title="bbox 651 803 2218 872; baseline -0.004 -10"><span class='ocrx_word' id='word_1_37' title='bbox 651 806 898 862; x_wconf 90' lang='lat' dir='ltr'><strong>stodiens</strong></span> <span class='ocrx_word' id='word_1_38' title='bbox 949 803 1249 858; x_wconf 92' lang='lat' dir='ltr'><strong>unitionem</strong></span> <span class='ocrx_word' id='word_1_39' title='bbox 1271 843 1287 868; x_wconf 91' lang='lat'><strong>,</strong></span> <span class='ocrx_word' id='word_1_40' title='bbox 1317 813 1371 858; x_wconf 91' lang='lat' dir='ltr'><strong>et</strong></span> <span class='ocrx_word' id='word_1_41' title='bbox 1424 819 1712 858; x_wconf 88' lang='lat' dir='ltr'><strong>numerum</strong></span> <span class='ocrx_word' id='word_1_42' title='bbox 1754 811 2070 857; x_wconf 84' lang='lat' dir='ltr'><strong>naturarum</strong></span> <span class='ocrx_word' id='word_1_43' title='bbox 2097 818 2218 872; x_wconf 65' lang='lat' dir='ltr'><strong>quae</strong></span> 
     </span>
    </p>
   </div>
   <div class='ocr_carea' id='block_1_8' title="bbox 649 894 2219 962">
    <p class='ocr_par' dir='ltr' id='par_1_8' title="bbox 649 894 2219 962">
     <span class='ocr_line' id='line_1_8' title="bbox 649 894 2219 962; baseline -0.005 -6"><span class='ocrx_word' id='word_1_44' title='bbox 649 906 1026 956; x_wconf 85' lang='lat' dir='ltr'><strong>convenerunt</strong></span> <span class='ocrx_word' id='word_1_45' title='bbox 1091 897 1522 962; x_wconf 80' lang='lat' dir='ltr'><strong>demonstravit,</strong></span> <span class='ocrx_word' id='word_1_46' title='bbox 1579 904 1636 950; x_wconf 89' lang='lat' dir='ltr'><strong>et</strong></span> <span class='ocrx_word' id='word_1_47' title='bbox 1701 911 1872 952; x_wconf 88' lang='lat' dir='ltr'><strong>unum</strong></span> <span class='ocrx_word' id='word_1_48' title='bbox 1941 894 2219 950; x_wconf 81' lang='lat' dir='ltr'><strong>Christum</strong></span> 
     </span>
    </p>
   </div>
   <div class='ocr_carea' id='block_1_9' title="bbox 650 985 2220 1062">
    <p class='ocr_par' dir='ltr' id='par_1_9' title="bbox 650 985 2220 1062">
     <span class='ocr_line' id='line_1_9' title="bbox 650 985 2220 1062; baseline -0.005 -16"><span class='ocrx_word' id='word_1_49' title='bbox 650 989 993 1062; x_wconf 66' lang='lat' dir='ltr'><strong>prwdicavit,</strong></span> <span class='ocrx_word' id='word_1_50' title='bbox 1019 995 1076 1043; x_wconf 91' lang='lat' dir='ltr'><strong>et</strong></span> <span class='ocrx_word' id='word_1_51' title='bbox 1107 1003 1215 1042; x_wconf 91' lang='lat' dir='ltr'><strong>non</strong></span> <span class='ocrx_word' id='word_1_52' title='bbox 1248 1001 1408 1042; x_wconf 89' lang='lat' dir='ltr'><strong>unam</strong></span> <span class='ocrx_word' id='word_1_53' title='bbox 1455 996 1701 1042; x_wconf 88' lang='lat' dir='ltr'><strong>naturam</strong></span> <span class='ocrx_word' id='word_1_54' title='bbox 1753 985 1970 1040; x_wconf 89' lang='lat' dir='ltr'><strong>deitatis</strong></span> <span class='ocrx_word' id='word_1_55' title='bbox 2001 995 2055 1040; x_wconf 90' lang='lat' dir='ltr'><strong>et</strong></span> <span class='ocrx_word' id='word_1_56' title='bbox 2098 1001 2220 1040; x_wconf 88' lang='lat' dir='ltr'><strong>car-</strong></span> 
     </span>
    </p>
   </div>
   <div class='ocr_carea' id='block_1_10' title="bbox 650 1079 2219 1148">
    <p class='ocr_par' dir='ltr' id='par_1_10' title="bbox 650 1079 2219 1148">
     <span class='ocr_line' id='line_1_10' title="bbox 650 1079 2219 1148; baseline -0.004 -10"><span class='ocrx_word' id='word_1_57' title='bbox 650 1085 756 1138; x_wconf 86' lang='lat' dir='ltr'><strong>nis.</strong></span> <span class='ocrx_word' id='word_1_58' title='bbox 789 1082 854 1137; x_wconf 79' lang='lat' dir='ltr'><strong>Et</strong></span> <span class='ocrx_word' id='word_1_59' title='bbox 873 1084 926 1137; x_wconf 92' lang='lat' dir='ltr'><strong>in</strong></span> <span class='ocrx_word' id='word_1_60' title='bbox 942 1081 1180 1136; x_wconf 87' lang='lat' dir='ltr'><strong>secunda</strong></span> <span class='ocrx_word' id='word_1_61' title='bbox 1196 1081 1262 1136; x_wconf 93' lang='lat' dir='ltr'><strong>ad</strong></span> <span class='ocrx_word' id='word_1_62' title='bbox 1277 1080 1527 1134; x_wconf 84' lang='lat' dir='ltr'><strong>eumdem</strong></span> <span class='ocrx_word' id='word_1_63' title='bbox 1543 1079 1863 1134; x_wconf 85' lang='lat' dir='ltr'><strong>Successum</strong></span> <span class='ocrx_word' id='word_1_64' title='bbox 1886 1079 2112 1148; x_wconf 76' lang='lat' dir='ltr'><strong>epistola</strong></span> <span class='ocrx_word' id='word_1_65' title='bbox 2141 1079 2219 1133; x_wconf 91' lang='lat' dir='ltr'><strong>si-</strong></span> 
     </span>
    </p>
   </div>
   <div class='ocr_carea' id='block_1_11' title="bbox 650 1171 2218 1241">
    <p class='ocr_par' dir='ltr' id='par_1_11' title="bbox 650 1171 2218 1241">
     <span class='ocr_line' id='line_1_11' title="bbox 650 1171 2218 1241; baseline -0.003 -10"><span class='ocrx_word' id='word_1_66' title='bbox 650 1177 794 1232; x_wconf 82' lang='lat' dir='ltr'><strong>milia</strong></span> <span class='ocrx_word' id='word_1_67' title='bbox 823 1175 1052 1239; x_wconf 86' lang='lat' dir='ltr'><strong>docens,</strong></span> <span class='ocrx_word' id='word_1_68' title='bbox 1084 1174 1156 1228; x_wconf 88' lang='lat' dir='ltr'><strong>ita</strong></span> <span class='ocrx_word' id='word_1_69' title='bbox 1187 1173 1376 1228; x_wconf 86' lang='lat' dir='ltr'><strong>scribit</strong></span> <span class='ocrx_word' id='word_1_70' title='bbox 1403 1191 1419 1230; x_wconf 85' lang='lat'><strong>:</strong></span> <span class='ocrx_word' id='word_1_71' title='bbox 1458 1203 1529 1212; x_wconf 94' lang='lat'><strong>—</strong></span> <span class='ocrx_word' id='word_1_72' title='bbox 1561 1172 1694 1227; x_wconf 85' lang='lat' dir='ltr'><strong>Nam</strong></span> <span class='ocrx_word' id='word_1_73' title='bbox 1747 1171 2013 1241; x_wconf 80' lang='lat' dir='ltr'><strong>siquidem</strong></span> <span class='ocrx_word' id='word_1_74' title='bbox 2055 1187 2218 1226; x_wconf 85' lang='lat' dir='ltr'><strong>unam</strong></span> 
     </span>
    </p>
   </div>
   <div class='ocr_carea' id='block_1_12' title="bbox 650 1262 2219 1327">
    <p class='ocr_par' dir='ltr' id='par_1_12' title="bbox 650 1262 2219 1327">
     <span class='ocr_line' id='line_1_12' title="bbox 650 1262 2219 1327; baseline -0.005 -4"><span class='ocrx_word' id='word_1_75' title='bbox 650 1269 894 1323; x_wconf 85' lang='lat' dir='ltr'><strong>dicentes</strong></span> <span class='ocrx_word' id='word_1_76' title='bbox 939 1265 1100 1322; x_wconf 81' lang='lat' dir='ltr'><strong>Verbi</strong></span> <span class='ocrx_word' id='word_1_77' title='bbox 1165 1275 1417 1318; x_wconf 88' lang='lat' dir='ltr'><strong>naturam</strong></span> <span class='ocrx_word' id='word_1_78' title='bbox 1468 1264 1860 1327; x_wconf 87' lang='lat' dir='ltr'><strong>tacuissemus,</strong></span> <span class='ocrx_word' id='word_1_79' title='bbox 1915 1278 2023 1316; x_wconf 90' lang='lat' dir='ltr'><strong>non</strong></span> <span class='ocrx_word' id='word_1_80' title='bbox 2077 1262 2219 1316; x_wconf 77' lang='lat' dir='ltr'><strong>infe&quot;-</strong></span> 
     </span>
    </p>
   </div>
   <div class='ocr_carea' id='block_1_13' title="bbox 649 1355 2219 1426">
    <p class='ocr_par' dir='ltr' id='par_1_13' title="bbox 649 1355 2219 1426">
     <span class='ocr_line' id='line_1_13' title="bbox 649 1355 2219 1426; baseline -0.004 -10"><span class='ocrx_word' id='word_1_81' title='bbox 649 1372 865 1425; x_wconf 89' lang='lat' dir='ltr'><strong>rentes,</strong></span> <span class='ocrx_word' id='word_1_82' title='bbox 897 1361 1265 1422; x_wconf 72' lang='lat' dir='ltr'><strong>incantatam,</strong></span> <span class='ocrx_word' id='word_1_83' title='bbox 1311 1357 1404 1412; x_wconf 92' lang='lat' dir='ltr'><strong>sed</strong></span> <span class='ocrx_word' id='word_1_84' title='bbox 1433 1356 1586 1426; x_wconf 90' lang='lat' dir='ltr'><strong>quasi</strong></span> <span class='ocrx_word' id='word_1_85' title='bbox 1619 1365 1770 1410; x_wconf 75' lang='lat' dir='ltr'><strong>extra</strong></span> <span class='ocrx_word' id='word_1_86' title='bbox 1810 1365 2078 1425; x_wconf 86' lang='lat' dir='ltr'><strong>ponentes</strong></span> <span class='ocrx_word' id='word_1_87' title='bbox 2104 1355 2219 1410; x_wconf 89' lang='lat' dir='ltr'><strong>dis-</strong></span> 
     </span>
    </p>
   </div>
   <div class='ocr_carea' id='block_1_14' title="bbox 649 1447 2220 1523">
    <p class='ocr_par' dir='ltr' id='par_1_14' title="bbox 649 1447 2220 1523">
     <span class='ocr_line' id='line_1_14' title="bbox 649 1447 2220 1523; baseline -0.004 -14"><span class='ocrx_word' id='word_1_88' title='bbox 649 1454 1063 1523; x_wconf 86' lang='lat' dir='ltr'><strong>pensationem;</strong></span> <span class='ocrx_word' id='word_1_89' title='bbox 1093 1459 1212 1506; x_wconf 85' lang='lat' dir='ltr'><strong>erat</strong></span> <span class='ocrx_word' id='word_1_90' title='bbox 1241 1450 1343 1510; x_wconf 86' lang='lat' dir='ltr'><strong>illis</strong></span> <span class='ocrx_word' id='word_1_91' title='bbox 1388 1449 1612 1504; x_wconf 85' lang='lat' dir='ltr'><strong>forsitan</strong></span> <span class='ocrx_word' id='word_1_92' title='bbox 1645 1457 1699 1503; x_wconf 87' lang='lat' dir='ltr'><strong>et</strong></span> <span class='ocrx_word' id='word_1_93' title='bbox 1726 1447 2037 1502; x_wconf 81' lang='lat' dir='ltr'><strong>verisimilis</strong></span> <span class='ocrx_word' id='word_1_94' title='bbox 2082 1447 2220 1503; x_wconf 86' lang='lat' dir='ltr'><strong>ratio</strong></span> 
     </span>
    </p>
   </div>
   <div class='ocr_carea' id='block_1_15' title="bbox 649 1541 2221 1616">
    <p class='ocr_par' dir='ltr' id='par_1_15' title="bbox 649 1541 2221 1616">
     <span class='ocr_line' id='line_1_15' title="bbox 649 1541 2221 1616; baseline -0.003 -16"><span class='ocrx_word' id='word_1_95' title='bbox 649 1545 1090 1616; x_wconf 77' lang='lat' dir='ltr'><strong>conﬁngentibus</strong></span> <span class='ocrx_word' id='word_1_96' title='bbox 1147 1543 1518 1612; x_wconf 79' lang='lat' dir='ltr'><strong>interrogare,</strong></span> <span class='ocrx_word' id='word_1_97' title='bbox 1569 1541 1660 1596; x_wconf 93' lang='lat' dir='ltr'><strong>ubi</strong></span> <span class='ocrx_word' id='word_1_98' title='bbox 1714 1541 1978 1612; x_wconf 86' lang='lat' dir='ltr'><strong>perfectio</strong></span> <span class='ocrx_word' id='word_1_99' title='bbox 2025 1541 2080 1594; x_wconf 93' lang='lat' dir='ltr'><strong>in</strong></span> <span class='ocrx_word' id='word_1_100' title='bbox 2125 1542 2221 1595; x_wconf 90' lang='lat' dir='ltr'><strong>hu-</strong></span> 
     </span>
    </p>
   </div>
   <div class='ocr_carea' id='block_1_16' title="bbox 651 1632 2221 1706">
    <p class='ocr_par' dir='ltr' id='par_1_16' title="bbox 651 1632 2221 1706">
     <span class='ocr_line' id='line_1_16' title="bbox 651 1632 2221 1706; baseline -0.002 -15"><span class='ocrx_word' id='word_1_101' title='bbox 651 1638 912 1692; x_wconf 89' lang='lat' dir='ltr'><strong>manitate</strong></span> <span class='ocrx_word' id='word_1_102' title='bbox 932 1676 947 1701; x_wconf 94' lang='lat'><strong>,</strong></span> <span class='ocrx_word' id='word_1_103' title='bbox 978 1636 1063 1691; x_wconf 90' lang='lat' dir='ltr'><strong>vel</strong></span> <span class='ocrx_word' id='word_1_104' title='bbox 1091 1635 1362 1705; x_wconf 89' lang='lat' dir='ltr'><strong>quomodo</strong></span> <span class='ocrx_word' id='word_1_105' title='bbox 1391 1635 1636 1688; x_wconf 86' lang='lat' dir='ltr'><strong>subsistit</strong></span> <span class='ocrx_word' id='word_1_106' title='bbox 1664 1632 1950 1706; x_wconf 81' lang='lat' dir='ltr'><strong>[substitit]</strong></span> <span class='ocrx_word' id='word_1_107' title='bbox 1985 1635 2221 1689; x_wconf 88' lang='lat' dir='ltr'><strong>humana</strong></span> 
     </span>
    </p>
   </div>
   <div class='ocr_carea' id='block_1_17' title="bbox 649 1726 2220 1797">
    <p class='ocr_par' dir='ltr' id='par_1_17' title="bbox 649 1726 2220 1797">
     <span class='ocr_line' id='line_1_17' title="bbox 649 1726 2220 1797; baseline -0.003 -12"><span class='ocrx_word' id='word_1_108' title='bbox 649 1743 831 1785; x_wconf 86' lang='lat' dir='ltr'><strong>nostra</strong></span> <span class='ocrx_word' id='word_1_109' title='bbox 862 1729 1202 1785; x_wconf 88' lang='lat' dir='ltr'><strong>substantia?</strong></span> <span class='ocrx_word' id='word_1_110' title='bbox 1236 1727 1502 1794; x_wconf 85' lang='lat' dir='ltr'><strong>Quoniam</strong></span> <span class='ocrx_word' id='word_1_111' title='bbox 1553 1736 1733 1780; x_wconf 90' lang='lat' dir='ltr'><strong>autem</strong></span> <span class='ocrx_word' id='word_1_112' title='bbox 1780 1736 1836 1782; x_wconf 89' lang='lat' dir='ltr'><strong>et</strong></span> <span class='ocrx_word' id='word_1_113' title='bbox 1873 1726 2136 1797; x_wconf 91' lang='lat' dir='ltr'><strong>perfectio</strong></span> <span class='ocrx_word' id='word_1_114' title='bbox 2164 1727 2220 1781; x_wconf 92' lang='lat' dir='ltr'><strong>in</strong></span> 
     </span>
    </p>
   </div>
   <div class='ocr_carea' id='block_1_18' title="bbox 651 1820 2221 1889">
    <p class='ocr_par' dir='ltr' id='par_1_18' title="bbox 651 1820 2221 1889">
     <span class='ocr_line' id='line_1_18' title="bbox 651 1820 2221 1889; baseline -0.001 -11"><span class='ocrx_word' id='word_1_115' title='bbox 651 1823 1025 1889; x_wconf 81' lang='lat' dir='ltr'><strong>humanitate,</strong></span> <span class='ocrx_word' id='word_1_116' title='bbox 1079 1832 1138 1878; x_wconf 85' lang='lat' dir='ltr'><strong>et</strong></span> <span class='ocrx_word' id='word_1_117' title='bbox 1197 1830 1398 1876; x_wconf 71' lang='lat' dir='ltr'><strong>nostra:</strong></span> <span class='ocrx_word' id='word_1_118' title='bbox 1453 1820 1775 1875; x_wconf 75' lang='lat' dir='ltr'><strong>Substa-ntia:</strong></span> <span class='ocrx_word' id='word_1_119' title='bbox 1829 1820 2221 1876; x_wconf 87' lang='lat' dir='ltr'><strong>demonstratio</strong></span> 
     </span>
    </p>
   </div>
   <div class='ocr_carea' id='block_1_19' title="bbox 650 1912 2220 1978">
    <p class='ocr_par' dir='ltr' id='par_1_19' title="bbox 650 1912 2220 1978">
     <span class='ocr_line' id='line_1_19' title="bbox 650 1912 2220 1978; baseline -0.002 -8"><span class='ocrx_word' id='word_1_120' title='bbox 650 1916 953 1973; x_wconf 86' lang='lat' dir='ltr'><strong>introducta</strong></span> <span class='ocrx_word' id='word_1_121' title='bbox 981 1923 1096 1978; x_wconf 92' lang='lat' dir='ltr'><strong>est,</strong></span> <span class='ocrx_word' id='word_1_122' title='bbox 1126 1913 1391 1977; x_wconf 84' lang='lat' dir='ltr'><strong>dicendo,</strong></span> <span class='ocrx_word' id='word_1_123' title='bbox 1426 1912 1786 1975; x_wconf 85' lang='lat' dir='ltr'><strong>incarnatam,</strong></span> <span class='ocrx_word' id='word_1_124' title='bbox 1820 1923 2038 1968; x_wconf 86' lang='lat' dir='ltr'><strong>cessent</strong></span> <span class='ocrx_word' id='word_1_125' title='bbox 2057 1927 2220 1968; x_wconf 88' lang='lat' dir='ltr'><strong>arun-</strong></span> 
     </span>
    </p>
   </div>
   <div class='ocr_carea' id='block_1_20' title="bbox 582 1992 2217 2079">
    <p class='ocr_par' dir='ltr' id='par_1_20' title="bbox 582 1992 2217 2079">
     <span class='ocr_line' id='line_1_20' title="bbox 582 1992 2217 2079; baseline -0.002 -16"><span class='ocrx_word' id='word_1_126' title='bbox 582 1992 586 1996; x_wconf 52' lang='grc'><strong>’</strong></span> <span class='ocrx_word' id='word_1_127' title='bbox 647 2009 862 2063; x_wconf 89' lang='lat' dir='ltr'><strong>dineam</strong></span> <span class='ocrx_word' id='word_1_128' title='bbox 894 2008 1094 2079; x_wconf 74' lang='lat' dir='ltr'><strong>virgam</strong></span> <span class='ocrx_word' id='word_1_129' title='bbox 1126 2007 1226 2061; x_wconf 89' lang='lat' dir='ltr'><strong>sibi</strong></span> <span class='ocrx_word' id='word_1_130' title='bbox 1273 2012 1664 2075; x_wconf 85' lang='lat' dir='ltr'><strong>supponentes.</strong></span> <span class='ocrx_word' id='word_1_131' title='bbox 1713 2004 2028 2074; x_wconf 87' lang='lat' dir='ltr'><strong>Ejicientem</strong></span> <span class='ocrx_word' id='word_1_132' title='bbox 2072 2007 2217 2061; x_wconf 90' lang='lat' dir='ltr'><strong>enim</strong></span> 
     </span>
    </p>
   </div>
   <div class='ocr_carea' id='block_1_21' title="bbox 647 2098 2218 2171">
    <p class='ocr_par' dir='ltr' id='par_1_21' title="bbox 647 2098 2218 2171">
     <span class='ocr_line' id='line_1_21' title="bbox 647 2098 2218 2171; baseline -0.001 -16"><span class='ocrx_word' id='word_1_133' title='bbox 647 2100 1140 2171; x_wconf 84' lang='lat' dir='ltr'><strong>dispensationem,</strong></span> <span class='ocrx_word' id='word_1_134' title='bbox 1203 2108 1258 2153; x_wconf 92' lang='lat' dir='ltr'><strong>et</strong></span> <span class='ocrx_word' id='word_1_135' title='bbox 1328 2099 1687 2169; x_wconf 79' lang='lat' dir='ltr'><strong>abnegantem</strong></span> <span class='ocrx_word' id='word_1_136' title='bbox 1747 2098 2218 2165; x_wconf 87' lang='lat' dir='ltr'><strong>incarnationem,</strong></span> 
     </span>
    </p>
   </div>
   <div class='ocr_carea' id='block_1_22' title="bbox 648 2183 2220 2264">
    <p class='ocr_par' dir='ltr' id='par_1_22' title="bbox 648 2183 2220 2264">
     <span class='ocr_line' id='line_1_22' title="bbox 648 2183 2220 2264; baseline 0 -17"><span class='ocrx_word' id='word_1_137' title='bbox 648 2195 937 2264; x_wconf 86' lang='lat' dir='ltr'><strong>oportebat</strong></span> <span class='ocrx_word' id='word_1_138' title='bbox 961 2193 1114 2264; x_wconf 50' lang='lat' dir='ltr'><strong>iuste,</strong></span> <span class='ocrx_word' id='word_1_139' title='bbox 1154 2190 1428 2255; x_wconf 88' lang='lat' dir='ltr'><strong>accusari,</strong></span> <span class='ocrx_word' id='word_1_140' title='bbox 1479 2190 1818 2245; x_wconf 89' lang='lat' dir='ltr'><strong>auferentem</strong></span> <span class='ocrx_word' id='word_1_141' title='bbox 1866 2206 1896 2246; x_wconf 89' lang='lat' dir='ltr'><strong>a</strong></span> <span class='ocrx_word' id='word_1_142' title='bbox 1933 2183 2067 2247; x_wconf 84' lang='lat' dir='ltr'><strong>Filio</strong></span> <span class='ocrx_word' id='word_1_143' title='bbox 2095 2207 2220 2262; x_wconf 82' lang='lat' dir='ltr'><strong>per-</strong></span> 
     </span>
    </p>
   </div>
   <div class='ocr_carea' id='block_1_23' title="bbox 652 2283 2222 2355">
    <p class='ocr_par' dir='ltr' id='par_1_23' title="bbox 652 2283 2222 2355">
     <span class='ocr_line' id='line_1_23' title="bbox 652 2283 2222 2355; baseline -0.001 -15"><span class='ocrx_word' id='word_1_144' title='bbox 652 2288 847 2342; x_wconf 85' lang='lat' dir='ltr'><strong>l&#39;ectam</strong></span> <span class='ocrx_word' id='word_1_145' title='bbox 874 2284 1289 2340; x_wconf 84' lang='lat' dir='ltr'><strong>humanitatem.</strong></span> <span class='ocrx_word' id='word_1_146' title='bbox 1334 2283 1430 2338; x_wconf 85' lang='lat' dir='ltr'><strong>Sin</strong></span> <span class='ocrx_word' id='word_1_147' title='bbox 1481 2292 1662 2337; x_wconf 88' lang='lat' dir='ltr'><strong>autem</strong></span> <span class='ocrx_word' id='word_1_148' title='bbox 1699 2283 1783 2354; x_wconf 90' lang='lat' dir='ltr'><strong>(ut</strong></span> <span class='ocrx_word' id='word_1_149' title='bbox 1811 2284 1942 2355; x_wconf 78' lang='lat' dir='ltr'><strong>dixi)</strong></span> <span class='ocrx_word' id='word_1_150' title='bbox 1972 2285 2222 2339; x_wconf 88' lang='lat' dir='ltr'><strong>incarna-</strong></span> 
     </span>
    </p>
   </div>
   <div class='ocr_carea' id='block_1_24' title="bbox 651 2376 2222 2450">
    <p class='ocr_par' dir='ltr' id='par_1_24' title="bbox 651 2376 2222 2450">
     <span class='ocr_line' id='line_1_24' title="bbox 651 2376 2222 2450; baseline 0 -18"><span class='ocrx_word' id='word_1_151' title='bbox 651 2391 766 2433; x_wconf 86' lang='lat' dir='ltr'><strong>tmn</strong></span> <span class='ocrx_word' id='word_1_152' title='bbox 798 2393 918 2433; x_wconf 91' lang='lat' dir='ltr'><strong>esse</strong></span> <span class='ocrx_word' id='word_1_153' title='bbox 960 2377 1193 2432; x_wconf 91' lang='lat' dir='ltr'><strong>dicendo</strong></span> <span class='ocrx_word' id='word_1_154' title='bbox 1223 2377 1395 2446; x_wconf 85' lang='lat' dir='ltr'><strong>ipsum</strong></span> <span class='ocrx_word' id='word_1_155' title='bbox 1417 2417 1432 2442; x_wconf 92' lang='lat'><strong>,</strong></span> <span class='ocrx_word' id='word_1_156' title='bbox 1481 2376 1764 2430; x_wconf 88' lang='lat' dir='ltr'><strong>manifesta</strong></span> <span class='ocrx_word' id='word_1_157' title='bbox 1794 2387 1877 2431; x_wconf 92' lang='lat' dir='ltr'><strong>est</strong></span> <span class='ocrx_word' id='word_1_158' title='bbox 1908 2386 1964 2432; x_wconf 88' lang='lat' dir='ltr'><strong>et</strong></span> <span class='ocrx_word' id='word_1_159' title='bbox 2002 2377 2222 2450; x_wconf 83' lang='lat' dir='ltr'><strong>indubi-</strong></span> 
     </span>
    </p>
   </div>
   <div class='ocr_carea' id='block_1_25' title="bbox 652 2467 2220 2541">
    <p class='ocr_par' dir='ltr' id='par_1_25' title="bbox 652 2467 2220 2541">
     <span class='ocr_line' id='line_1_25' title="bbox 652 2467 2220 2541; baseline -0.001 -15"><span class='ocrx_word' id='word_1_160' title='bbox 652 2471 831 2526; x_wconf 88' lang='lat' dir='ltr'><strong>tabilis</strong></span> <span class='ocrx_word' id='word_1_161' title='bbox 858 2469 1160 2534; x_wconf 87' lang='lat' dir='ltr'><strong>confessio,</strong></span> <span class='ocrx_word' id='word_1_162' title='bbox 1193 2468 1336 2538; x_wconf 87' lang='lat' dir='ltr'><strong>quod</strong></span> <span class='ocrx_word' id='word_1_163' title='bbox 1371 2467 1544 2522; x_wconf 81' lang='lat' dir='ltr'><strong>factus</strong></span> <span class='ocrx_word' id='word_1_164' title='bbox 1587 2478 1671 2524; x_wconf 91' lang='lat' dir='ltr'><strong>est</strong></span> <span class='ocrx_word' id='word_1_165' title='bbox 1701 2469 1898 2536; x_wconf 89' lang='lat' dir='ltr'><strong>homo;</strong></span> <span class='ocrx_word' id='word_1_166' title='bbox 1948 2470 2083 2524; x_wconf 84' lang='lat' dir='ltr'><strong>nihil</strong></span> <span class='ocrx_word' id='word_1_167' title='bbox 2113 2471 2220 2541; x_wconf 75' lang='lat' dir='ltr'><strong>lam</strong></span> 
     </span>
    </p>
   </div>
   <div class='ocr_carea' id='block_1_26' title="bbox 652 2561 2222 2633">
    <p class='ocr_par' dir='ltr' id='par_1_26' title="bbox 652 2561 2222 2633">
     <span class='ocr_line' id='line_1_26' title="bbox 652 2561 2222 2633; baseline -0.001 -15"><span class='ocrx_word' id='word_1_168' title='bbox 652 2563 907 2633; x_wconf 87' lang='lat' dir='ltr'><strong>prohibet</strong></span> <span class='ocrx_word' id='word_1_169' title='bbox 958 2561 1281 2631; x_wconf 69' lang='lat' dir='ltr'><strong>intelligere,</strong></span> <span class='ocrx_word' id='word_1_170' title='bbox 1319 2561 1466 2630; x_wconf 91' lang='lat' dir='ltr'><strong>quia,</strong></span> <span class='ocrx_word' id='word_1_171' title='bbox 1519 2576 1643 2615; x_wconf 90' lang='lat' dir='ltr'><strong>cum</strong></span> <span class='ocrx_word' id='word_1_172' title='bbox 1685 2577 1826 2615; x_wconf 89' lang='lat' dir='ltr'><strong>unus</strong></span> <span class='ocrx_word' id='word_1_173' title='bbox 1871 2561 1942 2617; x_wconf 92' lang='lat' dir='ltr'><strong>sit</strong></span> <span class='ocrx_word' id='word_1_174' title='bbox 1979 2572 2034 2617; x_wconf 90' lang='lat' dir='ltr'><strong>et</strong></span> <span class='ocrx_word' id='word_1_175' title='bbox 2077 2564 2222 2618; x_wconf 89' lang='lat' dir='ltr'><strong>solus</strong></span> 
     </span>
    </p>
   </div>
   <div class='ocr_carea' id='block_1_27' title="bbox 655 2653 2224 2724">
    <p class='ocr_par' dir='ltr' id='par_1_27' title="bbox 655 2653 2224 2724">
     <span class='ocr_line' id='line_1_27' title="bbox 655 2653 2224 2724; baseline 0.001 -14"><span class='ocrx_word' id='word_1_176' title='bbox 655 2657 822 2711; x_wconf 81' lang='lat' dir='ltr'><strong>Filius</strong></span> <span class='ocrx_word' id='word_1_177' title='bbox 848 2654 1137 2718; x_wconf 82' lang='lat' dir='ltr'><strong>Christus,</strong></span> <span class='ocrx_word' id='word_1_178' title='bbox 1169 2654 1311 2708; x_wconf 86' lang='lat' dir='ltr'><strong>idem</strong></span> <span class='ocrx_word' id='word_1_179' title='bbox 1345 2653 1460 2724; x_wconf 81' lang='lat' dir='ltr'><strong>ipse</strong></span> <span class='ocrx_word' id='word_1_180' title='bbox 1491 2653 1632 2709; x_wconf 91' lang='lat' dir='ltr'><strong>Deus</strong></span> <span class='ocrx_word' id='word_1_181' title='bbox 1662 2664 1745 2708; x_wconf 88' lang='lat' dir='ltr'><strong>est</strong></span> <span class='ocrx_word' id='word_1_182' title='bbox 1774 2665 1830 2708; x_wconf 92' lang='lat' dir='ltr'><strong>et</strong></span> <span class='ocrx_word' id='word_1_183' title='bbox 1858 2655 2020 2708; x_wconf 89' lang='lat' dir='ltr'><strong>homo</strong></span> <span class='ocrx_word' id='word_1_184' title='bbox 2039 2698 2053 2722; x_wconf 90' lang='lat'><strong>,</strong></span> <span class='ocrx_word' id='word_1_185' title='bbox 2081 2656 2224 2711; x_wconf 88' lang='lat' dir='ltr'><strong>sicut</strong></span> 
     </span>
    </p>
   </div>
   <div class='ocr_carea' id='block_1_28' title="bbox 655 2746 2223 2818">
    <p class='ocr_par' dir='ltr' id='par_1_28' title="bbox 655 2746 2223 2818">
     <span class='ocr_line' id='line_1_28' title="bbox 655 2746 2223 2818; baseline 0.001 -16"><span class='ocrx_word' id='word_1_186' title='bbox 655 2748 711 2802; x_wconf 91' lang='lat' dir='ltr'><strong>in</strong></span> <span class='ocrx_word' id='word_1_187' title='bbox 761 2747 964 2803; x_wconf 88' lang='lat' dir='ltr'><strong>deitate</strong></span> <span class='ocrx_word' id='word_1_188' title='bbox 1007 2747 1312 2817; x_wconf 87' lang='lat' dir='ltr'><strong>perfectus,</strong></span> <span class='ocrx_word' id='word_1_189' title='bbox 1371 2746 1444 2800; x_wconf 89' lang='lat' dir='ltr'><strong>ita</strong></span> <span class='ocrx_word' id='word_1_190' title='bbox 1501 2755 1557 2801; x_wconf 90' lang='lat' dir='ltr'><strong>et</strong></span> <span class='ocrx_word' id='word_1_191' title='bbox 1607 2746 1661 2800; x_wconf 91' lang='lat' dir='ltr'><strong>in</strong></span> <span class='ocrx_word' id='word_1_192' title='bbox 1714 2747 2050 2802; x_wconf 71' lang='grc' dir='ltr'><strong>Ιιυιηιιη-ἱιιιιο</strong></span> <span class='ocrx_word' id='word_1_193' title='bbox 2095 2763 2223 2818; x_wconf 85' lang='lat' dir='ltr'><strong>per-</strong></span> 
     </span>
    </p>
   </div>
   <div class='ocr_carea' id='block_1_29' title="bbox 653 2838 2221 2910">
    <p class='ocr_par' dir='ltr' id='par_1_29' title="bbox 653 2838 2221 2910">
     <span class='ocr_line' id='line_1_29' title="bbox 653 2838 2221 2910; baseline 0.001 -15"><span class='ocrx_word' id='word_1_194' title='bbox 653 2841 850 2895; x_wconf 87' lang='lat' dir='ltr'><strong>fectus.</strong></span> <span class='ocrx_word' id='word_1_195' title='bbox 907 2838 1224 2894; x_wconf 81' lang='lat' dir='ltr'><strong>Rectissime</strong></span> <span class='ocrx_word' id='word_1_196' title='bbox 1269 2845 1449 2893; x_wconf 87' lang='lat' dir='ltr'><strong>autem</strong></span> <span class='ocrx_word' id='word_1_197' title='bbox 1485 2847 1542 2893; x_wconf 88' lang='lat' dir='ltr'><strong>et</strong></span> <span class='ocrx_word' id='word_1_198' title='bbox 1594 2839 1755 2894; x_wconf 91' lang='lat' dir='ltr'><strong>nimis</strong></span> <span class='ocrx_word' id='word_1_199' title='bbox 1797 2841 2094 2910; x_wconf 86' lang='lat' dir='ltr'><strong>prudenter</strong></span> <span class='ocrx_word' id='word_1_200' title='bbox 2132 2851 2221 2897; x_wconf 88' lang='lat' dir='ltr'><strong>tua</strong></span> 
     </span>
    </p>
   </div>
   <div class='ocr_carea' id='block_1_30' title="bbox 655 2931 2220 3004">
    <p class='ocr_par' dir='ltr' id='par_1_30' title="bbox 655 2931 2220 3004">
     <span class='ocr_line' id='line_1_30' title="bbox 655 2931 2220 3004; baseline 0.001 -17"><span class='ocrx_word' id='word_1_201' title='bbox 655 2931 918 3002; x_wconf 79' lang='lat' dir='ltr'><strong>perfectio</strong></span> <span class='ocrx_word' id='word_1_202' title='bbox 969 2931 1039 2986; x_wconf 89' lang='lat' dir='ltr'><strong>de</strong></span> <span class='ocrx_word' id='word_1_203' title='bbox 1088 2931 1310 2986; x_wconf 88' lang='lat' dir='ltr'><strong>salutari</strong></span> <span class='ocrx_word' id='word_1_204' title='bbox 1368 2931 1617 3001; x_wconf 86' lang='lat' dir='ltr'><strong>passione</strong></span> <span class='ocrx_word' id='word_1_205' title='bbox 1665 2933 1929 2987; x_wconf 87' lang='lat' dir='ltr'><strong>rationem</strong></span> <span class='ocrx_word' id='word_1_206' title='bbox 1959 2934 2220 3004; x_wconf 74' lang='lat' dir='ltr'><strong>exponit,</strong></span> 
     </span>
    </p>
   </div>
   <div class='ocr_carea' id='block_1_31' title="bbox 652 3024 2224 3096">
    <p class='ocr_par' dir='ltr' id='par_1_31' title="bbox 652 3024 2224 3096">
     <span class='ocr_line' id='line_1_31' title="bbox 652 3024 2224 3096; baseline 0.001 -16"><span class='ocrx_word' id='word_1_207' title='bbox 652 3041 762 3080; x_wconf 87' lang='lat' dir='ltr'><strong>non</strong></span> <span class='ocrx_word' id='word_1_208' title='bbox 789 3026 966 3095; x_wconf 88' lang='lat' dir='ltr'><strong>ipsum</strong></span> <span class='ocrx_word' id='word_1_209' title='bbox 991 3024 1326 3094; x_wconf 78' lang='lat' dir='ltr'><strong>unigenitum</strong></span> <span class='ocrx_word' id='word_1_210' title='bbox 1360 3024 1554 3080; x_wconf 80' lang='lat' dir='ltr'><strong>Filium</strong></span> <span class='ocrx_word' id='word_1_211' title='bbox 1587 3024 1714 3088; x_wconf 93' lang='lat' dir='ltr'><strong>Dei,</strong></span> <span class='ocrx_word' id='word_1_212' title='bbox 1743 3026 2041 3080; x_wconf 87' lang='lat' dir='ltr'><strong>secundum</strong></span> <span class='ocrx_word' id='word_1_213' title='bbox 2080 3028 2224 3096; x_wconf 85' lang='lat' dir='ltr'><strong>quod</strong></span> 
     </span>
    </p>
   </div>
   <div class='ocr_carea' id='block_1_32' title="bbox 654 3115 2222 3188">
    <p class='ocr_par' dir='ltr' id='par_1_32' title="bbox 654 3115 2222 3188">
     <span class='ocr_line' id='line_1_32' title="bbox 654 3115 2222 3188; baseline 0.001 -16"><span class='ocrx_word' id='word_1_214' title='bbox 654 3117 972 3188; x_wconf 78' lang='lat' dir='ltr'><strong>intelligitur</strong></span> <span class='ocrx_word' id='word_1_215' title='bbox 999 3128 1056 3172; x_wconf 91' lang='lat' dir='ltr'><strong>et</strong></span> <span class='ocrx_word' id='word_1_216' title='bbox 1098 3127 1183 3171; x_wconf 89' lang='lat' dir='ltr'><strong>est</strong></span> <span class='ocrx_word' id='word_1_217' title='bbox 1216 3115 1388 3180; x_wconf 86' lang='lat' dir='ltr'><strong>Deus,</strong></span> <span class='ocrx_word' id='word_1_218' title='bbox 1419 3118 1619 3187; x_wconf 88' lang='lat' dir='ltr'><strong>passim</strong></span> <span class='ocrx_word' id='word_1_219' title='bbox 1665 3134 1786 3172; x_wconf 92' lang='lat' dir='ltr'><strong>esse</strong></span> <span class='ocrx_word' id='word_1_220' title='bbox 1822 3119 1874 3172; x_wconf 92' lang='lat' dir='ltr'><strong>in</strong></span> <span class='ocrx_word' id='word_1_221' title='bbox 1905 3135 2001 3173; x_wconf 83' lang='lat' dir='ltr'><strong>sua</strong></span> <span class='ocrx_word' id='word_1_222' title='bbox 2030 3128 2222 3174; x_wconf 83' lang='lat' dir='ltr'><strong>natura</strong></span> 
     </span>
    </p>
   </div>
   <div class='ocr_carea' id='block_1_33' title="bbox 651 3210 2222 3282">
    <p class='ocr_par' dir='ltr' id='par_1_33' title="bbox 651 3210 2222 3282">
     <span class='ocr_line' id='line_1_33' title="bbox 651 3210 2222 3282; baseline 0.002 -19"><span class='ocrx_word' id='word_1_223' title='bbox 651 3222 775 3279; x_wconf 66' lang='lat' dir='ltr'><strong>quae</strong></span> <span class='ocrx_word' id='word_1_224' title='bbox 801 3219 928 3264; x_wconf 88' lang='lat' dir='ltr'><strong>sunt</strong></span> <span class='ocrx_word' id='word_1_225' title='bbox 976 3210 1222 3279; x_wconf 90' lang='lat' dir='ltr'><strong>corporis</strong></span> <span class='ocrx_word' id='word_1_226' title='bbox 1247 3211 1549 3276; x_wconf 87' lang='lat' dir='ltr'><strong>aiiirmans,</strong></span> <span class='ocrx_word' id='word_1_227' title='bbox 1583 3211 1751 3281; x_wconf 79' lang='lat' dir='ltr'><strong>magis</strong></span> <span class='ocrx_word' id='word_1_228' title='bbox 1792 3222 1972 3266; x_wconf 90' lang='lat' dir='ltr'><strong>autem</strong></span> <span class='ocrx_word' id='word_1_229' title='bbox 2001 3227 2222 3282; x_wconf 87' lang='lat' dir='ltr'><strong>passum</strong></span> 
     </span>
    </p>
   </div>
   <div class='ocr_carea' id='block_1_34' title="bbox 2403 605 3854 685">
    <p class='ocr_par' dir='ltr' id='par_1_34' title="bbox 2403 605 3854 685">
     <span class='ocr_line' id='line_1_34' title="bbox 2403 605 3854 685; baseline 0.008 -29"><span class='ocrx_word' id='word_1_230' title='bbox 2403 623 2421 656; x_wconf 79' lang='grc' dir='ltr'><strong>ι</strong></span> <span class='ocrx_word' id='word_1_231' title='bbox 2445 605 2544 660; x_wconf 81' lang='grc' dir='ltr'><strong>Διὰ</strong></span> <span class='ocrx_word' id='word_1_232' title='bbox 2575 607 2780 661; x_wconf 84' lang='grc' dir='ltr'><strong>τούτων</strong></span> <span class='ocrx_word' id='word_1_233' title='bbox 2803 606 2858 660; x_wconf 80' lang='grc' dir='ltr'><strong>δὲ</strong></span> <span class='ocrx_word' id='word_1_234' title='bbox 2884 608 2914 660; x_wconf 99' lang='lat'><strong>6</strong></span> <span class='ocrx_word' id='word_1_235' title='bbox 2940 605 3130 678; x_wconf 85' lang='grc' dir='ltr'><strong>Πατὴρ</strong></span> <span class='ocrx_word' id='word_1_236' title='bbox 3155 606 3245 660; x_wconf 83' lang='grc' dir='ltr'><strong>τὸν</strong></span> <span class='ocrx_word' id='word_1_237' title='bbox 3275 607 3473 678; x_wconf 81' lang='grc' dir='ltr'>τρόπον</span> <span class='ocrx_word' id='word_1_238' title='bbox 3501 607 3599 678; x_wconf 84' lang='grc' dir='ltr'><strong>τῆς</strong></span> <span class='ocrx_word' id='word_1_239' title='bbox 3619 611 3854 685; x_wconf 75' lang='grc' dir='ltr'><strong>ἔνανθρω-</strong></span> 
     </span>
    </p>
   </div>
   <div class='ocr_carea' id='block_1_35' title="bbox 2323 701 3858 777">
    <p class='ocr_par' dir='ltr' id='par_1_35' title="bbox 2323 701 3858 777">
     <span class='ocr_line' id='line_1_35' title="bbox 2323 701 3858 777; baseline 0.006 -24"><span class='ocrx_word' id='word_1_240' title='bbox 2323 701 2541 770; x_wconf 80' lang='grc' dir='ltr'><strong>πήσεως</strong></span> <span class='ocrx_word' id='word_1_241' title='bbox 2573 703 2924 773; x_wconf 75' lang='grc' dir='ltr'><strong>παραστῆσαι</strong></span> <span class='ocrx_word' id='word_1_242' title='bbox 2975 701 3299 772; x_wconf 82' lang='grc' dir='ltr'><strong>βουλόμενος</strong></span> <span class='ocrx_word' id='word_1_243' title='bbox 3348 704 3440 756; x_wconf 75' lang='grc' dir='ltr'><strong>καὶ</strong></span> <span class='ocrx_word' id='word_1_244' title='bbox 3485 704 3546 756; x_wconf 83' lang='grc' dir='ltr'><strong>τὸ</strong></span> <span class='ocrx_word' id='word_1_245' title='bbox 3593 705 3858 777; x_wconf 80' lang='grc' dir='ltr'><strong>ἀδιαίρετον</strong></span> 
     </span>
    </p>
   </div>
   <div class='ocr_carea' id='block_1_36' title="bbox 2322 794 3858 868">
    <p class='ocr_par' dir='ltr' id='par_1_36' title="bbox 2322 794 3858 868">
     <span class='ocr_line' id='line_1_36' title="bbox 2322 794 3858 868; baseline 0.004 -20"><span class='ocrx_word' id='word_1_246' title='bbox 2322 796 2417 848; x_wconf 80' lang='grc' dir='ltr'><strong>καὶ</strong></span> <span class='ocrx_word' id='word_1_247' title='bbox 2446 794 2750 866; x_wconf 82' lang='grc' dir='ltr'><strong>άσύγχυτον</strong></span> <span class='ocrx_word' id='word_1_248' title='bbox 2779 797 3064 865; x_wconf 82' lang='grc' dir='ltr'><strong>φυλάττων</strong></span> <span class='ocrx_word' id='word_1_249' title='bbox 3099 798 3194 851; x_wconf 79' lang='grc' dir='ltr'><strong>καὶ</strong></span> <span class='ocrx_word' id='word_1_250' title='bbox 3235 799 3325 850; x_wconf 78' lang='grc' dir='ltr'><strong>τὸν</strong></span> <span class='ocrx_word' id='word_1_251' title='bbox 3369 797 3600 868; x_wconf 77' lang='grc' dir='ltr'><strong>ἀριθμὸν</strong></span> <span class='ocrx_word' id='word_1_252' title='bbox 3626 800 3728 853; x_wconf 84' lang='grc' dir='ltr'><strong>τῶν</strong></span> <span class='ocrx_word' id='word_1_253' title='bbox 3753 818 3858 855; x_wconf 71' lang='grc' dir='ltr'><strong>συνε-</strong></span> 
     </span>
    </p>
   </div>
   <div class='ocr_carea' id='block_1_37' title="bbox 2320 888 3858 965">
    <p class='ocr_par' dir='ltr' id='par_1_37' title="bbox 2320 888 3858 965">
     <span class='ocr_line' id='line_1_37' title="bbox 2320 888 3858 965; baseline 0.004 -24"><span class='ocrx_word' id='word_1_254' title='bbox 2320 888 2591 942; x_wconf 84' lang='grc' dir='ltr'><strong>ελθουσῶν</strong></span> <span class='ocrx_word' id='word_1_255' title='bbox 2619 890 2833 957; x_wconf 88' lang='grc' dir='ltr'><strong>φύσεων</strong></span> <span class='ocrx_word' id='word_1_256' title='bbox 2861 890 3028 955; x_wconf 73' lang='grc' dir='ltr'><strong>ἔδειξε</strong></span> <span class='ocrx_word' id='word_1_257' title='bbox 3077 892 3172 944; x_wconf 78' lang='grc' dir='ltr'><strong>καὶ</strong></span> <span class='ocrx_word' id='word_1_258' title='bbox 3218 891 3315 944; x_wconf 72' lang='grc' dir='ltr'><strong>ἕνα</strong></span> <span class='ocrx_word' id='word_1_259' title='bbox 3344 892 3578 962; x_wconf 77' lang='grc' dir='ltr'><strong>Χριστὸν</strong></span> <span class='ocrx_word' id='word_1_260' title='bbox 3606 894 3858 965; x_wconf 78' lang='grc' dir='ltr'><strong>ἐκήρυξεν,</strong></span> 
     </span>
    </p>
   </div>
   <div class='ocr_carea' id='block_1_38' title="bbox 2320 977 3860 1058">
    <p class='ocr_par' dir='ltr' id='par_1_38' title="bbox 2320 977 3860 1058">
     <span class='ocr_line' id='line_1_38' title="bbox 2320 977 3860 1058; baseline 0.005 -28"><span class='ocrx_word' id='word_1_261' title='bbox 2320 977 2435 1031; x_wconf 79' lang='grc' dir='ltr'><strong>ἀλλ’</strong></span> <span class='ocrx_word' id='word_1_262' title='bbox 2461 979 2581 1048; x_wconf 80' lang='grc' dir='ltr'><strong>οὐχὶ</strong></span> <span class='ocrx_word' id='word_1_263' title='bbox 2610 978 2738 1049; x_wconf 86' lang='grc' dir='ltr'><strong>μίαν</strong></span> <span class='ocrx_word' id='word_1_264' title='bbox 2760 979 2922 1049; x_wconf 87' lang='grc' dir='ltr'><strong>φύσιν</strong></span> <span class='ocrx_word' id='word_1_265' title='bbox 2955 979 3208 1050; x_wconf 82' lang='grc' dir='ltr'><strong>θεότητος</strong></span> <span class='ocrx_word' id='word_1_266' title='bbox 3237 983 3330 1050; x_wconf 73' lang='grc' dir='ltr'><strong>καὶ</strong></span> <span class='ocrx_word' id='word_1_267' title='bbox 3365 983 3586 1052; x_wconf 84' lang='grc' dir='ltr'><strong>σαρκός.</strong></span> <span class='ocrx_word' id='word_1_268' title='bbox 3611 984 3711 1037; x_wconf 78' lang='grc' dir='ltr'><strong>Καὶ</strong></span> <span class='ocrx_word' id='word_1_269' title='bbox 3737 986 3786 1036; x_wconf 83' lang='grc' dir='ltr'><strong>ἐν</strong></span> <span class='ocrx_word' id='word_1_270' title='bbox 3805 988 3860 1058; x_wconf 71' lang='grc' dir='ltr'><strong>τῇ</strong></span> 
     </span>
    </p>
   </div>
   <div class='ocr_carea' id='block_1_39' title="bbox 2320 1071 3862 1149">
    <p class='ocr_par' dir='ltr' id='par_1_39' title="bbox 2320 1071 3862 1149">
     <span class='ocr_line' id='line_1_39' title="bbox 2320 1071 3862 1149; baseline 0.005 -25"><span class='ocrx_word' id='word_1_271' title='bbox 2320 1071 2548 1144; x_wconf 76' lang='grc' dir='ltr'><strong>δευτέρᾳ</strong></span> <span class='ocrx_word' id='word_1_272' title='bbox 2570 1073 2626 1126; x_wconf 82' lang='grc' dir='ltr'><strong>δὲ</strong></span> <span class='ocrx_word' id='word_1_273' title='bbox 2644 1074 2689 1105; x_wconf 75' lang='grc'><strong>³⁸</strong></span> <span class='ocrx_word' id='word_1_274' title='bbox 2723 1075 2858 1145; x_wconf 76' lang='grc' dir='ltr'><strong>πρὸς</strong></span> <span class='ocrx_word' id='word_1_275' title='bbox 2900 1072 2988 1126; x_wconf 81' lang='grc' dir='ltr'><strong>τὸν</strong></span> <span class='ocrx_word' id='word_1_276' title='bbox 3023 1074 3188 1126; x_wconf 82' lang='grc' dir='ltr'><strong>αὑτὸν</strong></span> <span class='ocrx_word' id='word_1_277' title='bbox 3216 1074 3515 1128; x_wconf 86' lang='grc' dir='ltr'><strong>Σούκενσον</strong></span> <span class='ocrx_word' id='word_1_278' title='bbox 3543 1078 3780 1149; x_wconf 78' lang='grc' dir='ltr'><strong>ἐπιστολῇ</strong></span> <span class='ocrx_word' id='word_1_279' title='bbox 3806 1080 3862 1132; x_wconf 78' lang='grc' dir='ltr'><strong>τὰ</strong></span> 
     </span>
    </p>
   </div>
   <div class='ocr_carea' id='block_1_40' title="bbox 2320 1166 3862 1240">
    <p class='ocr_par' dir='ltr' id='par_1_40' title="bbox 2320 1166 3862 1240">
     <span class='ocr_line' id='line_1_40' title="bbox 2320 1166 3862 1240; baseline 0.004 -22"><span class='ocrx_word' id='word_1_280' title='bbox 2320 1167 2674 1237; x_wconf 82' lang='grc' dir='ltr'><strong>παραπλήσια</strong></span> <span class='ocrx_word' id='word_1_281' title='bbox 2714 1166 2982 1221; x_wconf 80' lang='grc' dir='ltr'><strong>διδάσκων</strong></span> <span class='ocrx_word' id='word_1_282' title='bbox 3005 1167 3206 1237; x_wconf 75' lang='grc' dir='ltr'><strong>γράφει</strong></span> <span class='ocrx_word' id='word_1_283' title='bbox 3235 1168 3429 1232; x_wconf 72' lang='grc' dir='ltr'><strong>οὕτως*</strong></span> <span class='ocrx_word' id='word_1_284' title='bbox 3461 1201 3529 1211; x_wconf 91' lang='grc'><strong>--</strong></span> <span class='ocrx_word' id='word_1_285' title='bbox 3561 1171 3623 1224; x_wconf 80' lang='lat' dir='ltr'><strong>Ei</strong></span> <span class='ocrx_word' id='word_1_286' title='bbox 3655 1171 3744 1240; x_wconf 80' lang='grc' dir='ltr'><strong>μὲν</strong></span> <span class='ocrx_word' id='word_1_287' title='bbox 3773 1171 3862 1239; x_wconf 66' lang='grc' dir='ltr'><strong>γὰρ</strong></span> 
     </span>
    </p>
   </div>
   <div class='ocr_carea' id='block_1_41' title="bbox 2324 1259 3862 1333">
    <p class='ocr_par' dir='ltr' id='par_1_41' title="bbox 2324 1259 3862 1333">
     <span class='ocr_line' id='line_1_41' title="bbox 2324 1259 3862 1333; baseline 0.003 -21"><span class='ocrx_word' id='word_1_288' title='bbox 2324 1259 2454 1330; x_wconf 88' lang='grc' dir='ltr'><strong>μίαν</strong></span> <span class='ocrx_word' id='word_1_289' title='bbox 2500 1260 2748 1324; x_wconf 79' lang='grc' dir='ltr'><strong>εἰπόντες</strong></span> <span class='ocrx_word' id='word_1_290' title='bbox 2795 1259 2889 1312; x_wconf 88' lang='grc' dir='ltr'><strong>τοῦ</strong></span> <span class='ocrx_word' id='word_1_291' title='bbox 2937 1261 3110 1328; x_wconf 85' lang='grc' dir='ltr'><strong>Λόγου</strong></span> <span class='ocrx_word' id='word_1_292' title='bbox 3157 1261 3321 1330; x_wconf 85' lang='grc' dir='ltr'><strong>φύσιν</strong></span> <span class='ocrx_word' id='word_1_293' title='bbox 3367 1265 3750 1333; x_wconf 81' lang='grc' dir='ltr'><strong>σεσιγήκαμεν,</strong></span> <span class='ocrx_word' id='word_1_294' title='bbox 3779 1266 3862 1318; x_wconf 80' lang='grc' dir='ltr'><strong>οὐκ</strong></span> 
     </span>
    </p>
   </div>
   <div class='ocr_carea' id='block_1_42' title="bbox 2323 1350 3864 1424">
    <p class='ocr_par' dir='ltr' id='par_1_42' title="bbox 2323 1350 3864 1424">
     <span class='ocr_line' id='line_1_42' title="bbox 2323 1350 3864 1424; baseline 0.004 -20"><span class='ocrx_word' id='word_1_295' title='bbox 2323 1353 2710 1420; x_wconf 77' lang='grc' dir='ltr'><strong>ἐπενεγκόντες</strong></span> <span class='ocrx_word' id='word_1_296' title='bbox 2740 1353 2820 1418; x_wconf 82' lang='grc' dir='ltr'><strong>τὸ,</strong></span> <span class='ocrx_word' id='word_1_297' title='bbox 2853 1356 3354 1424; x_wconf 74' lang='grc' dir='ltr'><strong>σεσαρκωμένην,</strong></span> <span class='ocrx_word' id='word_1_298' title='bbox 3377 1356 3491 1410; x_wconf 77' lang='grc' dir='ltr'><strong>ἀλλ’</strong></span> <span class='ocrx_word' id='word_1_299' title='bbox 3525 1350 3634 1410; x_wconf 81' lang='grc' dir='ltr'><strong>οἷον</strong></span> <span class='ocrx_word' id='word_1_300' title='bbox 3655 1358 3751 1424; x_wconf 78' lang='grc' dir='ltr'><strong>ἔξω</strong></span> <span class='ocrx_word' id='word_1_301' title='bbox 3770 1357 3864 1410; x_wconf 82' lang='grc' dir='ltr'><strong>Θέν-</strong></span> 
     </span>
    </p>
   </div>
   <div class='ocr_carea' id='block_1_43' title="bbox 2319 1442 3864 1518">
    <p class='ocr_par' dir='ltr' id='par_1_43' title="bbox 2319 1442 3864 1518">
     <span class='ocr_line' id='line_1_43' title="bbox 2319 1442 3864 1518; baseline 0.004 -22"><span class='ocrx_word' id='word_1_302' title='bbox 2319 1459 2412 1508; x_wconf 88' lang='grc' dir='ltr'><strong>τες</strong></span> <span class='ocrx_word' id='word_1_303' title='bbox 2429 1445 2474 1476; x_wconf 71' lang='grc'><strong>’³</strong></span> <span class='ocrx_word' id='word_1_304' title='bbox 2512 1445 2609 1516; x_wconf 78' lang='grc' dir='ltr'><strong>τὴν</strong></span> <span class='ocrx_word' id='word_1_305' title='bbox 2650 1445 2982 1515; x_wconf 76' lang='grc' dir='ltr'><strong>οἰκονομίαν,</strong></span> <span class='ocrx_word' id='word_1_306' title='bbox 3009 1442 3078 1517; x_wconf 80' lang='grc' dir='ltr'><strong>ἦν</strong></span> <span class='ocrx_word' id='word_1_307' title='bbox 3125 1449 3310 1512; x_wconf 79' lang='grc' dir='ltr'><strong>αὐτοῖς</strong></span> <span class='ocrx_word' id='word_1_308' title='bbox 3350 1449 3492 1518; x_wconf 83' lang='grc' dir='ltr'><strong>τάχα</strong></span> <span class='ocrx_word' id='word_1_309' title='bbox 3540 1466 3642 1501; x_wconf 86' lang='grc' dir='ltr'><strong>που</strong></span> <span class='ocrx_word' id='word_1_310' title='bbox 3673 1451 3759 1502; x_wconf 79' lang='grc' dir='ltr'><strong>καὶ</strong></span> <span class='ocrx_word' id='word_1_311' title='bbox 3781 1450 3864 1502; x_wconf 77' lang='grc' dir='ltr'><strong>οὐκ</strong></span> 
     </span>
    </p>
   </div>
   <div class='ocr_carea' id='block_1_44' title="bbox 2319 1535 3864 1613">
    <p class='ocr_par' dir='ltr' id='par_1_44' title="bbox 2319 1535 3864 1613">
     <span class='ocr_line' id='line_1_44' title="bbox 2319 1535 3864 1613; baseline 0.003 -24"><span class='ocrx_word' id='word_1_312' title='bbox 2319 1535 2582 1600; x_wconf 74' lang='grc' dir='ltr'><strong>ἀπίθανος</strong></span> <span class='ocrx_word' id='word_1_313' title='bbox 2602 1537 2646 1568; x_wconf 79' lang='grc'><strong>⁸⁸</strong></span> <span class='ocrx_word' id='word_1_314' title='bbox 2679 1539 2706 1590; x_wconf 94' lang='lat'><strong>6</strong></span> <span class='ocrx_word' id='word_1_315' title='bbox 2739 1537 2895 1606; x_wconf 79' lang='grc' dir='ltr'><strong>λόγος</strong></span> <span class='ocrx_word' id='word_1_316' title='bbox 2926 1541 3415 1610; x_wconf 81' lang='grc' dir='ltr'><strong>προσποιουμένοις</strong></span> <span class='ocrx_word' id='word_1_317' title='bbox 3445 1543 3655 1613; x_wconf 79' lang='grc' dir='ltr'><strong>ἐρωτᾷν</strong></span> <span class='ocrx_word' id='word_1_318' title='bbox 3690 1540 3782 1594; x_wconf 84' lang='grc' dir='ltr'><strong>ποῦ</strong></span> <span class='ocrx_word' id='word_1_319' title='bbox 3814 1542 3864 1594; x_wconf 81' lang='grc' dir='ltr'><strong>τὸ</strong></span> 
     </span>
    </p>
   </div>
   <div class='ocr_carea' id='block_1_45' title="bbox 2320 1629 3864 1703">
    <p class='ocr_par' dir='ltr' id='par_1_45' title="bbox 2320 1629 3864 1703">
     <span class='ocr_line' id='line_1_45' title="bbox 2320 1629 3864 1703; baseline 0.001 -22"><span class='ocrx_word' id='word_1_320' title='bbox 2320 1629 2525 1682; x_wconf 82' lang='grc' dir='ltr'><strong>τέλειον</strong></span> <span class='ocrx_word' id='word_1_321' title='bbox 2559 1631 2617 1682; x_wconf 82' lang='grc' dir='ltr'><strong>ἐν</strong></span> <span class='ocrx_word' id='word_1_322' title='bbox 2650 1629 3031 1701; x_wconf 82' lang='grc' dir='ltr'><strong>ἀνθρωπότητι</strong></span> <span class='ocrx_word' id='word_1_323' title='bbox 3070 1629 3101 1702; x_wconf 77' lang='grc' dir='ltr'>ἢ</span> <span class='ocrx_word' id='word_1_324' title='bbox 3133 1630 3193 1684; x_wconf 82' lang='grc' dir='ltr'><strong>τὸ</strong></span> <span class='ocrx_word' id='word_1_325' title='bbox 3223 1632 3343 1694; x_wconf 86' lang='grc' dir='ltr'><strong>πῶς</strong></span> <span class='ocrx_word' id='word_1_326' title='bbox 3369 1632 3674 1703; x_wconf 74' lang='grc' dir='ltr'><strong>ὑφέστηκεν</strong></span> <span class='ocrx_word' id='word_1_327' title='bbox 3701 1634 3730 1703; x_wconf 77' lang='grc' dir='ltr'>ὴ</span> <span class='ocrx_word' id='word_1_328' title='bbox 3755 1629 3864 1685; x_wconf 82' lang='grc' dir='ltr'><strong>καθ’</strong></span> 
     </span>
    </p>
   </div>
   <div class='ocr_carea' id='block_1_46' title="bbox 2321 1721 3866 1794">
    <p class='ocr_par' dir='ltr' id='par_1_46' title="bbox 2321 1721 3866 1794">
     <span class='ocr_line' id='line_1_46' title="bbox 2321 1721 3866 1794; baseline -0.001 -18"><span class='ocrx_word' id='word_1_329' title='bbox 2321 1724 2468 1794; x_wconf 76' lang='grc' dir='ltr'><strong>ἡμᾶς</strong></span> <span class='ocrx_word' id='word_1_330' title='bbox 2500 1722 2904 1794; x_wconf 78' lang='grc' dir='ltr'><strong>ούσία.Ἑπειδὴ</strong></span> <span class='ocrx_word' id='word_1_331' title='bbox 2937 1721 2992 1775; x_wconf 84' lang='grc' dir='ltr'><strong>δὲ</strong></span> <span class='ocrx_word' id='word_1_332' title='bbox 3018 1724 3114 1776; x_wconf 81' lang='grc' dir='ltr'><strong>καὶ</strong></span> <span class='ocrx_word' id='word_1_333' title='bbox 3144 1724 3177 1790; x_wconf 82' lang='grc' dir='ltr'>ἡ</span> <span class='ocrx_word' id='word_1_334' title='bbox 3207 1724 3263 1775; x_wconf 84' lang='grc' dir='ltr'><strong>ἐν</strong></span> <span class='ocrx_word' id='word_1_335' title='bbox 3287 1723 3664 1794; x_wconf 84' lang='grc' dir='ltr'><strong>ἀνθρωπότητι</strong></span> <span class='ocrx_word' id='word_1_336' title='bbox 3694 1723 3866 1776; x_wconf 77' lang='grc' dir='ltr'><strong>τελειό-</strong></span> 
     </span>
    </p>
   </div>
   <div class='ocr_carea' id='block_1_47' title="bbox 2319 1811 3865 1894">
    <p class='ocr_par' dir='ltr' id='par_1_47' title="bbox 2319 1811 3865 1894">
     <span class='ocr_line' id='line_1_47' title="bbox 2319 1811 3865 1894; baseline -0.001 -26"><span class='ocrx_word' id='word_1_337' title='bbox 2319 1833 2421 1885; x_wconf 85' lang='grc' dir='ltr'><strong>της</strong></span> <span class='ocrx_word' id='word_1_338' title='bbox 2451 1817 2543 1868; x_wconf 71' lang='grc' dir='ltr'><strong>καὶ</strong></span> <span class='ocrx_word' id='word_1_339' title='bbox 2584 1815 2686 1886; x_wconf 83' lang='grc' dir='ltr'><strong>τῆς</strong></span> <span class='ocrx_word' id='word_1_340' title='bbox 2715 1811 2834 1869; x_wconf 81' lang='grc' dir='ltr'><strong>καθ’</strong></span> <span class='ocrx_word' id='word_1_341' title='bbox 2862 1817 3008 1887; x_wconf 79' lang='grc' dir='ltr'><strong>ἡμᾶς</strong></span> <span class='ocrx_word' id='word_1_342' title='bbox 3043 1815 3232 1879; x_wconf 79' lang='grc' dir='ltr'><strong>οὐσίας</strong></span> <span class='ocrx_word' id='word_1_343' title='bbox 3260 1817 3291 1884; x_wconf 79' lang='grc' dir='ltr'><strong>ἠ</strong></span> <span class='ocrx_word' id='word_1_344' title='bbox 3319 1814 3553 1886; x_wconf 84' lang='grc' dir='ltr'><strong>δήλωσις</strong></span> <span class='ocrx_word' id='word_1_345' title='bbox 3591 1817 3865 1894; x_wconf 81' lang='grc' dir='ltr'><strong>εἰσκεκόμι-</strong></span> 
     </span>
    </p>
   </div>
   <div class='ocr_carea' id='block_1_48' title="bbox 2325 1905 3864 1978">
    <p class='ocr_par' dir='ltr' id='par_1_48' title="bbox 2325 1905 3864 1978">
     <span class='ocr_line' id='line_1_48' title="bbox 2325 1905 3864 1978; baseline -0.001 -18"><span class='ocrx_word' id='word_1_346' title='bbox 2325 1925 2443 1960; x_wconf 86' lang='grc' dir='ltr'><strong>σται</strong></span> <span class='ocrx_word' id='word_1_347' title='bbox 2487 1907 2576 1961; x_wconf 83' lang='grc' dir='ltr'><strong>διὰ</strong></span> <span class='ocrx_word' id='word_1_348' title='bbox 2617 1907 2712 1960; x_wconf 89' lang='grc' dir='ltr'><strong>τοῦ</strong></span> <span class='ocrx_word' id='word_1_349' title='bbox 2758 1908 2938 1975; x_wconf 85' lang='grc' dir='ltr'><strong>λέγειν</strong></span> <span class='ocrx_word' id='word_1_350' title='bbox 2988 1909 3436 1978; x_wconf 74' lang='grc' dir='ltr'><strong>σεσαρκωμένην,</strong></span> <span class='ocrx_word' id='word_1_351' title='bbox 3493 1905 3864 1960; x_wconf 75' lang='grc' dir='ltr'><strong>παυσάσθωσαν</strong></span> 
     </span>
    </p>
   </div>
   <div class='ocr_carea' id='block_1_49' title="bbox 2324 1997 3864 2072">
    <p class='ocr_par' dir='ltr' id='par_1_49' title="bbox 2324 1997 3864 2072">
     <span class='ocr_line' id='line_1_49' title="bbox 2324 1997 3864 2072; baseline -0.002 -20"><span class='ocrx_word' id='word_1_352' title='bbox 2324 1999 2630 2070; x_wconf 86' lang='grc' dir='ltr'><strong>καλαμίνην</strong></span> <span class='ocrx_word' id='word_1_353' title='bbox 2673 1999 2869 2072; x_wconf 72' lang='grc' dir='ltr'><strong>ῥάϐδον</strong></span> <span class='ocrx_word' id='word_1_354' title='bbox 2908 2001 3119 2063; x_wconf 80' lang='grc' dir='ltr'><strong>ἑαυτοῖς</strong></span> <span class='ocrx_word' id='word_1_355' title='bbox 3168 2001 3595 2070; x_wconf 79' lang='grc' dir='ltr'><strong>ὑποστήσαντες.</strong></span> <span class='ocrx_word' id='word_1_356' title='bbox 3637 1998 3734 2051; x_wconf 89' lang='grc' dir='ltr'><strong>Τοῦ</strong></span> <span class='ocrx_word' id='word_1_357' title='bbox 3775 1997 3864 2067; x_wconf 80' lang='grc' dir='ltr'><strong>γὰρ</strong></span> 
     </span>
    </p>
   </div>
   <div class='ocr_carea' id='block_1_50' title="bbox 2321 2089 3866 2164">
    <p class='ocr_par' dir='ltr' id='par_1_50' title="bbox 2321 2089 3866 2164">
     <span class='ocr_line' id='line_1_50' title="bbox 2321 2089 3866 2164; baseline -0.001 -18"><span class='ocrx_word' id='word_1_358' title='bbox 2321 2091 2672 2155; x_wconf 74' lang='grc' dir='ltr'><strong>ἑκϐάλλοντος</strong></span> <span class='ocrx_word' id='word_1_359' title='bbox 2698 2091 2796 2164; x_wconf 80' lang='grc' dir='ltr'><strong>τὴν</strong></span> <span class='ocrx_word' id='word_1_360' title='bbox 2819 2092 3129 2162; x_wconf 76' lang='grc' dir='ltr'><strong>οἰκονομίαν</strong></span> <span class='ocrx_word' id='word_1_361' title='bbox 3154 2093 3247 2145; x_wconf 64' lang='grc' dir='ltr'><strong>καὶ⁵</strong></span> <span class='ocrx_word' id='word_1_362' title='bbox 3272 2095 3608 2162; x_wconf 83' lang='grc' dir='ltr'><strong>ἀρνουμένου</strong></span> <span class='ocrx_word' id='word_1_363' title='bbox 3631 2092 3725 2163; x_wconf 75' lang='grc' dir='ltr'><strong>τὴν</strong></span> <span class='ocrx_word' id='word_1_364' title='bbox 3754 2089 3866 2162; x_wconf 82' lang='grc' dir='ltr'><strong>σάρ-</strong></span> 
     </span>
    </p>
   </div>
   <div class='ocr_carea' id='block_1_51' title="bbox 2321 2180 3865 2257">
    <p class='ocr_par' dir='ltr' id='par_1_51' title="bbox 2321 2180 3865 2257">
     <span class='ocr_line' id='line_1_51' title="bbox 2321 2180 3865 2257; baseline -0.003 -18"><span class='ocrx_word' id='word_1_365' title='bbox 2321 2202 2490 2239; x_wconf 81' lang='grc' dir='ltr'><strong>κωσιν</strong></span> <span class='ocrx_word' id='word_1_366' title='bbox 2523 2180 2590 2257; x_wconf 81' lang='grc' dir='ltr'><strong>ἦν</strong></span> <span class='ocrx_word' id='word_1_367' title='bbox 2617 2185 2677 2238; x_wconf 80' lang='grc' dir='ltr'><strong>τὸ</strong></span> <span class='ocrx_word' id='word_1_368' title='bbox 2702 2184 3298 2250; x_wconf 82' lang='grc' dir='ltr'><strong>ἐγκαλεῖσθαι’δικαίο›ς</strong></span> <span class='ocrx_word' id='word_1_369' title='bbox 3316 2186 3359 2218; x_wconf 87' lang='grc'><strong>³¹</strong></span> <span class='ocrx_word' id='word_1_370' title='bbox 3394 2185 3471 2249; x_wconf 83' lang='grc' dir='ltr'><strong>ὠς</strong></span> <span class='ocrx_word' id='word_1_371' title='bbox 3498 2183 3865 2257; x_wconf 74' lang='grc' dir='ltr'><strong>ἀφαιρουμένου</strong></span> 
     </span>
    </p>
   </div>
   <div class='ocr_carea' id='block_1_52' title="bbox 2321 2260 3866 2350">
    <p class='ocr_par' dir='ltr' id='par_1_52' title="bbox 2321 2260 3866 2350">
     <span class='ocr_line' id='line_1_52' title="bbox 2321 2260 3866 2350; baseline -0.007 -17"><span class='ocrx_word' id='word_1_372' title='bbox 2321 2260 2477 2350; x_wconf 79' lang='lat'><strong>351</strong></span> <span class='ocrx_word' id='word_1_373' title='bbox 2509 2279 2600 2331; x_wconf 74' lang='grc' dir='ltr'><strong>τὸν</strong></span> <span class='ocrx_word' id='word_1_374' title='bbox 2630 2278 2754 2331; x_wconf 75' lang='grc' dir='ltr'><strong>Υίδν</strong></span> <span class='ocrx_word' id='word_1_375' title='bbox 2791 2278 2890 2348; x_wconf 83' lang='grc' dir='ltr'><strong>τῆς</strong></span> <span class='ocrx_word' id='word_1_376' title='bbox 2915 2277 3125 2340; x_wconf 78' lang='grc' dir='ltr'><strong>τελείας</strong></span> <span class='ocrx_word' id='word_1_377' title='bbox 3149 2277 3590 2348; x_wconf 73' lang='grc' dir='ltr'><strong>ἀνθρωπότητος.</strong></span> <span class='ocrx_word' id='word_1_378' title='bbox 3624 2278 3684 2330; x_wconf 79' lang='lat' dir='ltr'><strong>Et</strong></span> <span class='ocrx_word' id='word_1_379' title='bbox 3710 2275 3779 2338; x_wconf 81' lang='grc' dir='ltr'><strong>δὲ,</strong></span> <span class='ocrx_word' id='word_1_380' title='bbox 3804 2274 3866 2337; x_wconf 81' lang='grc' dir='ltr'><strong>ὡς</strong></span> 
     </span>
    </p>
   </div>
   <div class='ocr_carea' id='block_1_53' title="bbox 2314 2369 3866 2442">
    <p class='ocr_par' dir='ltr' id='par_1_53' title="bbox 2314 2369 3866 2442">
     <span class='ocr_line' id='line_1_53' title="bbox 2314 2369 3866 2442; baseline -0.003 -19"><span class='ocrx_word' id='word_1_381' title='bbox 2314 2372 2480 2440; x_wconf 75' lang='grc' dir='ltr'><strong>ἔφην,</strong></span> <span class='ocrx_word' id='word_1_382' title='bbox 2510 2372 2567 2424; x_wconf 81' lang='grc' dir='ltr'><strong>ὲν</strong></span> <span class='ocrx_word' id='word_1_383' title='bbox 2591 2371 2670 2440; x_wconf 84' lang='grc' dir='ltr'><strong>τῷ</strong></span> <span class='ocrx_word' id='word_1_384' title='bbox 2702 2370 3081 2442; x_wconf 85' lang='grc' dir='ltr'><strong>σεσαρκῶσθαι</strong></span> <span class='ocrx_word' id='word_1_385' title='bbox 3121 2369 3302 2437; x_wconf 86' lang='grc' dir='ltr'><strong>λέγειν</strong></span> <span class='ocrx_word' id='word_1_386' title='bbox 3348 2369 3515 2423; x_wconf 79' lang='grc' dir='ltr'><strong>αὐτὸν</strong></span> <span class='ocrx_word' id='word_1_387' title='bbox 3547 2369 3719 2440; x_wconf 81' lang='grc' dir='ltr'><strong>σαφής</strong></span> <span class='ocrx_word' id='word_1_388' title='bbox 3741 2369 3866 2420; x_wconf 71' lang='grc' dir='ltr'><strong>ἐστιν</strong></span> 
     </span>
    </p>
   </div>
   <div class='ocr_carea' id='block_1_54' title="bbox 2321 2466 3906 2538">
    <p class='ocr_par' dir='ltr' id='par_1_54' title="bbox 2321 2466 3906 2538">
     <span class='ocr_line' id='line_1_54' title="bbox 2321 2466 3906 2538; baseline -0.003 -15"><span class='ocrx_word' id='word_1_389' title='bbox 2321 2470 2414 2523; x_wconf 67' lang='grc' dir='ltr'><strong>καὶ</strong></span> <span class='ocrx_word' id='word_1_390' title='bbox 2440 2467 2806 2538; x_wconf 76' lang='grc' dir='ltr'><strong>άναμφίϐολος</strong></span> <span class='ocrx_word' id='word_1_391' title='bbox 2834 2468 3093 2538; x_wconf 83' lang='grc' dir='ltr'><strong>ὁμολογία</strong></span> <span class='ocrx_word' id='word_1_392' title='bbox 3121 2466 3215 2520; x_wconf 84' lang='grc' dir='ltr'><strong>τοῦ</strong></span> <span class='ocrx_word' id='word_1_393' title='bbox 3237 2468 3318 2520; x_wconf 81' lang='grc' dir='ltr'><strong>ὅτι</strong></span> <span class='ocrx_word' id='word_1_394' title='bbox 3342 2466 3568 2536; x_wconf 88' lang='grc' dir='ltr'><strong>γέγονεν</strong></span> <span class='ocrx_word' id='word_1_395' title='bbox 3593 2466 3864 2536; x_wconf 80' lang='grc' dir='ltr'><strong>ἄνθρωπος.</strong></span> <span class='ocrx_word' id='word_1_396' title='bbox 3903 2471 3906 2479; x_wconf 89' lang='grc'><strong><em>“</em></strong></span> 
     </span>
    </p>
   </div>
   <div class='ocr_carea' id='block_1_55' title="bbox 2322 2557 3864 2632">
    <p class='ocr_par' dir='ltr' id='par_1_55' title="bbox 2322 2557 3864 2632">
     <span class='ocr_line' id='line_1_55' title="bbox 2322 2557 3864 2632; baseline -0.006 -15"><span class='ocrx_word' id='word_1_397' title='bbox 2322 2561 2472 2617; x_wconf 80' lang='grc' dir='ltr'><strong>οὐδὲν</strong></span> <span class='ocrx_word' id='word_1_398' title='bbox 2501 2560 2699 2614; x_wconf 84' lang='grc' dir='ltr'><strong>κωλύει</strong></span> <span class='ocrx_word' id='word_1_399' title='bbox 2729 2563 2868 2614; x_wconf 88' lang='grc' dir='ltr'><strong>νοεῖν</strong></span> <span class='ocrx_word' id='word_1_400' title='bbox 2897 2561 2973 2624; x_wconf 87' lang='grc' dir='ltr'><strong>ὡς</strong></span> <span class='ocrx_word' id='word_1_401' title='bbox 3006 2557 3086 2624; x_wconf 78' lang='grc' dir='ltr'><strong>εἷς</strong></span> <span class='ocrx_word' id='word_1_402' title='bbox 3116 2560 3376 2630; x_wconf 76' lang='grc' dir='ltr'><strong>ὑπάρχων</strong></span> <span class='ocrx_word' id='word_1_403' title='bbox 3402 2561 3500 2612; x_wconf 80' lang='grc' dir='ltr'><strong>καὶ</strong></span> <span class='ocrx_word' id='word_1_404' title='bbox 3527 2560 3684 2632; x_wconf 85' lang='grc' dir='ltr'><strong>μόνος</strong></span> <span class='ocrx_word' id='word_1_405' title='bbox 3715 2557 3864 2619; x_wconf 79' lang='grc' dir='ltr'><strong>Υἰὸςὸ</strong></span> 
     </span>
    </p>
   </div>
   <div class='ocr_carea' id='block_1_56' title="bbox 2321 2648 3867 2726">
    <p class='ocr_par' dir='ltr' id='par_1_56' title="bbox 2321 2648 3867 2726">
     <span class='ocr_line' id='line_1_56' title="bbox 2321 2648 3867 2726; baseline -0.005 -19"><span class='ocrx_word' id='word_1_406' title='bbox 2321 2653 2552 2726; x_wconf 79' lang='grc' dir='ltr'><strong>Χριστὸς</strong></span> <span class='ocrx_word' id='word_1_407' title='bbox 2590 2656 2617 2706; x_wconf 92' lang='lat'><strong>6</strong></span> <span class='ocrx_word' id='word_1_408' title='bbox 2653 2653 2814 2715; x_wconf 77' lang='grc' dir='ltr'><strong>αὐτὸς</strong></span> <span class='ocrx_word' id='word_1_409' title='bbox 2847 2653 2979 2716; x_wconf 84' lang='grc' dir='ltr'><strong>Θεός</strong></span> <span class='ocrx_word' id='word_1_410' title='bbox 3003 2655 3120 2705; x_wconf 82' lang='grc' dir='ltr'><strong>ἐστι</strong></span> <span class='ocrx_word' id='word_1_411' title='bbox 3151 2653 3243 2705; x_wconf 78' lang='grc' dir='ltr'><strong>καὶ</strong></span> <span class='ocrx_word' id='word_1_412' title='bbox 3269 2651 3578 2722; x_wconf 76' lang='grc' dir='ltr'><strong>ἄνθρωπος,</strong></span> <span class='ocrx_word' id='word_1_413' title='bbox 3611 2649 3784 2719; x_wconf 82' lang='grc' dir='ltr'><strong>ὥσπερ</strong></span> <span class='ocrx_word' id='word_1_414' title='bbox 3820 2648 3867 2699; x_wconf 81' lang='grc' dir='ltr'><strong>ὲν</strong></span> 
     </span>
    </p>
   </div>
   <div class='ocr_carea' id='block_1_57' title="bbox 2324 2740 3863 2816">
    <p class='ocr_par' dir='ltr' id='par_1_57' title="bbox 2324 2740 3863 2816">
     <span class='ocr_line' id='line_1_57' title="bbox 2324 2740 3863 2816; baseline -0.003 -19"><span class='ocrx_word' id='word_1_415' title='bbox 2324 2743 2537 2814; x_wconf 82' lang='grc' dir='ltr'><strong>θεότητι</strong></span> <span class='ocrx_word' id='word_1_416' title='bbox 2574 2743 2798 2806; x_wconf 84' lang='grc' dir='ltr'><strong>τέλειος,</strong></span> <span class='ocrx_word' id='word_1_417' title='bbox 2831 2741 2974 2794; x_wconf 65' lang='grc' dir='ltr'><strong>οὕτω</strong></span> <span class='ocrx_word' id='word_1_418' title='bbox 3021 2742 3116 2796; x_wconf 75' lang='grc' dir='ltr'><strong>καὶ</strong></span> <span class='ocrx_word' id='word_1_419' title='bbox 3153 2743 3210 2794; x_wconf 85' lang='grc' dir='ltr'><strong>ἐν</strong></span> <span class='ocrx_word' id='word_1_420' title='bbox 3253 2742 3631 2816; x_wconf 79' lang='grc' dir='ltr'><strong>άνθρωπότητι</strong></span> <span class='ocrx_word' id='word_1_421' title='bbox 3671 2740 3863 2800; x_wconf 80' lang='grc' dir='ltr'><strong>τέλειος.</strong></span> 
     </span>
    </p>
   </div>
   <div class='ocr_carea' id='block_1_58' title="bbox 2335 2831 3866 2906">
    <p class='ocr_par' dir='ltr' id='par_1_58' title="bbox 2335 2831 3866 2906">
     <span class='ocr_line' id='line_1_58' title="bbox 2335 2831 3866 2906; baseline -0.004 -18"><span class='ocrx_word' id='word_1_422' title='bbox 2335 2835 2630 2906; x_wconf 82' lang='grc' dir='ltr'><strong>ὐρθότατα</strong></span> <span class='ocrx_word' id='word_1_423' title='bbox 2675 2835 2731 2888; x_wconf 80' lang='grc' dir='ltr'><strong>δὲ</strong></span> <span class='ocrx_word' id='word_1_424' title='bbox 2778 2835 2874 2888; x_wconf 60' lang='grc' dir='ltr'><strong>καὶ⁸</strong></span> <span class='ocrx_word' id='word_1_425' title='bbox 2919 2835 3059 2888; x_wconf 85' lang='grc' dir='ltr'><strong>πάνυ</strong></span> <span class='ocrx_word' id='word_1_426' title='bbox 3113 2834 3347 2898; x_wconf 81' lang='grc' dir='ltr'><strong>συνετῶς</strong></span> <span class='ocrx_word' id='word_1_427' title='bbox 3380 2833 3479 2905; x_wconf 61' lang='lat' dir='ltr'><strong>ﬁ”</strong></span> <span class='ocrx_word' id='word_1_428' title='bbox 3513 2834 3581 2906; x_wconf 83' lang='grc' dir='ltr'><strong>σὴ</strong></span> <span class='ocrx_word' id='word_1_429' title='bbox 3625 2831 3866 2900; x_wconf 80' lang='grc' dir='ltr'><strong>τελειότης</strong></span> 
     </span>
    </p>
   </div>
   <div class='ocr_carea' id='block_1_59' title="bbox 2323 2923 3919 2998">
    <p class='ocr_par' dir='ltr' id='par_1_59' title="bbox 2323 2923 3919 2998">
     <span class='ocr_line' id='line_1_59' title="bbox 2323 2923 3919 2998; baseline -0.004 -17"><span class='ocrx_word' id='word_1_430' title='bbox 2323 2928 2412 2982; x_wconf 69' lang='grc' dir='ltr'><strong>τὸν</strong></span> <span class='ocrx_word' id='word_1_431' title='bbox 2438 2929 2565 2998; x_wconf 74' lang='grc' dir='ltr'><strong>περὶ</strong></span> <span class='ocrx_word' id='word_1_432' title='bbox 2593 2927 2688 2980; x_wconf 87' lang='grc' dir='ltr'><strong>τοῦ</strong></span> <span class='ocrx_word' id='word_1_433' title='bbox 2720 2928 2990 2998; x_wconf 78' lang='grc' dir='ltr'><strong>σωτηρίου</strong></span> <span class='ocrx_word' id='word_1_434' title='bbox 3029 2926 3233 2988; x_wconf 77' lang='grc' dir='ltr'><strong>πάθους</strong></span> <span class='ocrx_word' id='word_1_435' title='bbox 3273 2926 3551 2980; x_wconf 82' lang='grc' dir='ltr'><strong>ἐκτίθεται</strong></span> <span class='ocrx_word' id='word_1_436' title='bbox 3587 2925 3754 2993; x_wconf 87' lang='grc' dir='ltr'><strong>λόγον,</strong></span> <span class='ocrx_word' id='word_1_437' title='bbox 3783 2923 3866 2976; x_wconf 77' lang='grc' dir='ltr'><strong>οὐκ</strong></span> <span class='ocrx_word' id='word_1_438' title='bbox 3910 2970 3919 2983; x_wconf 89' lang='grc'><strong>,</strong></span> 
     </span>
    </p>
   </div>
   <div class='ocr_carea' id='block_1_60' title="bbox 2325 3016 3866 3090">
    <p class='ocr_par' dir='ltr' id='par_1_60' title="bbox 2325 3016 3866 3090">
     <span class='ocr_line' id='line_1_60' title="bbox 2325 3016 3866 3090; baseline -0.005 -16"><span class='ocrx_word' id='word_1_439' title='bbox 2325 3020 2486 3075; x_wconf 69' lang='grc' dir='ltr'><strong>αὑτὸν</strong></span> <span class='ocrx_word' id='word_1_440' title='bbox 2512 3021 2600 3073; x_wconf 69' lang='grc' dir='ltr'><strong>τὸν</strong></span> <span class='ocrx_word' id='word_1_441' title='bbox 2627 3019 2890 3090; x_wconf 85' lang='grc' dir='ltr'><strong>μονογενῆ</strong></span> <span class='ocrx_word' id='word_1_442' title='bbox 2921 3019 3046 3072; x_wconf 78' lang='grc' dir='ltr'><strong>Υἱὸν</strong></span> <span class='ocrx_word' id='word_1_443' title='bbox 3073 3019 3165 3071; x_wconf 88' lang='grc' dir='ltr'><strong>τοῦ</strong></span> <span class='ocrx_word' id='word_1_444' title='bbox 3188 3017 3344 3084; x_wconf 87' lang='grc' dir='ltr'><strong>Θεοῦ,</strong></span> <span class='ocrx_word' id='word_1_445' title='bbox 3374 3019 3498 3071; x_wconf 84' lang='grc' dir='ltr'><strong>καθ’</strong></span> <span class='ocrx_word' id='word_1_446' title='bbox 3523 3019 3552 3072; x_wconf 88' lang='grc' dir='ltr'><strong>ὃ</strong></span> <span class='ocrx_word' id='word_1_447' title='bbox 3583 3020 3770 3071; x_wconf 83' lang='grc' dir='ltr'><strong>νοεῖται</strong></span> <span class='ocrx_word' id='word_1_448' title='bbox 3787 3016 3866 3068; x_wconf 75' lang='grc' dir='ltr'><strong>καὶ</strong></span> 
     </span>
    </p>
   </div>
   <div class='ocr_carea' id='block_1_61' title="bbox 2325 3111 3863 3182">
    <p class='ocr_par' dir='ltr' id='par_1_61' title="bbox 2325 3111 3863 3182">
     <span class='ocr_line' id='line_1_61' title="bbox 2325 3111 3863 3182; baseline -0.003 -16"><span class='ocrx_word' id='word_1_449' title='bbox 2325 3113 2440 3166; x_wconf 78' lang='grc' dir='ltr'><strong>ἔστι</strong></span> <span class='ocrx_word' id='word_1_450' title='bbox 2469 3113 2622 3176; x_wconf 78' lang='grc' dir='ltr'><strong>Θεὸς,</strong></span> <span class='ocrx_word' id='word_1_451' title='bbox 2651 3111 2847 3164; x_wconf 84' lang='grc' dir='ltr'><strong>παθεῖν</strong></span> <span class='ocrx_word' id='word_1_452' title='bbox 2891 3115 2970 3175; x_wconf 85' lang='grc' dir='ltr'><strong>εἰς</strong></span> <span class='ocrx_word' id='word_1_453' title='bbox 3003 3112 3138 3165; x_wconf 87' lang='grc' dir='ltr'><strong>ἰδίαν</strong></span> <span class='ocrx_word' id='word_1_454' title='bbox 3168 3111 3330 3180; x_wconf 75' lang='grc' dir='ltr'><strong>φύσιν</strong></span> <span class='ocrx_word' id='word_1_455' title='bbox 3361 3113 3430 3164; x_wconf 75' lang='grc' dir='ltr'><strong>τὰ</strong></span> <span class='ocrx_word' id='word_1_456' title='bbox 3463 3112 3709 3182; x_wconf 79' lang='grc' dir='ltr'><strong>σώματος</strong></span> <span class='ocrx_word' id='word_1_457' title='bbox 3738 3112 3863 3178; x_wconf 76' lang='grc' dir='ltr'><strong>ἰσχυ-</strong></span> 
     </span>
    </p>
   </div>
   <div class='ocr_carea' id='block_1_62' title="bbox 2328 3201 3865 3279">
    <p class='ocr_par' dir='ltr' id='par_1_62' title="bbox 2328 3201 3865 3279">
     <span class='ocr_line' id='line_1_62' title="bbox 2328 3201 3865 3279; baseline -0.003 -21"><span class='ocrx_word' id='word_1_458' title='bbox 2328 3207 2607 3279; x_wconf 80' lang='grc' dir='ltr'><strong>ριζομένη,</strong></span> <span class='ocrx_word' id='word_1_459' title='bbox 2639 3206 2836 3259; x_wconf 85' lang='grc' dir='ltr'><strong>παθεῖν</strong></span> <span class='ocrx_word' id='word_1_460' title='bbox 2864 3207 2920 3260; x_wconf 89' lang='grc' dir='ltr'><strong>δὲ</strong></span> <span class='ocrx_word' id='word_1_461' title='bbox 2954 3206 3152 3276; x_wconf 84' lang='grc' dir='ltr'><strong>μᾶλλον</strong></span> <span class='ocrx_word' id='word_1_462' title='bbox 3184 3209 3247 3276; x_wconf 82' lang='grc' dir='ltr'><strong>τῇ</strong></span> <span class='ocrx_word' id='word_1_463' title='bbox 3276 3209 3431 3277; x_wconf 79' lang='grc' dir='ltr'><strong>χοῖκῇ</strong></span> <span class='ocrx_word' id='word_1_464' title='bbox 3466 3205 3645 3275; x_wconf 81' lang='grc' dir='ltr'><strong>φύσει.</strong></span> <span class='ocrx_word' id='word_1_465' title='bbox 3675 3205 3758 3255; x_wconf 87' lang='grc' dir='ltr'><strong>Δεῖ</strong></span> <span class='ocrx_word' id='word_1_466' title='bbox 3777 3201 3865 3270; x_wconf 73' lang='grc' dir='ltr'><strong>γὰρ</strong></span> 
     </span>
    </p>
   </div>
   <div class='ocr_carea' id='block_1_63' title="bbox 651 3292 2223 3372">
    <p class='ocr_par' dir='ltr' id='par_1_63' title="bbox 651 3302 2221 3372">
     <span class='ocr_line' id='line_1_63' title="bbox 651 3302 2221 3372; baseline 0.001 -16"><span class='ocrx_word' id='word_1_467' title='bbox 651 3316 776 3356; x_wconf 86' lang='lat' dir='ltr'><strong>esse</strong></span> <span class='ocrx_word' id='word_1_468' title='bbox 807 3309 1020 3357; x_wconf 86' lang='lat' dir='ltr'><strong>terrena</strong></span> <span class='ocrx_word' id='word_1_469' title='bbox 1047 3311 1258 3356; x_wconf 86' lang='lat' dir='ltr'><strong>natura.</strong></span> <span class='ocrx_word' id='word_1_470' title='bbox 1291 3302 1514 3372; x_wconf 88' lang='lat' dir='ltr'><strong>Oportet</strong></span> <span class='ocrx_word' id='word_1_471' title='bbox 1554 3304 1698 3358; x_wconf 88' lang='lat' dir='ltr'><strong>enim</strong></span> <span class='ocrx_word' id='word_1_472' title='bbox 1731 3307 2042 3358; x_wconf 89' lang='lat' dir='ltr'><strong>necessario</strong></span> <span class='ocrx_word' id='word_1_473' title='bbox 2072 3313 2221 3359; x_wconf 88' lang='lat' dir='ltr'><strong>utra-</strong></span> 
     </span>
    </p>
   </div>
   <div class='ocr_carea' id='block_1_64' title="bbox 2323 3292 3866 3372">
    <p class='ocr_par' dir='ltr' id='par_1_64' title="bbox 2325 3292 3866 3368">
     <span class='ocr_line' id='line_1_64' title="bbox 2325 3292 3866 3368; baseline -0.006 -17"><span class='ocrx_word' id='word_1_474' title='bbox 2325 3298 2639 3364; x_wconf 79' lang='grc' dir='ltr'><strong>ἆναγκαίως</strong></span> <span class='ocrx_word' id='word_1_475' title='bbox 2662 3299 2948 3368; x_wconf 79' lang='grc' dir='ltr'><strong>ἀμφότερα</strong></span> <span class='ocrx_word' id='word_1_476' title='bbox 2979 3296 3248 3360; x_wconf 78' lang='grc' dir='ltr'><strong>σώζεσθαι</strong></span> <span class='ocrx_word' id='word_1_477' title='bbox 3277 3296 3356 3367; x_wconf 83' lang='grc' dir='ltr'><strong>τῷ</strong></span> <span class='ocrx_word' id='word_1_478' title='bbox 3384 3297 3467 3349; x_wconf 75' lang='grc' dir='ltr'><strong>ἑνὶ</strong></span> <span class='ocrx_word' id='word_1_479' title='bbox 3489 3299 3583 3350; x_wconf 80' lang='grc' dir='ltr'><strong>καὶ</strong></span> <span class='ocrx_word' id='word_1_480' title='bbox 3602 3293 3735 3350; x_wconf 73' lang='grc' dir='ltr'><strong>κατὰ</strong></span> <span class='ocrx_word' id='word_1_481' title='bbox 3755 3292 3866 3359; x_wconf 60' lang='lat'><strong>611&#39;;-</strong></span> 
     </span>
    </p>
   </div>
   <div class='ocr_carea' id='block_1_65' title="bbox 659 3395 2222 3467">
    <p class='ocr_par' dir='ltr' id='par_1_65' title="bbox 659 3395 2222 3467">
     <span class='ocr_line' id='line_1_65' title="bbox 659 3395 2222 3467; baseline 0.003 -20"><span class='ocrx_word' id='word_1_482' title='bbox 659 3408 768 3462; x_wconf 79' lang='lat' dir='ltr'><strong>que,</strong></span> <span class='ocrx_word' id='word_1_483' title='bbox 792 3396 996 3448; x_wconf 82' lang='lat' dir='ltr'><strong>servari</strong></span> <span class='ocrx_word' id='word_1_484' title='bbox 1031 3395 1125 3448; x_wconf 91' lang='lat' dir='ltr'><strong>uni</strong></span> <span class='ocrx_word' id='word_1_485' title='bbox 1174 3404 1232 3449; x_wconf 88' lang='lat' dir='ltr'><strong>et</strong></span> <span class='ocrx_word' id='word_1_486' title='bbox 1264 3411 1393 3449; x_wconf 88' lang='lat' dir='ltr'><strong>vero</strong></span> <span class='ocrx_word' id='word_1_487' title='bbox 1424 3395 1592 3458; x_wconf 85' lang='lat' dir='ltr'><strong>Filio,</strong></span> <span class='ocrx_word' id='word_1_488' title='bbox 1635 3405 1691 3450; x_wconf 89' lang='lat' dir='ltr'><strong>et</strong></span> <span class='ocrx_word' id='word_1_489' title='bbox 1738 3413 1845 3450; x_wconf 90' lang='lat' dir='ltr'><strong>non</strong></span> <span class='ocrx_word' id='word_1_490' title='bbox 1878 3398 1986 3467; x_wconf 86' lang='lat' dir='ltr'><strong>pati</strong></span> <span class='ocrx_word' id='word_1_491' title='bbox 2029 3413 2222 3452; x_wconf 89' lang='lat' dir='ltr'><strong>secun-</strong></span> 
     </span>
    </p>
   </div>
   <div class='ocr_carea' id='block_1_66' title="bbox 656 3485 2224 3559">
    <p class='ocr_par' dir='ltr' id='par_1_66' title="bbox 656 3485 2224 3559">
     <span class='ocr_line' id='line_1_66' title="bbox 656 3485 2224 3559; baseline 0.002 -20"><span class='ocrx_word' id='word_1_492' title='bbox 656 3486 786 3539; x_wconf 91' lang='lat' dir='ltr'><strong>dum</strong></span> <span class='ocrx_word' id='word_1_493' title='bbox 842 3485 1132 3551; x_wconf 85' lang='lat' dir='ltr'><strong>deitatem,</strong></span> <span class='ocrx_word' id='word_1_494' title='bbox 1164 3493 1220 3540; x_wconf 89' lang='lat' dir='ltr'><strong>et</strong></span> <span class='ocrx_word' id='word_1_495' title='bbox 1267 3485 1372 3540; x_wconf 92' lang='lat' dir='ltr'><strong>dici</strong></span> <span class='ocrx_word' id='word_1_496' title='bbox 1427 3502 1646 3555; x_wconf 86' lang='lat' dir='ltr'><strong>passum</strong></span> <span class='ocrx_word' id='word_1_497' title='bbox 1694 3491 1815 3542; x_wconf 83' lang='lat' dir='ltr'><strong>esse</strong></span> <span class='ocrx_word' id='word_1_498' title='bbox 1857 3489 2104 3543; x_wconf 84' lang='lat' dir='ltr'><strong>eumdem</strong></span> <span class='ocrx_word' id='word_1_499' title='bbox 2141 3490 2224 3559; x_wconf 90' lang='lat' dir='ltr'><strong>ip-</strong></span> 
     </span>
    </p>
   </div>
   <div class='ocr_carea' id='block_1_67' title="bbox 656 3577 2220 3650">
    <p class='ocr_par' dir='ltr' id='par_1_67' title="bbox 656 3577 2220 3650">
     <span class='ocr_line' id='line_1_67' title="bbox 656 3577 2220 3650; baseline 0.004 -21"><span class='ocrx_word' id='word_1_500' title='bbox 656 3589 775 3629; x_wconf 89' lang='lat' dir='ltr'><strong>sum</strong></span> <span class='ocrx_word' id='word_1_501' title='bbox 832 3577 1130 3630; x_wconf 90' lang='lat' dir='ltr'><strong>secundum</strong></span> <span class='ocrx_word' id='word_1_502' title='bbox 1190 3577 1581 3634; x_wconf 82' lang='lat' dir='ltr'><strong>lutinanitatem</strong></span> <span class='ocrx_word' id='word_1_503' title='bbox 1612 3597 1628 3632; x_wconf 86' lang='lat'><strong>:</strong></span> <span class='ocrx_word' id='word_1_504' title='bbox 1665 3579 1836 3648; x_wconf 90' lang='lat' dir='ltr'><strong>ipsius</strong></span> <span class='ocrx_word' id='word_1_505' title='bbox 1877 3581 2023 3634; x_wconf 92' lang='lat' dir='ltr'><strong>enim</strong></span> <span class='ocrx_word' id='word_1_506' title='bbox 2062 3597 2220 3650; x_wconf 85' lang='lat' dir='ltr'><strong>passa</strong></span> 
     </span>
    </p>
   </div>
   <div class='ocr_carea' id='block_1_68' title="bbox 654 3668 2221 3741">
    <p class='ocr_par' dir='ltr' id='par_1_68' title="bbox 654 3668 2221 3741">
     <span class='ocr_line' id='line_1_68' title="bbox 654 3668 2221 3741; baseline 0.005 -21"><span class='ocrx_word' id='word_1_507' title='bbox 654 3676 741 3721; x_wconf 89' lang='lat' dir='ltr'><strong>est</strong></span> <span class='ocrx_word' id='word_1_508' title='bbox 763 3682 907 3722; x_wconf 88' lang='lat' dir='ltr'><strong>caro.</strong></span> <span class='ocrx_word' id='word_1_509' title='bbox 939 3697 1012 3708; x_wconf 89' lang='lat'><strong><em>—</em></strong></span> <span class='ocrx_word' id='word_1_510' title='bbox 1034 3668 1101 3722; x_wconf 88' lang='lat' dir='ltr'><strong>Et</strong></span> <span class='ocrx_word' id='word_1_511' title='bbox 1129 3668 1184 3721; x_wconf 90' lang='lat' dir='ltr'><strong>in</strong></span> <span class='ocrx_word' id='word_1_512' title='bbox 1215 3669 1373 3723; x_wconf 89' lang='lat' dir='ltr'><strong>tertio</strong></span> <span class='ocrx_word' id='word_1_513' title='bbox 1402 3670 1616 3725; x_wconf 76' lang='lat' dir='ltr'><strong>decimo</strong></span> <span class='ocrx_word' id='word_1_514' title='bbox 1644 3671 1817 3740; x_wconf 82' lang='lat' dir='ltr'><strong>capite</strong></span> <span class='ocrx_word' id='word_1_515' title='bbox 1852 3672 2189 3728; x_wconf 88' lang='lat' dir='ltr'><strong>Scholiorum</strong></span> <span class='ocrx_word' id='word_1_516' title='bbox 2207 3715 2221 3741; x_wconf 93' lang='lat'><strong>,</strong></span> 
     </span>
    </p>
   </div>
   <div class='ocr_carea' id='block_1_69' title="bbox 659 3758 2226 3837">
    <p class='ocr_par' dir='ltr' id='par_1_69' title="bbox 659 3758 2226 3837">
     <span class='ocr_line' id='line_1_69' title="bbox 659 3758 2226 3837; baseline 0.008 -27"><span class='ocrx_word' id='word_1_517' title='bbox 659 3758 800 3812; x_wconf 87' lang='lat' dir='ltr'><strong>idem</strong></span> <span class='ocrx_word' id='word_1_518' title='bbox 847 3768 1068 3814; x_wconf 87' lang='lat' dir='ltr'><strong>sanctus</strong></span> <span class='ocrx_word' id='word_1_519' title='bbox 1098 3759 1328 3831; x_wconf 90' lang='lat' dir='ltr'><strong>Cyrillus</strong></span> <span class='ocrx_word' id='word_1_520' title='bbox 1379 3761 1629 3816; x_wconf 87' lang='lat' dir='ltr'><strong>similiter</strong></span> <span class='ocrx_word' id='word_1_521' title='bbox 1673 3764 1924 3832; x_wconf 85' lang='lat' dir='ltr'><strong>rejiciens</strong></span> <span class='ocrx_word' id='word_1_522' title='bbox 1968 3782 2092 3832; x_wconf 90' lang='lat' dir='ltr'><strong>eos,</strong></span> <span class='ocrx_word' id='word_1_523' title='bbox 2133 3768 2226 3837; x_wconf 85' lang='lat' dir='ltr'><strong>qui</strong></span> 
     </span>
    </p>
   </div>
   <div class='ocr_carea' id='block_1_70' title="bbox 655 3850 2227 3925">
    <p class='ocr_par' dir='ltr' id='par_1_70' title="bbox 655 3850 2227 3925">
     <span class='ocr_line' id='line_1_70' title="bbox 655 3850 2227 3925; baseline 0.007 -21"><span class='ocrx_word' id='word_1_524' title='bbox 655 3850 794 3905; x_wconf 87' lang='lat' dir='ltr'><strong>duos</strong></span> <span class='ocrx_word' id='word_1_525' title='bbox 837 3850 975 3906; x_wconf 81' lang='lat' dir='ltr'><strong>filios</strong></span> <span class='ocrx_word' id='word_1_526' title='bbox 1020 3852 1406 3919; x_wconf 87' lang='lat' dir='ltr'><strong>introducunt,</strong></span> <span class='ocrx_word' id='word_1_527' title='bbox 1456 3863 1512 3908; x_wconf 89' lang='lat' dir='ltr'><strong>et</strong></span> <span class='ocrx_word' id='word_1_528' title='bbox 1543 3870 1638 3910; x_wconf 89' lang='lat' dir='ltr'><strong>eos</strong></span> <span class='ocrx_word' id='word_1_529' title='bbox 1680 3856 1770 3925; x_wconf 90' lang='lat' dir='ltr'><strong>qui</strong></span> <span class='ocrx_word' id='word_1_530' title='bbox 1827 3872 1991 3911; x_wconf 91' lang='lat' dir='ltr'><strong>unam</strong></span> <span class='ocrx_word' id='word_1_531' title='bbox 2039 3860 2227 3915; x_wconf 90' lang='lat' dir='ltr'><strong>dicunt</strong></span> 
     </span>
    </p>
   </div>
   <div class='ocr_carea' id='block_1_71' title="bbox 657 3943 2228 4012">
    <p class='ocr_par' dir='ltr' id='par_1_71' title="bbox 657 3943 2228 4012">
     <span class='ocr_line' id='line_1_71' title="bbox 657 3943 2228 4012; baseline 0.004 -16"><span class='ocrx_word' id='word_1_532' title='bbox 657 3952 905 3998; x_wconf 77' lang='lat' dir='ltr'><strong>naturam</strong></span> <span class='ocrx_word' id='word_1_533' title='bbox 949 3943 1164 3998; x_wconf 88' lang='lat' dir='ltr'><strong>deitatis</strong></span> <span class='ocrx_word' id='word_1_534' title='bbox 1200 3955 1256 3998; x_wconf 88' lang='lat' dir='ltr'><strong>et</strong></span> <span class='ocrx_word' id='word_1_535' title='bbox 1297 3945 1475 4000; x_wconf 87' lang='lat' dir='ltr'><strong>carnis</strong></span> <span class='ocrx_word' id='word_1_536' title='bbox 1513 3945 1741 4012; x_wconf 76' lang='lat' dir='ltr'><strong>Christi,</strong></span> <span class='ocrx_word' id='word_1_537' title='bbox 1778 3947 1850 4001; x_wconf 88' lang='lat' dir='ltr'><strong>ita</strong></span> <span class='ocrx_word' id='word_1_538' title='bbox 1890 3949 2075 4004; x_wconf 86' lang='lat' dir='ltr'><strong>scribit</strong></span> <span class='ocrx_word' id='word_1_539' title='bbox 2108 3967 2122 4002; x_wconf 90' lang='lat'><strong>:</strong></span> <span class='ocrx_word' id='word_1_540' title='bbox 2157 3979 2228 3990; x_wconf 92' lang='lat'><strong><em>—</em></strong></span> 
     </span>
    </p>
   </div>
   <div class='ocr_carea' id='block_1_72' title="bbox 658 4033 2225 4097">
    <p class='ocr_par' dir='ltr' id='par_1_72' title="bbox 658 4033 2225 4097">
     <span class='ocr_line' id='line_1_72' title="bbox 658 4033 2225 4097; baseline 0.005 -9"><span class='ocrx_word' id='word_1_541' title='bbox 658 4033 776 4089; x_wconf 80' lang='lat' dir='ltr'><strong>Non</strong></span> <span class='ocrx_word' id='word_1_542' title='bbox 837 4036 1255 4092; x_wconf 85' lang='lat' dir='ltr'><strong>discernendum</strong></span> <span class='ocrx_word' id='word_1_543' title='bbox 1300 4051 1465 4092; x_wconf 88' lang='lat' dir='ltr'><strong>unum</strong></span> <span class='ocrx_word' id='word_1_544' title='bbox 1525 4038 1808 4093; x_wconf 91' lang='lat' dir='ltr'><strong>Dominum</strong></span> <span class='ocrx_word' id='word_1_545' title='bbox 1846 4040 2032 4096; x_wconf 82' lang='lat' dir='ltr'><strong>Jesum</strong></span> <span class='ocrx_word' id='word_1_546' title='bbox 2066 4041 2225 4097; x_wconf 85' lang='lat' dir='ltr'><strong>Chri-</strong></span> 
     </span>
    </p>
   </div>
   <div class='ocr_carea' id='block_1_73' title="bbox 657 4128 2226 4205">
    <p class='ocr_par' dir='ltr' id='par_1_73' title="bbox 657 4128 2226 4205">
     <span class='ocr_line' id='line_1_73' title="bbox 657 4128 2226 4205; baseline 0.006 -24"><span class='ocrx_word' id='word_1_547' title='bbox 657 4137 801 4182; x_wconf 85' lang='lat' dir='ltr'><strong>stum</strong></span> <span class='ocrx_word' id='word_1_548' title='bbox 852 4128 904 4182; x_wconf 90' lang='lat' dir='ltr'><strong>in</strong></span> <span class='ocrx_word' id='word_1_549' title='bbox 961 4129 1237 4184; x_wconf 90' lang='lat' dir='ltr'><strong>hominem</strong></span> <span class='ocrx_word' id='word_1_550' title='bbox 1283 4131 1604 4201; x_wconf 84' lang='lat' dir='ltr'><strong>separatim,</strong></span> <span class='ocrx_word' id='word_1_551' title='bbox 1641 4141 1695 4188; x_wconf 91' lang='lat' dir='ltr'><strong>et</strong></span> <span class='ocrx_word' id='word_1_552' title='bbox 1745 4133 1800 4187; x_wconf 92' lang='lat' dir='ltr'><strong>in</strong></span> <span class='ocrx_word' id='word_1_553' title='bbox 1853 4134 2020 4188; x_wconf 91' lang='lat' dir='ltr'><strong>Deum</strong></span> <span class='ocrx_word' id='word_1_554' title='bbox 2065 4150 2226 4205; x_wconf 87' lang='lat' dir='ltr'><strong>sepa-</strong></span> 
     </span>
    </p>
   </div>
   <div class='ocr_carea' id='block_1_74' title="bbox 656 4220 2225 4294">
    <p class='ocr_par' dir='ltr' id='par_1_74' title="bbox 656 4220 2225 4294">
     <span class='ocr_line' id='line_1_74' title="bbox 656 4220 2225 4294; baseline 0.005 -20"><span class='ocrx_word' id='word_1_555' title='bbox 656 4220 858 4286; x_wconf 87' lang='lat' dir='ltr'><strong>ratim;</strong></span> <span class='ocrx_word' id='word_1_556' title='bbox 916 4222 1010 4277; x_wconf 89' lang='lat' dir='ltr'><strong>sed</strong></span> <span class='ocrx_word' id='word_1_557' title='bbox 1077 4237 1243 4277; x_wconf 90' lang='lat' dir='ltr'><strong>unum</strong></span> <span class='ocrx_word' id='word_1_558' title='bbox 1287 4225 1648 4294; x_wconf 89' lang='lat' dir='ltr'><strong>eumdemque</strong></span> <span class='ocrx_word' id='word_1_559' title='bbox 1707 4225 1995 4282; x_wconf 91' lang='lat' dir='ltr'><strong>Dominum</strong></span> <span class='ocrx_word' id='word_1_560' title='bbox 2039 4227 2225 4283; x_wconf 77' lang='lat' dir='ltr'><strong>Jesum</strong></span> 
     </span>
    </p>
   </div>
   <div class='ocr_carea' id='block_1_75' title="bbox 659 4315 2223 4380">
    <p class='ocr_par' dir='ltr' id='par_1_75' title="bbox 659 4315 2223 4380">
     <span class='ocr_line' id='line_1_75' title="bbox 659 4315 2223 4380; baseline 0.007 -14"><span class='ocrx_word' id='word_1_561' title='bbox 659 4315 938 4369; x_wconf 73' lang='lat' dir='ltr'><strong>Christum</strong></span> <span class='ocrx_word' id='word_1_562' title='bbox 990 4315 1261 4380; x_wconf 90' lang='lat' dir='ltr'><strong>dicimus,</strong></span> <span class='ocrx_word' id='word_1_563' title='bbox 1311 4327 1629 4371; x_wconf 87' lang='lat' dir='ltr'><strong>naturarum</strong></span> <span class='ocrx_word' id='word_1_564' title='bbox 1677 4319 1912 4376; x_wconf 82' lang='lat' dir='ltr'><strong>Scientes</strong></span> <span class='ocrx_word' id='word_1_565' title='bbox 1965 4321 2223 4376; x_wconf 66' lang='lat' dir='ltr'><strong>differen-</strong></span> 
     </span>
    </p>
   </div>
   <div class='ocr_carea' id='block_1_76' title="bbox 657 4407 2222 4470">
    <p class='ocr_par' dir='ltr' id='par_1_76' title="bbox 657 4407 2222 4470">
     <span class='ocr_line' id='line_1_76' title="bbox 657 4407 2222 4470; baseline 0.006 -10"><span class='ocrx_word' id='word_1_566' title='bbox 657 4407 786 4460; x_wconf 89' lang='lat' dir='ltr'><strong>tiam</strong></span> <span class='ocrx_word' id='word_1_567' title='bbox 806 4446 821 4470; x_wconf 90' lang='lat'><strong>,</strong></span> <span class='ocrx_word' id='word_1_568' title='bbox 855 4415 908 4461; x_wconf 92' lang='lat' dir='ltr'><strong>et</strong></span> <span class='ocrx_word' id='word_1_569' title='bbox 935 4407 1246 4463; x_wconf 76' lang='lat' dir='ltr'><strong>inconfusus</strong></span> <span class='ocrx_word' id='word_1_570' title='bbox 1293 4422 1385 4463; x_wconf 83' lang='lat' dir='ltr'><strong>eas</strong></span> <span class='ocrx_word' id='word_1_571' title='bbox 1417 4410 1521 4464; x_wconf 89' lang='lat' dir='ltr'><strong>sibi</strong></span> <span class='ocrx_word' id='word_1_572' title='bbox 1557 4410 1789 4466; x_wconf 80' lang='lat' dir='ltr'><strong>invicem</strong></span> <span class='ocrx_word' id='word_1_573' title='bbox 1817 4424 2222 4470; x_wconf 84' lang='lat' dir='ltr'><strong>conservantes.</strong></span> 
     </span>
    </p>
   </div>
   <div class='ocr_carea' id='block_1_77' title="bbox 653 4499 2224 4578">
    <p class='ocr_par' dir='ltr' id='par_1_77' title="bbox 653 4499 2224 4578">
     <span class='ocr_line' id='line_1_77' title="bbox 653 4499 2224 4578; baseline 0.006 -27"><span class='ocrx_word' id='word_1_574' title='bbox 653 4527 722 4538; x_wconf 91' lang='lat'><strong><em>—</em></strong></span> <span class='ocrx_word' id='word_1_575' title='bbox 755 4499 812 4552; x_wconf 85' lang='lat' dir='ltr'><strong>Si</strong></span> <span class='ocrx_word' id='word_1_576' title='bbox 858 4500 1020 4570; x_wconf 84' lang='lat' dir='ltr'><strong>igitur</strong></span> <span class='ocrx_word' id='word_1_577' title='bbox 1073 4503 1256 4571; x_wconf 92' lang='lat' dir='ltr'><strong>(prout</strong></span> <span class='ocrx_word' id='word_1_578' title='bbox 1306 4503 1465 4556; x_wconf 86' lang='lat' dir='ltr'><strong>docet</strong></span> <span class='ocrx_word' id='word_1_579' title='bbox 1530 4519 1629 4558; x_wconf 89' lang='lat' dir='ltr'><strong>nos</strong></span> <span class='ocrx_word' id='word_1_580' title='bbox 1687 4513 1907 4560; x_wconf 88' lang='lat' dir='ltr'><strong>sanctus</strong></span> <span class='ocrx_word' id='word_1_581' title='bbox 1970 4506 2224 4578; x_wconf 82' lang='lat' dir='ltr'><strong>Cyrillus)</strong></span> 
     </span>
    </p>
   </div>
   <div class='ocr_carea' id='block_1_78' title="bbox 657 4591 2225 4669">
    <p class='ocr_par' dir='ltr' id='par_1_78' title="bbox 657 4591 2225 4669">
     <span class='ocr_line' id='line_1_78' title="bbox 657 4591 2225 4669; baseline 0.008 -26"><span class='ocrx_word' id='word_1_582' title='bbox 657 4605 800 4644; x_wconf 89' lang='lat' dir='ltr'><strong>unus</strong></span> <span class='ocrx_word' id='word_1_583' title='bbox 827 4601 910 4646; x_wconf 89' lang='lat' dir='ltr'><strong>est</strong></span> <span class='ocrx_word' id='word_1_584' title='bbox 941 4591 1196 4647; x_wconf 85' lang='lat' dir='ltr'><strong>Dominus</strong></span> <span class='ocrx_word' id='word_1_585' title='bbox 1225 4603 1412 4648; x_wconf 81' lang='lat' dir='ltr'><strong>noster</strong></span> <span class='ocrx_word' id='word_1_586' title='bbox 1434 4593 1596 4649; x_wconf 77' lang='lat' dir='ltr'><strong>Jesus</strong></span> <span class='ocrx_word' id='word_1_587' title='bbox 1621 4595 1873 4652; x_wconf 86' lang='lat' dir='ltr'><strong>Christus</strong></span> <span class='ocrx_word' id='word_1_588' title='bbox 1893 4638 1906 4663; x_wconf 95' lang='lat'><strong>,</strong></span> <span class='ocrx_word' id='word_1_589' title='bbox 1951 4599 2225 4669; x_wconf 88' lang='lat' dir='ltr'><strong>perfectus</strong></span> 
     </span>
    </p>
   </div>
   <div class='ocr_carea' id='block_1_79' title="bbox 655 4682 2223 4758">
    <p class='ocr_par' dir='ltr' id='par_1_79' title="bbox 655 4682 2223 4758">
     <span class='ocr_line' id='line_1_79' title="bbox 655 4682 2223 4758; baseline 0.008 -22"><span class='ocrx_word' id='word_1_590' title='bbox 655 4682 712 4736; x_wconf 91' lang='lat' dir='ltr'><strong>in</strong></span> <span class='ocrx_word' id='word_1_591' title='bbox 759 4684 989 4749; x_wconf 82' lang='lat' dir='ltr'><strong>deitate,</strong></span> <span class='ocrx_word' id='word_1_592' title='bbox 1030 4694 1086 4740; x_wconf 83' lang='lat' dir='ltr'><strong>et</strong></span> <span class='ocrx_word' id='word_1_593' title='bbox 1123 4688 1394 4755; x_wconf 82' lang='lat' dir='ltr'><strong>perfectus</strong></span> <span class='ocrx_word' id='word_1_594' title='bbox 1423 4687 1566 4742; x_wconf 90' lang='lat' dir='ltr'><strong>idem</strong></span> <span class='ocrx_word' id='word_1_595' title='bbox 1596 4689 1710 4758; x_wconf 83' lang='lat' dir='ltr'><strong>ipse</strong></span> <span class='ocrx_word' id='word_1_596' title='bbox 1750 4689 1804 4744; x_wconf 92' lang='lat' dir='ltr'><strong>in</strong></span> <span class='ocrx_word' id='word_1_597' title='bbox 1854 4691 2223 4757; x_wconf 85' lang='lat' dir='ltr'><strong>immanitate,</strong></span> 
     </span>
    </p>
   </div>
   <div class='ocr_carea' id='block_1_80' title="bbox 655 4779 2229 4852">
    <p class='ocr_par' dir='ltr' id='par_1_80' title="bbox 655 4779 2229 4852">
     <span class='ocr_line' id='line_1_80' title="bbox 655 4779 2229 4852; baseline 0.008 -22"><span class='ocrx_word' id='word_1_598' title='bbox 655 4786 712 4831; x_wconf 92' lang='lat' dir='ltr'><strong>et</strong></span> <span class='ocrx_word' id='word_1_599' title='bbox 737 4793 844 4831; x_wconf 90' lang='lat' dir='ltr'><strong>non</strong></span> <span class='ocrx_word' id='word_1_600' title='bbox 875 4787 956 4832; x_wconf 87' lang='lat' dir='ltr'><strong>est</strong></span> <span class='ocrx_word' id='word_1_601' title='bbox 998 4794 1189 4848; x_wconf 87' lang='lat' dir='ltr'><strong>passus</strong></span> <span class='ocrx_word' id='word_1_602' title='bbox 1222 4779 1403 4834; x_wconf 87' lang='lat' dir='ltr'><strong>divina</strong></span> <span class='ocrx_word' id='word_1_603' title='bbox 1437 4791 1628 4835; x_wconf 88' lang='lat' dir='ltr'><strong>natura</strong></span> <span class='ocrx_word' id='word_1_604' title='bbox 1654 4825 1668 4849; x_wconf 97' lang='lat'><strong>,</strong></span> <span class='ocrx_word' id='word_1_605' title='bbox 1716 4784 1811 4839; x_wconf 87' lang='lat' dir='ltr'><strong>sed</strong></span> <span class='ocrx_word' id='word_1_606' title='bbox 1843 4794 2056 4840; x_wconf 89' lang='lat' dir='ltr'><strong>terrena</strong></span> <span class='ocrx_word' id='word_1_607' title='bbox 2080 4828 2095 4852; x_wconf 94' lang='lat'><strong>,</strong></span> <span class='ocrx_word' id='word_1_608' title='bbox 2127 4791 2229 4844; x_wconf 91' lang='lat' dir='ltr'><strong>scit</strong></span> 
     </span>
    </p>
   </div>
   <div class='ocr_carea' id='block_1_81' title="bbox 655 4871 2227 4946">
    <p class='ocr_par' dir='ltr' id='par_1_81' title="bbox 655 4871 2227 4946">
     <span class='ocr_line' id='line_1_81' title="bbox 655 4871 2227 4946; baseline 0.006 -22"><span class='ocrx_word' id='word_1_609' title='bbox 655 4879 837 4925; x_wconf 87' lang='lat' dir='ltr'><strong>autem</strong></span> <span class='ocrx_word' id='word_1_610' title='bbox 863 4879 918 4924; x_wconf 91' lang='lat' dir='ltr'><strong>et</strong></span> <span class='ocrx_word' id='word_1_611' title='bbox 951 4881 1267 4926; x_wconf 87' lang='lat' dir='ltr'><strong>naturarum</strong></span> <span class='ocrx_word' id='word_1_612' title='bbox 1297 4871 1693 4941; x_wconf 73' lang='lat' dir='ltr'><strong>differentiam,</strong></span> <span class='ocrx_word' id='word_1_613' title='bbox 1735 4886 1791 4931; x_wconf 92' lang='lat' dir='ltr'><strong>et</strong></span> <span class='ocrx_word' id='word_1_614' title='bbox 1837 4879 1981 4946; x_wconf 87' lang='lat' dir='ltr'><strong>quod</strong></span> <span class='ocrx_word' id='word_1_615' title='bbox 2034 4880 2227 4934; x_wconf 78' lang='lat' dir='ltr'><strong>incon-</strong></span> 
     </span>
    </p>
   </div>
   <div class='ocr_carea' id='block_1_82' title="bbox 655 4953 2229 5026">
    <p class='ocr_par' dir='ltr' id='par_1_82' title="bbox 655 4953 2229 5026">
     <span class='ocr_line' id='line_1_82' title="bbox 655 4953 2229 5026; baseline 0.008 -12"><span class='ocrx_word' id='word_1_616' title='bbox 655 4959 790 5014; x_wconf 72' lang='lat' dir='ltr'><strong>fusa:</strong></span> <span class='ocrx_word' id='word_1_617' title='bbox 831 4959 933 5014; x_wconf 88' lang='lat' dir='ltr'><strong>sibi</strong></span> <span class='ocrx_word' id='word_1_618' title='bbox 975 4953 1206 5016; x_wconf 79' lang='lat' dir='ltr'><strong>invicem</strong></span> <span class='ocrx_word' id='word_1_619' title='bbox 1267 4962 1320 5016; x_wconf 89' lang='lat' dir='ltr'><strong>in</strong></span> <span class='ocrx_word' id='word_1_620' title='bbox 1353 4979 1458 5018; x_wconf 90' lang='lat' dir='ltr'><strong>una</strong></span> <span class='ocrx_word' id='word_1_621' title='bbox 1496 4966 1846 5022; x_wconf 88' lang='lat' dir='ltr'><strong>subsistentia</strong></span> <span class='ocrx_word' id='word_1_622' title='bbox 1899 4985 2229 5026; x_wconf 89' lang='lat' dir='ltr'><strong>conservan-</strong></span> 
     </span>
    </p>
   </div>
   <div class='ocr_carea' id='block_1_83' title="bbox 656 5056 2226 5130">
    <p class='ocr_par' dir='ltr' id='par_1_83' title="bbox 656 5056 2226 5130">
     <span class='ocr_line' id='line_1_83' title="bbox 656 5056 2226 5130; baseline 0.008 -24"><span class='ocrx_word' id='word_1_623' title='bbox 656 5059 794 5106; x_wconf 89' lang='lat' dir='ltr'><strong>tur:</strong></span> <span class='ocrx_word' id='word_1_624' title='bbox 843 5062 1051 5108; x_wconf 91' lang='lat' dir='ltr'><strong>certum</strong></span> <span class='ocrx_word' id='word_1_625' title='bbox 1096 5064 1179 5110; x_wconf 70' lang='lat' dir='ltr'><strong>eat</strong></span> <span class='ocrx_word' id='word_1_626' title='bbox 1225 5056 1369 5125; x_wconf 88' lang='lat' dir='ltr'><strong>quod</strong></span> <span class='ocrx_word' id='word_1_627' title='bbox 1409 5057 1660 5112; x_wconf 87' lang='lat' dir='ltr'><strong>eumdem</strong></span> <span class='ocrx_word' id='word_1_628' title='bbox 1709 5061 1884 5130; x_wconf 90' lang='lat' dir='ltr'><strong>ipsum</strong></span> <span class='ocrx_word' id='word_1_629' title='bbox 1942 5063 1997 5117; x_wconf 89' lang='lat' dir='ltr'><strong>in</strong></span> <span class='ocrx_word' id='word_1_630' title='bbox 2045 5057 2226 5119; x_wconf 88' lang='lat' dir='ltr'><strong>divina</strong></span> 
     </span>
    </p>
   </div>
   <div class='ocr_carea' id='block_1_84' title="bbox 603 5144 2228 5222">
    <p class='ocr_par' dir='ltr' id='par_1_84' title="bbox 603 5144 2228 5222">
     <span class='ocr_line' id='line_1_84' title="bbox 603 5144 2228 5222; baseline 0.01 -27"><span class='ocrx_word' id='word_1_631' title='bbox 603 5191 616 5202; x_wconf 69' lang='grc'><strong>,</strong></span> <span class='ocrx_word' id='word_1_632' title='bbox 656 5151 849 5198; x_wconf 89' lang='lat' dir='ltr'><strong>natura</strong></span> <span class='ocrx_word' id='word_1_633' title='bbox 879 5152 932 5198; x_wconf 87' lang='lat' dir='ltr'><strong>et</strong></span> <span class='ocrx_word' id='word_1_634' title='bbox 953 5144 1009 5198; x_wconf 90' lang='lat' dir='ltr'><strong>in</strong></span> <span class='ocrx_word' id='word_1_635' title='bbox 1037 5145 1268 5200; x_wconf 89' lang='lat' dir='ltr'><strong>humana</strong></span> <span class='ocrx_word' id='word_1_636' title='bbox 1295 5147 1424 5202; x_wconf 89' lang='lat' dir='ltr'><strong>dicit</strong></span> <span class='ocrx_word' id='word_1_637' title='bbox 1456 5145 1616 5202; x_wconf 89' lang='lat' dir='ltr'><strong>Pater</strong></span> <span class='ocrx_word' id='word_1_638' title='bbox 1642 5153 1916 5222; x_wconf 78' lang='lat' dir='ltr'><strong>COgnosci,</strong></span> <span class='ocrx_word' id='word_1_639' title='bbox 1937 5163 1992 5209; x_wconf 89' lang='lat' dir='ltr'><strong>et</strong></span> <span class='ocrx_word' id='word_1_640' title='bbox 2023 5170 2228 5210; x_wconf 86' lang='lat' dir='ltr'><strong>utram-</strong></span> 
     </span>
    </p>
   </div>
   <div class='ocr_carea' id='block_1_85' title="bbox 654 5238 2229 5320">
    <p class='ocr_par' dir='ltr' id='par_1_85' title="bbox 654 5238 2229 5320">
     <span class='ocr_line' id='line_1_85' title="bbox 654 5238 2229 5320; baseline 0.011 -33"><span class='ocrx_word' id='word_1_641' title='bbox 654 5251 762 5304; x_wconf 89' lang='lat' dir='ltr'><strong>que</strong></span> <span class='ocrx_word' id='word_1_642' title='bbox 797 5245 1047 5291; x_wconf 90' lang='lat' dir='ltr'><strong>naturam</strong></span> <span class='ocrx_word' id='word_1_643' title='bbox 1097 5238 1150 5292; x_wconf 91' lang='lat' dir='ltr'><strong>in</strong></span> <span class='ocrx_word' id='word_1_644' title='bbox 1197 5239 1323 5310; x_wconf 87' lang='lat' dir='ltr'><strong>ipso</strong></span> <span class='ocrx_word' id='word_1_645' title='bbox 1364 5255 1523 5307; x_wconf 87' lang='lat' dir='ltr'><strong>esse,</strong></span> <span class='ocrx_word' id='word_1_646' title='bbox 1564 5256 1630 5296; x_wconf 80' lang='lat' dir='ltr'><strong>ex</strong></span> <span class='ocrx_word' id='word_1_647' title='bbox 1681 5243 1879 5313; x_wconf 87' lang='lat' dir='ltr'><strong>quibus</strong></span> <span class='ocrx_word' id='word_1_648' title='bbox 1905 5258 1961 5302; x_wconf 92' lang='lat' dir='ltr'><strong>et</strong></span> <span class='ocrx_word' id='word_1_649' title='bbox 2007 5263 2229 5320; x_wconf 81' lang='lat' dir='ltr'><strong>compo-</strong></span> 
     </span>
    </p>
   </div>
   <div class='ocr_carea' id='block_1_86' title="bbox 2327 3388 3867 3465">
    <p class='ocr_par' dir='ltr' id='par_1_86' title="bbox 2327 3388 3867 3465">
     <span class='ocr_line' id='line_1_86' title="bbox 2327 3388 3867 3465; baseline -0.005 -20"><span class='ocrx_word' id='word_1_650' title='bbox 2327 3392 2476 3445; x_wconf 89' lang='grc' dir='ltr'><strong>θειαν</strong></span> <span class='ocrx_word' id='word_1_651' title='bbox 2507 3392 2700 3462; x_wconf 83' lang='grc' dir='ltr'><strong>Υίῴ³³,</strong></span> <span class='ocrx_word' id='word_1_652' title='bbox 2733 3394 2822 3445; x_wconf 73' lang='grc' dir='ltr'><strong>καὶ</strong></span> <span class='ocrx_word' id='word_1_653' title='bbox 2861 3393 2923 3445; x_wconf 82' lang='grc' dir='ltr'><strong>τὸ</strong></span> <span class='ocrx_word' id='word_1_654' title='bbox 2939 3394 2983 3423; x_wconf 67' lang='grc'>³⁸</span> <span class='ocrx_word' id='word_1_655' title='bbox 3012 3391 3086 3465; x_wconf 80' lang='grc' dir='ltr'><strong>μὴ</strong></span> <span class='ocrx_word' id='word_1_656' title='bbox 3119 3394 3347 3463; x_wconf 79' lang='grc' dir='ltr'><strong>πάσχειν</strong></span> <span class='ocrx_word' id='word_1_657' title='bbox 3383 3391 3582 3454; x_wconf 85' lang='grc' dir='ltr'><strong>θεῖκῶς</strong></span> <span class='ocrx_word' id='word_1_658' title='bbox 3607 3391 3698 3444; x_wconf 74' lang='grc' dir='ltr'><strong>καὶ</strong></span> <span class='ocrx_word' id='word_1_659' title='bbox 3738 3388 3867 3455; x_wconf 80' lang='grc' dir='ltr'><strong>λέγε-</strong></span> 
     </span>
    </p>
   </div>
   <div class='ocr_carea' id='block_1_87' title="bbox 2327 3478 3864 3555">
    <p class='ocr_par' dir='ltr' id='par_1_87' title="bbox 2327 3478 3864 3555">
     <span class='ocr_line' id='line_1_87' title="bbox 2327 3478 3864 3555; baseline -0.003 -18"><span class='ocrx_word' id='word_1_660' title='bbox 2327 3483 2447 3537; x_wconf 87' lang='grc' dir='ltr'><strong>σθαι</strong></span> <span class='ocrx_word' id='word_1_661' title='bbox 2485 3485 2674 3537; x_wconf 86' lang='grc' dir='ltr'><strong>παθεῖν</strong></span> <span class='ocrx_word' id='word_1_662' title='bbox 2712 3485 3101 3555; x_wconf 83' lang='grc' dir='ltr'><strong>ἆνθρωπίνῶς·</strong></span> <span class='ocrx_word' id='word_1_663' title='bbox 3150 3486 3183 3554; x_wconf 81' lang='grc' dir='ltr'><strong>ἡ</strong></span> <span class='ocrx_word' id='word_1_664' title='bbox 3233 3485 3396 3538; x_wconf 86' lang='grc' dir='ltr'><strong>αὑτοῦ</strong></span> <span class='ocrx_word' id='word_1_665' title='bbox 3443 3484 3554 3555; x_wconf 76' lang='grc' dir='ltr'><strong>γὰρ</strong></span> <span class='ocrx_word' id='word_1_666' title='bbox 3577 3485 3620 3516; x_wconf 83' lang='grc'>³⁵</span> <span class='ocrx_word' id='word_1_667' title='bbox 3663 3478 3864 3536; x_wconf 83' lang='grc' dir='ltr'><strong>πέπονθε</strong></span> 
     </span>
    </p>
   </div>
   <div class='ocr_carea' id='block_1_88' title="bbox 2327 3569 3866 3646">
    <p class='ocr_par' dir='ltr' id='par_1_88' title="bbox 2327 3569 3866 3646">
     <span class='ocr_line' id='line_1_88' title="bbox 2327 3569 3866 3646; baseline -0.002 -19"><span class='ocrx_word' id='word_1_668' title='bbox 2327 3575 2480 3644; x_wconf 82' lang='grc' dir='ltr'><strong>σάρξ.</strong></span> <span class='ocrx_word' id='word_1_669' title='bbox 2509 3605 2574 3614; x_wconf 86' lang='lat'><strong>--</strong></span> <span class='ocrx_word' id='word_1_670' title='bbox 2600 3577 2708 3629; x_wconf 76' lang='grc' dir='ltr'><strong>Καὶ</strong></span> <span class='ocrx_word' id='word_1_671' title='bbox 2739 3577 2797 3627; x_wconf 81' lang='grc' dir='ltr'><strong>ἐν</strong></span> <span class='ocrx_word' id='word_1_672' title='bbox 2827 3576 2904 3644; x_wconf 83' lang='grc' dir='ltr'><strong>τῷ</strong></span> <span class='ocrx_word' id='word_1_673' title='bbox 2937 3577 3370 3646; x_wconf 78' lang='grc' dir='ltr'><strong>τρισκαιδεκάτῳ</strong></span> <span class='ocrx_word' id='word_1_674' title='bbox 3397 3575 3454 3629; x_wconf 77' lang='grc' dir='ltr'><strong>δὲ</strong></span> <span class='ocrx_word' id='word_1_675' title='bbox 3484 3574 3753 3646; x_wconf 78' lang='grc' dir='ltr'><strong>κεφαλαίῳ</strong></span> <span class='ocrx_word' id='word_1_676' title='bbox 3777 3569 3866 3624; x_wconf 82' lang='grc' dir='ltr'><strong>τῶν</strong></span> 
     </span>
    </p>
   </div>
   <div class='ocr_carea' id='block_1_89' title="bbox 2327 3667 3864 3740">
    <p class='ocr_par' dir='ltr' id='par_1_89' title="bbox 2327 3667 3864 3740">
     <span class='ocr_line' id='line_1_89' title="bbox 2327 3667 3864 3740; baseline -0.002 -20"><span class='ocrx_word' id='word_1_677' title='bbox 2327 3668 2552 3737; x_wconf 76' lang='grc' dir='ltr'><strong>σχολίων</strong></span> <span class='ocrx_word' id='word_1_678' title='bbox 2583 3669 2610 3721; x_wconf 89' lang='lat'><strong>6</strong></span> <span class='ocrx_word' id='word_1_679' title='bbox 2641 3669 2802 3732; x_wconf 77' lang='grc' dir='ltr'><strong>αὐτὸς</strong></span> <span class='ocrx_word' id='word_1_680' title='bbox 2819 3669 2864 3700; x_wconf 66' lang='grc'>³⁸</span> <span class='ocrx_word' id='word_1_681' title='bbox 2897 3670 2955 3719; x_wconf 82' lang='grc' dir='ltr'><strong>ἐν</strong></span> <span class='ocrx_word' id='word_1_682' title='bbox 2985 3669 3158 3736; x_wconf 82' lang='grc' dir='ltr'><strong>ἁγίοις</strong></span> <span class='ocrx_word' id='word_1_683' title='bbox 3189 3668 3455 3738; x_wconf 85' lang='grc' dir='ltr'><strong>Κύριλλος</strong></span> <span class='ocrx_word' id='word_1_684' title='bbox 3509 3668 3703 3740; x_wconf 86' lang='grc' dir='ltr'><strong>ὁμοίως</strong></span> <span class='ocrx_word' id='word_1_685' title='bbox 3750 3667 3864 3719; x_wconf 81' lang='grc' dir='ltr'><strong>ἀπο-</strong></span> 
     </span>
    </p>
   </div>
   <div class='ocr_carea' id='block_1_90' title="bbox 2326 3757 3865 3832">
    <p class='ocr_par' dir='ltr' id='par_1_90' title="bbox 2326 3757 3865 3832">
     <span class='ocr_line' id='line_1_90' title="bbox 2326 3757 3865 3832; baseline -0.004 -18"><span class='ocrx_word' id='word_1_686' title='bbox 2326 3761 2654 3832; x_wconf 75' lang='grc' dir='ltr'><strong>ϐαλλόμενος</strong></span> <span class='ocrx_word' id='word_1_687' title='bbox 2677 3762 2800 3827; x_wconf 83' lang='grc' dir='ltr'><strong>τούς</strong></span> <span class='ocrx_word' id='word_1_688' title='bbox 2821 3781 2879 3815; x_wconf 87' lang='grc' dir='ltr'><strong>τε</strong></span> <span class='ocrx_word' id='word_1_689' title='bbox 2900 3763 2992 3816; x_wconf 84' lang='grc' dir='ltr'><strong>δύο</strong></span> <span class='ocrx_word' id='word_1_690' title='bbox 3015 3765 3163 3827; x_wconf 72' lang='grc' dir='ltr'><strong>υἱοὺς</strong></span> <span class='ocrx_word' id='word_1_691' title='bbox 3191 3765 3512 3830; x_wconf 77' lang='grc' dir='ltr'><strong>εἰσάγοντας</strong></span> <span class='ocrx_word' id='word_1_692' title='bbox 3534 3762 3658 3824; x_wconf 80' lang='grc' dir='ltr'><strong>τούς</strong></span> <span class='ocrx_word' id='word_1_693' title='bbox 3682 3776 3736 3812; x_wconf 89' lang='grc' dir='ltr'><strong>τε</strong></span> <span class='ocrx_word' id='word_1_694' title='bbox 3757 3757 3865 3828; x_wconf 88' lang='grc' dir='ltr'><strong>μίαν</strong></span> 
     </span>
    </p>
   </div>
   <div class='ocr_carea' id='block_1_91' title="bbox 2327 3851 3863 3926">
    <p class='ocr_par' dir='ltr' id='par_1_91' title="bbox 2327 3851 3863 3926">
     <span class='ocr_line' id='line_1_91' title="bbox 2327 3851 3863 3926; baseline 0.002 -21"><span class='ocrx_word' id='word_1_695' title='bbox 2327 3853 2486 3922; x_wconf 80' lang='grc' dir='ltr'><strong>φύσιν</strong></span> <span class='ocrx_word' id='word_1_696' title='bbox 2530 3854 2785 3922; x_wconf 84' lang='grc' dir='ltr'><strong>λέγοντας</strong></span> <span class='ocrx_word' id='word_1_697' title='bbox 2819 3855 3070 3926; x_wconf 84' lang='grc' dir='ltr'><strong>Θεότητος</strong></span> <span class='ocrx_word' id='word_1_698' title='bbox 3113 3856 3206 3908; x_wconf 62' lang='grc' dir='ltr'><strong>καλ⁸</strong></span> <span class='ocrx_word' id='word_1_699' title='bbox 3254 3855 3356 3923; x_wconf 79' lang='grc' dir='ltr'><strong>τῆς</strong></span> <span class='ocrx_word' id='word_1_700' title='bbox 3391 3855 3597 3926; x_wconf 84' lang='grc' dir='ltr'><strong>σαρκὸς</strong></span> <span class='ocrx_word' id='word_1_701' title='bbox 3630 3851 3716 3906; x_wconf 81' lang='grc' dir='ltr'><strong>τοῦ</strong></span> <span class='ocrx_word' id='word_1_702' title='bbox 3750 3851 3863 3918; x_wconf 76' lang='grc' dir='ltr'><strong>Χρι-</strong></span> 
     </span>
    </p>
   </div>
   <div class='ocr_carea' id='block_1_92' title="bbox 2325 3941 3865 4018">
    <p class='ocr_par' dir='ltr' id='par_1_92' title="bbox 2325 3941 3865 4018">
     <span class='ocr_line' id='line_1_92' title="bbox 2325 3941 3865 4018; baseline -0.003 -20"><span class='ocrx_word' id='word_1_703' title='bbox 2325 3946 2419 3998; x_wconf 83' lang='grc' dir='ltr'><strong>τοῦ</strong></span> <span class='ocrx_word' id='word_1_704' title='bbox 2446 3947 2645 4016; x_wconf 76' lang='grc' dir='ltr'><strong>γράφει</strong></span> <span class='ocrx_word' id='word_1_705' title='bbox 2677 3945 2868 4010; x_wconf 75' lang='grc' dir='ltr'><strong>οὕτως·</strong></span> <span class='ocrx_word' id='word_1_706' title='bbox 2887 3979 2958 3987; x_wconf 90' lang='grc'><strong>-</strong></span> <span class='ocrx_word' id='word_1_707' title='bbox 2986 3949 3060 4000; x_wconf 81' lang='grc' dir='ltr'><strong>Οὐ</strong></span> <span class='ocrx_word' id='word_1_708' title='bbox 3096 3948 3390 4018; x_wconf 85' lang='grc' dir='ltr'><strong>διοριστέον</strong></span> <span class='ocrx_word' id='word_1_709' title='bbox 3418 3945 3514 4001; x_wconf 80' lang='grc' dir='ltr'><strong>οὖν</strong></span> <span class='ocrx_word' id='word_1_710' title='bbox 3546 3949 3651 4018; x_wconf 84' lang='grc' dir='ltr'><strong>ἄρα</strong></span> <span class='ocrx_word' id='word_1_711' title='bbox 3683 3945 3764 3998; x_wconf 77' lang='grc' dir='ltr'><strong>τὸν</strong></span> <span class='ocrx_word' id='word_1_712' title='bbox 3788 3941 3865 3993; x_wconf 77' lang='grc' dir='ltr'><strong>ἕνα</strong></span> 
     </span>
    </p>
   </div>
   <div class='ocr_carea' id='block_1_93' title="bbox 2329 4031 3866 4110">
    <p class='ocr_par' dir='ltr' id='par_1_93' title="bbox 2329 4031 3866 4110">
     <span class='ocr_line' id='line_1_93' title="bbox 2329 4031 3866 4110; baseline -0.004 -20"><span class='ocrx_word' id='word_1_713' title='bbox 2329 4038 2529 4108; x_wconf 81' lang='grc' dir='ltr'><strong>Κύριον</strong></span> <span class='ocrx_word' id='word_1_714' title='bbox 2577 4039 2780 4107; x_wconf 82' lang='grc' dir='ltr'><strong>Ἰησοῦν</strong></span> <span class='ocrx_word' id='word_1_715' title='bbox 2829 4041 3063 4110; x_wconf 78' lang='grc' dir='ltr'><strong>Χριστὸν</strong></span> <span class='ocrx_word' id='word_1_716' title='bbox 3113 4041 3193 4103; x_wconf 84' lang='grc' dir='ltr'><strong>εἰς</strong></span> <span class='ocrx_word' id='word_1_717' title='bbox 3239 4039 3530 4110; x_wconf 81' lang='grc' dir='ltr'><strong>ἄνθρωπον</strong></span> <span class='ocrx_word' id='word_1_718' title='bbox 3581 4037 3752 4100; x_wconf 57' lang='lat' dir='ltr'><strong>tame;</strong></span> <span class='ocrx_word' id='word_1_719' title='bbox 3788 4031 3866 4085; x_wconf 75' lang='grc' dir='ltr'><strong>καὶ</strong></span> 
     </span>
    </p>
   </div>
   <div class='ocr_carea' id='block_1_94' title="bbox 2325 4125 3864 4203">
    <p class='ocr_par' dir='ltr' id='par_1_94' title="bbox 2325 4125 3864 4203">
     <span class='ocr_line' id='line_1_94' title="bbox 2325 4125 3864 4203; baseline -0.004 -19"><span class='ocrx_word' id='word_1_720' title='bbox 2325 4130 2458 4184; x_wconf 79' lang='grc' dir='ltr'><strong>Θεὸν</strong></span> <span class='ocrx_word' id='word_1_721' title='bbox 2475 4131 2516 4162; x_wconf 82' lang='grc'><strong>³⁷</strong></span> <span class='ocrx_word' id='word_1_722' title='bbox 2553 4131 2751 4195; x_wconf 84' lang='grc' dir='ltr'><strong>ξδικῶς,</strong></span> <span class='ocrx_word' id='word_1_723' title='bbox 2775 4132 2891 4185; x_wconf 80' lang='grc' dir='ltr'><strong>ἀλλ’</strong></span> <span class='ocrx_word' id='word_1_724' title='bbox 2915 4132 3011 4185; x_wconf 75' lang='grc' dir='ltr'><strong>ἕνα</strong></span> <span class='ocrx_word' id='word_1_725' title='bbox 3043 4134 3136 4186; x_wconf 71' lang='grc' dir='ltr'><strong>καί</strong></span> <span class='ocrx_word' id='word_1_726' title='bbox 3166 4129 3256 4185; x_wconf 79' lang='grc' dir='ltr'><strong>τόν</strong></span> <span class='ocrx_word' id='word_1_727' title='bbox 3277 4133 3435 4185; x_wconf 81' lang='grc' dir='ltr'><strong>αὐτὸν</strong></span> <span class='ocrx_word' id='word_1_728' title='bbox 3465 4131 3668 4203; x_wconf 83' lang='grc' dir='ltr'><strong>Κύριον</strong></span> <span class='ocrx_word' id='word_1_729' title='bbox 3686 4125 3864 4197; x_wconf 83' lang='grc' dir='ltr'><strong>Ἰησοῦν</strong></span> 
     </span>
    </p>
   </div>
   <div class='ocr_carea' id='block_1_95' title="bbox 2325 4215 3866 4297">
    <p class='ocr_par' dir='ltr' id='par_1_95' title="bbox 2325 4215 3866 4297">
     <span class='ocr_line' id='line_1_95' title="bbox 2325 4215 3866 4297; baseline -0.004 -19"><span class='ocrx_word' id='word_1_730' title='bbox 2325 4224 2558 4295; x_wconf 86' lang='grc' dir='ltr'><strong>Χριστόν</strong></span> <span class='ocrx_word' id='word_1_731' title='bbox 2589 4243 2788 4295; x_wconf 78' lang='grc' dir='ltr'><strong>φαμεν,</strong></span> <span class='ocrx_word' id='word_1_732' title='bbox 2822 4225 2920 4297; x_wconf 82' lang='grc' dir='ltr'><strong>τὴν</strong></span> <span class='ocrx_word' id='word_1_733' title='bbox 2969 4224 3077 4277; x_wconf 82' lang='grc' dir='ltr'><strong>τῶν</strong></span> <span class='ocrx_word' id='word_1_734' title='bbox 3127 4223 3340 4292; x_wconf 66' lang='grc' dir='ltr'><strong>φύσεων</strong></span> <span class='ocrx_word' id='word_1_735' title='bbox 3386 4224 3587 4288; x_wconf 79' lang='grc' dir='ltr'><strong>εἰδότες</strong></span> <span class='ocrx_word' id='word_1_736' title='bbox 3639 4215 3866 4289; x_wconf 65' lang='grc' dir='ltr'><strong>διαφορὰν</strong></span> 
     </span>
    </p>
   </div>
   <div class='ocr_carea' id='block_1_96' title="bbox 2327 4308 3866 4388">
    <p class='ocr_par' dir='ltr' id='par_1_96' title="bbox 2327 4308 3866 4388">
     <span class='ocr_line' id='line_1_96' title="bbox 2327 4308 3866 4388; baseline -0.009 -16"><span class='ocrx_word' id='word_1_737' title='bbox 2327 4320 2421 4372; x_wconf 78' lang='grc' dir='ltr'><strong>καὶ</strong></span> <span class='ocrx_word' id='word_1_738' title='bbox 2449 4317 2786 4388; x_wconf 77' lang='grc' dir='ltr'><strong>ἀσυγχύτους</strong></span> <span class='ocrx_word' id='word_1_739' title='bbox 2808 4317 3065 4387; x_wconf 74' lang='grc' dir='ltr'><strong>ἀλλήλαις</strong></span> <span class='ocrx_word' id='word_1_740' title='bbox 3093 4316 3387 4388; x_wconf 79' lang='grc' dir='ltr'><strong>τηροῦντες</strong></span> <span class='ocrx_word' id='word_1_741' title='bbox 3411 4318 3675 4380; x_wconf 83' lang='grc' dir='ltr'><strong>σῦτάς.-</strong></span> <span class='ocrx_word' id='word_1_742' title='bbox 3691 4313 3745 4365; x_wconf 79' lang='grc' dir='ltr'><strong>Εἰ</strong></span> <span class='ocrx_word' id='word_1_743' title='bbox 3772 4308 3866 4362; x_wconf 85' lang='grc' dir='ltr'><strong>τοί-</strong></span> 
     </span>
    </p>
   </div>
   <div class='ocr_carea' id='block_1_97' title="bbox 2326 4401 3866 4480">
    <p class='ocr_par' dir='ltr' id='par_1_97' title="bbox 2326 4401 3866 4480">
     <span class='ocr_line' id='line_1_97' title="bbox 2326 4401 3866 4480; baseline -0.007 -17"><span class='ocrx_word' id='word_1_744' title='bbox 2326 4427 2439 4474; x_wconf 87' lang='grc' dir='ltr'><strong>νυν,</strong></span> <span class='ocrx_word' id='word_1_745' title='bbox 2481 4411 2662 4474; x_wconf 79' lang='grc' dir='ltr'><strong>καοὼς</strong></span> <span class='ocrx_word' id='word_1_746' title='bbox 2697 4410 2936 4464; x_wconf 78' lang='grc' dir='ltr'><strong>διδάσκει</strong></span> <span class='ocrx_word' id='word_1_747' title='bbox 2968 4413 2996 4464; x_wconf 91' lang='lat'><strong>6</strong></span> <span class='ocrx_word' id='word_1_748' title='bbox 3023 4412 3081 4464; x_wconf 81' lang='grc' dir='ltr'><strong>ὲν</strong></span> <span class='ocrx_word' id='word_1_749' title='bbox 3113 4410 3289 4478; x_wconf 80' lang='grc' dir='ltr'><strong>ἁγίοις</strong></span> <span class='ocrx_word' id='word_1_750' title='bbox 3323 4409 3611 4480; x_wconf 81' lang='grc' dir='ltr'><strong>Κύριλλος,</strong></span> <span class='ocrx_word' id='word_1_751' title='bbox 3643 4401 3718 4469; x_wconf 76' lang='grc' dir='ltr'><strong>εἷς</strong></span> <span class='ocrx_word' id='word_1_752' title='bbox 3744 4405 3866 4456; x_wconf 77' lang='grc' dir='ltr'><strong>ἐστιν</strong></span> 
     </span>
    </p>
   </div>
   <div class='ocr_carea' id='block_1_98' title="bbox 2325 4496 3864 4575">
    <p class='ocr_par' dir='ltr' id='par_1_98' title="bbox 2325 4496 3864 4575">
     <span class='ocr_line' id='line_1_98' title="bbox 2325 4496 3864 4575; baseline -0.008 -19"><span class='ocrx_word' id='word_1_753' title='bbox 2325 4506 2352 4556; x_wconf 86' lang='grc' dir='ltr'>ὁ</span> <span class='ocrx_word' id='word_1_754' title='bbox 2381 4503 2582 4575; x_wconf 79' lang='grc' dir='ltr'><strong>Κύριος</strong></span> <span class='ocrx_word' id='word_1_755' title='bbox 2616 4503 2773 4574; x_wconf 81' lang='grc' dir='ltr'><strong>ἡμῶν</strong></span> <span class='ocrx_word' id='word_1_756' title='bbox 2800 4503 3008 4573; x_wconf 81' lang='grc' dir='ltr'><strong>Ἰησοῦς</strong></span> <span class='ocrx_word' id='word_1_757' title='bbox 3036 4501 3270 4572; x_wconf 85' lang='grc' dir='ltr'><strong>Χριστὸς</strong></span> <span class='ocrx_word' id='word_1_758' title='bbox 3319 4502 3524 4566; x_wconf 78' lang='grc' dir='ltr'><strong>τέλειος</strong></span> <span class='ocrx_word' id='word_1_759' title='bbox 3572 4505 3628 4555; x_wconf 79' lang='grc' dir='ltr'><strong>ὲν</strong></span> <span class='ocrx_word' id='word_1_760' title='bbox 3679 4496 3864 4563; x_wconf 80' lang='grc' dir='ltr'><strong>Θεὸτητι</strong></span> 
     </span>
    </p>
   </div>
   <div class='ocr_carea' id='block_1_99' title="bbox 2330 4587 3864 4667">
    <p class='ocr_par' dir='ltr' id='par_1_99' title="bbox 2330 4587 3864 4667">
     <span class='ocr_line' id='line_1_99' title="bbox 2330 4587 3864 4667; baseline -0.005 -16"><span class='ocrx_word' id='word_1_761' title='bbox 2330 4599 2422 4652; x_wconf 73' lang='grc' dir='ltr'><strong>καὶ</strong></span> <span class='ocrx_word' id='word_1_762' title='bbox 2446 4597 2648 4659; x_wconf 84' lang='grc' dir='ltr'><strong>τέλειος</strong></span> <span class='ocrx_word' id='word_1_763' title='bbox 2675 4599 2703 4650; x_wconf 89' lang='lat'><strong>6</strong></span> <span class='ocrx_word' id='word_1_764' title='bbox 2737 4596 2895 4657; x_wconf 78' lang='grc' dir='ltr'><strong>αὐτὸς</strong></span> <span class='ocrx_word' id='word_1_765' title='bbox 2929 4598 2986 4648; x_wconf 82' lang='grc' dir='ltr'><strong>ὲν</strong></span> <span class='ocrx_word' id='word_1_766' title='bbox 3013 4591 3412 4667; x_wconf 80' lang='grc' dir='ltr'><strong>ἀνθρωπότητι,</strong></span> <span class='ocrx_word' id='word_1_767' title='bbox 3447 4597 3541 4649; x_wconf 77' lang='grc' dir='ltr'><strong>καὶ</strong></span> <span class='ocrx_word' id='word_1_768' title='bbox 3571 4595 3667 4647; x_wconf 79' lang='grc' dir='ltr'><strong>οὐκ</strong></span> <span class='ocrx_word' id='word_1_769' title='bbox 3693 4587 3864 4644; x_wconf 76' lang='grc' dir='ltr'><strong>ἔπαθεν</strong></span> 
     </span>
    </p>
   </div>
   <div class='ocr_carea' id='block_1_100' title="bbox 2328 4678 3882 4764">
    <p class='ocr_par' dir='ltr' id='par_1_100' title="bbox 2328 4678 3882 4764">
     <span class='ocr_line' id='line_1_100' title="bbox 2328 4678 3882 4764; baseline -0.009 -19"><span class='ocrx_word' id='word_1_770' title='bbox 2328 4696 2391 4764; x_wconf 80' lang='grc' dir='ltr'><strong>τῇ</strong></span> <span class='ocrx_word' id='word_1_771' title='bbox 2430 4691 2549 4762; x_wconf 80' lang='grc' dir='ltr'><strong>θείᾳ</strong></span> <span class='ocrx_word' id='word_1_772' title='bbox 2572 4691 2751 4760; x_wconf 74' lang='grc' dir='ltr'><strong>φύσει,</strong></span> <span class='ocrx_word' id='word_1_773' title='bbox 2781 4689 2918 4743; x_wconf 78' lang='grc' dir='ltr'><strong>ἀλλὰ</strong></span> <span class='ocrx_word' id='word_1_774' title='bbox 2933 4693 3000 4761; x_wconf 78' lang='grc' dir='ltr'><strong>τῇ</strong></span> <span class='ocrx_word' id='word_1_775' title='bbox 3027 4692 3183 4762; x_wconf 84' lang='grc' dir='ltr'><strong>χοῖκῇ</strong></span> <span class='ocrx_word' id='word_1_776' title='bbox 3215 4689 3403 4760; x_wconf 82' lang='grc' dir='ltr'><strong>φύσει·</strong></span> <span class='ocrx_word' id='word_1_777' title='bbox 3428 4685 3567 4742; x_wconf 78' lang='grc' dir='ltr'><strong>οἶδεν</strong></span> <span class='ocrx_word' id='word_1_778' title='bbox 3596 4687 3649 4740; x_wconf 82' lang='grc' dir='ltr'><strong>δὲ</strong></span> <span class='ocrx_word' id='word_1_779' title='bbox 3675 4683 3759 4738; x_wconf 76' lang='grc' dir='ltr'><strong>καὶ</strong></span> <span class='ocrx_word' id='word_1_780' title='bbox 3784 4678 3882 4749; x_wconf 76' lang='grc' dir='ltr'><strong>τὴν·</strong></span> 
     </span>
    </p>
   </div>
   <div class='ocr_carea' id='block_1_101' title="bbox 2323 4770 3863 4853">
    <p class='ocr_par' dir='ltr' id='par_1_101' title="bbox 2323 4770 3863 4853">
     <span class='ocr_line' id='line_1_101' title="bbox 2323 4770 3863 4853; baseline -0.007 -16"><span class='ocrx_word' id='word_1_781' title='bbox 2323 4784 2435 4837; x_wconf 87' lang='grc' dir='ltr'><strong>τῶν</strong></span> <span class='ocrx_word' id='word_1_782' title='bbox 2463 4784 2676 4853; x_wconf 79' lang='grc' dir='ltr'><strong>φύσεων</strong></span> <span class='ocrx_word' id='word_1_783' title='bbox 2702 4781 2965 4853; x_wconf 64' lang='grc' dir='ltr'><strong>διαφορὰν</strong></span> <span class='ocrx_word' id='word_1_784' title='bbox 3006 4781 3101 4835; x_wconf 78' lang='grc' dir='ltr'><strong>καὶ</strong></span> <span class='ocrx_word' id='word_1_785' title='bbox 3132 4782 3193 4834; x_wconf 85' lang='grc' dir='ltr'><strong>τὸ</strong></span> <span class='ocrx_word' id='word_1_786' title='bbox 3220 4780 3562 4852; x_wconf 79' lang='grc' dir='ltr'><strong>ἀσυγχύτους</strong></span> <span class='ocrx_word' id='word_1_787' title='bbox 3602 4776 3758 4838; x_wconf 82' lang='grc' dir='ltr'><strong>αὑτὰς</strong></span> <span class='ocrx_word' id='word_1_788' title='bbox 3783 4770 3863 4824; x_wconf 83' lang='grc' dir='ltr'><strong>ἀλ·</strong></span> 
     </span>
    </p>
   </div>
   <div class='ocr_carea' id='block_1_102' title="bbox 2323 4864 3864 4948">
    <p class='ocr_par' dir='ltr' id='par_1_102' title="bbox 2323 4864 3864 4948">
     <span class='ocr_line' id='line_1_102' title="bbox 2323 4864 3864 4948; baseline -0.01 -16"><span class='ocrx_word' id='word_1_789' title='bbox 2323 4877 2514 4948; x_wconf 76' lang='grc' dir='ltr'><strong>λήλαις</strong></span> <span class='ocrx_word' id='word_1_790' title='bbox 2541 4881 2598 4932; x_wconf 86' lang='grc' dir='ltr'><strong>ὲν</strong></span> <span class='ocrx_word' id='word_1_791' title='bbox 2626 4878 2723 4948; x_wconf 75' lang='grc' dir='ltr'><strong>μιᾷ</strong></span> <span class='ocrx_word' id='word_1_792' title='bbox 2755 4877 3051 4930; x_wconf 82' lang='grc' dir='ltr'><strong>ὑποστάσει</strong></span> <span class='ocrx_word' id='word_1_793' title='bbox 3082 4875 3477 4943; x_wconf 80' lang='grc' dir='ltr'><strong>φυλάττεσθαι·</strong></span> <span class='ocrx_word' id='word_1_794' title='bbox 3509 4873 3666 4942; x_wconf 81' lang='grc' dir='ltr'><strong>δῆλον</strong></span> <span class='ocrx_word' id='word_1_795' title='bbox 3689 4871 3763 4922; x_wconf 83' lang='grc' dir='ltr'><strong>ὅτι</strong></span> <span class='ocrx_word' id='word_1_796' title='bbox 3789 4864 3864 4916; x_wconf 75' lang='grc' dir='ltr'><strong>τὸν</strong></span> 
     </span>
    </p>
   </div>
   <div class='ocr_carea' id='block_1_103' title="bbox 2325 4956 3865 5042">
    <p class='ocr_par' dir='ltr' id='par_1_103' title="bbox 2325 4956 3865 5042">
     <span class='ocr_line' id='line_1_103' title="bbox 2325 4956 3865 5042; baseline -0.01 -16"><span class='ocrx_word' id='word_1_797' title='bbox 2325 4973 2488 5026; x_wconf 71' lang='grc' dir='ltr'><strong>αὐτὸν</strong></span> <span class='ocrx_word' id='word_1_798' title='bbox 2541 4975 2598 5025; x_wconf 84' lang='grc' dir='ltr'><strong>ἐν</strong></span> <span class='ocrx_word' id='word_1_799' title='bbox 2643 4972 2709 5042; x_wconf 82' lang='grc' dir='ltr'><strong>τῇ</strong></span> <span class='ocrx_word' id='word_1_800' title='bbox 2747 4968 2868 5040; x_wconf 70' lang='grc' dir='ltr'><strong>θείᾳ</strong></span> <span class='ocrx_word' id='word_1_801' title='bbox 2901 4969 3058 5039; x_wconf 83' lang='grc' dir='ltr'><strong>φύσει</strong></span> <span class='ocrx_word' id='word_1_802' title='bbox 3092 4969 3185 5021; x_wconf 78' lang='grc' dir='ltr'><strong>καὶ</strong></span> <span class='ocrx_word' id='word_1_803' title='bbox 3225 4972 3292 5040; x_wconf 80' lang='grc' dir='ltr'><strong>τῇ</strong></span> <span class='ocrx_word' id='word_1_804' title='bbox 3338 4966 3650 5038; x_wconf 79' lang='grc' dir='ltr'><strong>ἀνθρωπίνῃ</strong></span> <span class='ocrx_word' id='word_1_805' title='bbox 3679 4963 3808 5028; x_wconf 85' lang='grc' dir='ltr'><strong>λέγει</strong></span> <span class='ocrx_word' id='word_1_806' title='bbox 3841 4956 3865 5006; x_wconf 83' lang='grc' dir='ltr'><strong>ὁ</strong></span> 
     </span>
    </p>
   </div>
   <div class='ocr_carea' id='block_1_104' title="bbox 2327 5044 3863 5138">
    <p class='ocr_par' dir='ltr' id='par_1_104' title="bbox 2327 5044 3863 5138">
     <span class='ocr_line' id='line_1_104' title="bbox 2327 5044 3863 5138; baseline -0.011 -18"><span class='ocrx_word' id='word_1_807' title='bbox 2327 5066 2514 5138; x_wconf 77' lang='grc' dir='ltr'><strong>Πατὴρ</strong></span> <span class='ocrx_word' id='word_1_808' title='bbox 2559 5063 2942 5133; x_wconf 79' lang='grc' dir='ltr'><strong>γνωρίζεσθαι,</strong></span> <span class='ocrx_word' id='word_1_809' title='bbox 2972 5062 3065 5114; x_wconf 81' lang='grc' dir='ltr'><strong>καὶ</strong></span> <span class='ocrx_word' id='word_1_810' title='bbox 3118 5061 3386 5131; x_wconf 77' lang='grc' dir='ltr'><strong>ἑκατέραν</strong></span> <span class='ocrx_word' id='word_1_811' title='bbox 3430 5059 3589 5129; x_wconf 77' lang='grc' dir='ltr'><strong>φύσιν</strong></span> <span class='ocrx_word' id='word_1_812' title='bbox 3638 5059 3692 5109; x_wconf 87' lang='grc' dir='ltr'><strong>ὲν</strong></span> <span class='ocrx_word' id='word_1_813' title='bbox 3737 5044 3863 5114; x_wconf 80' lang='grc' dir='ltr'><strong>αὑτῷ</strong></span> 
     </span>
    </p>
   </div>
   <div class='ocr_carea' id='block_1_105' title="bbox 2325 5148 3862 5224">
    <p class='ocr_par' dir='ltr' id='par_1_105' title="bbox 2325 5148 3862 5224">
     <span class='ocr_line' id='line_1_105' title="bbox 2325 5148 3862 5224; baseline -0.01 -12"><span class='ocrx_word' id='word_1_814' title='bbox 2325 5154 2483 5222; x_wconf 77' lang='grc' dir='ltr'><strong>εἶναι,</strong></span> <span class='ocrx_word' id='word_1_815' title='bbox 2511 5158 2570 5222; x_wconf 78' lang='grc' dir='ltr'><strong>ἐξ</strong></span> <span class='ocrx_word' id='word_1_816' title='bbox 2594 5151 2667 5210; x_wconf 84' lang='grc' dir='ltr'><strong>ὧν</strong></span> <span class='ocrx_word' id='word_1_817' title='bbox 2702 5156 2793 5209; x_wconf 72' lang='grc' dir='ltr'><strong>καὶ</strong></span> <span class='ocrx_word' id='word_1_818' title='bbox 2831 5150 3112 5224; x_wconf 81' lang='grc' dir='ltr'><strong>συνετέθη.</strong></span> <span class='ocrx_word' id='word_1_819' title='bbox 3147 5153 3254 5206; x_wconf 75' lang='grc' dir='ltr'><strong>Καὶ</strong></span> <span class='ocrx_word' id='word_1_820' title='bbox 3284 5153 3383 5206; x_wconf 71' lang='grc' dir='ltr'><strong>οὐκ</strong></span> <span class='ocrx_word' id='word_1_821' title='bbox 3415 5152 3481 5206; x_wconf 83' lang='grc' dir='ltr'><strong>ἄν</strong></span> <span class='ocrx_word' id='word_1_822' title='bbox 3512 5168 3594 5213; x_wconf 81' lang='grc' dir='ltr'><strong>τις</strong></span> <span class='ocrx_word' id='word_1_823' title='bbox 3620 5148 3750 5202; x_wconf 75' lang='grc' dir='ltr'><strong>οὕτω</strong></span> <span class='ocrx_word' id='word_1_824' title='bbox 3775 5158 3862 5213; x_wconf 81' lang='grc' dir='ltr'><strong>μα-</strong></span> 
     </span>
    </p>
   </div>
   <div class='ocr_carea' id='block_1_106' title="bbox 2325 5237 3860 5323">
    <p class='ocr_par' dir='ltr' id='par_1_106' title="bbox 2325 5237 3860 5323">
     <span class='ocr_line' id='line_1_106' title="bbox 2325 5237 3860 5323; baseline -0.008 -16"><span class='ocrx_word' id='word_1_825' title='bbox 2325 5253 2442 5323; x_wconf 85' lang='grc' dir='ltr'><strong>νείη</strong></span> <span class='ocrx_word' id='word_1_826' title='bbox 2470 5252 2544 5314; x_wconf 82' lang='grc' dir='ltr'><strong>ὡς</strong></span> <span class='ocrx_word' id='word_1_827' title='bbox 2578 5249 2754 5322; x_wconf 83' lang='grc' dir='ltr'><strong>ὀρθῶς</strong></span> <span class='ocrx_word' id='word_1_828' title='bbox 2786 5248 3004 5318; x_wconf 80' lang='grc' dir='ltr'><strong>νομίσαι</strong></span> <span class='ocrx_word' id='word_1_829' title='bbox 3036 5249 3254 5318; x_wconf 81' lang='grc' dir='ltr'><strong>φρονεῖν</strong></span> <span class='ocrx_word' id='word_1_830' title='bbox 3286 5248 3413 5310; x_wconf 73' lang='grc' dir='ltr'><strong>τοὺς</strong></span> <span class='ocrx_word' id='word_1_831' title='bbox 3460 5245 3708 5314; x_wconf 81' lang='grc' dir='ltr'><strong>λέγοντας</strong></span> <span class='ocrx_word' id='word_1_832' title='bbox 3751 5237 3860 5309; x_wconf 79' lang='grc' dir='ltr'><strong>μίαν</strong></span> 
     </span>
    </p>
   </div>
   <div class='ocr_carea' id='block_1_107' title="bbox 1935 5435 2605 5498">
    <p class='ocr_par' dir='ltr' id='par_1_107' title="bbox 1935 5435 2605 5498">
     <span class='ocr_line' id='line_1_107' title="bbox 1935 5435 2605 5498; baseline 0.009 -8"><span class='ocrx_word' id='word_1_833' title='bbox 1935 5435 2169 5495; x_wconf 63' lang='lat' dir='ltr'><strong>VARUS</strong></span> <span class='ocrx_word' id='word_1_834' title='bbox 2205 5438 2496 5498; x_wconf 76' lang='lat' dir='ltr'><strong>LECTION</strong></span> <span class='ocrx_word' id='word_1_835' title='bbox 2503 5442 2605 5497; x_wconf 84' lang='lat' dir='ltr'><strong>ES.</strong></span> 
     </span>
    </p>
   </div>
   <div class='ocr_carea' id='block_1_108' title="bbox 669 5529 1694 5634">
    <p class='ocr_par' dir='ltr' id='par_1_108' title="bbox 669 5529 1694 5634">
     <span class='ocr_line' id='line_1_108' title="bbox 669 5529 1694 5634; baseline 0.015 -22"><span class='ocrx_word' id='word_1_836' title='bbox 669 5529 674 5534; x_wconf 29' lang='grc' dir='ltr'><strong>Ι</strong></span> <span class='ocrx_word' id='word_1_837' title='bbox 740 5564 790 5600; x_wconf 69' lang='grc'><strong>’⁸</strong></span> <span class='ocrx_word' id='word_1_838' title='bbox 815 5565 869 5620; x_wconf 83' lang='grc' dir='ltr'><strong>δὲ</strong></span> <span class='ocrx_word' id='word_1_839' title='bbox 900 5583 1010 5622; x_wconf 89' lang='lat' dir='ltr'><strong>om.</strong></span> <span class='ocrx_word' id='word_1_840' title='bbox 1042 5565 1106 5621; x_wconf 88' lang='lat' dir='ltr'><strong>P.</strong></span> <span class='ocrx_word' id='word_1_841' title='bbox 1198 5568 1243 5601; x_wconf 81' lang='grc'><strong>²⁹</strong></span> <span class='ocrx_word' id='word_1_842' title='bbox 1273 5568 1560 5634; x_wconf 80' lang='grc' dir='ltr'><strong>ὲξωθέντες</strong></span> <span class='ocrx_word' id='word_1_843' title='bbox 1589 5570 1694 5627; x_wconf 80' lang='lat' dir='ltr'><strong>PV.</strong></span> 
     </span>
    </p>
   </div>
   <div class='ocr_carea' id='block_1_109' title="bbox 655 5637 1549 5709">
    <p class='ocr_par' dir='ltr' id='par_1_109' title="bbox 655 5637 1549 5709">
     <span class='ocr_line' id='line_1_109' title="bbox 655 5637 1549 5709; baseline 0.002 -16"><span class='ocrx_word' id='word_1_844' title='bbox 655 5637 1109 5709; x_wconf 59' lang='lat' dir='ltr'><strong>ConﬁCyrillus,</strong></span> <span class='ocrx_word' id='word_1_845' title='bbox 1157 5654 1277 5709; x_wconf 75' lang='lat' dir='ltr'><strong>pag.</strong></span> <span class='ocrx_word' id='word_1_846' title='bbox 1335 5640 1446 5709; x_wconf 17' lang='grc'><strong>144,</strong></span> <span class='ocrx_word' id='word_1_847' title='bbox 1486 5645 1549 5695; x_wconf 77' lang='grc' dir='ltr'><strong>Α.</strong></span> 
     </span>
    </p>
   </div>
   <div class='ocr_carea' id='block_1_110' title="bbox 656 5777 1858 5856">
    <p class='ocr_par' dir='ltr' id='par_1_110' title="bbox 656 5777 1858 5856">
     <span class='ocr_line' id='line_1_110' title="bbox 656 5777 1858 5856; baseline 0.008 -24"><span class='ocrx_word' id='word_1_848' title='bbox 656 5777 1086 5851; x_wconf 59' lang='grc' dir='ltr'><strong>(Ξοιιίζεγνίιιυιι,</strong></span> <span class='ocrx_word' id='word_1_849' title='bbox 1121 5782 1225 5838; x_wconf 89' lang='lat' dir='ltr'><strong>vol.</strong></span> <span class='ocrx_word' id='word_1_850' title='bbox 1250 5778 1320 5850; x_wconf 73' lang='grc' dir='ltr'><strong>γ,</strong></span> <span class='ocrx_word' id='word_1_851' title='bbox 1353 5797 1409 5853; x_wconf 92' lang='lat' dir='ltr'><strong>p.</strong></span> <span class='ocrx_word' id='word_1_852' title='bbox 1445 5777 1486 5849; x_wconf 64' lang='grc' dir='ltr'><strong>Ι,</strong></span> <span class='ocrx_word' id='word_1_853' title='bbox 1521 5798 1644 5856; x_wconf 80' lang='lat' dir='ltr'><strong>pag.</strong></span> <span class='ocrx_word' id='word_1_854' title='bbox 1676 5784 1780 5841; x_wconf 87' lang='grc'><strong>787</strong></span> <span class='ocrx_word' id='word_1_855' title='bbox 1810 5801 1858 5843; x_wconf 88' lang='lat' dir='ltr'><strong>s.</strong></span> 
     </span>
    </p>
   </div>
   <div class='ocr_carea' id='block_1_111' title="bbox 1798 5561 3855 5653">
    <p class='ocr_par' dir='ltr' id='par_1_111' title="bbox 1798 5561 3855 5653">
     <span class='ocr_line' id='line_1_111' title="bbox 1798 5561 3855 5653; baseline 0.001 -25"><span class='ocrx_word' id='word_1_856' title='bbox 1798 5574 1844 5606; x_wconf 76' lang='lat'><strong>&#39;°</strong></span> <span class='ocrx_word' id='word_1_857' title='bbox 1875 5575 2167 5653; x_wconf 68' lang='grc' dir='ltr'><strong>ἀπειθανδς</strong></span> <span class='ocrx_word' id='word_1_858' title='bbox 2196 5579 2257 5634; x_wconf 83' lang='grc' dir='ltr'><strong>Ρ.</strong></span> <span class='ocrx_word' id='word_1_859' title='bbox 2333 5582 2375 5613; x_wconf 77' lang='grc'><strong>³⁸</strong></span> <span class='ocrx_word' id='word_1_860' title='bbox 2409 5583 2478 5653; x_wconf 75' lang='grc' dir='ltr'><strong>ἦν</strong></span> <span class='ocrx_word' id='word_1_861' title='bbox 2527 5579 2750 5653; x_wconf 72' lang='grc' dir='ltr'><strong>δικαίως</strong></span> <span class='ocrx_word' id='word_1_862' title='bbox 2792 5577 2908 5643; x_wconf 83' lang='lat' dir='ltr'><strong>RV,</strong></span> <span class='ocrx_word' id='word_1_863' title='bbox 2954 5579 3049 5653; x_wconf 41' lang='lat' dir='ltr'><strong>div</strong></span> <span class='ocrx_word' id='word_1_864' title='bbox 3083 5581 3146 5653; x_wconf 72' lang='grc' dir='ltr'><strong>το</strong></span> <span class='ocrx_word' id='word_1_865' title='bbox 3191 5578 3536 5653; x_wconf 65' lang='grc' dir='ltr'><strong>ἐγκαλεῖσθαι</strong></span> <span class='ocrx_word' id='word_1_866' title='bbox 3563 5561 3855 5653; x_wconf 41' lang='grc' dir='ltr'><strong>-δικαιίςυςΡο</strong></span> 
     </span>
    </p>
   </div>
   <div class='ocr_carea' id='block_1_112' title="bbox 1661 5642 2966 5721">
    <p class='ocr_par' dir='ltr' id='par_1_112' title="bbox 1661 5642 2966 5721">
     <span class='ocr_line' id='line_1_112' title="bbox 1661 5642 2966 5721; baseline 0.004 -25"><span class='ocrx_word' id='word_1_867' title='bbox 1661 5645 1708 5721; x_wconf 76' lang='lat'><strong>&quot;_</strong></span> <span class='ocrx_word' id='word_1_868' title='bbox 1741 5646 1974 5721; x_wconf 52' lang='grc' dir='ltr'><strong>συνετῷ-ς</strong></span> <span class='ocrx_word' id='word_1_869' title='bbox 2012 5642 2183 5721; x_wconf 55' lang='lat' dir='ltr'><strong>ﬁeri}.</strong></span> <span class='ocrx_word' id='word_1_870' title='bbox 2235 5642 2543 5721; x_wconf 73' lang='grc' dir='ltr'><strong>συνετόὶσης</strong></span> <span class='ocrx_word' id='word_1_871' title='bbox 2571 5653 2603 5721; x_wconf 80' lang='grc' dir='ltr'>ἡ</span> <span class='ocrx_word' id='word_1_872' title='bbox 2636 5651 2699 5716; x_wconf 77' lang='grc' dir='ltr'><strong>γ,</strong></span> <span class='ocrx_word' id='word_1_873' title='bbox 2733 5642 2966 5721; x_wconf 74' lang='grc' dir='ltr'><strong>συνεστιῖ</strong></span> 
     </span>
    </p>
   </div>
   <div class='ocr_carea' id='block_1_113' title="bbox 658 5708 2519 5792">
    <p class='ocr_par' dir='ltr' id='par_1_113' title="bbox 658 5708 2519 5792">
     <span class='ocr_line' id='line_1_113' title="bbox 658 5708 2519 5792; baseline 0.009 -31"><span class='ocrx_word' id='word_1_874' title='bbox 658 5709 704 5792; x_wconf 52' lang='lat'>1‘</span> <span class='ocrx_word' id='word_1_875' title='bbox 735 5708 1071 5792; x_wconf 45' lang='grc' dir='ltr'><strong>Υίῷλκαι-τὸ</strong></span> <span class='ocrx_word' id='word_1_876' title='bbox 1095 5708 1300 5792; x_wconf 67' lang='lat' dir='ltr'><strong>restitui</strong></span> <span class='ocrx_word' id='word_1_877' title='bbox 1329 5725 1394 5764; x_wconf 74' lang='lat' dir='ltr'><strong>ex</strong></span> <span class='ocrx_word' id='word_1_878' title='bbox 1421 5708 1636 5792; x_wconf 83' lang='lat' dir='ltr'><strong>C_yriilo,</strong></span> <span class='ocrx_word' id='word_1_879' title='bbox 1661 5713 1841 5792; x_wconf 51' lang='grc' dir='ltr'><strong>εδηκαὶ</strong></span> <span class='ocrx_word' id='word_1_880' title='bbox 1865 5708 1976 5772; x_wconf 58' lang='lat' dir='ltr'><strong>PV.</strong></span> <span class='ocrx_word' id='word_1_881' title='bbox 2032 5708 2098 5752; x_wconf 86' lang='grc'><strong>’³⁸</strong></span> <span class='ocrx_word' id='word_1_882' title='bbox 2128 5708 2236 5792; x_wconf 78' lang='grc' dir='ltr'><strong>γὰρ</strong></span> <span class='ocrx_word' id='word_1_883' title='bbox 2265 5721 2429 5776; x_wconf 72' lang='grc' dir='ltr'><strong>αὐτοῦ</strong></span> <span class='ocrx_word' id='word_1_884' title='bbox 2459 5708 2519 5790; x_wconf 64' lang='lat' dir='ltr'><strong>P,</strong></span> 
     </span>
    </p>
   </div>
   <div class='ocr_carea' id='block_1_114' title="bbox 2636 5639 3856 5719">
    <p class='ocr_par' dir='ltr' id='par_1_114' title="bbox 2636 5639 3856 5719">
     <span class='ocr_line' id='line_1_114' title="bbox 2636 5639 3856 5719; baseline -0.012 -15"><span class='ocrx_word' id='word_1_885' title='bbox 2636 5651 2699 5716; x_wconf 82' lang='lat' dir='ltr'><strong>V,</strong></span> <span class='ocrx_word' id='word_1_886' title='bbox 2731 5639 3084 5719; x_wconf 68' lang='grc' dir='ltr'><strong>⁷συνεστιῖισίης</strong></span> <span class='ocrx_word' id='word_1_887' title='bbox 3123 5651 3157 5719; x_wconf 82' lang='grc' dir='ltr'>ὴ</span> <span class='ocrx_word' id='word_1_888' title='bbox 3219 5639 3285 5703; x_wconf 61' lang='grc' dir='ltr'><strong>Β.</strong></span> <span class='ocrx_word' id='word_1_889' title='bbox 3361 5650 3405 5680; x_wconf 80' lang='grc'><em>³³</em></span> <span class='ocrx_word' id='word_1_890' title='bbox 3435 5649 3522 5719; x_wconf 10' lang='grc' dir='ltr'><strong>ἐνὶ,</strong></span> <span class='ocrx_word' id='word_1_891' title='bbox 3563 5639 3856 5719; x_wconf 52' lang='grc' dir='ltr'><strong>Υἰῴνεοζει.</strong></span> 
     </span>
    </p>
   </div>
   <div class='ocr_carea' id='block_1_115' title="bbox 2619 5706 3856 5794">
    <p class='ocr_par' dir='ltr' id='par_1_115' title="bbox 2619 5706 3856 5794">
     <span class='ocr_line' id='line_1_115' title="bbox 2619 5706 3856 5794; baseline -0.012 -17"><span class='ocrx_word' id='word_1_892' title='bbox 2619 5739 2650 5794; x_wconf 90' lang='grc' dir='ltr'>ρ</span> <span class='ocrx_word' id='word_1_893' title='bbox 2683 5706 2915 5793; x_wconf 59' lang='grc' dir='ltr'><strong>αὐτὴιῇ</strong></span> <span class='ocrx_word' id='word_1_894' title='bbox 2989 5706 3092 5774; x_wconf 68' lang='grc' dir='ltr'><strong>δ”ό</strong></span> <span class='ocrx_word' id='word_1_895' title='bbox 3113 5706 3274 5784; x_wconf 63' lang='grc' dir='ltr'><strong>αύτὸς</strong></span> <span class='ocrx_word' id='word_1_896' title='bbox 3299 5721 3329 5775; x_wconf 87' lang='lat'><strong>6</strong></span> <span class='ocrx_word' id='word_1_897' title='bbox 3370 5719 3433 5777; x_wconf 87' lang='lat' dir='ltr'><strong>P.</strong></span> <span class='ocrx_word' id='word_1_898' title='bbox 3507 5717 3547 5752; x_wconf 83' lang='grc'><strong>³⁷</strong></span> <span class='ocrx_word' id='word_1_899' title='bbox 3579 5706 3722 5772; x_wconf 78' lang='grc' dir='ltr'><strong>Θέόν.</strong></span> <span class='ocrx_word' id='word_1_900' title='bbox 3750 5712 3779 5782; x_wconf 76' lang='grc' dir='ltr'>ἠ</span> <span class='ocrx_word' id='word_1_901' title='bbox 3805 5706 3856 5762; x_wconf 73' lang='grc' dir='ltr'><strong>ν.</strong></span> 
     </span>
    </p>
   </div>
  </div>
