4096 6296
242 353 355 417 913

1432 345 1869 412 CHRON‘ICON
1908 347 2310 409 PASCHALE.

3380 342 3495 408 914.

240 458 386 516 εἶναι
434 459 596 529 φύσιν
642 459 762 532 ἦτοι
814 458 1003 512 οὑσίαν
1039 457 1240 530 σαρκὸς
1288 459 1384 511 καὶ
1432 459 1684 528 θεότητος
1727 457 1817 512 τοῦ

1926 464 2061 519 situs
2087 476 2191 523 est.
2227 466 2293 521 Et
2320 478 2429 518 non
2458 460 2652 530 aliquis
2680 460 2760 517 sic
2800 459 3062 525 insaniat,
3096 469 3157 516 ut
3192 461 3490 517 arbitretur

236 554 505 626 Χριστοῦ,
545 554 643 625 τὴν
686 552 854 624 αὑτὴν
884 554 1034 606 θείαν
1066 555 1160 606 καὶ
1192 552 1401 623 χοῖκὴν,
1431 552 1681 623 παθητὴν
1710 553 1819 607 ’καὶ

238 645 693 715 ἀπαθῆ.Έπειδὴ
730 646 788 699 δὲ
829 646 922 698 καὶ
946 644 1209 715 ἑτέρωθεν
1242 644 1672 707 κατασκευάζειν
1697 646 1819 697 ὲπι-

239 738 523 809 χειροῦσιν
552 754 700 799 τινες
724 736 787 790 τὸ
814 736 944 807 μίαν
972 731 1111 788 εἶναι
1140 735 1304 805 φύσιν
1320 737 1419 806 τῆς
1447 735 1698 806 θεότητος
1722 738 1819 790 καὶ

238 831 344 901 τῆς
391 829 810 902 ἁνθρωπότητος
856 829 949 882 τοῦ
996 827 1253 898 Χριστοῦ,
1279 829 1340 882 τὸ
1384 829 1477 882 τοῦ
1526 828 1819 900 ἀνθρώπου

240 922 603 990 παράδειγμα
630 921 1060 992 προσαλλόμενοι
1088 924 1184 975 καὶ
1213 923 1481 991 λέγοντες,
1513 924 1594 976 ὅτι
1627 922 1817 995 ὥσπερ

240 1014 303 1080 ἐξ
332 1012 643 1083 ἑτεροφυῶν
662 1012 841 1083 ψυχῆς
868 1014 961 1065 καὶ
983 1011 1235 1083 σώματος
1258 1013 1529 1077 συνεστὼς
1554 1015 1583 1066 6
1605 1015 1818 1087 ἄνθρω-

240 1123 345 1169 πος
379 1107 479 1176 μία
508 1107 669 1176 φύσις
696 1108 929 1176 λέγεται,
956 1106 1099 1162 οὕτω
1126 1110 1220 1162 καὶ
1248 1110 1311 1162 ὲκ
1339 1110 1433 1162 δύο
1462 1109 1676 1178 φύσεων
1700 1110 1819 1165 θεό·

236 1214 405 1267 τητος
429 1198 523 1251 καὶ
554 1198 972 1269 ἀνθρωπότητος
1003 1200 1093 1253 τὸν
1121 1201 1355 1270 Χριστὸν
1395 1201 1643 1270 λέγοντες
1670 1202 1819 1271 ὀφεί-

238 1288 409 1359 λομεν
440 1290 570 1359 μίαν
602 1290 765 1359 φύσιν
793 1292 878 1344 ἐπ’
905 1291 1053 1361 αὑτῷ
1082 1292 1280 1361 λέγειν,
1314 1294 1488 1346 ἐκεῖνο
1531 1293 1669 1363 πρὸς
1718 1295 1817 1347 αὑ-

236 1385 370 1445 τοὺς
402 1384 636 1454 ἐροῦμεν
667 1385 750 1438 ὅτι
782 1386 810 1438 6
851 1385 950 1455 μὲν
980 1385 1283 1457 ἄνθρωπος,
1313 1387 1419 1441 κᾶν
1447 1390 1510 1440 ἐκ
1543 1388 1816 1458 διαφόρων

239 1475 595 1545 συνέστηκεν,
640 1477 922 1531 τουτέστιν
972 1476 1153 1548 ψυχῆς
1199 1479 1293 1532 καὶ
1335 1479 1496 1550 352
1545 1481 1814 1550 σώματος,

237 1567 392 1636 ὅμως
439 1568 528 1621 διὰ
560 1566 717 1623 τοῦτο
765 1570 864 1640 μία
898 1570 1060 1639 φύσις
1109 1571 1349 1637 λέγεται,
1380 1573 1568 1643 ἐπειδὴ
1620 1572 1816 1637 κοινῶς

240 1658 386 1711 κατὰ
413 1659 602 1712 πασῶν
628 1661 737 1713 τῶν
759 1662 1132 1729 ὑποστάσεων,
1160 1666 1327 1736 ἧγουν
1348 1666 1677 1733 προσώπων,
1702 1666 1815 1721 τῶν

242 1748 350 1804 ὑπὸ
382 1750 445 1803 τὸ
472 1752 604 1805 αὑτὸ
638 1748 779 1818 εἶδος
801 1756 1152 1826 ἀναγομένων
1188 1762 1594 1829 κατηγορεῖται.
1626 1762 1689 1813 Εἰ
1718 1762 1813 1814 καὶ

240 1838 370 1892 τάκ
409 1840 645 1910 μάλιστα
670 1844 779 1913 γὰρ
801 1845 1005 1917 ἑκάστη
1033 1848 1329 1906 ὑπόστασις
1356 1851 1472 1920 ἤτοι
1500 1851 1810 1916 πρόσωπον,

238 1925 355 1984 οἷον
385 1932 592 2003 Πέτρος
616 1936 711 1987 καὶ
740 1937 968 2003 Παῦλος,
998 1942 1111 2002 τοῖς
1144 1940 1426 2010 ἰδιώμασιν
1451 1943 1545 1995 ἀπ’
1572 1944 1817 2015 ἀλλήλων

239 2022 672 2095 διαχωρίξονται,
719 2027 834 2081 ἀλλ’
862 2030 1011 2097 ὅμως
1052 2032 1113 2084 οὑ
1145 2036 1209 2103 τῇ
1247 2034 1404 2102 φύσει
1444 2036 1810 2105 διαιροῦνται·

240 2116 546 2219 ἀμφότεροι
568 2118 676 2219 ἴὰρ
696 2119 973 2219 ἄνθρωποι
993 2140 1007 2155 ⁸
1034 2127 1130 2178 καὶ⁵
1155 2127 1316 2179 πάλιν
1337 2125 1460 2180 οὕτε
1482 2128 1626 2199 ψυχὴ
1649 2133 1817 2201 χωρὶς

243 2206 501 2274 σώματος
546 2206 669 2261 οὔτε
703 2209 861 2280 σῶμα
890 2214 1059 2283 χωρὶς
1085 2214 1261 2284 ψυχῆς
1294 2216 1577 2287 ἄνθρωπος
1594 2220 1660 2284 ³³,
1689 2222 1817 2274 ἀλλ’

240 2297 309 2348 ὲκ
335 2296 430 2349 τοῦ
461 2299 535 2367 μὴ
568 2300 721 2364 ὖντος
744 2304 826 2365 είς
857 2304 918 2355 τὸ
950 2301 1108 2369 εἶναι,
1139 2308 1202 2359 ἐκ
1232 2307 1414 2379 ψυχῆς
1440 2313 1533 2363 καὶ
1564 2311 1818 2382 σώματος

240 2386 673 2460 ὲδημιουργήθη.
706 2392 819 2445 Πᾶν
839 2393 884 2426 ‘°
914 2394 972 2447 δὲ
1008 2397 1213 2466 κτίσμα
1241 2400 1289 2452 εί
1320 2402 1415 2453 καὶ
1448 2402 1511 2453 ἐκ
1541 2403 1816 2476 διαφόρων

243 2478 595 2551 συνέστηκεν,
627 2483 741 2536 ἀλλ’
767 2480 861 2538 οὖν
894 2487 1020 2555 μίαν
1050 2490 1265 2561 ἐκείνην
1291 2492 1433 2562 ἔχειν
1470 2494 1684 2563 λέγεται
1713 2499 1814 2567 φύ-

242 2586 349 2634 σιν,
400 2573 524 2626 καθ’
557 2576 622 2644 ἣν
668 2578 820 2647 παρὰ
868 2576 962 2631 τὸῦ
1014 2581 1148 2634 Θεοῦ
1197 2584 1703 2659 ἐδημιουργήθη.”υ
1754 2592 1813 2645 δὲ

239 2662 478 2732 Χριστὸς
506 2666 605 2735 οὑχ
628 2666 801 2732 οὕτως
819 2688 831 2699 ο
857 2670 982 2723 οὔτε
1010 2675 1116 2746 γὰρ
1153 2677 1281 2745 μίαν
1312 2678 1491 2747 φύσιν,
1520 2682 1689 2750 ἠγουν
1720 2685 1814 2737 οὑ-

240 2755 386 2816 σίαν,
420 2756 573 2826 δηλοῖ
595 2760 789 2826 κοινῶς
808 2763 852 2794 δί
883 2766 1025 2818 κατὰ
1069 2768 1280 2822 πολλῶν
1314 2772 1665 2828 ὑποστάσεων
1693 2778 1814 2847 ἦτοι

239 2847 549 2951 προσώπων
582 2858 1083 2951 κατηγορουμένην,
1114 2860 1303 2934 ὥσπερ
1337 2865 1366 2916 6
1403 2866 1691 2936 ἄνθρωπος
1713 2886 1727 2900 ’
1763 2873 1812 2924 εί

176 3000 185 3007 ς
240 2938 374 3047 2:26-
397 2939 557 3047 τοῦτο
603 2938 695 3047 ἢν,
732 2947 916 3047 πολλοὶ
966 2951 1192 3020 Χριστοὶ
1239 2955 1645 3027 εὑρεθήσονται,
1680 2962 1816 3014 καθ’

238 3032 380 3127 ὼν-δξ
406 3033 468 3085 τὸ
494 3036 677 3089 καινὸν
703 3038 803 3108 τῆς
842 3043 971 3111 μιᾶς
1004 3045 1219 3113 φύσεως
1249 3054 1653 3120 κατηγορεῖται,
1676 3055 1773 3108 ὃπε
1783 3073 1813 3127 ρ

1918 572 2013 613 eos
2040 568 2185 612 recte
2221 571 2448 626 sapere,
2486 555 2579 623 qui
2628 553 2808 608 dicunt
2861 568 3022 606 unam
3074 567 3195 608 esse
3235 552 3489 609 naturam

1916 650 2031 706 sive
2079 647 2439 704 substantiam
2480 646 2663 700 carnis
2687 655 2742 699 ct
2807 645 3023 699 deitatis
3065 644 3302 711 Christi,
3333 661 3486 702 eam-

1921 741 2038 796 lem
2066 750 2122 796 et
2150 740 2386 796 divinam
2418 747 2473 793 et
2504 748 2804 800 terrenam,
2841 736 3150 807 passibiletn
3191 746 3249 793 et
3284 736 3488 807 impas-

1916 831 2149 889 sibilem.
2201 829 2470 897 Quoniam
2519 838 2700 883 autem
2755 836 2811 883 et
2878 828 2986 882 alio
3045 825 3207 881 modo
3266 827 3485 895 quidam

1914 924 2201 979 ostendere
2247 932 2513 977 conantur
2579 936 2740 975 unam
2788 934 2908 975 esse
2976 927 3227 973 naturam
3270 919 3493 974 deitatis

1915 1026 1971 1071 et
1999 1014 2349 1070 humanitatis
2380 1012 2613 1077 Christi,
2658 1012 2966 1081 exemplum
3018 1010 3253 1065 hominis
3286 1025 3490 1079 propo.

1916 1119 2111 1164 nentes
2133 1148 2146 1172 ,
2176 1118 2231 1162 et
2272 1108 2548 1169 dicentes,
2579 1105 2725 1175 quod
2766 1105 2908 1160 sicut
2955 1120 3020 1159 ex
3063 1104 3291 1160 diversis
3323 1111 3488 1158 natu-

1918 1203 1995 1257 ris
2019 1242 2035 1265 ,
2078 1203 2259 1256 anima
2286 1212 2342 1254 et
2390 1214 2625 1268 corpore
2668 1198 2973 1253 consistens
3021 1197 3184 1252 homo
3206 1236 3223 1260 ,
3251 1212 3358 1251 una
3384 1212 3485 1250 na-

1919 1304 2038 1349 tura
2069 1295 2291 1357 dicitnr,
2320 1292 2399 1347 sic
2445 1301 2501 1346 et
2555 1307 2618 1346 ex
2667 1291 2878 1346 duabus
2926 1289 3135 1345 naturis
3184 1289 3400 1344 deitatis
3429 1297 3488 1343 et

1916 1384 2272 1441 humanitatis
2327 1383 2605 1438 Christum
2676 1381 2955 1444 dicentes,
2988 1381 3251 1436 debemus
3320 1395 3485 1435 unam

1916 1478 2085 1549 ipsius
2120 1478 2303 1531 dicere
2330 1487 2580 1529 naturam
2612 1493 2626 1531 :
2661 1473 2791 1528 illud
2820 1473 2887 1527 ad
2923 1488 3018 1528 eos
3046 1473 3308 1533 dicemus,
3338 1471 3484 1541 quod

1916 1572 2079 1626 homo
2106 1568 2347 1638 quidem,
2401 1567 2527 1621 licet
2573 1582 2638 1621 ex
2689 1565 2918 1619 diversis
2963 1571 3203 1627 constet,
3253 1563 3305 1617 id
3363 1572 3483 1625 est,

1914 1666 2093 1719 anima
2122 1673 2178 1717 et
2214 1677 2474 1732 corpore.
2512 1669 2693 1715 tamen
2740 1659 2864 1713 ideo
2896 1674 3002 1711 una
3035 1667 3231 1712 natura
3262 1656 3484 1721 dicitur,

1915 1757 2171 1828 quoniam
2226 1756 2295 1809 de
2347 1753 2603 1808 omnibus
2665 1751 2745 1817 [in
2791 1749 3069 1822 omnibus]
3117 1748 3487 1804 subsistentiis
3596 1802 3605 1813 ,

1916 1848 2030 1903 sive
2064 1844 2346 1917 personis,
2380 1858 2502 1913 quae
2561 1842 2662 1897 sub
2698 1842 2886 1896 eadem
2932 1840 3115 1909 specie
3148 1838 3481 1901 referuntur,

1915 1939 2278 1996 communiter
2338 1936 2682 2009 pradicatur.
2737 1933 2888 1987 Licet
2936 1932 3082 1985 enim
3143 1942 3487 1997 unaquaeque

1916 2033 2265 2089 subsistentia
2306 2031 2419 2085 sive
2454 2042 2717 2099 persona,
2751 2027 2893 2080 sicut
2936 2025 3130 2080 Petrus
3167 2016 3220 2077 et
3250 2020 3486 2085 Paulus,

1915 2123 2337 2196 proprietatibus
2372 2137 2403 2175 a
2430 2136 2489 2174 se
2520 2118 2751 2173 invicem
2799 2124 3140 2186 separentur,
3172 2111 3267 2167 sed
3301 2120 3482 2164 tamen

1914 2233 2023 2272 non
2054 2224 2245 2270 natura
2290 2212 2639 2274 dividuntur;
2685 2208 2845 2262 ambo
2900 2205 3044 2261 enim
3101 2203 3392 2260 homines:
3428 2211 3485 2255 et

1914 2311 2111 2366 iterum
2132 2348 2146 2369 .
2179 2321 2282 2360 nec
2315 2305 2494 2359 anima
2524 2302 2641 2356 sine
2678 2314 2940 2369 corpore,
2986 2312 3089 2351 nec
3125 2310 3323 2362 corpus
3365 2295 3487 2348 sine

1914 2404 2095 2458 anima
2127 2402 2290 2454 homo
2318 2407 2428 2460 est,
2457 2395 2553 2449 sed
2580 2410 2643 2448 ex
2674 2407 2740 2447 eo
2775 2390 2919 2461 quod
2961 2405 3069 2445 non
3103 2397 3252 2451 erat,
3283 2387 3352 2441 ad
3383 2388 3489 2442 hoc

1913 2496 2060 2567 quod
2100 2504 2219 2558 est,
2252 2507 2319 2545 ex
2349 2489 2529 2544 anima
2581 2496 2636 2541 et
2678 2500 2906 2555 corpore
2935 2490 3150 2541 creatus
3197 2490 3299 2537 est.
3336 2479 3486 2535 Una-

1915 2602 2143 2660 quaeque
2176 2596 2357 2640 autem
2405 2590 2655 2638 creatura
2704 2579 2832 2633 licet
2880 2592 2944 2632 ex
2976 2574 3205 2630 diversis
3241 2580 3482 2639 constet,

1913 2682 2009 2737 sed
2069 2689 2246 2734 tamen
2298 2690 2460 2730 unam
2519 2674 2663 2728 illam
2700 2672 2901 2726 habere
2927 2669 3129 2724 dicitur
3188 2676 3483 2729 naturain,

1914 2774 2212 2831 secundum
2241 2786 2401 2841 quam
2453 2750 2643 2822 a‘Deo
2673 2764 2760 2837 [ex
2803 2761 2936 2834 Deo]
2967 2771 3147 2816 creata
3187 2769 3289 2815 est.
3322 2759 3485 2815 Chri-

1915 2876 2035 2923 stus
2061 2875 2245 2921 autem
2276 2880 2385 2919 non
2415 2864 2494 2918 sic
2523 2879 2537 2914 :
2569 2875 2673 2915 nec
2718 2858 2864 2913 enim
2894 2870 3060 2909 unam
3093 2863 3342 2908 naturam
3371 2850 3487 2906 sive

1915 2956 2274 3013 substantiam
2322 2952 2618 3022 signiﬁcat,
2672 2962 2795 3017 qua:
2838 2942 3201 3000 communiter
3250 2941 3318 2996 de
3363 2939 3488 3009 plu-

1916 3049 2069 3104 rimis
2098 3045 2465 3103 subsistentiis
2494 3043 2611 3097 sive
2660 3039 2908 3110 personis
2958 3037 3306 3108 pmdicatur,
3346 3033 3490 3089 sicut

239 3124 337 3178 καὶ
369 3124 721 3227 λέγειν-ἐστὶν
750 3133 974 3199 ἀσεϐές·
1000 3137 1115 3190 ἀλλ’
1137 3139 1261 3192 οὔτε
1294 3141 1387 3194 ἀπ’
1409 3144 1584 3214 ἀρχῆς
1607 3148 1669 3199 ἐκ
1694 3124 1811 3200 826-

1918 3142 2100 3196 homo.
2163 3138 2220 3192 Si
2263 3139 2409 3193 enim
2461 3137 2564 3190 hoc
2602 3142 2780 3198 esset,
2830 3131 2987 3187 multi
3041 3128 3227 3185 christi
3277 3127 3490 3182 iuveni-

239 3232 402 3285 τητθς
431 3220 526 3273 καὶ
549 3222 985 3297 ἀνθρωπότητος,
1019 3229 1208 3299 ὥσπερ
1228 3235 1255 3286 6
1285 3235 1565 3306 ἄνθρωπος
1610 3241 1675 3292 ὲκ
1704 3240 1813 3309 ψυ-

1920 3242 2110 3289 rentur
2141 3233 2196 3286 in
2223 3230 2422 3301 quibus
2452 3227 2813 3283 communitas
2842 3224 3006 3279 unius
3047 3231 3257 3277 natura
3285 3218 3489 3290 praedi-

240 3312 344 3399 ζῆς
363 3315 459 3365 καὶ
492 3312 761 3383 σώματος,
785 3321 813 3371 6
842 3321 1074 3391 Χριστὸς
1096 3324 1523 3399 ὲδημιουργήοη,
1549 3331 1635 3385 ἵνα
1657 3333 1812 3387 τοῦτο

239 3396 275 3473 ᾖ
299 3402 345 3433 ⁸³
372 3404 539 3472 φύσις
565 3409 822 3478 Χριστοῦ,
853 3412 990 3468 ἀλλὰ
1019 3416 1150 3480 Θεὸς
1180 3418 1257 3471 ὢν
1278 3396 1383 3491 πρὸ
1409 3396 1620 3477 αἰώνων
1653 3427 1681 3477 6
1706 3427 1810 3479 Λό..

239 3496 423 3597 τος-ἒξ,
453 3498 548 3597 καὶ
743 3502 913 3573 αὐτῆς
941 3505 1153 3575 φύσεως
1185 3509 1301 3579 ἦτοι
1331 3513 1519 3578 οὐσίας
1550 3518 1813 3589 ὑπάρχων

239 3584 529 3691 sigilla-:91,
550 3591 645 3691 καὶ
672 3592 1002 3691 όημιουργὸς
1030 3601 1138 3653 τῶν
1162 3576 1435 3670 ἁπάντων,
1462 3576 1812 3681 ἐπ’ὲσχατων

238 3681 347 3733 τῶν
393 3681 622 3751 ἡμερῶν
667 3684 958 3756 ἀνθρώπου
1006 3692 1166 3759 φύσιν
1199 3696 1322 3749 καθ’
1353 3698 1650 3755 ὑπόστασιν
1679 3702 1813 3757 ἐνώ-

240 3775 570 3932 ἒῗὶἑαντῷ,
604 3777 825 3848 γέγονεν
849 3782 1153 3855 ἄνθρωπος,
1203 3789 1277 3860 μὴ
1313 3791 1512 3857 ἐκστὰς
1550 3794 1643 3848 τοῦ
1671 3796 1811 3850 εἶναι

317 4168 547 4224 ιἘστιν
566 4163 661 4223 οῦν
688 4170 716 4224 6
745 4168 977 4240 Χριστὸς
1012 4170 1109 4241 μία
1139 4170 1457 4243 ὑπόστασις,
1490 4175 1608 4246 ἦτοι
1640 4174 1811 4249 πρόσ-

236 4280 409 4323 ωπον,
444 4262 539 4315 καὶ
562 4261 675 4332 ἔχει
698 4261 758 4315 τὸ
784 4263 987 4315 τέλειον
1031 4265 1088 4316 ὲν
1115 4263 1289 4334 ἐαυτῷ
1318 4264 1418 4334 τῆς
1449 4283 1508 4319 τε
1540 4266 1689 4331 Θείας
1715 4269 1812 4322 καὶ

236 4353 499 4405 ἁκτίστου
529 4352 742 4424 φύσεως
768 4353 860 4411 καὶ
891 4353 953 4405 τὸ
983 4352 1187 4405 τέλειον
1218 4354 1318 4427 τῆς
1347 4356 1692 4430 ἀνθρωπίνης
1717 4360 1812 4413 καὶ

234 4444 467 4514 κτιστῆς
493 4443 726 4512 φύσεως.
759 4443 883 4507 Πῶς
924 4440 1037 4507 οὖν,
1068 4446 1126 4498 ὲν
1176 4438 1221 4513 ᾧ
1262 4445 1354 4500 δὺο
1399 4447 1587 4517 φὺσεις
1619 4451 1811 4524 γνωρί-

235 4534 445 4605 ζονται,
475 4535 731 4598 ἄκτιστος
760 4537 853 4589 καὶ
893 4536 1105 4608 κτιστὴ,
1134 4538 1226 4591 ἐπὶ
1263 4538 1452 4592 τούτου
1487 4541 1617 4609 μίαν
1650 4519 1812 4611 φύσιν
1845 4519 1888 4576 D

232 4624 355 4705 ἦτοι
388 4622 582 4677 οὑσίαν
606 4623 860 4691 λέγεσθαι
888 4624 1140 4687 δυνατόν;
1173 4627 1233 4679 Εἰ
1260 4629 1369 4699 γὰρ
1394 4629 1492 4699 μία
1519 4630 1815 4696 ὑπόστασις

234 4713 357 4783 ἤτοι
387 4712 684 4784 πρόσωπον
709 4716 736 4768 6
766 4714 1022 4785 Χριστὸς,
1049 4715 1222 4769 ἁλλ’δδ
1249 4718 1531 4789 ὁμοοὺσιος
1576 4720 1655 4792 τῷ
1695 4714 1839 4792 Θεῷ

237 4808 332 4859 καὶ
362 4806 563 4877 Πατρὶ,
592 4806 688 4860 καὶ
711 4807 993 4877 όμοοὺσιος
1020 4810 1152 4879 ἡμῖν
1178 4809 1207 4861 6
1231 4811 1412 4873 αὑτὸς,
1443 4812 1503 4866 οὑ
1537 4813 1645 4883 μὴν
1675 4815 1816 4870 κατὰ

242 4896 375 4966 μίαν
428 4896 525 4952 καὶ
568 4896 670 4969 τὴν
719 4898 888 4965 αὑτὴν
939 4898 1101 4967 φύσιν
1140 4900 1258 4971 ἤτοι
1295 4903 1502 4957 οὑσίαν.
1536 4905 1597 4957 Εί
1625 4904 1681 4958 δὲ
1717 4907 1815 4976 μία

241 4987 407 5069 φύσις
432 4987 551 5058 ἦτοι
586 4985 744 5039 οὑσία
784 4982 854 5058 ἦν
879 4989 908 5041 6
935 4988 1190 5059 Χριστὸς,
1220 4990 1251 5059 ἢ
1285 4991 1525 5062 ἄσαρκος
1558 4993 1633 5048 ὢν
1673 4998 1819 5068 μόνῳ

239 5075 318 5146 τῷ
361 5076 484 5147 Θεῷ
526 5080 623 5132 καὶ
665 5078 840 5148 Πατρί
869 5079 1017 5131 ἐστιν
1043 5081 1341 5149 ὁμοοὺσιος,
1367 5083 1552 5156 ἐπειδὴ
1595 5086 1691 5155 μία
1721 5088 1820 5157 τῆς

242 5166 511 5238 Θεότητος
552 5168 710 5223 οὑσία
742 5169 860 5238 ἦτοι
906 5169 1089 5239 φὺσις,
1125 5170 1213 5241 ἥδ’
1247 5172 1398 5240 φιλὸς
1436 5174 1510 5227 ὢν
1536 5177 1821 5249 ἄνθρωπος

246 5259 431 5329 μόνοις
457 5262 594 5329 ἡμῖν
637 5261 784 5314 ἐστιν
828 5262 1132 5331 όμοοὺσιος,
1167 5263 1352 5334 ἐπειδὴ
1386 5266 1484 5335 μία
1527 5268 1689 5334 φὺσις
1719 5272 1821 5340 τῆς

246 5350 691 5437 ἁνθρωπότητος,
713 5352 746 5424 ἢ
769 5355 1036 5425 τραπεῖσα
1062 5355 1295 5428 ἑκατέρα
1326 5357 1488 5426 φὺσις
1516 5360 1815 5433 ἑτεροφυής

1917 3327 2166 3389 cabitur;
2209 3324 2353 3395 quod
2386 3333 2443 3378 et
2487 3323 2669 3377 dicere
2717 3318 2942 3389 impium
2995 3323 3099 3371 est.
3153 3313 3259 3368 Sed
3308 3325 3491 3381 neque

1916 3422 1985 3477 ab
2015 3421 2167 3475 initio
2203 3434 2269 3474 ex
2316 3418 2517 3473 deitate
2556 3423 2611 3470 et
2658 3411 2997 3467 humanitate
3040 3408 3183 3463 sicut
3224 3405 3389 3461 homo
3419 3418 3491 3458 ex

1917 3514 2097 3570 anima
2127 3522 2183 3567 et
2209 3526 2470 3582 corpore,
2502 3508 2753 3563 Christus
2782 3513 2997 3560 creatus
3020 3511 3132 3565 est,
3172 3508 3233 3553 ut
3268 3498 3371 3553 hoc
3414 3495 3489 3550 sit

1916 3615 2110 3661 natura
2140 3603 2341 3660 Christi
2380 3620 2394 3657 :
2431 3601 2527 3656 sed
2575 3614 2699 3654 cum
2746 3596 2889 3651 Deus
2932 3602 3079 3649 esset
3128 3598 3255 3646 ante
3292 3586 3488 3645 saecula

1917 3697 2189 3761 Verbum,
2223 3704 2279 3749 et
2307 3702 2451 3748 esset
2480 3691 2720 3763 ejusdem
2773 3696 2983 3741 natura:
3027 3683 3141 3739 sive
3172 3675 3490 3737 substantia:

1917 3800 2041 3847 eum
2072 3788 2233 3844 Patre
2280 3785 2619 3859 [substantiae
2647 3779 2837 3852 Patri],
2859 3788 2914 3833 et
2947 3785 3157 3832 creator
3204 3770 3445 3827 omnium
3471 3808 3485 3827 .
3554 3829 3559 3833 ς

1919 3885 1975 3940 in
2006 3884 2209 3938 ultimis
2233 3882 2426 3937 diebus
2465 3876 2702 3933 hominis
2735 3884 2983 3928 naturam
3022 3866 3321 3925 secundum
3356 3862 3491 3916 sub-

1918 3977 2221 4032 sistentiam
2286 3974 2387 4029 sibi
2435 3973 2665 4035 uniens,
2696 3968 2873 4022 factus
2918 3973 3003 4020 est
3057 3962 3220 4017 homo
3263 3970 3493 4013 manens

1920 4072 2083 4128 Deus.

1998 4184 2013 4218 ι
2056 4166 2152 4220 Est
2172 4161 2333 4233 igitur
2358 4156 2609 4214 Christus
2653 4168 2761 4209 una
2798 4146 3171 4210 subsistentia,
3209 4143 3325 4199 sive
3362 4157 3492 4212 per-

1919 4274 2072 4324 sena,
2107 4266 2163 4311 ct
2208 4256 2372 4309 habet
2416 4252 2469 4305 in
2521 4247 2814 4316 semetipso
2862 4241 3253 4324 perfectionem
3290 4235 3493 4290 divina:

1918 4360 1974 4406 et
2020 4318 2327 4404 increabilis
2359 4350 2585 4404 naturae,
2621 4347 2678 4394 et
2722 4334 3110 4407 perfectionem
3142 4318 3494 4383 'humanaeet

1920 4442 2172 4500 creabilis
2211 4449 2438 4493 naturae.
2468 4431 2753 4500 Quomodo
2792 4428 2975 4501 igitur,
3005 4426 3059 4479 in
3096 4438 3205 4493 quo
3239 4421 3360 4476 dua:
3388 4434 3493 4473 na-

1917 4548 2053 4594 turze
2093 4540 2526 4605 cognoscuntur,
2568 4522 2877 4581 increabilis
2916 4530 2974 4575 et
3003 4516 3292 4577 creabilis,
3341 4513 3397 4567 in
3424 4526 3492 4567 eo

1918 4645 2080 4687 unam
2120 4604 2369 4683 naturam
2409 4624 2522 4678 sive
2552 4616 2907 4676 substantiam
2937 4612 3041 4669 dici
3082 4607 3338 4680 possibile
3372 4604 3491 4659 est?

1919 4724 2072 4779 Licet
2110 4719 2256 4774 enim
2306 4730 2413 4770 una
2446 4710 2794 4768 subsistentia
2824 4706 2937 4761 sive
2972 4716 3204 4774 persona
3237 4696 3492 4752 Christus

1918 4815 2012 4879 sit,
2050 4811 2144 4867 sed
2177 4802 2654 4864 consubstantialis
2696 4801 2808 4855 Deo
2849 4796 2992 4852 Patri
3032 4794 3168 4865 [Deo
3209 4799 3265 4845 et
3295 4785 3488 4858 Patri],

1919 4913 1975 4959 et
2000 4898 2479 4958 consubstantialis
2515 4895 2672 4949 nobis
2710 4892 2853 4945 idem
2887 4888 3004 4957 ipse
3036 4893 3141 4949 est,
3168 4897 3278 4936 non
3311 4889 3492 4934 tamen

1919 4996 2215 5053 secundum
2250 5007 2410 5047 unam
2441 4988 2798 5053 eamdemque
2825 4991 3095 5042 naturam,
3116 4992 3212 5030 seu
3233 4973 3499 5028 subsunt-

1918 5088 2071 5142 tiam.
2116 5085 2212 5138 Sin
2262 5090 2443 5137 autem
2487 5092 2592 5131 una
2634 5084 2829 5129 natura
2871 5070 2986 5127 sive
3019 5064 3321 5124 substantia
3345 5069 3501 5117 esset

1916 5179 2186 5241 Christus,
2213 5183 2305 5229 aut
2336 5173 2453 5227 sine
2491 5182 2656 5224 carne
2686 5173 2790 5227 est,
2816 5174 2872 5218 et
2909 5161 3006 5216 soli
3038 5159 3147 5214 Deo
3180 5154 3324 5210 Patri
3355 5168 3492 5208 con-

1916 5267 2290 5327 substantialis
2338 5257 2838 5338 [consubstantialis
2882 5252 3017 5326 est],
3074 5249 3332 5322 quoniam
3383 5259 3492 5299 una

1924 5365 2140 5423 deitatis
2178 5358 2479 5417 substantia
2501 5354 2615 5410 sive
2652 5360 2846 5406 natura
2869 5356 2988 5404 est:
3019 5353 3120 5412 aut
3140 5354 3308 5415 purus
3327 5338 3504 5393 homo

1532 5587 1765 5646 VARIIE
1794 5589 2201 5649 LECTIONES.

322 5738 365 5768 ³³
397 5736 467 5789 τὰ
498 5751 612 5794 om.
646 5734 707 5790 Ρ.

374 5737 719 5819 τίθει-,ἢ
789 5737 1300 5819 ,⁸’κάνεὲριιξπέτηῖος
1324 5741 1389 5819 _V-

255 5807 427 5869 καυως
453 5804 513 5861 Ρ.

618 5734 747 5883 ιε’,
779 5737 1435 5881 η’ὶάνθιείιπέξελεοιέξις
1588 5745 1782 5871 res
1805 5739 2438 5888 mmms
2512 5740 2557 5772 “
2799 5737 2907 5810 γάρ
2952 5734 3013 5793 ⁸³·

3117 5734 3162 5767 δ’
3215 5727 3393 5785 καθὼν
3419 5726 3487 5797 Υ,
