  <div class='ocr_page' id='page_1' title='image "/cluster/home/n/w/nwhite01/storage/ocr_20150623/92/hvd.32044019208032/463.png"; bbox 0 0 4096 6296; ppageno 0'>
   <div class='ocr_carea' id='block_1_1' title="bbox 580 324 683 386">
    <p class='ocr_par' dir='ltr' id='par_1_1' title="bbox 580 324 683 386">
     <span class='ocr_line' id='line_1_1' title="bbox 580 324 683 386; baseline 0.01 -1"><span class='ocrx_word' id='word_1_1' title='bbox 580 324 683 386; x_wconf 83' lang='grc'><strong>915</strong></span> 
     </span>
    </p>
   </div>
   <div class='ocr_carea' id='block_1_2' title="bbox 1766 316 2637 384">
    <p class='ocr_par' dir='ltr' id='par_1_2' title="bbox 1766 316 2637 384">
     <span class='ocr_line' id='line_1_2' title="bbox 1766 316 2637 384; baseline 0.003 -3"><span class='ocrx_word' id='word_1_2' title='bbox 1766 316 2201 381; x_wconf 81' lang='lat' dir='ltr'><strong>CHRONICON</strong></span> <span class='ocrx_word' id='word_1_3' title='bbox 2235 318 2518 383; x_wconf 85' lang='lat' dir='ltr'><strong>PASCHA</strong></span> <span class='ocrx_word' id='word_1_4' title='bbox 2526 324 2637 384; x_wconf 89' lang='lat' dir='ltr'><strong>LE.</strong></span> 
     </span>
    </p>
   </div>
   <div class='ocr_carea' id='block_1_3' title="bbox 3711 326 3815 391">
    <p class='ocr_par' dir='ltr' id='par_1_3' title="bbox 3711 326 3815 391">
     <span class='ocr_line' id='line_1_3' title="bbox 3711 326 3815 391; baseline 0 0"><span class='ocrx_word' id='word_1_5' title='bbox 3711 326 3815 391; x_wconf 72' lang='grc' dir='ltr'><strong>(ιἱὸ</strong></span> 
     </span>
    </p>
   </div>
   <div class='ocr_carea' id='block_1_4' title="bbox 585 431 2159 505">
    <p class='ocr_par' dir='ltr' id='par_1_4' title="bbox 585 431 2152 505">
     <span class='ocr_line' id='line_1_4' title="bbox 585 431 2152 505; baseline -0.01 -6"><span class='ocrx_word' id='word_1_6' title='bbox 585 442 870 505; x_wconf 60' lang='grc' dir='ltr'>ρλείειθιιε,</span> <span class='ocrx_word' id='word_1_7' title='bbox 904 456 955 491; x_wconf 91' lang='lat' dir='ltr'><strong>m</strong></span> <span class='ocrx_word' id='word_1_8' title='bbox 976 437 1060 491; x_wconf 91' lang='lat' dir='ltr'><strong>his</strong></span> <span class='ocrx_word' id='word_1_9' title='bbox 1080 445 1163 490; x_wconf 87' lang='lat' dir='ltr'><strong>est</strong></span> <span class='ocrx_word' id='word_1_10' title='bbox 1188 434 1358 491; x_wconf 91' lang='lat' dir='ltr'><strong>solum</strong></span> <span class='ocrx_word' id='word_1_11' title='bbox 1385 433 1872 496; x_wconf 83' lang='lat' dir='ltr'><strong>consubstantialis,</strong></span> <span class='ocrx_word' id='word_1_12' title='bbox 1902 431 2152 502; x_wconf 86' lang='lat' dir='ltr'><strong>quoniam</strong></span> 
     </span>
    </p>
   </div>
   <div class='ocr_carea' id='block_1_5' title="bbox 2259 431 3819 505">
    <p class='ocr_par' dir='ltr' id='par_1_5' title="bbox 2260 432 3819 503">
     <span class='ocr_line' id='line_1_5' title="bbox 2260 432 3819 503; baseline 0.002 -19"><span class='ocrx_word' id='word_1_13' title='bbox 2260 434 2424 494; x_wconf 78' lang='grc' dir='ltr'>ἐστιν,</span> <span class='ocrx_word' id='word_1_14' title='bbox 2461 435 2750 487; x_wconf 74' lang='grc' dir='ltr'><strong>ἀπετέλεσε</strong></span> <span class='ocrx_word' id='word_1_15' title='bbox 2769 433 2811 465; x_wconf 63' lang='grc'><strong>⁵⁷</strong></span> <span class='ocrx_word' id='word_1_16' title='bbox 2852 432 3001 503; x_wconf 80' lang='grc' dir='ltr'><strong>παρά</strong></span> <span class='ocrx_word' id='word_1_17' title='bbox 3032 432 3130 496; x_wconf 78' lang='grc' dir='ltr'><strong>τὰς</strong></span> <span class='ocrx_word' id='word_1_18' title='bbox 3162 432 3535 497; x_wconf 77' lang='grc' dir='ltr'>συνελθούσας,</span> <span class='ocrx_word' id='word_1_19' title='bbox 3567 433 3664 488; x_wconf 76' lang='grc' dir='ltr'>καὶ</span> <span class='ocrx_word' id='word_1_20' title='bbox 3688 437 3819 487; x_wconf 82' lang='grc' dir='ltr'>κατ’</span> 
     </span>
    </p>
   </div>
   <div class='ocr_carea' id='block_1_6' title="bbox 583 526 2151 592">
    <p class='ocr_par' dir='ltr' id='par_1_6' title="bbox 583 526 2151 592">
     <span class='ocr_line' id='line_1_6' title="bbox 583 526 2151 592; baseline -0.008 -4"><span class='ocrx_word' id='word_1_21' title='bbox 583 550 689 589; x_wconf 85' lang='lat' dir='ltr'><strong>nua</strong></span> <span class='ocrx_word' id='word_1_22' title='bbox 718 544 905 587; x_wconf 85' lang='lat' dir='ltr'><strong>natura</strong></span> <span class='ocrx_word' id='word_1_23' title='bbox 939 529 1291 584; x_wconf 71' lang='lat' dir='ltr'><strong>humanitatis</strong></span> <span class='ocrx_word' id='word_1_24' title='bbox 1324 538 1445 582; x_wconf 82' lang='lat' dir='ltr'><strong>est:</strong></span> <span class='ocrx_word' id='word_1_25' title='bbox 1476 533 1567 580; x_wconf 86' lang='lat' dir='ltr'><strong>aut</strong></span> <span class='ocrx_word' id='word_1_26' title='bbox 1604 526 1882 578; x_wconf 79' lang='lat' dir='ltr'><strong>immolata</strong></span> <span class='ocrx_word' id='word_1_27' title='bbox 1923 532 2151 592; x_wconf 79' lang='lat' dir='ltr'><strong>utraque</strong></span> 
     </span>
    </p>
   </div>
   <div class='ocr_carea' id='block_1_7' title="bbox 581 621 2151 686">
    <p class='ocr_par' dir='ltr' id='par_1_7' title="bbox 581 621 2151 686">
     <span class='ocr_line' id='line_1_7' title="bbox 581 621 2151 686; baseline -0.012 -3"><span class='ocrx_word' id='word_1_28' title='bbox 581 637 772 683; x_wconf 84' lang='lat' dir='ltr'><strong>natura</strong></span> <span class='ocrx_word' id='word_1_29' title='bbox 793 626 1012 678; x_wconf 76' lang='lat' dir='ltr'><strong>alteram</strong></span> <span class='ocrx_word' id='word_1_30' title='bbox 1043 621 1224 675; x_wconf 73' lang='lat' dir='ltr'><strong>cil‘ecit</strong></span> <span class='ocrx_word' id='word_1_31' title='bbox 1248 628 1515 680; x_wconf 87' lang='lat' dir='ltr'><strong>naturam,</strong></span> <span class='ocrx_word' id='word_1_32' title='bbox 1541 626 1736 686; x_wconf 62' lang='lat' dir='ltr'><strong>printer</strong></span> <span class='ocrx_word' id='word_1_33' title='bbox 1767 632 1859 668; x_wconf 89' lang='lat' dir='ltr'><strong>eas</strong></span> <span class='ocrx_word' id='word_1_34' title='bbox 1878 631 1995 683; x_wconf 68' lang='lat' dir='ltr'><strong>quae</strong></span> <span class='ocrx_word' id='word_1_35' title='bbox 2018 630 2151 668; x_wconf 92' lang='lat' dir='ltr'><strong>con-</strong></span> 
     </span>
    </p>
   </div>
   <div class='ocr_carea' id='block_1_8' title="bbox 582 708 2148 778">
    <p class='ocr_par' dir='ltr' id='par_1_8' title="bbox 582 708 2148 778">
     <span class='ocr_line' id='line_1_8' title="bbox 582 708 2148 778; baseline -0.008 -8"><span class='ocrx_word' id='word_1_36' title='bbox 582 726 883 777; x_wconf 74' lang='lat' dir='ltr'><strong>venerunt,</strong></span> <span class='ocrx_word' id='word_1_37' title='bbox 914 725 969 768; x_wconf 85' lang='lat' dir='ltr'><strong>et</strong></span> <span class='ocrx_word' id='word_1_38' title='bbox 1009 712 1303 767; x_wconf 89' lang='lat' dir='ltr'><strong>secundum</strong></span> <span class='ocrx_word' id='word_1_39' title='bbox 1356 712 1476 764; x_wconf 88' lang='lat' dir='ltr'><strong>illos</strong></span> <span class='ocrx_word' id='word_1_40' title='bbox 1516 725 1690 778; x_wconf 90' lang='lat' dir='ltr'><strong>neque</strong></span> <span class='ocrx_word' id='word_1_41' title='bbox 1746 708 1886 761; x_wconf 82' lang='lat' dir='ltr'><strong>Deus</strong></span> <span class='ocrx_word' id='word_1_42' title='bbox 1928 708 2148 768; x_wconf 89' lang='lat' dir='ltr'><strong>mansit,</strong></span> 
     </span>
    </p>
   </div>
   <div class='ocr_carea' id='block_1_9' title="bbox 585 801 2152 881">
    <p class='ocr_par' dir='ltr' id='par_1_9' title="bbox 585 801 2152 881">
     <span class='ocr_line' id='line_1_9' title="bbox 585 801 2152 881; baseline -0.008 -16"><span class='ocrx_word' id='word_1_43' title='bbox 585 826 759 881; x_wconf 79' lang='lat' dir='ltr'><strong>neque</strong></span> <span class='ocrx_word' id='word_1_44' title='bbox 824 804 982 863; x_wconf 86' lang='lat' dir='ltr'><strong>homo</strong></span> <span class='ocrx_word' id='word_1_45' title='bbox 1029 807 1200 860; x_wconf 81' lang='lat' dir='ltr'><strong>factus</strong></span> <span class='ocrx_word' id='word_1_46' title='bbox 1237 814 1321 858; x_wconf 84' lang='lat' dir='ltr'><strong>est</strong></span> <span class='ocrx_word' id='word_1_47' title='bbox 1375 804 1657 865; x_wconf 78' lang='lat' dir='ltr'><strong>Christus;</strong></span> <span class='ocrx_word' id='word_1_48' title='bbox 1712 810 1767 855; x_wconf 90' lang='lat' dir='ltr'><strong>et</strong></span> <span class='ocrx_word' id='word_1_49' title='bbox 1806 801 1926 855; x_wconf 90' lang='lat' dir='ltr'><strong>ideo</strong></span> <span class='ocrx_word' id='word_1_50' title='bbox 1975 815 2152 869; x_wconf 89' lang='lat' dir='ltr'><strong>neque</strong></span> 
     </span>
    </p>
   </div>
   <div class='ocr_carea' id='block_1_10' title="bbox 581 892 2149 969">
    <p class='ocr_par' dir='ltr' id='par_1_10' title="bbox 581 892 2149 969">
     <span class='ocr_line' id='line_1_10' title="bbox 581 892 2149 969; baseline -0.007 -14"><span class='ocrx_word' id='word_1_51' title='bbox 581 902 750 966; x_wconf 81' lang='lat' dir='ltr'><strong>Patri,</strong></span> <span class='ocrx_word' id='word_1_52' title='bbox 791 916 968 969; x_wconf 85' lang='lat' dir='ltr'><strong>neque</strong></span> <span class='ocrx_word' id='word_1_53' title='bbox 1002 898 1159 952; x_wconf 84' lang='lat' dir='ltr'><strong>nobis</strong></span> <span class='ocrx_word' id='word_1_54' title='bbox 1203 897 1343 951; x_wconf 88' lang='lat' dir='ltr'><strong>idem</strong></span> <span class='ocrx_word' id='word_1_55' title='bbox 1395 895 1509 964; x_wconf 92' lang='lat' dir='ltr'><strong>ipse</strong></span> <span class='ocrx_word' id='word_1_56' title='bbox 1552 892 2025 947; x_wconf 86' lang='lat' dir='ltr'><strong>consubstantialis</strong></span> <span class='ocrx_word' id='word_1_57' title='bbox 2051 902 2149 946; x_wconf 86' lang='lat' dir='ltr'><strong>est.</strong></span> 
     </span>
    </p>
   </div>
   <div class='ocr_carea' id='block_1_11' title="bbox 586 978 2153 1059">
    <p class='ocr_par' dir='ltr' id='par_1_11' title="bbox 586 978 2153 1059">
     <span class='ocr_line' id='line_1_11' title="bbox 586 978 2153 1059; baseline -0.01 -11"><span class='ocrx_word' id='word_1_58' title='bbox 586 995 675 1049; x_wconf 88' lang='lat' dir='ltr'><strong>Sic</strong></span> <span class='ocrx_word' id='word_1_59' title='bbox 718 978 898 1047; x_wconf 85' lang='lat' dir='ltr'><strong>autem</strong></span> <span class='ocrx_word' id='word_1_60' title='bbox 946 1006 1135 1059; x_wconf 85' lang='lat' dir='ltr'><strong>sapere</strong></span> <span class='ocrx_word' id='word_1_61' title='bbox 1174 989 1319 1042; x_wconf 91' lang='lat' dir='ltr'><strong>omni</strong></span> <span class='ocrx_word' id='word_1_62' title='bbox 1377 987 1597 1057; x_wconf 89' lang='lat' dir='ltr'><strong>plenum</strong></span> <span class='ocrx_word' id='word_1_63' title='bbox 1644 993 1727 1038; x_wconf 89' lang='lat' dir='ltr'><strong>est</strong></span> <span class='ocrx_word' id='word_1_64' title='bbox 1755 984 2047 1052; x_wconf 72' lang='lat' dir='ltr'><strong>impietate.</strong></span> <span class='ocrx_word' id='word_1_65' title='bbox 2087 982 2153 1035; x_wconf 85' lang='lat' dir='ltr'><strong>Et</strong></span> 
     </span>
    </p>
   </div>
   <div class='ocr_carea' id='block_1_12' title="bbox 584 1076 2153 1152">
    <p class='ocr_par' dir='ltr' id='par_1_12' title="bbox 584 1076 2153 1152">
     <span class='ocr_line' id='line_1_12' title="bbox 584 1076 2153 1152; baseline -0.007 -14"><span class='ocrx_word' id='word_1_66' title='bbox 584 1085 688 1141; x_wconf 88' lang='lat' dir='ltr'><strong>ista</strong></span> <span class='ocrx_word' id='word_1_67' title='bbox 720 1087 971 1144; x_wconf 88' lang='lat' dir='ltr'><strong>dicimus,</strong></span> <span class='ocrx_word' id='word_1_68' title='bbox 1016 1098 1124 1136; x_wconf 92' lang='lat' dir='ltr'><strong>non</strong></span> <span class='ocrx_word' id='word_1_69' title='bbox 1157 1082 1467 1152; x_wconf 78' lang='lat' dir='ltr'><strong>ignorantes</strong></span> <span class='ocrx_word' id='word_1_70' title='bbox 1513 1077 1656 1147; x_wconf 90' lang='lat' dir='ltr'><strong>quod</strong></span> <span class='ocrx_word' id='word_1_71' title='bbox 1692 1086 1747 1130; x_wconf 89' lang='lat' dir='ltr'><strong>et</strong></span> <span class='ocrx_word' id='word_1_72' title='bbox 1774 1076 1991 1145; x_wconf 86' lang='lat' dir='ltr'><strong>quidam</strong></span> <span class='ocrx_word' id='word_1_73' title='bbox 2024 1090 2153 1147; x_wconf 77' lang='lat' dir='ltr'><strong>san-</strong></span> 
     </span>
    </p>
   </div>
   <div class='ocr_carea' id='block_1_13' title="bbox 581 1166 2151 1239">
    <p class='ocr_par' dir='ltr' id='par_1_13' title="bbox 581 1166 2151 1239">
     <span class='ocr_line' id='line_1_13' title="bbox 581 1166 2151 1239; baseline -0.01 -4"><span class='ocrx_word' id='word_1_74' title='bbox 581 1191 793 1235; x_wconf 85' lang='lat' dir='ltr'><strong>ctorum</strong></span> <span class='ocrx_word' id='word_1_75' title='bbox 820 1176 1031 1230; x_wconf 83' lang='lat' dir='ltr'><strong>Patrum</strong></span> <span class='ocrx_word' id='word_1_76' title='bbox 1064 1173 1297 1228; x_wconf 84' lang='lat' dir='ltr'><strong>hominis</strong></span> <span class='ocrx_word' id='word_1_77' title='bbox 1320 1170 1564 1239; x_wconf 74' lang='lat' dir='ltr'><strong>exemplo</strong></span> <span class='ocrx_word' id='word_1_78' title='bbox 1589 1168 1641 1221; x_wconf 92' lang='lat' dir='ltr'><strong>in</strong></span> <span class='ocrx_word' id='word_1_79' title='bbox 1675 1167 1928 1238; x_wconf 74' lang='lat' dir='ltr'><strong>mysterio</strong></span> <span class='ocrx_word' id='word_1_80' title='bbox 1951 1166 2151 1220; x_wconf 81' lang='lat' dir='ltr'><strong>Christi</strong></span> 
     </span>
    </p>
   </div>
   <div class='ocr_carea' id='block_1_14' title="bbox 582 1258 2153 1334">
    <p class='ocr_par' dir='ltr' id='par_1_14' title="bbox 582 1258 2153 1334">
     <span class='ocr_line' id='line_1_14' title="bbox 582 1258 2153 1334; baseline -0.007 -10"><span class='ocrx_word' id='word_1_81' title='bbox 582 1272 665 1326; x_wconf 86' lang='lat' dir='ltr'><strong>usi</strong></span> <span class='ocrx_word' id='word_1_82' title='bbox 695 1277 853 1324; x_wconf 91' lang='lat' dir='ltr'><strong>sunt:</strong></span> <span class='ocrx_word' id='word_1_83' title='bbox 879 1268 971 1321; x_wconf 90' lang='lat' dir='ltr'><strong>sed</strong></span> <span class='ocrx_word' id='word_1_84' title='bbox 1004 1266 1079 1321; x_wconf 92' lang='lat' dir='ltr'><strong>illi</strong></span> <span class='ocrx_word' id='word_1_85' title='bbox 1110 1264 1327 1334; x_wconf 90' lang='lat' dir='ltr'><strong>quidem</strong></span> <span class='ocrx_word' id='word_1_86' title='bbox 1358 1271 1417 1316; x_wconf 91' lang='lat' dir='ltr'><strong>ut</strong></span> <span class='ocrx_word' id='word_1_87' title='bbox 1452 1261 1822 1324; x_wconf 81' lang='lat' dir='ltr'><strong>ostenderent,</strong></span> <span class='ocrx_word' id='word_1_88' title='bbox 1846 1259 1985 1329; x_wconf 88' lang='lat' dir='ltr'><strong>quod</strong></span> <span class='ocrx_word' id='word_1_89' title='bbox 2015 1258 2153 1313; x_wconf 81' lang='lat' dir='ltr'><strong>sicut</strong></span> 
     </span>
    </p>
   </div>
   <div class='ocr_carea' id='block_1_15' title="bbox 584 1351 2151 1426">
    <p class='ocr_par' dir='ltr' id='par_1_15' title="bbox 584 1351 2151 1426">
     <span class='ocr_line' id='line_1_15' title="bbox 584 1351 2151 1426; baseline -0.01 -8"><span class='ocrx_word' id='word_1_90' title='bbox 584 1365 746 1419; x_wconf 88' lang='lat' dir='ltr'><strong>homo</strong></span> <span class='ocrx_word' id='word_1_91' title='bbox 788 1378 852 1415; x_wconf 73' lang='lat' dir='ltr'><strong>ex</strong></span> <span class='ocrx_word' id='word_1_92' title='bbox 897 1360 1075 1414; x_wconf 87' lang='lat' dir='ltr'><strong>anima</strong></span> <span class='ocrx_word' id='word_1_93' title='bbox 1125 1369 1178 1413; x_wconf 87' lang='lat' dir='ltr'><strong>et</strong></span> <span class='ocrx_word' id='word_1_94' title='bbox 1231 1371 1457 1426; x_wconf 89' lang='lat' dir='ltr'><strong>corpore</strong></span> <span class='ocrx_word' id='word_1_95' title='bbox 1499 1369 1637 1406; x_wconf 90' lang='lat' dir='ltr'><strong>unus</strong></span> <span class='ocrx_word' id='word_1_96' title='bbox 1679 1351 1923 1411; x_wconf 82' lang='lat' dir='ltr'><strong>eﬂicitur.</strong></span> <span class='ocrx_word' id='word_1_97' title='bbox 1963 1361 2014 1404; x_wconf 88' lang='lat' dir='ltr'><strong>et</strong></span> <span class='ocrx_word' id='word_1_98' title='bbox 2044 1366 2151 1403; x_wconf 88' lang='lat' dir='ltr'><strong>non</strong></span> 
     </span>
    </p>
   </div>
   <div class='ocr_carea' id='block_1_16' title="bbox 581 1441 2153 1516">
    <p class='ocr_par' dir='ltr' id='par_1_16' title="bbox 581 1441 2153 1516">
     <span class='ocr_line' id='line_1_16' title="bbox 581 1441 2153 1516; baseline -0.009 -8"><span class='ocrx_word' id='word_1_99' title='bbox 581 1456 689 1508; x_wconf 80' lang='lat' dir='ltr'><strong>duo</strong></span> <span class='ocrx_word' id='word_1_100' title='bbox 719 1455 987 1516; x_wconf 90' lang='lat' dir='ltr'><strong>homines,</strong></span> <span class='ocrx_word' id='word_1_101' title='bbox 1020 1452 1099 1505; x_wconf 91' lang='lat' dir='ltr'><strong>sic</strong></span> <span class='ocrx_word' id='word_1_102' title='bbox 1126 1459 1181 1504; x_wconf 87' lang='lat' dir='ltr'><strong>et</strong></span> <span class='ocrx_word' id='word_1_103' title='bbox 1209 1448 1460 1503; x_wconf 86' lang='lat' dir='ltr'><strong>Christus</strong></span> <span class='ocrx_word' id='word_1_104' title='bbox 1489 1462 1552 1499; x_wconf 78' lang='lat' dir='ltr'><strong>ex</strong></span> <span class='ocrx_word' id='word_1_105' title='bbox 1592 1446 1790 1499; x_wconf 87' lang='lat' dir='ltr'><strong>deitate</strong></span> <span class='ocrx_word' id='word_1_106' title='bbox 1819 1454 1869 1498; x_wconf 88' lang='lat' dir='ltr'><strong>et</strong></span> <span class='ocrx_word' id='word_1_107' title='bbox 1901 1441 2153 1497; x_wconf 89' lang='lat' dir='ltr'><strong>humani-</strong></span> 
     </span>
    </p>
   </div>
   <div class='ocr_carea' id='block_1_17' title="bbox 585 1528 2148 1613">
    <p class='ocr_par' dir='ltr' id='par_1_17' title="bbox 585 1528 2148 1613">
     <span class='ocr_line' id='line_1_17' title="bbox 585 1528 2148 1613; baseline -0.009 -12"><span class='ocrx_word' id='word_1_108' title='bbox 585 1556 691 1601; x_wconf 79' lang='lat' dir='ltr'><strong>tate</strong></span> <span class='ocrx_word' id='word_1_109' title='bbox 743 1543 1092 1613; x_wconf 83' lang='lat' dir='ltr'><strong>compositus,</strong></span> <span class='ocrx_word' id='word_1_110' title='bbox 1153 1528 1294 1593; x_wconf 79' lang='lat' dir='ltr'><strong>unus</strong></span> <span class='ocrx_word' id='word_1_111' title='bbox 1324 1550 1425 1603; x_wconf 85' lang='lat' dir='ltr'><strong>est,</strong></span> <span class='ocrx_word' id='word_1_112' title='bbox 1472 1554 1579 1592; x_wconf 91' lang='lat' dir='ltr'><strong>non</strong></span> <span class='ocrx_word' id='word_1_113' title='bbox 1630 1537 1683 1589; x_wconf 93' lang='lat' dir='ltr'><strong>in</strong></span> <span class='ocrx_word' id='word_1_114' title='bbox 1718 1537 1852 1590; x_wconf 90' lang='lat' dir='ltr'><strong>duos</strong></span> <span class='ocrx_word' id='word_1_115' title='bbox 1897 1535 2148 1597; x_wconf 88' lang='lat' dir='ltr'><strong>christos,</strong></span> 
     </span>
    </p>
   </div>
   <div class='ocr_carea' id='block_1_18' title="bbox 581 1625 2152 1700">
    <p class='ocr_par' dir='ltr' id='par_1_18' title="bbox 581 1625 2152 1700">
     <span class='ocr_line' id='line_1_18' title="bbox 581 1625 2152 1700; baseline -0.006 -11"><span class='ocrx_word' id='word_1_116' title='bbox 581 1638 665 1691; x_wconf 86' lang='lat' dir='ltr'><strong>vel</strong></span> <span class='ocrx_word' id='word_1_117' title='bbox 699 1639 752 1688; x_wconf 90' lang='lat' dir='ltr'><strong>in</strong></span> <span class='ocrx_word' id='word_1_118' title='bbox 788 1636 925 1689; x_wconf 81' lang='lat' dir='ltr'><strong>duos</strong></span> <span class='ocrx_word' id='word_1_119' title='bbox 977 1632 1114 1686; x_wconf 89' lang='lat' dir='ltr'><strong>ﬁlios</strong></span> <span class='ocrx_word' id='word_1_120' title='bbox 1155 1630 1492 1685; x_wconf 87' lang='lat' dir='ltr'><strong>dividendus.</strong></span> <span class='ocrx_word' id='word_1_121' title='bbox 1530 1628 1635 1700; x_wconf 0' lang='lat' dir='ltr'><strong>plsti</strong></span> <span class='ocrx_word' id='word_1_122' title='bbox 1683 1636 1860 1680; x_wconf 87' lang='lat' dir='ltr'><strong>autem</strong></span> <span class='ocrx_word' id='word_1_123' title='bbox 1922 1625 2152 1679; x_wconf 86' lang='lat' dir='ltr'><strong>hominis</strong></span> 
     </span>
    </p>
   </div>
   <div class='ocr_carea' id='block_1_19' title="bbox 582 1718 2151 1796">
    <p class='ocr_par' dir='ltr' id='par_1_19' title="bbox 582 1718 2151 1796">
     <span class='ocr_line' id='line_1_19' title="bbox 582 1718 2151 1796; baseline -0.008 -15"><span class='ocrx_word' id='word_1_124' title='bbox 582 1727 833 1796; x_wconf 75' lang='lat' dir='ltr'><strong>exemplo</strong></span> <span class='ocrx_word' id='word_1_125' title='bbox 879 1731 1127 1786; x_wconf 88' lang='lat' dir='ltr'><strong>utuntur,</strong></span> <span class='ocrx_word' id='word_1_126' title='bbox 1168 1730 1227 1774; x_wconf 90' lang='lat' dir='ltr'><strong>ut</strong></span> <span class='ocrx_word' id='word_1_127' title='bbox 1262 1736 1421 1773; x_wconf 88' lang='lat' dir='ltr'><strong>unam</strong></span> <span class='ocrx_word' id='word_1_128' title='bbox 1468 1729 1713 1772; x_wconf 85' lang='lat' dir='ltr'><strong>naturam</strong></span> <span class='ocrx_word' id='word_1_129' title='bbox 1757 1718 1868 1772; x_wconf 73' lang='lat' dir='ltr'><strong>sive</strong></span> <span class='ocrx_word' id='word_1_130' title='bbox 1897 1718 2151 1771; x_wconf 85' lang='lat' dir='ltr'><strong>substan-</strong></span> 
     </span>
    </p>
   </div>
   <div class='ocr_carea' id='block_1_20' title="bbox 584 1808 2153 1872">
    <p class='ocr_par' dir='ltr' id='par_1_20' title="bbox 584 1808 2153 1872">
     <span class='ocr_line' id='line_1_20' title="bbox 584 1808 2153 1872; baseline -0.006 0"><span class='ocrx_word' id='word_1_131' title='bbox 584 1819 713 1872; x_wconf 87' lang='lat' dir='ltr'><strong>tiam</strong></span> <span class='ocrx_word' id='word_1_132' title='bbox 765 1814 983 1870; x_wconf 89' lang='lat' dir='ltr'><strong>deitatis</strong></span> <span class='ocrx_word' id='word_1_133' title='bbox 1044 1822 1099 1867; x_wconf 90' lang='lat' dir='ltr'><strong>et</strong></span> <span class='ocrx_word' id='word_1_134' title='bbox 1145 1810 1498 1866; x_wconf 86' lang='lat' dir='ltr'><strong>humanitatis</strong></span> <span class='ocrx_word' id='word_1_135' title='bbox 1531 1809 1751 1871; x_wconf 87' lang='lat' dir='ltr'><strong>Christi</strong></span> <span class='ocrx_word' id='word_1_136' title='bbox 1810 1808 2153 1863; x_wconf 84' lang='lat' dir='ltr'><strong>introducam</strong></span> 
     </span>
    </p>
   </div>
   <div class='ocr_carea' id='block_1_21' title="bbox 578 1901 2154 1980">
    <p class='ocr_par' dir='ltr' id='par_1_21' title="bbox 578 1901 2154 1980">
     <span class='ocr_line' id='line_1_21' title="bbox 578 1901 2154 1980; baseline -0.004 -18"><span class='ocrx_word' id='word_1_137' title='bbox 578 1904 1037 1980; x_wconf 78' lang='lat' dir='ltr'><strong>[introducerent]</strong></span> <span class='ocrx_word' id='word_1_138' title='bbox 1069 1923 1082 1957; x_wconf 90' lang='lat'>:</span> <span class='ocrx_word' id='word_1_139' title='bbox 1113 1903 1253 1973; x_wconf 90' lang='lat' dir='ltr'><strong>quod</strong></span> <span class='ocrx_word' id='word_1_140' title='bbox 1275 1902 1762 1956; x_wconf 85' lang='lat' dir='ltr'><strong>demonstravimus</strong></span> <span class='ocrx_word' id='word_1_141' title='bbox 1780 1901 2013 1954; x_wconf 90' lang='lat' dir='ltr'><strong>alienum</strong></span> <span class='ocrx_word' id='word_1_142' title='bbox 2034 1916 2154 1955; x_wconf 89' lang='lat' dir='ltr'><strong>esse</strong></span> 
     </span>
    </p>
   </div>
   <div class='ocr_carea' id='block_1_22' title="bbox 582 1994 2152 2073">
    <p class='ocr_par' dir='ltr' id='par_1_22' title="bbox 582 1994 2152 2073">
     <span class='ocr_line' id='line_1_22' title="bbox 582 1994 2152 2073; baseline -0.008 -15"><span class='ocrx_word' id='word_1_143' title='bbox 582 2002 815 2073; x_wconf 83' lang='lat' dir='ltr'><strong>pietatis.</strong></span> <span class='ocrx_word' id='word_1_144' title='bbox 848 2001 952 2055; x_wconf 88' lang='lat' dir='ltr'><strong>Sed</strong></span> <span class='ocrx_word' id='word_1_145' title='bbox 979 2015 1101 2054; x_wconf 92' lang='lat' dir='ltr'><strong>cum</strong></span> <span class='ocrx_word' id='word_1_146' title='bbox 1132 2014 1229 2069; x_wconf 84' lang='lat' dir='ltr'><strong>per</strong></span> <span class='ocrx_word' id='word_1_147' title='bbox 1261 1999 1375 2051; x_wconf 69' lang='lat' dir='ltr'><strong>hazc</strong></span> <span class='ocrx_word' id='word_1_148' title='bbox 1401 1997 1816 2059; x_wconf 86' lang='lat' dir='ltr'><strong>convincuntur,</strong></span> <span class='ocrx_word' id='word_1_149' title='bbox 1839 1994 1983 2063; x_wconf 92' lang='lat' dir='ltr'><strong>quod</strong></span> <span class='ocrx_word' id='word_1_150' title='bbox 2014 2009 2152 2063; x_wconf 50' lang='lat' dir='ltr'><strong>prai-</strong></span> 
     </span>
    </p>
   </div>
   <div class='ocr_carea' id='block_1_23' title="bbox 585 2084 2151 2154">
    <p class='ocr_par' dir='ltr' id='par_1_23' title="bbox 585 2084 2151 2154">
     <span class='ocr_line' id='line_1_23' title="bbox 585 2084 2151 2154; baseline -0.009 -3"><span class='ocrx_word' id='word_1_151' title='bbox 585 2107 666 2151; x_wconf 91' lang='lat' dir='ltr'><strong>ter</strong></span> <span class='ocrx_word' id='word_1_152' title='bbox 696 2102 896 2149; x_wconf 88' lang='lat' dir='ltr'><strong>rectam</strong></span> <span class='ocrx_word' id='word_1_153' title='bbox 921 2091 1138 2145; x_wconf 84' lang='lat' dir='ltr'><strong>Patrum</strong></span> <span class='ocrx_word' id='word_1_154' title='bbox 1166 2090 1467 2144; x_wconf 86' lang='lat' dir='ltr'><strong>doctrinam</strong></span> <span class='ocrx_word' id='word_1_155' title='bbox 1502 2085 1601 2140; x_wconf 89' lang='lat' dir='ltr'><strong>sibi</strong></span> <span class='ocrx_word' id='word_1_156' title='bbox 1637 2084 1951 2154; x_wconf 79' lang='lat' dir='ltr'><strong>conﬁngunt</strong></span> <span class='ocrx_word' id='word_1_157' title='bbox 1989 2101 2151 2139; x_wconf 86' lang='lat' dir='ltr'><strong>unam</strong></span> 
     </span>
    </p>
   </div>
   <div class='ocr_carea' id='block_1_24' title="bbox 583 2177 2153 2252">
    <p class='ocr_par' dir='ltr' id='par_1_24' title="bbox 583 2177 2153 2252">
     <span class='ocr_line' id='line_1_24' title="bbox 583 2177 2153 2252; baseline -0.008 -8"><span class='ocrx_word' id='word_1_158' title='bbox 583 2198 853 2252; x_wconf 72' lang='lat' dir='ltr'><strong>naturam,</strong></span> <span class='ocrx_word' id='word_1_159' title='bbox 906 2200 1002 2239; x_wconf 88' lang='lat' dir='ltr'><strong>seu</strong></span> <span class='ocrx_word' id='word_1_160' title='bbox 1048 2181 1405 2237; x_wconf 85' lang='lat' dir='ltr'><strong>substantiam</strong></span> <span class='ocrx_word' id='word_1_161' title='bbox 1478 2178 1696 2233; x_wconf 88' lang='lat' dir='ltr'><strong>deitatis</strong></span> <span class='ocrx_word' id='word_1_162' title='bbox 1742 2186 1798 2231; x_wconf 91' lang='lat' dir='ltr'><strong>et</strong></span> <span class='ocrx_word' id='word_1_163' title='bbox 1835 2177 2036 2239; x_wconf 88' lang='lat' dir='ltr'><strong>carnis,</strong></span> <span class='ocrx_word' id='word_1_164' title='bbox 2086 2179 2153 2231; x_wconf 90' lang='lat' dir='ltr'><strong>ad</strong></span> 
     </span>
    </p>
   </div>
   <div class='ocr_carea' id='block_1_25' title="bbox 582 2276 2155 2341">
    <p class='ocr_par' dir='ltr' id='par_1_25' title="bbox 582 2276 2155 2341">
     <span class='ocr_line' id='line_1_25' title="bbox 582 2276 2155 2341; baseline -0.01 -3"><span class='ocrx_word' id='word_1_165' title='bbox 582 2285 686 2338; x_wconf 85' lang='lat' dir='ltr'><strong>alia</strong></span> <span class='ocrx_word' id='word_1_166' title='bbox 712 2287 1015 2341; x_wconf 88' lang='lat' dir='ltr'><strong>transeunt,</strong></span> <span class='ocrx_word' id='word_1_167' title='bbox 1053 2276 1297 2330; x_wconf 75' lang='lat' dir='ltr'><strong>dicentes</strong></span> <span class='ocrx_word' id='word_1_168' title='bbox 1328 2289 1436 2327; x_wconf 86' lang='lat' dir='ltr'><strong>non</strong></span> <span class='ocrx_word' id='word_1_169' title='bbox 1466 2281 1719 2341; x_wconf 90' lang='lat' dir='ltr'><strong>oportere</strong></span> <span class='ocrx_word' id='word_1_170' title='bbox 1738 2286 2020 2325; x_wconf 85' lang='lat' dir='ltr'><strong>numerum</strong></span> <span class='ocrx_word' id='word_1_171' title='bbox 2054 2287 2155 2324; x_wconf 87' lang='lat' dir='ltr'><strong>na-</strong></span> 
     </span>
    </p>
   </div>
   <div class='ocr_carea' id='block_1_26' title="bbox 590 2365 2154 2434">
    <p class='ocr_par' dir='ltr' id='par_1_26' title="bbox 590 2365 2154 2434">
     <span class='ocr_line' id='line_1_26' title="bbox 590 2365 2154 2434; baseline -0.008 -4"><span class='ocrx_word' id='word_1_172' title='bbox 590 2387 831 2432; x_wconf 81' lang='lat' dir='ltr'><strong>turarum</strong></span> <span class='ocrx_word' id='word_1_173' title='bbox 856 2374 907 2425; x_wconf 93' lang='lat' dir='ltr'><strong>in</strong></span> <span class='ocrx_word' id='word_1_174' title='bbox 930 2369 1147 2425; x_wconf 87' lang='lat' dir='ltr'><strong>Christo</strong></span> <span class='ocrx_word' id='word_1_175' title='bbox 1165 2368 1366 2429; x_wconf 84' lang='lat' dir='ltr'><strong>dicere,</strong></span> <span class='ocrx_word' id='word_1_176' title='bbox 1388 2374 1571 2434; x_wconf 87' lang='lat' dir='ltr'><strong>utpote</strong></span> <span class='ocrx_word' id='word_1_177' title='bbox 1591 2380 1818 2419; x_wconf 88' lang='lat' dir='ltr'><strong>numero</strong></span> <span class='ocrx_word' id='word_1_178' title='bbox 1834 2365 2154 2419; x_wconf 89' lang='lat' dir='ltr'><strong>divisionem</strong></span> 
     </span>
    </p>
   </div>
   <div class='ocr_carea' id='block_1_27' title="bbox 594 2457 2156 2529">
    <p class='ocr_par' dir='ltr' id='par_1_27' title="bbox 594 2457 2156 2529">
     <span class='ocr_line' id='line_1_27' title="bbox 594 2457 2156 2529; baseline -0.008 -5"><span class='ocrx_word' id='word_1_179' title='bbox 594 2469 988 2523; x_wconf 89' lang='lat' dir='ltr'><strong>introducente.</strong></span> <span class='ocrx_word' id='word_1_180' title='bbox 1038 2462 1223 2515; x_wconf 82' lang='lat' dir='ltr'><strong>Sciant</strong></span> <span class='ocrx_word' id='word_1_181' title='bbox 1254 2459 1413 2529; x_wconf 81' lang='lat' dir='ltr'><strong>igitur</strong></span> <span class='ocrx_word' id='word_1_182' title='bbox 1434 2457 1593 2527; x_wconf 88' lang='lat' dir='ltr'><strong>quod</strong></span> <span class='ocrx_word' id='word_1_183' title='bbox 1630 2473 1909 2519; x_wconf 86' lang='lat' dir='ltr'><strong>numerus,</strong></span> <span class='ocrx_word' id='word_1_184' title='bbox 1940 2457 2156 2526; x_wconf 87' lang='lat' dir='ltr'><strong>quando</strong></span> 
     </span>
    </p>
   </div>
   <div class='ocr_carea' id='block_1_28' title="bbox 591 2550 2155 2625">
    <p class='ocr_par' dir='ltr' id='par_1_28' title="bbox 591 2550 2155 2625">
     <span class='ocr_line' id='line_1_28' title="bbox 591 2550 2155 2625; baseline -0.009 -8"><span class='ocrx_word' id='word_1_185' title='bbox 591 2564 648 2618; x_wconf 91' lang='lat' dir='ltr'><strong>in</strong></span> <span class='ocrx_word' id='word_1_186' title='bbox 694 2558 921 2615; x_wconf 88' lang='lat' dir='ltr'><strong>diversis</strong></span> <span class='ocrx_word' id='word_1_187' title='bbox 967 2553 1233 2625; x_wconf 90' lang='lat' dir='ltr'><strong>personis,</strong></span> <span class='ocrx_word' id='word_1_188' title='bbox 1276 2552 1389 2607; x_wconf 86' lang='lat' dir='ltr'><strong>sive</strong></span> <span class='ocrx_word' id='word_1_189' title='bbox 1435 2550 1798 2605; x_wconf 84' lang='lat' dir='ltr'><strong>subsistentiis</strong></span> <span class='ocrx_word' id='word_1_190' title='bbox 1839 2551 2039 2604; x_wconf 88' lang='lat' dir='ltr'><strong>dicitur</strong></span> <span class='ocrx_word' id='word_1_191' title='bbox 2068 2566 2155 2604; x_wconf 91' lang='lat' dir='ltr'><strong>re-</strong></span> 
     </span>
    </p>
   </div>
   <div class='ocr_carea' id='block_1_29' title="bbox 588 2641 2157 2720">
    <p class='ocr_par' dir='ltr' id='par_1_29' title="bbox 588 2641 2157 2720">
     <span class='ocr_line' id='line_1_29' title="bbox 588 2641 2157 2720; baseline -0.008 -13"><span class='ocrx_word' id='word_1_192' title='bbox 588 2668 707 2707; x_wconf 85' lang='lat' dir='ltr'><strong>rum</strong></span> <span class='ocrx_word' id='word_1_193' title='bbox 734 2651 972 2720; x_wconf 88' lang='lat' dir='ltr'><strong>ipsarum</strong></span> <span class='ocrx_word' id='word_1_194' title='bbox 1006 2662 1105 2715; x_wconf 90' lang='lat' dir='ltr'><strong>per</strong></span> <span class='ocrx_word' id='word_1_195' title='bbox 1133 2654 1314 2715; x_wconf 87' lang='lat' dir='ltr'><strong>partes</strong></span> <span class='ocrx_word' id='word_1_196' title='bbox 1339 2643 1503 2696; x_wconf 87' lang='lat' dir='ltr'><strong>habet</strong></span> <span class='ocrx_word' id='word_1_197' title='bbox 1532 2642 1890 2706; x_wconf 81' lang='lat' dir='ltr'><strong>divisionem;</strong></span> <span class='ocrx_word' id='word_1_198' title='bbox 1926 2642 2066 2695; x_wconf 86' lang='lat' dir='ltr'><strong>sicut</strong></span> <span class='ocrx_word' id='word_1_199' title='bbox 2102 2641 2157 2694; x_wconf 92' lang='lat' dir='ltr'><strong>in</strong></span> 
     </span>
    </p>
   </div>
   <div class='ocr_carea' id='block_1_30' title="bbox 587 2733 2157 2813">
    <p class='ocr_par' dir='ltr' id='par_1_30' title="bbox 587 2733 2157 2813">
     <span class='ocr_line' id='line_1_30' title="bbox 587 2733 2157 2813; baseline -0.008 -13"><span class='ocrx_word' id='word_1_200' title='bbox 587 2747 799 2800; x_wconf 84' lang='lat' dir='ltr'><strong>duobus</strong></span> <span class='ocrx_word' id='word_1_201' title='bbox 848 2741 977 2813; x_wconf 83' lang='lat' dir='ltr'><strong>[duo</strong></span> <span class='ocrx_word' id='word_1_202' title='bbox 1015 2740 1090 2792; x_wconf 82' lang='lat' dir='ltr'><strong>sic</strong></span> <span class='ocrx_word' id='word_1_203' title='bbox 1131 2754 1331 2807; x_wconf 81' lang='lat' dir='ltr'><strong>semper</strong></span> <span class='ocrx_word' id='word_1_204' title='bbox 1373 2733 1691 2805; x_wconf 76' lang='grc' dir='ltr'><strong>ἑλληνικῶς]</strong></span> <span class='ocrx_word' id='word_1_205' title='bbox 1726 2735 1808 2788; x_wconf 86' lang='lat' dir='ltr'><strong>vel</strong></span> <span class='ocrx_word' id='word_1_206' title='bbox 1844 2736 2004 2788; x_wconf 87' lang='lat' dir='ltr'><strong>etiam</strong></span> <span class='ocrx_word' id='word_1_207' title='bbox 2038 2736 2157 2803; x_wconf 88' lang='lat' dir='ltr'><strong>plu-</strong></span> 
     </span>
    </p>
   </div>
   <div class='ocr_carea' id='block_1_31' title="bbox 586 2826 2155 2899">
    <p class='ocr_par' dir='ltr' id='par_1_31' title="bbox 586 2826 2155 2899">
     <span class='ocr_line' id='line_1_31' title="bbox 586 2826 2155 2899; baseline -0.008 -8"><span class='ocrx_word' id='word_1_208' title='bbox 586 2838 739 2892; x_wconf 87' lang='lat' dir='ltr'><strong>ribus</strong></span> <span class='ocrx_word' id='word_1_209' title='bbox 792 2833 1136 2889; x_wconf 89' lang='lat' dir='ltr'><strong>hominibus:</strong></span> <span class='ocrx_word' id='word_1_210' title='bbox 1173 2829 1389 2899; x_wconf 82' lang='lat' dir='ltr'><strong>quando</strong></span> <span class='ocrx_word' id='word_1_211' title='bbox 1440 2839 1618 2881; x_wconf 84' lang='lat' dir='ltr'><strong>autem</strong></span> <span class='ocrx_word' id='word_1_212' title='bbox 1673 2828 1727 2881; x_wconf 90' lang='lat' dir='ltr'><strong>in</strong></span> <span class='ocrx_word' id='word_1_213' title='bbox 1772 2827 1931 2880; x_wconf 87' lang='lat' dir='ltr'><strong>rebus</strong></span> <span class='ocrx_word' id='word_1_214' title='bbox 1971 2826 2155 2889; x_wconf 90' lang='lat' dir='ltr'><strong>unitis,</strong></span> 
     </span>
    </p>
   </div>
   <div class='ocr_carea' id='block_1_32' title="bbox 590 2920 2157 2988">
    <p class='ocr_par' dir='ltr' id='par_1_32' title="bbox 590 2920 2157 2988">
     <span class='ocr_line' id='line_1_32' title="bbox 590 2920 2157 2988; baseline -0.006 -6"><span class='ocrx_word' id='word_1_215' title='bbox 590 2940 719 2982; x_wconf 90' lang='lat' dir='ltr'><strong>tunc</strong></span> <span class='ocrx_word' id='word_1_216' title='bbox 748 2929 914 2981; x_wconf 71' lang='lat' dir='ltr'><strong>verbo</strong></span> <span class='ocrx_word' id='word_1_217' title='bbox 968 2926 1084 2978; x_wconf 89' lang='lat' dir='ltr'><strong>solo</strong></span> <span class='ocrx_word' id='word_1_218' title='bbox 1110 2932 1166 2978; x_wconf 87' lang='lat' dir='ltr'><strong>et</strong></span> <span class='ocrx_word' id='word_1_219' title='bbox 1219 2921 1521 2982; x_wconf 86' lang='lat' dir='ltr'><strong>intellectu,</strong></span> <span class='ocrx_word' id='word_1_220' title='bbox 1565 2936 1673 2975; x_wconf 92' lang='lat' dir='ltr'><strong>non</strong></span> <span class='ocrx_word' id='word_1_221' title='bbox 1709 2930 1887 2974; x_wconf 87' lang='lat' dir='ltr'><strong>tamen</strong></span> <span class='ocrx_word' id='word_1_222' title='bbox 1920 2920 2157 2988; x_wconf 89' lang='lat' dir='ltr'><strong>ipsarum</strong></span> 
     </span>
    </p>
   </div>
   <div class='ocr_carea' id='block_1_33' title="bbox 589 3011 2157 3078">
    <p class='ocr_par' dir='ltr' id='par_1_33' title="bbox 589 3011 2157 3078">
     <span class='ocr_line' id='line_1_33' title="bbox 589 3011 2157 3078; baseline -0.008 -2"><span class='ocrx_word' id='word_1_223' title='bbox 589 3037 771 3077; x_wconf 90' lang='lat' dir='ltr'><strong>rerum</strong></span> <span class='ocrx_word' id='word_1_224' title='bbox 823 3021 985 3073; x_wconf 85' lang='lat' dir='ltr'><strong>habet</strong></span> <span class='ocrx_word' id='word_1_225' title='bbox 1029 3016 1371 3078; x_wconf 87' lang='lat' dir='ltr'><strong>divisionem,</strong></span> <span class='ocrx_word' id='word_1_226' title='bbox 1420 3015 1561 3068; x_wconf 89' lang='lat' dir='ltr'><strong>sicut</strong></span> <span class='ocrx_word' id='word_1_227' title='bbox 1588 3014 1641 3065; x_wconf 80' lang='lat' dir='ltr'><strong>in</strong></span> <span class='ocrx_word' id='word_1_228' title='bbox 1674 3028 1776 3065; x_wconf 90' lang='lat' dir='ltr'><strong>una</strong></span> <span class='ocrx_word' id='word_1_229' title='bbox 1809 3011 2157 3066; x_wconf 84' lang='lat' dir='ltr'><strong>subsistentia</strong></span> 
     </span>
    </p>
   </div>
   <div class='ocr_carea' id='block_1_34' title="bbox 2251 523 3818 594">
    <p class='ocr_par' dir='ltr' id='par_1_34' title="bbox 2251 523 3818 594">
     <span class='ocr_line' id='line_1_34' title="bbox 2251 523 3818 594; baseline 0.001 -19"><span class='ocrx_word' id='word_1_230' title='bbox 2251 525 2445 587; x_wconf 75' lang='grc' dir='ltr'>αὐτοὺς</span> <span class='ocrx_word' id='word_1_231' title='bbox 2487 525 2606 577; x_wconf 79' lang='grc' dir='ltr'>οὔτε</span> <span class='ocrx_word' id='word_1_232' title='bbox 2637 526 2767 589; x_wconf 82' lang='grc' dir='ltr'><strong>Θεὸς</strong></span> <span class='ocrx_word' id='word_1_233' title='bbox 2797 527 3009 594; x_wconf 78' lang='grc' dir='ltr'>ἔμεινεν</span> <span class='ocrx_word' id='word_1_234' title='bbox 3046 523 3167 577; x_wconf 69' lang='grc' dir='ltr'>οὔτε</span> <span class='ocrx_word' id='word_1_235' title='bbox 3216 524 3499 594; x_wconf 82' lang='grc' dir='ltr'>ἄνθρωπος</span> <span class='ocrx_word' id='word_1_236' title='bbox 3540 523 3762 591; x_wconf 80' lang='grc' dir='ltr'>γέγονεν</span> <span class='ocrx_word' id='word_1_237' title='bbox 3787 525 3818 577; x_wconf 82' lang='grc' dir='ltr'>ὁ</span> 
     </span>
    </p>
   </div>
   <div class='ocr_carea' id='block_1_35' title="bbox 2251 614 3818 685">
    <p class='ocr_par' dir='ltr' id='par_1_35' title="bbox 2251 614 3818 685">
     <span class='ocr_line' id='line_1_35' title="bbox 2251 614 3818 685; baseline -0.001 -18"><span class='ocrx_word' id='word_1_238' title='bbox 2251 617 2503 685; x_wconf 81' lang='grc' dir='ltr'>Χριστὸς,</span> <span class='ocrx_word' id='word_1_239' title='bbox 2539 617 2634 669; x_wconf 79' lang='grc' dir='ltr'>καὶ</span> <span class='ocrx_word' id='word_1_240' title='bbox 2679 616 2764 669; x_wconf 69' lang='grc' dir='ltr'>διὰ</span> <span class='ocrx_word' id='word_1_241' title='bbox 2814 616 2972 668; x_wconf 73' lang='grc' dir='ltr'>τοῦτο</span> <span class='ocrx_word' id='word_1_242' title='bbox 3021 614 3144 668; x_wconf 76' lang='grc' dir='ltr'>οὔτε</span> <span class='ocrx_word' id='word_1_243' title='bbox 3181 615 3257 684; x_wconf 80' lang='grc' dir='ltr'>τῷ</span> <span class='ocrx_word' id='word_1_244' title='bbox 3288 615 3464 685; x_wconf 66' lang='grc' dir='ltr'>Πατρὶ</span> <span class='ocrx_word' id='word_1_245' title='bbox 3509 614 3637 667; x_wconf 70' lang='grc' dir='ltr'>οὔτε</span> <span class='ocrx_word' id='word_1_246' title='bbox 3689 616 3818 685; x_wconf 78' lang='grc' dir='ltr'>ἡμῖν</span> 
     </span>
    </p>
   </div>
   <div class='ocr_carea' id='block_1_36' title="bbox 2252 705 3819 777">
    <p class='ocr_par' dir='ltr' id='par_1_36' title="bbox 2252 705 3819 777">
     <span class='ocr_line' id='line_1_36' title="bbox 2252 705 3819 777; baseline 0 -19"><span class='ocrx_word' id='word_1_247' title='bbox 2252 707 2397 758; x_wconf 82' lang='grc' dir='ltr'>ἐστιν</span> <span class='ocrx_word' id='word_1_248' title='bbox 2426 710 2453 759; x_wconf 97' lang='lat'><strong>6</strong></span> <span class='ocrx_word' id='word_1_249' title='bbox 2484 708 2645 770; x_wconf 73' lang='grc' dir='ltr'>αὐτὸς</span> <span class='ocrx_word' id='word_1_250' title='bbox 2675 708 2978 777; x_wconf 77' lang='grc' dir='ltr'>ἑμοούσιος.</span> <span class='ocrx_word' id='word_1_251' title='bbox 3020 706 3091 759; x_wconf 83' lang='grc' dir='ltr'><strong>Τὸ</strong></span> <span class='ocrx_word' id='word_1_252' title='bbox 3119 707 3176 759; x_wconf 77' lang='grc' dir='ltr'>δὲ</span> <span class='ocrx_word' id='word_1_253' title='bbox 3207 706 3349 759; x_wconf 75' lang='grc' dir='ltr'>οὕτω</span> <span class='ocrx_word' id='word_1_254' title='bbox 3393 708 3610 775; x_wconf 87' lang='grc' dir='ltr'>φρονεῖν</span> <span class='ocrx_word' id='word_1_255' title='bbox 3640 705 3819 775; x_wconf 83' lang='grc' dir='ltr'><strong>πάσης</strong></span> 
     </span>
    </p>
   </div>
   <div class='ocr_carea' id='block_1_37' title="bbox 2253 798 3819 871">
    <p class='ocr_par' dir='ltr' id='par_1_37' title="bbox 2253 798 3819 871">
     <span class='ocr_line' id='line_1_37' title="bbox 2253 798 3819 871; baseline -0.001 -19"><span class='ocrx_word' id='word_1_256' title='bbox 2253 800 2605 871; x_wconf 76' lang='grc' dir='ltr'><strong>πεπλήρωται</strong></span> <span class='ocrx_word' id='word_1_257' title='bbox 2674 800 2948 863; x_wconf 77' lang='grc' dir='ltr'>ἀσεϐείας.</span> <span class='ocrx_word' id='word_1_258' title='bbox 3001 800 3110 853; x_wconf 75' lang='grc' dir='ltr'>Καὶ</span> <span class='ocrx_word' id='word_1_259' title='bbox 3181 799 3353 852; x_wconf 81' lang='grc' dir='ltr'>ταῦτα</span> <span class='ocrx_word' id='word_1_260' title='bbox 3425 798 3656 868; x_wconf 81' lang='grc' dir='ltr'>λέγομεν</span> <span class='ocrx_word' id='word_1_261' title='bbox 3719 799 3819 850; x_wconf 82' lang='grc' dir='ltr'><strong>οὑκ</strong></span> 
     </span>
    </p>
   </div>
   <div class='ocr_carea' id='block_1_38' title="bbox 2252 889 3821 960">
    <p class='ocr_par' dir='ltr' id='par_1_38' title="bbox 2252 889 3821 960">
     <span class='ocr_line' id='line_1_38' title="bbox 2252 889 3821 960; baseline -0.002 -16"><span class='ocrx_word' id='word_1_262' title='bbox 2252 892 2569 960; x_wconf 77' lang='grc' dir='ltr'>ἀγνοοῦντες</span> <span class='ocrx_word' id='word_1_263' title='bbox 2602 894 2682 946; x_wconf 84' lang='grc' dir='ltr'><strong>ὅτι</strong></span> <span class='ocrx_word' id='word_1_264' title='bbox 2728 892 2819 945; x_wconf 86' lang='grc' dir='ltr'>καί</span> <span class='ocrx_word' id='word_1_265' title='bbox 2862 909 3002 954; x_wconf 88' lang='grc' dir='ltr'>τινες</span> <span class='ocrx_word' id='word_1_266' title='bbox 3028 891 3135 942; x_wconf 81' lang='grc' dir='ltr'><strong>τῶν</strong></span> <span class='ocrx_word' id='word_1_267' title='bbox 3170 891 3340 957; x_wconf 83' lang='grc' dir='ltr'>ἁγίων</span> <span class='ocrx_word' id='word_1_268' title='bbox 3368 889 3528 959; x_wconf 79' lang='lat'><strong>353</strong></span> <span class='ocrx_word' id='word_1_269' title='bbox 3563 890 3821 960; x_wconf 86' lang='grc' dir='ltr'>Πατέρων</span> 
     </span>
    </p>
   </div>
   <div class='ocr_carea' id='block_1_39' title="bbox 2252 981 3823 1054">
    <p class='ocr_par' dir='ltr' id='par_1_39' title="bbox 2252 981 3823 1054">
     <span class='ocr_line' id='line_1_39' title="bbox 2252 981 3823 1054; baseline -0.003 -18"><span class='ocrx_word' id='word_1_270' title='bbox 2252 984 2328 1054; x_wconf 76' lang='grc' dir='ltr'>τῷ</span> <span class='ocrx_word' id='word_1_271' title='bbox 2362 985 2451 1037; x_wconf 82' lang='grc' dir='ltr'>τοῦ</span> <span class='ocrx_word' id='word_1_272' title='bbox 2477 984 2763 1053; x_wconf 87' lang='grc' dir='ltr'>ἀνθρώπου</span> <span class='ocrx_word' id='word_1_273' title='bbox 2797 984 3151 1051; x_wconf 80' lang='grc' dir='ltr'><strong>ὑποδείγματι</strong></span> <span class='ocrx_word' id='word_1_274' title='bbox 3182 983 3273 1034; x_wconf 80' lang='grc' dir='ltr'><strong>ἐπὶ</strong></span> <span class='ocrx_word' id='word_1_275' title='bbox 3298 981 3390 1033; x_wconf 76' lang='grc' dir='ltr'>τοῦ</span> <span class='ocrx_word' id='word_1_276' title='bbox 3420 982 3559 1034; x_wconf 79' lang='grc' dir='ltr'><strong>κατά</strong></span> <span class='ocrx_word' id='word_1_277' title='bbox 3586 981 3823 1050; x_wconf 56' lang='grc' dir='ltr'>Χριστὸν</span> 
     </span>
    </p>
   </div>
   <div class='ocr_carea' id='block_1_40' title="bbox 2256 1072 3825 1146">
    <p class='ocr_par' dir='ltr' id='par_1_40' title="bbox 2256 1072 3825 1146">
     <span class='ocr_line' id='line_1_40' title="bbox 2256 1072 3825 1146; baseline -0.003 -19"><span class='ocrx_word' id='word_1_278' title='bbox 2256 1077 2554 1146; x_wconf 81' lang='grc' dir='ltr'>μυστηρίου</span> <span class='ocrx_word' id='word_1_279' title='bbox 2589 1078 2909 1146; x_wconf 81' lang='grc' dir='ltr'>ἐχρήσαντο,</span> <span class='ocrx_word' id='word_1_280' title='bbox 2955 1074 3288 1133; x_wconf 13' lang='grc' dir='ltr'>ἁλλ’ῆέκεῖνοι</span> <span class='ocrx_word' id='word_1_281' title='bbox 3322 1074 3421 1142; x_wconf 86' lang='grc' dir='ltr'><strong>μὲν</strong></span> <span class='ocrx_word' id='word_1_282' title='bbox 3460 1073 3545 1126; x_wconf 83' lang='grc' dir='ltr'><strong>ἴνα</strong></span> <span class='ocrx_word' id='word_1_283' title='bbox 3576 1072 3825 1137; x_wconf 76' lang='grc' dir='ltr'><strong>δείξωσιν</strong></span> 
     </span>
    </p>
   </div>
   <div class='ocr_carea' id='block_1_41' title="bbox 2253 1157 3825 1240">
    <p class='ocr_par' dir='ltr' id='par_1_41' title="bbox 2253 1157 3825 1240">
     <span class='ocr_line' id='line_1_41' title="bbox 2253 1157 3825 1240; baseline -0.005 -18"><span class='ocrx_word' id='word_1_284' title='bbox 2253 1170 2333 1222; x_wconf 83' lang='grc' dir='ltr'><strong>ὅτι</strong></span> <span class='ocrx_word' id='word_1_285' title='bbox 2359 1170 2609 1240; x_wconf 85' lang='grc' dir='ltr'>καθάπερ</span> <span class='ocrx_word' id='word_1_286' title='bbox 2641 1172 2668 1222; x_wconf 90' lang='lat'><strong>6</strong></span> <span class='ocrx_word' id='word_1_287' title='bbox 2690 1170 2972 1240; x_wconf 85' lang='grc' dir='ltr'>ἄνθρωπος</span> <span class='ocrx_word' id='word_1_288' title='bbox 3006 1170 3070 1220; x_wconf 82' lang='grc' dir='ltr'><strong>ἐκ</strong></span> <span class='ocrx_word' id='word_1_289' title='bbox 3100 1167 3276 1236; x_wconf 71' lang='grc' dir='ltr'>ψυχῆς</span> <span class='ocrx_word' id='word_1_290' title='bbox 3322 1166 3417 1219; x_wconf 73' lang='grc' dir='ltr'>καὶ</span> <span class='ocrx_word' id='word_1_291' title='bbox 3464 1164 3720 1235; x_wconf 84' lang='grc' dir='ltr'>σώματος</span> <span class='ocrx_word' id='word_1_292' title='bbox 3743 1157 3825 1226; x_wconf 82' lang='grc' dir='ltr'>εἷς</span> 
     </span>
    </p>
   </div>
   <div class='ocr_carea' id='block_1_42' title="bbox 2253 1254 3824 1332">
    <p class='ocr_par' dir='ltr' id='par_1_42' title="bbox 2253 1254 3824 1332">
     <span class='ocr_line' id='line_1_42' title="bbox 2253 1254 3824 1332; baseline -0.006 -16"><span class='ocrx_word' id='word_1_293' title='bbox 2253 1263 2595 1316; x_wconf 83' lang='grc' dir='ltr'>ἀποτελεῖται</span> <span class='ocrx_word' id='word_1_294' title='bbox 2648 1263 2743 1315; x_wconf 69' lang='grc' dir='ltr'>καὶ</span> <span class='ocrx_word' id='word_1_295' title='bbox 2790 1261 2909 1331; x_wconf 61' lang='grc' dir='ltr'>οὑχ).</span> <span class='ocrx_word' id='word_1_296' title='bbox 2958 1260 3050 1314; x_wconf 79' lang='grc' dir='ltr'><strong>δύο</strong></span> <span class='ocrx_word' id='word_1_297' title='bbox 3100 1260 3397 1332; x_wconf 81' lang='grc' dir='ltr'>ἄνθρωποι,</span> <span class='ocrx_word' id='word_1_298' title='bbox 3426 1256 3568 1310; x_wconf 73' lang='grc' dir='ltr'>οὓτω</span> <span class='ocrx_word' id='word_1_299' title='bbox 3605 1254 3763 1307; x_wconf 68' lang='lat' dir='ltr'><strong>xui.“</strong></span> <span class='ocrx_word' id='word_1_300' title='bbox 3795 1258 3824 1307; x_wconf 87' lang='lat'><strong>6</strong></span> 
     </span>
    </p>
   </div>
   <div class='ocr_carea' id='block_1_43' title="bbox 2251 1343 3825 1427">
    <p class='ocr_par' dir='ltr' id='par_1_43' title="bbox 2251 1343 3825 1427">
     <span class='ocr_line' id='line_1_43' title="bbox 2251 1343 3825 1427; baseline -0.005 -19"><span class='ocrx_word' id='word_1_301' title='bbox 2251 1355 2483 1427; x_wconf 75' lang='grc' dir='ltr'>Χριστὸς</span> <span class='ocrx_word' id='word_1_302' title='bbox 2510 1357 2572 1407; x_wconf 84' lang='grc' dir='ltr'><strong>ἐκ</strong></span> <span class='ocrx_word' id='word_1_303' title='bbox 2605 1356 2854 1423; x_wconf 82' lang='grc' dir='ltr'>θεότητος</span> <span class='ocrx_word' id='word_1_304' title='bbox 2886 1354 2978 1406; x_wconf 71' lang='grc' dir='ltr'><strong>καὶ</strong></span> <span class='ocrx_word' id='word_1_305' title='bbox 3003 1351 3418 1422; x_wconf 80' lang='grc' dir='ltr'>ἁνθρωπότητος</span> <span class='ocrx_word' id='word_1_306' title='bbox 3444 1348 3722 1411; x_wconf 71' lang='grc' dir='ltr'>συντεθεὶς</span> <span class='ocrx_word' id='word_1_307' title='bbox 3744 1343 3825 1412; x_wconf 74' lang='grc' dir='ltr'>εἷς</span> 
     </span>
    </p>
   </div>
   <div class='ocr_carea' id='block_1_44' title="bbox 2253 1441 3826 1515">
    <p class='ocr_par' dir='ltr' id='par_1_44' title="bbox 2253 1441 3826 1515">
     <span class='ocr_line' id='line_1_44' title="bbox 2253 1441 3826 1515; baseline -0.006 -15"><span class='ocrx_word' id='word_1_308' title='bbox 2253 1450 2421 1511; x_wconf 85' lang='grc' dir='ltr'>ἐστιν,</span> <span class='ocrx_word' id='word_1_309' title='bbox 2460 1448 2552 1500; x_wconf 76' lang='grc' dir='ltr'><strong>καὶ</strong></span> <span class='ocrx_word' id='word_1_310' title='bbox 2581 1447 2680 1499; x_wconf 76' lang='grc' dir='ltr'><strong>οὐκ</strong></span> <span class='ocrx_word' id='word_1_311' title='bbox 2706 1449 2784 1510; x_wconf 89' lang='grc' dir='ltr'>εἰς</span> <span class='ocrx_word' id='word_1_312' title='bbox 2813 1447 2905 1498; x_wconf 79' lang='grc' dir='ltr'><strong>δύο</strong></span> <span class='ocrx_word' id='word_1_313' title='bbox 2925 1446 2969 1479; x_wconf 75' lang='grc'><strong>⁸⁵⁸</strong></span> <span class='ocrx_word' id='word_1_314' title='bbox 2999 1444 3265 1515; x_wconf 80' lang='grc' dir='ltr'>Χριστοὺς</span> <span class='ocrx_word' id='word_1_315' title='bbox 3296 1444 3329 1513; x_wconf 80' lang='grc' dir='ltr'>ἦ</span> <span class='ocrx_word' id='word_1_316' title='bbox 3360 1441 3453 1495; x_wconf 76' lang='grc' dir='ltr'><strong>δύο</strong></span> <span class='ocrx_word' id='word_1_317' title='bbox 3487 1441 3637 1503; x_wconf 77' lang='grc' dir='ltr'>υἱοὺς</span> <span class='ocrx_word' id='word_1_318' title='bbox 3672 1441 3826 1511; x_wconf 81' lang='grc' dir='ltr'>μερίο</span> 
     </span>
    </p>
   </div>
   <div class='ocr_carea' id='block_1_45' title="bbox 2253 1532 3824 1609">
    <p class='ocr_par' dir='ltr' id='par_1_45' title="bbox 2253 1532 3824 1609">
     <span class='ocr_line' id='line_1_45' title="bbox 2253 1532 3824 1609; baseline -0.006 -16"><span class='ocrx_word' id='word_1_319' title='bbox 2253 1541 2421 1604; x_wconf 80' lang='grc' dir='ltr'>ζεται.</span> <span class='ocrx_word' id='word_1_320' title='bbox 2453 1533 2612 1593; x_wconf 71' lang='grc' dir='ltr'>Οὗτοι</span> <span class='ocrx_word' id='word_1_321' title='bbox 2642 1540 2697 1592; x_wconf 84' lang='grc' dir='ltr'>δὲ</span> <span class='ocrx_word' id='word_1_322' title='bbox 2726 1540 2804 1609; x_wconf 85' lang='grc' dir='ltr'>τῷ</span> <span class='ocrx_word' id='word_1_323' title='bbox 2837 1539 2928 1591; x_wconf 77' lang='grc' dir='ltr'><strong>τοῦ</strong></span> <span class='ocrx_word' id='word_1_324' title='bbox 2948 1539 2991 1570; x_wconf 84' lang='grc'>⁸⁰</span> <span class='ocrx_word' id='word_1_325' title='bbox 3019 1537 3303 1607; x_wconf 86' lang='grc' dir='ltr'>ἀνθρώπου</span> <span class='ocrx_word' id='word_1_326' title='bbox 3333 1534 3693 1603; x_wconf 82' lang='grc' dir='ltr'>ὑποδείγματι</span> <span class='ocrx_word' id='word_1_327' title='bbox 3734 1532 3824 1585; x_wconf 74' lang='grc' dir='ltr'><strong>χέ-</strong></span> 
     </span>
    </p>
   </div>
   <div class='ocr_carea' id='block_1_46' title="bbox 2252 1625 3827 1704">
    <p class='ocr_par' dir='ltr' id='par_1_46' title="bbox 2252 1625 3827 1704">
     <span class='ocr_line' id='line_1_46' title="bbox 2252 1625 3827 1704; baseline -0.006 -19"><span class='ocrx_word' id='word_1_328' title='bbox 2252 1651 2499 1704; x_wconf 84' lang='grc' dir='ltr'>χρηνται,</span> <span class='ocrx_word' id='word_1_329' title='bbox 2528 1634 2616 1686; x_wconf 81' lang='grc' dir='ltr'><strong>ἵνα</strong></span> <span class='ocrx_word' id='word_1_330' title='bbox 2664 1631 2791 1701; x_wconf 87' lang='grc' dir='ltr'>μίαν</span> <span class='ocrx_word' id='word_1_331' title='bbox 2841 1631 3001 1699; x_wconf 79' lang='grc' dir='ltr'>φύσιν</span> <span class='ocrx_word' id='word_1_332' title='bbox 3048 1631 3164 1699; x_wconf 69' lang='grc' dir='ltr'>ἦτοι</span> <span class='ocrx_word' id='word_1_333' title='bbox 3203 1628 3390 1682; x_wconf 72' lang='grc' dir='ltr'>οὐσίαν</span> <span class='ocrx_word' id='word_1_334' title='bbox 3431 1627 3688 1696; x_wconf 80' lang='grc' dir='ltr'>θεότητος</span> <span class='ocrx_word' id='word_1_335' title='bbox 3732 1625 3827 1677; x_wconf 76' lang='grc' dir='ltr'>καὶ</span> 
     </span>
    </p>
   </div>
   <div class='ocr_carea' id='block_1_47' title="bbox 2254 1718 3825 1797">
    <p class='ocr_par' dir='ltr' id='par_1_47' title="bbox 2254 1718 3825 1797">
     <span class='ocr_line' id='line_1_47' title="bbox 2254 1718 3825 1797; baseline -0.008 -17"><span class='ocrx_word' id='word_1_336' title='bbox 2254 1727 2669 1797; x_wconf 79' lang='grc' dir='ltr'>ἁνθρωπὸτητος</span> <span class='ocrx_word' id='word_1_337' title='bbox 2719 1724 2809 1776; x_wconf 75' lang='grc' dir='ltr'>τοῦ</span> <span class='ocrx_word' id='word_1_338' title='bbox 2858 1721 3098 1793; x_wconf 77' lang='grc' dir='ltr'>Χριστοῦ</span> <span class='ocrx_word' id='word_1_339' title='bbox 3134 1722 3517 1789; x_wconf 71' lang='grc' dir='ltr'>εἰσαγάγωσιν,</span> <span class='ocrx_word' id='word_1_340' title='bbox 3547 1719 3687 1785; x_wconf 78' lang='grc' dir='ltr'>ὅπερ</span> <span class='ocrx_word' id='word_1_341' title='bbox 3718 1718 3825 1769; x_wconf 83' lang='grc' dir='ltr'>ἀπ-</span> 
     </span>
    </p>
   </div>
   <div class='ocr_carea' id='block_1_48' title="bbox 2254 1808 3828 1887">
    <p class='ocr_par' dir='ltr' id='par_1_48' title="bbox 2254 1808 3828 1887">
     <span class='ocr_line' id='line_1_48' title="bbox 2254 1808 3828 1887; baseline -0.007 -16"><span class='ocrx_word' id='word_1_342' title='bbox 2254 1818 2536 1887; x_wconf 78' lang='grc' dir='ltr'>εδείξαμεν</span> <span class='ocrx_word' id='word_1_343' title='bbox 2582 1817 2861 1887; x_wconf 76' lang='grc' dir='ltr'>ἀλλότριον</span> <span class='ocrx_word' id='word_1_344' title='bbox 2904 1810 3045 1867; x_wconf 81' lang='grc' dir='ltr'>εἶναι</span> <span class='ocrx_word' id='word_1_345' title='bbox 3089 1814 3185 1882; x_wconf 78' lang='grc' dir='ltr'>τῆς</span> <span class='ocrx_word' id='word_1_346' title='bbox 3230 1809 3712 1875; x_wconf 80' lang='grc' dir='ltr'>εὑσεόείας.⁹Αλλά</span> <span class='ocrx_word' id='word_1_347' title='bbox 3738 1808 3828 1861; x_wconf 73' lang='grc' dir='ltr'>διὰ</span> 
     </span>
    </p>
   </div>
   <div class='ocr_carea' id='block_1_49' title="bbox 2252 1902 3826 1979">
    <p class='ocr_par' dir='ltr' id='par_1_49' title="bbox 2252 1902 3826 1979">
     <span class='ocr_line' id='line_1_49' title="bbox 2252 1902 3826 1979; baseline -0.008 -16"><span class='ocrx_word' id='word_1_348' title='bbox 2252 1911 2406 1965; x_wconf 80' lang='grc' dir='ltr'>τοῦτο</span> <span class='ocrx_word' id='word_1_349' title='bbox 2423 1912 2462 1941; x_wconf 77' lang='grc'><strong>⁸³</strong></span> <span class='ocrx_word' id='word_1_350' title='bbox 2496 1910 2839 1979; x_wconf 77' lang='grc' dir='ltr'>ἐλεγχόμενοι</span> <span class='ocrx_word' id='word_1_351' title='bbox 2857 1909 2932 1970; x_wconf 88' lang='grc' dir='ltr'><strong>ώς</strong></span> <span class='ocrx_word' id='word_1_352' title='bbox 2955 1907 3105 1977; x_wconf 76' lang='grc' dir='ltr'>παρὰ</span> <span class='ocrx_word' id='word_1_353' title='bbox 3130 1906 3228 1977; x_wconf 81' lang='grc' dir='ltr'><strong>τὴν</strong></span> <span class='ocrx_word' id='word_1_354' title='bbox 3248 1904 3411 1976; x_wconf 77' lang='grc' dir='ltr'>ὀρθὴν</span> <span class='ocrx_word' id='word_1_355' title='bbox 3433 1903 3543 1955; x_wconf 87' lang='grc' dir='ltr'><strong>τῶν</strong></span> <span class='ocrx_word' id='word_1_356' title='bbox 3566 1902 3826 1971; x_wconf 85' lang='grc' dir='ltr'>Πατέρων</span> 
     </span>
    </p>
   </div>
   <div class='ocr_carea' id='block_1_50' title="bbox 2252 1994 3826 2065">
    <p class='ocr_par' dir='ltr' id='par_1_50' title="bbox 2252 1994 3826 2065">
     <span class='ocr_line' id='line_1_50' title="bbox 2252 1994 3826 2065; baseline -0.008 -10"><span class='ocrx_word' id='word_1_357' title='bbox 2252 2002 2595 2056; x_wconf 74' lang='grc' dir='ltr'>διδασκαλίαν</span> <span class='ocrx_word' id='word_1_358' title='bbox 2640 2001 3073 2054; x_wconf 77' lang='grc' dir='ltr'>ἀναπλάττουσιν</span> <span class='ocrx_word' id='word_1_359' title='bbox 3130 1999 3188 2051; x_wconf 85' lang='grc' dir='ltr'><strong>ἐν</strong></span> <span class='ocrx_word' id='word_1_360' title='bbox 3238 1998 3449 2059; x_wconf 77' lang='grc' dir='ltr'>ἑαυτοῖς</span> <span class='ocrx_word' id='word_1_361' title='bbox 3486 1996 3616 2065; x_wconf 88' lang='grc' dir='ltr'>μίαν</span> <span class='ocrx_word' id='word_1_362' title='bbox 3665 1994 3826 2062; x_wconf 78' lang='grc' dir='ltr'>φύσιν</span> 
     </span>
    </p>
   </div>
   <div class='ocr_carea' id='block_1_51' title="bbox 2254 2084 3829 2166">
    <p class='ocr_par' dir='ltr' id='par_1_51' title="bbox 2254 2084 3829 2166">
     <span class='ocr_line' id='line_1_51' title="bbox 2254 2084 3829 2166; baseline -0.008 -18"><span class='ocrx_word' id='word_1_363' title='bbox 2254 2097 2369 2166; x_wconf 76' lang='grc' dir='ltr'>ἦτοι</span> <span class='ocrx_word' id='word_1_364' title='bbox 2399 2094 2584 2146; x_wconf 82' lang='grc' dir='ltr'>οὐσίαν</span> <span class='ocrx_word' id='word_1_365' title='bbox 2615 2093 2868 2161; x_wconf 80' lang='grc' dir='ltr'>θεότητος</span> <span class='ocrx_word' id='word_1_366' title='bbox 2895 2092 2990 2144; x_wconf 73' lang='grc' dir='ltr'>καὶ</span> <span class='ocrx_word' id='word_1_367' title='bbox 3022 2090 3241 2160; x_wconf 76' lang='grc' dir='ltr'>σαρκὸς,</span> <span class='ocrx_word' id='word_1_368' title='bbox 3265 2088 3350 2157; x_wconf 81' lang='grc' dir='ltr'><strong>ἐφ’</strong></span> <span class='ocrx_word' id='word_1_369' title='bbox 3372 2088 3536 2154; x_wconf 73' lang='grc' dir='ltr'>ἕτερα</span> <span class='ocrx_word' id='word_1_370' title='bbox 3568 2084 3829 2154; x_wconf 76' lang='grc' dir='ltr'>μεταδαί-</span> 
     </span>
    </p>
   </div>
   <div class='ocr_carea' id='block_1_52' title="bbox 2255 2174 3826 2253">
    <p class='ocr_par' dir='ltr' id='par_1_52' title="bbox 2255 2174 3826 2253">
     <span class='ocr_line' id='line_1_52' title="bbox 2255 2174 3826 2253; baseline -0.008 -14"><span class='ocrx_word' id='word_1_371' title='bbox 2255 2203 2424 2247; x_wconf 87' lang='grc' dir='ltr'>νουσι,</span> <span class='ocrx_word' id='word_1_372' title='bbox 2454 2185 2700 2253; x_wconf 81' lang='grc' dir='ltr'>λέγοντες</span> <span class='ocrx_word' id='word_1_373' title='bbox 2733 2183 2805 2253; x_wconf 82' lang='grc' dir='ltr'>μὴ</span> <span class='ocrx_word' id='word_1_374' title='bbox 2832 2183 2941 2235; x_wconf 86' lang='grc' dir='ltr'>δεῖν</span> <span class='ocrx_word' id='word_1_375' title='bbox 2969 2182 3200 2252; x_wconf 81' lang='grc' dir='ltr'>ἀριθμὸν</span> <span class='ocrx_word' id='word_1_376' title='bbox 3224 2180 3437 2248; x_wconf 81' lang='grc' dir='ltr'>φύσεων</span> <span class='ocrx_word' id='word_1_377' title='bbox 3460 2177 3558 2228; x_wconf 71' lang='grc' dir='ltr'>ἐπὶ</span> <span class='ocrx_word' id='word_1_378' title='bbox 3585 2174 3826 2245; x_wconf 76' lang='grc' dir='ltr'>Χριστοῦ</span> 
     </span>
    </p>
   </div>
   <div class='ocr_carea' id='block_1_53' title="bbox 2254 2268 3828 2347">
    <p class='ocr_par' dir='ltr' id='par_1_53' title="bbox 2254 2268 3828 2347">
     <span class='ocr_line' id='line_1_53' title="bbox 2254 2268 3828 2347; baseline -0.008 -16"><span class='ocrx_word' id='word_1_379' title='bbox 2254 2279 2451 2347; x_wconf 82' lang='grc' dir='ltr'>λέγειν,</span> <span class='ocrx_word' id='word_1_380' title='bbox 2484 2276 2559 2339; x_wconf 85' lang='grc' dir='ltr'>ὼς</span> <span class='ocrx_word' id='word_1_381' title='bbox 2585 2275 2679 2329; x_wconf 83' lang='grc' dir='ltr'><strong>τοὺ</strong></span> <span class='ocrx_word' id='word_1_382' title='bbox 2709 2274 2940 2347; x_wconf 77' lang='grc' dir='ltr'>ἀριθμοῦ</span> <span class='ocrx_word' id='word_1_383' title='bbox 2979 2274 3242 2342; x_wconf 81' lang='grc' dir='ltr'>διαίρεσιν</span> <span class='ocrx_word' id='word_1_384' title='bbox 3289 2268 3828 2337; x_wconf 82' lang='grc' dir='ltr'>είσὰγοντος.”Ιστω-</span> 
     </span>
    </p>
   </div>
   <div class='ocr_carea' id='block_1_54' title="bbox 2258 2357 3828 2436">
    <p class='ocr_par' dir='ltr' id='par_1_54' title="bbox 2258 2357 3828 2436">
     <span class='ocr_line' id='line_1_54' title="bbox 2258 2357 3828 2436; baseline -0.012 -11"><span class='ocrx_word' id='word_1_385' title='bbox 2258 2388 2355 2425; x_wconf 89' lang='grc' dir='ltr'><strong>σαν</strong></span> <span class='ocrx_word' id='word_1_386' title='bbox 2403 2370 2581 2422; x_wconf 78' lang='grc' dir='ltr'>τοίνυν</span> <span class='ocrx_word' id='word_1_387' title='bbox 2631 2370 2711 2421; x_wconf 79' lang='grc' dir='ltr'>ὅτι</span> <span class='ocrx_word' id='word_1_388' title='bbox 2756 2369 2785 2419; x_wconf 92' lang='lat'><strong>6</strong></span> <span class='ocrx_word' id='word_1_389' title='bbox 2816 2365 3066 2436; x_wconf 84' lang='grc' dir='ltr'>ἀριθμὸς,</span> <span class='ocrx_word' id='word_1_390' title='bbox 3101 2365 3230 2416; x_wconf 82' lang='grc' dir='ltr'>ὅταν</span> <span class='ocrx_word' id='word_1_391' title='bbox 3284 2362 3381 2433; x_wconf 82' lang='grc' dir='ltr'>μὲν</span> <span class='ocrx_word' id='word_1_392' title='bbox 3418 2360 3512 2412; x_wconf 76' lang='grc' dir='ltr'><strong>ἐπὶ</strong></span> <span class='ocrx_word' id='word_1_393' title='bbox 3552 2357 3828 2427; x_wconf 84' lang='grc' dir='ltr'>διαφόρων</span> 
     </span>
    </p>
   </div>
   <div class='ocr_carea' id='block_1_55' title="bbox 2264 2449 3830 2532">
    <p class='ocr_par' dir='ltr' id='par_1_55' title="bbox 2264 2449 3830 2532">
     <span class='ocr_line' id='line_1_55' title="bbox 2264 2449 3830 2532; baseline -0.01 -18"><span class='ocrx_word' id='word_1_394' title='bbox 2264 2459 2567 2532; x_wconf 85' lang='grc' dir='ltr'>προσώπων</span> <span class='ocrx_word' id='word_1_395' title='bbox 2616 2458 2647 2529; x_wconf 79' lang='grc' dir='ltr'>ἦ</span> <span class='ocrx_word' id='word_1_396' title='bbox 2691 2458 3037 2511; x_wconf 87' lang='grc' dir='ltr'>ὑποστάσεων</span> <span class='ocrx_word' id='word_1_397' title='bbox 3070 2456 3309 2522; x_wconf 85' lang='grc' dir='ltr'>λέγεται,</span> <span class='ocrx_word' id='word_1_398' title='bbox 3346 2451 3455 2504; x_wconf 87' lang='grc' dir='ltr'><strong>τῶν</strong></span> <span class='ocrx_word' id='word_1_399' title='bbox 3484 2449 3830 2519; x_wconf 79' lang='grc' dir='ltr'>πραγμάτων</span> 
     </span>
    </p>
   </div>
   <div class='ocr_carea' id='block_1_56' title="bbox 2262 2538 3832 2620">
    <p class='ocr_par' dir='ltr' id='par_1_56' title="bbox 2262 2538 3832 2620">
     <span class='ocr_line' id='line_1_56' title="bbox 2262 2538 3832 2620; baseline -0.01 -14"><span class='ocrx_word' id='word_1_400' title='bbox 2262 2553 2440 2606; x_wconf 76' lang='grc' dir='ltr'>αὑτῶν</span> <span class='ocrx_word' id='word_1_401' title='bbox 2468 2552 2565 2620; x_wconf 78' lang='grc' dir='ltr'>τὴν</span> <span class='ocrx_word' id='word_1_402' title='bbox 2597 2550 2697 2603; x_wconf 78' lang='grc' dir='ltr'>ἀνὰ</span> <span class='ocrx_word' id='word_1_403' title='bbox 2733 2549 2896 2619; x_wconf 81' lang='grc' dir='ltr'>μέρος</span> <span class='ocrx_word' id='word_1_404' title='bbox 2925 2548 3035 2617; x_wconf 74' lang='grc' dir='ltr'>ἔχει</span> <span class='ocrx_word' id='word_1_405' title='bbox 3067 2547 3346 2615; x_wconf 77' lang='grc' dir='ltr'>διαίρεσιν,</span> <span class='ocrx_word' id='word_1_406' title='bbox 3381 2539 3491 2596; x_wconf 76' lang='grc' dir='ltr'>οἷον</span> <span class='ocrx_word' id='word_1_407' title='bbox 3519 2543 3593 2603; x_wconf 83' lang='grc' dir='ltr'>ὡς</span> <span class='ocrx_word' id='word_1_408' title='bbox 3622 2540 3716 2592; x_wconf 80' lang='grc' dir='ltr'><strong>ἐπὶ</strong></span> <span class='ocrx_word' id='word_1_409' title='bbox 3736 2538 3832 2591; x_wconf 78' lang='grc' dir='ltr'><strong>δύο</strong></span> 
     </span>
    </p>
   </div>
   <div class='ocr_carea' id='block_1_57' title="bbox 2260 2633 3831 2716">
    <p class='ocr_par' dir='ltr' id='par_1_57' title="bbox 2260 2633 3831 2716">
     <span class='ocr_line' id='line_1_57' title="bbox 2260 2633 3831 2716; baseline -0.009 -20"><span class='ocrx_word' id='word_1_410' title='bbox 2260 2646 2292 2716; x_wconf 78' lang='grc' dir='ltr'>ἢ</span> <span class='ocrx_word' id='word_1_411' title='bbox 2326 2644 2587 2696; x_wconf 82' lang='grc' dir='ltr'>πλειόνων</span> <span class='ocrx_word' id='word_1_412' title='bbox 2620 2640 2924 2711; x_wconf 87' lang='grc' dir='ltr'>ἀνθρώπων</span> <span class='ocrx_word' id='word_1_413' title='bbox 2948 2658 2962 2672; x_wconf 78' lang='grc' dir='ltr'><strong><em>ο</em></strong></span> <span class='ocrx_word' id='word_1_414' title='bbox 2996 2641 3122 2692; x_wconf 76' lang='grc' dir='ltr'>ὅταν</span> <span class='ocrx_word' id='word_1_415' title='bbox 3150 2639 3207 2690; x_wconf 81' lang='grc' dir='ltr'><strong>δὲ</strong></span> <span class='ocrx_word' id='word_1_416' title='bbox 3237 2638 3330 2690; x_wconf 71' lang='grc' dir='ltr'><strong>ἐπὶ</strong></span> <span class='ocrx_word' id='word_1_417' title='bbox 3357 2633 3653 2706; x_wconf 82' lang='grc' dir='ltr'>ἡνωμένων</span> <span class='ocrx_word' id='word_1_418' title='bbox 3684 2648 3831 2701; x_wconf 78' lang='grc' dir='ltr'>πραο</span> 
     </span>
    </p>
   </div>
   <div class='ocr_carea' id='block_1_58' title="bbox 2259 2720 3831 2804">
    <p class='ocr_par' dir='ltr' id='par_1_58' title="bbox 2259 2720 3831 2804">
     <span class='ocr_line' id='line_1_58' title="bbox 2259 2720 3831 2804; baseline -0.011 -15"><span class='ocrx_word' id='word_1_419' title='bbox 2259 2737 2481 2804; x_wconf 85' lang='grc' dir='ltr'>γμάτων</span> <span class='ocrx_word' id='word_1_420' title='bbox 2500 2736 2566 2799; x_wconf 76' lang='grc'><strong>⁵³,</strong></span> <span class='ocrx_word' id='word_1_421' title='bbox 2594 2733 2893 2802; x_wconf 81' lang='grc' dir='ltr'>τηνικαῦτα</span> <span class='ocrx_word' id='word_1_422' title='bbox 2924 2732 3068 2801; x_wconf 84' lang='grc' dir='ltr'>μόνῳ</span> <span class='ocrx_word' id='word_1_423' title='bbox 3096 2730 3239 2799; x_wconf 83' lang='grc' dir='ltr'>λόγῳ</span> <span class='ocrx_word' id='word_1_424' title='bbox 3265 2728 3359 2780; x_wconf 70' lang='grc' dir='ltr'><strong>καὶ</strong></span> <span class='ocrx_word' id='word_1_425' title='bbox 3390 2724 3611 2795; x_wconf 80' lang='grc' dir='ltr'>θεωρίᾳ.</span> <span class='ocrx_word' id='word_1_426' title='bbox 3628 2724 3693 2775; x_wconf 83' lang='grc' dir='ltr'><strong>οὑ</strong></span> <span class='ocrx_word' id='word_1_427' title='bbox 3724 2720 3831 2791; x_wconf 79' lang='grc' dir='ltr'>μὴν</span> 
     </span>
    </p>
   </div>
   <div class='ocr_carea' id='block_1_59' title="bbox 2259 2809 3832 2897">
    <p class='ocr_par' dir='ltr' id='par_1_59' title="bbox 2259 2809 3832 2897">
     <span class='ocr_line' id='line_1_59' title="bbox 2259 2809 3832 2897; baseline -0.011 -16"><span class='ocrx_word' id='word_1_428' title='bbox 2259 2829 2437 2881; x_wconf 86' lang='grc' dir='ltr'>αὑτῶν</span> <span class='ocrx_word' id='word_1_429' title='bbox 2482 2827 2589 2879; x_wconf 84' lang='grc' dir='ltr'><strong>τῶν</strong></span> <span class='ocrx_word' id='word_1_430' title='bbox 2632 2825 2971 2897; x_wconf 82' lang='grc' dir='ltr'>πραγμάτων</span> <span class='ocrx_word' id='word_1_431' title='bbox 3001 2823 3112 2892; x_wconf 80' lang='grc' dir='ltr'>ἔχει</span> <span class='ocrx_word' id='word_1_432' title='bbox 3143 2824 3240 2888; x_wconf 79' lang='grc' dir='ltr'>τὴν</span> <span class='ocrx_word' id='word_1_433' title='bbox 3270 2818 3556 2889; x_wconf 78' lang='grc' dir='ltr'>διαίρεσιν,</span> <span class='ocrx_word' id='word_1_434' title='bbox 3592 2809 3705 2867; x_wconf 80' lang='grc' dir='ltr'>οἷον</span> <span class='ocrx_word' id='word_1_435' title='bbox 3738 2812 3832 2865; x_wconf 82' lang='grc' dir='ltr'>ἐπὶ</span> 
     </span>
    </p>
   </div>
   <div class='ocr_carea' id='block_1_60' title="bbox 2263 2906 3831 2991">
    <p class='ocr_par' dir='ltr' id='par_1_60' title="bbox 2263 2906 3831 2991">
     <span class='ocr_line' id='line_1_60' title="bbox 2263 2906 3831 2991; baseline -0.012 -16"><span class='ocrx_word' id='word_1_436' title='bbox 2263 2923 2392 2991; x_wconf 81' lang='grc' dir='ltr'>μιᾶς</span> <span class='ocrx_word' id='word_1_437' title='bbox 2421 2918 2769 2980; x_wconf 82' lang='grc' dir='ltr'>ὑποστάσεως</span> <span class='ocrx_word' id='word_1_438' title='bbox 2812 2914 3098 2983; x_wconf 79' lang='grc' dir='ltr'>ἀνθρώπου</span> <span class='ocrx_word' id='word_1_439' title='bbox 3135 2915 3199 2965; x_wconf 87' lang='grc' dir='ltr'>ἐκ</span> <span class='ocrx_word' id='word_1_440' title='bbox 3237 2909 3417 2981; x_wconf 75' lang='grc' dir='ltr'>ψυχῆς</span> <span class='ocrx_word' id='word_1_441' title='bbox 3446 2910 3541 2960; x_wconf 75' lang='grc' dir='ltr'>καὶ</span> <span class='ocrx_word' id='word_1_442' title='bbox 3579 2906 3831 2976; x_wconf 86' lang='grc' dir='ltr'>σώματος</span> 
     </span>
    </p>
   </div>
   <div class='ocr_carea' id='block_1_61' title="bbox 2263 2998 3834 3082">
    <p class='ocr_par' dir='ltr' id='par_1_61' title="bbox 2263 2998 3834 3082">
     <span class='ocr_line' id='line_1_61' title="bbox 2263 2998 3834 3082; baseline -0.011 -15"><span class='ocrx_word' id='word_1_443' title='bbox 2263 3012 2626 3082; x_wconf 84' lang='grc' dir='ltr'>συνεστώσης.</span> <span class='ocrx_word' id='word_1_444' title='bbox 2664 3010 2767 3062; x_wconf 86' lang='grc' dir='ltr'><strong>Δὺο</strong></span> <span class='ocrx_word' id='word_1_445' title='bbox 2811 3010 2919 3079; x_wconf 82' lang='grc' dir='ltr'><strong>γὰρ</strong></span> <span class='ocrx_word' id='word_1_446' title='bbox 2951 3007 3046 3061; x_wconf 69' lang='grc' dir='ltr'><strong>καὶ</strong></span> <span class='ocrx_word' id='word_1_447' title='bbox 3076 3004 3308 3058; x_wconf 82' lang='grc' dir='ltr'>ἐνταῦθα</span> <span class='ocrx_word' id='word_1_448' title='bbox 3335 3003 3526 3071; x_wconf 82' lang='grc' dir='ltr'>φύσεις</span> <span class='ocrx_word' id='word_1_449' title='bbox 3565 2998 3834 3069; x_wconf 75' lang='grc' dir='ltr'>θεωροῦν·-</span> 
     </span>
    </p>
   </div>
   <div class='ocr_carea' id='block_1_62' title="bbox 590 3090 2159 3176">
    <p class='ocr_par' dir='ltr' id='par_1_62' title="bbox 590 3103 2158 3176">
     <span class='ocr_line' id='line_1_62' title="bbox 590 3103 2158 3176; baseline -0.009 -7"><span class='ocrx_word' id='word_1_450' title='bbox 590 3113 827 3169; x_wconf 86' lang='lat' dir='ltr'><strong>hominis</strong></span> <span class='ocrx_word' id='word_1_451' title='bbox 861 3119 917 3165; x_wconf 91' lang='lat' dir='ltr'><strong>et</strong></span> <span class='ocrx_word' id='word_1_452' title='bbox 962 3110 1140 3164; x_wconf 89' lang='lat' dir='ltr'><strong>anima</strong></span> <span class='ocrx_word' id='word_1_453' title='bbox 1172 3118 1227 3161; x_wconf 91' lang='lat' dir='ltr'><strong>et</strong></span> <span class='ocrx_word' id='word_1_454' title='bbox 1255 3120 1481 3176; x_wconf 89' lang='lat' dir='ltr'><strong>corpore</strong></span> <span class='ocrx_word' id='word_1_455' title='bbox 1507 3104 1817 3158; x_wconf 89' lang='lat' dir='ltr'><strong>constituta.</strong></span> <span class='ocrx_word' id='word_1_456' title='bbox 1860 3104 1987 3156; x_wconf 67' lang='lat' dir='ltr'><strong>Duae</strong></span> <span class='ocrx_word' id='word_1_457' title='bbox 2016 3103 2158 3156; x_wconf 89' lang='lat' dir='ltr'><strong>enim</strong></span> 
     </span>
    </p>
   </div>
   <div class='ocr_carea' id='block_1_63' title="bbox 2259 3090 3831 3176">
    <p class='ocr_par' dir='ltr' id='par_1_63' title="bbox 2261 3090 3831 3174">
     <span class='ocr_line' id='line_1_63' title="bbox 2261 3090 3831 3174; baseline -0.011 -15"><span class='ocrx_word' id='word_1_458' title='bbox 2261 3123 2373 3169; x_wconf 87' lang='grc' dir='ltr'>ται,</span> <span class='ocrx_word' id='word_1_459' title='bbox 2410 3104 2569 3174; x_wconf 78' lang='grc' dir='ltr'>ἑτέρα</span> <span class='ocrx_word' id='word_1_460' title='bbox 2604 3102 2701 3165; x_wconf 81' lang='grc' dir='ltr'><strong>μὲν</strong></span> <span class='ocrx_word' id='word_1_461' title='bbox 2730 3100 2829 3170; x_wconf 86' lang='grc' dir='ltr'>τῆς</span> <span class='ocrx_word' id='word_1_462' title='bbox 2868 3097 3047 3168; x_wconf 75' lang='grc' dir='ltr'>ψυχῆς</span> <span class='ocrx_word' id='word_1_463' title='bbox 3080 3096 3174 3149; x_wconf 77' lang='grc' dir='ltr'><strong>καὶ</strong></span> <span class='ocrx_word' id='word_1_464' title='bbox 3206 3094 3368 3163; x_wconf 76' lang='grc' dir='ltr'>ἑτέρα</span> <span class='ocrx_word' id='word_1_465' title='bbox 3410 3090 3503 3144; x_wconf 81' lang='grc' dir='ltr'>τοῦ</span> <span class='ocrx_word' id='word_1_466' title='bbox 3556 3090 3831 3158; x_wconf 75' lang='grc' dir='ltr'>σώματος.</span> 
     </span>
    </p>
   </div>
   <div class='ocr_carea' id='block_1_64' title="bbox 590 3194 2158 3269">
    <p class='ocr_par' dir='ltr' id='par_1_64' title="bbox 590 3194 2158 3269">
     <span class='ocr_line' id='line_1_64' title="bbox 590 3194 2158 3269; baseline -0.008 -9"><span class='ocrx_word' id='word_1_467' title='bbox 590 3215 646 3260; x_wconf 91' lang='lat' dir='ltr'><strong>et</strong></span> <span class='ocrx_word' id='word_1_468' title='bbox 678 3204 767 3258; x_wconf 89' lang='lat' dir='ltr'><strong>hic</strong></span> <span class='ocrx_word' id='word_1_469' title='bbox 821 3211 1028 3256; x_wconf 71' lang='lat' dir='ltr'><strong>natura:</strong></span> <span class='ocrx_word' id='word_1_470' title='bbox 1058 3198 1448 3269; x_wconf 80' lang='lat' dir='ltr'><strong>intelliguntur,</strong></span> <span class='ocrx_word' id='word_1_471' title='bbox 1481 3197 1646 3249; x_wconf 88' lang='lat' dir='ltr'><strong>altera</strong></span> <span class='ocrx_word' id='word_1_472' title='bbox 1667 3195 1879 3255; x_wconf 63' lang='lat' dir='ltr'><strong>animm.</strong></span> <span class='ocrx_word' id='word_1_473' title='bbox 1908 3204 1963 3248; x_wconf 91' lang='lat' dir='ltr'><strong>et</strong></span> <span class='ocrx_word' id='word_1_474' title='bbox 1990 3194 2158 3249; x_wconf 84' lang='lat' dir='ltr'><strong>altera</strong></span> 
     </span>
    </p>
   </div>
   <div class='ocr_carea' id='block_1_65' title="bbox 588 3286 2157 3368">
    <p class='ocr_par' dir='ltr' id='par_1_65' title="bbox 588 3286 2157 3368">
     <span class='ocr_line' id='line_1_65' title="bbox 588 3286 2157 3368; baseline -0.008 -15"><span class='ocrx_word' id='word_1_475' title='bbox 588 3296 870 3368; x_wconf 89' lang='lat' dir='ltr'><strong>corporis:</strong></span> <span class='ocrx_word' id='word_1_476' title='bbox 905 3303 957 3348; x_wconf 92' lang='lat' dir='ltr'><strong>et</strong></span> <span class='ocrx_word' id='word_1_477' title='bbox 984 3302 1161 3346; x_wconf 84' lang='lat' dir='ltr'><strong>tamen</strong></span> <span class='ocrx_word' id='word_1_478' title='bbox 1219 3305 1325 3345; x_wconf 91' lang='lat' dir='ltr'><strong>non</strong></span> <span class='ocrx_word' id='word_1_479' title='bbox 1359 3296 1579 3358; x_wconf 90' lang='lat' dir='ltr'><strong>propter</strong></span> <span class='ocrx_word' id='word_1_480' title='bbox 1608 3288 1709 3342; x_wconf 81' lang='lat' dir='ltr'><strong>hoc</strong></span> <span class='ocrx_word' id='word_1_481' title='bbox 1751 3288 1803 3340; x_wconf 91' lang='lat' dir='ltr'><strong>in</strong></span> <span class='ocrx_word' id='word_1_482' title='bbox 1842 3288 1977 3341; x_wconf 86' lang='lat' dir='ltr'><strong>duos</strong></span> <span class='ocrx_word' id='word_1_483' title='bbox 2006 3286 2157 3358; x_wconf 87' lang='lat' dir='ltr'><strong>[duo,</strong></span> 
     </span>
    </p>
   </div>
   <div class='ocr_carea' id='block_1_66' title="bbox 588 3380 2161 3457">
    <p class='ocr_par' dir='ltr' id='par_1_66' title="bbox 588 3380 2161 3457">
     <span class='ocr_line' id='line_1_66' title="bbox 588 3380 2161 3457; baseline -0.008 -13"><span class='ocrx_word' id='word_1_484' title='bbox 588 3394 665 3446; x_wconf 77' lang='lat' dir='ltr'><strong>sic</strong></span> <span class='ocrx_word' id='word_1_485' title='bbox 740 3389 888 3457; x_wconf 83' lang='lat' dir='ltr'><strong>alibi)</strong></span> <span class='ocrx_word' id='word_1_486' title='bbox 966 3388 1217 3440; x_wconf 90' lang='lat' dir='ltr'><strong>homines</strong></span> <span class='ocrx_word' id='word_1_487' title='bbox 1279 3383 1572 3448; x_wconf 89' lang='lat' dir='ltr'><strong>dividitur,</strong></span> <span class='ocrx_word' id='word_1_488' title='bbox 1647 3381 1741 3435; x_wconf 89' lang='lat' dir='ltr'><strong>sed</strong></span> <span class='ocrx_word' id='word_1_489' title='bbox 1815 3396 1981 3434; x_wconf 90' lang='lat' dir='ltr'><strong>unum</strong></span> <span class='ocrx_word' id='word_1_490' title='bbox 2051 3380 2161 3434; x_wconf 88' lang='lat' dir='ltr'><strong>sci-</strong></span> 
     </span>
    </p>
   </div>
   <div class='ocr_carea' id='block_1_67' title="bbox 594 3472 2158 3540">
    <p class='ocr_par' dir='ltr' id='par_1_67' title="bbox 594 3472 2158 3540">
     <span class='ocr_line' id='line_1_67' title="bbox 594 3472 2158 3540; baseline -0.007 -3"><span class='ocrx_word' id='word_1_491' title='bbox 594 3498 718 3538; x_wconf 89' lang='lat' dir='ltr'><strong>mus</strong></span> <span class='ocrx_word' id='word_1_492' title='bbox 762 3480 1037 3535; x_wconf 88' lang='lat' dir='ltr'><strong>hominem</strong></span> <span class='ocrx_word' id='word_1_493' title='bbox 1089 3491 1230 3539; x_wconf 84' lang='lat' dir='ltr'><strong>csse,</strong></span> <span class='ocrx_word' id='word_1_494' title='bbox 1275 3487 1329 3530; x_wconf 89' lang='lat' dir='ltr'><strong>et</strong></span> <span class='ocrx_word' id='word_1_495' title='bbox 1374 3490 1534 3528; x_wconf 91' lang='lat' dir='ltr'><strong>unam</strong></span> <span class='ocrx_word' id='word_1_496' title='bbox 1582 3472 1983 3527; x_wconf 86' lang='lat' dir='ltr'><strong>subsistentiam</strong></span> <span class='ocrx_word' id='word_1_497' title='bbox 2022 3472 2158 3540; x_wconf 83' lang='lat' dir='ltr'><strong>ejus.</strong></span> 
     </span>
    </p>
   </div>
   <div class='ocr_carea' id='block_1_68' title="bbox 597 3562 2164 3640">
    <p class='ocr_par' dir='ltr' id='par_1_68' title="bbox 597 3562 2164 3640">
     <span class='ocr_line' id='line_1_68' title="bbox 597 3562 2164 3640; baseline -0.008 -14"><span class='ocrx_word' id='word_1_498' title='bbox 597 3573 667 3626; x_wconf 85' lang='lat' dir='ltr'><strong>Et</strong></span> <span class='ocrx_word' id='word_1_499' title='bbox 707 3572 761 3623; x_wconf 91' lang='lat' dir='ltr'><strong>in</strong></span> <span class='ocrx_word' id='word_1_500' title='bbox 811 3568 1068 3640; x_wconf 79' lang='lat' dir='ltr'><strong>mysterio</strong></span> <span class='ocrx_word' id='word_1_501' title='bbox 1107 3566 1269 3636; x_wconf 77' lang='lat' dir='ltr'><strong>igitur</strong></span> <span class='ocrx_word' id='word_1_502' title='bbox 1305 3564 1508 3619; x_wconf 88' lang='lat' dir='ltr'><strong>Christi</strong></span> <span class='ocrx_word' id='word_1_503' title='bbox 1554 3564 1691 3617; x_wconf 79' lang='lat' dir='ltr'><strong>facta</strong></span> <span class='ocrx_word' id='word_1_504' title='bbox 1741 3563 2004 3627; x_wconf 88' lang='lat' dir='ltr'><strong>unitione,</strong></span> <span class='ocrx_word' id='word_1_505' title='bbox 2038 3562 2164 3616; x_wconf 89' lang='lat' dir='ltr'><strong>licet</strong></span> 
     </span>
    </p>
   </div>
   <div class='ocr_carea' id='block_1_69' title="bbox 595 3655 2160 3731">
    <p class='ocr_par' dir='ltr' id='par_1_69' title="bbox 595 3655 2160 3731">
     <span class='ocr_line' id='line_1_69' title="bbox 595 3655 2160 3731; baseline -0.006 -14"><span class='ocrx_word' id='word_1_506' title='bbox 595 3665 806 3717; x_wconf 86' lang='lat' dir='ltr'><strong>diversa</strong></span> <span class='ocrx_word' id='word_1_507' title='bbox 868 3660 1238 3731; x_wconf 88' lang='lat' dir='ltr'><strong>intelligantur</strong></span> <span class='ocrx_word' id='word_1_508' title='bbox 1295 3673 1415 3727; x_wconf 63' lang='lat' dir='ltr'><strong>qua:</strong></span> <span class='ocrx_word' id='word_1_509' title='bbox 1474 3658 1623 3710; x_wconf 84' lang='lat' dir='ltr'><strong>unita</strong></span> <span class='ocrx_word' id='word_1_510' title='bbox 1687 3664 1845 3719; x_wconf 89' lang='lat' dir='ltr'><strong>sunt,</strong></span> <span class='ocrx_word' id='word_1_511' title='bbox 1905 3655 2001 3710; x_wconf 87' lang='lat' dir='ltr'><strong>sed</strong></span> <span class='ocrx_word' id='word_1_512' title='bbox 2052 3670 2160 3708; x_wconf 91' lang='lat' dir='ltr'><strong>non</strong></span> 
     </span>
    </p>
   </div>
   <div class='ocr_carea' id='block_1_70' title="bbox 595 3748 2164 3826">
    <p class='ocr_par' dir='ltr' id='par_1_70' title="bbox 595 3748 2164 3826">
     <span class='ocr_line' id='line_1_70' title="bbox 595 3748 2164 3826; baseline -0.006 -16"><span class='ocrx_word' id='word_1_513' title='bbox 595 3756 711 3826; x_wconf 78' lang='lat' dir='ltr'><strong>ipsa</strong></span> <span class='ocrx_word' id='word_1_514' title='bbox 774 3768 832 3807; x_wconf 89' lang='lat' dir='ltr'><strong>re</strong></span> <span class='ocrx_word' id='word_1_515' title='bbox 880 3759 937 3807; x_wconf 88' lang='lat' dir='ltr'><strong>et</strong></span> <span class='ocrx_word' id='word_1_516' title='bbox 988 3766 1085 3821; x_wconf 88' lang='lat' dir='ltr'><strong>per</strong></span> <span class='ocrx_word' id='word_1_517' title='bbox 1135 3759 1316 3820; x_wconf 89' lang='lat' dir='ltr'><strong>partes</strong></span> <span class='ocrx_word' id='word_1_518' title='bbox 1372 3764 1403 3803; x_wconf 88' lang='lat' dir='ltr'><strong>a</strong></span> <span class='ocrx_word' id='word_1_519' title='bbox 1450 3763 1510 3802; x_wconf 90' lang='lat' dir='ltr'><strong>se</strong></span> <span class='ocrx_word' id='word_1_520' title='bbox 1562 3748 1790 3802; x_wconf 88' lang='lat' dir='ltr'><strong>invicem</strong></span> <span class='ocrx_word' id='word_1_521' title='bbox 1844 3755 2164 3817; x_wconf 85' lang='lat' dir='ltr'><strong>separantur</strong></span> 
     </span>
    </p>
   </div>
   <div class='ocr_carea' id='block_1_71' title="bbox 596 3839 2165 3914">
    <p class='ocr_par' dir='ltr' id='par_1_71' title="bbox 596 3839 2165 3914">
     <span class='ocr_line' id='line_1_71' title="bbox 596 3839 2165 3914; baseline -0.006 -11"><span class='ocrx_word' id='word_1_522' title='bbox 596 3864 692 3910; x_wconf 89' lang='lat' dir='ltr'><strong>ea,</strong></span> <span class='ocrx_word' id='word_1_523' title='bbox 754 3862 819 3899; x_wconf 82' lang='lat' dir='ltr'><strong>ex</strong></span> <span class='ocrx_word' id='word_1_524' title='bbox 882 3844 1080 3914; x_wconf 90' lang='lat' dir='ltr'><strong>quibus</strong></span> <span class='ocrx_word' id='word_1_525' title='bbox 1136 3843 1398 3897; x_wconf 89' lang='lat' dir='ltr'><strong>Dominus</strong></span> <span class='ocrx_word' id='word_1_526' title='bbox 1451 3850 1640 3895; x_wconf 87' lang='lat' dir='ltr'><strong>noster</strong></span> <span class='ocrx_word' id='word_1_527' title='bbox 1703 3840 1862 3895; x_wconf 81' lang='lat' dir='ltr'><strong>Jesus</strong></span> <span class='ocrx_word' id='word_1_528' title='bbox 1916 3839 2165 3894; x_wconf 87' lang='lat' dir='ltr'><strong>Christus</strong></span> 
     </span>
    </p>
   </div>
   <div class='ocr_carea' id='block_1_72' title="bbox 596 3933 2166 4009">
    <p class='ocr_par' dir='ltr' id='par_1_72' title="bbox 596 3933 2166 4009">
     <span class='ocr_line' id='line_1_72' title="bbox 596 3933 2166 4009; baseline -0.004 -15"><span class='ocrx_word' id='word_1_529' title='bbox 596 3939 930 4009; x_wconf 88' lang='lat' dir='ltr'><strong>compositus</strong></span> <span class='ocrx_word' id='word_1_530' title='bbox 973 3945 1076 4000; x_wconf 89' lang='lat' dir='ltr'><strong>est,</strong></span> <span class='ocrx_word' id='word_1_531' title='bbox 1121 3934 1480 3990; x_wconf 78' lang='lat' dir='ltr'><strong>differentiam</strong></span> <span class='ocrx_word' id='word_1_532' title='bbox 1522 3942 1701 3987; x_wconf 89' lang='lat' dir='ltr'><strong>tamen</strong></span> <span class='ocrx_word' id='word_1_533' title='bbox 1756 3933 2166 3987; x_wconf 87' lang='lat' dir='ltr'><strong>considerantes</strong></span> 
     </span>
    </p>
   </div>
   <div class='ocr_carea' id='block_1_73' title="bbox 596 4020 2165 4095">
    <p class='ocr_par' dir='ltr' id='par_1_73' title="bbox 596 4020 2165 4095">
     <span class='ocr_line' id='line_1_73' title="bbox 596 4020 2165 4095; baseline -0.006 -13"><span class='ocrx_word' id='word_1_534' title='bbox 596 4038 653 4082; x_wconf 89' lang='lat' dir='ltr'><strong>et</strong></span> <span class='ocrx_word' id='word_1_535' title='bbox 705 4028 842 4081; x_wconf 88' lang='lat' dir='ltr'><strong>hanc</strong></span> <span class='ocrx_word' id='word_1_536' title='bbox 910 4023 1212 4095; x_wconf 81' lang='lat' dir='ltr'><strong>signiﬁcare</strong></span> <span class='ocrx_word' id='word_1_537' title='bbox 1271 4022 1547 4083; x_wconf 88' lang='lat' dir='ltr'><strong>volentes,</strong></span> <span class='ocrx_word' id='word_1_538' title='bbox 1600 4037 1884 4075; x_wconf 87' lang='lat' dir='ltr'><strong>numerum</strong></span> <span class='ocrx_word' id='word_1_539' title='bbox 1935 4020 2165 4075; x_wconf 89' lang='lat' dir='ltr'><strong>assumi-</strong></span> 
     </span>
    </p>
   </div>
   <div class='ocr_carea' id='block_1_74' title="bbox 597 4110 2162 4181">
    <p class='ocr_par' dir='ltr' id='par_1_74' title="bbox 597 4110 2162 4181">
     <span class='ocr_line' id='line_1_74' title="bbox 597 4110 2162 4181; baseline -0.004 -10"><span class='ocrx_word' id='word_1_540' title='bbox 597 4132 738 4181; x_wconf 90' lang='lat' dir='ltr'><strong>mus,</strong></span> <span class='ocrx_word' id='word_1_541' title='bbox 780 4124 834 4169; x_wconf 88' lang='lat' dir='ltr'><strong>et</strong></span> <span class='ocrx_word' id='word_1_542' title='bbox 890 4113 1025 4168; x_wconf 90' lang='lat' dir='ltr'><strong>duas</strong></span> <span class='ocrx_word' id='word_1_543' title='bbox 1082 4111 1136 4165; x_wconf 92' lang='lat' dir='ltr'><strong>in</strong></span> <span class='ocrx_word' id='word_1_544' title='bbox 1189 4110 1407 4166; x_wconf 89' lang='lat' dir='ltr'><strong>Christo</strong></span> <span class='ocrx_word' id='word_1_545' title='bbox 1463 4118 1684 4164; x_wconf 89' lang='lat' dir='ltr'><strong>naturas</strong></span> <span class='ocrx_word' id='word_1_546' title='bbox 1726 4125 1843 4164; x_wconf 88' lang='lat' dir='ltr'><strong>esse</strong></span> <span class='ocrx_word' id='word_1_547' title='bbox 1890 4110 2162 4164; x_wconf 88' lang='lat' dir='ltr'><strong>dicimus:</strong></span> 
     </span>
    </p>
   </div>
   <div class='ocr_carea' id='block_1_75' title="bbox 598 4201 2165 4277">
    <p class='ocr_par' dir='ltr' id='par_1_75' title="bbox 598 4201 2165 4277">
     <span class='ocr_line' id='line_1_75' title="bbox 598 4201 2165 4277; baseline -0.005 -14"><span class='ocrx_word' id='word_1_548' title='bbox 598 4208 873 4277; x_wconf 80' lang='lat' dir='ltr'><strong>necideo</strong></span> <span class='ocrx_word' id='word_1_549' title='bbox 935 4220 1076 4260; x_wconf 89' lang='lat' dir='ltr'><strong>unus</strong></span> <span class='ocrx_word' id='word_1_550' title='bbox 1128 4203 1379 4259; x_wconf 90' lang='lat' dir='ltr'><strong>Christus</strong></span> <span class='ocrx_word' id='word_1_551' title='bbox 1442 4204 1497 4256; x_wconf 91' lang='lat' dir='ltr'><strong>in</strong></span> <span class='ocrx_word' id='word_1_552' title='bbox 1560 4203 1697 4256; x_wconf 85' lang='lat' dir='ltr'><strong>duos</strong></span> <span class='ocrx_word' id='word_1_553' title='bbox 1748 4201 2024 4268; x_wconf 84' lang='lat' dir='ltr'><strong>Christus,</strong></span> <span class='ocrx_word' id='word_1_554' title='bbox 2082 4202 2165 4256; x_wconf 90' lang='lat' dir='ltr'><strong>vel</strong></span> 
     </span>
    </p>
   </div>
   <div class='ocr_carea' id='block_1_76' title="bbox 601 4294 2171 4365">
    <p class='ocr_par' dir='ltr' id='par_1_76' title="bbox 601 4294 2171 4365">
     <span class='ocr_line' id='line_1_76' title="bbox 601 4294 2171 4365; baseline -0.006 -9"><span class='ocrx_word' id='word_1_555' title='bbox 601 4302 655 4356; x_wconf 91' lang='lat' dir='ltr'><strong>in</strong></span> <span class='ocrx_word' id='word_1_556' title='bbox 709 4302 844 4355; x_wconf 84' lang='lat' dir='ltr'><strong>duos</strong></span> <span class='ocrx_word' id='word_1_557' title='bbox 892 4299 1028 4353; x_wconf 89' lang='lat' dir='ltr'><strong>ﬁlios</strong></span> <span class='ocrx_word' id='word_1_558' title='bbox 1069 4297 1344 4352; x_wconf 85' lang='lat' dir='ltr'><strong>dividitur.</strong></span> <span class='ocrx_word' id='word_1_559' title='bbox 1407 4294 1473 4349; x_wconf 87' lang='lat' dir='ltr'><strong>Et</strong></span> <span class='ocrx_word' id='word_1_560' title='bbox 1523 4294 1889 4349; x_wconf 86' lang='lat' dir='ltr'><strong>testimonium</strong></span> <span class='ocrx_word' id='word_1_561' title='bbox 1951 4302 2171 4365; x_wconf 84' lang='lat' dir='ltr'><strong>praestat</strong></span> 
     </span>
    </p>
   </div>
   <div class='ocr_carea' id='block_1_77' title="bbox 600 4388 2169 4459">
    <p class='ocr_par' dir='ltr' id='par_1_77' title="bbox 600 4388 2169 4459">
     <span class='ocr_line' id='line_1_77' title="bbox 600 4388 2169 4459; baseline -0.004 -10"><span class='ocrx_word' id='word_1_562' title='bbox 600 4394 804 4449; x_wconf 88' lang='lat' dir='ltr'><strong>nostris</strong></span> <span class='ocrx_word' id='word_1_563' title='bbox 851 4392 1009 4447; x_wconf 90' lang='lat' dir='ltr'><strong>dictis</strong></span> <span class='ocrx_word' id='word_1_564' title='bbox 1056 4399 1276 4445; x_wconf 88' lang='lat' dir='ltr'><strong>sanctus</strong></span> <span class='ocrx_word' id='word_1_565' title='bbox 1330 4389 1621 4459; x_wconf 80' lang='lat' dir='ltr'><strong>Gregorius</strong></span> <span class='ocrx_word' id='word_1_566' title='bbox 1665 4388 1989 4459; x_wconf 82' lang='lat' dir='ltr'><strong>Theologus,</strong></span> <span class='ocrx_word' id='word_1_567' title='bbox 2035 4389 2169 4442; x_wconf 86' lang='lat' dir='ltr'><strong>scri-</strong></span> 
     </span>
    </p>
   </div>
   <div class='ocr_carea' id='block_1_78' title="bbox 601 4471 2172 4553">
    <p class='ocr_par' dir='ltr' id='par_1_78' title="bbox 601 4471 2172 4553">
     <span class='ocr_line' id='line_1_78' title="bbox 601 4471 2172 4553; baseline -0.006 -12"><span class='ocrx_word' id='word_1_568' title='bbox 601 4487 739 4541; x_wconf 81' lang='lat' dir='ltr'><strong>hens</strong></span> <span class='ocrx_word' id='word_1_569' title='bbox 792 4471 847 4538; x_wconf 84' lang='lat' dir='ltr'><strong>in</strong></span> <span class='ocrx_word' id='word_1_570' title='bbox 898 4484 1076 4553; x_wconf 89' lang='lat' dir='ltr'><strong>primo</strong></span> <span class='ocrx_word' id='word_1_571' title='bbox 1129 4483 1267 4537; x_wconf 91' lang='lat' dir='ltr'><strong>libro</strong></span> <span class='ocrx_word' id='word_1_572' title='bbox 1322 4474 1392 4536; x_wconf 88' lang='lat' dir='ltr'><strong>ad</strong></span> <span class='ocrx_word' id='word_1_573' title='bbox 1444 4480 1763 4539; x_wconf 85' lang='lat' dir='ltr'><strong>Cledonium</strong></span> <span class='ocrx_word' id='word_1_574' title='bbox 1830 4481 1949 4534; x_wconf 89' lang='lat' dir='ltr'><strong>sic:</strong></span> <span class='ocrx_word' id='word_1_575' title='bbox 1989 4509 2058 4522; x_wconf 88' lang='lat'><strong>--</strong></span> <span class='ocrx_word' id='word_1_576' title='bbox 2114 4477 2172 4532; x_wconf 89' lang='lat' dir='ltr'><strong>Si</strong></span> 
     </span>
    </p>
   </div>
   <div class='ocr_carea' id='block_1_79' title="bbox 602 4569 2174 4646">
    <p class='ocr_par' dir='ltr' id='par_1_79' title="bbox 602 4569 2174 4646">
     <span class='ocr_line' id='line_1_79' title="bbox 602 4569 2174 4646; baseline -0.005 -16"><span class='ocrx_word' id='word_1_577' title='bbox 602 4577 723 4646; x_wconf 89' lang='lat' dir='ltr'><strong>quis</strong></span> <span class='ocrx_word' id='word_1_578' title='bbox 768 4575 1060 4630; x_wconf 88' lang='lat' dir='ltr'><strong>introducit</strong></span> <span class='ocrx_word' id='word_1_579' title='bbox 1098 4574 1236 4628; x_wconf 90' lang='lat' dir='ltr'><strong>duos</strong></span> <span class='ocrx_word' id='word_1_580' title='bbox 1281 4571 1439 4633; x_wconf 89' lang='lat' dir='ltr'><strong>ﬁlios,</strong></span> <span class='ocrx_word' id='word_1_581' title='bbox 1488 4587 1657 4624; x_wconf 91' lang='lat' dir='ltr'><strong>unum</strong></span> <span class='ocrx_word' id='word_1_582' title='bbox 1699 4570 1917 4639; x_wconf 89' lang='lat' dir='ltr'><strong>quidem</strong></span> <span class='ocrx_word' id='word_1_583' title='bbox 1958 4585 2024 4623; x_wconf 88' lang='lat' dir='ltr'><strong>ex</strong></span> <span class='ocrx_word' id='word_1_584' title='bbox 2063 4569 2174 4623; x_wconf 91' lang='lat' dir='ltr'><strong>Deo</strong></span> 
     </span>
    </p>
   </div>
   <div class='ocr_carea' id='block_1_80' title="bbox 604 4661 2172 4736">
    <p class='ocr_par' dir='ltr' id='par_1_80' title="bbox 604 4661 2172 4736">
     <span class='ocr_line' id='line_1_80' title="bbox 604 4661 2172 4736; baseline -0.008 -14"><span class='ocrx_word' id='word_1_585' title='bbox 604 4678 660 4722; x_wconf 90' lang='lat' dir='ltr'><strong>et</strong></span> <span class='ocrx_word' id='word_1_586' title='bbox 701 4666 857 4720; x_wconf 86' lang='lat' dir='ltr'><strong>Patre</strong></span> <span class='ocrx_word' id='word_1_587' title='bbox 885 4664 970 4736; x_wconf 87' lang='lat' dir='ltr'><strong>[ex</strong></span> <span class='ocrx_word' id='word_1_588' title='bbox 997 4664 1107 4719; x_wconf 92' lang='lat' dir='ltr'><strong>Deo</strong></span> <span class='ocrx_word' id='word_1_589' title='bbox 1136 4661 1339 4733; x_wconf 88' lang='lat' dir='ltr'><strong>Patre],</strong></span> <span class='ocrx_word' id='word_1_590' title='bbox 1363 4661 1660 4715; x_wconf 89' lang='lat' dir='ltr'><strong>secundum</strong></span> <span class='ocrx_word' id='word_1_591' title='bbox 1688 4669 1867 4713; x_wconf 87' lang='lat' dir='ltr'><strong>autem</strong></span> <span class='ocrx_word' id='word_1_592' title='bbox 1891 4675 1954 4712; x_wconf 79' lang='lat' dir='ltr'><strong>ex</strong></span> <span class='ocrx_word' id='word_1_593' title='bbox 1981 4668 2172 4722; x_wconf 86' lang='lat' dir='ltr'><strong>matre,</strong></span> 
     </span>
    </p>
   </div>
   <div class='ocr_carea' id='block_1_81' title="bbox 605 4748 2173 4824">
    <p class='ocr_par' dir='ltr' id='par_1_81' title="bbox 605 4748 2173 4824">
     <span class='ocr_line' id='line_1_81' title="bbox 605 4748 2173 4824; baseline -0.008 -10"><span class='ocrx_word' id='word_1_594' title='bbox 605 4760 699 4815; x_wconf 87' lang='lat' dir='ltr'><strong>sed</strong></span> <span class='ocrx_word' id='word_1_595' title='bbox 726 4774 834 4813; x_wconf 91' lang='lat' dir='ltr'><strong>non</strong></span> <span class='ocrx_word' id='word_1_596' title='bbox 867 4773 1034 4812; x_wconf 92' lang='lat' dir='ltr'><strong>unum</strong></span> <span class='ocrx_word' id='word_1_597' title='bbox 1061 4756 1438 4824; x_wconf 87' lang='lat' dir='ltr'><strong>eumdemque,</strong></span> <span class='ocrx_word' id='word_1_598' title='bbox 1470 4769 1536 4807; x_wconf 84' lang='lat' dir='ltr'><strong>ex</strong></span> <span class='ocrx_word' id='word_1_599' title='bbox 1555 4753 1843 4821; x_wconf 88' lang='lat' dir='ltr'><strong>adoptione</strong></span> <span class='ocrx_word' id='word_1_600' title='bbox 1864 4750 1942 4823; x_wconf 87' lang='lat' dir='ltr'><strong>[et</strong></span> <span class='ocrx_word' id='word_1_601' title='bbox 1966 4748 2173 4820; x_wconf 83' lang='lat' dir='ltr'><strong>adopt.]</strong></span> 
     </span>
    </p>
   </div>
   <div class='ocr_carea' id='block_1_82' title="bbox 604 4842 2177 4922">
    <p class='ocr_par' dir='ltr' id='par_1_82' title="bbox 604 4842 2177 4922">
     <span class='ocr_line' id='line_1_82' title="bbox 604 4842 2177 4922; baseline -0.007 -14"><span class='ocrx_word' id='word_1_602' title='bbox 604 4854 780 4918; x_wconf 85' lang='lat' dir='ltr'><strong>cadat,</strong></span> <span class='ocrx_word' id='word_1_603' title='bbox 812 4868 932 4922; x_wconf 70' lang='lat' dir='ltr'><strong>qua:</strong></span> <span class='ocrx_word' id='word_1_604' title='bbox 964 4849 1229 4920; x_wconf 86' lang='lat' dir='ltr'><strong>promissa</strong></span> <span class='ocrx_word' id='word_1_605' title='bbox 1262 4856 1345 4902; x_wconf 89' lang='lat' dir='ltr'><strong>est</strong></span> <span class='ocrx_word' id='word_1_606' title='bbox 1370 4856 1516 4901; x_wconf 87' lang='lat' dir='ltr'><strong>recte</strong></span> <span class='ocrx_word' id='word_1_607' title='bbox 1564 4845 1927 4900; x_wconf 89' lang='lat' dir='ltr'><strong>credentibus.</strong></span> <span class='ocrx_word' id='word_1_608' title='bbox 1959 4842 2177 4897; x_wconf 72' lang='lat' dir='ltr'><strong>Natura:</strong></span> 
     </span>
    </p>
   </div>
   <div class='ocr_carea' id='block_1_83' title="bbox 606 4936 2175 5011">
    <p class='ocr_par' dir='ltr' id='par_1_83' title="bbox 606 4936 2175 5011">
     <span class='ocr_line' id='line_1_83' title="bbox 606 4936 2175 5011; baseline -0.008 -11"><span class='ocrx_word' id='word_1_609' title='bbox 606 4946 753 5000; x_wconf 88' lang='lat' dir='ltr'><strong>enim</strong></span> <span class='ocrx_word' id='word_1_610' title='bbox 793 4946 933 5008; x_wconf 64' lang='lat' dir='ltr'><strong>duae,</strong></span> <span class='ocrx_word' id='word_1_611' title='bbox 967 4942 1109 4998; x_wconf 87' lang='lat' dir='ltr'><strong>Deus</strong></span> <span class='ocrx_word' id='word_1_612' title='bbox 1163 4942 1325 4995; x_wconf 92' lang='lat' dir='ltr'><strong>homo</strong></span> <span class='ocrx_word' id='word_1_613' title='bbox 1364 4938 1527 5011; x_wconf 88' lang='lat' dir='ltr'><strong>[Deus</strong></span> <span class='ocrx_word' id='word_1_614' title='bbox 1562 4947 1617 4992; x_wconf 91' lang='lat' dir='ltr'><strong>et</strong></span> <span class='ocrx_word' id='word_1_615' title='bbox 1654 4937 1858 5008; x_wconf 84' lang='lat' dir='ltr'><strong>homo],</strong></span> <span class='ocrx_word' id='word_1_616' title='bbox 1904 4936 2175 5005; x_wconf 89' lang='lat' dir='ltr'><strong>quomodo</strong></span> 
     </span>
    </p>
   </div>
   <div class='ocr_carea' id='block_1_84' title="bbox 608 5025 2176 5104">
    <p class='ocr_par' dir='ltr' id='par_1_84' title="bbox 608 5025 2176 5104">
     <span class='ocr_line' id='line_1_84' title="bbox 608 5025 2176 5104; baseline -0.009 -12"><span class='ocrx_word' id='word_1_617' title='bbox 608 5049 664 5093; x_wconf 92' lang='lat' dir='ltr'><strong>ct</strong></span> <span class='ocrx_word' id='word_1_618' title='bbox 710 5038 891 5091; x_wconf 89' lang='lat' dir='ltr'><strong>anima</strong></span> <span class='ocrx_word' id='word_1_619' title='bbox 928 5046 983 5091; x_wconf 83' lang='lat' dir='ltr'><strong>et</strong></span> <span class='ocrx_word' id='word_1_620' title='bbox 1022 5049 1251 5104; x_wconf 89' lang='lat' dir='ltr'><strong>corpus:</strong></span> <span class='ocrx_word' id='word_1_621' title='bbox 1295 5047 1405 5087; x_wconf 92' lang='lat' dir='ltr'><strong>non</strong></span> <span class='ocrx_word' id='word_1_622' title='bbox 1430 5041 1608 5084; x_wconf 89' lang='lat' dir='ltr'><strong>autem</strong></span> <span class='ocrx_word' id='word_1_623' title='bbox 1656 5030 1764 5083; x_wconf 91' lang='lat' dir='ltr'><strong>duo</strong></span> <span class='ocrx_word' id='word_1_624' title='bbox 1812 5028 1923 5090; x_wconf 89' lang='lat' dir='ltr'><strong>ﬁlii,</strong></span> <span class='ocrx_word' id='word_1_625' title='bbox 1967 5042 2067 5080; x_wconf 89' lang='lat' dir='ltr'><strong>nec</strong></span> <span class='ocrx_word' id='word_1_626' title='bbox 2101 5025 2176 5079; x_wconf 92' lang='lat' dir='ltr'><strong>dii</strong></span> 
     </span>
    </p>
   </div>
   <div class='ocr_carea' id='block_1_85' title="bbox 608 5120 2176 5189">
    <p class='ocr_par' dir='ltr' id='par_1_85' title="bbox 608 5120 2176 5189">
     <span class='ocr_line' id='line_1_85' title="bbox 608 5120 2176 5189; baseline -0.009 -6"><span class='ocrx_word' id='word_1_627' title='bbox 608 5130 738 5183; x_wconf 90' lang='lat' dir='ltr'><strong>duo.</strong></span> <span class='ocrx_word' id='word_1_628' title='bbox 765 5128 873 5183; x_wconf 80' lang='lat' dir='ltr'><strong>Nec</strong></span> <span class='ocrx_word' id='word_1_629' title='bbox 900 5128 1045 5182; x_wconf 91' lang='lat' dir='ltr'><strong>enim</strong></span> <span class='ocrx_word' id='word_1_630' title='bbox 1074 5127 1129 5181; x_wconf 88' lang='lat' dir='ltr'><strong>hi</strong></span> <span class='ocrx_word' id='word_1_631' title='bbox 1158 5126 1263 5181; x_wconf 93' lang='lat' dir='ltr'><strong>duo</strong></span> <span class='ocrx_word' id='word_1_632' title='bbox 1298 5124 1562 5188; x_wconf 88' lang='lat' dir='ltr'><strong>homines,</strong></span> <span class='ocrx_word' id='word_1_633' title='bbox 1598 5122 1723 5176; x_wconf 88' lang='lat' dir='ltr'><strong>licet</strong></span> <span class='ocrx_word' id='word_1_634' title='bbox 1748 5121 1945 5175; x_wconf 87' lang='lat' dir='ltr'><strong>Paulus</strong></span> <span class='ocrx_word' id='word_1_635' title='bbox 1970 5120 2046 5173; x_wconf 89' lang='lat' dir='ltr'><strong>sic</strong></span> <span class='ocrx_word' id='word_1_636' title='bbox 2079 5134 2176 5189; x_wconf 87' lang='lat' dir='ltr'><strong>ap-</strong></span> 
     </span>
    </p>
   </div>
   <div class='ocr_carea' id='block_1_86' title="bbox 611 5211 2175 5291">
    <p class='ocr_par' dir='ltr' id='par_1_86' title="bbox 611 5211 2175 5291">
     <span class='ocr_line' id='line_1_86' title="bbox 611 5211 2175 5291; baseline -0.008 -16"><span class='ocrx_word' id='word_1_637' title='bbox 611 5212 1071 5291; x_wconf 38' lang='lat' dir='ltr'><strong>pellaverit&#39;quod</strong></span> <span class='ocrx_word' id='word_1_638' title='bbox 1109 5226 1193 5272; x_wconf 88' lang='lat' dir='ltr'><strong>est</strong></span> <span class='ocrx_word' id='word_1_639' title='bbox 1226 5219 1371 5270; x_wconf 90' lang='lat' dir='ltr'><strong>intus</strong></span> <span class='ocrx_word' id='word_1_640' title='bbox 1414 5213 1670 5277; x_wconf 88' lang='lat' dir='ltr'><strong>hominis,</strong></span> <span class='ocrx_word' id='word_1_641' title='bbox 1708 5221 1762 5266; x_wconf 89' lang='lat' dir='ltr'><strong>et</strong></span> <span class='ocrx_word' id='word_1_642' title='bbox 1789 5211 1931 5282; x_wconf 92' lang='lat' dir='ltr'><strong>quod</strong></span> <span class='ocrx_word' id='word_1_643' title='bbox 1973 5217 2053 5264; x_wconf 87' lang='lat' dir='ltr'><strong>est</strong></span> <span class='ocrx_word' id='word_1_644' title='bbox 2082 5224 2175 5263; x_wconf 77' lang='lat' dir='ltr'><strong>cx-</strong></span> 
     </span>
    </p>
   </div>
   <div class='ocr_carea' id='block_1_87' title="bbox 2263 3182 3832 3266">
    <p class='ocr_par' dir='ltr' id='par_1_87' title="bbox 2263 3182 3832 3266">
     <span class='ocr_line' id='line_1_87' title="bbox 2263 3182 3832 3266; baseline -0.013 -15"><span class='ocrx_word' id='word_1_645' title='bbox 2263 3200 2370 3251; x_wconf 78' lang='lat' dir='ltr'><strong>Ka‘t</strong></span> <span class='ocrx_word' id='word_1_646' title='bbox 2398 3198 2547 3266; x_wconf 83' lang='grc' dir='ltr'>ὅμως</span> <span class='ocrx_word' id='word_1_647' title='bbox 2586 3194 2647 3247; x_wconf 88' lang='grc' dir='ltr'><strong>οὑ</strong></span> <span class='ocrx_word' id='word_1_648' title='bbox 2683 3193 2769 3245; x_wconf 85' lang='grc' dir='ltr'>διὰ</span> <span class='ocrx_word' id='word_1_649' title='bbox 2800 3190 2958 3244; x_wconf 79' lang='grc' dir='ltr'>τοῦτο</span> <span class='ocrx_word' id='word_1_650' title='bbox 2990 3190 3069 3251; x_wconf 84' lang='grc' dir='ltr'>εἰς</span> <span class='ocrx_word' id='word_1_651' title='bbox 3114 3187 3206 3240; x_wconf 87' lang='grc' dir='ltr'><strong>δύο</strong></span> <span class='ocrx_word' id='word_1_652' title='bbox 3255 3182 3573 3255; x_wconf 78' lang='grc' dir='ltr'>ἀνθρώπους</span> <span class='ocrx_word' id='word_1_653' title='bbox 3607 3182 3832 3249; x_wconf 72' lang='grc' dir='ltr'>διαιρεῖσ-</span> 
     </span>
    </p>
   </div>
   <div class='ocr_carea' id='block_1_88' title="bbox 2260 3272 3832 3353">
    <p class='ocr_par' dir='ltr' id='par_1_88' title="bbox 2260 3272 3832 3353">
     <span class='ocr_line' id='line_1_88' title="bbox 2260 3272 3832 3353; baseline -0.011 -11"><span class='ocrx_word' id='word_1_654' title='bbox 2260 3288 2428 3351; x_wconf 60' lang='lat' dir='ltr'><strong>sat”,</strong></span> <span class='ocrx_word' id='word_1_655' title='bbox 2464 3287 2577 3340; x_wconf 87' lang='grc' dir='ltr'>ἀλλ’</span> <span class='ocrx_word' id='word_1_656' title='bbox 2607 3287 2701 3338; x_wconf 84' lang='grc' dir='ltr'>’ἑνα</span> <span class='ocrx_word' id='word_1_657' title='bbox 2731 3287 2888 3353; x_wconf 73' lang='grc' dir='ltr'>ἴσμεν</span> <span class='ocrx_word' id='word_1_658' title='bbox 2917 3283 3008 3339; x_wconf 85' lang='grc' dir='ltr'><strong>τὸν</strong></span> <span class='ocrx_word' id='word_1_659' title='bbox 3036 3280 3317 3349; x_wconf 76' lang='grc' dir='ltr'>ἄνθρωπον</span> <span class='ocrx_word' id='word_1_660' title='bbox 3362 3278 3456 3329; x_wconf 68' lang='grc' dir='ltr'>καὶ</span> <span class='ocrx_word' id='word_1_661' title='bbox 3500 3274 3632 3344; x_wconf 88' lang='grc' dir='ltr'>μίαν</span> <span class='ocrx_word' id='word_1_662' title='bbox 3665 3272 3832 3326; x_wconf 81' lang='grc' dir='ltr'>αὑτοῦ</span> 
     </span>
    </p>
   </div>
   <div class='ocr_carea' id='block_1_89' title="bbox 2260 3366 3835 3450">
    <p class='ocr_par' dir='ltr' id='par_1_89' title="bbox 2260 3366 3835 3450">
     <span class='ocr_line' id='line_1_89' title="bbox 2260 3366 3835 3450; baseline -0.011 -17"><span class='ocrx_word' id='word_1_663' title='bbox 2260 3382 2359 3450; x_wconf 80' lang='grc' dir='ltr'>τὴν</span> <span class='ocrx_word' id='word_1_664' title='bbox 2389 3380 2704 3431; x_wconf 84' lang='grc' dir='ltr'>ὑπόστασιν.</span> <span class='ocrx_word' id='word_1_665' title='bbox 2730 3378 2839 3428; x_wconf 80' lang='grc' dir='ltr'><strong>Καὶ</strong></span> <span class='ocrx_word' id='word_1_666' title='bbox 2867 3375 2956 3425; x_wconf 58' lang='grc' dir='ltr'><strong>ἐπὶ¹</strong></span> <span class='ocrx_word' id='word_1_667' title='bbox 2982 3372 3075 3424; x_wconf 78' lang='grc' dir='ltr'>τοῦ</span> <span class='ocrx_word' id='word_1_668' title='bbox 3099 3370 3241 3423; x_wconf 85' lang='grc' dir='ltr'><strong>κατὰ</strong></span> <span class='ocrx_word' id='word_1_669' title='bbox 3264 3367 3495 3439; x_wconf 73' lang='grc' dir='ltr'>Χριστὸν</span> <span class='ocrx_word' id='word_1_670' title='bbox 3523 3366 3706 3418; x_wconf 87' lang='grc' dir='ltr'>τοίνυν</span> <span class='ocrx_word' id='word_1_671' title='bbox 3736 3382 3835 3435; x_wconf 84' lang='grc' dir='ltr'>μυ·</span> 
     </span>
    </p>
   </div>
   <div class='ocr_carea' id='block_1_90' title="bbox 2265 3459 3833 3545">
    <p class='ocr_par' dir='ltr' id='par_1_90' title="bbox 2265 3459 3833 3545">
     <span class='ocr_line' id='line_1_90' title="bbox 2265 3459 3833 3545; baseline -0.011 -19"><span class='ocrx_word' id='word_1_672' title='bbox 2265 3473 2484 3545; x_wconf 85' lang='grc' dir='ltr'>στηρίου</span> <span class='ocrx_word' id='word_1_673' title='bbox 2512 3472 2610 3540; x_wconf 78' lang='grc' dir='ltr'>τῆς</span> <span class='ocrx_word' id='word_1_674' title='bbox 2632 3468 2876 3529; x_wconf 86' lang='grc' dir='ltr'>ἐνώσεως</span> <span class='ocrx_word' id='word_1_675' title='bbox 2904 3464 3221 3534; x_wconf 78' lang='grc' dir='ltr'>γενομένης,</span> <span class='ocrx_word' id='word_1_676' title='bbox 3246 3463 3294 3514; x_wconf 89' lang='grc' dir='ltr'><strong>εί</strong></span> <span class='ocrx_word' id='word_1_677' title='bbox 3316 3461 3409 3514; x_wconf 72' lang='grc' dir='ltr'>καὶ</span> <span class='ocrx_word' id='word_1_678' title='bbox 3436 3459 3670 3529; x_wconf 79' lang='grc' dir='ltr'>διάφορα</span> <span class='ocrx_word' id='word_1_679' title='bbox 3700 3459 3833 3510; x_wconf 77' lang='grc' dir='ltr'>θεω-</span> 
     </span>
    </p>
   </div>
   <div class='ocr_carea' id='block_1_91' title="bbox 2265 3548 3835 3635">
    <p class='ocr_par' dir='ltr' id='par_1_91' title="bbox 2265 3548 3835 3635">
     <span class='ocr_line' id='line_1_91' title="bbox 2265 3548 3835 3635; baseline -0.012 -17"><span class='ocrx_word' id='word_1_680' title='bbox 2265 3567 2441 3635; x_wconf 86' lang='grc' dir='ltr'>ρεῖται</span> <span class='ocrx_word' id='word_1_681' title='bbox 2472 3562 2540 3615; x_wconf 77' lang='grc' dir='ltr'>τὰ</span> <span class='ocrx_word' id='word_1_682' title='bbox 2573 3560 2860 3623; x_wconf 86' lang='grc' dir='ltr'>ὲνωθέντα,</span> <span class='ocrx_word' id='word_1_683' title='bbox 2893 3557 3006 3611; x_wconf 80' lang='grc' dir='ltr'>ἀλλ’</span> <span class='ocrx_word' id='word_1_684' title='bbox 3039 3552 3131 3618; x_wconf 77' lang='grc' dir='ltr'><strong>οὖν</strong></span> <span class='ocrx_word' id='word_1_685' title='bbox 3174 3555 3234 3607; x_wconf 87' lang='grc' dir='ltr'><strong>οὑ</strong></span> <span class='ocrx_word' id='word_1_686' title='bbox 3288 3549 3691 3623; x_wconf 79' lang='grc' dir='ltr'>πραγματικῶς</span> <span class='ocrx_word' id='word_1_687' title='bbox 3742 3548 3835 3601; x_wconf 79' lang='grc' dir='ltr'>καὶ</span> 
     </span>
    </p>
   </div>
   <div class='ocr_carea' id='block_1_92' title="bbox 2264 3635 3836 3723">
    <p class='ocr_par' dir='ltr' id='par_1_92' title="bbox 2264 3635 3836 3723">
     <span class='ocr_line' id='line_1_92' title="bbox 2264 3635 3836 3723; baseline -0.01 -17"><span class='ocrx_word' id='word_1_688' title='bbox 2264 3654 2366 3711; x_wconf 81' lang='grc' dir='ltr'>ἀνὰ</span> <span class='ocrx_word' id='word_1_689' title='bbox 2400 3652 2563 3723; x_wconf 83' lang='grc' dir='ltr'>μέρος</span> <span class='ocrx_word' id='word_1_690' title='bbox 2594 3650 2835 3720; x_wconf 80' lang='grc' dir='ltr'>ἀλλήλων</span> <span class='ocrx_word' id='word_1_691' title='bbox 2876 3648 3174 3701; x_wconf 86' lang='grc' dir='ltr'>διίστανται</span> <span class='ocrx_word' id='word_1_692' title='bbox 3206 3644 3274 3697; x_wconf 78' lang='grc' dir='ltr'>τὰ</span> <span class='ocrx_word' id='word_1_693' title='bbox 3306 3644 3364 3708; x_wconf 82' lang='grc' dir='ltr'>ἐξ</span> <span class='ocrx_word' id='word_1_694' title='bbox 3405 3635 3481 3695; x_wconf 79' lang='grc' dir='ltr'>ὧν</span> <span class='ocrx_word' id='word_1_695' title='bbox 3517 3641 3601 3693; x_wconf 64' lang='lat'><strong>65&quot;</strong></span> <span class='ocrx_word' id='word_1_696' title='bbox 3632 3639 3836 3710; x_wconf 81' lang='grc' dir='ltr'>Κύριος</span> 
     </span>
    </p>
   </div>
   <div class='ocr_carea' id='block_1_93' title="bbox 2265 3729 3836 3815">
    <p class='ocr_par' dir='ltr' id='par_1_93' title="bbox 2265 3729 3836 3815">
     <span class='ocr_line' id='line_1_93' title="bbox 2265 3729 3836 3815; baseline -0.011 -18"><span class='ocrx_word' id='word_1_697' title='bbox 2265 3745 2421 3815; x_wconf 82' lang='grc' dir='ltr'>ἡμῶν</span> <span class='ocrx_word' id='word_1_698' title='bbox 2452 3742 2658 3815; x_wconf 82' lang='grc' dir='ltr'>Ἰησοῦς</span> <span class='ocrx_word' id='word_1_699' title='bbox 2686 3743 2714 3793; x_wconf 89' lang='lat'><strong>6</strong></span> <span class='ocrx_word' id='word_1_700' title='bbox 2743 3739 2975 3809; x_wconf 82' lang='grc' dir='ltr'>Χριστὸς</span> <span class='ocrx_word' id='word_1_701' title='bbox 3023 3734 3301 3803; x_wconf 80' lang='grc' dir='ltr'>συνετέθη.</span> <span class='ocrx_word' id='word_1_702' title='bbox 3337 3732 3445 3802; x_wconf 75' lang='grc' dir='ltr'><strong>Τὴν</strong></span> <span class='ocrx_word' id='word_1_703' title='bbox 3494 3731 3679 3801; x_wconf 81' lang='grc' dir='ltr'>μέντοι</span> <span class='ocrx_word' id='word_1_704' title='bbox 3716 3729 3836 3781; x_wconf 79' lang='grc' dir='ltr'>δια-</span> 
     </span>
    </p>
   </div>
   <div class='ocr_carea' id='block_1_94' title="bbox 2266 3818 3840 3904">
    <p class='ocr_par' dir='ltr' id='par_1_94' title="bbox 2266 3818 3840 3904">
     <span class='ocr_line' id='line_1_94' title="bbox 2266 3818 3840 3904; baseline -0.011 -18"><span class='ocrx_word' id='word_1_705' title='bbox 2266 3832 2435 3904; x_wconf 77' lang='grc' dir='ltr'>φορὰν</span> <span class='ocrx_word' id='word_1_706' title='bbox 2478 3829 2881 3891; x_wconf 81' lang='grc' dir='ltr'>κατανοοῦντες,</span> <span class='ocrx_word' id='word_1_707' title='bbox 2913 3828 3007 3879; x_wconf 78' lang='grc' dir='ltr'><strong>καὶ</strong></span> <span class='ocrx_word' id='word_1_708' title='bbox 3046 3826 3248 3893; x_wconf 81' lang='grc' dir='ltr'>ταύτην</span> <span class='ocrx_word' id='word_1_709' title='bbox 3288 3824 3523 3893; x_wconf 77' lang='grc' dir='ltr'>σημᾶναι</span> <span class='ocrx_word' id='word_1_710' title='bbox 3575 3818 3840 3889; x_wconf 82' lang='grc' dir='ltr'>βουλόμε-</span> 
     </span>
    </p>
   </div>
   <div class='ocr_carea' id='block_1_95' title="bbox 2265 3909 3843 3993">
    <p class='ocr_par' dir='ltr' id='par_1_95' title="bbox 2265 3909 3843 3993">
     <span class='ocr_line' id='line_1_95' title="bbox 2265 3909 3843 3993; baseline -0.011 -14"><span class='ocrx_word' id='word_1_711' title='bbox 2265 3943 2366 3992; x_wconf 86' lang='grc' dir='ltr'>νοι,</span> <span class='ocrx_word' id='word_1_712' title='bbox 2402 3925 2491 3977; x_wconf 80' lang='grc' dir='ltr'><strong>τὸν</strong></span> <span class='ocrx_word' id='word_1_713' title='bbox 2539 3922 2770 3993; x_wconf 83' lang='grc' dir='ltr'>ἀριθμὸν</span> <span class='ocrx_word' id='word_1_714' title='bbox 2815 3914 3453 3987; x_wconf 80' lang='grc' dir='ltr'>παραλαμϐάνομεν,,κα“ι</span> <span class='ocrx_word' id='word_1_715' title='bbox 3490 3912 3585 3964; x_wconf 85' lang='grc' dir='ltr'>δύο</span> <span class='ocrx_word' id='word_1_716' title='bbox 3632 3909 3737 3972; x_wconf 86' lang='grc' dir='ltr'>τὰς</span> <span class='ocrx_word' id='word_1_717' title='bbox 3782 3911 3843 3961; x_wconf 81' lang='grc' dir='ltr'><strong>ἐν</strong></span> 
     </span>
    </p>
   </div>
   <div class='ocr_carea' id='block_1_96' title="bbox 2266 3995 3844 4087">
    <p class='ocr_par' dir='ltr' id='par_1_96' title="bbox 2266 3995 3844 4087">
     <span class='ocr_line' id='line_1_96' title="bbox 2266 3995 3844 4087; baseline -0.01 -18"><span class='ocrx_word' id='word_1_718' title='bbox 2266 4014 2486 4087; x_wconf 84' lang='grc' dir='ltr'>Χριστῷ</span> <span class='ocrx_word' id='word_1_719' title='bbox 2516 4014 2703 4083; x_wconf 76' lang='grc' dir='ltr'>φύσεις</span> <span class='ocrx_word' id='word_1_720' title='bbox 2748 4006 2886 4064; x_wconf 81' lang='grc' dir='ltr'>εἷναί</span> <span class='ocrx_word' id='word_1_721' title='bbox 2916 4025 3116 4078; x_wconf 81' lang='grc' dir='ltr'>φαμεν,</span> <span class='ocrx_word' id='word_1_722' title='bbox 3146 4007 3240 4058; x_wconf 71' lang='grc' dir='ltr'><strong>καὶ</strong></span> <span class='ocrx_word' id='word_1_723' title='bbox 3274 4006 3335 4057; x_wconf 86' lang='grc' dir='ltr'><strong>οὑ</strong></span> <span class='ocrx_word' id='word_1_724' title='bbox 3376 4003 3462 4056; x_wconf 81' lang='grc' dir='ltr'><strong>διὰ</strong></span> <span class='ocrx_word' id='word_1_725' title='bbox 3500 4000 3661 4054; x_wconf 86' lang='grc' dir='ltr'>τοῦτο</span> <span class='ocrx_word' id='word_1_726' title='bbox 3698 4004 3728 4054; x_wconf 88' lang='lat'><strong>6</strong></span> <span class='ocrx_word' id='word_1_727' title='bbox 3759 3995 3844 4063; x_wconf 72' lang='grc' dir='ltr'>εἷς</span> 
     </span>
    </p>
   </div>
   <div class='ocr_carea' id='block_1_97' title="bbox 2266 4093 3846 4179">
    <p class='ocr_par' dir='ltr' id='par_1_97' title="bbox 2266 4093 3846 4179">
     <span class='ocr_line' id='line_1_97' title="bbox 2266 4093 3846 4179; baseline -0.009 -19"><span class='ocrx_word' id='word_1_728' title='bbox 2266 4106 2499 4179; x_wconf 81' lang='grc' dir='ltr'>Χριστὸς</span> <span class='ocrx_word' id='word_1_729' title='bbox 2534 4107 2613 4167; x_wconf 87' lang='grc' dir='ltr'>εἰς</span> <span class='ocrx_word' id='word_1_730' title='bbox 2635 4102 2728 4155; x_wconf 86' lang='grc' dir='ltr'><strong>δύο</strong></span> <span class='ocrx_word' id='word_1_731' title='bbox 2754 4100 3023 4171; x_wconf 76' lang='grc' dir='ltr'>Χριστοὺς</span> <span class='ocrx_word' id='word_1_732' title='bbox 3053 4099 3084 4168; x_wconf 84' lang='grc' dir='ltr'><strong>ἦ</strong></span> <span class='ocrx_word' id='word_1_733' title='bbox 3108 4097 3200 4150; x_wconf 82' lang='grc' dir='ltr'><strong>δύο</strong></span> <span class='ocrx_word' id='word_1_734' title='bbox 3222 4097 3367 4158; x_wconf 73' lang='grc' dir='ltr'>υἱοὺς</span> <span class='ocrx_word' id='word_1_735' title='bbox 3398 4095 3709 4163; x_wconf 86' lang='grc' dir='ltr'>διαιρεῖται.</span> <span class='ocrx_word' id='word_1_736' title='bbox 3732 4093 3846 4145; x_wconf 77' lang='grc' dir='ltr'><strong>Καὶ</strong></span> 
     </span>
    </p>
   </div>
   <div class='ocr_carea' id='block_1_98' title="bbox 2271 4184 3847 4269">
    <p class='ocr_par' dir='ltr' id='par_1_98' title="bbox 2271 4184 3847 4269">
     <span class='ocr_line' id='line_1_98' title="bbox 2271 4184 3847 4269; baseline -0.011 -17"><span class='ocrx_word' id='word_1_737' title='bbox 2271 4199 2538 4269; x_wconf 83' lang='grc' dir='ltr'>μαρτυρεῖ</span> <span class='ocrx_word' id='word_1_738' title='bbox 2590 4198 2699 4258; x_wconf 88' lang='grc' dir='ltr'>τοῖς</span> <span class='ocrx_word' id='word_1_739' title='bbox 2748 4191 2879 4264; x_wconf 85' lang='grc' dir='ltr'>παρ’</span> <span class='ocrx_word' id='word_1_740' title='bbox 2907 4191 3062 4263; x_wconf 80' lang='grc' dir='ltr'>ἡμῶν</span> <span class='ocrx_word' id='word_1_741' title='bbox 3113 4189 3422 4260; x_wconf 78' lang='grc' dir='ltr'>εἰρημένοις</span> <span class='ocrx_word' id='word_1_742' title='bbox 3466 4188 3495 4239; x_wconf 92' lang='lat'><strong>6</strong></span> <span class='ocrx_word' id='word_1_743' title='bbox 3542 4187 3601 4236; x_wconf 85' lang='grc' dir='ltr'><strong>ἐν</strong></span> <span class='ocrx_word' id='word_1_744' title='bbox 3661 4184 3847 4251; x_wconf 86' lang='grc' dir='ltr'>ἁγίοις</span> 
     </span>
    </p>
   </div>
   <div class='ocr_carea' id='block_1_99' title="bbox 2270 4275 3847 4361">
    <p class='ocr_par' dir='ltr' id='par_1_99' title="bbox 2270 4275 3847 4361">
     <span class='ocr_line' id='line_1_99' title="bbox 2270 4275 3847 4361; baseline -0.01 -19"><span class='ocrx_word' id='word_1_745' title='bbox 2270 4291 2567 4361; x_wconf 85' lang='grc' dir='ltr'>Γρηγόριος</span> <span class='ocrx_word' id='word_1_746' title='bbox 2595 4288 2623 4339; x_wconf 92' lang='lat'><strong>6</strong></span> <span class='ocrx_word' id='word_1_747' title='bbox 2650 4286 2894 4353; x_wconf 86' lang='grc' dir='ltr'>θεολόγος</span> <span class='ocrx_word' id='word_1_748' title='bbox 2943 4286 3001 4335; x_wconf 82' lang='grc' dir='ltr'><strong>ἐν</strong></span> <span class='ocrx_word' id='word_1_749' title='bbox 3031 4281 3109 4353; x_wconf 86' lang='grc' dir='ltr'>τῷ</span> <span class='ocrx_word' id='word_1_750' title='bbox 3137 4281 3270 4352; x_wconf 81' lang='grc' dir='ltr'>πρὸς</span> <span class='ocrx_word' id='word_1_751' title='bbox 3304 4278 3595 4347; x_wconf 79' lang='grc' dir='ltr'>Κληδόνων</span> <span class='ocrx_word' id='word_1_752' title='bbox 3638 4275 3847 4346; x_wconf 82' lang='grc' dir='ltr'>πρώτῳ</span> 
     </span>
    </p>
   </div>
   <div class='ocr_carea' id='block_1_100' title="bbox 2271 4367 3845 4451">
    <p class='ocr_par' dir='ltr' id='par_1_100' title="bbox 2271 4367 3845 4451">
     <span class='ocr_line' id='line_1_100' title="bbox 2271 4367 3845 4451; baseline -0.011 -16"><span class='ocrx_word' id='word_1_753' title='bbox 2271 4382 2413 4451; x_wconf 83' lang='grc' dir='ltr'>λόγῳ</span> <span class='ocrx_word' id='word_1_754' title='bbox 2437 4381 2662 4450; x_wconf 84' lang='grc' dir='ltr'>γράφων</span> <span class='ocrx_word' id='word_1_755' title='bbox 2685 4376 2875 4438; x_wconf 72' lang='grc' dir='ltr'>οὕτως’</span> <span class='ocrx_word' id='word_1_756' title='bbox 2903 4406 2973 4415; x_wconf 94' lang='lat'><strong><em>—</em></strong></span> <span class='ocrx_word' id='word_1_757' title='bbox 2996 4375 3059 4426; x_wconf 81' lang='lat' dir='ltr'><strong>El.’</strong></span> <span class='ocrx_word' id='word_1_758' title='bbox 3081 4390 3163 4436; x_wconf 90' lang='grc' dir='ltr'><strong>τις</strong></span> <span class='ocrx_word' id='word_1_759' title='bbox 3194 4371 3404 4439; x_wconf 85' lang='grc' dir='ltr'>εἰσάγει</span> <span class='ocrx_word' id='word_1_760' title='bbox 3422 4368 3514 4422; x_wconf 86' lang='grc' dir='ltr'>δύο</span> <span class='ocrx_word' id='word_1_761' title='bbox 3543 4367 3720 4430; x_wconf 76' lang='grc' dir='ltr'>υἱοὺς,</span> <span class='ocrx_word' id='word_1_762' title='bbox 3747 4368 3845 4419; x_wconf 83' lang='grc' dir='ltr'>’ἐνα</span> 
     </span>
    </p>
   </div>
   <div class='ocr_carea' id='block_1_101' title="bbox 2198 4439 3847 4545">
    <p class='ocr_par' dir='ltr' id='par_1_101' title="bbox 2198 4439 3847 4545">
     <span class='ocr_line' id='line_1_101' title="bbox 2198 4439 3847 4545; baseline -0.011 -17"><span class='ocrx_word' id='word_1_763' title='bbox 2198 4439 2248 4499; x_wconf 77' lang='lat' dir='ltr'><strong>D</strong></span> <span class='ocrx_word' id='word_1_764' title='bbox 2276 4439 2488 4545; x_wconf 52' lang='grc' dir='ltr'>μὲντδν</span> <span class='ocrx_word' id='word_1_765' title='bbox 2516 4439 2578 4523; x_wconf 67' lang='grc' dir='ltr'><strong>ἐιί</strong></span> <span class='ocrx_word' id='word_1_766' title='bbox 2603 4469 2696 4522; x_wconf 79' lang='grc' dir='ltr'>τοῦ</span> <span class='ocrx_word' id='word_1_767' title='bbox 2715 4468 2848 4521; x_wconf 79' lang='grc' dir='ltr'>Θεοῦ</span> <span class='ocrx_word' id='word_1_768' title='bbox 2873 4468 2963 4520; x_wconf 71' lang='grc' dir='ltr'>καὶ</span> <span class='ocrx_word' id='word_1_769' title='bbox 2991 4466 3223 4537; x_wconf 83' lang='grc' dir='ltr'>Πατρὸς,</span> <span class='ocrx_word' id='word_1_770' title='bbox 3248 4464 3495 4533; x_wconf 79' lang='grc' dir='ltr'>δεύτερον</span> <span class='ocrx_word' id='word_1_771' title='bbox 3520 4460 3575 4512; x_wconf 87' lang='grc' dir='ltr'>δὲ</span> <span class='ocrx_word' id='word_1_772' title='bbox 3599 4460 3692 4513; x_wconf 83' lang='grc' dir='ltr'><strong>τὸν</strong></span> <span class='ocrx_word' id='word_1_773' title='bbox 3716 4462 3782 4511; x_wconf 81' lang='grc' dir='ltr'><strong>ἐκ</strong></span> <span class='ocrx_word' id='word_1_774' title='bbox 3798 4459 3847 4491; x_wconf 80' lang='grc'>³⁸</span> 
     </span>
    </p>
   </div>
   <div class='ocr_carea' id='block_1_102' title="bbox 2271 4551 3848 4635">
    <p class='ocr_par' dir='ltr' id='par_1_102' title="bbox 2271 4551 3848 4635">
     <span class='ocr_line' id='line_1_102' title="bbox 2271 4551 3848 4635; baseline -0.012 -16"><span class='ocrx_word' id='word_1_775' title='bbox 2271 4567 2371 4634; x_wconf 80' lang='grc' dir='ltr'><strong>τῆς</strong></span> <span class='ocrx_word' id='word_1_776' title='bbox 2418 4563 2641 4635; x_wconf 79' lang='grc' dir='ltr'>μητρὸς,</span> <span class='ocrx_word' id='word_1_777' title='bbox 2673 4561 2786 4613; x_wconf 84' lang='grc' dir='ltr'>ἀλλ’</span> <span class='ocrx_word' id='word_1_778' title='bbox 2820 4559 2939 4628; x_wconf 72' lang='grc' dir='ltr'>οὐχὶ</span> <span class='ocrx_word' id='word_1_779' title='bbox 2970 4558 3067 4610; x_wconf 71' lang='grc' dir='ltr'><strong>ἕνα</strong></span> <span class='ocrx_word' id='word_1_780' title='bbox 3115 4557 3209 4610; x_wconf 72' lang='grc' dir='ltr'>καὶ</span> <span class='ocrx_word' id='word_1_781' title='bbox 3253 4556 3345 4608; x_wconf 88' lang='grc' dir='ltr'><strong>τὸν</strong></span> <span class='ocrx_word' id='word_1_782' title='bbox 3386 4552 3566 4614; x_wconf 86' lang='grc' dir='ltr'>αὑτὸν,</span> <span class='ocrx_word' id='word_1_783' title='bbox 3604 4551 3700 4603; x_wconf 71' lang='grc' dir='ltr'>καὶ</span> <span class='ocrx_word' id='word_1_784' title='bbox 3747 4551 3848 4619; x_wconf 80' lang='grc' dir='ltr'>τῆς</span> 
     </span>
    </p>
   </div>
   <div class='ocr_carea' id='block_1_103' title="bbox 2273 4638 3846 4717">
    <p class='ocr_par' dir='ltr' id='par_1_103' title="bbox 2273 4638 3846 4717">
     <span class='ocr_line' id='line_1_103' title="bbox 2273 4638 3846 4717; baseline -0.013 -10"><span class='ocrx_word' id='word_1_785' title='bbox 2273 4654 2541 4716; x_wconf 77' lang='grc' dir='ltr'>υἱοθεσίας</span> <span class='ocrx_word' id='word_1_786' title='bbox 2573 4650 2792 4703; x_wconf 79' lang='grc' dir='ltr'>ἐκπέσοι</span> <span class='ocrx_word' id='word_1_787' title='bbox 2830 4648 2930 4717; x_wconf 80' lang='grc' dir='ltr'>τῆς</span> <span class='ocrx_word' id='word_1_788' title='bbox 2968 4643 3383 4717; x_wconf 78' lang='grc' dir='ltr'>ἐπηγγελμένης</span> <span class='ocrx_word' id='word_1_789' title='bbox 3408 4643 3519 4702; x_wconf 85' lang='grc' dir='ltr'>τοῖς</span> <span class='ocrx_word' id='word_1_790' title='bbox 3545 4638 3724 4709; x_wconf 82' lang='grc' dir='ltr'>ὀρθῶς</span> <span class='ocrx_word' id='word_1_791' title='bbox 3749 4655 3846 4689; x_wconf 81' lang='grc' dir='ltr'>πι-</span> 
     </span>
    </p>
   </div>
   <div class='ocr_carea' id='block_1_104' title="bbox 2277 4730 3846 4810">
    <p class='ocr_par' dir='ltr' id='par_1_104' title="bbox 2277 4730 3846 4810">
     <span class='ocr_line' id='line_1_104' title="bbox 2277 4730 3846 4810; baseline -0.012 -13"><span class='ocrx_word' id='word_1_792' title='bbox 2277 4745 2543 4797; x_wconf 85' lang='grc' dir='ltr'>στεύουσι.</span> <span class='ocrx_word' id='word_1_793' title='bbox 2573 4742 2766 4803; x_wconf 82' lang='grc' dir='ltr'>Φύσεις</span> <span class='ocrx_word' id='word_1_794' title='bbox 2808 4740 2906 4810; x_wconf 83' lang='grc' dir='ltr'><strong>μὲν</strong></span> <span class='ocrx_word' id='word_1_795' title='bbox 2952 4739 3062 4809; x_wconf 77' lang='grc' dir='ltr'>γὰρ</span> <span class='ocrx_word' id='word_1_796' title='bbox 3104 4736 3217 4797; x_wconf 84' lang='grc' dir='ltr'>δύο,</span> <span class='ocrx_word' id='word_1_797' title='bbox 3242 4732 3369 4794; x_wconf 79' lang='grc' dir='ltr'>Θεὸς</span> <span class='ocrx_word' id='word_1_798' title='bbox 3405 4732 3498 4783; x_wconf 78' lang='grc' dir='ltr'><strong>καὶ</strong></span> <span class='ocrx_word' id='word_1_799' title='bbox 3533 4730 3846 4799; x_wconf 81' lang='grc' dir='ltr'>ἄνθρωπος,</span> 
     </span>
    </p>
   </div>
   <div class='ocr_carea' id='block_1_105' title="bbox 2275 4820 3844 4904">
    <p class='ocr_par' dir='ltr' id='par_1_105' title="bbox 2275 4820 3844 4904">
     <span class='ocr_line' id='line_1_105' title="bbox 2275 4820 3844 4904; baseline -0.012 -15"><span class='ocrx_word' id='word_1_800' title='bbox 2275 4838 2398 4890; x_wconf 78' lang='grc' dir='ltr'>ἐπεὶ</span> <span class='ocrx_word' id='word_1_801' title='bbox 2433 4836 2528 4889; x_wconf 75' lang='grc' dir='ltr'><strong>καὶ</strong></span> <span class='ocrx_word' id='word_1_802' title='bbox 2572 4834 2719 4904; x_wconf 71' lang='grc' dir='ltr'>ψυχὴ</span> <span class='ocrx_word' id='word_1_803' title='bbox 2755 4834 2849 4886; x_wconf 74' lang='grc' dir='ltr'>καὶ</span> <span class='ocrx_word' id='word_1_804' title='bbox 2899 4832 3081 4899; x_wconf 81' lang='grc' dir='ltr'>σῶμα,</span> <span class='ocrx_word' id='word_1_805' title='bbox 3113 4827 3217 4880; x_wconf 79' lang='grc' dir='ltr'><strong>υἱοὶ</strong></span> <span class='ocrx_word' id='word_1_806' title='bbox 3242 4826 3296 4879; x_wconf 84' lang='grc' dir='ltr'>δὲ</span> <span class='ocrx_word' id='word_1_807' title='bbox 3324 4826 3384 4877; x_wconf 86' lang='grc' dir='ltr'><strong>οὑ</strong></span> <span class='ocrx_word' id='word_1_808' title='bbox 3414 4824 3509 4877; x_wconf 79' lang='grc' dir='ltr'>δύο</span> <span class='ocrx_word' id='word_1_809' title='bbox 3535 4823 3657 4874; x_wconf 76' lang='grc' dir='ltr'>οὐδὲ</span> <span class='ocrx_word' id='word_1_810' title='bbox 3688 4820 3802 4872; x_wconf 83' lang='grc' dir='ltr'>θεοί</span> <span class='ocrx_word' id='word_1_811' title='bbox 3829 4835 3844 4847; x_wconf 93' lang='grc'><strong>·</strong></span> 
     </span>
    </p>
   </div>
   <div class='ocr_carea' id='block_1_106' title="bbox 2274 4907 3851 4997">
    <p class='ocr_par' dir='ltr' id='par_1_106' title="bbox 2274 4907 3851 4997">
     <span class='ocr_line' id='line_1_106' title="bbox 2274 4907 3851 4997; baseline -0.015 -16"><span class='ocrx_word' id='word_1_812' title='bbox 2274 4928 2393 4981; x_wconf 78' lang='grc' dir='ltr'>οὐδὲ</span> <span class='ocrx_word' id='word_1_813' title='bbox 2425 4926 2533 4997; x_wconf 85' lang='grc' dir='ltr'><strong>γὰρ</strong></span> <span class='ocrx_word' id='word_1_814' title='bbox 2559 4924 2791 4978; x_wconf 78' lang='grc' dir='ltr'>ἐνταῦθα</span> <span class='ocrx_word' id='word_1_815' title='bbox 2820 4923 2913 4976; x_wconf 77' lang='grc' dir='ltr'><strong>δύο</strong></span> <span class='ocrx_word' id='word_1_816' title='bbox 2942 4920 3238 4991; x_wconf 79' lang='grc' dir='ltr'>ἄνθρωποι,</span> <span class='ocrx_word' id='word_1_817' title='bbox 3257 4919 3304 4969; x_wconf 85' lang='grc' dir='ltr'>εἰ</span> <span class='ocrx_word' id='word_1_818' title='bbox 3335 4915 3429 4966; x_wconf 76' lang='grc' dir='ltr'>καὶ</span> <span class='ocrx_word' id='word_1_819' title='bbox 3451 4912 3621 4972; x_wconf 72' lang='grc' dir='ltr'>οὕτως</span> <span class='ocrx_word' id='word_1_820' title='bbox 3648 4912 3676 4962; x_wconf 89' lang='lat'><strong>6</strong></span> <span class='ocrx_word' id='word_1_821' title='bbox 3700 4907 3851 4961; x_wconf 79' lang='grc' dir='ltr'><strong>Παῦ-</strong></span> 
     </span>
    </p>
   </div>
   <div class='ocr_carea' id='block_1_107' title="bbox 2275 5004 3851 5085">
    <p class='ocr_par' dir='ltr' id='par_1_107' title="bbox 2275 5004 3851 5085">
     <span class='ocr_line' id='line_1_107' title="bbox 2275 5004 3851 5085; baseline -0.013 -13"><span class='ocrx_word' id='word_1_822' title='bbox 2275 5019 2365 5081; x_wconf 88' lang='grc' dir='ltr'><strong>λος</strong></span> <span class='ocrx_word' id='word_1_823' title='bbox 2394 5020 2453 5070; x_wconf 83' lang='grc' dir='ltr'>τὸ</span> <span class='ocrx_word' id='word_1_824' title='bbox 2484 5017 2633 5079; x_wconf 79' lang='grc' dir='ltr'>ἐντὸς</span> <span class='ocrx_word' id='word_1_825' title='bbox 2657 5015 2750 5069; x_wconf 79' lang='grc' dir='ltr'><strong>τοῦ</strong></span> <span class='ocrx_word' id='word_1_826' title='bbox 2781 5012 3063 5085; x_wconf 86' lang='grc' dir='ltr'>ἀνθρώπου</span> <span class='ocrx_word' id='word_1_827' title='bbox 3084 5011 3177 5064; x_wconf 73' lang='grc' dir='ltr'>καὶ</span> <span class='ocrx_word' id='word_1_828' title='bbox 3202 5008 3262 5061; x_wconf 81' lang='grc' dir='ltr'><strong>τὸ</strong></span> <span class='ocrx_word' id='word_1_829' title='bbox 3290 5007 3445 5069; x_wconf 81' lang='grc' dir='ltr'>ἐκτὸς</span> <span class='ocrx_word' id='word_1_830' title='bbox 3476 5004 3851 5074; x_wconf 75' lang='grc' dir='ltr'>προσηγόρευ-</span> 
     </span>
    </p>
   </div>
   <div class='ocr_carea' id='block_1_108' title="bbox 2278 5094 3852 5175">
    <p class='ocr_par' dir='ltr' id='par_1_108' title="bbox 2278 5094 3852 5175">
     <span class='ocr_line' id='line_1_108' title="bbox 2278 5094 3852 5175; baseline -0.015 -9"><span class='ocrx_word' id='word_1_831' title='bbox 2278 5131 2389 5166; x_wconf 88' lang='grc' dir='ltr'>σεν.</span> <span class='ocrx_word' id='word_1_832' title='bbox 2424 5112 2535 5164; x_wconf 73' lang='grc' dir='ltr'><strong>Καὶ</strong></span> <span class='ocrx_word' id='word_1_833' title='bbox 2570 5113 2619 5163; x_wconf 90' lang='grc' dir='ltr'>εἰ</span> <span class='ocrx_word' id='word_1_834' title='bbox 2650 5110 2729 5161; x_wconf 87' lang='grc' dir='ltr'><strong>δεῖ</strong></span> <span class='ocrx_word' id='word_1_835' title='bbox 2763 5107 3036 5175; x_wconf 81' lang='grc' dir='ltr'>συντόμως</span> <span class='ocrx_word' id='word_1_836' title='bbox 3070 5104 3261 5163; x_wconf 81' lang='grc' dir='ltr'>εἰπεῖν,</span> <span class='ocrx_word' id='word_1_837' title='bbox 3294 5100 3421 5154; x_wconf 79' lang='grc' dir='ltr'>ἄλλο</span> <span class='ocrx_word' id='word_1_838' title='bbox 3457 5097 3555 5168; x_wconf 84' lang='grc' dir='ltr'>μὲν</span> <span class='ocrx_word' id='word_1_839' title='bbox 3594 5096 3691 5147; x_wconf 76' lang='grc' dir='ltr'>καὶ</span> <span class='ocrx_word' id='word_1_840' title='bbox 3722 5094 3852 5145; x_wconf 80' lang='grc' dir='ltr'>ἄλλο</span> 
     </span>
    </p>
   </div>
   <div class='ocr_carea' id='block_1_109' title="bbox 2276 5185 3852 5270">
    <p class='ocr_par' dir='ltr' id='par_1_109' title="bbox 2276 5185 3852 5270">
     <span class='ocr_line' id='line_1_109' title="bbox 2276 5185 3852 5270; baseline -0.016 -9"><span class='ocrx_word' id='word_1_841' title='bbox 2276 5207 2344 5261; x_wconf 77' lang='grc' dir='ltr'><strong>τὰ</strong></span> <span class='ocrx_word' id='word_1_842' title='bbox 2371 5204 2430 5269; x_wconf 77' lang='grc' dir='ltr'>ἐξ</span> <span class='ocrx_word' id='word_1_843' title='bbox 2452 5198 2525 5258; x_wconf 81' lang='grc' dir='ltr'>ὧν</span> <span class='ocrx_word' id='word_1_844' title='bbox 2556 5204 2639 5257; x_wconf 76' lang='grc'><strong>6⁵⁸</strong></span> <span class='ocrx_word' id='word_1_845' title='bbox 2666 5202 2875 5270; x_wconf 75' lang='grc' dir='ltr'>Σωτὴρ,</span> <span class='ocrx_word' id='word_1_846' title='bbox 2908 5197 3061 5267; x_wconf 83' lang='grc' dir='ltr'>εἴπερ</span> <span class='ocrx_word' id='word_1_847' title='bbox 3090 5192 3252 5265; x_wconf 64' lang='grc'><strong>354</strong></span> <span class='ocrx_word' id='word_1_848' title='bbox 3297 5190 3373 5263; x_wconf 83' lang='grc' dir='ltr'>μὴ</span> <span class='ocrx_word' id='word_1_849' title='bbox 3413 5186 3607 5242; x_wconf 83' lang='grc' dir='ltr'>ταυτὸν</span> <span class='ocrx_word' id='word_1_850' title='bbox 3635 5189 3663 5239; x_wconf 85' lang='lat'><strong>6</strong></span> <span class='ocrx_word' id='word_1_851' title='bbox 3686 5185 3852 5256; x_wconf 75' lang='grc' dir='ltr'>ἀόραο</span> 
     </span>
    </p>
   </div>
   <div class='ocr_carea' id='block_1_110' title="bbox 1908 5476 2571 5536">
    <p class='ocr_par' dir='ltr' id='par_1_110' title="bbox 1908 5476 2571 5536">
     <span class='ocr_line' id='line_1_110' title="bbox 1908 5476 2571 5536; baseline -0.009 -1"><span class='ocrx_word' id='word_1_852' title='bbox 1908 5480 2137 5536; x_wconf 63' lang='lat' dir='ltr'><strong>V&#39;ARIIE</strong></span> <span class='ocrx_word' id='word_1_853' title='bbox 2174 5476 2571 5534; x_wconf 77' lang='lat' dir='ltr'><strong>LECTIONES.</strong></span> 
     </span>
    </p>
   </div>
   <div class='ocr_carea' id='block_1_111' title="bbox 687 5664 2037 5748">
    <p class='ocr_par' dir='ltr' id='par_1_111' title="bbox 687 5664 2037 5748">
     <span class='ocr_line' id='line_1_111' title="bbox 687 5664 2037 5748; baseline -0.012 -15"><span class='ocrx_word' id='word_1_854' title='bbox 687 5687 727 5710; x_wconf 91' lang='lat'><strong><em>&quot;</em></strong></span> <span class='ocrx_word' id='word_1_855' title='bbox 760 5676 1047 5748; x_wconf 72' lang='grc' dir='ltr'>ἐτεροφυές</span> <span class='ocrx_word' id='word_1_856' title='bbox 1092 5692 1143 5748; x_wconf 83' lang='grc' dir='ltr'><strong>τι</strong></span> <span class='ocrx_word' id='word_1_857' title='bbox 1182 5672 1465 5748; x_wconf 73' lang='grc' dir='ltr'>ἐπετέλεσε</span> <span class='ocrx_word' id='word_1_858' title='bbox 1506 5672 1572 5725; x_wconf 79' lang='lat' dir='ltr'><strong>R.</strong></span> <span class='ocrx_word' id='word_1_859' title='bbox 1608 5739 1622 5748; x_wconf 41' lang='lat'><em>.</em></span> <span class='ocrx_word' id='word_1_860' title='bbox 1650 5668 1694 5700; x_wconf 75' lang='lat'><strong>&quot;‘</strong></span> <span class='ocrx_word' id='word_1_861' title='bbox 1720 5668 1812 5748; x_wconf 59' lang='grc' dir='ltr'>γαὶ</span> <span class='ocrx_word' id='word_1_862' title='bbox 1836 5683 1944 5720; x_wconf 92' lang='lat' dir='ltr'><strong>om.</strong></span> <span class='ocrx_word' id='word_1_863' title='bbox 1976 5664 2037 5717; x_wconf 81' lang='lat' dir='ltr'><strong>P.</strong></span> 
     </span>
    </p>
   </div>
   <div class='ocr_carea' id='block_1_112' title="bbox 612 5737 2110 5821">
    <p class='ocr_par' dir='ltr' id='par_1_112' title="bbox 612 5737 2110 5821">
     <span class='ocr_line' id='line_1_112' title="bbox 612 5737 2110 5821; baseline -0.01 -17"><span class='ocrx_word' id='word_1_864' title='bbox 612 5737 960 5821; x_wconf 62' lang='grc' dir='ltr'>ζπραγμάτων</span> <span class='ocrx_word' id='word_1_865' title='bbox 992 5737 1050 5799; x_wconf 75' lang='lat' dir='ltr'><strong>l&#39;.</strong></span> <span class='ocrx_word' id='word_1_866' title='bbox 1128 5745 1172 5776; x_wconf 82' lang='grc'>⁸³</span> <span class='ocrx_word' id='word_1_867' title='bbox 1206 5746 1264 5796; x_wconf 80' lang='grc' dir='ltr'><strong>οὑ</strong></span> <span class='ocrx_word' id='word_1_868' title='bbox 1290 5744 1572 5814; x_wconf 55' lang='grc' dir='ltr'>διαιρεᾙαι</span> <span class='ocrx_word' id='word_1_869' title='bbox 1608 5739 1642 5792; x_wconf 76' lang='grc' dir='ltr'><strong><em>Ρ</em></strong></span> <span class='ocrx_word' id='word_1_870' title='bbox 1666 5742 1778 5795; x_wconf 84' lang='lat' dir='ltr'><strong>sola</strong></span> <span class='ocrx_word' id='word_1_871' title='bbox 1814 5746 2025 5793; x_wconf 67' lang='lat' dir='ltr'><strong>tacente</strong></span> <span class='ocrx_word' id='word_1_872' title='bbox 2051 5737 2110 5789; x_wconf 66' lang='grc' dir='ltr'>Υ.</span> 
     </span>
    </p>
   </div>
   <div class='ocr_carea' id='block_1_113' title="bbox 2116 5638 3598 5733">
    <p class='ocr_par' dir='ltr' id='par_1_113' title="bbox 2116 5638 3598 5733">
     <span class='ocr_line' id='line_1_113' title="bbox 2116 5638 3598 5733; baseline -0.02 -14"><span class='ocrx_word' id='word_1_873' title='bbox 2116 5665 2211 5733; x_wconf 61' lang='lat' dir='ltr'><strong>&quot;ﬁ</strong></span> <span class='ocrx_word' id='word_1_874' title='bbox 2250 5666 2325 5724; x_wconf 80' lang='grc' dir='ltr'><strong>είς</strong></span> <span class='ocrx_word' id='word_1_875' title='bbox 2363 5662 2456 5714; x_wconf 80' lang='grc' dir='ltr'><strong>δύο</strong></span> <span class='ocrx_word' id='word_1_876' title='bbox 2474 5660 2533 5713; x_wconf 79' lang='lat' dir='ltr'><strong>P.</strong></span> <span class='ocrx_word' id='word_1_877' title='bbox 2586 5660 2629 5691; x_wconf 79' lang='grc' dir='ltr'><strong>⁸ο</strong></span> <span class='ocrx_word' id='word_1_878' title='bbox 2661 5655 2749 5709; x_wconf 72' lang='grc' dir='ltr'>τοῦ</span> <span class='ocrx_word' id='word_1_879' title='bbox 2781 5669 2889 5707; x_wconf 89' lang='lat' dir='ltr'><strong>om.</strong></span> <span class='ocrx_word' id='word_1_880' title='bbox 2924 5652 2983 5706; x_wconf 76' lang='grc' dir='ltr'>Ρ.</span> <span class='ocrx_word' id='word_1_881' title='bbox 3059 5650 3099 5733; x_wconf 52' lang='grc' dir='ltr'>ξξ</span> <span class='ocrx_word' id='word_1_882' title='bbox 3134 5641 3517 5733; x_wconf 32' lang='grc' dir='ltr'>τοὺξωτνκτευ</span> 
     </span>
    </p>
   </div>
   <div class='ocr_carea' id='block_1_114' title="bbox 2214 5731 2547 5786">
    <p class='ocr_par' dir='ltr' id='par_1_114' title="bbox 2214 5731 2547 5786">
     <span class='ocr_line' id='line_1_114' title="bbox 2214 5731 2547 5786; baseline -0.009 -1"><span class='ocrx_word' id='word_1_883' title='bbox 2214 5736 2260 5765; x_wconf 73' lang='grc'><strong>⁸⁸</strong></span> <span class='ocrx_word' id='word_1_884' title='bbox 2294 5737 2320 5784; x_wconf 83' lang='grc' dir='ltr'>ὁ</span> <span class='ocrx_word' id='word_1_885' title='bbox 2348 5749 2453 5786; x_wconf 90' lang='lat' dir='ltr'><strong>om.</strong></span> <span class='ocrx_word' id='word_1_886' title='bbox 2492 5731 2547 5783; x_wconf 82' lang='lat' dir='ltr'><strong>l‘.</strong></span> 
     </span>
    </p>
   </div>
   <div class='ocr_carea' id='block_1_115' title="bbox 3680 5637 3845 5691">
    <p class='ocr_par' dir='ltr' id='par_1_115' title="bbox 3680 5637 3845 5691">
     <span class='ocr_line' id='line_1_115' title="bbox 3680 5637 3845 5691; baseline -0.018 1"><span class='ocrx_word' id='word_1_887' title='bbox 3680 5640 3724 5670; x_wconf 79' lang='lat'>&quot;</span> <span class='ocrx_word' id='word_1_888' title='bbox 3744 5637 3845 5691; x_wconf 76' lang='grc' dir='ltr'><strong>τῶν</strong></span> 
     </span>
    </p>
   </div>
   <div class='ocr_carea' id='block_1_116' title="bbox 2624 5704 3842 5779">
    <p class='ocr_par' dir='ltr' id='par_1_116' title="bbox 2624 5704 3842 5779">
     <span class='ocr_line' id='line_1_116' title="bbox 2624 5704 3842 5779; baseline -0.013 0"><span class='ocrx_word' id='word_1_889' title='bbox 2624 5704 2889 5779; x_wconf 51' lang='grc' dir='ltr'><strong>δι’ὶδνέξ</strong></span> <span class='ocrx_word' id='word_1_890' title='bbox 2916 5704 3023 5778; x_wconf 63' lang='grc' dir='ltr'><strong>ὀπὴ.</strong></span> <span class='ocrx_word' id='word_1_891' title='bbox 3062 5721 3121 5775; x_wconf 87' lang='lat' dir='ltr'><strong>P.</strong></span> <span class='ocrx_word' id='word_1_892' title='bbox 3215 5718 3262 5748; x_wconf 67' lang='grc' dir='ltr'><strong>δ’</strong></span> <span class='ocrx_word' id='word_1_893' title='bbox 3293 5710 3365 5769; x_wconf 80' lang='grc' dir='ltr'>ὧν</span> <span class='ocrx_word' id='word_1_894' title='bbox 3392 5714 3420 5764; x_wconf 85' lang='grc' dir='ltr'>ὁ</span> <span class='ocrx_word' id='word_1_895' title='bbox 3445 5711 3505 5779; x_wconf 89' lang='lat' dir='ltr'><strong>v,</strong></span> <span class='ocrx_word' id='word_1_896' title='bbox 3532 5705 3608 5766; x_wconf 80' lang='grc' dir='ltr'>ὧν</span> <span class='ocrx_word' id='word_1_897' title='bbox 3641 5704 3707 5771; x_wconf 83' lang='lat' dir='ltr'><strong>P,</strong></span> <span class='ocrx_word' id='word_1_898' title='bbox 3734 5715 3755 5760; x_wconf 64' lang='grc' dir='ltr'>ὁ</span> <span class='ocrx_word' id='word_1_899' title='bbox 3784 5710 3842 5760; x_wconf 77' lang='grc' dir='ltr'><strong>ιι.</strong></span> 
     </span>
    </p>
   </div>
  </div>
