4096 6296
239 363 347 430 9Π

1430 360 1859 425 CHRONICON
1894 359 2291 421 PASCHAIE.

3370 344 3475 412 913

229 493 327 539 τος
342 472 390 508 ⁸⁷
418 473 496 544 τῷ
523 474 701 546 ὁρατῷ
721 474 813 528 καὶ
836 474 896 527 τὸ
918 474 1141 546 ἄχρονον
1166 462 1244 547 τῷ
1275 474 1377 528 ὗπδ
1406 478 1595 545 χρόνον
1612 475 1680 541 ⁸⁸,
1706 474 1805 527 οὐκ

1934 474 2217 526 rinsecus:
2251 480 2305 523 et
2349 476 2407 522 ut
2440 464 2821 536 compendiose
2863 462 3134 525 dicamus,
3179 460 3323 515 aliud
3356 459 3479 529 qui-

231 568 394 630 ᾰλλος
421 567 478 620 δὲ
515 569 609 620 καὶ
638 568 815 631 ἄλλος,
852 568 927 639 μὴ
955 571 1187 637 γένοιτο·

1913 565 2058 628 dem,
2090 574 2140 618 et
2180 562 2325 617 aliud
2372 576 2434 615 ea
2469 576 2534 614 ex
2561 558 2757 628 quibus
2802 554 3048 609 Salvator
3076 563 3179 615 est,
3211 568 3334 607 cum
3367 566 3479 605 non

233 657 379 711 idem
434 658 504 710 sit
556 657 823 711 invisibile
877 668 931 712 et
967 660 1205 723 visibile,
1255 670 1311 715 et
1360 661 1464 715 hoc
1502 660 1646 730 quod
1692 657 1809 712 sine
1854 666 2093 725 tempore
2129 665 2231 721 est,
2308 662 2363 709 et
2419 654 2523 707 hoc
2573 650 2715 721 quod
2757 652 2859 704 sub
2905 659 3146 719 tempore
3183 648 3307 720 [sub
3340 655 3479 701 tem-

232 764 371 821 pore
403 749 543 821 est];
576 766 684 804 non
711 761 891 805 autem
920 753 1056 807 alius
1085 761 1141 807 et
1166 754 1327 818 alius,
1352 754 1516 809 absit.

316 842 479 895 «Ἰδοὺ
514 842 601 896 διὰ
628 844 832 896 τούτων
864 845 1047 914 σαφῶς
1062 848 1301 901 διδάσκει
1327 850 1355 903 6
1384 849 1441 900 ἐν
1472 848 1648 916 ἁγίοις
1670 844 1811 915 Γρη-

236 934 446 1002 γόριος,
482 936 563 988 ὅτι
611 937 702 988 ἐπὶ
750 937 843 989 τοῦ
893 940 1033 992 κατὰ
1060 941 1102 992 Χ
1115 940 1293 1009 ριστὸν
1328 940 1623 1011 μυστηρίου
1652 941 1681 992 6
1718 940 1814 1009 μὲν

237 1025 336 1076 ἐπὶ
375 1026 684 1095 προσώπων
713 1028 803 1080 τὸν
843 1030 1072 1101 ἀριθμὸν
1088 1032 1131 1062 ⁵⁸
1161 1032 1334 1100 λέγων
1378 1033 1452 1095 ὡς
1483 1031 1683 1102 ἀσεϐὴς
1714 1049 1815 1084 κα-

238 1116 580 1185 τακρίνεται,
605 1119 633 1170 6
664 1118 719 1169 δὲ
766 1119 855 1171 ἐπὶ
894 1119 1001 1171 τῶν
1035 1120 1270 1189 φύσεων,
1302 1121 1361 1185 ἐξ
1403 1114 1477 1173 ὧν
1516 1122 1544 1174 ό
1582 1116 1661 1185 εἷς
1696 1138 1818 1173 συν-

242 1205 404 1275 ετέθη
433 1207 689 1275 Χριστὸς,
716 1209 904 1262 τοῦτον
939 1213 1384 1283 παραλαμϐάνων
1415 1212 1590 1283 ὀρθῶς
1631 1212 1817 1282 ὁμολο-

240 1298 352 1362 γεῖ,
382 1295 460 1358 ὡς
481 1297 580 1366 τὴν
616 1299 714 1367 μὲν
754 1300 1015 1372 διαφορὰν
1049 1302 1157 1355 τῶν
1206 1304 1575 1356 συνελθουσῶν
1605 1303 1819 1372 φύσεων

242 1386 331 1438 διὰ
361 1388 553 1440 τούτου
575 1390 619 1421 ⁵⁸
649 1393 949 1460 σημαίνων,
981 1394 1243 1465 διαίρεσιν
1284 1394 1343 1447 δὲ
1377 1395 1474 1466 τὴν
1516 1397 1617 1448 ἀνὰ
1658 1396 1819 1465 μέρος

246 1477 373 1529 κατ’
408 1479 597 1532 οὐδένα
642 1482 842 1551 τρόπον
884 1484 1223 1554 ποιούμενος.
1245 1486 1455 1555 Ὠσπερ
1507 1487 1614 1554 γὰρ
1662 1486 1823 1555 ὲτέρα

251 1569 421 1635 φύσις
448 1573 548 1639 τῆς
585 1572 763 1643 ψυχῆς
794 1575 886 1626 καὶ
927 1574 1087 1645 ἑτέρα
1119 1576 1213 1629 τοῦ
1247 1575 1513 1646 σώματος,
1556 1577 1649 1629 καὶ
1674 1575 1821 1645 ὅμως

249 1652 333 1721 εἷς
366 1659 510 1712 κατὰ
543 1660 792 1715 σύνθεσιν
824 1665 1109 1733 ἄνθρωπος
1135 1666 1477 1720 ἀποτελεῖται
1512 1667 1604 1718 καὶ
1625 1666 1683 1717 ού
1708 1664 1818 1717 δῦοο

247 1751 397 1805 οὕτω
436 1754 531 1805 καὶ
562 1754 621 1807 ὲν
649 1756 953 1825 Χριστῷ,εί
998 1759 1090 1810 καὶ
1125 1757 1217 1811 δύο
1246 1757 1433 1826 φύσεις
1476 1757 1822 1827 θεωροῦνται,

1987 860 2005 891 ‹
2044 838 2180 894 Ecce
2202 853 2298 907 per
2322 838 2436 892 haec
2454 835 2732 890 evidenter
2754 833 2912 887 docet
2933 840 3153 885 sanctus
3171 829 3478 899 Gregorius,

1909 933 2052 1002 quod
2083 932 2137 985 in
2186 930 2441 1000 mysterio
2471 927 2671 982 Christi
2706 927 2794 980 ille
2835 924 3051 994 quidem
3086 923 3175 992 qui
3208 923 3260 974 in
3293 937 3479 991 perso-

1911 1024 1997 1077 nis
2038 1036 2320 1075 numerum
2372 1020 2519 1084 dicit,
2565 1028 2622 1072 ut
2673 1016 2871 1085 impius
2919 1014 3355 1068 condemnatur:
3395 1012 3482 1065 ille

1912 1124 2091 1168 autem
2118 1114 2207 1183 qui
2240 1113 2291 1166 in
2322 1112 2547 1177 naturis,
2578 1126 2643 1165 ex
2667 1110 2861 1179 quibus
2891 1123 3032 1160 unus
3054 1105 3304 1159 Christus
3328 1120 3479 1160 com-

1920 1208 2129 1277 positus
2164 1213 2266 1269 est,
2297 1219 2585 1258 numerum
2622 1202 2834 1271 accipit,
2874 1209 3019 1254 recte
3052 1198 3360 1262 conﬁtetur,
3392 1208 3479 1249 ut-

1915 1309 2041 1370 pote
2062 1298 2420 1354 diﬁ'erentiam
2452 1296 2670 1365 quidem
2713 1304 3028 1348 naturarum
3056 1307 3175 1361 qua:
3209 1304 3482 1344 convene-

1916 1402 2076 1456 runt,
2119 1407 2215 1461 per
2244 1392 2346 1444 hoc
2388 1390 2738 1459 signiﬁcans:
2780 1386 3097 1441 divisionem
3131 1393 3333 1445 autem,
3364 1398 3484 1452 qua:

1918 1499 2017 1554 per
2047 1492 2254 1553 partem
2288 1491 2390 1546 est,
2423 1482 2570 1535 nullo
2607 1481 2767 1535 modo
2794 1479 3016 1533 faciens.
3055 1476 3206 1531 Sicut
3234 1476 3376 1529 enim
3408 1474 3485 1527 al-

1922 1581 2035 1625 tera
2070 1580 2258 1624 natura
2289 1579 2373 1624 est
2407 1570 2621 1633 animae,
2654 1576 2708 1621 et
2734 1566 2901 1619 altera
2927 1564 3191 1633 corporis,
3224 1571 3279 1617 et
3304 1572 3486 1616 tamen

1927 1679 2068 1717 unus
2123 1663 2419 1717 secundum
2462 1660 2912 1730 compositionem
2955 1658 3115 1711 homo
3154 1656 3401 1719 eilicitur,
3432 1663 3488 1707 et

1926 1770 2036 1807 non
2076 1754 2185 1807 duo
2216 1753 2500 1807 homines:
2534 1752 2611 1806 sic
2645 1759 2701 1805 et
2748 1751 2802 1803 in
2850 1751 3067 1803 Christo
3100 1749 3222 1801 licet
3251 1749 3369 1803 duae
3405 1746 3489 1799 in-

258 1846 429 1913 ὲτέρα
456 1846 555 1915 μὲν
581 1851 678 1917 τῆς
705 1848 976 1919 θεότητος,
1005 1852 1165 1923 ἑτέρα
1194 1851 1249 1904 δὲ
1274 1852 1371 1921 τῆς
1393 1849 1825 1921 ἁνθρωπότητος,

1934 1846 2236 1917 telligantur
2280 1855 2509 1909 natura,
2555 1844 2718 1898 altera
2755 1844 2970 1913 quidem
3032 1842 3273 1905 deitatis,
3323 1840 3489 1893 altera

251 1938 373 1991 ἀλλ’
398 1940 459 1991 οὐ
487 1940 574 1993 διὰ
596 1941 753 1993 τοῦτο
782 1941 874 1993 δύο
912 1943 1134 2013 Χριστοὶ
1163 1943 1194 2011 ἢ
1223 1942 1316 1995 δύο
1342 1943 1447 1994 υἱοὶ
1472 1940 1778 2007 εἰσάγονται
1803 1956 1818 1968 ·

253 2027 398 2081 ὥστε
425 2030 515 2082 τὸν
543 2030 771 2100 ἀριθμὸν
804 2032 911 2085 τῶν
962 2035 1018 2085 ὲν
1060 2032 1280 2103 Χριστῷ
1322 2032 1535 2101 φύσεων
1567 2030 1706 2084 κατὰ
1733 2030 1823 2083 τὸν

256 2120 550 2189 εἰρημένον
564 2120 763 2189 τρόπον
787 2122 1212 2192 παραιτούμενοι
1230 2123 1408 2189 λέγειν
1434 2121 1581 2189 δῆλοί
1604 2122 1708 2172 εἱσι
1728 2118 1824 2187 τὴν

254 2209 521 2280 διαφορὰν
565 2209 768 2263 τούτων
807 2213 1127 2282 ἀρνούμενοι
1176 2213 1268 2265 καὶ
1316 2212 1571 2281 σύγχυσιν
1602 2211 1825 2263 ἐπεισά-

254 2319 448 2371 γοντες
478 2306 545 2373 τῇ
576 2305 873 2375 οἰκονομίᾳ.
911 2305 972 2357 Εἰ
1019 2305 1075 2357 δὲ
1122 2306 1219 2375 τὴν
1246 2304 1507 2374 διαφορὰν
1536 2302 1826 2373 ὁμολογοῦ-

260 2412 367 2461 σιν,
403 2396 616 2464 ἀνάγκη
649 2396 865 2460 πάντως
894 2399 985 2449 ἐπὶ
1011 2396 1182 2468 ταύτῃ
1217 2398 1309 2450 καὶ
1334 2398 1422 2449 τὸν
1466 2395 1696 2466 ἀριθμὸν
1718 2393 1826 2446 τῶν

258 2489 584 2558 ἀσυγχύτως
613 2490 978 2543 συνελθουσῶν
1010 2492 1222 2559 φύσεων
1252 2492 1329 2553 εἱς
1370 2491 1496 2560 μίαν
1532 2491 1827 2543 ὑπόστασιν

256 2578 439 2645 λέγειν
470 2580 866 2642 αύτούς,“οπου
900 2582 1006 2651 γὰρ
1035 2581 1265 2650 διαφορὰ
1287 2581 1633 2650 φυλάττεται,
1655 2580 1827 2650 ταύτῃ

258 2670 479 2734 πάντως
512 2673 605 2723 καὶ
648 2672 879 2742 ἀριθμὸς
928 2673 1137 2726 ἕπεται.
1171 2674 1264 2735 Εἰς
1316 2672 1571 2725 σύστασιν
1618 2672 1673 2723 δὲ
1720 2670 1827 2722 τῶν

260 2764 395 2835 παρ’
421 2764 576 2833 ἡμῶν
600 2766 901 2835 εἰρημένων
949 2768 1013 2835 τῇ
1061 2766 1168 2817 τῶν
1196 2764 1365 2832 ἁγίων
1398 2764 1655 2834 Πατὲρων
1691 2780 1829 2833 μαρ-

258 2852 425 2923 τυρίᾳ
443 2850 711 2921 χρώμενοι
727 2852 970 2924 δείξομεν
995 2855 1188 2916 αὐτοὺς
1211 2854 1485 2922 λέγοντας,
1514 2855 1594 2906 ὅτι
1619 2855 1711 2905 ἐπὶ
1736 2852 1829 2905 τοῦ

262 2944 405 2996 κατὰ
449 2943 682 3013 Χριστὸν
724 2946 1021 3015 μυστηρίου
1072 2946 1120 2999 ot
1158 2946 1257 3016 μὲν
1304 2946 1451 3013 λόγοι
1500 2944 1829 3016 διαιροῦνται

263 3036 409 3089 κατά
432 3038 531 3107 τὴν
560 3037 821 3109 διαφορὰν
848 3039 955 3091 τῶν
986 3039 1216 3108 φύσεων,
1234 3039 1484 3109 θεότητος
1505 3041 1597 3091 καὶ
1621 3038 1833 3109 ἀνθρωσ-

264 3127 519 3198 πότητος,
560 3130 620 3195 ἐξ
651 3123 726 3182 ὧν
768 3131 862 3183 καὶ
905 3130 1185 3200 συνετέθη,
1230 3133 1323 3183 καὶ
1356 3132 1448 3183 τὸν
1481 3130 1710 3201 ἀριθμὸν
1740 3131 1832 3181 ἐπὶ

264 3220 454 3273 τούτου
500 3221 1039 3292 παραλαμϐάνουσιν,
1067 3223 1126 3275 ού
1181 3225 1288 3292 μὴν
1310 3222 1707 3293 πραγματικῶς
1734 3220 1837 3273 ὁ.νὰ

269 3310 434 3381 μέρος
485 3312 585 3381 τὴν
619 3312 726 3365 τῶν
756 3313 970 3382 φύσεων
1015 3313 1293 3367 ποιοῦνται
1325 3315 1588 3385 διαίρεσιν
1625 3316 1704 3376 εἰς
1747 3313 1839 3366 δύο

269 3402 597 3465 ὑποστάσεις
626 3403 745 3474 ἦτοι
771 3403 863 3456 δύο
890 3407 1175 3474 πρόσωπα.
1208 3404 1365 3472 Λέγει
1396 3406 1503 3474 γὰρ
1527 3406 1555 3456 6
1584 3405 1641 3457 ἐν
1668 3403 1841 3470 ἁγίοις

268 3493 544 3564 Κύριλλος
595 3497 653 3547 ὲν
700 3499 767 3566 τῇ
823 3496 1085 3567 ἑρμηνείᾳ
1116 3496 1209 3549 τοῦ
1243 3496 1527 3551 Λευῖτικοῡ
1562 3496 1733 3558 οὕτως
1755 3496 1796 3527 ⁸⁸
1823 3512 1837 3526 ·

273 3586 437 3638 Ὀλον
459 3586 525 3657 δὴ
558 3586 716 3639 πάλιν
746 3590 802 3639 ὲν
841 3588 1049 3651 τούτοις
1076 3589 1363 3659 περιαθρει
1397 3589 1581 3657 σαφῶς
1607 3588 1700 3640 τοῦ
1730 3589 1843 3641 Σω-

270 3676 439 3747 τῆρος
468 3677 626 3747 ἡμῶν
650 3678 710 3731 τὸ
742 3680 1037 3749 μυστήριον
1066 3682 1158 3734 καὶ
1186 3681 1278 3733 τόν
1310 3680 1397 3733 διὰ
1434 3680 1528 3732 τοῦ
1558 3681 1715 3747 ἁγίου
1746 3678 1842 3749 βα-

274 3768 583 3837 πτίσματος
616 3769 978 3841 καθαρισμόν.
1011 3770 1115 3823 Δύο
1164 3772 1261 3841 μὲν
1306 3773 1471 3843 γὰρ⁶¹
1496 3773 1702 3842 ὀρνίθια
1749 3772 1843 3843 λη-

274 3859 475 3930 φθῆναι
507 3860 715 3914 κελεύει
745 3861 922 3924 ζῶντα
950 3864 1043 3915 καὶ
1071 3864 1306 3935 καθαρὰ,
1333 3865 1419 3917 ἵνα
1449 3866 1648 3933 νοήσῃς
1668 3866 1734 3895 ⁶²⁹
1757 3864 1845 3918 διὰ

272 3952 383 4005 τῶν
434 3953 696 4006 πετεινῶν
744 3954 836 4007 τὸν
882 3955 1130 4027 οὐράνιον
1164 3957 1449 4026 ἄνθρωπόν
1479 3973 1538 4008 τε
1584 3956 1718 4026 ὁμοῦ
1753 3957 1844 4009 καὶ

272 4043 406 4096 Θεὸν
438 4046 520 4107 είς
558 4044 652 4098 δύο
690 4044 897 4113 φύσεις,
922 4047 1045 4100 ὅσον
1075 4042 1210 4118 ἧκεν
1237 4050 1318 4109 είς
1350 4052 1440 4100 τὸν
1476 4048 1676 4118 ἑκάστῃ
1711 4049 1843 4116 πρέ-

274 4150 449 4188 ποντα
476 4135 653 4202 λόγον,
688 4137 1086 4206 διαιρούμενονο
1126 4140 1295 4207 Λόγος
1336 4141 1443 4208 γὰρ
1490 4136 1557 4210 ἦν
1604 4142 1735 4193 6"“
1782 4144 1845 4193 ἐκ

272 4224 412 4278 θεοῦ
427 4226 639 4295 Πατρδς
657 4228 977 4297 ἀναλάμψας
993 4232 1049 4282 ἐν
1072 4232 1233 4299 σαρκὶ
1248 4233 1313 4301 τῇ
1334 4235 1396 4283 εκ
1413 4234 1685 4297 γυναικός·
1708 4230 1844 4299 πλὴν

275 4318 334 4369 ού
375 4316 764 4387 μεριζόμενονο
818 4315 899 4384 εἷς
944 4323 1053 4392 γὰρ
1096 4323 1152 4388 ἐξ
1197 4325 1399 4391 ἀμφοῖν
1429 4326 1456 4375 6
1488 4323 1741 4392 Χριστός.
1776 4351 1846 4363 —-

276 4409 386 4461 Καὶ
439 4410 603 4461 πάλιν
639 4410 667 4460 ὁ
700 4411 859 4474 αὐτὸς
908 4414 965 4464 ὲν
1012 4414 1187 4481 ἁγίοις
1236 4414 1499 4485 Κύριλλος
1528 4417 1583 4467 ὲν
1608 4418 1672 4485 τῇ
1711 4414 1846 4486 πρὸς

1932 1954 2061 1993 vero
2094 1938 2466 1999 humanitatis,
2501 1936 2591 1990 sed
2626 1952 2733 1989 non
2764 1944 2981 2005 propter
3007 1934 3110 1988 hoc
3135 1934 3243 1987 duo
3271 1931 3486 1997 Christi,

1929 2040 2024 2085 aut
2050 2030 2159 2084 duo
2186 2030 2278 2083 ﬁlii
2322 2029 2757 2083 introducuntur.
2793 2026 2929 2097 Ergo
2956 2027 3047 2096 qui
3076 2040 3364 2079 numerum
3391 2040 3491 2077 na-

1933 2132 2175 2177 turarum
2207 2136 2326 2191 quae
2350 2121 2403 2174 in
2429 2121 2647 2174 Christo
2690 2129 2837 2183 sunt,
2857 2118 3149 2173 secundum
3175 2116 3494 2187 przediclum

1932 2216 2149 2269 modum
2179 2216 2360 2271 dicere
2390 2224 2659 2279 recursant,
2694 2214 2957 2267 manifesti
2986 2223 3112 2268 sunt
3138 2212 3495 2266 diﬁ'erentiam

1932 2319 2245 2362 naturarum
2276 2309 2624 2378 abnegantes,
2656 2316 2710 2360 et
2742 2306 3114 2361 confusionem
3144 2305 3497 2359 introducen-

1935 2404 2016 2449 tes
2039 2396 2450 2465 dispensationi.
2500 2394 2553 2448 Si
2596 2410 2720 2448 vero
2748 2393 3109 2449 differentiam
3146 2394 3492 2457 conﬁtentur,

1934 2503 2157 2542 necesse
2208 2496 2290 2540 est
2338 2486 2649 2540 omnimodo
2686 2486 2753 2538 ad
2794 2501 2912 2539 eam
2958 2485 3396 2555 signiﬁcandam,
3444 2494 3499 2538 et

1934 2595 2221 2633 numerum
2243 2579 2418 2633 dicere
2450 2588 2786 2642 naturarum,
2819 2594 2936 2647 quae
2961 2577 3075 2631 sine
3102 2576 3418 2631 confusione
3443 2576 3501 2629 in

1936 2672 2097 2723 tinam
2131 2670 2534 2723 subsistentiam
2578 2678 2971 2724 convenerunt.
3024 2668 3123 2723 Ubi
3162 2669 3305 2722 enim
3342 2666 3500 2721 diﬁ‘e-

1936 2763 2106 2816 rentia
2138 2772 2404 2824 servatur,
2441 2762 2511 2815 ibi
2543 2762 2689 2815 omni
2728 2750 2892 2815 modo
2929 2771 2984 2815 et
3026 2776 3285 2815 numerus
3316 2760 3501 2829 sequi~

1936 2864 2041 2909 tur.
2082 2856 2161 2908 Ad
2204 2855 2569 2908 conﬁrmanda
2610 2864 2789 2908 autem
2828 2870 2889 2907 ea
2920 2870 3038 2923 quae
3087 2853 3343 2915 diximus,
3374 2868 3503 2905 san-

1937 2958 2145 3001 ctorum
2182 2947 2398 3001 Patrum
2425 2948 2733 3001 testimonio
2766 2957 2997 3009 utentes,
3038 2946 3386 2999 ostendemus
3410 2959 3506 2997 eos

1938 3040 2141 3101 dicere,
2170 3040 2310 3108 quod
2350 3040 2404 3093 in
2431 3056 2539 3092 uno
2566 3040 2793 3093 Domino
2814 3050 2999 3092 nostro
3021 3039 3146 3092 Jesu
3170 3039 3385 3091 Christo
3416 3052 3504 3089 ra-

1885 3199 1905 3223 η
1939 3132 2116 3186 tiones
2165 3132 2383 3200 quidem
2434 3132 2751 3186 dividuntur
2794 3130 3091 3185 secundum
3141 3130 3507 3184 differentiam

1938 3232 2253 3277 naturarum
2280 3224 2496 3277 deitatis
2529 3231 2584 3275 et
2610 3220 2963 3274 humanitatis
2986 3220 3263 3289 exquibus
3287 3229 3342 3273 et
3365 3234 3508 3272 com-

1939 3314 2152 3385 positus
2178 3322 2283 3379 est,
2314 3322 2368 3367 et
2394 3327 2681 3366 numerum
2722 3312 2777 3366 in
2814 3312 2916 3365 hoc
2949 3319 3253 3374 assumunt,
3282 3325 3390 3364 non
3423 3319 3507 3365 ta-

1939 3422 2066 3462 men
2102 3406 2216 3475 ipsa
2262 3422 2319 3460 re
2347 3414 2402 3459 et
2436 3420 2531 3475 per
2566 3412 2745 3475 partes
2778 3412 3101 3458 naturarum.
3134 3402 3337 3457 faciunt
3367 3402 3507 3457 divi-

1941 3499 2154 3554 sionem
2203 3498 2257 3551 in
2302 3498 2435 3551 duas
2476 3496 2852 3550 subsistentias
2892 3496 3004 3548 sive
3046 3509 3325 3564 personas.
3373 3493 3509 3549 Dicit

1940 3591 2087 3646 enim
2132 3601 2353 3645 sanctus
2390 3589 2621 3659 Cyrillus
2660 3588 2714 3641 in
2763 3588 2987 3642 Levitici
3038 3586 3506 3656 interpretatione,

1942 3679 2372 3736 sicz—Totum
2422 3681 2475 3734 in
2534 3680 2618 3737 his
2670 3680 2864 3733 iterum
2910 3680 3267 3748 circumspice
3322 3687 3509 3747 aperte

1946 3773 2238 3828 Salvatoris
2265 3773 2433 3827 nostri
2478 3773 2813 3843 mysterium,
2841 3780 2896 3826 et
2925 3771 3364 3825 emundationem
3390 3784 3511 3840 qui:

1943 3883 2040 3936 per
2060 3876 2305 3920 sanctum
2336 3866 2600 3934 baptisma
2638 3864 2715 3918 ﬁt.
2752 3864 2895 3918 Duas
2925 3865 3071 3919 enim
3105 3864 3343 3917 aviculas
3372 3862 3510 3917 sumi

1939 3960 2094 4029 jubet
2122 3959 2274 4013 vivas
2295 3966 2351 4012 et
2377 3958 2625 4017 mundas,
2659 3967 2717 4011 ut
2745 3958 3009 4027 intelligas
3037 3973 3132 4026 per
3152 3956 3383 4011 volatilia
3404 3971 3513 4009 cce-

1944 4053 2135 4106 lestem
2176 4051 2451 4104 hominem
2500 4050 2659 4103 simul
2692 4059 2747 4103 et
2794 4049 2982 4111 Deum,
3018 4050 3071 4103 in
3107 4049 3241 4102 duas
3270 4059 3511 4113 naturas,

1944 4153 2205 4212 quantum
2249 4140 2485 4209 pertinet
2527 4141 2594 4194 ad
2636 4140 2900 4193 rationem
2964 4141 3256 4208 unicuique
3312 4154 3514 4193 conve-

1946 4235 2185 4289 nientem
2207 4231 2294 4303 [ad
2315 4234 2575 4285 rationem
2593 4231 2944 4285 dividendum
2968 4231 3258 4299 unicuique
3297 4230 3513 4300 con....]

1946 4326 2291 4380 dividendum
2327 4324 2491 4391 (Deus
2534 4323 2680 4377 enim
2707 4322 2963 4383 Verbum,
2995 4324 3084 4392 qui
3117 4338 3180 4376 ex
3214 4308 3333 4375 Deo
3358 4321 3515 4375 Patre

1946 4429 2048 4481 est,
2068 4418 2337 4487 splenduit
2370 4417 2424 4469 in
2449 4432 2610 4470 carne
2635 4432 2753 4485 quae
2784 4432 2848 4469 ex
2880 4416 3104 4469 muliere
3139 4424 3268 4483 est);
3296 4430 3517 4467 verum-

277 4501 577 4554 Σούκενσον
607 4502 832 4574 δευτέρᾳ
862 4506 1116 4577 ἐπιστολῇ
1148 4507 1344 4577 γράφει
1377 4508 1549 4569 οὓτως
1576 4524 1591 4539 ⁸
1622 4508 1834 4559 ---Ἀλλ⁴

1953 4521 2131 4565 tamen
2157 4526 2263 4563 non
2289 4510 2627 4579 patiendum,
2662 4525 2802 4563 unus
2826 4509 2969 4563 cnim
2998 4524 3063 4562 ex
3089 4508 3330 4577 utrisque
3359 4507 3518 4562 Chri-

278 4594 340 4661 ἠγ
363 4593 556 4663 ,όησαν
581 4595 661 4647 ὅτι
691 4596 791 4648 ὅσα
820 4596 955 4666 ph.“
984 4601 1121 4651 κατὰ
1149 4601 1315 4670 μόνην
1344 4600 1442 4671 τὴν
1464 4599 1694 4670 θεωρίαν
1720 4602 1849 4653 διαι-

284 4686 497 4753 ρεῖσθαι
710 4688 872 4756 φιλεῖ,
910 4688 1080 4743 ταῦτα
1109 4691 1168 4743 οὐ
1194 4692 1406 4754 πάντως
1434 4694 1527 4743 καὶ
1559 4692 1635 4753 εἰς
1664 4692 1847 4762 ἑτερό-

281 4795 422 4848 τητα
451 4779 552 4848 τὴν
580 4781 685 4833 ἀνὰ
715 4780 879 4850 μέρος
899 4783 1207 4853 όλοτρόπως
1228 4785 1324 4837 καὶ
1352 4784 1534 4847 ἱδικῶς
1562 4786 1849 4855 ἀποφοιτή-

286 4885 427 4921 σειεν
456 4871 525 4922 ἂν
549 4871 644 4923 ἀπ’
668 4871 931 4942 ἀλλήλων.
958 4903 1027 4915 -
1077 4874 1186 4926 Καὶ
1213 4876 1241 4927 6
1272 4876 1329 4926 ὲν
1362 4876 1536 4943 ἁγίοις
1575 4876 1850 4938 Βασίλειος

287 4961 344 5012 ὲν
372 4960 452 5031 τῷ
479 4963 724 5033 τετάρτῳ
757 4966 876 5016 κατ’
914 4964 1175 5035 Εὑνομίου
1209 4965 1349 5037 λόγῳ
1373 5008 1387 5028 ,
1423 4969 1735 5039 ἑρμηνεύων
1766 4969 1845 5033 τὸ,

288 5052 507 5121 Κύριος·
534 5053 734 5108 ἐκτισέ
764 5073 837 5124 με
875 5056 973 5108 καὶ
1001 5056 1113 5124 πρὸ
1144 5056 1383 5111 πάντων
1397 5058 1642 5121 ﬁam-(Dr
1670 5058 1850 5127 γεννᾷ

286 5159 378 5211 με,
415 5144 617 5214 γράφει
643 5144 813 5210 οὕτως
834 5164 846 5177 ·
880 5177 949 5189 α-
994 5148 1241 5217 Ληπτέον
1270 5144 1363 5202 οὖν
1388 5150 1449 5200 τὸ
1481 5150 1578 5219 μὲν
1602 5150 1851 5218 Ἐγέννη-

294 5252 383 5287 οεν
414 5238 507 5289 ἐπὶ
535 5236 628 5290 τοῦ
664 5238 797 5291 Θεοῦ
826 5239 977 5304 Υίοῦ,
1008 5242 1066 5293 τὸ
1111 5241 1166 5293 δὲ
1207 5241 1451 5295 ἔκτισεν
1482 5245 1574 5295 ἐπὶ
1612 5244 1703 5296 τοῦ
1752 5246 1852 5312 τὴν

298 5330 506 5401 μορφὴν
539 5328 631 5383 τοῦ
659 5330 843 5385 δούλου
874 5333 1148 5396 λαϐόντος.
1167 5334 1253 5386 Ἐν
1284 5337 1416 5387 πᾶσι
1458 5334 1513 5387 δὲ
1558 5336 1765 5397 τούτοις
1793 5337 1853 5389 οὑ

1950 4611 2086 4656 stus.
2113 4634 2180 4642 -—
2206 4604 2271 4655 Et
2305 4603 2499 4655 iterum
2533 4602 2672 4655 idem
2699 4611 2918 4655 sanctus
2944 4599 3173 4671 Cyrillus
3201 4599 3252 4653 in
3285 4599 3520 4654 secunda

1949 4695 2013 4749 ad
2040 4695 2363 4747 Successum
2384 4694 2609 4762 cpistola
2639 4694 2709 4746 ita
2731 4694 2890 4747 dicit:
2911 4694 3092 4746 —Sed
3137 4693 3522 4761 ignoraverunt

1950 4788 2092 4857 quod
2131 4804 2249 4856 qua:
2286 4803 2383 4857 per
2421 4787 2593 4840 solum
2629 4787 2961 4841 intellectum
2989 4786 3151 4841 dividi
3185 4782 3377 4849 solent,
3412 4801 3523 4840 non

1950 4880 2065 4934 lucc
2112 4881 2420 4933 necessario
2447 4880 2611 4933 etiam
2661 4880 2714 4932 in
2765 4879 3109 4943 alteritatem,
3143 4894 3262 4947 quae
3308 4887 3391 4932 est
3430 4894 3545 4947 per'

1949 4982 2153 5042 partes,
2186 4974 2501 5026 omnimodo
2535 4982 2584 5026 et
2624 4972 2931 5041 specialiter
2958 4989 2987 5025 a
3023 4988 3081 5026 sc
3112 4972 3339 5026 invicem
3369 4986 3526 5040 sepa-

1950 5065 2230 5118 rabantur.
2254 5095 2323 5103 —
2351 5064 2458 5119 Sed
2489 5074 2543 5118 et
2575 5074 2793 5119 sanctus
2824 5064 3049 5118 Basilius
3081 5064 3135 5118 in
3158 5074 3354 5134 quarto
3383 5064 3529 5117 libro.

1949 5167 2136 5211 contra
2168 5158 2508 5217 Eunomium,
2544 5157 2907 5225 interpretans
2939 5157 3039 5212 hoc
3074 5158 3219 5226 quod
3260 5166 3381 5211 est:
3415 5156 3525 5210 Do—

1952 5250 2122 5301 minus
2150 5251 2343 5303 creavit
2374 5265 2472 5310 me,
2504 5258 2551 5301 et
2589 5259 2709 5301 ante
2737 5267 2912 5303 omnes
2937 5250 3088 5303 colles
3120 5251 3296 5320 genuit
3326 5266 3424 5313 me,
3452 5250 3532 5302 ita

1954 5340 2139 5393 scribit
2165 5358 2177 5393 :
2204 5339 2615 5410 Inlelligendum
2640 5340 2742 5394 hoc
2770 5342 2985 5409 quidem
3016 5342 3157 5411 quod
3188 5341 3337 5405 dicit,
3369 5358 3524 5395 crea-

1587 5495 1819 5551 VARUE
1856 5496 2253 5553 LECTlONES.

393 5622 439 5655 ’ν
466 5625 527 5678 τὸ
550 5624 777 5694 ἀόρατον
803 5626 861 5678 Ρ.

298 5706 414 5763 pag.
436 5694 539 5748 366
565 5694 624 5747 tu.

302 5778 415 5834 pag.
452 5765 550 5819 1ιὸ
577 5764 633 5819 Β.

698 5697 741 5728 ⁶⁹
772 5699 878 5766 γὰρ
912 5712 1021 5751 om.
1050 5698 1106 5751 Ρ.
1185 5700 1249 5729 θ’·
1281 5702 1488 5769 νοήσεις

962 5626 1006 5657 ³⁸
1033 5626 1133 5700 ύπδ
1157 5626 1364 5697 χρόνον.
1386 5627 1561 5700 χρόνῳ
1584 5627 1642 5681 P.
1720 5629 1763 5660 δ’
1788 5628 1897 5681 τῶν
1927 5628 2176 5700 ἀριθμῶν
2208 5626 2319 5700 RV.
2393 5626 2685 5700 “emicem
2733 5628 2889 5681 τοῦτο
2912 5628 2968 5700 P_.
3046 5629 3085 5659 “
3122 5626 3311 5685 οὕτως.
3344 5624 3450 5676 vnl.
3484 5620 3531 5688 l,

1548 5702 1581 5752 '.
1657 5700 1790 5753 ""6
1822 5717 1929 5754 om.
1960 5696 2016 5753 Ρ.
2061 5696 2139 5765 ’β’
2167 5699 2241 5769 μὴ
2266 5698 2472 5767 sumpsi
2500 5715 2528 5751 a
2555 5698 2774 5769 Cyrillu,
2809 5696 2985 5764 voLV,
3016 5714 3068 5767 p.
3103 5698 3163 5751 ll.
3186 5697 3376 5765 Epich,
3406 5709 3463 5767 ρ.
3486 5697 3530 5759 Ι,
