4096 6296
615 247 722 314 919

605 363 700 426 vit,
734 355 802 414 de
837 374 904 414 eo
926 360 1017 430 qui
1044 359 1268 415 formam
1297 361 1438 416 servi
1465 362 1674 434 accepit
1707 362 1868 435 [quod
1900 365 2047 430 dicit,
2087 383 2181 437 ge-

606 452 730 509 nuit
790 453 858 508 de
903 453 1010 507 Deo
1043 453 1199 520 Filio,
1236 455 1338 510 hoc
1393 463 1576 510 autem
1616 458 1758 526 quod
1789 457 1923 511 dicit
1957 459 2180 523 creavit,

607 548 682 601 sic
707 547 866 601 etiam
903 546 1227 620 Lentulum].
1269 575 1341 588 -—
1380 546 1439 602 ln
1480 548 1567 603 bis
1591 559 1768 604 autem
1799 551 2050 606 omnibus
2073 567 2182 605 non

1785 251 2230 334 'CHRONICON
2261 262 2664 334 PASCHALE.

2213 281 2224 321 I
2261 281 2664 334 ιἈδωιΑως.
3729 281 3821 346 928

2213 379 2253 432 Α
2284 371 2377 466 δύο
2405 374 2658 447 λέγομεν,
2692 377 2826 440 Θεὸν
2874 381 2983 451 ίδίᾳ
3027 382 3119 453 καὶ
3147 382 3430 455 ἄνθρωπον
3459 386 3594 458 ιδίᾳ·
3627 383 3704 455 εἷς
3729 397 3823 466 γὰρ

2437 467 2570 522 ἀλλὰ
2587 470 2654 501 ⁰³⁶
2685 471 2807 528 κατ’
2838 473 3079 529 ὲπίνοιαν
3110 475 3208 548 τὴν
3237 478 3468 532 ἑκάστου
3499 457 3655 549 φύσιν
3693 457 3823 554 ian;

2351 572 2501 625 μενοι

607 644 716 700 duo
739 645 994 706 dicimus,
1037 645 1204 700 Deum
1237 645 1550 715 separatim,
1598 655 1653 701 et
1690 648 1965 706 hominem
2004 647 2318 718 separatim,
2359 667 2500 709 unus
2563 656 2707 713 enim
2759 669 2876 716 erat
2923 681 2938 719 :
2991 664 3088 722 sed
3138 667 3435 732 secundum
3496 668 3822 737 intellectum,

609 739 893 808 utriusque
919 748 1166 793 naturam
1202 738 1593 812 existimantes.
1628 767 1697 778 ——
1795 793 1838 814 ν,

685 851 704 884 c
747 831 854 887 Sed
913 840 969 886 et
1022 840 1241 886 sanctus
1280 831 1571 904 Gregorius
1600 829 1905 901 Theologns
1947 831 2004 885 in
2043 830 2181 885 libro

609 922 851 978 secundo
879 923 947 977 de
978 921 1144 987 Filio,
1180 922 1384 976 docens
1418 937 1519 976 nos
1555 921 1828 992 quomodo
1866 921 1920 974 in
1957 922 2183 977 Domino

609 1026 800 1072 nostro
824 1015 953 1071 Jesu
982 1015 1202 1072 Christo
1217 1023 1432 1084 oportet
1457 1023 1681 1069 naturas
1713 1029 1833 1084 quae
1864 1014 1920 1068 in
1942 1029 2007 1069 eo
2033 1021 2178 1078 sunt,

609 1110 908 1166 secundum
934 1109 1263 1164 intellectum
1282 1109 1616 1180 discernere,
1636 1107 1709 1162 ita
1729 1107 1918 1162 scribit
1945 1125 2032 1166 :—
2047 1104 2184 1164 Cum

609 1215 818 1258 naturae
874 1201 1151 1256 intellectu
1195 1201 1417 1260 distant.
1459 1200 1617 1255 simul
1661 1200 1980 1255 dividuntur
2019 1200 2182 1254 etiam

610 1294 851 1348 nomina.
903 1292 1128 1347 Paulum
1180 1291 1450 1346 dicentem
1491 1290 1656 1345 audi:
1695 1291 1758 1347 Ut
1795 1290 1934 1344 Deus
1976 1288 2186 1343 Domini

611 1389 777 1442 nostri
831 1390 955 1442 Jesu
1003 1384 1214 1449 Christi,
1268 1385 1432 1439 Pater
1475 1383 1695 1456 gloriae;
1725 1381 1926 1438 Christi
1967 1382 2186 1453 quidem

608 1481 788 1547 Deus,
845 1479 1028 1552 gloriae
1087 1488 1270 1534 autem
1320 1477 1496 1532 Pater.
1548 1474 1683 1530 Nam
1739 1476 1840 1531 etsi
1895 1484 2185 1546 utrumque

610 1590 780 1628 unum
811 1583 912 1638 est,
945 1580 1126 1627 tamen
1164 1587 1269 1626 non
1299 1581 1508 1635 natura,
1534 1570 1627 1626 sed
1651 1578 1953 1625 conventu.
1987 1599 2060 1610 —

688 1685 706 1717 ι
747 1665 813 1720 Ει
855 1673 1078 1720 sanctus
1119 1675 1300 1718 autem
1341 1663 1634 1734 Gregorius
1679 1662 1953 1733 Nyssenus
1982 1658 2184 1740 [Nysae]

612 1759 668 1813 in
701 1769 894 1830 quarto
938 1759 1078 1813 libro
1107 1766 1295 1813 contra
1339 1757 1688 1815 Eunomium.
1719 1755 1910 1810 eadem
1951 1771 2054 1809 nos
2083 1757 2185 1811 do-

612 1867 766 1919 cens,
799 1853 873 1906 ita
903 1850 1091 1906 scribit
1119 1872 1130 1906 :
1157 1881 1227 1890 —
1251 1850 1318 1905 Et
1349 1866 1418 1904 ne
1448 1849 1641 1919 aliquis
1666 1847 2060 1918 incorruptibili
2085 1863 2184 1902 na-

613 1954 748 1998 tura:
785 1944 964 1997 crucis
1013 1942 1320 2013 passionem
1353 1941 1683 2012 applicaret.
1723 1956 1822 2012 per
1867 1940 1969 1995 alia
2007 1941 2186 1994 mani-

613 2035 805 2091 festius
831 2035 993 2090 talem
1033 2035 1286 2090 emendat
1321 2049 1583 2100 errorem,
1623 2034 1975 2088 mediatorem
2009 2033 2184 2104 ipsum

616 2127 706 2183 Dei
738 2137 793 2182 et
823 2128 1128 2192 hominum,
1157 2137 1212 2182 et
1258 2129 1535 2182 hominem
1566 2136 1622 2182 et
1669 2125 1838 2182 Deum
1871 2125 2048 2196 ipsum
2086 2141 2187 2180 no—

612 2222 865 2275 minans:
892 2229 953 2275 ut
989 2235 1113 2275 cum
1151 2219 1260 2275 duo
1309 2218 1377 2274 de
1419 2235 1530 2274 uno
1584 2218 1853 2280 dicantur,
1885 2234 2186 2289 congruum

611 2313 980 2385 intelligantur
1013 2313 1156 2368 circa
1207 2322 1527 2382 utrumque,
1572 2312 1715 2368 circa
1764 2312 2019 2367 deitatem
2062 2310 2189 2380 qui—

611 2405 733 2460 dem
769 2406 1192 2478 impassibilitas,
1229 2405 1369 2461 circa
1413 2404 1805 2459 humanitatem
1847 2414 2028 2457 autem
2073 2402 2187 2458 dis-

611 2499 861 2570 pensatio
911 2499 1198 2569 passionis.
1243 2496 1525 2553 lntellectu
1571 2496 1738 2568 igitur
1773 2496 2051 2552 dividente
2083 2495 2190 2550 hoc

569 2615 572 2618 ι
611 2592 753 2662 quod
787 2607 882 2662 per
896 2591 1321 2650 misericordiam
1351 2591 1571 2663 quidem
1601 2591 1814 2645 unitum
1845 2598 1949 2655 est,
1978 2591 2189 2660 ratione

613 2693 797 2740 autem
843 2685 1200 2750 discernitur,
1239 2701 1361 2741 cum
1387 2685 1507 2739 -hoc
1536 2684 1778 2754 quidem,
1817 2683 1960 2754 quod
1995 2697 2185 2752 super-

610 2774 852 2848 positum
885 2786 968 2835 est
997 2788 1053 2833 et
1096 2778 1513 2850 supereminens
1533 2792 1750 2832 omnem
1770 2791 2012 2840 sensum,
2047 2790 2187 2845 pra:-

609 2868 788 2935 dicat,
840 2869 1126 2926 altioribus
1172 2870 1346 2925 utitur
1390 2869 1740 2938 nominibus,
1789 2883 1954 2938 super
2003 2867 2186 2936 omnia

2353 849 2371 882 ι
2399 835 2506 887 Καὶ
2521 836 2548 888 ό
2563 836 2622 890 ὲν
2643 837 2822 908 ἁγίοις
2842 840 2898 895 δὲ
2915 842 3211 916 Γρηγόριος
3240 847 3268 899 ὁ
3293 845 3541 915 θεολόγος
3563 847 3620 902 ὲν
3635 845 3825 920 τῷπερὶ

2279 925 2412 981 Υίοῦ
2437 929 2676 1003 δευτέρῳ
2688 933 2828 1006 λόγῳ
2847 936 3112 990 διδάσκων
3129 939 3274 1010 ἡμᾶς
3290 940 3436 1004 ὅπως
3452 941 3535 998 δεῖ
3560 941 3654 1004 τάς
3681 943 3733 995 ἐν
3759 943 3826 1013 τῷ

2280 1023 2470 1094 Κυρίῳ
2511 1028 2676 1098 ἡμῶν.
2717 1027 2891 1096 Ἰησοῦ
2935 1030 3157 1105 Χριστῷ
3198 1030 3389 1101 φύσεις
3438 1036 3557 1086 κατ’
3601 1035 3820 1088 ἐπίνοιαν

2279 1113 2574 1189 διακρίνειν
2600 1119 3007 1190 γράφειοῦτως·
3034 1122 3226 1176 Ἦνίκα
3255 1125 3310 1177 αἱ
3329 1123 3530 1192 φύσεις
3554 1125 3827 1181 διίστανται

2279 1209 2400 1272 ταῖς
2435 1209 2719 1286 ἐπινοίαις,
2756 1212 3138 1283 συνδιαιρεζται
3173 1214 3266 1266 καὶ
3295 1214 3363 1268 τά
3391 1215 3648 1286 ὀνόματα.
3695 1218 3826 1270 Παύ-

2279 1299 2369 1352 λου
2388 1300 2639 1369 λέγοντος
2654 1304 2884 1373 ἄκουσον
2898 1319 2912 1332 °
2941 1305 3062 1358 Ἵνα
3083 1307 3116 1359 ὁ
3143 1305 3286 1370 Θεὸς
3309 1307 3414 1361 τοῦ
3443 1309 3663 1376 Κιφίου
3679 1308 3828 1378 ἡμῶν

2293 1392 2486 1458 Ἰησοῦ
2516 1393 2773 1462 Χριστοῦ
2803 1399 2836 1449 ό
2863 1396 3063 1465 Πατὴρ
3093 1395 3202 1465 τῆς
3231 1398 3440 1468 δόξηςο
3481 1399 3712 1470 Χριστοῦ
3741 1401 3827 1470 μὲν

2281 1481 2433 1547 Θεὸς,
2460 1483 2562 1555 τῆς
2603 1483 2659 1537 δὲ
2702 1483 2862 1555 δόξης
2904 1487 3115 1558 Πατήρ.
3157 1489 3218 1542 Ei
3249 1490 3358 1559 γάρ
3387 1490 3590 1544 καὶεν·
3623 1490 3680 1543 τὸ
3721 1508 3826 1545 συν-

2216 1621 2259 1677 Β
2285 1577 2594 1650 αμφότερον
2627 1577 2706 1644 ἓν,
2733 1577 2852 1631 ἀλλ’
2881 1581 2940 1633 οὑ
2970 1583 3036 1652 τῇ
3064 1580 3241 1660 φύσει,
3276 1585 3342 1651 τῇ
3378 1582 3434 1635 δὲ
3466 1583 3682 1652 συνόδῳ.

2363 1686 2381 1716 ι
2411 1669 2517 1721 Καὶ
2539 1670 2567 1721 ό
2597 1670 2654 1721 ἐν
2685 1669 2858 1738 ἁγίοις
2885 1670 2939 1723 δὲ
2966 1657 3263 1748 Γρηγόριος
3293 1675 3321 1726 ὁ
3355 1673 3604 1746 Νύσηςδδ
3635 1673 3828 1726 ἐπίσκο-

2285 1777 2386 1827 πος
2424 1764 2480 1817 ἐν
2507 1761 2584 1834 τῷ
2619 1765 2738 1818 κατ’
2764 1764 3028 1835 Εὑνομίου
3068 1766 3313 1838 τετάρτῳ
3331 1767 3376 1798 ⁸⁸
3404 1767 3550 1836 λόγῳ
3597 1766 3665 1818 τά
3709 1766 3829 1831 αὑτᾲ

2286 1857 2431 1927 ἡμᾶς
2466 1854 2729 1921 διδάσκων
2759 1857 2958 1928 γράφει
2991 1856 3162 1920 οὕτως
3183 1873 3196 1886 ·
3232 1888 3302 1899 -
3335 1859 3445 1913 Καὶ
3468 1859 3545 1923 ὡς
3570 1858 3636 1911 ἂν
3664 1859 3733 1930 μή
3758 1875 3829 1922 τις

2284 1951 2350 2019 τῇ
2380 1949 2641 2018 ἀκηράτῳ
2669 1949 2826 2016 φύσει
2858 1949 2918 2002 τὸ
2947 1952 3087 2002 κατὰ
3112 1950 3204 2003 τὸν
3231 1950 3464 2021 σταυρὸν
3491 1949 3660 2013 πάθος
3685 1964 3829 2019 προσ·

2284 2041 2542 2108 τρίϐοιτο,
2574 2040 2641 2094 δι’
2672 2041 2874 2112 ἐτέρων
2916 2042 3239 2114 τρανότερον
3253 2043 3298 2073 ⁸⁸
3340 2042 3439 2112 τὴν
3477 2041 3723 2112 τοιαύτην
3747 2043 3829 2094 ἐπ-

2286 2133 2608 2204 ανορθοῦται
2640 2133 2866 2202 πλάνην,
2902 2134 3129 2205 μεσίτην
3153 2134 3312 2200 αὑτὸν
3342 2134 3479 2189 Θεοῦ
3524 2135 3615 2188 καὶ
3645 2131 3830 2204 ἀνθρὼο

2288 2245 2405 2298 πων
2437 2228 2532 2281 καὶ
2553 2226 2837 2297 ἄνθρωπον
2866 2227 2962 2280 καὶ
2990 2227 3122 2280 Θεὸν
3150 2226 3313 2280 αὑτὸν
3341 2227 3646 2298 ὀνομάζων,
3672 2226 3748 2278 ἵνα
3776 2225 3830 2277 ὲκ

2286 2319 2379 2372 τοῦ
2409 2319 2475 2372 τά
2499 2317 2592 2372 δύο
2619 2319 2752 2390 περὶ
2777 2319 2838 2371 τὸ
2869 2318 2926 2372 ἓν
2956 2319 3210 2386 λέγεσθαι
3245 2319 3307 2373 τὸ
3348 2319 3657 2390 πρόσφορον
3683 2319 3831 2370 νοοῖτο

2287 2409 2415 2477 περὶ
2445 2409 2722 2478 ἑκάτερον,
2753 2410 2881 2480 περὶ
2909 2408 3007 2478 μὲν
3033 2409 3093 2462 τὸ
3123 2409 3266 2466 Θεῖον
3294 2409 3326 2480 ἡ
3355 2409 3618 2470 ἀπάθεια,
3647 2407 3764 2478 περὶ
3783 2406 3830 2458 δὲ

2286 2501 2347 2555 τὸ
2373 2499 2710 2570 ἀνθρώπινον
2736 2502 2768 2570 ἡ
2809 2500 2950 2559 κατά
2984 2500 3043 2553 τὸ
3090 2501 3262 2564 πάθος
3293 2500 3598 2570 οἰκονομία.
3621 2498 3727 2569 Τῆς
3752 2492 3830 2550 οὖν

2287 2593 2529 2662 ἐπινοίας
2577 2593 2980 2671 διαιρουμένης,
3017 2593 3079 2647 τὸ
3128 2593 3268 2647 κατὰ
3319 2590 3720 2666 φιλανθρωπίαν
3747 2589 3831 2660 μὲν

2288 2689 2586 2759 ἡνωμένον,
2614 2686 2692 2757 τῷ
2735 2687 2792 2742 δὲ
2843 2686 2986 2758 λόγῳ
3035 2686 3472 2758 διακρινόμενον,
3505 2689 3630 2740 ὅταν
3666 2683 3757 2756 μὲν
3781 2681 3831 2734 τὸ

2289 2780 2682 2852 ὑπερκείμενον
2727 2779 2822 2832 καὶ
2871 2779 3137 2854 ὑπερέχον
3187 2779 3367 2832 πάντα
3415 2780 3542 2832 νοῦν
3577 2765 3830 2848 κηρύσσει,

2289 2877 2400 2937 τοῖς
2447 2873 2798 2944 ὑψηλοτέροις
2837 2873 3100 2947 κέχρηται
3134 2872 3241 2927 τῶν
3273 2872 3574 2944 ὀνομάτων,
3599 2871 3686 2923 ἐπὶ
3713 2867 3829 2922 πάν-

612 2965 804 3025 Deum.
836 2971 892 3020 et
937 2980 1190 3034 magnum
1227 2964 1420 3028 Deum,
1466 2971 1521 3018 et
1567 2961 1824 3018 virtutem
1864 2961 1982 3026 Dei,
2019 2970 2075 3016 et
2102 2976 2187 3015 sa-

2293 2986 2399 3021 των
2422 2965 2555 3026 Θεὸν
2584 2965 2677 3019 καὶ
2717 2966 2892 3036 μέγαν
2935 2965 3068 3020 Θεὸν
3099 2966 3193 3019 κα)⁵
3223 2965 3453 3034 δύναμιν
3485 2964 3618 3018 Θεοῦ
3646 2962 3730 3015 καὶ
3755 2975 3830 3011 σοι

612 3057 873 3126 pientiam
895 3097 910 3122 ,
957 3065 1015 3111 et
1059 3056 1182 3112 talia
1212 3070 1413 3110 vocans
1442 3073 1456 3108 :
1489 3069 1613 3108 cum
1652 3063 1833 3108 autem
1875 3052 2187 3122 passionum

2289 3061 2417 3129 φίαν
2447 3058 2541 3112 καὶ
2575 3058 2644 3120 τά
2673 3058 2896 3112 τοιαῦτα
2926 3058 3304 3130 καλῶν.”οταν
3327 3057 3384 3110 δὲ
3411 3058 3516 3129 τὴν
3552 3051 3832 3122 ἀναγκαίως

612 3149 1047 3220 experimentum
1083 3146 1394 3202 necessario
1438 3154 1657 3216 propter
1685 3153 1924 3208 nostram
1958 3143 2187 3206 inﬁrmi-

2287 3153 2376 3207 διά
2405 3152 2465 3206 τὸ
2490 3151 2755 3222 ἡμέτερον
2783 3150 3009 3214 ἀσθενὲς
3032 3149 3595 3223 συμπαραληφθεῖσαν
3620 3145 3720 3203 τῶν
3743 3157 3831 3194 πα·

615 3250 780 3312 tatem
812 3251 1117 3311 acceptum,
1146 3239 1329 3294 verbis
1371 3238 1661 3310 signiﬁcat,
1692 3254 1757 3292 ex
1792 3246 1983 3308 nostro
2011 3236 2187 3291 nomi-

2289 3245 2547 3317 θημάτων
2573 3245 2771 3317 πεῖραν
2794 3247 3125 3314 περιγράφει
3145 3245 3188 3276 ⁸⁷
3223 3243 3299 3314 τῷ
3327 3243 3492 3312 λόγῳο
3520 3243 3583 3293 ὲκ
3608 3235 3696 3292 τοῦ
3717 3237 3830 3303 ἠμί·

613 3352 752 3391 nans
785 3344 1072 3405 utrumque
1095 3332 1374 3387 hominem
1402 3332 1578 3400 ipsum
1607 3330 1865 3401 appellat,
1891 3345 2003 3384 non
2032 3344 2187 3400 com-

2288 3339 2451 3409 τέρου
2479 3336 2838 3408 κατονομάζει
2857 3335 2919 3389 τὸ
2941 3335 3367 3408 συναμφότερον,
3396 3333 3675 3405 ἄνθρωπον
3691 3323 3830 3380 αὑτὸν

505 3498 516 3503 _
614 3428 900 3490 ninnieans
925 3441 1020 3500 per
1050 3439 1238 3494 vocem
1268 3423 1334 3477 ad
1362 3432 1610 3478 caateram
1646 3431 1893 3494 naturam
1934 3436 2059 3475 eum
2097 3420 2193 3490 qui

614 3519 967 3590 significatur,
1006 3517 1102 3570 sed
1149 3525 1210 3570 ut
1247 3515 1391 3569 circa
1425 3523 1718 3582 utrumque
1759 3512 1936 3582 pietas
1963 3527 2192 3567 conser-

613 3622 794 3685 vetur.
819 3639 888 3650 ——

691 3723 707 3755 ι
752 3702 848 3774 llis
906 3702 980 3756 ita
1028 3699 1416 3756 demonstratis
1468 3712 1568 3768 per
1608 3704 1921 3751 sanctorum
1970 3693 2192 3766 Patrum

612 3794 938 3868 doctrinam,
967 3803 1183 3848 cessent
1203 3791 1294 3862 qui
1321 3805 1609 3845 numerum
1652 3799 1970 3843 naturarum
1995 3804 2116 3858 qua:
2138 3789 2193 3854 in

546 3918 559 3932 ι
613 3888 832 3944 Christo
857 3897 1004 3951 sunt,
1037 3885 1379 3941 occasionem
1413 3883 1496 3939 sui
1525 3883 1728 3938 erroris
1759 3882 1984 3946 iaciunt,
2009 3893 2064 3938 et
2097 3899 2193 3938 ea-

614 3997 734 4036 rum
805 3980 1168 4035 differentiam
1238 3977 1454 4032 numeri
1510 3977 1857 4032 recusatione
1927 3976 2193 4048 negando,

613 4074 991 4130 confusionem
1025 4072 1373 4127 introducere
1399 4080 1688 4126 conantur.
1723 4069 2008 4136 Quomodo
2048 4070 2194 4144 enim

2291 3429 2733 3503 προσαγορεύων,
2763 3429 2825 3483 οὑ
2851 3429 3168 3482 κοινοποιιῖω
3193 3429 3328 3500 πρὸς
3353 3427 3452 3498 τὴν
3487 3425 3673 3493 λοιπὴν
3693 3420 3830 3490 φύσιν

2291 3521 2382 3574 διὰ
2408 3522 2508 3592 τῆς
2539 3520 2725 3591 φωνῆς
2756 3520 2848 3573 τὸν
2883 3519 3232 3589 δηλούμενον,
3261 3518 3377 3580 ἀλλ’
3402 3517 3546 3572 ὥστε
3577 3513 3696 3584 περὶ
3719 3507 3830 3564 ἑκά·

2291 3629 2451 3686 τερον
2475 3613 2538 3667 τὸ
2570 3613 2794 3677 εὐσεϐὲς
2827 3611 3191 3682 φυλαχθῆναι.

2369 3704 2632 3767 ιῖΤούτων
2658 3702 2832 3768 οὕτως
2857 3703 3319 3773 ἀποδεδειγμένων
3345 3701 3431 3756 διὰ
3460 3701 3562 3772 τῆς
3577 3690 3829 3754 τῶνΠατέ·

2295 3816 2404 3875 ρων
2435 3796 2802 3864 διδασκαλίας,
2836 3795 3239 3850 παυσάσθωσαν
3284 3795 3335 3858 oi
3374 3795 3466 3858 τὸν
3498 3789 3716 3865 ἀριθμὸν
3739 3784 3830 3840 τῶν

2293 3893 2351 3963 ἐν
2397 3888 2616 3962 Χριστῷ
2661 3889 2875 3958 φύσεων
2929 3887 3202 3960 πρόφασιν
3257 3889 3356 3959 τῆς
3402 3888 3607 3949 οἰκείας
3652 3880 3829 3944 πλάνης

2295 3983 2606 4054 ποιούμενοι
2649 3981 2743 4034 καὶ
2788 3979 2867 4051 τῷ
2910 3979 2998 4034 διὰ
3023 3980 3215 4046 τούτου
3246 3981 3344 4051 τὴν
3384 3979 3565 4050 356
3601 3968 3830 4040 διαφορὰν

2294 4077 2576 4150 ἀρνεῖσθαι
2608 4077 2869 4146 σύγχυσιν
2897 4076 3140 4143 εἰσάγειν
3161 4074 3583 4145 ἐπιχειροῦντες.
3607 4067 3719 4129 Πῶς
3739 4061 3830 4131 γὰρ

613 4183 725 4222 non
778 4176 862 4222 est
895 4166 1240 4222 necessarius
1281 4179 1565 4226 numerus,
1599 4179 1726 4234 quo,
1773 4163 1840 4218 ad
1883 4162 2187 4234 signiﬁcan-

2293 4172 2394 4225 ὀὐκ
2423 4171 2718 4239 ἀναγκαῖος
2744 4167 2976 4240 ἀριθμὸς
3002 4160 3047 4234 ᾧ
3082 4167 3174 4219 ἐπὶ
3205 4167 3450 4237 σημασία
3480 4168 3578 4237 τῆς
3604 4153 3829 4226 διαφορᾶς

613 4261 739 4314 dam
792 4258 1158 4314 dill'erentiam
1209 4267 1530 4312 naturarum
1577 4272 1695 4330 qua:
1723 4257 1777 4308 in
1811 4271 1972 4320 unam
2016 4253 2187 4308 subsi-

2296 4264 2405 4317 τῶν
2432 4260 2734 4316 ἑνωθεισῶν
2782 4261 2863 4322 είς
2907 4259 3039 4328 μίαν
3078 4258 3378 4311 ὑπόστασιν
3406 4257 3617 4326 φύσεων
3639 4251 3724 4304 καὶ
3747 4245 3827 4298 οὐκ

615 4355 872 4407 stentiam
907 4351 1072 4406 unita:
1104 4359 1253 4416 sunt,
1280 4359 1335 4404 et
1356 4364 1462 4404 non
1490 4349 1556 4402 ad
1587 4347 1906 4402 divisionem
1941 4362 2037 4416 per
2067 4361 2187 4416 par-

2294 4355 2390 4408 ἐπὶ
2434 4357 2500 4426 τῇ
2533 4354 2637 4420 ἀνὰ
2665 4353 2830 4422 μέρος
2843 4317 3112 4426 διαιρέσει
3142 4353 3322 4404 αὑτῶν
3358 4317 3668 4417 σι’ῐιατέρες
3695 4336 3829 4409 ἐχρίγ

613 4455 698 4499 tes
757 4460 984 4509 earum,
1034 4443 1119 4499 usi
1175 4451 1303 4497 sunt
1333 4440 1560 4496 Patres?
1601 4442 1979 4495 Demonstrato
2033 4437 2187 4509 igitur

2295 4463 2488 4512 σαντο;
2519 4445 2993 4515 Ἀποδεδειγμένου
3023 4444 3202 4497 τοίνυν
3224 4443 3558 4512 πανταχόθεν
3575 4439 3646 4500 ὡς
3663 4426 3827 4488 ἀσεσές

614 4536 876 4606 undique,
915 4537 1057 4608 quod
1113 4537 1342 4608 impium
1396 4544 1482 4589 est
1527 4535 1709 4589 dicere
1741 4547 1902 4588 unam
1945 4540 2187 4586 naturam

2295 4543 2410 4597 ἐστι
2446 4541 2506 4594 τὸ
2533 4540 2710 4606 λέγειν
2741 4539 2869 4608 μίαν
2911 4537 3074 4608 φύσιν
3117 4538 3236 4608 ἦτοι
3279 4537 3467 4590 οὑσίαν
3495 4534 3729 4598 θεότητος
3751 4517 3828 4608 καί

615 4631 729 4683 sive
758 4606 1118 4694 substantiam
1150 4606 1369 4684 deitatis
1413 4639 1468 4684 et
1497 4627 1676 4682 carnis
1712 4624 1938 4687 Christi,
1968 4633 2024 4679 et
2067 4623 2187 4677 illud

2292 4630 2393 4700 τῆς
2427 4628 2627 4699 σαρκὸς
2670 4606 2763 4681 τοῦ
2808 4606 3064 4699 Χριστοῦ,
3096 4606 3316 4688 κάκείνο
3348 4626 3579 4697 ἐροῦμεν
3623 4620 3690 4680 ὡς
3727 4606 3825 4666 οὐδὲ

616 4724 872 4788 dicimus,
894 4723 1018 4793 quia
1048 4739 1151 4779 nec
1191 4722 1489 4788 secundum
1517 4720 1660 4790 quod
1693 4735 1853 4773 unam
1894 4717 2187 4773 subsisten-

2296 4716 2417 4780 καθ’
2443 4717 2472 4770 ὅ
2499 4719 2628 4786 μίαν
2655 4718 2950 4780 ὑπόστασιν
2976 4717 3206 4801 λέγομεν
3239 4718 3338 4787 τῆς
3367 4717 3612 4787 θεότητος
3640 4705 3722 4763 καὶ
3743 4701 3824 4801 illi

1657 4811 1700 4865 is
1720 4809 2038 4872 Christi,sic
2070 4822 2198 4877 pos-
2295 4808 2711 4879 ἀνθρωπότητος
2746 4808 2840 4862 τοῦ
2874 4793 3134 4880 Χριστοῦ,
3159 4808 3302 4864 οὕτω
3341 4809 3565 4864 δυνατὸν
3604 4803 3688 4857 καὶ
3720 4793 3823 4866 μίαν

616 4905 773 4960 sibile
801 4913 885 4959 est
905 4916 960 4960 et
986 4921 1148 4960 unam
1174 4916 1422 4961 naturam
1442 4905 1646 4960 Christi
1694 4904 1877 4959 dicere
1901 4918 1914 4954 :
1943 4900 2187 4970 quoniam

2297 4901 2458 4970 φύσιν
2501 4902 2678 4969 λέγειν
2706 4903 2963 4974 Χριστοῦ,
2991 4902 3178 4972 ἐπειδὴ
3211 4901 3285 4972 μὴ
3313 4900 3568 4961 ταυτὺν⁶⁸
3599 4893 3741 4965 φύσις
3775 4897 3824 4935 ’τε

618 5011 727 5051 non
775 4995 917 5052 idem
950 5008 1037 5053 est
1075 5009 1270 5054 natura
1309 5008 1365 5054 et
1403 4998 1774 5054 subsistentia.
1813 4998 2013 5052 Omnes
2054 4995 2187 5050 enim

2298 4993 2394 5048 καὶ
2420 4993 2732 5056 ὑπόστασις.
2766 4993 2971 5059 Πάντες
3002 4993 3112 5063 γὰρ
3147 4993 3196 5046 oi
3247 4992 3393 5059 ἅγιοι
3440 4989 3668 5058 Ιῐατέρες
3711 4989 3826 5040 συμ·

617 5091 790 5145 sancti
813 5090 997 5146 Patres
1008 5102 1371 5161 consonanter
1387 5107 1486 5146 nos
1502 5091 1720 5153 docent,
1737 5089 1883 5146 aliud
1896 5105 2015 5145 esse
2037 5097 2187 5142 natu-

2301 5086 2494 5155 φώνως
2523 5086 2670 5155 ἡμᾶς
2697 5085 3038 5140 διδάσκουσιν
3077 5085 3205 5146 ἄλλο
3247 5081 3390 5138 εἶναι
3441 5083 3597 5152 φύσιν
3628 5077 3729 5146 ἦτοι
3755 5066 3826 5118 ούο

619 5199 734 5238 ram
751 5185 865 5240 sive
879 5185 1232 5240 substantiam
1247 5184 1778 5248 etformam,etaliud
1790 5183 2187 5238 subsistentiam

2307 5176 2431 5229 σίαν
2455 5176 2548 5228 καὶ
2576 5176 2788 5247 μορφὴν
2817 5178 2912 5230 καὶ
2937 5175 3065 5230 ἄλλο
3096 5176 3392 5230 ὑπόστασιν
3414 5176 3529 5244 ἤτοι
3556 5169 3820 5248 πρόσωπογν

618 5276 734 5330 sive
767 5293 1092 5346 personam:
1124 5288 1180 5332 et
1216 5289 1464 5332 naturam
1483 5278 1700 5348 quidem
1722 5278 1804 5330 vel
1838 5277 2195 5332 substantiam

619 5379 673 5423 et
690 5369 938 5437 formam,
954 5372 1056 5426 hoc
1075 5371 1217 5442 quod
1241 5380 1324 5425 est
1345 5357 1654 5432 commune,
1683 5370 2004 5439 signiﬁcare,
2028 5371 2200 5424 subsi-

621 5463 876 5517 stentiam
905 5473 1086 5518 autem
1113 5464 1226 5520 sive
1239 5477 1546 5533 personam,
1565 5464 1665 5517 hoc
1681 5463 1826 5532 quod
1839 5473 1923 5518 est
1941 5463 2195 5533 speciale.

2304 5270 2398 5342 καὶ
2421 5269 2518 5341 τὴν
2546 5246 2658 5339 μὲν
2681 5246 2841 5337 φύσιν
2869 5269 2986 5339 ἦτοι
3013 5270 3200 5330 οὐσίαν
3230 5269 3323 5321 καὶ
3359 5265 3570 5337 μορφὴν
3592 5260 3646 5312 τὸ
3675 5246 3823 5342 κοινὸν

2305 5365 2613 5436 σημαίνειν,
2644 5363 2742 5434 τὴν
2775 5362 2831 5416 δὲ
2861 5362 3155 5415 ὑπόστασιν
3202 5361 3319 5431 ἦτοι
3354 5359 3633 5430 πρόσωπον
3662 5346 3713 5398 τὸ
3741 5339 3820 5392 ἰδι-

2305 5459 2421 5512 κόν.

1915 5581 2146 5639 νΑιιιΑε

2282 5577 2597 5640 errones.
3540 5582 3542 5584 ·
3715 5643 3724 5648 _
3775 5631 3786 5648 ,

695 5672 762 5703 ⁸³⁸
951 5687 1058 5743 om,
1091 5673 1154 5727 Ρ,
1216 5671 1306 5743 ⁶³έ⁶
1334 5671 1427 5725 καὶ
1459 5687 1567 5727 0111.
1599 5671 1665 5727 R.
1757 5675 1803 5705 (⁵⁵
1837 5676 2056 5743 Νύσσης
2089 5679 2149 5731 Ρ.

2301 5675 2563 5741 τετάρτῳ.
2602 5668 2679 5738 τῴ
2711 5667 2955 5738 τετάρτῳ
2980 5668 3039 5722 P.
3116 5666 3162 5698 ⁸⁸
3182 5662 3518 5738 τρανώτερον
3545 5660 3600 5724 Ρ,
3628 5649 3679 5706 τὸ
3705 5643 3818 5696 am;-

627 5755 786 5812 τερον
818 5741 930 5798 RV.
1005 5742 1049 5774 "
1081 5742 1373 5815 ἐπιγράφει
1401 5744 1457 5796 P.

1566 5746 1610 5776 ⁵⁸
1648 5744 1771 5815 μήτ’
1801 5746 2031 5808 αὑτὸνν,
2058 5748 2168 5801 οὒτ’
2202 5749 2359 5802 αὑτὸν
2407 5746 2464 5798 ι».
