4096 6296
207 314 312 379 921

279 452 299 482 ι
325 430 389 483 Ei
420 427 476 497 δὲ
500 424 711 496 φήσωσί
739 439 882 484 τινες
911 419 1192 490 δτιῶσπερ
1220 418 1317 490 μία
1346 420 1640 481 ὑπόστασις
1660 417 1778 470 σύν·
1807 427 1852 481 Α

203 524 360 587 θετος
388 518 599 592 εἴρηται
628 517 721 569 ἐπὶ
749 512 1006 586 Χριστοῦ,
1038 512 1181 566 οὑτω
1222 512 1280 566 δὲ
1318 511 1412 565 καὶ
1443 510 1573 581 μίαν
1608 509 1770 579 φύσιν

205 612 464 667 σύνθετον
495 608 690 674 λέγειν,
725 605 1077 674 ἀποδείξομεν
1092 605 1135 637 ⁸³
1166 604 1260 658 καὶ
1301 601 1458 657 τοῦτο
1492 602 1772 673 ἀλλότριον

203 702 348 758 εἶναι
374 700 475 772 τῆς
512 697 807 761 εὐσεϐείας.
839 696 984 751 Μίαν
1017 696 1126 767 γὰρ
1172 696 1335 764 φύσιν
1378 694 1628 756 θεότητος
1658 695 1778 768 ἦτοι

201 798 396 851 οὐσίαν
424 794 673 862 λέγοντες
701 793 848 863 τρεῖς
892 790 978 844 ἐπ’
1000 791 1167 860 αὑτῆς
1199 788 1491 859 δοξάζομεν
1538 788 1778 842 ὑποστά-

204 906 346 958 σεις,
375 890 435 941 ἐν
464 887 670 958 ἑκάστῃ
695 884 990 938 ὑποστάσει
1028 883 1127 954 τὴν
1159 883 1326 953 αὐτὴν
1356 881 1516 951 φύσιν
1543 882 1660 952 ἦτοι
1685 880 1778 933 οὑ-

205 982 332 1035 σίαν
372 979 752 1051 γνωρίζοντες,
781 976 879 1031 καὶ
908 974 1146 1041 εὐσεϐῶς
1191 976 1257 1028 ὲκ
1288 974 1395 1027 τῶν
1430 973 1599 1045 τριῶν
1651 972 1780 1025 ὑπο-

206 1078 456 1131 στάσεων
505 1075 634 1145 μίαν
666 1072 960 1126 ὑπόστασιν
986 1072 1085 1143 τὴν
1126 1071 1219 1125 τοῦ
1270 1071 1445 1139 Λόγου
1495 1069 1631 1140 πρὸς
1679 1068 1779 1140 τὴν

206 1171 391 1241 σάρκα
416 1165 785 1222 συντεθεῖσθαί
820 1182 1018 1235 φαμεν.
1038 1165 1226 1227 Οὐδεὶς
1254 1164 1361 1234 γάρ
1395 1180 1521 1217 ποτε
1554 1161 1782 1231 ἐτόλμη-

208 1280 303 1315 σεν
324 1264 383 1315 ὲν
411 1260 758 1333 τῇλκαθολικῇ
785 1250 1080 1330 Ἐκκλησία
1100 1260 1295 1323 είπεῖν,
1316 1260 1395 1311 ὅτι
1419 1257 1606 1327 ὧσπερ
1633 1258 1782 1323 τρεῖς

210 1354 559 1425 ὑποστάσεις,
593 1351 735 1406 οὓτω
780 1351 872 1404 καὶ
908 1352 1055 1422 τρεῖς
1087 1348 1276 1419 φύσεις
1308 1350 1447 1403 εἰσὶν
1487 1349 1584 1418 τῆς
1622 1348 1783 1416 ἁγίας

209 1446 461 1518 Τριάδος,
492 1444 632 1498 ὥστε
677 1442 773 1498 καὶ
818 1441 1074 1496 δύνασθαι
1121 1441 1299 1509 λέγειν
1352 1440 1479 1511 μίαν
1528 1438 1689 1508 φύσιν
1720 1441 1783 1491 ἐκ

212 1538 319 1591 τῶν
354 1536 525 1608 τριῶν
562 1535 777 1605 φύσεων
812 1531 1183 1586 συντεθεῖσθαι
1225 1530 1360 1602 πρὸς
1391 1531 1590 1601 σάρκα.
1624 1531 1784 1601 Τρεῖς

208 1630 318 1701 γὰρ
362 1629 557 1699 φύσεις
612 1628 705 1680 ἐπὶ
751 1625 851 1696 τῆς
895 1626 1054 1693 ἁγίας
1103 1625 1331 1694 Τριὰδος
1381 1623 1541 1694 μόνος
1569 1624 1784 1694 ’Ἄρειος

208 1724 489 1793 τολμήσας
518 1721 691 1775 εἰπεῖν
706 1720 752 1752 ⁷⁸
782 1719 857 1784 ώς
888 1718 1204 1791 βλάσφημος
1234 1715 1553 1787 κατεκρίθη.

288 2001 308 2035 t
343 1981 445 2036 Διά
467 1980 815 2035 τοῦτοτοίνυν
840 1979 980 2034 κατὰ
993 1978 1084 2032 τὸν
1098 1978 1256 2050 όρθδν
1278 1977 1435 2047 λόγον
1460 1976 1552 2030 δύο
1570 1975 1785 2048 φύσεων

211 2075 408 2127 ἕνωσιν
445 2073 677 2141 λέγομεν
706 2073 800 2126 καὶ
846 2072 975 2141 μίαν
1019 2070 1338 2136 ὑπόστασιν,
1386 2069 1574 2140 ἐπειδὴ
1616 2070 1645 2122 ό
1693 2068 1785 2121 τοῦ

212 2167 348 2220 θεοῦ
382 2165 512 2229 Υἱὸς
537 2165 678 2219 κατά
706 2164 805 2235 τὴν
840 2164 1136 2218 ὑπόστασιν
1161 2164 1343 2235 ἔτερος
1389 2162 1466 2217 ὢν
1511 2164 1662 2235 παρά
1698 2164 1788 2217 τὸν

214 2259 456 2329 Πατέρα,
482 2258 581 2328 τῆς
610 2258 780 2329 αὐτῆς
808 2259 865 2312 δὲ
886 2259 929 2291 ⁷¹
962 2257 1175 2326 φύσεως
1204 2257 1279 2310 ὢν
1305 2256 1380 2326 τῷ
1414 2256 1607 2327 Πατρὶ,
1638 2256 1695 2309 ἐν
1719 2257 1787 2328 τῇ

218 2346 323 2417 Min
353 2346 672 2405 ὑποστάσει,
706 2345 1136 2418 ἐδημιούργησεν
1164 2346 1340 2415 ἑαυτῷ
1373 2347 1552 2416 σάρκα
1575 2345 1786 2415 ὲψυχω-

218 2436 448 2505 μένην⁷¹
480 2435 625 2506 ψυχῇ
656 2436 845 2507 λογικῇ
894 2437 988 2489 καὶ
1017 2437 1196 2506 νοερᾷ,
1235 2435 1372 2506 ὅπερ
1402 2433 1550 2504 δηλοῖ
1582 2432 1789 2502 ἀνθρω-

215 2528 348 2601 πίνῃ
397 2528 555 2597 φύσει
592 2527 859 2598 ὲνωθῆναι
892 2529 982 2597 τὸν
1011 2528 1105 2581 τοῦ
1139 2528 1272 2581 Θεοῦ
1322 2528 1493 2595 Λόγον
1544 2527 1637 2580 καὶ
1691 2526 1791 2597 οὐχ

213 2620 513 2685 ὑποστάσει
543 2620 660 2691 ἦτοι
688 2618 964 2690 προσώπῳ
1011 2618 1105 2672 τοῦ
1155 2620 1219 2689 δή
1257 2636 1398 2682 τινος
1418 2618 1643 2673 ⁷³.Ἐστι
1676 2617 1791 2671 τοί-

215 2729 310 2764 νυν
342 2711 373 2765 ό
406 2710 501 2763 τοῦ
528 2710 662 2763 Θεοῦ
693 2710 864 2779 Λόγος
890 2711 983 2765 καὶ
1014 2711 1314 2783 σαρκωθεὶς
1352 2710 1451 2782 μία
1495 2711 1791 2775 ὑπόστασις

214 2805 275 2858 ἐν
308 2802 550 2874 ἑκατέρᾳ.
582 2802 739 2873 φύσει
768 2804 1183 2877 γνωριζόμενος,
1219 2805 1276 2858 ἐν
1308 2804 1427 2858 1s"
1453 2808 1520 2876 τῇ
1556 2806 1696 2876 θείᾳ,
1734 2805 1791 2857 ἐν

216 2891 489 2968 ᾖὺπῆρχε
525 2896 665 2950 κατά
693 2897 889 2964 τὸ,¹¹Ος
908 2899 951 2929 ⁷⁵
982 2898 1051 2952 ἐν
1075 2896 1273 2968 μορφῇ
1305 2897 1452 2952 Θεοῦ
1484 2896 1789 2967 ὑπάρχων,

218 2989 395 3044 καὶδὲν
424 2992 484 3060 τῇ
509 2989 824 3065 ἀνθρωπίνῃ
853 2990 994 3045 κατὰ
1018 2992 1098 3055 τὸ,
1115 2992 1211 3044 Ἐν
1232 2992 1545 3061 ὁμοιώματι
1572 2989 1813 3058 ἀνθρώ-ι

1383 302 1637 366 CHRON
1646 302 1816 365 [CON
1875 299 2278 363 PASCHALE.

3350 287 3457 351 922

1955 436 1973 468 ι
2020 416 2117 470 Sin
2173 428 2303 468 vero
2356 409 2593 466 dixerint
2647 406 2900 477 quidam,
2958 402 3100 475 quod
3155 401 3295 457 sicut
3349 418 3456 457 una

1878 508 2230 565 subsistentia
2280 503 2578 574 composita
2633 500 2831 555 dicitur
2872 496 3096 559 Christi,
3136 495 3215 549 sic
3244 504 3460 563 oportet

1876 611 1933 656 et
1961 614 2122 654 unam
2166 606 2413 651 naturam
2463 590 2820 661 compositam
2856 586 3073 641 dicere:
3105 583 3460 638 ostendemus

1877 705 1927 749 et
1956 695 2059 748 hoc
2087 691 2320 746 alienum
2352 701 2474 741 esse
2505 699 2535 738 a
2570 684 2791 754 pietate.
2828 678 3002 734 Unam
3032 676 3177 732 enim
3205 684 3458 729 naturam

1878 787 1992 841 sive
2018 781 2376 839 substantiam
2411 775 2630 832 deitatis
2682 773 2949 833 dicentes,
2984 779 3095 823 tres
3122 767 3293 837 ipsius
3323 781 3460 819 con-

1880 877 2102 931 ﬁtemur
2147 868 2549 931 subsistentias,
2588 866 2642 920 in
2699 876 3055 932 unaquaque,
3106 856 3462 913 subsistentia

1880 965 2123 1023 eamdem
2175 972 2426 1015 naturam
2478 957 2593 1011 sive
2633 951 2995 1009 substantiam
3046 956 3456 1018 cognoscentes.

1881 1060 1950 1125 Et
1987 1067 2133 1112 recte
2161 1071 2226 1108 ex
2260 1053 2433 1107 tribus
2459 1046 2828 1104 subsistentiis
2857 1060 3020 1098 unam
3051 1038 3461 1097 subsistentiam

1884 1152 2042 1209 Verbi
2077 1151 2145 1205 ad
2180 1162 2399 1203 carnem
2447 1142 2799 1212 compositam
2834 1154 2955 1194 esse
2995 1136 3247 1191 dicimus.
3289 1131 3463 1185 Nemo

1882 1246 2027 1299 enim
2049 1255 2284 1312 unquam
2314 1252 2479 1293 ausus
2500 1244 2584 1289 est
2614 1234 2666 1286 in
2691 1230 2959 1288 catholica
2992 1227 3230 1281 Ecclesia
3255 1224 3459 1287 dicere,

1882 1337 2024 1407 quod
2091 1334 2232 1389 sicut
2285 1341 2396 1385 tres
2452 1325 2840 1389 subsistentiae,
2874 1323 2951 1375 sic
2992 1329 3047 1374 et
3093 1327 3205 1373 tres
3252 1325 3462 1370 natura;

1884 1437 2012 1482 sunt
2064 1434 2268 1481 sancta:
2330 1420 2609 1475 Trinitatis
2656 1436 2669 1472 :
2727 1426 2786 1470 ut
2839 1412 3093 1485 possibile
3150 1411 3220 1467 sit
3277 1408 3459 1463 dicere

1885 1533 2046 1573 unam
2100 1524 2351 1570 naturam
2402 1529 2468 1566 ex
2503 1511 2678 1565 tribus
2714 1506 2923 1561 naturis
2951 1503 3305 1572 compositam
3340 1515 3463 1553 esse

1884 1611 1951 1666 ad
1995 1622 2237 1664 carnem.
2271 1604 2404 1659 Tres
2434 1604 2582 1658 enim
2614 1611 2833 1655 naturas
2885 1597 2936 1651 in
2973 1604 3158 1651 sancta
3196 1592 3468 1647 Trinitata

1887 1703 2035 1759 solus
2066 1701 2221 1756 Arius
2249 1713 2415 1753 ausus
2445 1696 2646 1760 dicere,
2674 1702 2927 1762 tanquam
2950 1688 3298 1757 blasphemus
3329 1699 3460 1739 con-

1814 1774 1855 1829 B
1886 1796 2175 1851 demnatus
2207 1798 2311 1847 est.

1963 1983 1981 2015 ‹
2024 1963 2150 2017 Ideo
2178 1960 2340 2033 igitur
2366 1955 2661 2014 secundum
2686 1959 2889 2008 rectam
2916 1948 3206 2011 rationem,
3230 1945 3460 2000 duarum

1886 2066 2202 2111 naturarum
2249 2052 2477 2107 dicimus
2526 2046 2824 2101 unitionetu
2874 2041 3163 2114 [unitatem
3198 2037 3272 2090 sic
3300 2035 3463 2088 etiam

1887 2146 2131 2219 Leuncl.]
2187 2154 2241 2199 et
2296 2158 2458 2197 unam
2522 2134 2980 2193 subsistentiam:
3048 2127 3306 2199 quoniam
3366 2125 3462 2179 Dei

1889 2218 2263 2301 Filius,rcunt
2314 2243 2462 2289 esset
2516 2229 2816 2285 secundum
2870 2220 3275 2293 subsistentiam
3328 2218 3465 2271 alter

1890 2340 2086 2401 praeter
2133 2328 2376 2390 Patrem,
2424 2322 2665 2376 eamdem
2714 2324 2897 2372 autem
2929 2325 3190 2385 ,naturam
3245 2310 3459 2364 habens

1891 2424 2095 2497 [habct,
2132 2421 2207 2475 sic
2241 2420 2403 2473 etiam
2434 2411 2676 2485 Leuncl.]
2704 2411 2899 2475 Patris,
2940 2408 2997 2462 in
3032 2422 3128 2461 sua
3158 2403 3464 2458 subsisten-

1890 2519 1962 2573 tia
2001 2514 2286 2585 plasmavit
2330 2511 2433 2565 sibi
2478 2522 2698 2563 carnem
2747 2504 3037 2558 animatam
3086 2497 3266 2553 anima
3297 2494 3465 2549 ratio-

1890 2612 1999 2665 nali
2036 2618 2087 2665 et
2139 2602 2493 2662 intellectuali
2532 2620 2546 2656 :
2578 2599 2722 2669 quod
2774 2595 3042 2668 signiﬁcat
3080 2592 3333 2646 humanae
3369 2602 3466 2641 na-

1893 2714 2024 2760 tura:
2079 2702 2289 2756 unitum
2348 2711 2471 2751 esse
2526 2693 2699 2748 Deum
2734 2690 2990 2753 Verbum,
3032 2695 3088 2740 et
3138 2698 3249 2737 non
3284 2679 3468 2735 subsi-

1890 2793 2104 2849 stentia:
2153 2806 2248 2845 seu
2302 2798 2549 2858 persona:
2612 2778 2928 2851 cujusdam.
2979 2775 3075 2828 Est
3122 2771 3282 2842 igitur
3324 2768 3469 2822 Dens

1889 2887 2131 2942 Verbum
2165 2892 2220 2938 et
2262 2882 2590 2941 incarnatus,
2622 2890 2729 2928 una
2772 2866 3119 2925 subsistentia
3154 2866 3207 2919 in
3240 2870 3468 2929 utraque

1891 2989 2082 3036 natura
2113 2971 2556 3046 cognoscendus;
2593 2967 2646 3021 in
2671 2964 2871 3025 divina,
2907 2960 2958 3014 in
2994 2973 3098 3029 qua
3130 2964 3263 3018 erat,
3306 2959 3470 3023 prout

218 3097 348 3133 πων
377 3082 717 3150 γενόμενος.
750 3049 859 3137 καὶ
882 3082 968 3136 διὰ
997 3082 1156 3137 τοῦτο
1185 3041 1428 3147 εὐσεϐῶς
1446 3084 1589 3137 εἴποι
1619 3041 1707 3146 τις
1727 3084 1792 3136 ἂν

1893 3069 2096 3124 dictum
2126 3073 2245 3119 est:
2281 3059 2383 3125 Qui
2415 3073 2533 3111 cum
2572 3056 2629 3109 in
2658 3055 2829 3123 forma
2868 3049 2961 3102 Dei
2993 3053 3159 3108 esset;
3192 3051 3246 3097 et
3276 3042 3329 3094 in
3362 3041 3468 3094 hu-

223 3174 351 3259 μίαν
400 3173 702 3239 ὑπόστασιν
750 3174 843 3227 106
890 3174 1026 3235 Θεοῦ
1073 3175 1247 3243 Λόγου
1289 3175 1467 3247 35⁷
1515 3176 1787 3243 σύνθετον,

219 3267 363 3338 ἢπερ
389 3267 437 3297 ⁷⁸
484 3266 613 3336 μίαν
661 3266 822 3333 φύσιν
871 3267 1145 3331 σύνθετον,
1176 3267 1362 3339 ἐπειδὴ
1392 3268 1479 3320 ὅτε
1513 3267 1635 3320 καθ’
1664 3269 1792 3321 ἐαυ-

220 3357 319 3428 1qu
365 3358 553 3422 ἁπλῶς
597 3360 757 3429 φύσις
800 3359 1017 3427 λέγεται
1062 3358 1136 3433 μὴ
1184 3360 1577 3431 προσκειμένου
1621 3360 1793 3432 ταύτῃ

225 3450 393 3505 ίδικοῦ
426 3468 569 3514 τινος
594 3450 907 3521 προσώπου,
938 3452 1188 3521 ἀόριστόν
1212 3470 1264 3505 τι
1298 3452 1391 3506 καὶ
1424 3454 1792 3506 ἀνυπόστατον

222 3543 406 3614 δηλοῖο
440 3542 503 3595 τὸ
543 3543 601 3596 δὲ
648 3543 898 3614 ἀόριστον
940 3544 1072 3616 πρὸς
1098 3544 1248 3599 οὐδὲν
1279 3545 1601 3616 συντεθῆναι
1632 3546 1795 3600 δύνα-

222 3650 332 3689 ται.
352 3635 416 3686 Εἰ
442 3633 501 3689 δέ
530 3650 614 3696 τις
631 3632 725 3685 καὶ
751 3632 885 3702 μετά
902 3633 1027 3694 τοὺς
1046 3632 1317 3695 τοιούτους
1338 3633 1528 3697 λόγους
1548 3633 1680 3705 πρὸς
1705 3651 1794 3702 φι-

222 3726 501 3791 λονεικίαν
525 3726 691 3795 μόνην
713 3724 853 3795 ὁρῶν
878 3725 1169 3778 ἀντιθεῖναι
1192 3726 1527 3795 ὲπιχειρήσοι
1543 3726 1606 3790 τ’,
1622 3725 1795 3794 λέγων

223 3818 304 3870 ὅτι
333 3816 479 3870 κατά
504 3814 593 3868 τὸν
619 3814 949 3868 ἀποδοθέντα
978 3818 1076 3885 τῆς
1114 3814 1331 3885 φύσεως
1360 3815 1517 3883 λόγον
1560 3816 1665 3887 χρὴ
1700 3816 1795 3869 καὶ

222 3908 319 3981 τὴν
349 3908 705 3980 ἀνθρωπίνην
737 3906 898 3977 φύσιν
935 3906 1029 3960 τοῦ
1063 3907 1300 3977 Χριστοῦ
1334 3908 1470 3961 ίδίαν
1501 3908 1795 3971 ὑπόστασιν

222 4003 341 4073 ἦτοι
386 4001 681 4072 πρόσωπον
716 4000 843 4053 ἴδιον
883 4000 1047 4071 ἔχειν,
1089 4000 1354 4070 πρόδηλός
1398 4002 1544 4054 ἐστιν
1572 4004 1600 4054 ό
1624 4001 1796 4054 τοιοῦ-

223 4110 314 4156 τος
358 4092 445 4145 ὅτι
488 4090 890 4163 προῦποστάντι
934 4090 1205 4163 ἀνθρώπῳ
1233 4092 1497 4163 ὲνωθῆναι
1529 4093 1673 4161 λέγει
1705 4093 1797 4145 τὸν

223 4184 381 4253 λόγον
410 4183 509 4237 καὶ
542 4184 799 4255 σχετικὴν
831 4183 1159 4254 γεγενῆσθαι
1189 4183 1285 4256 τὴν
1310 4184 1502 4237 ἕνωσιν
1526 4202 1540 4216 υ
1575 4184 1666 4237 δύο
1690 4185 1799 4254 γάρ

225 4280 585 4334 ὑποστάσεων
633 4278 751 4348 ἦτοι
781 4278 1091 4351 προσώπων
1124 4278 1246 4332 καθ’
1282 4280 1578 4333 ὑπόστασιν
1607 4279 1799 4341 ἕνωσιν

228 4372 483 4441 γενέσθαι
509 4373 553 4404 ⁷⁸
591 4371 1041 4428 ἁδύνατον.Ὥστε
1072 4374 1100 4425 ό
1127 4371 1297 4425 ταῦτα
1330 4371 1525 4440 λέγων,
1551 4370 1611 4424 τὸ
1641 4372 1801 4424 δυνα-

230 4466 319 4519 τὸν
365 4465 464 4517 τοῦ
496 4463 633 4516 Θεοῦ
666 4464 846 4532 λόγοις
876 4463 1224 4533 ἀνθρωπίνης
1245 4464 1290 4495 ⁷⁸
1336 4465 1529 4531 σοφίας
1564 4463 1798 4516 κενῶσαι

235 4555 574 4620 σπουδάζων,
603 4555 788 4623 ἀγνοεῖ
830 4556 891 4608 τὸ
941 4557 1084 4626 μέγα
1127 4555 1227 4624 τῆς
1273 4555 1556 4618 εὐσεϐείας
1598 4556 1801 4627 μυστή-

237 4665 370 4719 ριον,
401 4649 542 4717 ὅπερ
584 4648 781 4718 καρδίᾳ⁴
816 4647 916 4717 μὲν
962 4648 1274 4701 πιστεύεται
1321 4651 1400 4713 είς
1440 4648 1805 4719 δικαιοσύνην,

240 4741 468 4811 στόματι
506 4740 564 4793 δὲ
605 4739 946 4807 ὁμολογεῖται
995 4741 1074 4802 είς
1121 4741 1392 4812 σωτηρίαν
1415 4759 1429 4774 ο
1478 4740 1601 4794 οὔτε
1634 4742 1743 4813 γὰρ
1774 4743 1807 4812 ἡ

238 4832 553 4903 ἀνθρωπίνη
596 4832 756 4901 φύσις
785 4832 880 4885 τοῦ
920 4833 1156 4904 Χριστοῦ
1187 4834 1372 4899 ἁπλῶς
1401 4852 1531 4887 ποτε
1563 4834 1809 4903 λέγεται,

240 4926 350 4979 ἀλλ’
383 4925 509 4980 οὔτε
540 4925 673 4979 ίδίαν
702 4925 998 4979 ὑπόστασιν
1020 4925 1136 4997 ἦτοι
1166 4926 1451 4997 πρόσωπον
1481 4927 1656 4996 ἔσχεν,
1681 4926 1807 4980 ἀλλ’

1818 3131 1861 3188 c
1894 3174 2052 3216 mana
2084 3154 2384 3212 secundum
2422 3150 2545 3211 hoc,
2572 3144 2715 3215 quod
2743 3151 2826 3198 est
2858 3142 2914 3194 in
2943 3135 3338 3192 similitudinem
3370 3132 3467 3185 Ιιο-

1898 3260 2099 3315 minnm
2143 3254 2335 3324 (actus.
2386 3247 2451 3301 Et
2493 3245 2617 3299 ideo
2657 3240 2856 3295 rectius
2884 3232 3078 3310 [recte]
3105 3233 3247 3287 dicat
3276 3228 3470 3298 aliquis

1898 3366 2062 3405 unam
2118 3340 2523 3401 subsistentiam
2576 3334 2669 3389 Dei
2701 3330 2864 3386 Verbi
2898 3325 3275 3396 compositam,
3305 3336 3466 3391 quam

1898 3456 2063 3501 unam
2097 3447 2350 3493 naturam
2405 3427 2794 3499 compositam:
2829 3421 3084 3492 quoniam
3128 3431 3249 3471 cum
3285 3428 3382 3483 per
3410 3427 3470 3467 se

1897 3533 2144 3590 absolute
2184 3537 2376 3581 natura
2400 3521 2626 3583 dicitur,
2677 3531 2785 3571 non
2817 3513 3025 3581 adjecta
3058 3504 3343 3575 eispcciali
3373 3519 3469 3558 cn-

1895 3628 2109 3703 jusdam
2161 3633 2416 3693 persona,
2452 3613 2746 3674 inﬁnitum,
2780 3616 2835 3662 et
2880 3621 2989 3660 non
3024 3601 3328 3657 subsistens
3365 3597 3469 3652 ali-

1897 3694 2029 3794 quid
2093 3714 2359 3790 signiﬁcat
2389 3730 2401 3765 :
2433 3707 2705 3763 inﬁnitum
2763 3712 2943 3757 autem
2998 3698 3065 3752 ad
3114 3694 3250 3750 nihil
3293 3701 3474 3763 potest

1900 3788 2175 3885 componi.
2230 3807 2324 3862 Sin
2369 3813 2550 3859 autem
2587 3797 2782 3868 aliquis
2822 3803 2879 3850 et
2926 3801 3047 3864 post
3073 3791 3205 3845 tales
3233 3788 3474 3841 rationes

1900 3907 1967 3962 ad
1996 3900 2403 3959 contentionem
2437 3893 2605 3947 solam
2650 3887 2968 3957 respiciens,
3004 3894 3279 3952 opponere
3305 3890 3473 3931 conc-

1902 4008 2011 4061 tur,
2038 3994 2226 4049 dicens
2257 3987 2401 4059 quod
2456 3981 2755 4039 secundum
2812 3975 3076 4030 redditam
3125 3979 3332 4024 natura:
3382 3981 3475 4018 ra-

1905 4094 2111 4146 tionem
2173 4088 2390 4154 oportet
2456 4087 2512 4132 et
2586 4077 2881 4130 humanam
2957 4075 3204 4120 naturam
3271 4055 3475 4115 Christi

1903 4198 2054 4239 suam
2082 4174 2490 4235 subsistentiam
2509 4186 2602 4225 seu
2628 4178 2911 4238 personam
2938 4158 3210 4231 propriam
3229 4154 3431 4209 habere
3457 4168 3471 4205 :

1905 4273 2227 4331 manifestus
2268 4275 2351 4323 est
2392 4264 2529 4326 talis,
2562 4259 2707 4330 quod
2753 4265 2877 4311 ante
2922 4247 3236 4308 subsistenti
3268 4242 3476 4299 homini

1906 4370 2119 4423 unitum
2178 4378 2296 4419 esse
2345 4359 2476 4414 dicit
2532 4357 2699 4410 Deum
2747 4349 3008 4410 Verbum,
3049 4352 3103 4398 et
3137 4338 3497 4395 aﬁ‘cctualem,

1906 4462 2103 4515 factam
2145 4471 2265 4510 esse
2301 4451 2582 4507 unitatem.
2634 4444 2759 4499 Duae
2782 4440 2928 4495 enim
2980 4431 3345 4492 subsistentia}
3380 4445 3477 4484 seu

1909 4566 2155 4626 persona:
2207 4545 2502 4603 secundum
2562 4534 2967 4595 subsistentiam
3006 4528 3149 4585 uniri
3196 4542 3304 4581 non
3354 4538 3479 4595 pos-

1909 4616 2057 4702 sunt.
2099 4643 2203 4710 Qui
2244 4640 2406 4711 igitur
2454 4637 2570 4691 haec
2621 4631 2774 4695 dicit,
2811 4627 2903 4682 Dei
2954 4622 3256 4697 potentiam
3296 4616 3481 4672 verbis

1909 4741 2159 4796 humanae
2228 4730 2512 4803 sapientiae
2580 4738 2849 4782 evacuarc
2914 4718 3213 4783 festinans,
3270 4712 3483 4783 ignorat

1912 4844 2168 4901 magnum
2224 4823 2443 4897 pietatis
2480 4818 2815 4891 mysterium.
2877 4810 3019 4881 quod
3064 4806 3224 4861 corde
3264 4802 3479 4873 quidem

1910 4891 2150 4980 creditur
2186 4891 2253 4974 ad
2294 4914 2584 4987 justitiam,
2640 4922 2733 4963 orc
2770 4913 2950 4959 autem
2992 4896 3264 4956 confessio
3302 4893 3361 4948 ﬁt
3414 4891 3484 4948 ad

1524 5178 1609 5233 VA
1621 5177 1759 5233 lile
1795 5173 2198 5233 LECTIONES.

314 5358 361 5391 "
386 5357 759 5427 ἀποδείξωμεν
778 5356 887 5414 PV.
960 5359 1006 5390 "°
1038 5357 1203 5411 εἰπὼν
1236 5355 1347 5411 PV.
1422 5356 1463 5385 ⁷¹
1497 5353 1785 5427 δὲκοιηὶᾼῐῖ.

1896 5352 1940 5383 ’⁸
1975 5345 2329 5430 ἐψυχωμένην
2363 5356 2534 5424 usque
2562 5335 2918 5430 lad‘éxtbneug
2945 5330 3147 5416 omnii.

3257 5328 3303 5359 ’³
3330 5325 3485 5380 τοῦδὲ

252 5446 391 5492 τινος
425 5429 532 5484 PV.
566 5397 884 5482 Eustathius
928 5429 994 5482 ad
1047 5428 1261 5496 Odyss"
1311 5443 1429 5496 pag.
1482 5426 1634 5485 1769,
1665 5424 1753 5496 58,
1777 5422 1925 5496 κέοικε
1962 5397 2529 5496 Ἷύιξιῃριξιιςζ
2567 5397 2667 5496 -Ξαὶ
2698 5405 3037 5496 Ξενοφέζγζτοῐξ
3064 5402 3122 5452 ἐν
3151 5397 3485 5496 Ἑλληνικοῖς

250 5501 308 5550 τὸ
334 5489 525 5567 γέγονε
574 5499 693 5551 τόδε
746 5516 799 5551 τι
834 5499 1016 5567 ὕοντος
1050 5489 1264 5551 πολλοῦ.
1312 5489 1621 5565 Βιῖῖίρεοτοι
1640 5494 1701 5545 τὸ
1732 5494 1759 5545 δ

252 5570 553 5621 ἄνθρωπον.
602 5566 765 5621 Recte
788 5569 990 5621 dictum
1021 5569 1181 5621 estin
1206 5564 1609 5621 locisChronici
1642 5564 1759 5617 Eusi

250 5638 404 5691 οὑσία
445 5638 595 5693 δοκεῖ
624 5640 742 5692 τόδε
770 5656 821 5708 τι
858 5656 971 5708 σημ

252 5709 307 5761 δὲ
331 5709 425 5762 καὶ
448 5709 566 5762 τόδε
597 5724 652 5761 τι
694 5710 744 5761 εί
767 5706 1018 5763 οἶδενὸτι
1060 5708 1277 5762 κάλλιόν
1319 5710 1455 5761 ἐστι.

255 5781 499 5851 χειρήσει
530 5780 593 5835 P.
666 5779 711 5811 ⁷⁸
739 5778 991 5848 γενέσθαι
1021 5779 1213 5836 ἕνωσιν
1244 5777 1302 5832 P.

436 5516 525 5552 ονε
574 5499 693 5551 τόδε
746 5516 799 5551 τι
828 5499 1016 5579 ὑοντος
1050 5490 1264 5551 πολλοῦ.
1312 5490 1621 5565 Sttripserat
1640 5494 1701 5545 τὸ
1732 5494 1821 5617 621’
1846 5510 1898 5544 τι
1947 5502 2001 5545 et
2027 5490 2253 5544 fortasse
2278 5490 2473 5552 πολλῷ.
2513 5490 2676 5539 Intra,
2708 5494 2825 5547 pag.
2864 5490 2962 5527 ουι
2998 5490 3058 5534 υ,
3092 5490 3225 5540 προς
3253 5490 3344 5520 τον
3365 5490 3487 5519 τινα

434 5587 553 5623 πον.
602 5566 765 5623 Recte
788 5569 990 5624 dictum
1021 5569 1181 5624 estin
1206 5568 1337 5621 locis
1356 5564 1609 5621 Chronici
1642 5564 1783 5617 Ense
1826 5562 1859 5615 ii
1893 5571 1947 5615 et
1974 5558 2235 5614 Eustathii
2265 5557 2349 5608 ὅδε
2398 5570 2499 5615 τις.
2532 5548 2864 5624 Aristoteles.
2891 5545 3139 5612 Categor.
3168 5539 3222 5603 5,
3244 5539 3407 5624 ,πᾶσα
3431 5535 3487 5586 δὲ

977 5604 990 5621 l
1021 5604 1104 5624 σοι
1128 5604 1181 5622 ιιι
1208 5604 1337 5621 uiuo
1358 5604 1609 5621 υιιιυηιυι
1642 5604 1859 5617 υυυυυ..
1895 5604 1947 5615 ν.
1974 5604 2235 5614 .-υνη--.,.
2270 5604 2346 5608 ---
2412 5604 2496 5615 -.Γ

975 5640 1163 5692 αίνειν.
1198 5638 1251 5693 7.
1284 5633 1394 5691 οἷον
1438 5635 1556 5688 τόδε
1601 5652 1652 5687 τι
1705 5634 1753 5686 εἰ
1804 5628 1912 5686 οἶδε
1944 5628 2339 5701 ἀφωρισμένως
2369 5625 2451 5677 ὅτι
2482 5622 2598 5675 ἐστὶ
2629 5618 2929 5679 διπλάσιον,
2963 5604 3197 5667 εινιιιυχ.
3228 5604 3489 5665 ὡσαύτως

975 5727 1018 5757 τι
1060 5708 1277 5757 κάλλιόν
1319 5710 1455 5757 ἐστι.
1565 5705 1611 5736 ⁷⁵
1631 5704 1689 5757 ἐν
1722 5721 1804 5756 τε.
1857 5704 1916 5754 ὲν
1946 5702 2003 5755 δὲ
2049 5702 2109 5756 ι’.
2221 5698 2266 5729 ⁷⁵
2297 5696 2375 5757 ὃς.
2414 5694 2489 5757 ὡς
2530 5691 2593 5747 V.
2668 5691 2714 5722 ⁷⁸
2744 5691 2907 5757 ἢπερ.
2967 5684 3124 5753 εἴπερ
3159 5678 3221 5735 ν.
3296 5676 3343 5711 ⁷⁷
3362 5675 3486 5730 ἐπι·

1411 5777 1458 5809 "
1488 5775 1846 5846 ἀνθρωπίνοις
1881 5770 1947 5826 V'.

2513 5481 2676 5539 Infra,
2708 5470 2962 5549 pag—591
2998 5472 3058 5534 D,
3092 5470 3225 5549 προς
3253 5470 3344 5549 τόν
3365 5483 3488 5549 τινα

2221 5698 2266 5729 ⁷⁵
2297 5675 2375 5758 δξ.
2414 5694 2489 5758 ώς
2530 5691 2593 5747 V.
2668 5691 2714 5722 ⁷⁸
2744 5675 2923 5758 ἢπερ.
2967 5684 3124 5753 εἴπερ
3159 5678 3221 5735 ν.
3296 5676 3343 5711 ⁷⁷
3362 5675 3486 5730 ἐπι-
