4096 6296
636 289 745 356 9.23

1825 283 2260 348 CHRONICON
2292 273 2696 350 PASCHALE.

3758 292 3846 355 925

636 407 888 462 salutem.
942 403 1127 474 Neque
1176 403 1321 458 enim
1364 385 1600 457 humana
1649 401 1851 456 Christi
1894 409 2083 454 natura
2119 416 2214 469 per

2317 403 2372 454 ἐν
2407 406 2471 476 τῇ
2504 403 2906 458 ὑποστάσει’τοῦ
2939 404 3112 473 Λόγου
3141 403 3239 474 τὴν
3269 403 3440 473 ἀρχὴν
3468 404 3570 474 τῆς
3593 403 3848 474 ὑπάρξεως

635 516 696 553 se
748 497 996 550 absolute
1051 511 1285 564 unquam
1325 496 1542 556 dicitur,
1588 495 1681 548 sed
1712 509 1813 547 nec
1844 509 1992 547 suam
2029 493 2205 546 subsi-

634 591 888 644 stentiam
919 603 1014 642 seu
1051 604 1336 657 personam
1379 588 1566 641 habuit
1597 604 1608 639 :
1638 587 1731 641 sed
1763 587 1815 639 in
1849 582 2204 640 subsistentia

639 681 730 734 Dei
763 677 944 743 Verbi,
977 689 1168 732 natura
1201 679 1434 733 humana
1463 677 1674 732 initium
1710 687 1768 730 ut
1799 688 1958 737 esset,
1985 677 2202 730 habuit:

637 771 781 824 unde
838 770 1012 838 ipsum
1066 768 1235 823 Deum
1291 769 1524 823 Verbum
1579 767 1984 822 immutabiliter
2032 768 2207 821 homi-

637 877 761 916 nem
803 860 1003 915 factum
1041 875 1162 914 esse
1190 860 1534 923 confitemur,
1567 868 1621 914 ct
1675 876 1782 913 non
1823 860 1875 913 in
1932 860 2205 915 hominem

637 955 923 1025 quemdam
954 954 1203 1017 venisse;
1242 965 1290 1006 et
1333 953 1572 1022 ejusdem
1617 954 1705 1007 Dei
1740 953 1897 1008 Verbi
1943 955 2206 1008 inearnati

637 1063 760 1102 esse
807 1046 1138 1100 nativitatem
1171 1062 1235 1099 ex
1268 1045 1505 1113 Virgine,
1539 1055 1593 1100 et
1616 1047 1954 1115 propterhoc
1981 1047 2072 1101 Dei
2101 1047 2208 1101 Ge!-

637 1139 888 1194 nitricem
935 1148 1176 1192 sanctam
1219 1138 1506 1207 gloriosam
1545 1153 1756 1207 semper
1791 1137 2060 1208 Virginem
2097 1138 2208 1192 Ma-

638 1231 775 1285 riam
831 1246 971 1285 esse.
1004 1231 1138 1284 Ideo
1166 1240 1220 1284 et
1264 1240 1388 1285 ante
1419 1231 1846 1285 incarnationem
1894 1231 1988 1285 Dei
2026 1231 2205 1296 Verbi,

639 1333 694 1379 et
720 1334 842 1395 post
868 1325 987 1392 ejus
1025 1325 1476 1383 incarnationem.
1511 1334 1618 1378 tres
1658 1323 2037 1379 subsistentias
2075 1325 2211 1379 dici-

637 1433 762 1471 mus
808 1415 1004 1482 Patris,
1047 1424 1100 1471 et
1129 1415 1266 1480 Filii,
1295 1427 1348 1472 et
1390 1417 1629 1483 Spiritus
1670 1418 1864 1471 sancti.
1909 1417 2023 1471 Non
2063 1417 2209 1472 enim

640 1517 828 1563 sancta
884 1509 1123 1562 Trinitas
1178 1519 1382 1577 quarta:
1433 1509 1795 1564 subsistentia:
1835 1509 1918 1564 vel
1968 1525 2213 1579 personas

640 1601 999 1670 adiectionem
1043 1602 1301 1670 suscepit.
1333 1600 1408 1654 Ex
1447 1601 1532 1655 his
1576 1599 1741 1671 igitur
1787 1601 2038 1656 omnibus
2080 1617 2214 1656 con-

641 1690 936 1744 vincuntur
960 1690 1049 1759 qui
1078 1690 1284 1754 dicunt,
1321 1700 1448 1744 ante
1477 1691 1776 1745 unitionem
1813 1693 1946 1746 duas
1989 1702 2210 1747 naturas

642 1797 782 1845 esse,
807 1784 950 1852 quod
992 1793 1117 1837 ante
1177 1783 1496 1852 plasmatum
1552 1784 1741 1838 dicunt
1793 1785 2098 1846 hominem,
2158 1794 2214 1840 et

644 1875 724 1928 sic
777 1875 986 1928 unitum
1035 1890 1155 1928 esse
1207 1874 1314 1929 Deo
1354 1874 1545 1940 Verbo,
1601 1878 1898 1930 secundum
1949 1877 2214 1931 insaniam

646 1963 916 2019 Theodori
963 1975 1017 2019 et
1058 1965 1292 2020 Nestorii
1323 1966 1632 2034 impiorum.
1666 1965 1768 2032 Qui
1800 1976 1976 2018 autem
2007 1967 2211 2033 dicunt,

644 2056 788 2125 quod
836 2072 944 2109 non
992 2065 1207 2125 Oportet
1257 2066 1378 2126 post
1421 2057 1683 2111 unitatem
1714 2057 1845 2110 duas
1890 2068 2111 2111 naturas
2161 2058 2215 2112 in

644 2149 881 2212 Christo,
929 2149 1022 2203 sed
1057 2165 1216 2202 unam
1262 2149 1463 2214 dicere,
1500 2149 1872 2204 confusionem
1903 2159 1958 2202 et
1983 2150 2215 2219 phanta-

645 2240 781 2294 siam
830 2240 1185 2295 introducunt
1229 2241 1527 2294 secundum
1565 2241 1952 2309 Apollinarium
2007 2250 2062 2295 et
2106 2243 2218 2296 Eu-

649 2331 843 2400 tychen
882 2329 1094 2398 impios.
1155 2328 1257 2383 Sed
1309 2331 1394 2384 isti
1442 2331 1661 2399 quidem
1705 2333 1837 2385 haec.
1879 2330 2063 2385 Sancti
2090 2348 2220 2387 vero

654 2421 858 2483 Patres,
889 2429 1009 2490 post
1043 2419 1131 2474 Dei
1159 2420 1319 2475 Verbi
1353 2422 1783 2476 incarnationem
1817 2424 2221 2480 considerantes

650 2527 734 2576 ea,
767 2530 830 2567 ex
851 2514 1048 2582 quibus
1073 2514 1326 2568 Christus
1351 2523 1454 2578 est,
1484 2526 1538 2568 et
1558 2515 1701 2584 quo‘d
1737 2515 2035 2571 inconfusae
2067 2533 2222 2570 man-

651 2613 841 2658 serunt
896 2613 1121 2669 naturaz,
1169 2605 1475 2670 rectissime,
1509 2607 1642 2660 duas
1690 2618 1934 2672 naturas,
1981 2609 2219 2663 divinam

650 2703 708 2748 et
751 2695 1059 2772 Immapam,
1099 2695 1152 2748 in
1209 2694 1424 2749 Christo
1451 2683 1586 2749 esse
1632 2697 1902 2751 dixerunt.
1939 2698 2048 2752 Nec
2075 2700 2223 2753 enim

2307 496 2688 551 ἔλαϐεν.”Οθεν
2710 496 2870 549 αὑτὸν
2897 495 2990 550 τὸν
3011 496 3143 548 Θεὸν
3167 495 3338 564 Λόγον
3361 496 3650 567 ἀτρέπτως
3669 498 3851 568 ἄνθρω-

2307 605 2407 641 πον
2449 579 2773 659 γεγενῆσθαι
2803 587 3196 658 ὁμολογοῦμεν,
3231 589 3322 640 καὶ
3346 588 3449 640 οὐκ
3485 588 3569 651 εἰς
3599 588 3852 658 ἄνθρωπόν

2305 697 2426 733 τινα
2477 679 2638 734 αὑτὸν
2691 681 3024 752 ἐληλυθέναι,
3064 681 3156 733 καὶ
3201 679 3294 733 τοῦ
3333 678 3502 732 αὐτοῦ
3543 680 3675 732 Θεοῦ
3705 681 3852 748 Λόγου

2309 769 2684 841 σαρκωθέντος
2727 770 2825 840 τὴν
2871 770 2935 823 ὲκ
2979 769 3256 840 Παρθένου
3302 770 3562 839 γέννησιν
3605 766 3857 834 εἷναι,καὶ

2304 863 2394 918 διὰ
2421 863 2576 915 τοῦτο
2603 862 2862 915 Θεοτόκον
2889 859 3026 916 εἶναι
3060 863 3160 934 τὴν
3191 863 3351 930 ἁγίαν
3377 862 3594 926 ἔνδοξον
3622 863 3854 933 Ἀειπαρ-

2309 951 2460 1005 θένον
2492 953 2728 1024 Μαρίαν.
2747 953 2845 1006 Διὰ
2866 952 3025 1006 τοῦτο
3047 954 3141 1006 καὶ
3168 954 3272 1025 πρὸ
3303 954 3398 1023 τῆς
3434 953 3755 1023 σαρκώσεως
3777 953 3856 1006 τοῦ

2305 1043 2440 1097 Θεοῦ
2467 1045 2640 1112 Λόγου
2672 1045 2764 1097 καὶ
2792 1046 2930 1115 μετὰ
2958 1046 3056 1114 τὴν
3087 1046 3249 1100 αὐτοῦ
3278 1046 3564 1115 σάρκωσιν
3586 1047 3727 1116 τρεῖς
3747 1044 3857 1096 ὕπο-

2310 1137 2528 1199 στάσεις
2562 1136 2810 1206 λέγομεν,
2845 1136 2938 1188 τοῦ
2972 1137 3205 1208 [ἰατρὸς.
3233 1138 3328 1190 καὶ
3354 1136 3452 1189 τοῦ
3488 1137 3641 1213 Υίοῦ,
3667 1137 3753 1188 καὶ
3780 1136 3882 1188 τοῦ

2309 1226 2465 1295 άγίου
2496 1227 2830 1298 Πνεύματος,
2857 1229 2957 1295 τῆς
2989 1229 3146 1295 ἁγίας
3177 1227 3405 1298 Τριάδος
3438 1227 3709 1296 τετάρτης
3745 1226 3859 1280 ὑπο·

2312 1319 2555 1382 στάσεως
2587 1319 2706 1389 ἦτοι
2749 1318 3040 1390 προσώπου
3072 1318 3390 1390 προσθήκην
3443 1317 3520 1388 μὴ
3567 1317 3857 1387 ὲπιδεξαμέε

2311 1427 2428 1481 νης.
2447 1411 2540 1463 Ἐκ
2567 1411 2772 1464 τούτων
2799 1411 2978 1465 τοίνυν
3006 1411 3219 1464 πάντων
3249 1410 3624 1478 διελέγχονται
3656 1409 3758 1460 οί⁸⁶
3787 1409 3859 1460 λέο

2313 1520 2501 1572 γοντες
2526 1503 2630 1573 πρὸ
2659 1503 2759 1573 τῆς
2787 1502 3031 1566 ὲνώσεως
3059 1502 3153 1555 δύο
3177 1501 3367 1572 φύσεις
3399 1501 3477 1563 ὡς
3511 1501 3858 1570 προϋποστάν-

2313 1611 2383 1648 τα
2409 1594 2656 1662 λέγουσιν
2681 1594 2770 1648 τὸν
2790 1595 2829 1626 θ’
2863 1594 3167 1670 ἄνθρωπον,
3192 1595 3282 1647 καὶ
3313 1593 3490 1657 οὕτως
3524 1592 3777 1661 ὲνωΘῆναι
3795 1593 3860 1663 τῷ

2317 1687 2435 1757 Θεῷ
2462 1687 2638 1757 Λόγῳ.
2663 1687 2804 1739 κατά
2831 1687 2931 1757 τὴν
2957 1684 3435 1756 μανίανΘεοδὼρου
3473 1685 3570 1738 καὶ
3595 1684 3857 1754 Νεστορίου

2316 1777 2421 1830 τῶν
2455 1777 2685 1843 ἀσεϐῶν,
2708 1779 2762 1830 οἵ
2785 1795 2842 1830 τε
2861 1778 2906 1809 ⁸³
2934 1777 3180 1844 λέγοντες
3209 1777 3283 1847 μὴ
3319 1776 3517 1846 χρῆναι
3557 1775 3726 1842 λέγειν
3747 1774 3862 1842 μετὰ

2314 1872 2412 1941 τὴν
2458 1870 2649 1922 ἕνωσιν
2676 1869 2768 1922 δύο
2797 1868 2987 1937 φύσεις
3019 1867 3110 1920 ἐπὶ
3142 1866 3404 1937 Χριστοῦ,
3433 1866 3572 1921 ἀλλά
3618 1865 3738 1934 μίαν
3775 1864 3859 1933 φύο

2317 1979 2400 2015 σιν
2419 1960 2467 1992 ”
2519 1963 2616 2014 καὶ
2669 1959 2968 2029 φαντασίαν
3022 1959 3354 2027 εἰσάγοντες,
3399 1955 3862 2010 κατάἊπολλινά-

2321 2069 2431 2124 ριον
2449 2051 2493 2083 ⁸⁵
2520 2053 2612 2104 καὶ
2655 2050 2898 2120 Εὐτυχέα
2922 2051 2966 2082 ⁸⁸
2993 2051 3118 2114 τοὺς
3167 2050 3407 2110 ἀσεϐεῖς.
3429 2047 3574 2101 Ἀλλ’
3605 2042 3738 2101 οὗτοι
3781 2046 3860 2116 μὲν

2316 2141 2510 2194 ταῦτα.
2542 2142 2603 2195 Ol
2633 2141 2687 2194 δὲ
2715 2141 2857 2208 ἆγιοι
2898 2140 3135 2211 Πατέρες
3165 2141 3303 2210 μετὰ
3340 2139 3441 2211 τὴν
3479 2138 3576 2191 τοῦ
3605 2138 3765 2205 Λόγου
3793 2139 3860 2189 Ev-

2318 2231 2668 2303 ανθρώπησιν
2709 2233 3091 2304 ,θεωρήσαντες
3139 2233 3207 2285 τὰ
3253 2231 3312 2299 ἐξ
3353 2226 3430 2285 ὧν
3459 2234 3489 2285 ὁ
3517 2230 3760 2301 Χριστὸς,
3784 2230 3859 2281 καὶ

2320 2327 2400 2380 ὅτι
2432 2325 2726 2396 άσύγχυτοι
2763 2327 3134 2396 μεμενήκασιν
3166 2327 3218 2378 αἱ
3252 2325 3468 2394 φύσεις,
3504 2323 3758 2394 ὀρθότατα
3782 2321 3862 2382 τὰς

2320 2414 2412 2467 δύο
2441 2415 2655 2484 φύσεις,
2683 2415 2782 2484 τήν
2813 2432 2869 2467 τε
2902 2415 3051 2468 θείαν
3079 2415 3171 2468 καὶ
3192 2414 3570 2484 ἀνθρωπίνην,
3596 2417 3652 2466 ὲν
3675 2411 3742 2480 τῷ
3761 2411 3864 2477 Χριο

2325 2506 2434 2577 στῷ
2463 2503 2598 2559 εἶναι
2632 2508 2937 2577 εἰρήκασιν.
2966 2505 3105 2559 υῦτε
3142 2507 3250 2578 γάρ
3286 2507 3392 2576 πρὸ
3422 2506 3523 2576 τῆς
3553 2503 3864 2572 ὲνανθρωπή-

2325 2615 2461 2660 σεως
2749 2596 2842 2649 δύο
2892 2595 3081 2665 φύσεις
3124 2592 3263 2667 ἦσαν
3311 2595 3406 2648 τοῦ
3453 2586 3677 2665 κυρίου,
3710 2589 3865 2645 ohe“

2329 2689 2465 2759 μετὰ
2493 2691 2592 2760 τὴν
2618 2687 3031 2758 ὲνανθρὼπησιν
3056 2691 3109 2741 αἱ
3134 2688 3226 2740 δύο
3258 2686 3356 2758 μία
3384 2689 3697 2757 γεγόνασιν,
3721 2685 3765 2738 εί
3790 2683 3866 2735 καὶ

652 2794 780 2838 ante
820 2785 1248 2840 incarnationem
1279 2787 1398 2840 dum
1433 2797 1639 2843 natura:
1671 2799 1824 2847 erant
1857 2787 2096 2864 Domini,
2122 2807 2226 2847 nec

652 2885 778 2946 post
806 2877 1233 2932 incarnationem
1258 2879 1378 2934 dua:
1406 2888 1612 2934 natura:
1636 2897 1740 2934 una
1762 2882 1914 2936 facta:
1937 2893 2086 2947 sunt,
2106 2885 2228 2939 licet

654 2967 710 3021 in
740 2984 844 3022 una
875 2969 1232 3023 subsistentia
1259 2980 1674 3038 cognoscantur.

2327 2781 2386 2833 ὲν
2421 2783 2518 2852 μιᾷ
2551 2781 2845 2834 ὑποστάσει
2874 2780 3255 2850 γνωρίζονται.

2253 3076 2298 3135 C

731 3164 751 3197 ι
788 3145 913 3200 llaec
941 3155 1119 3200 autem
1151 3157 1205 3200 et
1246 3161 1311 3201 ex
1347 3146 1544 3201 divinis
1577 3146 1896 3218 Scripturis,
1930 3158 1984 3204 et
2009 3149 2227 3205 Patrum

655 3237 900 3294 doctrina
931 3240 1127 3302 edocti,
1176 3239 1242 3293 ad
1287 3239 1600 3295 refutandus
1632 3257 1726 3295 eos
1758 3243 1849 3311 qui
1890 3244 2231 3310 confundunt

656 3340 714 3386 et
761 3330 1011 3386 dividunt
1049 3331 1245 3386 divina:
1281 3332 1699 3401 dispensationis
1745 3336 2082 3404 mysterium,
2115 3352 2230 3388 me-

658 3423 764 3477 rito
794 3423 1131 3493 scripsimus,
1165 3433 1220 3478 et
1270 3440 1378 3477 non
1409 3441 1472 3478 eo
1494 3426 1637 3494 quod
1673 3427 2008 3480 declaramus
2045 3443 2129 3489 ea,
2166 3442 2232 3481 ex

658 3514 856 3582 quibus
893 3524 997 3580 est,
1035 3524 1090 3568 et
1114 3515 1166 3567 in
1201 3515 1397 3584 quibus
1427 3518 1770 3586 cognoscitur
1798 3518 2066 3584 Christus,
2099 3534 2232 3572 con-

2405 3182 2423 3216 ι
2449 3162 2632 3217 Ταῦτα
2657 3161 2713 3215 δὲ
2744 3161 2840 3215 καὶ
2872 3163 2936 3214 ὲκ
2984 3160 3095 3215 τῶν
3128 3159 3288 3214 θείων
3315 3159 3551 3232 Γραφῶν
3584 3157 3676 3210 καὶ
3705 3155 3763 3208 ἐκ
3787 3155 3867 3222 τῆς

2329 3254 2437 3306 τῶν
2469 3254 2726 3325 Πατέρων
2763 3253 3109 3316 διδασκαλίας
3136 3251 3480 3323 διδαχθέντες
3514 3249 3646 3322 πρὸς
3673 3249 3867 3314 ἀνατρο-

2331 3346 2440 3418 πὴν
2489 3347 2598 3400 τῶν
2649 3347 2985 3415 συγχεόντων
3037 3341 3130 3399 καὶ
3173 3344 3482 3415 τεμνόντων
3530 3344 3590 3396 τὸ
3633 3344 3721 3410 τῆς
3749 3339 3869 3398 θείας

2331 3436 2639 3507 οἰκονομίας
2669 3438 2962 3506 μυστήριον
2995 3436 3216 3498 εἰκότως
3244 3435 3592 3505 ἐγράψαμεν,
3624 3433 3710 3485 καὶ
3733 3429 3784 3481 ού
3807 3425 3866 3495 τῷ

661 3605 929 3659 fusionem
965 3607 1049 3659 vel
1077 3608 1399 3661 divisionem
1446 3608 1644 3663 divina:
1684 3609 2069 3678 dispensationi
2103 3611 2236 3665 faci-

662 3711 806 3750 mus.
858 3698 1040 3766 Itaque
1085 3699 1527 3768 glorificationcm
1571 3710 1626 3754 et
1665 3702 1927 3755 unitionis
1969 3703 2236 3757 rationem

664 3788 1022 3858 proferentes,
1047 3807 1214 3843 unum
1241 3792 1516 3846 Christum
1549 3801 1603 3846 et
1635 3793 1826 3847 Filium
1847 3804 1900 3848 et
1927 3794 2235 3857 Dominum,

669 3879 904 3935 Verbum
957 3884 1048 3936 Dei
1084 3885 1418 3938 incarnatum
1451 3896 1504 3940 et
1539 3886 1812 3940 hominem
1856 3886 2054 3942 factum
2105 3903 2237 3942 con-

667 3973 904 4041 ﬁtemur,
937 3985 992 4029 et
1037 3978 1326 4030 adoramus
1357 3993 1478 4030 eum
1515 3977 1672 4032 Patre
1701 3988 1754 4032 et
1788 3978 1988 4048 Spiritu
2029 3991 2236 4035 sancto.

667 4063 796 4121 Haec
851 4068 919 4121 ita
973 4084 1094 4120 eum
1149 4069 1436 4122 universali
1493 4068 1587 4123 Dei
1632 4069 1884 4125 Ecclesia
1919 4072 2240 4127 confitentes

671 4153 1021 4226 [universalis
1058 4156 1118 4209 D.
1165 4155 1224 4210 Ε.
1275 4156 1609 4228 confitetur],
1661 4158 1801 4212 scire
1831 4158 2080 4213 volumus
2122 4175 2240 4214 om-

670 4263 770 4302 nes
822 4248 1182 4312 Christianos,
1213 4249 1356 4318 quod
1409 4249 1548 4304 sicut
1577 4267 1742 4304 unum
1776 4251 1940 4305 Deum
1971 4260 2025 4306 et
2061 4251 2243 4305 Domi-

673 4350 804 4394 nimt
841 4341 1125 4404 habemus,
1165 4341 1235 4394 ita
1269 4351 1324 4395 et
1369 4357 1532 4394 unam
1565 4341 1745 4396 fidem.
1785 4342 1900 4397 Una
1927 4343 2071 4397 enim
2107 4342 2244 4397 defi-

676 4433 811 4486 nitio
837 4433 957 4487 fidei
994 4442 1096 4495 est.
1134 4433 1380 4487 confiteri
1414 4446 1468 4489 et
1503 4443 1647 4490 recte
1676 4435 1973 4504 gloriﬁcare
2008 4435 2241 4501 Patrem,

677 4533 733 4576 et
764 4523 1039 4577 Christum
1083 4524 1274 4578 Filium
1311 4525 1428 4591 Dei,
1468 4534 1522 4579 et
1565 4527 1825 4596 Spiritum
1854 4537 2122 4581 sanctum.
2165 4527 2244 4583 ls-

681 4624 788 4666 tam
820 4615 1216 4670 confessionem
1246 4631 1655 4680 conservamus,
1699 4619 1751 4671 in
1782 4635 1884 4688 qua
1913 4630 1967 4672 et
1992 4620 2246 4694 baptizati

2335 3529 2652 3600 σαφηνίζειν
2687 3528 2730 3560 ⁸⁷
2762 3529 2828 3580 τα
2861 3529 2918 3594 ἐξ
2948 3523 3022 3582 ὧν
3058 3531 3172 3580 ἐστι
3201 3530 3293 3581 καὶ
3321 3530 3377 3581 ὲν
3402 3524 3486 3591 οἷς
3523 3523 3822 3594 γνωρίζεται
3848 3520 3870 3570 ὁ

2333 3621 2568 3693 Χριστὸς
2620 3620 2877 3691 σύγχυσιν
2922 3621 2954 3692 ἢ
3011 3619 3273 3687 διαίρεσιν
3321 3626 3387 3690 τῇ
3452 3619 3573 3687 θεία
3630 3610 3869 3681 οἰκονομίᾳ

2335 3711 2646 3778 εἰσάγομεν.
2702 3710 2915 3780 Ἀμέλει
2949 3709 3253 3776 δοξολογίαν
3279 3709 3370 3761 καὶ
3401 3709 3494 3760 τὸν
3522 3709 3617 3776 τῆς
3659 3703 3869 3761 ὲνὼσεως

2336 3797 2490 3866 λόγον
2513 3797 2923 3867 προφέροντες⁸⁸
2949 3796 3044 3849 ἕνα
3071 3796 3300 3868 Χριστὸν
3323 3797 3416 3849 καὶ
3436 3795 3566 3848 Υίὸν
3591 3795 3680 3845 καὶ
3699 3788 3867 3857 Κύριον

2336 3891 2425 3943 τὸν
2459 3889 2550 3942 τοῦ
2573 3888 2707 3942 Θεοῦ
2753 3889 2923 3956 Λόγον
2979 3887 3394 3959 σεσαρκωμένον
3425 3888 3520 3941 καὶ
3549 3877 3862 3951 ἐνανθρωπή-

2341 3999 2507 4035 σαντα
2547 3980 2945 4050 ὑμνολογοῦμέν
2989 3998 3050 4032 τε
3099 3979 3192 4031 καὶ
3240 3976 3650 4048 προσκυνοῦμεν
3691 3972 3774 4023 σὺν
3809 3964 3868 4034 τῷ

2340 4077 2517 4147 Πατρὶ
2547 4075 2640 4128 καὶ
2668 4075 2743 4144 τῷ
2770 4075 2910 4144 ἁγίῳ
2928 4073 3225 4143 ῐΙνεύματι.
3247 4070 3464 4124 Τούτων
3491 4069 3656 4128 οὕτως
3678 4063 3769 4117 ὑπὸ
3792 4059 3869 4126 τῆς

2340 4167 2434 4220 τοῦ
2481 4167 2616 4220 Θεοῦ
2659 4167 2702 4198 ⁸⁸
2744 4165 3038 4234 καθολικῆς
3091 4163 3414 4233 Ἐκκλησίας
3446 4153 3866 4232 ὁμολογουμένων,

2341 4244 2631 4329 γινώσκειν
2671 4259 2968 4330 βουλόμεθα
3007 4258 3212 4319 πάντας
3259 4256 3387 4318 τοὺς
3438 4248 3776 4324 Χριστιανοὺς
3806 4241 3868 4293 ὄτι

2344 4353 2534 4424 ὥσπερ
2563 4353 2658 4405 ἕνα
2684 4352 2816 4405 Θεὸν
2855 4352 2949 4404 καὶ
2982 4349 3183 4420 Κύριον
3216 4348 3432 4418 ἔχομεν,
3475 4344 3614 4398 οὕτω
3644 4339 3730 4391 καὶ
3767 4333 3869 4424 uilli

2346 4446 2547 4498 πίστιν.
2575 4438 2668 4504 Εἷς
2688 4443 2796 4513 γάρ
2831 4443 2977 4493 ἐστιν
3000 4441 3122 4512 ὅρος
3157 4439 3393 4499 πίστεως
3418 4436 3479 4488 τὸ
3508 4428 3768 4504 ὁμολογεῖν
3793 4418 3868 4517 καί

2342 4536 2516 4606 ὀρθῶς
2549 4534 2791 4599 δοξάζειν
2826 4533 3041 4601 Πατέρα
3075 4531 3169 4584 καὶ
3227 4528 3461 4600 Χριστὸν
3506 4527 3593 4579 τὸν
3645 4520 3757 4606 Υίδν
3792 4526 3866 4562 του

2344 4605 2478 4674 Θεοῦ
2513 4623 2607 4673 καὶ
2638 4621 2789 4687 ἆγιον
2825 4617 3067 4688 Πνεῦμα.
3105 4618 3148 4669 Τ
3152 4617 3320 4686 αύτην
3349 4617 3450 4684 τὴν
3493 4605 3760 4680 ὁμολογίαν
3788 4613 3867 4664 φο·

679 4720 890 4768 sumus,
931 4708 1182 4762 donatam
1210 4709 1427 4778 quidem
1458 4724 1487 4761 a
1520 4726 1712 4780 magno
1749 4710 1854 4764 Deo
1885 4721 1939 4764 et
1974 4708 2222 4765 Salvatorl

2344 4715 2646 4783 λάττομεν,
2695 4714 2773 4774 είς
2817 4712 2883 4782 ἣν
2936 4712 3031 4762 καὶ
3089 4707 3526 4777 ἐϐαπτίσθημεν,
3581 4693 3868 4791 δωρηθεῖσξιν

681 4807 869 4852 nostro
913 4798 1038 4854 Jesu
1078 4803 1291 4856 Christo
1342 4803 1541 4856 sanctis
1587 4803 1700 4856 suis
1742 4803 2019 4872 discipulis
2047 4813 2220 4874 etapo

2353 4803 2449 4873 μὲν
2502 4803 2652 4872 παρὰ
2699 4800 2792 4854 τοῦ
2840 4799 3076 4870 μεγάλου
3130 4799 3266 4852 Θεοῦ
3326 4799 3418 4852 καὶ
3467 4795 3699 4862 Σωτῆρος
3741 4787 3865 4874 illm?

682 4889 854 4953 stolis,
903 4892 970 4945 ab
1023 4893 1102 4947 eis
1157 4903 1336 4947 autem
1387 4894 1728 4963 pra-dicatam
1775 4897 1826 4948 in
1883 4904 1993 4949 toto
2028 4898 2222 4951 mundo

2353 4865 2537 4964 ’Ἰησοῦ
2585 4865 2853 4964 *Χριστοῦ*
2889 4865 3002 4954 τοῖς
3057 4891 3232 4958 ἁγίοις
3289 4888 3452 4943 αὐτοῦ
3509 4880 3754 4957 μαθηταῖς
3794 4865 3868 4968 κίξὶ

685 4979 938 5036 Trecenti
967 4993 1147 5038 autem
1179 4987 1364 5040 decem
1391 4995 1444 5040 et
1470 4997 1594 5041 octo
1629 4988 1797 5041 sancti
1828 4987 2012 5042 Patres
2040 4989 2222 5043 collect

2351 4987 2686 5048 ἀποστόλοις,
2712 4985 2843 5055 παρ’
2873 4982 3050 5036 αὐτῶν
3089 4983 3146 5034 δὲ
3185 4979 3549 5052 κηρυχθεῖσαν
3589 4977 3643 5027 ὲν
3676 4969 3768 5034 ὅλῳ
3794 4975 3855 5025 τῳ

687 5072 942 5129 ἱηΝἰειειι
979 5077 1239 5131 adversus
1295 5080 1506 5144 Arium,
1552 5080 1643 5133 illo
1675 5096 1799 5134 cum
1841 5097 1938 5135 sua
1978 5083 2222 5151 impietat

2352 5081 2561 5150 κόσμῳ.
2605 5080 2666 5130 Οἱ
2694 5077 2750 5129 δὲ
2791 5082 2857 5128 τι,
2886 5076 2979 5127 καὶ
3012 5073 3061 5144 η’
3084 5074 3130 5106 so
3164 5074 3307 5140 ἅγιοι
3339 5073 3384 5106 st
3417 5069 3647 5137 Πατὲρες
3679 5063 3723 5115 οἱ
3752 5069 3866 5155 Δσυν-

687 5167 1062 5236 condemnato,
1097 5173 1342 5227 eamdem
1394 5173 1830 5238 confessionem,
1870 5175 1922 5229 id
1975 5185 2078 5239 est,
2127 5192 2222 5230 san

2353 5149 2607 5244 αχθέντες
2638 5169 2909 5239 ὲνΝικαίᾳ
2930 5166 3315 5236 κατὰἈρείου,
3343 5165 3438 5219 καὶ
3456 5161 3634 5216 τοῦτον
3654 5149 3775 5227 μετὰ
3787 5149 3863 5210 τῆς

1973 5353 2204 5411 νΑιιιίΕ
2246 5351 2628 5410 LECTIONES

810 5499 860 5530 ⁸⁸
891 5499 942 5572 οἳ
974 5515 1083 5552 om.
1117 5497 1184 5572 ιζ.
1247 5568 1258 5572 _
1281 5497 1323 5529 ⁸¹
1354 5499 1581 5572 clavom.
1611 5501 1670 5558 P.
1767 5504 1812 5534 θ’
1839 5505 1887 5556 οἱ
1917 5503 1974 5558 δὲ
2003 5502 2112 5559 PV.
2204 5503 2250 5534 ⁸³
2280 5504 2460 5572 φύσιν.
2493 5503 2750 5570 σύγχυσιν
2769 5499 2831 5572 P.
2891 5566 2902 5572 _
2926 5496 2973 5527 "‘
3007 5494 3373 5572 Ἀπῡλινάειρν
3399 5496 3503 5572 PV.
3649 5475 3862 5572 Εξδξξδζξδξ

693 5540 1109 5642 Εὐτυχὲῗτάἲδά.
1133 5540 1307 5642 Vatjg.
1341 5540 2155 5642 tu:vindica.excerptaulacetit.
2189 5540 2519 5628 Νοιῖἶίίίιῖίιξ
2531 5540 2742 5642 ἶέέιιῖηι
2767 5566 3050 5642 Εὑτύχητα
3067 5581 3232 5642 quam
3263 5540 3524 5642 ἓὺτυχέα.
3559 5634 3571 5642 _
3591 5561 3635 5594 “

693 5640 743 5670 ⁸⁷
772 5623 914 5762 obito
943 5636 1296 5712 σαφηνίζειν.
1372 5639 1418 5674 ⁸⁸
1449 5623 2584 5715 λόγοιὶ⁷δέῖι⁷ῥᾶῥέρῶὶέξἰ)
2612 5639 2745 5693 Θεοῦ
2768 5654 2876 5693 om.
2907 5623 2978 5693 βξ
3037 5623 3159 5690 ’θ’τ’
3203 5639 3296 5693 καὶ
3338 5623 3477 5711 ιη”Ῥ
3501 5634 3621 5692 sola.
3688 5623 3726 5658 ⁸⁸
3749 5623 3862 5686 ἅγιοι

695 5724 806 5764 om.
883 5748 896 5763 .

1281 5497 1323 5529 ⁸¹
1354 5499 1442 5552 τὸν
1471 5517 1581 5556 om.
1611 5501 1670 5558 P.
1767 5504 1812 5534 θ’
1839 5505 1887 5556 οἱ
1917 5503 1974 5558 δὲ
2003 5502 2112 5559 PV.
2204 5503 2250 5534 ⁸³
2280 5504 2460 5567 φύσιν.
2493 5503 2750 5567 σύγχυσιν
2770 5499 2831 5550 Ρ.
2895 5566 2898 5567 ν
2926 5496 2973 5527 ⁸⁵
3007 5494 3373 5567 Ἀπολινάριον
3399 5496 3503 5552 PV.
