4096 6296
243 316 351 382 925

1419 313 1849 383 CHRONICON
1905 323 2306 385 PASCHALE.

3367 324 3472 389 926

243 432 414 486 αὐτοῦ
436 432 686 498 ἀσεϐείας
711 430 1188 497 καταδικάσαντες,
1209 433 1308 503 τὴν
1319 433 1486 505 αὐτὴν
1513 435 1798 506 ὁμολογίαν

1924 447 2046 490 :tum
2068 437 2333 491 Mathema
2357 443 2411 489 et
2439 434 2750 506 Symbolum
2772 435 2892 490 ﬁdei
2918 435 3253 490 tradiderunt
3273 447 3473 492 sancta:

241 523 366 594 ἤτοι
393 526 439 556 ⁸³
470 524 738 592 σύμϐολον
785 524 876 576 καὶ
915 521 1145 592 μάθημα
1184 524 1283 592 τῆς
1309 525 1542 589 πίστεως
1573 524 1806 595 παραδε-

241 615 450 668 δώκασι
479 617 544 686 τῇ
581 615 710 685 ἁγίᾳ
736 615 829 669 τοῦ
866 615 1001 668 Θεοῦ
1049 615 1356 686 Ἐκκλησία,
1383 617 1487 669 ικαὶ
1519 617 1633 686 μετ’
1669 617 1810 669 ὲκεί-

245 722 372 768 νους
403 706 457 757 οἱ
501 711 574 776 ρν¹
611 705 754 774 ἅγιοι
784 705 1029 777 Πατέρες
1073 708 1124 760 oi
1168 709 1524 779 συναχθέντες
1565 711 1624 762 ἐν
1659 709 1811 762 Κων-

183 850 188 854 ,
248 796 689 849 σταντινουπόλει
743 798 885 851 κατὰ
951 797 1280 851 Μακεδονίου
1347 798 1442 851 τοῦ
1508 816 1812 870 πνευματο-

251 888 431 957 μὰχου
459 889 554 939 καὶ
578 887 800 956 Μάγνου
826 887 918 941 τοῦ
935 879 1460 960 ⁶Λπολλιναριστοῦ⁹³
1479 890 1570 942 καὶ⁵
1592 889 1814 954 τούτους

246 979 718 1043 καταδικάσαντες
753 980 890 1050 μετὰ
924 983 1022 1050 τῆς
1062 981 1241 1034 αὐτῶν
1278 965 1551 1045 ἀσεϐείας,
1588 981 1814 1034 ἀκολου-

249 1072 472 1134 θοῦντές
504 1089 562 1125 τε
587 1073 725 1125 κατὰ
763 1073 940 1126 πάντα
978 1072 1054 1143 τῷ
1083 1074 1230 1143 αύτῷ
1271 1074 1411 1145 ἁγίῳ
1445 1074 1698 1144 συμϐόλῳ
1737 1073 1815 1144 τῷ

247 1164 405 1234 παρὰ
451 1164 560 1216 τῶν
596 1171 704 1234 τιη¹
743 1164 916 1232 ἁγίων
947 1165 1204 1236 Πατέρων
1241 1165 1622 1236 παραδοθέντι,
1654 1166 1816 1234 ἐτρά-

248 1271 436 1308 νωσαν
474 1254 543 1308 τὰ
573 1255 702 1324 περὶ
723 1254 770 1285 ⁸⁸
795 1253 897 1322 τῆς
931 1253 1185 1322 θεότητος
1225 1253 1318 1306 τοῦ
1359 1254 1515 1322 ἁγίου
1563 1252 1816 1322 Πνεῦμα-

248 1364 361 1410 τος.
399 1347 521 1399 Ἔτι
549 1346 720 1400 δὲκαὶ
759 1347 806 1398 οἱ
847 1347 905 1398 έν
943 1344 1153 1415 Ἐφέσῳ
1195 1344 1550 1414 συναχθέντες
1585 1343 1646 1396 τὸ
1687 1342 1818 1413 πρό-

250 1454 414 1508 τερον
430 1436 576 1504 ἆγιοι
617 1433 663 1469 ³⁵
711 1436 949 1504 Πατέρες
989 1434 1129 1487 κατὰ
1171 1433 1465 1504 Νεστορίου
1510 1432 1603 1486 τοῦ
1630 1433 1821 1486 δυσσε-

253 1527 385 1587 ϐοῦς
413 1527 507 1580 καὶ
528 1528 576 1579 oi
617 1528 676 1580 ὲν
705 1526 1008 1597 Χαλκηδόνι
1037 1526 1183 1592 ἆγιοι
1214 1525 1454 1595 Πατέρες
1477 1525 1616 1578 κατὰ
1653 1525 1822 1595 Εὐτυ-

254 1618 388 1688 χοῦς
424 1619 519 1672 τοῦ
547 1618 859 1682 δυσσεϐοῦς,
892 1618 1349 1687 ἀκολουθήσαντες
1380 1618 1518 1671 κατὰ
1548 1618 1724 1671 πάντα
1743 1616 1822 1687 τῷ

255 1711 533 1781 εἰρημένῳ
559 1711 698 1780 ἁγίῳ
714 1710 965 1781 συμϐόλῳ
993 1713 1110 1782 ἤτοι
1143 1711 1426 1780 μαθήματι
1443 1712 1540 1780 τῆς
1565 1711 1817 1774 πίστεως,

1909 524 2003 578 Dei
2040 525 2330 589 Ecclesiae;
2368 533 2423 577 et
2474 533 2598 592 post
2645 525 2784 587 illos,
2836 533 3053 577 centum
3087 525 3471 595 quinquaginta

1909 616 2079 670 sancti
2105 615 2292 670 Patres
2339 614 2810 682 Constantinopoli
2843 614 3049 668 collecti
3081 615 3337 670 adversus
3361 616 3471 671 Ma—

1909 707 2196 761 cedonium
2233 717 2420 762 sancto
2449 707 2672 776 Spiritui
2705 717 3112 776 repugnantem,
3146 715 3199 760 et
3225 707 3473 775 Magnum

1910 798 2371 867 Apollinaristam,
2413 798 2518 851 illis
2562 797 2936 851 condemnatis
2959 813 3080 850 cmn
3111 813 3204 851 sua
3229 799 3474 868 perﬁdia,

1911 891 2082 944 secuti
2113 905 2208 959 per
2231 892 2409 944 omnia
2441 891 2581 944 idem
2611 899 2856 944 sanctum
2881 890 3190 960 Symbolum
3218 892 3474 946 traditum

1911 999 1940 1037 a
1973 984 2228 1038 trecentis
2251 984 2434 1038 decem
2462 993 2516 1038 et
2546 993 2670 1038 octo
2698 984 2900 1037 sanctis
2922 984 3191 1050 Patribus,
3219 984 3478 1054 explana-

1912 1086 2111 1130 verunt
2136 1092 2255 1146 quae
2278 1085 2405 1130 sunt
2433 1075 2573 1148 [quae
2599 1085 2725 1129 sunt
2753 1077 2953 1140 desunt,
2985 1087 3032 1129 et
3061 1077 3204 1146 apud
3235 1076 3474 1149 Leuucl.]

1914 1167 1982 1222 de
2053 1167 2253 1221 deitate
2308 1167 2480 1220 sancti
2529 1166 2784 1236 Spiritus.
2832 1167 3056 1236 lnSuper
3089 1175 3268 1220 autem
3305 1175 3354 1220 et
3387 1167 3478 1236 qui

1915 1261 1973 1314 iu
2002 1260 2216 1328 Epheso
2261 1259 2409 1328 prius
2441 1241 2652 1313 collecti
2697 1268 2823 1313 sunt
2870 1259 3038 1312 sancti
3073 1259 3255 1313 Patres
3285 1259 3480 1313 adver-

1916 1366 2009 1404 sus
2040 1351 2348 1404 Nestorium
2389 1349 2631 1419 impium,
2669 1357 2723 1404 et
2752 1350 2842 1419 qui
2881 1350 2932 1402 in
2972 1350 3312 1404 Chalcedone
3346 1365 3480 1403 con-

1917 1451 2189 1497 venerunt
2225 1443 2393 1496 sancti
2447 1442 2630 1496 Patres
2676 1443 2936 1496 adversus
2969 1443 3263 1512 Eutychem
3292 1441 3482 1513 [Euty-

1918 1551 2038 1589 cen.
2077 1535 2152 1588 sic
2180 1533 2326 1606 alibi]
2352 1534 2592 1603 impium,
2625 1534 2794 1588 secuti
2825 1550 2920 1603 per
2952 1534 3132 1588 omnia
3166 1535 3481 1604 praedictum

1919 1637 2163 1682 sanctum
2215 1626 2525 1698 Symbolum
2580 1628 2694 1681 sive
2737 1626 3003 1680 Mathema
3039 1626 3184 1688 ﬁdei,
3223 1626 3483 1680 condem-

1921 1728 2189 1774 naverunt
2233 1719 2517 1788 praedictos
2553 1717 2833 1772 luereticos
2866 1734 2969 1771 una
3005 1733 3128 1771 cum
3159 1732 3345 1772 eorum
3380 1716 3485 1769 im-

255 1801 617 1853 κατεδίκασαν
640 1801 766 1862 τοὺς
791 1801 1220 1876 προειρημένους
1233 1803 1540 1872 αίρετικοὺς
1557 1801 1696 1870 μετὰ
1722 1801 1819 1869 τῆς

1924 1813 2141 1880 pietate.
2177 1787 2244 1865 et
2262 1812 2382 1881 host
2399 1810 2477 1882 [et
2521 1810 2624 1880 bis]
2657 1810 2750 1880 qui
2785 1810 2982 1865 similia
3026 1810 3134 1864 illis
3165 1817 3480 1878 sapuerunt,

254 1891 442 1945 αὐτῶν
468 1891 724 1955 ἀσεϐείας
753 1895 848 1946 καὶ
879 1894 984 1947 τῶν
1015 1894 1084 1948 τὰ
1125 1894 1288 1964 ὅμοια
1310 1895 1492 1959 αὐτοῖς
1521 1893 1823 1965 φρονησάν-

253 2002 366 2038 των
396 1983 430 2054 ἥ
468 1985 835 2056 φρονούντων.

335 2078 479 2132 «Καὶ
501 2077 637 2147 πρὸς
681 2078 892 2140 τούτοις
923 2076 1316 2148 ἀνεθεμάτισαν
1339 2079 1466 2143 τοὺς
1485 2079 1668 2148 ἕτερον
1699 2079 1823 2150 ὅρον

253 2170 496 2233 πίστεως
539 2170 657 2240 ἦτοι
685 2169 957 2246 Σύμϐολον
1003 2171 1096 2223 καὶ
1135 2171 1383 2241 Μάθημα
1435 2172 1824 2244 παραδιδόντας

252 2263 370 2323 τοῖς
403 2260 721 2329 προσιοῦσιν
759 2260 837 2332 τῷ
883 2262 1022 2332 ἁγίῳ
1051 2262 1396 2340 ¹βαπτίσματι
1429 2262 1460 2333 ἢ
1511 2264 1568 2328 ἐξ
1608 2263 1723 2325 οἵας
1759 2263 1821 2333 δή

254 2369 389 2404 ποτε
425 2353 470 2384 ³⁵
505 2351 770 2423 αἱρέσεως
818 2353 1202 2421 ἐπιστρέφουσι
1255 2352 1406 2421 παρὰ
1451 2352 1542 2404 τὸν
1589 2352 1825 2422 παραδο-

255 2444 441 2509 θέντα,
483 2444 558 2506 ὡς
580 2443 817 2514 εἴρηται,
853 2444 956 2496 ὑπὸ
983 2444 1087 2496 τῶν
1115 2451 1180 2496 τι¹
1213 2445 1304 2496 καὶ
1327 2445 1376 2516 η’
1394 2445 1437 2476 ³⁷
1475 2446 1641 2513 ἁγίων
1663 2444 1826 2515 359

255 2537 520 2607 Πατέρων
565 2536 660 2589 καὶ
707 2535 1048 2606 τρανωθέντα
1078 2535 1180 2588 ὑπὸ
1229 2536 1334 2589 τῶν
1395 2534 1467 2606 ρν¹
1497 2538 1666 2605 ἁγίων
1715 2539 1825 2591 [Ια-

252 2629 451 2698 τέρων.
1405 2640 1424 2658 δ

336 2738 356 2770 ι
385 2717 604 2771 Τούτων
648 2717 819 2779 οὕτως
845 2720 1076 2787 ἐχόντων
1107 2721 1423 2790 συνείδαμεν
1455 2723 1504 2754 ³⁸
1525 2722 1618 2774 καὶ
1653 2721 1826 2791 κεφά-

255 2813 384 2865 λαια
422 2809 718 2875 ὑποτάξαι,
747 2812 847 2881 τήν
869 2828 928 2863 τε
953 2812 1050 2882 τῆς
1079 2813 1244 2883 ὀρθῆς
1276 2815 1507 2876 πίστεως
1539 2814 1828 2883 ὁμολογίαν

255 2907 318 2958 ὲν
349 2903 601 2973 συντόμῳ
644 2903 744 2974 τήν
784 2919 842 2955 τε
884 2903 991 2956 τῶν
1037 2906 1081 2936 ⁸⁵
1116 2905 1404 2975 αἱρετικῶν
1453 2906 1773 2976 κατάκρισιν
1807 2905 1824 2936 ¹

255 2997 606 3068 περιέχοντα.
682 3003 686 3006 ’

331 3107 352 3139 ι
380 3089 449 3141 Εἰ
470 3104 553 3150 τις
577 3087 710 3156 οὐχ’
740 3087 993 3158 ὁμολογεῖ
1023 3088 1234 3160 Πατέρα
1257 3090 1351 3143 καὶ
1388 3090 1516 3142 Υἱδν
1547 3091 1641 3144 καὶ
1671 3090 1822 3158 ἁγιον
1853 3121 1896 3178 c

255 3179 505 3249 Πνεῦμα,
561 3180 769 3249 Τριάδα
830 3179 1134 3252 όμοούσιον,
1184 3182 1315 3252 μίαν
1361 3181 1610 3254 θεότητα,
1659 3184 1824 3254 ἠγουν

255 3272 426 3340 φύσιν
469 3272 564 3325 καὶ
601 3272 808 3336 οὐσίαν,
849 3274 980 3343 μίαν
1009 3291 1069 3326 τε
1103 3275 1330 3344 δύναμιν
1361 3277 1454 3327 καὶ
1495 3276 1744 3341 ἐξουσίαν·
1769 3277 1826 3329 ἐν

255 3364 438 3435 τρισὶν
470 3363 834 3416 ύποστάσεσιν
855 3405 870 3427 ,
914 3364 1081 3433 1ἤγουν
1127 3360 1458 3434 προσώποις,
1493 3383 1826 3437 προσκυνου-

260 3453 454 3524 μένην,
486 3453 516 3504 ὁ
537 3453 775 3515 τοιοῦτος
803 3454 1046 3525 ἀνάθεμα
1075 3455 1235 3509 ἔστω.

334 3546 436 3598 «Et
453 3563 539 3608 τις
559 3546 657 3616 οὐχ
682 3546 932 3616 ὁμολογεῖ
968 3549 1059 3600 τὸν
1097 3549 1204 3618 πρὸ
1233 3548 1442 3602 αἰώνων
1473 3552 1565 3604 καὶ
1587 3550 1828 3622 ἁχρόνως

256 3637 323 3690 ἐκ
351 3635 451 3690 τοῦ
486 3637 700 3708 Πατρὸς
737 3637 1067 3707 γεννηθέντα
1098 3638 1229 3692 Θεὸν
1260 3642 1451 3708 Λόγον,
1473 3643 1557 3694 ἐπ’
1587 3643 1829 3711 ἐσχάτων

254 3725 368 3779 τῶν
387 3727 614 3796 ἡμερῶν
646 3725 995 3796 σαρκωθέντα
1027 3729 1090 3779 ὲκ
1123 3730 1222 3798 τῆς
1263 3731 1418 3797 ἁγίας
1446 3731 1706 3784 Θεοτόκου
1738 3731 1830 3784 καὶ

267 3816 656 3891 ’Δειπαρθένου
682 3818 899 3883 Μαρίας
941 3821 1034 3873 καὶ
1054 3820 1337 3890 ἄνθρωπον
1369 3822 1674 3891 γενόμενον.
1704 3839 1830 3890 γεν-

257 3908 491 3977 νηθέντα
533 3908 594 3973 ἐξ
631 3909 823 3979 αὐτῆς,
865 3911 960 3964 καὶ
999 3910 1088 3963 διὰ
1128 3911 1288 3964 τοῦτο
1335 3911 1428 3964 τοῦ
1466 3911 1630 3964 αὑτοῦ
1656 3912 1831 3965 Θεοῦ³

256 4002 432 4070 Λόγου
453 3996 607 4075 ἐἶναι
641 4002 742 4066 τὰς
786 4003 878 4056 δύο
905 4005 1206 4074 γεννήσεις,
1254 4006 1353 4073 τήν
1387 4021 1446 4056 τε
1487 4004 1592 4072 πρὸ
1622 4003 1832 4058 αἰώνων

257 4091 570 4163 ἁσωμάτως
605 4093 698 4145 καὶ
724 4092 823 4163 τὴν
865 4094 950 4146 ἐπ’
987 4094 1232 4162 ἐσχάτων
1272 4093 1380 4146 τῶν
1422 4093 1645 4162 ἡμερῶν
1693 4093 1835 4147 κατὰ

263 4185 468 4258 σάρκα,
504 4187 534 4240 ὁ
558 4185 798 4250 τοιοῦτος
815 4187 1062 4258 ἀνάθεμα
1081 4186 1239 4240 ἔστω.

335 4472 355 4504 ι
381 4453 450 4506 Et
473 4468 558 4514 τις
574 4450 722 4520 λέγει
752 4451 907 4506 ἁλλον
931 4446 1068 4506 εῖναι
1092 4453 1183 4506 τὸν
1217 4452 1348 4507 Θεὸν
1377 4453 1546 4523 Λόγον
1577 4455 1668 4508 τὸν
1717 4451 1837 4508 θαυο
1869 4451 1911 4507 D

269 4547 729 4616 ματουργήσαντα
750 4545 844 4597 καὶ
880 4544 1036 4598 ἄλλον
1057 4545 1148 4598 τὸν
1182 4547 1416 4617 Χριστὸν
1445 4547 1537 4600 τὸν
1570 4547 1833 4611 παθόντα,

265 4635 298 4706 ἢ
329 4634 597 4688 τὸν-Θεὸν
627 4635 798 4703 Λόγον
834 4639 1071 4689 συνεῖναι
1109 4636 1258 4704 λέγει
1293 4637 1370 4708 τῷ
1401 4638 1640 4709 Χριστῷ,
1683 4655 1836 4706 γενο-

270 4725 413 4796 μένῳ
447 4726 514 4777 ὲκ
552 4726 835 4791 γυναικὸς,
877 4725 911 4796 ἢ
971 4727 1028 4778 ὲν
1072 4727 1222 4797 αὐτῷ
1277 4723 1419 4780 εἶναι
1464 4728 1538 4790 ὼς
1583 4727 1740 4781 ἄλλον
1777 4729 1836 4780 ὲν

268 4817 429 4888 ἁλλῳ,
466 4816 580 4871 ἀλλ’
627 4818 747 4888 οὐχὶ
777 4818 871 4870 ἕνα
917 4819 1012 4871 καὶ⁵
1039 4819 1062 4849 δ
1099 4819 1190 4871 τὸν
1225 4819 1383 4872 αὑτὸν
1430 4819 1634 4891 Κύριον
1680 4819 1836 4890 ἡμῶν

268 4907 473 4977 Ἰησοῦν
497 4909 730 4979 Χριστὸν
769 4909 858 4962 τὸν
879 4909 971 4962 τοῦ
1006 4910 1140 4962 Θεοῦ
1171 4910 1340 4978 Λόγον
1365 4912 1712 4982 σαρκωθέντα
1742 4913 1837 4964 καὶ

271 5000 784 5072 ὲνανθρωπήσαντα,
817 5003 908 5055 καὶ
941 5001 1034 5055 τοῦ
1060 5002 1222 5055 αὑτοῦ
1261 5003 1328 5056 τά
1371 5020 1430 5054 τε
1472 5003 1725 5073 θαύματα
1747 5005 1840 5056 καὶ

272 5095 338 5146 τὰ
375 5095 545 5165 πάθη,
575 5095 714 5167 ἁπερ
747 5096 1007 5159 ἑκουσίως
1045 5095 1308 5164 ὑπέμεινε
1341 5097 1524 5166 σαρκὶ,
1555 5098 1582 5149 ὁ
1603 5095 1841 5160 τοιοῦτος

274 5186 516 5258 ἀνάθεμα
541 5187 698 5241 ἔστω.

349 5281 445 5332 «Et
473 5298 554 5343 τις
584 5281 730 5349 λέγει
763 5281 901 5334 κατὰ
923 5282 1100 5352 χάριν,
1134 5279 1167 5350 ἥ
1197 5280 1316 5334 κατ’
1338 5280 1635 5352 ἐνέργειαν,
1665 5281 1840 5352 ῆ,,κατ’

293 5367 447 5437 ᾶξὶαν,
481 5372 515 5442 ἦ
548 5375 667 5425 κατ’
698 5374 986 5444 ἰσοτιμίαν,
1026 5372 1202 5444 ἢκατ¹
1225 5373 1530 5440 αὑθεντίαν,
1569 5372 1602 5443 ἢ
1641 5374 1842 5442 ἀναφο-

1921 1904 2006 1958 vel
2033 1904 2271 1972 sapiunt.

1998 2104 2014 2136 ι
2051 2083 2114 2138 Et
2141 2099 2304 2152 super
2323 2084 2436 2138 haec
2457 2080 3052 2138 anathematizaverunt
3074 2099 3186 2148 eos,
3211 2082 3301 2152 qui
3326 2083 3484 2137 aliam

1922 2171 2294 2226 deﬁnitionem
2345 2171 2500 2234 ﬁdei,
2553 2171 2666 2225 sive
2705 2170 3039 2241 Symbolum,
3078 2171 3190 2225 sive
3221 2170 3487 2224 Mathema

1907 2265 2145 2318 [tradunt
2189 2263 2572 2318 accedentibus
2608 2264 2672 2317 ad
2705 2274 2949 2318 sanctum
2992 2262 3279 2332 baptisma,
3310 2262 3393 2317 vel
3421 2277 3487 2316 ex

1923 2371 2242 2426 quacunque
2273 2357 2462 2410 haeresi
2501 2356 2796 2415 conversis.
2822 2365 3016 2424 praeter
3046 2355 3297 2410 traditum
3327 2355 3490 2423 (sicut

1923 2449 2124 2502 dictum
2155 2451 2258 2516 est)
2297 2464 2326 2501 a
2368 2447 2625 2501 trecentis
2662 2447 2848 2502 decem
2898 2456 2953 2500 et
2982 2456 3105 2500 octo
3146 2447 3347 2500 sanctis
3388 2446 3488 2499 Pa-

1926 2541 2116 2604 tribus,
2143 2550 2194 2594 et
2225 2541 2567 2609 explanatum
2617 2556 2646 2594 a
2688 2549 2907 2594 centum
2945 2539 3335 2609 quinquaginta
3364 2553 3491 2592 san-

1925 2633 2025 2687 ctis
2043 2633 2320 2686 Patribus.

2002 2745 2020 2777 ι
2060 2725 2152 2779 llis
2192 2726 2261 2779 ita
2296 2741 2354 2778 se
2397 2725 2744 2788 habentibus,
2782 2722 3157 2793 perspeximus
3184 2733 3238 2776 et
3260 2721 3492 2792 capitula

1925 2831 2255 2887 supponere,
2313 2799 2513 2887 quibus
2567 2827 2673 2870 tam
2738 2826 2897 2870 recta:
2927 2815 3049 2870 ﬁdei
3110 2813 3492 2883 compendiosa

1926 2911 2216 2976 confessio,
2259 2927 2420 2980 quam
2467 2910 2842 2964 haereticorum
2893 2906 3273 2962 condeumatio
3317 2905 3495 2962 conti-

1926 3011 2105 3055 netur.

2005 3111 2023 3141 σ
2061 3089 2100 3144 l.
2135 3089 2189 3144 Si
2224 3091 2346 3159 quis
2370 3105 2480 3143 non
2510 3089 2797 3143 conﬁtetur
2827 3087 3059 3148 Patrem,
3093 3096 3148 3140 et
3175 3085 3368 3140 Filium
3389 3128 3404 3148 .
3442 3097 3498 3140 et

1931 3183 2192 3253 Spiritum
2247 3191 2526 3244 sanctum,
2586 3179 2904 3232 Trinitatem
2957 3177 3492 3249 consubstantialem,

1925 3291 2087 3330 unam
2133 3274 2410 3337 deitatem,
2470 3287 2564 3326 seu
2601 3280 2878 3330 naturam,
2917 3280 2972 3325 et
3016 3269 3394 3332 substantiam,
3439 3277 3497 3322 et

1929 3380 2090 3418 unam
2120 3365 2373 3418 virtutem
2410 3370 2464 3414 et
2491 3368 2814 3428 potestatem
2853 3356 2906 3410 in
2937 3356 3108 3410 tribus
3133 3355 3497 3410 subsistentiis

1928 3473 2022 3512 seu
2054 3453 2300 3526 personis
2323 3450 2671 3511 adorandam,
2701 3449 2825 3504 talis
2855 3447 3142 3501 anathema
3173 3446 3262 3500 sit.

2003 3568 2021 3599 ι
2059 3548 2120 3602 ll.
2172 3547 2228 3600 Si
2253 3546 2376 3615 quis
2413 3559 2519 3597 non
2547 3542 2836 3596 conﬁtetur
2863 3555 3008 3603 cum,
3041 3541 3128 3608 qui
3155 3548 3279 3592 ante
3305 3537 3499 3592 sarcula

1929 3650 1985 3695 et
2011 3641 2126 3693 sine
2157 3647 2401 3706 tempore
2437 3651 2503 3690 ex
2547 3633 2710 3688 Patre
2739 3642 2898 3686 natus
2927 3640 3031 3695 est,
3069 3630 3232 3684 Deum
3263 3629 3497 3684 Verbum

1931 3735 1984 3787 in
2027 3731 2237 3785 ultimis
2258 3730 2453 3784 diebus
2483 3726 2833 3782 descendisse
2867 3726 2933 3779 de
2964 3724 3135 3785 oculis,
3167 3733 3222 3777 et
3250 3723 3501 3777 incarna-

1931 3834 2044 3879 tum
2092 3838 2212 3878 esse
2244 3823 2312 3877 de
2354 3830 2538 3876 sancta
2568 3819 2795 3889 gloriosa
2831 3818 2922 3871 Dei
2959 3816 3230 3872 Genitrice
3259 3825 3315 3870 et
3355 3830 3502 3869 sem-

1931 3932 2028 3986 per
2059 3915 2274 3985 Virgine
2302 3914 2487 3976 Maria,
2524 3922 2578 3966 et
2604 3911 2878 3964 hominem
2915 3909 3138 3973 factum,
3169 3917 3354 3962 natum
3383 3922 3503 3961 esse

1932 4024 1997 4062 ex
2027 4009 2159 4076 ipsa,
2182 4016 2237 4060 et
2271 4015 2491 4076 propter
2519 4005 2618 4058 hoc
2644 4003 2884 4072 ejusdem
2923 4001 3012 4054 Dei
3042 4000 3196 4053 Verbi
3229 3999 3361 4053 duas
3381 4012 3503 4052 esse

1933 4100 2258 4161 nativitates,
2292 4113 2408 4152 eam
2449 4112 2569 4164 qua:
2602 4105 2683 4149 est
2715 4095 2766 4146 in
2809 4093 3010 4146 ultimis
3057 4092 3249 4145 diebus
3285 4089 3504 4161 [nativi-

1935 4202 2092 4254 tatcs,
2126 4205 2246 4259 qum
2273 4199 2357 4242 est
2385 4196 2510 4242 ante
2549 4186 2742 4240 satcula
2778 4183 3260 4253 iurorporabiliter,
3295 4192 3346 4235 et
3384 4198 3504 4250 qtm:

1934 4293 2020 4337 est
2065 4284 2116 4336 in
2150 4283 2247 4336 ult.
2302 4282 2377 4333 sic
2415 4281 2575 4334 etiam
2630 4275 2869 4348 Leuncl.]
2925 4276 3220 4330 secundum
3261 4288 3502 4336 carnem,

1938 4372 2058 4426 talis
2089 4370 2375 4424 anathema
2407 4369 2495 4422 sit.

2016 4481 2034 4512 ι
2070 4460 2153 4514 111.
2197 4460 2251 4514 Si
2281 4459 2402 4530 quis
2435 4457 2564 4512 dicit
2607 4455 2770 4510 alium
2803 4470 2921 4509 esse
2955 4455 3123 4508 Deum
3148 4451 3382 4506 Verbum
3413 4451 3504 4520 qui

1934 4553 2191 4608 miracula
2241 4560 2496 4622 operatus
2527 4558 2630 4612 est,
2663 4559 2718 4602 et
2753 4547 2917 4601 alium
2967 4546 3236 4600 Christum
3267 4544 3356 4613 qui
3381 4559 3503 4613 pas-

1933 4662 2029 4702 sus
2065 4654 2168 4710 est,
2193 4653 2285 4698 aut
2331 4644 2461 4697 dicit
2499 4642 2668 4695 Deum
2709 4641 2940 4695 Verbum
2986 4653 3109 4692 cum
3135 4636 3350 4692 Christo
3387 4652 3508 4691 esse

1932 4749 2192 4795 nascente
2239 4754 2304 4792 ex
2349 4736 2598 4797 muliere,
2635 4735 2718 4789 vel
2755 4735 2806 4786 iu
2841 4734 2957 4802 ipso
2989 4747 3107 4785 esse
3142 4739 3394 4799 tanquam
3424 4729 3506 4783 al-

1933 4839 2108 4885 terum
2147 4831 2200 4883 in
2230 4831 2418 4891 altero,
2452 4827 2566 4882 sed.
2598 4843 2702 4880 non
2738 4842 2901 4879 unum
2937 4823 3291 4890 emudemque
3327 4820 3507 4874 Domi-

1936 4935 2065 4974 num
2097 4928 2340 4972 nostrum
2384 4915 2568 4970 Jesum
2608 4914 2907 4977 Christum,
2948 4910 3115 4965 Deum
3155 4909 3389 4964 Verbum
3425 4909 3507 4961 iu-

1937 5019 2217 5066 carnatum
2250 5019 2306 5064 et
2355 5009 2631 5063 hominem
2676 5006 2905 5064 factum,
2949 5013 3003 5057 et
3049 5003 3290 5071 ejusdem
3337 4999 3508 5070 ipsius

1937 5102 2196 5158 miracula
2221 5109 2276 5154 et
2311 5099 2610 5170 passiones,
2649 5112 2782 5167 quas
2814 5111 2975 5153 carne
3005 5085 3196 5166 sponte
3227 5092 3506 5150 sustinuit.

1941 5195 2063 5250 talis
2091 5195 2376 5247 anathema
2401 5192 2490 5245 sit.

2024 5303 2042 5335 ι
2087 5283 2176 5337 IV.
2212 5281 2267 5339 Si
2305 5282 2424 5351 quis
2453 5282 2584 5336 dicit
2611 5281 2904 5336 secundum
2932 5281 3174 5352 gratiam,
3199 5280 3284 5334 vel
3312 5293 3508 5333 secun-

1947 5376 2076 5432 dum
2139 5376 2530 5446 operationem,
2579 5375 2663 5429 vel
2719 5376 3014 5429 secundum
3053 5373 3385 5445 dignitatem,
3425 5369 3510 5424 vel

1529 5599 1533 5602 ,
1556 5532 1790 5589 nam
1809 5533 2236 5591 Lacrimas.

348 5628 448 5696 ⁹¹¹ἦ
502 5628 542 5681 P
592 5630 722 5684 sola.

359 5698 672 5753 συνοίδαμεν
699 5699 757 5753 Ρ.

331 5766 418 5821 ναὶ
437 5784 546 5824 om.
569 5766 630 5825 l’.

857 5702 903 5734 ⁹⁹
945 5701 1054 5756 τῶν
1075 5699 1186 5756 om.
1222 5699 1282 5753 P.

820 5631 866 5666 ⁸³
907 5627 1349 5700 Ἀπολιναριστοῦ
1394 5626 1514 5700 PV.
1558 5629 1638 5700 _“
1696 5628 1843 5700 περί.
1870 5629 2021 5700 παρὰ
2063 5627 2198 5700 Ρνη
2217 5627 2292 5700 3⁸
2326 5627 2392 5700 oti
2407 5626 2552 5700 ἅγιοι
2567 5624 2648 5700 _P.
2674 5696 2684 5700 _
2725 5626 2771 5658 "
2798 5625 2915 5700 οζας
2952 5622 3081 5700 ποτέ
3207 5618 3296 5700 -"
3317 5621 3423 5687 τιη¹

1390 5698 1407 5730 ί
1438 5695 1783 5771 κατάκρισιν.
1810 5695 2144 5772 παράκρισιν
2175 5695 2282 5752 PV.

2378 5699 2398 5729 ³
2421 5685 2521 5750 οῦκ
2567 5696 2605 5752 ν
2634 5696 2721 5753 hic
2749 5706 2803 5752 et
2834 5685 2918 5750 15.
3052 5693 3074 5723 ⁸
3101 5689 3234 5744 Θεοῦ
3286 5685 3404 5744 om.
3443 5685 3508 5741 Γ.
