4096 6296
686 301 792 366 927

1867 298 2298 377 CHRONICON
2336 300 2734 375 PASCHALE.
3774 308 3857 373 928

686 409 988 468 secundum
1025 410 1382 481 aequalitatem
1433 410 1673 474 honoris,
1706 413 1791 468 vel
1827 413 2123 469 secundum
2153 428 2250 465 au-
2280 422 2303 479 Α

2240 438 2250 448 -
2280 422 2324 479 Δ
2355 414 2472 482 pinv,
2504 414 2535 484 ἢ
2569 416 2771 485 σχέσιν,
2807 414 2840 483 ἦ
2872 414 3101 486 δύναμιν
3123 414 3222 487 τὴν
3236 414 3426 470 ἕνωσιν
3456 416 3548 470 τοῦ
3574 416 3697 471 Θεοῦ
3716 420 3857 488 Λόγου

686 504 1014 567 ctOritatem,
1044 503 1127 557 vel
1154 505 1492 572 relationem,
1524 504 1608 559 vel
1650 504 1924 570 allectum,
1961 506 2046 560 vel
2078 505 2251 560 virtu-

691 606 822 658 tem.
853 596 1152 650 unitionem
1180 596 1272 651 Dei
1299 596 1455 652 Verbi
1482 597 1549 652 ad
1582 598 1853 653 hominem
1880 597 2075 652 factam
2106 612 2249 663 esse,

682 688 779 757 ,νει
828 688 1125 744 secundum
1178 689 1597 760 homonymiam,
1640 705 1735 759 per
1753 706 1915 760 quam
1948 690 2251 747 Nestoriani

682 764 746 836 1et
804 780 970 835 Deum
1008 781 1244 835 Verbum
1276 792 1532 837 vocantes
1570 782 1844 839 Christum
1872 793 1929 839 et
1976 784 2248 839 hominem

683 873 977 943 ~separatim
1044 874 1319 929 Christum
1384 875 1758 941 nominantes,
1816 877 1929 932 solo
1984 878 2248 932 vocabulo

685 982 857 1021 unum
911 966 1187 1022 Christum
1235 967 1467 1022 dicunt:
1507 977 1601 1021 aut
1650 969 1697 1024 si
1740 969 1861 1039 quis
1906 985 2001 1040 per
2050 971 2247 1028 bonam

683 1058 1017 1112 voluntatem
1042 1059 1175 1113 dicit
1200 1059 1498 1113 unitionem
1531 1059 1724 1115 factam
1749 1076 1890 1126 esse,
1915 1062 2054 1117 sicut
2078 1062 2250 1118 Theo-

680 1150 850 1205 dorus
902 1151 1190 1206 haareticus
1247 1150 1381 1221 ipsis
1427 1152 1605 1207 verbis
1651 1153 1811 1216 dicit,
1852 1155 2003 1223 quasi
2049 1155 2249 1224 placuit

684 1235 797 1298 Deo
820 1242 996 1298 Verbo
1042 1243 1225 1308 homo,
1275 1258 1340 1297 eo
1379 1245 1522 1313 quod
1572 1246 1710 1300 bene
1740 1246 1911 1300 visunt
1962 1256 2044 1303 est
2092 1248 2141 1302 ei
2180 1250 2247 1305 de

682 1329 823 1400 ipso,
870 1332 963 1386 sed
1014 1347 1123 1386 non
1171 1332 1468 1392 secundum
1508 1332 1911 1388 subsistentiam
1961 1334 2053 1388 Dei
2085 1334 2246 1390 Verbi

679 1423 752 1478 ad
798 1439 1015 1479 carnem
1061 1424 1357 1479 animatum
1402 1426 1581 1479 anima
1632 1425 1878 1480 rationali
1934 1438 1988 1481 et
2034 1428 2246 1483 intelle-

680 1516 850 1575 ctuali
879 1516 1180 1571 unitionem
1210 1517 1516 1581 conﬁtetur,
1556 1526 1609 1572 et
1636 1517 1757 1572 ideo
1782 1535 1941 1574 unam
1973 1520 2088 1591 eius
2118 1522 2247 1576 sub-

682 1608 987 1664 sistentiam
1022 1609 1373 1679 compositam
1411 1625 1554 1673 esse,
1593 1611 1714 1665 talis
1743 1612 2027 1667 anathema
2058 1613 2147 1668 sit.

761 1719 780 1751 ι
821 1698 881 1753 V.
927 1699 1124 1771 Siquis
1166 1718 1263 1770 per
1303 1702 1642 1767 relationem,
1695 1710 1790 1758 aut
1843 1704 2100 1768 abusive,
2150 1704 2242 1760 Dei

2350 504 2484 575 πρὸς
2511 505 2797 576 ἄνθρωπον
2819 508 3171 576 γεγενῆσθαι,
3198 507 3231 576 ἢ
3257 507 3378 560 καθ’
3405 509 3725 579 ὁμωνυμίαν,
3763 513 3859 565 καθ’

2346 595 2414 666 ἢν
2460 598 2510 648 οί
2558 597 2932 668 Νεστοριανοὶ,
2978 598 3069 650 καὶ
3115 598 3205 651 τὸν
3242 598 3374 653 Θεὸν
3405 601 3425 631 ⁵
3455 599 3621 668 Λόγον
3645 602 3859 671 Χριστὸν⁶

2347 685 2658 752 καλοῦντες,
2712 689 2807 742 καὶ
2853 689 2945 743 τὸν
2996 688 3279 760 ἄνθρωπον
3318 692 3721 762 κεχωρισμένως
3753 695 3861 764 Χρι-

2348 780 2471 833 στὸν
2495 779 2871 849 ὀνομάζοντες.
2910 780 3050 834 κατά
3085 780 3252 852 μόνην
3282 782 3382 853 τὴν
3414 783 3762 854 προσηγορίαν
3785 786 3862 838 ἕνα

2346 870 2580 941 Χριστὸν
2614 870 2883 939 λέγοντες,
2933 871 2965 943 ἢ
3005 872 3058 924 εἴ
3090 889 3173 933 τις
3203 871 3350 939 λέγει
3382 874 3504 927 κατ’
3532 875 3760 928 εὐδοκίαν
3784 878 3862 948 τὴν

2344 960 2535 1015 ἕνωσιν
2568 961 2916 1030 γεγενῆσθαι,
2952 960 3135 1026 καθὼς
3158 962 3430 1036 Θεόδωρος
3456 965 3485 1016 ὁ
3510 966 3762 1036 αἱρετικδς
3784 970 3863 1021 αξ.-

2343 1055 2464 1116 ταῖς
2486 1052 2662 1117 λέξεσι
2719 1053 2887 1122 λέγει,
2915 1053 2991 1118 ὡς
3027 1056 3346 1125 ἀρεσθέντος
3381 1057 3475 1110 τοῦ
3514 1057 3645 1111 Θεοῦ
3676 1060 3825 1127 Λόγου
3848 1062 3863 1091 τ

2342 1142 2437 1195 τοῦ
2467 1142 2754 1214 ἀνθρώπου
2794 1143 2901 1197 ἀπὸ
2929 1143 3024 1197 τοῦ
3053 1140 3110 1198 εὖ
3136 1145 3228 1198 καὶ
3250 1146 3388 1199 καλά
3421 1146 3568 1213 δόξαι
3606 1149 3741 1219 αὐτῷ
3764 1152 3868 1221 περὶ

2345 1233 2533 1295 αὑτοῦ,
2580 1233 2696 1286 ἀλλ’
2744 1234 2867 1304 ούχὶ
2909 1235 3033 1289 καθ’
3073 1236 3368 1289 ὑπόστασιν
3409 1237 3504 1290 τοῦ
3558 1238 3685 1292 Θεοῦ
3727 1242 3866 1308 Λόγου

2345 1325 2480 1395 πρὸς
2514 1326 2611 1397 τὴν
2649 1325 2849 1397 σάρκα,
2904 1326 3263 1400 ὲψυχωμένην
3304 1329 3325 1361 ⁸
3573 1330 3748 1402 λογικῇ
3793 1334 3868 1385 καὶ

2344 1418 2524 1488 νοερᾷ,
2552 1417 2651 1488 τὴν
2684 1418 2877 1470 ἕνωσιν
2904 1418 3176 1489 ὁμολογεῖ,
3205 1420 3299 1472 καί
3328 1420 3419 1473 διὰ
3460 1420 3617 1473 τοῦτο
3652 1423 3765 1491 μίαν
3791 1424 3868 1475 αὺ-

2342 1508 2437 1561 τοῦ
2487 1509 2584 1578 τὴν
2629 1509 2924 1564 ὑπόστασιν
2970 1510 3241 1577 σύνθετον,
3288 1514 3317 1566 ὀ
3371 1512 3611 1577 τοιοῦτος
3663 1515 3867 1585 ἀνάθεμα

2344 1596 2504 1651 ἔστω.

2422 1710 2438 1741 ι
2454 1690 2519 1743 E’.’
2543 1708 2625 1754 τις
2651 1691 2786 1745 κατὰ
2809 1692 3086 1763 ἀναφορὰν
3117 1693 3150 1763 ἢ
3181 1695 3868 1764 καταχρηστικῶςΘεοτόκον

682 1791 1012 1853 Cenitricetn
1055 1793 1188 1853 dicit
1220 1805 1460 1851 sanctam
1503 1795 1788 1866 gloriosam
1828 1811 2041 1867 semper
2068 1796 2243 1869 Virgi-
2275 1783 2299 1838 Ῑ

2275 1783 2318 1838 Β
2345 1781 2492 1851 λέγει
2518 1783 2616 1853 τὴν
2649 1784 2811 1852 ἁγίαν
2854 1784 3058 1850 ἔνδοξον
3080 1786 3467 1855 ’Λειπαρθένον
3515 1788 3721 1856 Μαρίαν
3745 1790 3774 1858 ἢ
3800 1791 3869 1843 ἀκρ

682 1901 808 1940 nem
850 1886 1090 1953 Mariam,
1130 1899 1223 1942 aut
1273 1888 1509 1942 hominis
1556 1889 1892 1959 genitricem,
1943 1899 2037 1945 aut
2086 1891 2246 1947 Chri-

682 1985 949 2043 stotoeon,
988 1988 1240 2049 tanquam
1266 1977 1481 2035 Christo
1522 1979 1632 2035 Deo
1664 1997 1774 2035 non
1802 1982 2118 2047 exsistente,
2149 1984 2245 2039 sed

682 2084 791 2123 non
821 2071 1036 2141 proprie
1058 2079 1113 2125 et
1138 2085 1261 2125 vere
1278 2071 1370 2124 Dei
1393 2071 1721 2126 Genilricem
1746 2073 1913 2141 ipsam
1934 2074 2242 2141 confitetur,

681 2175 748 2214 eo
775 2162 919 2230 quod
962 2162 1074 2231 ipse
1119 2163 1211 2231 qui
1258 2170 1385 2216 ante
1427 2163 1620 2224 saecula
1666 2179 1732 2217 ex
1773 2163 1930 2219 Patre
1965 2175 2125 2219 natus
2164 2176 2247 2222 est

681 2252 827 2307 Deus
855 2252 1112 2318 Verbum,
1148 2255 1204 2308 in
1244 2254 1448 2310 ultimis
1485 2256 1676 2311 diebus
1697 2272 1761 2311 ex
1790 2259 1904 2327 ipsa
1936 2257 2247 2313 incarnatus

679 2352 736 2399 et
762 2353 922 2398 natus
950 2353 1054 2408 est,
1088 2345 1210 2399 talis
1237 2346 1526 2401 anathema
1556 2346 1646 2399 sit.

756 2453 774 2485 ι
816 2433 896 2490 Vl.
936 2435 990 2489 Si
1021 2436 1142 2504 quis
1196 2451 1307 2490 non
1347 2436 1635 2491 conﬁtetur
1668 2437 1950 2492 Dominum
2001 2450 2245 2495 nostrum

676 2524 866 2581 Jcsum
921 2526 1193 2582 Christum
1254 2530 1346 2598 qui
1388 2544 1551 2584 carne
1603 2531 1890 2585 cruciﬁxus
1934 2541 2035 2599 est,
2080 2532 2245 2588 Deum

678 2633 800 2674 esse
834 2635 1038 2683 verum,
1072 2630 1126 2675 et
1152 2621 1435 2675 Dominum
1468 2621 1671 2691 gloriae,
1697 2632 1753 2678 et
1772 2640 1939 2679 unum
1968 2626 2036 2681 de
2062 2636 2247 2682 sancta

678 2709 964 2777 Triuitate,
999 2713 1119 2768 talis
1146 2714 1433 2769 anathema
1460 2715 1547 2770 sit.

756 2823 776 2856 ‹
818 2802 928 2859 Vll.
964 2804 1022 2859 Si
1062 2806 1184 2875 quis
1219 2806 1272 2860 in
1295 2807 1503 2862 duabus
1532 2808 1737 2864 naturis
1769 2810 1955 2866 dicens
1980 2784 2248 2867 non‘tan-

679 2912 840 2966 quam
899 2898 953 2952 in
1006 2899 1210 2955 deitate
1265 2910 1319 2955 et
1363 2901 1701 2958 humanitate
1744 2919 1910 2958 unum
1958 2904 2246 2961 Dominum

680 3000 925 3045 nostrum
958 2991 1145 3046 .lesum
1184 2991 1481 3059 Christum,
1521 2995 1689 3049 Deum
1724 2996 1959 3051 Verbum
1998 2998 2248 3053 incarna-

678 3089 793 3136 tum
835 3082 1141 3146 conﬁtetur,
1184 3099 1286 3139 nec
1332 3085 1398 3139 ad
1445 3085 1849 3157 signiﬁcandam
1886 3089 2244 3145 dilferentiam

2346 1871 2689 1942 θρωποτόκον
2715 1871 2746 1942 ἢ
2777 1872 3134 1942 Χριστοτόκον
3161 1874 3322 1945 360
3344 1875 3421 1937 ὡς
3452 1874 3546 1928 τοῦ
3572 1878 3782 1946 Χριστοῦ
3808 1879 3867 1946 μὴ

2343 1962 2493 2026 ὄντος
2526 1961 2682 2028 Θεοῦ,
2712 1964 2844 2017 ἀλλά
2882 1966 2954 2036 μὴ
2986 1966 3185 2036 κυρίως
3214 1969 3307 2019 καὶ
3342 1968 3464 2020 κατ’
3495 1968 3740 2039 ἀλήθειαν
3763 1969 3866 2022 Θεο·

2343 2055 2502 2121 τόκον
2540 2055 2708 2126 αυτὴν
2732 2056 3003 2127 ὁμολογεῖ,
3036 2058 3123 2111 διὰ
3146 2060 3206 2111 τὸ
3231 2063 3322 2111 τὸν
3351 2061 3461 2131 πρὸ
3492 2061 3697 2116 αἰώνων
3726 2065 3779 2115 ὲκ
3797 2062 3867 2115 τοῦ

2346 2147 2560 2219 Ila-cpe;
2597 2147 2925 2217 γεννηθέντα
2962 2149 3093 2203 Θεὸν
3152 2151 3322 2219 Λόγον
3370 2155 3457 2205 ἐπ’
3510 2155 3741 2222 ἐσχάτων
3782 2156 3869 2205 τῶν

2344 2239 2569 2308 ἡμερῶν
2621 2239 2681 2303 ἐξ
2729 2240 2900 2310 αὐτῆς
2934 2240 3280 2312 σαρωθῆναι
3331 2244 3428 2297 καὶ
3482 2244 3871 2315 γεννηθῆναι,ὁ

2343 2331 2584 2395 τοιοῦτος
2613 2333 2860 2402 ἀνάθεμα
2890 2332 3051 2389 ἔστω.

2424 2424 2524 2477 «Et
2576 2441 2659 2487 τις
2682 2424 2779 2495 οὺχ
2805 2426 2825 2457 ⁹
2872 2425 3125 2493 ὁμολογεῖ
3168 2426 3260 2480 τὸν
3302 2429 3709 2499 ἐσταυρωμένον
3737 2428 3871 2497 σαρκὶ

2346 2515 2549 2586 Κύριον
2587 2517 2746 2585 ήμῶν
2800 2517 3007 2586 Ἰησοῦν
3044 2518 3290 2592 Χριστὸν.
3305 2519 3443 2574 Θεὸν
3479 2518 3615 2583 εἶναι
3659 2522 3869 2589 ἀληθινὸν

2346 2608 2438 2660 καὶ
2469 2606 2671 2679 Κύριον
2704 2607 2804 2677 τῆς
2833 2606 2989 2677 δόξης
3020 2610 3113 2662 καὶ
3150 2609 3243 2663 ἕνα
3292 2611 3391 2680 τῆς
3427 2612 3590 2681 ἁγίας
3614 2612 3869 2683 Τριάὸος,ὀ

2345 2696 2583 2761 τοιοῦτος
2613 2698 2858 2769 ἀνάθεμα
2881 2699 3039 2752 ἔστω.

2426 2789 2523 2844 «Εἴ
2544 2808 2626 2853 τις
2653 2792 2711 2843 ὲν
2738 2791 2858 2844 δυσὶ
2886 2792 3079 2859 φύσεσι
3112 2792 3284 2862 λέγων
3310 2794 3384 2864 μὴ
3407 2794 3487 2859 ὡς
3515 2797 3574 2849 ὲν
3589 2795 3869 2866 θεότητικαὶ

2346 2880 2405 2933 ἐν
2434 2881 2815 2952 ἀνθρωπότητι
2859 2883 2902 2915 ¹⁰
2948 2883 3040 2936 τὸν
3099 2885 3194 2936 ἕνα
3249 2886 3456 2955 Κύριον
3515 2887 3663 2957 ἡμῶν
3698 2885 3869 2958 Ἰησοῦν

2346 2973 2579 3044 Χριστὸν
2600 2975 2689 3028 τὸν
2724 2974 2818 3029 τοῦ
2851 2976 2985 3030 Θεοῦ
3024 2978 3194 3046 Λόγον
3250 2980 3602 3050 σαρκωθέντα
3637 2980 3867 3049 ὁμολογεῖ,

2352 3065 2486 3135 μηδὲ
2531 3066 2623 3119 ἐπὶ
2675 3067 2751 3136 τῷ
2791 3071 3033 3139 σημᾶναι
3080 3070 3181 3141 τὴν
3216 3070 3483 3142 διαφορὰν
3529 3072 3633 3125 τῶν
3672 3072 3867 3139 φύσεων,

685 3130 793 3136 __-__
840 3130 1141 3146 --__-----.--,
1185 3130 1286 3139 --η
1332 3130 1398 3139 ....
1445 3130 1849 3157 -.,,.....e...........
1886 3130 2244 3145 ......,..,.........

676 3181 1017 3239 naturarum,
1052 3191 1117 3228 ex
1137 3176 1334 3245 quibus
1363 3179 1695 3248 compositus
1722 3190 1826 3245 est,
1860 3182 1953 3236 sed
1983 3197 2082 3251 pro
2109 3182 2246 3237 divi-
2272 3131 2293 3189 (

2272 3130 2313 3189 C
2347 3130 2497 3224 éE‘tbv
2522 3158 2618 3211 καὶ
2649 3130 2931 3229 συνετέθη,
2966 3159 3080 3212 ἀλλ’
3106 3130 3499 3230 ἐπὶ-διαιρέσει
3523 3164 3586 3233 τῇ
3619 3130 3714 3214 ἀνά
3737 3161 3867 3230 μέρος

676 3262 831 3315 sione
860 3277 957 3331 per
994 3272 1221 3331 partem,
1267 3265 1424 3319 talem
1456 3266 1659 3336 excipit
1685 3284 1872 3324 vocem
1905 3269 1955 3322 in
1989 3271 2244 3338 mysterio

673 3352 897 3421 Christi,
936 3357 1088 3427 quasi
1144 3359 1432 3427 separatim
1486 3375 1807 3430 unaquaque
1853 3374 2044 3417 natura
2091 3378 2242 3418 suam

676 3447 911 3518 habente
954 3448 1380 3512 subsistentiam,
1423 3449 1564 3504 sicut
1614 3450 1934 3507 Theodorus
1968 3463 2024 3508 et
2052 3453 2245 3511 Nesto-

676 3542 790 3594 rius
821 3540 1353 3610 hlasphemaverunt,
1381 3541 1499 3597 talis
1523 3543 1810 3598 anathema
1838 3545 1926 3600 sit.

752 3650 772 3684 ι
814 3630 949 3685 Vlll.
982 3631 1036 3685 Si
1059 3632 1182 3700 quis
1213 3632 1267 3685 in
1298 3648 1409 3687 uno
1440 3633 1668 3689 Domino
1702 3634 1830 3689 Jesu
1858 3635 2098 3698 Christo.
2140 3639 2246 3695 hoc

678 3734 781 3788 est,
821 3724 931 3780 Deo
961 3724 1136 3780 Verbo
1185 3725 1485 3786 incarnato,
1527 3742 1814 3782 numerant
1846 3730 2116 3786 conﬁtens
2144 3748 2243 3785 na-

680 3823 943 3880 turarum,
974 3832 1082 3870 non
1114 3817 1390 3871 intellectu
1417 3817 1779 3873 diﬁ‘erentiam
1810 3836 2018 3887 earum,
2039 3837 2105 3876 ex
2126 3825 2245 3892 qui-

677 3908 780 3963 bus
817 3918 872 3963 et
896 3910 1228 3979 compositus
1255 3920 1356 3974 est,
1381 3912 1595 3981 excipit,
1629 3921 1815 3982 utpote
1845 3930 1953 3968 non
1983 3915 2243 3973 intercut-

678 4011 824 4070 ptam
862 4011 1082 4072 propter
1112 4003 1392 4065 unitatem,
1427 4005 1521 4059 sed
1559 4021 1656 4074 pro
1682 4006 1949 4063 divisione
1989 4023 2085 4079 per
2118 4025 2245 4080 par-

677 4101 786 4148 tem
821 4109 1049 4149 numero
1078 4096 1267 4161 utitur,
1298 4096 1419 4151 talis
1448 4098 1737 4153 anathema
1769 4099 1859 4154 sit.

751 4286 772 4320 ι
818 4266 911 4322 IX.
962 4265 1019 4322 Si
1048 4268 1170 4339 quis
1211 4269 1397 4324 dicens
1439 4285 1601 4325 unam
1650 4278 1899 4325 naturam
1950 4271 2042 4326 Dei
2083 4272 2239 4328 Verbi

676 4360 1028 4426 incarnatam,
1076 4378 1185 4415 nou
1218 4363 1295 4417 sic
1325 4363 1427 4417 hoc
1472 4362 1741 4434 intelligit,
1791 4364 1931 4433 quod
1962 4382 2028 4420 ex
2057 4365 2238 4419 divina

674 4463 867 4509 natura
897 4461 952 4508 et
983 4454 1214 4508 humana
1246 4470 1388 4508 unus
1415 4452 1666 4509 Christus
1695 4456 1922 4511 ell‘ectus
1957 4467 2070 4521 est,
2103 4473 2238 4513 con-
2272 4489 2314 4544 ι)

674 4545 1046 4601 substantialis
1081 4545 1225 4599 Patri
1263 4547 1560 4600 secundum
1612 4548 1889 4609 deitatem,
1920 4556 1975 4602 et
2002 4549 2238 4603 consub-

674 4636 943 4691 stantialis
974 4638 1130 4694 nobis
1166 4638 1307 4692 idem
1348 4638 1463 4708 ipse
1494 4639 1792 4694 secundum
1824 4640 2238 4717 humanitatem,

2342 3249 2439 3321 τὴν
2488 3249 2743 3321 τοιαύτην
2766 3245 3047 3321 ’λαμϐάνει
3091 3251 3274 3322 φωνὴν
3317 3252 3408 3305 ἐπὶ
3465 3252 3559 3306 τοῦ
3602 3252 3732 3305 κατὰ
3768 3251 3867 3318 Χριη

2346 3343 2467 3397 στὸν
2519 3342 2838 3413 μυστηρίου,
2882 3342 2957 3407 ὡς
3000 3344 3402 3414 κεχωρισμένας
3439 3344 3539 3398 καὶ
3574 3339 3862 3397 ίδιοῦποστά-

2342 3452 2469 3498 τους
2493 3430 2633 3488 εἶναι
2677 3435 2774 3497 τὰς
2811 3435 3025 3504 φύσεις,
3067 3433 3250 3499 καθὼς
3282 3434 3558 3505 Θεόδωρος
3587 3438 3676 3490 καὶ
3700 3430 3865 3489 Νεστὸ-

2346 3545 2457 3599 ριος
2490 3527 2923 3598 βλασφημοῦσιν,
2963 3529 2992 3581 ὁ
3023 3527 3263 3592 τοιοῦτος
3292 3527 3543 3599 ἀνάθεμα
3583 3528 3730 3581 ἔστω.
3810 3518 3817 3531 ⁷

2423 3625 2521 3677 «El!
2544 3641 2628 3687 τις
2645 3623 2738 3676 ἐπὶ
2758 3621 2851 3675 τοῦ
2876 3621 2992 3686 ἐνὸς
3016 3622 3221 3692 Κυρίου
3251 3622 3407 3692 ἡμῶν
3435 3620 3614 3693 Ἰησοῦ
3640 3615 3869 3690 Χριστοῦ,

2344 3716 2620 3772 τουτέστιν
2649 3716 2742 3770 τοῦ
2770 3716 3145 3787 σαρκωθέντος
3174 3714 3310 3767 Θεοῦ
3337 3714 3538 3793 Λόγου,
3569 3714 3657 3765 τὸν
3679 3709 3871 3782 ἀριθμὸν

2341 3808 2451 3861 τῶν
2478 3808 2687 3876 φύσεων
2718 3807 2995 3878 ὁμολογῶν
3037 3805 3111 3876 μὴ
3149 3806 3217 3877 τῇ
3261 3804 3468 3874 θεωρίᾳ
3512 3805 3607 3874 τὴν
3653 3801 3871 3889 διαφορὰν

2343 3900 2547 3955 τούτων
2590 3902 2648 3967 ἐξ
2695 3894 2770 3955 ὧν
2823 3900 2919 3953 καὶ
2964 3897 3220 3968 συνετέθη
3257 3896 3549 3967 λαμϐάνει,
3591 3895 3662 3958 ὡς
3701 3893 3871 3960 ταύτης

2342 3993 2443 4047 οὐκ
2463 3992 2811 4066 ἀνῃρημένης
2832 3990 2918 4045 διὰ
2932 3988 3031 4061 τὴν
3056 3988 3395 4049 ἓνωσιν,ἀλλ’
3427 3987 3524 4041 ἐπὶ
3555 3983 3801 4054 διαιρέσει
3834 3978 3867 4011 ⁸⁸

2342 4085 2410 4154 τῇ
2451 4083 2557 4137 ἀνὰ
2604 4082 2768 4153 μέρος
2803 4081 2881 4153 τῷ
2915 4077 3134 4152 ἀριθμῷ
3182 4078 3469 4150 κέχρηται,
3509 4078 3538 4131 ὁ
3568 4078 3629 4108 ¹¹¹
3668 4070 3870 4127 τοιοῦτος

2343 4178 2589 4248 ἀνάθεμα
2613 4177 2772 4231 ἔστω.

2418 4269 2519 4325 «Εἴ
2547 4286 2631 4333 τις
2669 4269 2844 4337 λέγων
2875 4267 3003 4339 μίαν
3032 4266 3192 4336 φύσιν
3212 4263 3306 4320 τοῦ
3340 4262 3479 4319 Θεοῦ
3504 4262 3672 4331 Λόγου
3706 4272 3868 4322 σεσαρ-

2343 4361 2619 4431 κωμένην,
2643 4360 2739 4429 οὐχ
2765 4359 2936 4422 οὕτως
2964 4358 3096 4411 αὐτὸ
3117 4355 3467 4429 ἐκλαμϐάνει,
3505 4355 3577 4417 ὡς
3605 4353 3681 4406 ὃτι
3710 4351 3766 4403 ὲκ
3785 4346 3867 4414 τῆς

2346 4452 2497 4516 θείας
2529 4452 2741 4521 φύσεως
2790 4451 2883 4505 καὶ
2910 4450 3011 4520 τῆς
3040 4448 3385 4521 ἀνθρωπίνης
3424 4442 3505 4513 εἷς
3543 4434 3760 4516 Χριᾶτὺς
3784 4440 3868 4491 ἀπ·

2340 4545 2618 4616 ετελέσθη,
2658 4545 2940 4615 ὀμοούσιος
2960 4544 3040 4614 τῷ
3073 4544 3247 4614 Πατρὶ
3278 4541 3537 4623 κατάκτὴν
3560 4538 3770 4605 θεότητα
3790 4528 3867 4623 καί

2339 4639 2621 4711 ὁμοούσιος
2649 4640 2823 4709 ἡμίνὸ
2845 4636 3008 4699 αὐτὸς
3038 4635 3177 4691 κατά
3209 4634 3309 4706 τὴν
3340 4632 3739 4704 ἀνθρωτούτητα,
3766 4621 3860 4711 ἀλλ’

675 4731 768 4785 sed
794 4732 936 4801 quod
972 4731 1187 4786 deitatis
1226 4740 1281 4785 et
1313 4731 1492 4787 carnis
1519 4731 1719 4785 Christi
1765 4710 1872 4786 una
1905 4740 2098 4787 natura
2128 4733 2241 4788 sive

2337 4708 2419 4785 ὅτι
2468 4729 2567 4799 τῆς
2621 4708 2872 4798 θεότητος
2925 4727 3020 4780 καὶ
3058 4725 3157 4795 τῆς
3192 4723 3391 4794 σαρκὸς
3423 4720 3517 4775 τοῦ
3546 4712 3763 4789 Χριστοῦ
3787 4708 3865 4779 μία

675 4821 976 4876 substantia
1009 4821 1203 4876 ell'ecta
1231 4832 1313 4877 est
1345 4822 1642 4876 secundum
1672 4822 2008 4892 Apollinarii,
2037 4834 2092 4879 et
2116 4825 2230 4879 Eu-

2339 4823 2500 4892 φύσις
2523 4822 2641 4891 ἦτοι
2669 4819 2823 4873 οὐσία
2849 4815 3183 4887 ἀπετελέσθη
3214 4815 3353 4869 κατὰ
3368 4814 3468 4884 τὴν
3499 4802 3864 4873 Ἀπολλιναρίου

678 4914 905 4986 tychetis
940 4916 1239 4985 perﬁdiam,
1276 4916 1393 4971 talis
1424 4916 1709 4970 anathema
1743 4917 1831 4970 sit.

2338 4916 2432 4969 καὶ
2447 4912 2715 4983 Εὑτυχοῦς
2733 4908 3111 4975 κακοπιστίαν,
3128 4912 3155 4964 ὁ
3173 4908 3411 4969 τοιοῦτος
3426 4902 3664 4971 ἀνάθεμα
3678 4892 3861 4995 Eam."-

750 5026 769 5058 ι
810 5006 1112 5076 Ᾰῑιιυαιίιει·
1136 5010 1280 5063 enim
1313 5018 1367 5063 et
1388 5025 1480 5063 eos
1509 5009 1600 5078 qui
1635 5024 1726 5079 per
1752 5019 1959 5079 partem
1990 5010 2240 5066 incidunt

2413 5023 2432 5057 ‹
2462 5005 2689 5072 Ἐπίσης
2722 5003 2765 5034 ⁸⁸
2807 5001 2914 5073 γὰρ
2965 4999 3059 5052 καὶ
3097 4999 3224 5065 τοὺς
3276 5000 3380 5055 ἀνὰ
3431 5000 3591 5069 μέρος
3631 4994 3863 5088 διαιροῦν-

676 5100 763 5155 vel
795 5100 1065 5167 dividunt,
1095 5114 1149 5156 et
1169 5118 1261 5156 eos
1294 5103 1386 5171 qui
1418 5103 1758 5157 confundunt
1792 5103 1988 5157 divinae
2016 5104 2239 5172 dispen-

2334 5114 2435 5157 τας
2478 5097 2595 5167 ἦτοι
2636 5096 2929 5165 τέμνοντας
2968 5092 3065 5147 καὶ
3103 5094 3228 5156 τοὺς
3299 5092 3625 5161 συγχέοντας
3679 5084 3735 5137 τὸ
3785 5084 3864 5172 τῆς

642 5192 903 5247 sationis
952 5196 1262 5263 mysterium
1309 5170 1534 5261 Christi,
1586 5195 1762 5265 rejicit
1811 5202 1867 5249 et
1914 5195 2241 5250 condemnat

2337 5192 2488 5255 θείας
2527 5189 2839 5259 οἰκονομίας
2888 5188 3186 5259 μυστήριον
3227 5186 3319 5239 τοῦ
3369 5182 3601 5257 Χριστοῦ
3639 5170 3863 5242 ἀποστρέ-

676 5284 996 5339 universalis
1029 5284 1118 5339 Dei
1153 5286 1409 5341 Ecclesia.

2338 5300 2499 5351 φεται
2524 5284 2617 5335 καὶ⁴
2648 5278 3033 5350 ἀναθεματίζει
3057 5280 3090 5347 ἠ
3126 5276 3388 5347 καθολικὴ
3426 5272 3726 5343 Ἐκκλησία.

749 5395 770 5431 ι
803 5377 874 5435 Χ.
919 5377 976 5432 Si
1015 5377 1136 5449 quis
1185 5395 1293 5434 non
1333 5379 1751 5435 anathematizat
1795 5379 2003 5445 Arium,
2049 5379 2235 5434 Euno-

2419 5376 2516 5429 «Εἴ
2535 5392 2616 5438 τις
2638 5373 2714 5445 μὴ
2739 5371 3124 5443 ἀναθεματίζει
3145 5371 3384 5443 ¹Ἄρειον,
3407 5370 3677 5441 Εὐνόμιον,
3707 5361 3861 5417 Μακε-

1939 5554 2169 5611 νΑιιιΑξ
2210 5552 2618 5611 LlﬂCTlONES.

752 5669 771 5703 ³
792 5670 924 5743 Θεὸν
947 5688 1053 5727 om.
1087 5670 1148 5726 Ρ.
1224 5673 1245 5706 ο
1273 5670 1506 5743 Χριστοῦ
1536 5669 1597 5727 P.
1670 5672 1691 5705 ⁷
1715 5668 1790 5738 τῷ
1812 5669 1929 5743 Θεῷ
1952 5668 2108 5743 Λόγῳ
2130 5667 2217 5743 n_._
2275 5664 2297 5698 °
2324 5660 2789 5743 impleti-61713?-
2864 5658 3083 5719 ἰὒκνι
3161 5661 3204 5696 ⁸⁸
3229 5661 3319 5727 καὶ
3345 5640 3856 5730 ὲνανθρωπδτητινν·

681 5737 724 5774 ⁸⁸
756 5745 823 5814 τῇ
855 5741 1117 5814 διαιρέσει
1147 5744 1205 5797 Ρ.
1284 5733 1348 5775 η’·
1382 5746 1410 5798 ὁ
1436 5754 1544 5800 om.
1571 5743 1631 5800 Ρ.
1743 5733 1784 5775 ⁸⁵
1812 5733 1969 5796 ἔστω.
2002 5733 2148 5813 αύτῷ
2180 5739 2241 5797 ν.
2345 5733 2388 5771 ί³
2408 5733 2642 5807 iit—“'34
2674 5733 2735 5789 Ρο
