4096 6296
265 340 387 401 929

1428 324 1858 388 CHRONICON
1913 323 2316 385 PASCHALE.

3377 326 3481 393 930

252 445 445 507 Bévtov,
484 440 905 512 ’Λπολλινάριον,
938 439 1253 510 Νεστόριον,
1288 434 1548 507 Εὑτυχέα,
1570 436 1813 497 καὶτοὺς

1921 431 2100 494 mium,
2132 430 2527 496 Macedoniam,
2558 431 2975 501 Apollinarium,
3009 434 3339 505 Nestorium,
3377 442 3484 495 Eu-

250 542 323 589 τά
348 538 511 605 ὃμοια
546 535 755 598 τούτοις
794 532 1129 603 φρονοῦντας
1179 532 1213 602 ἢ
1251 532 1650 601 φρονήσαντας,
1688 530 1817 583 ἀνά-

250 628 314 682 Os
320 645 399 698 μα
430 628 593 681 ἕστω.

333 720 435 774 «Et
473 737 560 784 τις
594 720 949 774 ἀντιποιεῖται
990 714 1265 787 Θεοδώρου
1290 713 1383 768 τοῦ
1414 712 1821 783 Μοψουεστίας,

248 809 349 863 τοῦ
378 810 621 874 εἰπόντος
660 809 815 863 ἀλλον
845 805 985 862 εἶναι
1020 808 1113 860 τὸν
1162 807 1292 859 Θεὸν
1322 806 1493 873 Λόγον
1529 805 1625 858 καὶ⁸
1651 804 1824 875 εάλλον

252 902 345 952 τὸν
379 900 635 970 Χριστὸν,
668 900 772 952 ὑπὸ
802 898 989 951 παθῶν
1009 898 1187 968 ψυχῆς
1229 897 1326 950 καὶ
1359 898 1466 950 τῶν
1493 896 1593 965 τῆς
1623 896 1824 965 σαρκὸς

252 988 564 1057 ἐπιθυμιῶν
614 986 1037 1057 ἐνοχλούμενον,
1084 986 1180 1039 καὶ
1232 987 1296 1038 ἐκ
1336 986 1613 1056 προκοπῆς
1650 986 1825 1056 ἔργων

254 1078 637 1149 βελτιωθέντα,
671 1080 765 1131 καὶ
790 1076 1154 1147 βαπτισθέντα
1184 1078 1263 1138 είς
1295 1076 1464 1145 ὄνομα
1492 1074 1701 1143 [ἰατρὸς
1732 1075 1825 1126 καὶ

254 1169 391 1221 Υἱοῦ
418 1170 513 1222 καὶ
538 1168 695 1236 ἁγίου
730 1168 1067 1238 Ηνεύματος,
1101 1168 1194 1221 καὶ
1220 1167 1308 1220 διὰ
1329 1167 1422 1220 τοῦ
1456 1166 1826 1236 βαπτίσματος

254 1261 357 1330 τὴν
405 1262 565 1331 χάριν
607 1260 763 1330 361
811 1260 903 1313 τοῦ
948 1260 1105 1327 ἁγίου
1154 1258 1469 1327 Πνεύματος
1514 1258 1699 1311 λαϐεῖν
1731 1259 1827 1311 καὶ

255 1352 529 1414 υἱοθεσίας
555 1352 869 1421 ἀξιωθῆναι,
929 1352 1024 1404 καὶ
1083 1352 1205 1404 κατ’
1264 1350 1483 1419 ἰσότητα
1542 1348 1826 1419 βασιλικῆς

255 1444 466 1506 εἰκόνος
514 1444 591 1506 είς
622 1444 911 1514 trp/samum
953 1442 1049 1496 τοῦ
1091 1442 1227 1495 Θεοῦ
1261 1443 1435 1509 Λόγου
1485 1440 1825 1511 προσκυνού-

260 1549 449 1601 μενον,
483 1536 577 1585 καὶ
617 1535 754 1603 μετά
804 1535 903 1604 τὴν
933 1535 1227 1587 ἀνάστασιν
1274 1535 1542 1604 ἄτρεπτον
1588 1534 1707 1595 ταῖς
1740 1534 1826 1585 ἐν·

254 1624 428 1687 νοίαις
484 1626 577 1677 καὶ
626 1625 1008 1697 ἀναμάρτητον
1052 1626 1329 1687 παντελῶς
1364 1625 1675 1695 γενόμενον,
1725 1623 1825 1676 καὶ

253 1717 421 1769 πάλιν
445 1718 724 1787 εἰρηκότος
750 1717 846 1789 τὴν
868 1718 1060 1770 Ξνωσιν
1086 1719 1178 1771 τοῦ
1199 1716 1331 1769 Θεοῦ
1355 1717 1527 1784 Λόγου
1562 1716 1698 1782 πρὸς
1732 1715 1823 1767 τὸν

252 1805 492 1875 Χριστὸν
536 1806 787 1877 τοιαύτην
841 1807 1188 1876 γεγενῆσθαι,
1241 1808 1363 1860 οῖαν
1406 1803 1560 1858 εἶπεν
1595 1807 1623 1857 6
1662 1803 1823 1857 ’Λπόο

253 1896 442 1959 στολος
475 1895 515 1927 ⁸⁸
556 1898 647 1949 ἐπὶ
676 1897 867 1968 ἀνδρὸς
901 1898 993 1950 καὶ
1030 1898 1309 1965 γυναικός,
1365 1898 1647 1951 Ἔσονται
1676 1898 1731 1949 οι
1779 1895 1821 1927 ⁸⁸

252 1987 364 2041 δύο
403 1989 487 2054 εἰς
516 1979 912 2056 σάρκὼμίαν,
965 1991 1057 2042 καὶ
1094 1990 1228 2059 πρὸς
1276 1991 1393 2051 ταῖς
1421 1989 1607 2050 ἄλλαις
1636 1990 1824 2060 ἀναρι-

254 2069 482 2141 θμήτοις
520 2071 683 2125 αὑτοῦ
718 2071 1085 2143 βλασφημίαις
1121 2073 1485 2143 τολμήσαντος
1520 2074 1695 2125 εἰπεῖν
1740 2074 1823 2125 ὅτι

257 2164 396 2232 μετά
424 2163 519 2233 τὴν
546 2164 835 2217 ἀνάστασιν
867 2166 1187 2234 ἐμφυσήσας
1214 2168 1242 2217 6
1269 2166 1472 2236 Κύριος
1506 2167 1619 2228 τοῖς
1652 2165 1824 2235 μαθη-

251 2257 374 2316 ταῖς
398 2257 489 2307 κα)⁸
514 2255 681 2308 εἰπὼν
710 2255 773 2319 ¹⁸,
807 2255 1025 2309 Λάϐετε
1069 2256 1309 2321 Πνεῦμα
1346 2258 1385 2288 ¹⁷
1417 2256 1608 2326 ἅγιον,
1643 2259 1702 2310 οὑ
1740 2258 1824 2310 δε-

252 2333 443 2397 δωκὼς
472 2336 653 2398 αὑτοῖς
681 2336 903 2407 Πνεῦμα
959 2337 1135 2406 ἆγιον,
1193 2339 1327 2391 ἀλλά
1376 2340 1611 2410 σχήματι
1664 2340 1822 2411 μόνον

254 2425 608 2497 ἐνεφύσησεν.
638 2422 804 2490 Οὑτος
850 2429 905 2481 δὲ
953 2431 1046 2482 καὶ
1074 2429 1170 2499 τὴν
1200 2430 1490 2499 ὁμολογίαν
1522 2432 1721 2502 Θωμᾶ,
1754 2433 1822 2502 ἣν

254 2519 351 2569 ἐπὶ
380 2522 446 2589 τῇ
475 2518 785 2591 ψηλαφήσει
829 2504 937 2573 τῶν
975 2520 1173 2591 χειρῶν
1214 2521 1306 2573 καὶ
1333 2522 1430 2592 τῆς
1456 2523 1695 2593 πλευρᾶς
1727 2524 1821 2576 τοῦ

253 2611 464 2681 Κυρίου
501 2613 636 2681 μετά
662 2617 761 2684 τὴν
796 2616 1092 2667 ἀνάστασιν
1122 2614 1285 2676 1:6,‘0
1305 2602 1520 2681 Κύριός
1552 2633 1673 2684 μου
1720 2617 1818 2669 καὶ

255 2702 403 2767 Θεός
414 2720 555 2770 μου,
577 2698 751 2765 εἶπεν,
788 2705 862 2774 μὴ
895 2705 1142 2776 εἰρῆσθαι
1164 2706 1396 2775 περὶτοῦ
1420 2708 1653 2775 Χριστοῦ
1678 2711 1822 2777 παρά

251 2792 349 2845 τοῦ
378 2794 550 2863 Θωμᾶ
572 2813 586 2826 ν
619 2798 738 2849 οὑδὲ
775 2798 816 2828 ⁸⁸
835 2798 941 2868 γάρ
966 2794 1104 2850 εἶναι
1129 2798 1275 2865 λέγει
1300 2798 1390 2850 τὸν
1420 2800 1653 2869 Χριστὸν
1667 2799 1818 2863 Θεὸν,

252 2886 370 2939 ἀλλ’
404 2888 495 2942 ἐπὶ
531 2888 607 2958 τῷ
636 2890 919 2961 παραδόξῳ
957 2894 1056 2960 τῆς
1097 2886 1443 2954 ἀναστάσεως
1481 2892 1821 2961 ἐκπλαγέντα

251 2980 346 3057 τὸν
375 2980 579 3049 Θωμᾶν
622 2982 859 3052 ὑμνῆσαι
895 2982 986 3035 τὸν
1023 2982 1155 3035 Θεὸν
1184 2984 1275 3036 τὸν
1310 2987 1352 3015 ¹⁹
1396 2983 1684 3054 ἐγείραντα
1729 2985 1820 3037 τὸν

251 3072 509 3141 Χριστόν.
534 3074 677 3126 Τὸδέ
694 3075 738 3105 ²⁰
755 3076 956 3146 χεῖρον,
976 3075 1057 3128 δτι
1078 3078 1171 3128 καὶ
1189 3076 1231 3107 ²¹
1254 3078 1312 3128 ἐν
1328 3080 1394 3147 τῇ
1422 3076 1529 3129 τῶν
1560 3077 1819 3147 Πράξεων

251 3165 361 3214 τῶν
393 3165 706 3218 ἀποστόλων
720 3167 985 3240 γενομένῃ
1021 3170 1150 3239 παρ’
1176 3166 1342 3222 αὑτοῦ
1369 3169 1527 3238 δῆθεν
1553 3169 1820 3241 ἑρμηνείᾳ

254 3258 562 3327 συγκρίνων
596 3260 625 3311 6
660 3260 821 3322 αὑτὸς
859 3259 1132 3331 Θεόδωρος
1171 3260 1264 3313 τὸν
1305 3262 1539 3333 Χριστὸν
1574 3262 1820 3314 Πλάτωνι

253 3349 349 3400 καὶ
380 3349 670 3420 Μανιχαίῳ
710 3352 803 3403 καὶ
837 3352 1141 3422 Ἐπικούρῳ
1189 3353 1284 3407 καί⁵
1331 3354 1615 3425 Μαρκίωνι
1652 3355 1817 3422 λέγει,

252 3440 335 3491 ὃτι
368 3438 554 3509 ὥσπερ
586 3443 810 3494 ἐκείνων
843 3443 1070 3506 ἕκαστος
1091 3445 1392 3515 εὑράμενος
1424 3448 1619 3498 οἰκεῖον
1646 3445 1821 3513 δόγμα

253 3534 377 3594 τοὺς
414 3532 562 3602 αὑτῴ
590 3533 1035 3603 μαθητεύσαντας
1064 3536 1330 3607 πεποίηκε
1369 3536 1651 3591 καλεῖσθαι
1678 3540 1821 3591 Πλα-

254 3626 517 3687 τωνικοὺς
567 3629 657 3678 καὶ
717 3628 1048 3697 Μανιχαίους
1108 3633 1203 3683 καὶ
1265 3632 1671 3701 Ἐπικουρείους
1728 3634 1822 3685 καὶ

254 3717 698 3785 Ηαρκιωνιστάς,
729 3719 819 3772 τὸν
856 3722 1039 3789 ὅμοιον
1078 3723 1275 3792 τρόπον
1322 3724 1416 3776 καὶ
1454 3722 1550 3776 τοῦ
1586 3722 1821 3794 Χριστοῦ

253 3810 557 3879 εὑραμένου
589 3810 649 3863 τὸ
684 3811 856 3882 δόγμα
882 3813 940 3879 ἐξ
968 3813 1131 3865 αὑιοῦ
1176 3816 1299 3876 τοὺς
1325 3815 1683 3885 Χριστιανοὺς
1721 3831 1822 3867 κα·-

252 3899 487 3953 λεῖσθαι.
516 3901 579 3953 Εἰ
609 3918 691 3965 τις
716 3904 893 3957 τοίνυν
929 3906 1283 3957 ἀντιποιεῖται
1313 3905 1589 3975 Θεοδώρου
1627 3905 1722 3958 τοῦ
1755 3905 1825 3958 τά

250 3992 479 4045 τοιαῦτα
519 3994 1031 4066 βλασφημήσαντος,
1062 3996 1197 4049 ἀλλὰ
1239 3997 1313 4067 μὴ
1351 3996 1735 4067 ἀναθεματίζει
1777 4001 1822 4028 ³³

251 4087 416 4138 αὑτὸν
440 4089 536 4140 καὶ
566 4088 633 4141 τά
661 4088 825 4141 αὑτοῦ
862 4090 1267 4158 συγγράμματα
1300 4089 1392 4141 καὶ
1418 4091 1542 4152 τοὺς
1567 4091 1634 4143 τά
1663 4092 1825 4159 ὃμοια

250 4179 419 4233 αὑτοῦ
473 4180 803 4249 φρονοῦντας
842 4181 875 4251 ἢ
939 4184 1336 4251 φρονήσαντας,
1381 4180 1629 4250 ἀνάθεμα
1662 4182 1819 4235 ἔστω.

329 4272 433 4323 ιΕἴ
474 4288 558 4333 τις
598 4272 960 4324 ἀντιποιεῖται
992 4270 1100 4322 τῶν
1136 4272 1584 4340 συγγραμμάτων
1627 4270 1825 4323 Θεοδω-

252 4363 445 4433 ρὴτου,
478 4361 624 4433 ἅπερ
655 4363 866 4429 ἐξέθετο
898 4364 1036 4431 ὑπὲρ
1076 4362 1371 4431 Νεστορίου
1406 4362 1500 4414 τοῦ
1544 4362 1822 4431 αἱρετικοῦ

1924 520 2119 589 tychen
2147 528 2202 573 et
2227 535 2320 574 eos
2344 520 2437 590 qui
2467 519 2660 574 similia
2688 520 2767 575 eis
2809 533 3105 592 sapuerunt
3126 526 3209 579 vel
3241 529 3482 597 sapiunt.

1923 611 2045 666 talis
2074 612 2359 666 anathema
2397 612 2487 677 sit,

2000 721 2018 753 ι
2054 701 2143 755 XI.
2168 700 2223 755 Si
2245 702 2366 772 quis
2386 702 2628 757 dclendit
2650 700 2992 759 Theodorum
3021 705 3481 777 Mopsuestenum.

1922 793 2015 862 qui
2046 793 2181 847 dixit
2210 794 2373 847 alium
2410 808 2529 847 esse
2560 794 2728 848 Deum
2755 794 3009 862 Verbum,
3049 806 3103 853 et
3136 801 3296 857 alium
3322 789 3484 858 Chris

1922 894 2066 937 stum
2094 899 2123 937 a
2159 884 2501 953 passionibus
2529 886 2723 939 animae
2758 896 2812 940 et
2842 889 3125 946 desideriis
3154 896 3333 947 Carnis
3371 912 3487 950 mo.

1923 974 2108 1029 lestias
2140 976 2450 1045 patientem,
2485 984 2541 1029 et
2581 993 2645 1031 ex
2682 976 2921 1046 profectu
2970 996 3194 1051 operum
3232 987 3488 1042 meliona-

1921 1075 2061 1131 tum,
2088 1076 2142 1122 et
2188 1068 2516 1137 baptizatum
2562 1069 2615 1122 in
2670 1072 2889 1127 nomine
2930 1073 3125 1136 Patris.
3157 1087 3212 1131 et
3261 1078 3401 1145 Filii,
3432 1088 3489 1135 et

1924 1158 2159 1229 Spiritus
2180 1160 2371 1223 sancti,
2408 1168 2463 1214 et
2489 1176 2585 1229 per
2617 1160 2880 1230 baptisma
2908 1168 3133 1234 gratiam
3158 1171 3327 1224 sancti
3364 1170 3488 1241 Spi-

1924 1251 2063 1303 ritus
2085 1250 2380 1318 accepisse,
2417 1259 2471 1305 et
2513 1251 2875 1306 aﬂiliatiunem
2914 1256 3199 1319 meruisse,
3230 1268 3279 1311 et
3311 1260 3377 1313 ad
3417 1261 3491 1315 si-

1925 1339 2285 1394 militudinem
2336 1340 2631 1410 imperialis
2675 1342 2925 1413 imaginis
2967 1346 3021 1399 in
3070 1363 3353 1416 personam
3396 1352 3487 1406 Dei

1928 1430 2086 1486 Verbi
2120 1432 2353 1495 adorari,
2387 1443 2441 1487 et
2472 1445 2592 1503 post
2624 1437 3070 1491 resurrectionem
3098 1440 3486 1497 immutabilem

1926 1524 2372 1594 cogitationibus,
2428 1534 2481 1579 et
2543 1526 2944 1595 impeci-abilcm
3005 1534 3227 1586 omnino
3285 1533 3487 1590 factum

1925 1612 2091 1667 fuisse
2116 1632 2129 1667 :
2159 1623 2213 1667 et
2243 1615 2440 1668 iterum
2470 1616 2603 1670 dixit
2631 1616 2787 1671 talem
2814 1617 3006 1672 factam
3038 1636 3157 1675 esse
3189 1622 3487 1678 unitionem

1928 1705 2020 1758 Dei
2056 1704 2213 1759 Verbi
2265 1706 2330 1760 ad
2364 1708 2659 1772 Christum,
2697 1710 2910 1777 qualem
2942 1711 3070 1767 dixit
3101 1714 3390 1783 Apostolus
3420 1717 3488 1771 de

1853 1772 1897 1833 Β
1924 1797 2041 1851 viro
2079 1808 2133 1852 et
2166 1799 2424 1853 muliere:
2457 1800 2623 1853 Erunt
2660 1803 2761 1855 duo
2786 1804 2841 1855 in
2871 1820 3029 1858 carne
3062 1822 3206 1861 una:
3242 1818 3296 1862 et
3325 1818 3491 1878 super

1921 1889 2052 1944 alias
2086 1880 2661 1947 suas'innumerabiles
2687 1893 3049 1963 blasphemias
3081 1914 3247 1954 ausus
3275 1911 3361 1956 est
3401 1902 3488 1956 di-

1920 1997 2064 2047 cere,
2119 1984 2262 2052 quod
2314 1993 2436 2053 post
2485 1986 2938 2041 resurrectionem
2986 2005 3108 2044 cum
3162 1992 3489 2049 insutliasset

1924 2070 2183 2127 Dominus
2211 2074 2492 2143 disvipulis
2511 2075 2646 2137 suis,
2686 2087 2742 2132 et
2764 2078 2987 2134 dixisset
3012 2098 3025 2135 :
3054 2081 3282 2151 Accipite
3312 2084 3487 2155 Spiri-

1923 2172 2032 2215 tum
2064 2174 2344 2217 sanctum:
2381 2182 2487 2219 non
2517 2167 2666 2221 dedit
2690 2170 2770 2222 eis
2800 2168 3058 2240 Spiritum
3092 2184 3357 2241 sanctum,
3391 2177 3486 2232 sed

1922 2254 2192 2325 ﬁguratim
2222 2260 2591 2314 tantunnnodo
2623 2260 2928 2317 insulilavit.
2956 2264 3061 2319 Sed
3088 2274 3141 2319 et
3173 2264 3289 2337 [sed
3322 2271 3486 2324 etiam

1921 2349 1994 2401 sic
2040 2358 2089 2401 et
2138 2349 2375 2421 Leunrt.]
2414 2351 2841 2418 confessionem,
2876 2371 3036 2425 quam
3078 2358 3206 2413 fecit
3250 2360 3487 2417 Thomas

1922 2456 2043 2494 cum
2076 2441 2345 2510 palpasset
2384 2459 2575 2497 manus
2622 2455 2677 2499 et
2727 2446 2865 2502 latus
2912 2446 3124 2504 Domini
3160 2463 3280 2521 post
3304 2466 3485 2509 resur-

1921 2534 2237 2597 rectionem,
2270 2534 2495 2589 dicens:
2532 2536 2783 2591 Dominus
2830 2556 2995 2601 meus,
3033 2552 3082 2595 et
3126 2542 3265 2598 Deus
3319 2564 3483 2611 meus,

1922 2624 2093 2695 inquit
2153 2642 2261 2679 non
2294 2641 2414 2681 esse
2460 2628 2658 2682 dictam
2700 2646 2730 2683 a
2768 2630 2973 2686 Thoma
3014 2634 3081 2688 de
3112 2634 3327 2692 Christo
3364 2640 3487 2710 (nec

1920 2718 2065 2771 enim
2120 2718 2256 2773 dixit
2303 2718 2625 2775 Theodorus
2658 2722 2822 2776 lteum
2863 2739 2982 2779 esse
3022 2728 3341 2801 Christum),
3390 2733 3487 2787 sed

1920 2810 1986 2864 ad
2017 2810 2331 2864 miraculum
2370 2814 2780 2869 resurrectionis
2831 2817 3193 2886 stupefactum
3223 2822 3487 2879 Thomam

1920 2902 2245 2972 glorilicasse
2295 2903 2498 2967 Deum,
2536 2906 2625 2974 qui
2684 2906 2956 2963 Christum
2990 2914 3365 2971 rresuscitavit.
3422 2919 3489 2973 Et

1920 2996 2059 3064 quod
2092 2997 2243 3065 pejus
2297 3007 2398 3059 est,
2448 2998 2610 3051 etiam
2646 2999 2697 3051 in
2746 3001 3190 3071 interpretatione
3235 3026 3394 3080 quam
3434 3016 3486 3069 in

1920 3088 2068 3142 Actis
2096 3089 2457 3157 apostolorum
2483 3090 2698 3159 scripsit
2732 3092 3070 3162 Theodorus,
3105 3098 3335 3158 similem
3363 3106 3491 3163 fecit

1921 3180 2197 3234 Christum
2224 3182 2451 3247 Platoni,
2474 3192 2527 3236 et
2561 3182 2873 3249 Manichazo,
2903 3197 2959 3241 et
2986 3188 3237 3259 Epicuro,
3265 3205 3320 3249 et
3348 3197 3491 3253 Mar-

1922 3272 2096 3337 cioni,
2143 3273 2328 3327 dicens
2368 3275 2511 3343 quod
2558 3275 2698 3329 sicut
2754 3278 2966 3333 illorum
3022 3287 3389 3357 unusquisque
3422 3308 3487 3348 ex

1923 3366 2172 3435 dogmate
2199 3366 2342 3434 quod
2387 3366 2610 3431 invenit,
2657 3384 2784 3424 suos
2814 3371 3108 3443 discipulos
3152 3377 3281 3433 fecit
3311 3386 3490 3440 vocari

1925 3456 2247 3523 Platonicos,
2276 3468 2330 3512 et
2352 3458 2695 3541 Manichaeos,
2723 3472 2776 3517 ct
2812 3464 3105 3533 Epicureos
3137 3468 3487 3550 [Epicurius],

1924 3560 1978 3604 et
2008 3550 2392 3613 lllarciouistas,
2424 3552 2579 3605 simili
2613 3554 2771 3607 modo
2796 3565 2994 3611 etcum
3026 3559 3273 3618 Christus
3299 3567 3491 3638 dogma

1925 3643 2239 3707 invenisset,
2270 3660 2333 3698 ex
2367 3644 2482 3713 ipso
2511 3645 2847 3703 Christianos
2870 3653 3065 3705 vocari.
3100 3655 3154 3708 Si
3178 3657 3299 3726 quis
3330 3662 3493 3732 igitur

1923 3736 2166 3789 defendit
2198 3736 2448 3790 eumdem
2476 3737 2838 3803 Theodorum,
2860 3743 2949 3811 qui
2992 3745 3112 3799 talia
3150 3748 3492 3821 blaSphema-

1926 3828 2023 3891 vit,
2050 3836 2229 3882 etnon
2267 3830 2687 3885 anathematizat
2721 3847 2867 3898 eum,
2915 3838 2971 3890 et
2999 3839 3117 3906 ejus
3160 3847 3490 3916 conscripta,

1924 3930 1979 3974 et
2016 3935 2111 3974 eos
2147 3920 2236 3989 qui
2276 3922 2468 3976 similia
2516 3922 2589 3976 illi
2635 3937 2952 3994 sapuerunt,
2993 3932 3075 3984 vel
3107 3935 3343 4005 sapiunt,
3370 3940 3495 3996 talis

1924 4014 2210 4067 anathema
2237 4014 2325 4067 sit.

1999 4270 2018 4309 ι
2060 4256 2115 4311 Si
2165 4257 2288 4327 quis
2333 4256 2575 4312 defendit
2612 4260 2917 4330 conscripta
2966 4262 3324 4332 Theodoreti.
3373 4287 3496 4341 qua:

1924 4350 2174 4418 exposuit
2218 4365 2315 4418 pro
2363 4348 2612 4403 Nestorio
2669 4352 2925 4408 liacretico
2977 4358 3240 4415 adversus
3292 4375 3491 4420 rectam

251 4460 343 4508 καὶ
375 4457 522 4509 κατά
554 4457 653 4526 τῆς
683 4456 849 4527 ὀρθῆς
870 4458 1103 4521 πίστεως
1130 4458 1339 4527 καὶτῆς
1361 4460 1418 4510 ἐν
1443 4459 1651 4525 Ἐφέσῳ
1680 4457 1822 4529 πρώο

1926 4443 2108 4506 tidem,
2142 4451 2197 4495 et
2235 4442 2561 4510 Ephesiuam
2595 4444 2821 4512 primam
2853 4458 3095 4503 sanctam
3126 4456 3410 4521 synodum,
3437 4471 3494 4514 et
3592 4516 3605 4531 ,

250 4566 346 4616 της
376 4549 543 4616 ἁγίας
577 4549 792 4601 συνόδου
838 4551 931 4602 καὶ
975 4552 1068 4602 τοῦ
1114 4553 1173 4603 ἐν
1203 4552 1377 4616 ἁγίοις
1416 4550 1683 4620 Κυρίλλου
1731 4550 1822 4602 καὶ

252 4640 358 4694 τῶν
384 4640 451 4710 ιβ’
472 4639 640 4693 αὑτοῦ
668 4641 1056 4709 κεφαλαίων,ὲν
1080 4638 1161 4705 οἷς
1184 4644 1404 4695 ἀσεϐέσι
1431 4645 1821 4713 συγγράμμασι

255 4734 513 4802 σχετικὴν
546 4733 694 4800 λέγει
722 4734 820 4803 τὴν
851 4733 1043 4785 ’ἐνωσιν
1068 4734 1161 4786 τοῦ
1191 4735 1325 4787 Θεοῦ
1352 4734 1527 4801 Λόγου
1555 4736 1691 4800 πρὸς
1731 4736 1822 4787 τόν

254 4842 370 4877 τινα
402 4823 711 4893 ἄνθρωπον,
754 4825 882 4893 περὶ
918 4818 978 4877 οὑ
1017 4822 1352 4894 βλασφημῶν
1386 4825 1532 4893 λέγει
1566 4826 1647 4878 ὃτι
1680 4826 1821 4897 ἐψη-

254 4909 495 4979 λάφησεν
518 4908 718 4977 Θωμᾶς
747 4906 837 4960 τὸν
867 4908 1173 4960 ἀναστάντα
1200 4910 1294 4961 καὶ
1328 4910 1701 4981 προσεκύνησε
1728 4912 1820 4964 τὸν

257 5004 569 5070 ἐγείραντα·
602 5002 696 5053 καὶ
713 5001 801 5053 διά
823 4999 980 5053 τοῦτο
1002 5001 1216 5062 ἀσεϐεῖς
1248 5001 1403 5053 καλεῖ
1416 5003 1540 5064 τοὺς
1573 5006 1673 5071 τῆς
1699 5005 1821 5057 Ἐκ-

256 5095 485 5163 κλησίας
502 5092 853 5155 διδασκάλους
870 5092 995 5154 τοὺς
1020 5092 1142 5145 καθ’
1168 5093 1466 5145 ὑπόστασιν
1497 5094 1594 5166 τὴν
1628 5094 1823 5147 ἕνωσιν

254 5188 347 5240 τοῦ
374 5187 513 5239 Θεοῦ
552 5186 726 5254 Λόγου
770 5186 903 5256 πρὸς
927 5184 1024 5256 τὴν
1061 5185 1238 5255 σάρκα
1269 5185 1685 5254 ὁμολογοῦνταςο
1728 5188 1823 5240 καὶ

260 5278 394 5349 πρῆς
422 5277 633 5339 τούτοις
666 5276 926 5329 Θεοτόκον
958 5277 1283 5346 ἀπαρνεῖται
1329 5275 1429 5345 τὴν
1469 5276 1631 5343 ἁγίαν
1677 5276 1820 5328 ἔνδο-

262 5370 345 5435 ξον
376 5370 760 5441 ’Λειπαρθένον
787 5369 1021 5439 Μαρίαν.
1056 5368 1122 5420 Εἴ
1149 5385 1231 5431 τις
1258 5367 1436 5421 τοίνυν
1467 5369 1533 5422 τά
1559 5368 1824 5439 εἰρημένα

1926 4543 2173 4589 Sanctum
2213 4534 2502 4603 Cyrillum,
2557 4546 2611 4590 et
2650 4538 2934 4593 duodecim
2983 4543 3103 4611 ejus
3132 4548 3385 4615 capitula,
3438 4552 3490 4605 in

1924 4629 2123 4696 quibus
2152 4626 2423 4681 sceleratis
2467 4629 2789 4698 conscriptis
2833 4632 2970 4686 idem
3009 4634 3382 4694 Theodoretus
3408 4644 3494 4698 af—

1924 4719 2211 4774 fectualetn
2272 4719 2402 4773 dicit
2452 4720 2714 4775 unitatem
2774 4723 2863 4777 Dci
2896 4724 3055 4781 Verbi
3102 4730 3170 4783 ad
3218 4731 3493 4791 hominem

1925 4812 2235 4882 quemdam,
2266 4811 2332 4865 de
2384 4826 2489 4880 quo
2534 4812 2916 4882 blasphemans
2945 4818 3096 4883 dixit,
3129 4825 3273 4891 quod
3306 4826 3492 4897 palpa-

1925 4905 2005 4960 vit
2037 4905 2274 4959 Thomas
2330 4905 2577 4973 eumqui
2636 4909 2946 4970 resurrexit,
2994 4920 3049 4964 et
3094 4914 3334 4971 adoravit
3367 4934 3492 4974 eum

1926 4999 2017 5068 qui
2043 4996 2413 5060 resuscitavit;
2443 5005 2498 5049 et
2523 5007 2741 5066 propter
2769 4999 2871 5053 huc
2903 5002 3094 5071 impios
3125 5018 3276 5063 vocat
3302 5011 3493 5066 ducto-

1920 5107 2011 5147 res
2042 5090 2318 5151 Ecclesia),
2338 5088 2428 5157 qui
2458 5090 2717 5143 unitatem
2759 5096 3053 5149 secundum
3086 5100 3490 5159 subsistentiam

1921 5184 2014 5238 Dei
2048 5182 2207 5236 Verbi
2241 5181 2306 5235 ad
2338 5196 2554 5235 carnem
2575 5183 2922 5240 conﬁtentur.
2960 5189 3027 5243 Et
3055 5206 3220 5262 super
3248 5194 3364 5250 haec
3396 5196 3491 5252 Dei

1926 5276 2255 5331 chitricem
2302 5274 2533 5344 abnegat
2573 5284 2813 5331 sanctam
2856 5289 2909 5334 et
2952 5283 3237 5351 gloriosam
3278 5300 3495 5359 semper

1928 5367 2205 5436 Virginem
2259 5364 2500 5420 Mariam.
2552 5364 2607 5420 Si
2652 5368 2775 5438 quis
2826 5371 2989 5443 igitur
3020 5393 3315 5439 memorata
3357 5399 3494 5439 con-

1554 5550 1789 5606 ῩΑΒΙΑΞ
1832 5548 2227 5604 LECTIUNES.

366 5676 410 5707 “
435 5674 466 5728 6
487 5671 800 5732 ἀπόστολος.
827 5669 1051 5740 Epltes..
1078 5666 1141 5725 ν,
1173 5666 1260 5740 δι,

1339 5664 1594 5719 "olom.
1649 5662 1705 5716 P.
1785 5661 2275 5733 ’σείπὼυηιοτιιιη
2337 5678 2421 5729 xx,
2484 5663 2573 5720 29.

2681 5670 2720 5701 ¹⁷
2753 5671 2812 5725 τὸ
2838 5672 3054 5745 Πνεῦμα
3085 5676 3143 5730 Ρ.
3224 5678 3265 5709 ⁸⁸
3307 5676 3367 5731 οὐ
3422 5678 3487 5739 Ρ.

268 5747 312 5781 ι’
340 5747 423 5800 τὸν
442 5762 553 5800 om.
577 5743 639 5799 Ρ.
713 5745 758 5775 ⁸⁸
782 5731 898 5796 τόδὲ
932 5740 1039 5796 PV.
1115 5740 1158 5770 “
1184 5736 1277 5791 καὶ
1306 5734 1483 5792 ont.P.
1558 5735 1603 5767 “
1636 5734 2020 5805 ἁναθεματίσει
2050 5731 2157 5787 PV.
