4064 6400
621 321 721 386 931

1806 339 2240 404 CHRONICON
2283 343 2372 404 PA
2381 344 2688 409 SCIIALE.

3748 353 3849 415 932

621 447 820 508 scripta
876 438 1165 498 Thodorcti
1207 444 1470 512 defendit,
1517 456 1572 501 et
1621 463 1731 502 non
1775 451 2178 505 anathematiza:

2297 457 2703 526 συγγράμματα
2731 456 3078 529 Θεοδωρήτου
3117 461 3349 527 ἐπαινεῖ,
3375 461 3509 515 ἀλλά
3541 462 3616 533 μὴ
3657 463 3848 518 ἀναθε-

620 545 706 596 ea,
733 531 864 586 talis
903 535 1189 588 anathema
1233 537 1322 589 sit.
1351 539 1575 608 Propter
1604 541 1735 595 tales
1761 543 1905 595 enim
1933 543 2186 612 blasphe-

621 623 756 678 mias
783 625 852 678 ab
874 626 1182 695 episcopatu
1211 628 1452 698 dejectus
1478 639 1580 695 est,
1606 641 1660 686 et
1688 644 1871 701 postea
1903 635 1959 688 in
1995 646 2184 691 sancto

620 711 1046 769 Chalcedonensi
1081 717 1310 770 concilio
1355 721 1664 788 compulsus
1697 731 1780 776 cst
1829 723 2010 778 omnia
2059 741 2188 778 con-

621 804 785 858 traria
815 809 1126 862 memoratis
1165 809 1277 864 suis
1303 807 1624 881 con‘scriptis
1667 815 1862 877 facere.
1900 824 1956 870 ct
1986 828 2187 872 rectam

620 894 778 951 fidem
809 899 1076 954 confiteri.

695 1089 716 1122 ι
749 1069 804 1125 Si
857 1073 976 1141 quis
1029 1073 1270 1127 defendit
1320 1074 1540 1144 impiam
1589 1078 1894 1147 epistolam,
1924 1098 2085 1150 quam
2120 1085 2185 1138 ad

618 1157 807 1214 Marim
836 1160 1051 1216 Persam
1104 1164 1418 1218 haereticqu
1475 1166 1592 1221 lbas
1635 1172 1918 1240 scripsisse
1963 1174 2181 1239 dicitur,

615 1265 738 1321 quae
779 1254 1006 1323 abnegat
1045 1256 1211 1308 lleum
1241 1254 1472 1312 Verbum
1505 1260 1775 1316 hominem
1807 1263 2000 1318 factum
2035 1281 2175 1331 esse,

615 1352 672 1396 et
722 1343 855 1398 dicit
908 1361 1016 1399 non
1047 1347 1214 1401 Deum
1271 1348 1504 1404 Verhum
1554 1369 1617 1406 ex
1662 1353 1876 1425 Virgine
1925 1357 2175 1411 incarna-

616 1444 753 1498 tum,
808 1446 992 1490 natum
1045 1454 1198 1502 esse,
1245 1443 1338 1495 sed
1395 1459 1589 1512 purum
1641 1447 1913 1501 hominem
1968 1466 2030 1503 ex
2068 1451 2183 1519 ipsa

614 1539 736 1580 esse
783 1538 1000 1593 natum,
1050 1546 1210 1598 quem
1271 1537 1530 1603 templum
1586 1548 1762 1598 vocat,
1820 1549 1876 1592 ut
1927 1542 2060 1594 alius
2114 1543 2184 1597 sit

616 1613 761 1672 Deus
776 1617 1032 1686 Verbum,
1061 1630 1115 1675 et
1136 1624 1272 1677 alius
1309 1626 1476 1680 homo
1503 1645 1516 1680 :
1549 1637 1603 1682 et
1634 1644 1799 1698 super
1818 1632 1934 1686 haec
1967 1633 2185 1702 injuriat

615 1707 942 1778 Ephesinam
968 1713 1192 1781 primam
1213 1718 1496 1785 synodum,
1519 1721 1669 1788 quasi
1695 1723 1810 1776 sine
1837 1723 2184 1792 inquisitione

2293 545 2509 615 ματίξει
2542 548 2702 611 αὑτά,
2735 549 2763 600 ὁ
2788 547 3025 612 τοιοῦτος
3054 549 3300 617 ἀνάθεμα
3343 552 3504 604 ἐστω.
3532 551 3709 621 ’362
3756 553 3850 605 Διά

2287 637 2495 700 ταύτας
2525 639 2632 710 γάρ
2667 640 2764 703 τὰς
2795 641 3140 711 βλασφημίας
3169 643 3267 712 τῆς
3291 644 3592 713 ἐπισκοπῆς
3633 643 3850 714 ἐξεϐλή-

2287 729 2376 799 θη.
2404 730 2498 783 καὶ
2523 731 2659 800 μετά
2686 731 2856 785 ταῦτα
2879 735 2936 786 ἐν
2958 737 3024 804 τῇ
3060 735 3190 805 ἁγία
3235 735 3436 805 συνόδῳ
3479 737 3544 804 τῇ
3601 736 3661 788 ἐν
3708 733 3849 788 Χαλ-

2287 821 2471 891 κηδόνι
2500 823 2780 896 συνωθήθη
2827 826 3003 879 πάντα
3033 827 3101 880 τά
3147 827 3366 881 ἐναντία
3393 831 3505 888 τοῖς
3539 845 3851 899 μνημονευ-

2287 911 2454 964 θεῖσιν
2498 912 2662 964 αὐτοῦ
2712 915 3092 985 συγγράμασιν
3127 916 3350 982 ποιῆσαι
3391 917 3485 968 καὶ
3532 916 3632 987 τὴν
3684 914 3850 986 ὀρθὴν

2287 1001 2468 1054 πίστιν
2499 1001 2852 1072 ὁμολογῆσαι.

2363 1087 2464 1140 «Et
2502 1106 2586 1151 τις
2627 1092 2982 1143 ἀντιποιεῖται
3009 1091 3109 1160 τῆς
3141 1091 3370 1152 ἀσεϐους
3418 1091 3708 1160 ἐπιστολῆς
3755 1091 3852 1160 τῆς

2284 1174 2583 1246 λεγομένης
2629 1179 2781 1248 παρά
2838 1178 2958 1231 Ἴϐα
3000 1180 3306 1249 γεγράφθαι
3343 1180 3480 1249 πρὸς
3526 1181 3711 1251 Μάριν
3763 1179 3852 1231 τὸν

2285 1264 2501 1335 Πέρσην
2529 1265 2620 1316 τὸν
2653 1266 2947 1336 αἱρετικὸν,
2978 1268 3077 1334 τῆς
3095 1267 3432 1337 ἀρνουμένης
3463 1266 3554 1318 τὸν
3585 1266 3720 1318 Θεὸν
3747 1267 3848 1318 Λό-

2284 1371 2379 1421 γον
2432 1355 2719 1426 ἀνθρωπον
2785 1359 3108 1428 γεγενῆσθαι
3175 1360 3269 1412 καὶ
3321 1357 3583 1426 λεγούσης
3638 1356 3714 1426 μὴ
3761 1358 3846 1410 τὺι

2283 1450 2452 1516 Λόγον
2486 1451 2532 1481 ⁸³
2561 1453 2624 1503 ἐκ
2653 1455 2750 1520 τῆς
2790 1446 3063 1521 Παρθένου
3112 1450 3467 1521 σαρκιιιθέντα
3497 1451 3850 1520 γεννηθῆναι,

2284 1538 2419 1592 ἀλλὰ
2461 1538 2616 1607 ψιλὸν
2657 1542 2943 1610 ἄνθρωπον
2994 1542 3042 1572 ’³
3079 1541 3138 1606 ἐξ
3183 1541 3351 1611 αὐτῆς
3395 1539 3748 1609 γεννηθῆναι.
3794 1540 3852 1593 δν

2283 1631 2408 1683 ναὸν
2435 1631 2722 1697 ἀποκαλεῖ,
2773 1633 2849 1695 ὡς
2895 1633 3053 1686 ἄλλον
3081 1629 3217 1686 εἶναι
3245 1634 3337 1687 τὸν
3365 1633 3498 1686 Θεὸν
3545 1636 3719 1701 Λόγον
3761 1634 3853 1686 καὶ

2287 1720 2449 1774 ἄλλον
2479 1721 2569 1774 τὸν
2614 1722 2918 1792 ἄνθρωπον,
2959 1724 3093 1794 πρὸς
3123 1723 3333 1785 τούτοις
3372 1723 3434 1775 δὲ
3465 1721 3854 1792 ἐνυϐριζούσης

613 1808 673 1854 ct
711 1802 1112 1857 examinatione
1141 1806 1209 1859 ab
1252 1806 1367 1875 ipsa
1420 1807 1668 1864 Nestorio
1719 1815 2096 1881 condemnato,
2127 1827 2178 1871 et

2281 1813 2380 1879 τὴν
2408 1813 2464 1864 ἐν
2513 1812 2723 1883 Ἐφέσῳ
2753 1813 2974 1884 πρώτην
3006 1814 3244 1878 σύνοδον,
3273 1814 3349 1876 ὡς
3370 1813 3536 1884 χωρὶς
3572 1813 3853 1880 ζητήσεως

614 1903 861 1947 sanctum
907 1893 1162 1964 Cyrillum
1215 1908 1370 1953 vocat
1418 1899 1748 1969 hmreticum,
1789 1913 1845 1960 et
1886 1907 2170 1962 duodecim

613 1981 734 2051 ejus
760 1984 994 2054 capitula
1019 1987 1182 2056 impia
1205 1990 1358 2051 dicit,
1384 1991 1690 2048 Nestorium
1713 2005 1890 2051 autem
1917 2008 1970 2053 et
2001 1999 2178 2054 'l‘heo-

611 2075 803 2130 dorum
841 2094 966 2132 cum
998 2079 1180 2150 impiis
1221 2098 1408 2137 eorum
1456 2088 1779 2158 conscriptis
1829 2091 2102 2146 collaudat
2131 2101 2184 2147 et

609 2167 878 2224 defendit.
913 2170 972 2223 Si
1017 2173 1139 2242 quis
1180 2174 1361 2245 igitur,
1412 2179 1551 2232 sicut
1578 2180 1782 2234 dictum
1812 2194 1914 2244 est,
1939 2187 2182 2240 eamdem

609 2258 783 2330 ipsam
838 2264 1123 2328 epistolam
1181 2268 1440 2334 vindicat,
1488 2272 1570 2326 vel
1633 2283 1834 2327 rectam
1891 2291 2011 2331 esse
2054 2278 2184 2332 dicit

610 2351 804 2422 ipsam,
847 2355 931 2410 vel
977 2367 1183 2426 partem
1229 2360 1432 2430 ipsius,
1472 2363 1568 2418 sed
1612 2380 1721 2419 non
1758 2368 2182 2425 anathematizat

613 2457 760 2512 eam,
784 2449 1072 2503 anathema
1104 2450 1196 2504 sit.

685 2639 704 2672 ι
739 2620 854 2676 Tali
906 2639 1032 2694 ergo
1088 2628 1248 2698 impia
1296 2630 1520 2701 epistola
1560 2635 1704 2705 juste
1735 2640 2182 2698 anathematizata

610 2725 836 2783 propter
879 2717 1112 2774 insertas
1162 2723 1208 2774 ei
1251 2722 1633 2794 blasphemias,
1675 2728 1944 2785 Theodori
1979 2743 2034 2787 et
2075 2734 2182 2789 Νε-

607 2805 757 2858 storii
814 2807 1098 2876 impiOrum
1141 2827 1402 2881 sequaces
1444 2830 1714 2874 conantur
1753 2822 1956 2888 dicere,
1995 2840 2180 2880 susce—

607 2908 754 2966 ptam
805 2916 927 2954 esse
966 2917 1082 2954 eam
1109 2960 1116 2966 ,
1144 2919 1173 2956 a
1235 2916 1420 2962 sancto
1460 2908 1890 2969 Chalcedonensi
1932 2919 2179 2972 concilio.

607 2985 724 3040 ιιυο
775 2999 956 3043 autem
994 2992 1201 3060 dicunt,
1235 3007 1476 3052 sanctam
1527 3003 1744 3070 quidem
1775 3004 2183 3062 Chalcedonen-

603 3091 721 3132 scm
769 3082 1031 3150 synodum
1085 3085 1508 3154 calumniantes‘,
1559 3097 1778 3150 nomine
1829 3107 2009 3152 autem
2061 3101 2181 3168 ejus

604 3165 924 3223 festinantes
967 3171 1147 3226 debita
1189 3177 1639 3236 condemnatione
1666 3184 1896 3241 liberare
1923 3165 2178 3243 Theodo-

604 3271 745 3324 rum,
774 3270 829 3313 et
873 3261 1205 3331 Nestorium,
1239 3276 1295 3320 et
1348 3269 1566 3340 impiam
1611 3275 1914 3343 epistolam,
1950 3293 2048 3347 pro
2076 3295 2182 3348 qua

608 3349 732 3404 lbas
753 3352 952 3420 saepius
983 3367 1290 3422 accusatus,
1323 3376 1430 3415 non
1461 3374 1544 3418 est
1573 3381 1738 3421 ausus
1760 3383 1878 3422 eam
1909 3385 2061 3424 suam
2093 3373 2180 3426 di-

602 3457 729 3496 cere
750 3455 969 3514 propter
989 3447 1220 3503 insertas
1244 3451 1293 3505 ei
1322 3453 1700 3523 blasphemias.
1726 3457 1790 3512 Et
1815 3461 1930 3515 haec
1949 3461 2177 3516 demon-

605 3535 902 3590 strabimus
941 3552 1007 3591 ex
1058 3539 1163 3603 his,
1196 3558 1316 3610 qua:
1349 3545 1563 3601 diverse
1589 3549 1656 3601 de
1685 3549 1785 3603 ista
1827 3567 1988 3606 causa
2033 3564 2179 3609 mota

604 3635 750 3679 sunt.
795 3625 849 3679 in
886 3628 971 3681 his
1019 3631 1165 3684 enim
1226 3649 1347 3701 qua:
1395 3637 1538 3705 apud
1588 3637 1839 3695 Photium
1885 3653 1940 3697 et
1985 3645 2179 3698 Eusta-

605 3717 781 3771 thium
833 3719 957 3789 Tyri
1000 3731 1118 3776 acta
1165 3733 1311 3790 sunt,
1347 3743 1469 3782 cum
1505 3743 1858 3788 accusaretur
1892 3736 2179 3803 praedictus

605 3807 729 3864 lbas
778 3811 844 3865 de
897 3811 1109 3886 ipjuriis
1137 3818 1534 3887 sanctiCyrilli,
1577 3823 1866 3880 manifeste
1895 3827 2179 3883 confessus

606 3909 710 3964 est,
736 3911 857 3970 post
888 3904 1149 3958 unitatem
1182 3907 1560 3975 Orientalium,
1585 3929 1706 3981 quas
1734 3916 1798 3969 ad
1833 3929 2034 3971 sancta:
2055 3934 2177 3978 me-

603 3991 790 4044 moriae
831 3991 1086 4061 Cyrillum
1127 3992 1266 4049 facta
1317 4007 1417 4062 est,
1463 3998 1599 4053 nihil
1640 4001 2062 4071 injuriosum-de
2111 4020 2177 4058 eo

601 4081 822 4136 dixisse.
866 4083 1100 4152 Epistola
1149 4097 1327 4142 autem
1382 4091 1540 4159 plena
1593 4093 1862 4162 praedictis
1920 4095 2173 4164 blasphe-

600 4174 744 4235 miis,
785 4191 882 4244 pro
930 4178 1127 4245 quibus
1169 4183 1527 4236 accusabatur
1573 4185 1712 4249 lbas,
1758 4188 1954 4240 multas
1985 4198 2173 4242 contra

599 4276 848 4320 sanctum
903 4268 1158 4338 Cyrillum
1215 4272 1442 4340 injurias
1492 4276 1800 4338 Continens,
1853 4276 1993 4331 facta
2051 4292 2172 4332 esse

601 4359 903 4412 ostenditur
933 4371 1055 4430 post
1102 4363 1362 4416 unitatem
1395 4365 1462 4418 ad
1505 4365 1810 4421 Orientales
1843 4368 2061 4434 factam,
2098 4385 2164 4424 ex

2285 1907 2378 1958 καὶ
2402 1905 2636 1976 κρίσεως
2673 1905 2961 1976 Νεστὸριον
2991 1906 3434 1960 καταδικάσασαν
3472 1907 3518 1936 ⁸⁸
3543 1903 3756 1956 καὶτὸν
3794 1905 3853 1956 ἐν

2285 1997 2463 2063 ἁγίοις
2492 1997 2758 2068 Κύριλλον
2789 1997 3065 2066 αἱρετικὸν
3109 1982 3485 2066 ἀποκαλούσης
3534 1995 3632 2047 καὶ
3680 1993 3850 2064 ἀσεϐῆ

2281 2087 2350 2139 τά
2379 2086 2444 2157 ιβ’
2477 2089 2642 2141 αὑτοῦ
2677 2088 2970 2156 κεφάλαια,
3006 2090 3300 2159 Νεστόριον
3345 2087 3405 2140 δὲ
3447 2088 3494 2118 ⁸⁸
3522 2087 3620 2140 καὶ
3646 2085 3854 2138 6566m—

2285 2196 2376 2247 ρον
2415 2181 2553 2250 μετὰ
2583 2183 2690 2234 τῶν
2737 2180 2953 2233 ἀσεϐῶν
3003 2180 3168 2233 αὑτοῦ
3207 2181 3665 2251 συγγραμμάτων
3699 2179 3856 2231 ἐπαι-

2282 2275 2478 2346 νούσης
2502 2279 2594 2329 καὶ
2617 2277 2956 2347 ἐκδικούσης.
2999 2277 3066 2328 Εἰ
3093 2294 3174 2339 τις
3201 2277 3401 2341 τοίνυν,
3430 2276 3576 2328 καθὰ
3614 2274 3852 2346 εἴρηται,

2283 2369 2384 2438 τὴν
2416 2370 2712 2439 εἰρημένην
2740 2369 2914 2438 ἀσεϐῆ
2945 2368 3232 2439 ἐπιστολὴν
3261 2370 3464 2421 ἐκδικεῖ
3494 2368 3526 2437 ἦ
3557 2368 3728 2439 ὀρθὴν
3759 2369 3856 2420 αύ-

2282 2460 2378 2530 τὴν
2405 2459 2544 2514 εἶναι
2576 2461 2723 2528 λέγει
2756 2461 2788 2532 ἣ
2832 2463 2996 2531 μέρος
3037 2460 3226 2531 αὐτῆς,
3268 2460 3404 2515 άλλά
3454 2459 3530 2529 μὴ
3574 2459 3854 2530 ἀναθεμα-

2283 2553 2423 2616 τίζει
2458 2553 2651 2622 αὐτὴν,
2686 2554 2940 2622 ἀνάθεμα,
2963 2551 3125 2604 ἔστω.

2359 2639 2499 2710 «Τῆς
2526 2640 2780 2710 τοιαύτης
2812 2643 2989 2693 τοίνυν
3013 2641 3300 2710 ἐπιστολῆς
3321 2641 3543 2707 δικαίως
3577 2645 3857 2713 ἀναθεμαο

2283 2730 2560 2800 τισθείσης
2587 2729 2672 2783 διά
2696 2734 2794 2794 τὰς
2826 2732 3219 2802 περιεχομένας
3241 2733 3284 2763 ’⁷
3315 2735 3452 2803 αὐτῇ
3481 2734 3856 2805 βλασφημίας,

2284 2825 2330 2875 οἱ
2364 2823 2430 2876 τὰ
2457 2825 2502 2854 ’⁸
2531 2822 2805 2893 Θεοδώρου
2856 2825 2950 2877 καὶ
2991 2825 3281 2895 Νεστορίου
3320 2825 3429 2878 τῶν
3453 2826 3671 2880 ἀσεϐῶν
3716 2845 3854 2898 φρο-

2284 2915 2500 2979 νοῦντες
2548 2916 2878 2987 ἐπιχειροῦσι
2931 2916 3108 2986 λέγειν
3168 2919 3374 2989 ταύτην
3408 2918 3656 2989 δεδέχθαι
3702 2920 3856 2991 παρὰ

2283 3007 2383 3076 τῆς
2422 3007 2583 3074 ἁγίας
2615 3011 2672 3060 ἐν
2709 3003 3012 3079 Χαλκηδόνι
3044 3010 3281 3062 συνόδου.
3318 3009 3488 3062 Τοῦτο
3529 3009 3588 3061 δὲ
3635 3009 3856 3078 λέγουσι

2209 3140 2250 3194 C
2283 3101 2382 3168 τὴν
2410 3100 2508 3169 μὲν
2530 3101 2690 3168 ἁγίαν
2713 3101 2926 3154 σύνοδον
2951 3101 3432 3171 συκοφαντοῦντες,
3462 3101 3540 3172 τῷ
3569 3101 3623 3154 δὲ
3648 3101 3855 3172 ταύτης

2285 3193 2634 3261 προσχήματι
2665 3192 3054 3257 σπουδάζοντες
3076 3196 3175 3265 τῆς
3199 3194 3555 3265 ὀφειλομένης
3592 3195 3858 3265 κατακρί-

2283 3299 2420 3346 σεως
2457 3283 2820 3351 ἐλευθερῶσαι
2849 3285 3124 3352 Θεόδωρον
3147 3287 3239 3339 καὶ
3274 3287 3568 3355 Νεστόριον
3604 3285 3702 3338 καὶ
3751 3287 3854 3353 τὴν

2281 3375 2452 3444 ἀσεϐῆ
2484 3375 2792 3445 ἐπιστολὴν,
2846 3376 2975 3445 περὶ
3025 3372 3092 3448 ἦς
3133 3377 3282 3440 Ἴϐας
3309 3377 3570 3441 πολλάκις
3613 3394 3856 3449 κατηγο-

2282 3466 2468 3536 ρηθεὶς
2498 3467 2598 3519 οὐκ
2627 3467 2894 3537 ἐτόλμησε
2950 3468 3154 3539 ταύτην
3197 3470 3585 3522 οἰκειώσασθαι
3621 3470 3713 3522 διὰ
3752 3470 3853 3533 τάς

2281 3559 2680 3629 περιεχομένας
2711 3561 2846 3630 αὐτῇ
2881 3559 3251 3631 βλασφημίας.
3283 3563 3393 3614 Καὶ
3421 3560 3596 3615 ταῦτα
3632 3561 3856 3616 ἀποδεί-

2281 3649 2445 3716 ξομεν
2485 3651 2548 3701 ἐκ
2580 3650 2687 3702 τῶν
2745 3651 3014 3721 διαφόρως
3063 3652 3191 3721 περὶ
3230 3652 3415 3705 τούτου
3446 3655 3850 3724 κεκινημένων.

2292 3739 2380 3790 Ἐν
2403 3738 2512 3809 γάρ
2541 3741 2651 3801 τοῖς
2689 3741 2838 3810 παρὰ
2861 3742 3065 3794 Φωτίου
3109 3742 3205 3796 καὶ
3250 3743 3548 3796 Εὐσταθίου
3595 3761 3850 3816 πεπραγ-

2286 3829 2471 3900 μένοις
2500 3832 2558 3880 ἐν
2587 3829 2745 3900 Τύρῳ
2791 3834 3264 3903 κατηγορούμενος
3291 3836 3320 3887 ὁ
3343 3834 3664 3906 προλεχθεὶς
3698 3836 3850 3899 Ἰϐας

2279 3924 2410 3992 περὶ
2443 3923 2552 3992 τῶν
2589 3922 2802 3994 ὕϐρεων
2842 3924 2934 3977 τοῦ
2964 3927 3020 3978 ἐν
3071 3927 3248 3994 ἁγίοις
3279 3927 3548 3996 Κυρίλ>.ου
3597 3928 3850 3998 φανερῶς

2278 4013 2537 4066 κατέθετο
2566 4017 2703 4085 μετὰ
2731 4018 2828 4085 τὴν
2848 4016 3040 4069 ἕνωσιν
3080 4018 3188 4070 τῶν
3213 4018 3544 4071 ἀνατολικῶν
3587 4021 3690 4090 τὴν
3713 4020 3852 4090 πρὸς

2276 4106 2366 4158 τὸν
2400 4108 2460 4158 ἐν
2485 4109 2661 4174 ἁγίοις
2691 4108 2956 4176 Κύριλλον
2978 4110 3142 4180 μηδὲν
3173 4111 3382 4182 ὕϐρεως
3412 4113 3673 4182 ἐχόμενον
3694 4115 3847 4188 είρη-

2276 4199 2430 4250 κέναι
2467 4201 2593 4270 περὶ
2624 4201 2810 4254 αὑτοῦ.
2849 4202 2911 4253 Ἦ
2937 4202 2992 4254 δὲ
3019 4203 3270 4274 ἐπιστολὴ
3299 4205 3332 4274 ὴ
3369 4205 3413 4235 ²⁹
3436 4204 3844 4275 πεπληρωμένη

2275 4291 2382 4342 τῶν
2410 4293 2528 4360 είρη
2540 4292 2714 4359 μένων
2744 4293 3123 4362 βλασφημιῶν,
3171 4295 3255 4361 ἐφ’
3283 4287 3368 4355 αἷς
3415 4297 3777 4364 κατηγορεῖτο
3801 4295 3845 4325 ³⁸

2279 4382 2450 4445 Ἰϐκς,
2483 4382 2682 4446 πολλάς
2717 4383 2856 4436 κατὰ
2888 4383 2983 4436 τοῦ
3024 4385 3080 4435 ἐν
3114 4385 3287 4451 ἁγίοις
3339 4385 3611 4456 Κυρίλλου
3662 4385 3845 4453 ὕϐρεις

599 4466 708 4520 quo
735 4451 1141 4506 demonstratur
1174 4453 1292 4508 lbas
1324 4471 1443 4509 eam
1485 4458 1802 4526 abnegasse.
1843 4459 1996 4515 Unde
2029 4476 2168 4530 prae-

2280 4474 2599 4544 περιέχουσα
2623 4476 2972 4544 παρίστησιν,
2997 4475 3077 4528 ὅτι
3101 4476 3238 4546 μετὰ
3256 4475 3352 4547 τὴν
3375 4477 3567 4530 ἕνωσίν
3587 4476 3688 4539 τὴν
3712 4476 3844 4546 πρὸς

599 4541 728 4595 dicti
757 4541 982 4597 Photius
1009 4554 1064 4597 et
1093 4544 1408 4602 Eustathius
1448 4549 1844 4606 satisfacientes
1883 4564 2171 4607 accusato-

601 4635 774 4698 ribus,
813 4637 869 4690 in
899 4637 1114 4706 scriptis
1143 4636 1492 4703 definierunt,
1527 4643 1844 4710 praedictum
1879 4644 2024 4698 Ibam
2055 4661 2174 4698 om-

600 4730 690 4782 nia
733 4730 1005 4783 contraria
1035 4729 1280 4798 epistola:
1326 4745 1603 4800 peragere,
1635 4733 1777 4787 sicut
1802 4735 2072 4803 judicium
2105 4738 2174 4792 ab

599 4824 682 4877 eis
726 4821 796 4877 de
843 4823 946 4877 hoc
991 4824 1175 4877 datum
1235 4822 1522 4894 signiﬁcat.
1577 4824 1685 4879 Sed
1729 4843 1851 4880 cum
1904 4827 2025 4881 lbas
2065 4845 2172 4883 non

601 4915 950 4984 adimplesset
976 4931 1039 4970 ea
1082 4931 1202 4985 quae
1232 4915 1305 4968 illi
1337 4915 1736 4983 judicaverunt,
1767 4919 1974 4986 ejectus
2002 4931 2080 4974 εει
2105 4922 2173 4976 ab

601 5009 916 5077 episcopatu
947 5019 1166 5078 prepter
1185 5008 1548 5077 blasphemias
1575 5009 1876 5078 praedicata:
1901 5013 2167 5080 epistolze,

603 5109 661 5154 et
706 5099 930 5156 Nonnus
968 5117 1066 5171 pro
1104 5102 1194 5154 illo
1240 5100 1521 5154 ordinatus
1553 5111 1655 5164 est,
1697 5103 1790 5172 qui
1827 5113 1882 5158 et
1923 5106 2173 5160 consedit

603 5193 659 5248 in
688 5201 875 5248 sancto
901 5193 1325 5247 Clialccdoucnsi
1357 5193 1604 5247 concilio.

2274 4565 2400 4626 τοὺς
2453 4565 2806 4628 άνατολικοὺς
2847 4567 3072 4634 γέγονεν
3111 4583 3126 4599 ο
3180 4567 3240 4632 ἐξ
3279 4563 3339 4622 οὗ
3390 4568 3667 4622 δείκνυται
3695 4569 3845 4631 Ἰϐας

2273 4655 2474 4725 ταύτην
2535 4656 3016 4725 ἀπαρνησάμενος.
3061 4658 3225 4712 Ὅθεν
3282 4661 3331 4713 οἱ
3377 4660 3842 4731 μνημονευθέντες

2273 4748 2478 4809 Φὼτιος
2507 4749 2600 4799 καὶ
2625 4748 2920 4813 Εὑστάθιος
2943 4750 3030 4802 ὃιὰ
3051 4750 3148 4822 τὴν
3173 4751 3282 4804 τῶν
3306 4752 3686 4820 ἐγκαλούντων
3712 4753 3844 4820 πλη-

2277 4839 2537 4909 ροφορίαν
2567 4840 2864 4909 ἐγγράφως
2886 4841 3228 4895 διετύπωσαν
3256 4842 3346 4895 τὸν
3367 4841 3662 4914 εἰρημένον
3692 4844 3841 4895 ἰϐαν

2278 4933 2454 4983 πάντα
2475 4929 2540 4982 τὰ
2571 4931 2788 4982 ἐναντία
2813 4933 2877 5001 τῇ
2907 4932 3161 5003 ἐπιστολῇ
3190 4932 3411 5003 πρᾶξαι,
3443 4931 3629 4997 καθὼς
3659 4936 3694 5004 ἡ
3719 4935 3841 5002 περὶ

2277 5020 2467 5073 τούτου
2517 5020 2733 5073 δοθεῖσα
2779 5024 2911 5093 παρ’
2977 5023 3152 5076 αὐτῶν
3221 5025 3498 5097 ἐπίκρισις
3546 5025 3834 5079 δείκνυσιν.

2291 5112 2449 5164 ’Λλλά
2481 5112 2555 5182 μὴ
2604 5113 2899 5183 πληρώσας
2932 5114 3091 5185 363
3128 5116 3279 5179 Ἴϐας
3326 5119 3393 5170 τά
3433 5117 3562 5186 παρ’
3618 5117 3838 5174 ἐκείνων

2281 5203 2630 5273 ἐπικριθέντα
2661 5203 2924 5275 ἐξεϐλήθη
2955 5206 3052 5275 τῆς
3093 5208 3397 5278 ἐπισκοπῆς
3424 5207 3514 5260 διὰ
3558 5209 3658 5271 τάς
3690 5209 3839 5260 ϐλασ-

604 5283 812 5353 φημίας
870 5283 969 5353 τῆς
1026 5284 1321 5352 εἰρημένης
1387 5283 1693 5353 ἐπιστολῆς,
1762 5284 1856 5338 καὶ
1889 5288 1932 5318 ⁸¹
1991 5288 2186 5352 Νόννος
2254 5294 2368 5345 ἀντ’
2424 5294 2589 5346 αὐτοῦ
2641 5295 3045 5367 ἐχειροτονήθη,
3106 5297 3164 5361 ὃς
3221 5300 3314 5352 καὶ
3371 5299 3740 5369 συνεκαθέσθη
3773 5302 3830 5366 τῇ

601 5375 734 5447 ἁγίᾳ
761 5377 818 5429 ἐν
842 5376 1146 5445 Χαλκηδόνι
1179 5376 1402 5447 συνόδῳ.

603 5654 918 5780 ριεχομξὶνας
949 5651 1276 5778 (é~a,)5’dsgila.
1353 5655 1397 5687 ³⁸
1429 5651 1475 5707 οι
1524 5658 1610 5711 τά.
1669 5651 1755 5711 οἷα
1809 5651 1917 5713 PV.

635 5733 750 5779 ’κα
830 5738 1063 5780 emeoa
1144 5739 1240 5780 ι.

635 5733 651 5756 ³
680 5733 771 5779 καὶ
795 5733 860 5780 de
893 5738 1012 5780 meo
1035 5733 1240 5781 addidi.

1894 5468 2123 5526 VARUE
2167 5471 2570 5527 LECTIONES.

670 5583 720 5617 ³³
749 5581 838 5657 τὸν
866 5582 999 5657 Θεὸν
1030 5581 1292 5657 Λέγον-Ρ.
1355 5583 1412 5657 _'_‘
1437 5583 1592 5652 ψιλὸν
1620 5585 1723 5657 τὸν,
1735 5585 2018 5657 ἄνθρωπον
2049 5589 2088 5642 Ρ
2109 5588 2245 5644 sola.

2344 5590 2390 5664 ξ
2417 5591 2858 5664 καταδικασάσης
2891 5595 2930 5650 Ρ
2956 5597 3090 5652 sola.
3167 5596 3213 5627 “
3243 5595 3298 5649 δὲ
3336 5609 3444 5647 om.
3503 5597 3566 5649 P.
3643 5600 3686 5629 "
3737 5613 3829 5649 πε-

2025 5662 2068 5692 ”
2097 5661 2132 5730 ἡ
2185 5676 2294 5716 οιιι.
2351 5659 2413 5715 Ρ.
2491 5663 2534 5693 ³⁰
2591 5659 2946 5737 κατηγορεῖτο
3000 5685 3074 5722 ιιι.
3149 5666 3214 5733 Β,
3277 5669 3664 5736 κατηγορεῖται
3725 5667 3826 5724 ΡΥ.
