4064 6402
191 307 291 372 933

263 419 432 491 «Περὶ
454 420 564 474 τῶν
588 421 766 474 αὐτῶν
793 421 972 475 τοίνυν
997 421 1089 475 καὶ
1113 421 1169 473 ἐν
1194 419 1495 490 Χαλκηδόνι
1517 437 1750 492 κατηγο·
1778 435 1821 490 Α

189 511 370 584 ρηθεὶς
395 512 422 564 6
455 514 844 584 μνημονευθεῖς
869 514 1019 576 Ἴϐας
1045 513 1182 583 μετά
1206 513 1306 584 τὴν
1332 513 1633 580 ἀνάγνωσιν
1654 515 1752 583 τῆς

191 603 421 668 ἀσεϐοῦς
472 605 760 673 ἐπιπολῆς
792 607 893 659 ούκ
926 605 1190 676 ἐτόλμησε
1237 605 1439 676 ταύτην
1470 605 1757 658 οἰκειῶσα-

188 695 332 760 σθαι,
355 697 469 750 ἀλλ’
490 697 650 761 εὐθὺς
682 699 868 760 αὐταῖς
888 697 1094 763 λέξεσιν
1124 698 1425 767 ἐπήγαγεν,
1450 697 1531 750 ὅτι
1569 696 1752 750 Ἀλλό-

184 786 331 854 τριός
361 788 476 856 είμι
505 786 612 842 τῶν
646 789 999 858 ἐπαγομένων
1029 805 1139 858 μοι.
1180 788 1346 842 ὐθεν
1381 791 1413 859 ἡ
1465 789 1594 857 ἁγία
1629 789 1754 842 σύνο

185 876 322 940 οδος,
372 878 447 948 μὴ
475 879 805 949 ἀρκεσθεῖσα
837 885 902 953 τῇ
925 883 1150 953 ἀρνήσει
1185 882 1304 936 Ἰϐα
1329 885 1396 954 τῇ
1414 884 1505 936 ἐπὶ
1535 885 1600 954 τῇ
1627 883 1754 936 ἀσε-

184 969 269 1023 ϐεῖ
289 971 568 1044 ἐπιστολῇ,
599 972 909 1044 συνὼθησεν
931 970 1096 1027 αὐτὸν
1121 975 1378 1028 τάναντία
1400 974 1569 1044 ταύτῃ
1603 975 1751 1044 πρᾶ-

185 1061 290 1127 ξαιο
313 1063 591 1118 τουτέστιν
615 1063 714 1136 τὴν
735 1067 794 1118 ἐν
815 1067 950 1137 αὐτῇ
983 1066 1348 1140 ἀθετουμένην
1382 1068 1548 1139 ὀρθὴν
1571 1067 1751 1120 πίστιν

181 1157 532 1227 ὁμολογῆσαι,
555 1159 646 1211 καὶ
668 1160 767 1230 τὴν
785 1160 844 1212 ἐν
872 1161 1084 1231 Ἐφέσῳ
1106 1161 1328 1233 πρώτην
1352 1161 1511 1230 ἁγίαν
1534 1161 1750 1215 σύνοδον

183 1247 462 1313 δέξασθαι,
505 1250 600 1302 καὶ
639 1251 732 1304 τὸν
774 1253 831 1305 ἐν
857 1252 1034 1321 ἁγίοις
1079 1252 1344 1322 Κύριλλον
1385 1254 1606 1323 Πατέρα
1654 1253 1750 1308 καὶ

189 1337 508 1392 διδάσκαλον
533 1341 961 1413 ὲπιγράψασθαι,
990 1341 1058 1395 τὰ
1074 1344 1130 1395 ἐν
1156 1346 1220 1414 τῇ
1250 1344 1386 1412 αὐτῇ
1415 1343 1600 1397 ἀσεϐεῖ
1625 1344 1748 1396 ἐπι-

181 1426 340 1499 στολῇ
373 1428 724 1499 ὑϐριζόμενα,
773 1432 867 1484 καί⁵
909 1432 1203 1504 Νεστόριον
1231 1433 1323 1486 καὶ
1346 1433 1405 1484 τὸ
1433 1431 1628 1496 ἀσεϐὲς
1661 1433 1753 1485 a6-

179 1519 270 1570 τοῦ
301 1517 483 1587 δόγμα
513 1519 931 1590 ἀναθεματίσαι,
973 1523 1112 1592 ὅπερ
1138 1523 1182 1554 ³²
1204 1525 1238 1594 η
1259 1523 1460 1596 ἀσεϐὴς
1490 1524 1747 1596 ἐπιστολὴ

179 1611 393 1662 ἐπαινεῖ
416 1611 508 1662 καὶ
527 1610 755 1665 ἐκδικεῖ.
866 1680 871 1683 _

251 1718 271 1752 ι
288 1702 353 1754 Εἰ
369 1701 550 1754 τοίνυν
579 1705 670 1756 καὶ
700 1703 864 1766 αὐτὸς
908 1703 1037 1780 ιόας
1060 1704 1332 1777 διαφόρως
1348 1703 1748 1777 κατηγορηθεὶς

1361 308 1794 370 CHRONICON
1843 311 2242 371 PASCHAIJE.

3313 310 3414 377 934

1929 441 1944 471 ι
1981 421 2056 496 De
2102 421 2304 474 eisdem
2351 420 2512 492 igitur
2558 421 2718 474 etiam
2755 420 3098 476 Chalcedone
3132 436 3415 479 accusatus

1853 524 2184 568 memoratus
2239 512 2383 578 lbas,
2441 523 2560 583 post
2611 515 2895 568 lectionem
2950 515 3126 584 impiae
3173 516 3416 584 epistolae

1851 620 1960 659 non
1991 617 2074 661 est
2103 623 2266 661 ausus
2316 622 2432 660 eam
2469 623 2620 660 suam
2652 622 2770 661 esse
2802 608 3066 672 conﬁteri,
3108 608 3201 662 sed
3234 608 3417 663 statim

1851 697 1982 768 ipsis
2008 699 2188 754 verbis
2215 699 2432 756 intulit:
2465 699 2712 753 Alienum
2736 716 2792 754 se
2821 715 2938 753 esse
2970 715 3156 754 eorum
3197 716 3317 770 quae
3353 701 3404 753 ci

1851 787 2239 843 inferebantur.
2268 788 2420 844 Unde
2442 799 2626 844 sancta
2655 791 2910 860 synodus,
2939 806 3060 843 cum
3089 791 3139 844 ei
3168 807 3277 844 non
3307 790 3418 845 suf-

1850 877 2035 934 ﬁceret
2070 881 2354 951 abnegatio
2403 883 2526 945 lbae,
2579 897 2698 952 qua‘
2728 881 2865 935 faeta
2889 891 2972 936 est
3007 885 3074 946 de
3107 881 3268 952 impia
3298 883 3416 953 epi-

1849 971 2006 1035 stola,
2043 974 2300 1043 compulit
2332 990 2456 1029 eum
2504 976 2773 1029 contraria
2812 975 2860 1029 ei
2905 990 3181 1045 peragere,
3228 977 3279 1030 id
3308 984 3415 1038 est,

1849 1063 2189 1132 reprobatam
2235 1065 2289 1119 in
2319 1082 2382 1119 ea
2419 1075 2620 1119 rectam
2657 1065 2814 1118 fidem
2849 1065 3114 1128 confiteri,
3147 1074 3201 1120 et
3235 1065 3417 1134 Ephe-

1848 1156 2020 1210 sinam
2048 1157 2273 1226 primam
2301 1166 2542 1210 sanctam
2582 1145 2842 1228 s'ynodum
2871 1157 3167 1227 suscipere,
3208 1168 3263 1212 et
3292 1172 3420 1211 san-

1849 1256 1992 1301 ctum
2023 1247 2276 1318 Cyrillum
2318 1249 2530 1303 Patrem
2566 1260 2620 1304 et
2647 1250 2928 1304 doctorem
2965 1251 3256 1313 ascribere,
3295 1265 3417 1319 qua:

1848 1336 1902 1391 in
1929 1338 2116 1392 eadem
2143 1340 2306 1409 impia
2351 1340 2580 1409 cpistola
2621 1341 2968 1408 injuriautur,
2997 1351 3054 1394 et
3084 1340 3412 1402 Nestorium,

1848 1426 2185 1500 impiumque
2245 1432 2363 1501 ejus
2421 1431 2614 1501 dogma
2664 1432 3139 1494 auathematizare,
3192 1446 3313 1502 qua:
3359 1441 3418 1486 et

1848 1517 2012 1590 impia
2047 1522 2274 1592 epistola
2300 1523 2537 1577 defendit
2575 1533 2628 1577 et
2656 1523 2943 1577 collaudat.

1923 1712 1942 1745 ι
1978 1691 2036 1746 Si
2072 1693 2232 1763 igitur
2269 1704 2324 1748 et
2371 1695 2485 1765 ipse
2525 1695 2643 1749 Ibas
2680 1704 2903 1764 propter
2943 1695 3160 1765 impiam
3215 1695 3418 1765 cpisto-

179 1797 309 1860 περὶ
338 1794 439 1862 τῆς
484 1794 717 1858 ἀσεϐοῦς
757 1795 1045 1865 ἐπιστολῆς
1082 1798 1183 1850 οὐκ
1239 1797 1537 1869 ἐτόλμησεν
1571 1799 1743 1870 αὐτὴν

1847 1785 1951 1839 lam
2008 1787 2205 1855 saepius
2251 1797 2554 1851 accusatus,
2592 1803 2700 1842 non
2760 1797 2841 1840 est
2895 1803 3058 1844 ausus
3105 1805 3222 1842 eam
3263 1804 3416 1842 suam

177 1882 589 1949 οἰκειώσασθαι,
621 1884 755 1937 ἁλλά
791 1887 883 1938 καὶ
923 1887 956 1956 ἡ
998 1889 1054 1939 ὲν
1102 1887 1408 1957 Χαλκηδόνι
1451 1889 1580 1957 ἁγία
1617 1889 1742 1943 σύν-

176 1973 292 2035 οδος
324 1975 502 2028 πάντα
531 1976 598 2028 τά
644 1977 860 2030 ἐναντία
895 1977 1098 2048 ταύτης
1145 1961 1557 2048 παρεσίιεύασεν
1582 1981 1742 2036 αὐτὸν

178 2064 407 2133 πρᾶξαι,
447 2066 562 2129 πῶς
584 2062 729 2136 εἶχεν
757 2068 790 2136 ἡ
827 2069 964 2140 αὑτὴ
993 2070 1122 2138 ἁγία
1157 2071 1201 2102 ³³
1227 2071 1440 2134 σύνοδος
1460 2073 1560 2140 τὴν
1587 2074 1740 2143 εἰρη-

179 2158 352 2226 μένην
381 2158 670 2229 ἐπιστολὴν
697 2159 955 2224 δέξασθαι
1003 2165 1100 2216 καὶ
1130 2164 1208 2234 τῷ
1253 2165 1484 2234 κρίματι
1511 2165 1610 2234 τῆς
1643 2183 1742 2219 πε-

179 2251 508 2321 ριεχομένης
539 2253 676 2323 αὐτῇ
719 2254 971 2319 ἀσεϐείας
1009 2256 1326 2323 ὑποπεσεῖν,
1373 2259 1464 2328 ἀφ’
1492 2253 1559 2331 ἦς
1589 2259 1742 2312 Ἴϐαν

175 2345 547 2417 ἐλευθερῶσαι
579 2347 911 2401 ἐσπούδασεν
932 2365 946 2414 ;

251 2457 271 2489 ε
299 2438 525 2510 Ἐπειδὴ
553 2439 612 2493 δὲ
653 2441 832 2504 πάσας
860 2440 1277 2512 ὑπερϐαίνοντες
1295 2441 1394 2506 τὰς
1418 2441 1741 2514 περιεχομέ-

176 2545 274 2591 νας
307 2532 374 2599 τῇ
402 2532 658 2601 ἐπιστολῇ
694 2530 1042 2601 βλασφημίας
1061 2535 1108 2586 οἱ
1137 2533 1428 2603 αἱρετικοὶ,
1458 2532 1615 2586 τοῦτο
1646 2533 1742 2603 μό·

177 2637 267 2673 νον
287 2621 352 2687 ἐξ
373 2621 542 2691 αὐτῆς
571 2622 908 2694 προφέρουσι
932 2625 993 2676 τὸ
1015 2625 1150 2695 πρὸς
1173 2626 1387 2696 ἀπάτην
1411 2626 1518 2678 τῶν
1541 2626 1741 2679 ἁπλου-

177 2712 389 2784 στέρων
422 2715 573 2784 παρά
603 2713 700 2767 τοῦ
733 2715 832 2785 τὴν
857 2716 1150 2787 ἐπιστολὴν
1177 2717 1488 2788 γράψαντος
1519 2715 1745 2788 εἰρημέ-

175 2821 286 2869 νον,
319 2803 468 2858 τοῦτ⁹
490 2806 635 2857 ἔστιν
662 2805 755 2859 δύο
781 2805 991 2874 φύσεις,
1032 2807 1160 2875 μίαν
1193 2807 1444 2877 δύναμιν,
1473 2806 1531 2859 ἓν
1561 2809 1736 2878 πρόσ-

174 2913 350 2960 ωπον,
385 2897 738 2967 ἀποδείξομεν
771 2899 932 2951 αὐτὸν
982 2900 1076 2952 καὶ
1121 2902 1179 2952 ἐν
1231 2899 1406 2970 τούτῳ
1451 2899 1551 2970 τὴν
1603 2899 1741 2952 ἰδίαν

175 2987 436 3042 ἀσέϐειαν
472 2990 912 3060 παραμιγνύντα.
961 2991 1117 3054 Τίνος
1149 2990 1257 3062 γὰρ
1292 2989 1356 3043 ἂν
1382 2991 1476 3043 καὶ
1509 2990 1658 3058 λέγοι
1687 2989 1736 3022 ³⁵

176 3079 269 3132 δύο
305 3079 497 3147 φύσεις
555 3083 650 3134 καὶ
692 3081 751 3136 ἓν
811 3081 1104 3152 πρόσωπον
1146 3085 1175 3136 6
1207 3081 1617 3154 ἀπαρνούμενος
1653 3083 1744 3136 τὸν

1843 1875 2043 1943 dicere,
2077 1877 2172 1931 sed
2217 1878 2378 1932 etiam
2445 1873 2887 1935 Chalcedonense
2940 1889 3185 1935 sanctum
3239 1881 3419 1936 conci-

1841 1967 1974 2021 lium
2017 1969 2198 2023 omnia
2240 1970 2289 2023 ei
2344 1972 2614 2026 contraria
2662 1955 2924 2042 compulit
2954 1989 3077 2026 eum
3115 1989 3413 2044 peragere:

1842 2061 2112 2128 quomodo
2162 2062 2349 2115 eadem
2403 2074 2586 2117 sancta
2633 2069 2869 2133 synodus
2901 2073 3253 2118 memoratam
3299 2065 3418 2134 epi-

1844 2148 2034 2202 stolam
2064 2150 2364 2220 susciperet
2409 2163 2463 2207 et
2486 2154 2924 2208 condemnationi
2976 2154 3270 2224 impietatis
3299 2171 3420 2224 quae

1844 2241 1897 2295 in
1926 2256 1987 2296 ea
2033 2252 2360 2310 continetur,
2389 2259 2509 2299 sese
2545 2245 2860 2314 subjiceret,
2901 2261 2929 2299 a
2968 2262 3072 2315 qua
3107 2246 3252 2300 Ibam
3282 2247 3420 2301 libe-

1844 2346 1963 2386 rare
1989 2331 2307 2387 festinavit?

1921 2444 1940 2476 ι
1975 2425 2238 2492 Quoniam
2293 2436 2473 2481 autem
2528 2442 2716 2482 omnes
2766 2428 3132 2498 blasphemias
3179 2429 3424 2500 epistolae

1846 2518 2318 2586 prmtermittentes
2351 2519 2655 2585 hereticos,
2702 2521 2802 2576 hoc
2833 2523 3008 2575 solum
3043 2537 3107 2575 ex
3141 2522 3254 2591 ipsa
3293 2539 3420 2592 pro-

1844 2608 2064 2674 ferunt,
2121 2612 2264 2680 quod
2322 2613 2388 2666 ad
2458 2613 2807 2683 decipiendos
2874 2614 3236 2684 simpliciores
3283 2603 3467 2670 scri-'

1843 2711 1966 2772 ptor
1999 2704 2241 2774 epistola:
2283 2705 2434 2769 dixit,
2480 2706 2585 2760 hoc
2637 2715 2740 2770 est,
2782 2706 2918 2761 duas
2967 2716 3210 2770 naturas,
3256 2723 3420 2762 unam

1846 2793 2125 2857 virtutem,
2177 2811 2338 2848 unam
2380 2811 2703 2866 personam;
2751 2796 3243 2852 demonstrabimus
3275 2799 3421 2868 quod

1848 2882 2304 2955 [demonstramus
2347 2886 2523 2956 ipsum
2556 2889 2698 2958 quod
2739 2898 2794 2942 et
2833 2889 3067 2960 [λείψει]
3107 2888 3222 2958 ipse
3255 2893 3420 2946 etiam

1847 2974 1901 3028 in
1953 2975 2056 3030 hoc
2104 2991 2254 3030 suam
2303 2979 2645 3032 commiscuit
2695 2979 3048 3048 impietatem.
3076 2980 3245 3049 Cujus
3273 2980 3419 3033 enim

1845 3068 2050 3122 diceret
2079 3070 2214 3124 duas
2241 3080 2464 3125 naturas
2488 3083 2543 3125 et
2573 3087 2734 3126 unam
2775 3088 3082 3142 personam,
3119 3073 3210 3142 qui
3250 3073 3421 3128 abne-

175 3172 312 3225 Θεὸν
343 3173 516 3241 Λόγον
553 3173 900 3245 σαρκωθῆναι
939 3176 1002 3227 ἐκ
1033 3174 1133 3245 τῆς
1169 3176 1329 3243 ἁγίας
1362 3173 1573 3238 ἐνδόξου
1612 3176 1744 3227 Geo-

1847 3169 1934 3231 gat
1989 3163 2153 3216 Deum
2193 3161 2426 3217 Verbum
2478 3163 2819 3218 incarnatum
2869 3165 2936 3219 de
2981 3174 3171 3220 sancta
3221 3175 3275 3219 et
3303 3166 3420 3236 glo-

172 3263 342 3316 τόκου
398 3263 497 3316 καὶ
543 3264 926 3336 ’Δειπαρθένου
977 3265 1196 3338 Μαρίας
1229 3267 1322 3319 καὶ
1379 3265 1634 3335 τεχθῆναι
1689 3265 1748 3330 ἐξ

173 3354 349 3424 αὐτῆς
375 3369 390 3418 ;
423 3355 559 3408 ἀλλά
579 3356 840 3427 πρόδηλον
865 3357 909 3388 ³⁵
929 3357 1002 3420 ὡς
1021 3357 1226 3427 ἑκάστῃ
1248 3357 1406 3425 φύσει
1429 3358 1559 3412 ίδιον
1583 3360 1750 3428 πρὸσο

173 3462 331 3498 ωπον
371 3447 656 3517 ἀπονέμει,
702 3447 879 3512 καθὼς
917 3448 1192 3520 Θεόδωρος
1233 3449 1326 3502 καὶ
1361 3449 1654 3520 Νεστόριος
1690 3451 1748 3504 ἐν

172 3542 286 3603 τοῖς
338 3540 560 3602 οἰκείοις
599 3539 777 3608 λόγοις
822 3539 1266 3610 βλασφημοῦντες
1327 3540 1575 3607 ἐξέθεντο
1611 3557 1625 3569 ο
1653 3541 1747 3606 οὓς

171 3633 272 3684 καὶ
297 3632 347 3664 ³⁸
373 3633 579 3686 ἐκδικεῖ
609 3635 636 3687 6
666 3635 884 3704 γράψας
910 3633 1006 3705 τὴν
1040 3633 1328 3704 ἐπιστολὴν
1359 3635 1497 3704 μετά
1522 3635 1621 3704 τῆς
1647 3636 1744 3689 αὺο

171 3723 285 3775 τῶν
320 3723 599 3783 ἀσεϐείας.
644 3725 872 3777 Ἐκεῖνοι
925 3725 1033 3792 γάρ
1073 3726 1323 3793 φανερῶς
1379 3723 1596 3792 λέγουσι
1649 3724 1743 3778 δύο

171 3816 454 3885 πρόσωπα
485 3815 581 3868 τοῦ
606 3815 740 3867 Θεοῦ
761 3816 937 3882 Λόγου
961 3815 1052 3867 καὶ
1081 3813 1175 3866 τοῦ
1214 3814 1478 3883 Χριστοῦ,
1498 3814 1558 3868 ὃν
1588 3814 1744 3884 ψιλὸν

169 3909 469 3978 ἄνθρωπον
495 3905 830 3962 ἀποκαλοῦσι
855 3906 996 3960 κατὰ
1023 3907 1278 3978 σχετικὴν
1304 3907 1621 3976 συνάφειαν,
1653 3909 1745 3961 καὶ

168 4001 271 4070 τὴν
306 3998 484 4067 αὐτὴν
537 3987 692 4063 ἀξίαν
735 3998 795 4051 τε
848 3998 941 4052 καὶ
971 3999 1136 4068 τιμὴν
1182 3997 1241 4049 ἓν
1273 3998 1562 4068 πρόσωπον
1611 3999 1742 4052 ἀνα-

169 4095 470 4164 φαίνεσθαι
501 4094 545 4125 ³⁷
597 4093 864 4161 λέγουσιν.
927 4091 1087 4144 Ἀλλά
1137 4092 1232 4144 καὶ
1267 4093 1375 4144 τῶν
1407 4089 1500 4144 δύο
1529 4091 1745 4161 φύσεων

169 4189 306 4256 μίαν
344 4186 575 4255 δύναμιν
613 4185 731 4255 ἦτοι
775 4183 1095 4236 δυναστείαν
1127 4183 1303 4251 λέγων
1326 4185 1354 4236 6
1389 4183 1610 4254 γράψας
1644 4185 1743 4255 τὴν

166 4279 472 4347 ἐπιστολὴν
502 4275 731 4346 φανερός
760 4275 807 4306 ³⁸
837 4275 984 4328 ἐστιν
1017 4273 1092 4338 ὡς
1115 4277 1207 4327 καὶ
1237 4277 1292 4328 ἐν
1317 4275 1490 4346 τούτῳ
1515 4274 1742 4329 ἀκολου-

166 4374 254 4427 θεῖ
284 4376 401 4436 τοῖς
427 4372 732 4443 εἰρημένοις
765 4371 1079 4442 αίρετικοῖς,
1114 4368 1374 4440 Θεοδώρῳ
1407 4369 1504 4440 μὲν
1532 4369 1741 4438 λέγοντι

165 4464 228 4516 ἐν
258 4465 379 4526 τοῖς
415 4467 542 4530 περὶ
571 4460 1035 4532 ἐνανθρωπήσεως
1063 4459 1108 4491 ³⁸
1144 4461 1309 4513 αὑτοῦ
1338 4461 1617 4531 διαφόροις
1654 4460 1742 4514 λό-

163 4571 290 4624 γοις
317 4553 535 4616 ἀσεϐῶς
560 4552 884 4614 ἐκτεθεῖσιν,
907 4553 1186 4624 Νεστορίῳ
1205 4552 1258 4605 δὲ
1285 4553 1342 4605 ἐν
1371 4552 1584 4616 πολλοῖς
1613 4571 1744 4623 συγ-

163 4648 493 4717 γράμμασι.
531 4645 764 4715 μάλιστα
783 4645 840 4698 δὲ
869 4647 926 4696 ἐν
955 4648 1020 4715 τῇ
1067 4644 1321 4715 ἐπιστολῇ
1375 4648 1438 4716 τῇ
1477 4647 1746 4717 γραφείσῃ

162 4740 310 4810 πρὸς
327 4738 494 4810 364
519 4737 862 4806 Ἀλέξανδρον
890 4735 980 4788 τὸν
997 4736 1266 4806 αἱρετικὸν
1280 4737 1324 4768 ⁸ο
1363 4736 1430 4789 Ἱε
1439 4731 1757 4807 ραίττολίτην,¹

160 4837 255 4887 ὃτι
300 4835 415 4886 τῶν
445 4833 538 4886 δύο
566 4815 778 4901 φύσεων
816 4831 915 4900 μία
945 4831 1092 4883 ἐστὶν
1119 4829 1374 4882 αὐθεντία
1400 4832 1494 4884 καὶ
1531 4831 1628 4899 μία
1657 4829 1749 4882 δύο

158 4943 344 4994 ναμις
387 4925 509 4994 ἦτοι
554 4921 840 4977 δυναστεία
889 4923 984 4973 καὶ
1015 4918 1074 4971 ἓν
1108 4919 1398 4988 πρόσωπον
1430 4921 1570 4972 κατὰ
1615 4919 1746 4988 μίαν

160 5018 335 5083 ἀξίαν
365 5015 460 5068 καὶ
481 5013 581 5084 τὴν
607 5013 778 5084 αὐτὴν
800 5013 986 5083 τιμήν.
1045 5011 1162 5080 Ἀφ’
1190 5005 1264 5063 ὧν
1305 5012 1690 5065 ἀποδείκνυται
1716 5013 1744 5065 6

158 5110 270 5180 τὴν
292 5106 586 5169 ἐπιστολὴν
614 5103 830 5176 γράψας
862 5103 1001 5156 κατὰ
1025 5102 1122 5173 τὴν
1163 5101 1388 5156 ἐκείνων
1417 5103 1743 5165 κακοδοξίαν

159 5201 300 5254 ἀντὶ
329 5197 642 5268 προσώπων
663 5199 730 5267 τῇ
767 5195 874 5250 τῶν
908 5194 1122 5262 φύσεων
1151 5195 1490 5264 προσηγορία
1524 5194 1740 5265 χρησά-

163 5309 361 5363 μενος.
396 5289 513 5345 Μία
543 5297 650 5359 γὰρ
674 5288 931 5341 αὑθεντία
963 5289 1054 5340 καὶ
1107 5287 1205 5356 μία
1240 5286 1470 5356 δύναμις
1496 5288 1616 5355 ἦτοι
1647 5285 1741 5339 δυ-

1850 3254 1989 3318 riosa
2035 3254 2129 3308 Dei
2179 3255 2453 3310 Genitrice
2505 3265 2558 3310 et
2616 3273 2832 3326 semper
2869 3257 3088 3329 Virgine
3135 3257 3322 3326 Maria,
3365 3273 3423 3314 et

1848 3354 2034 3398 natum
2061 3360 2181 3400 esse
2226 3361 2292 3400 ex
2323 3346 2478 3416 ipsa?
2509 3347 2615 3402 Sed
2661 3357 2868 3403 certum
2917 3359 3000 3404 est
3035 3351 3175 3419 quod
3207 3349 3421 3404 unicui-

1846 3452 1951 3506 que
1986 3447 2195 3492 natura:
2230 3454 2382 3492 suam
2429 3456 2716 3510 personam
2763 3442 3028 3506 attribuit,
3057 3444 3198 3498 sicut
3236 3442 3420 3497 Theo-

1847 3531 2010 3584 dorus
2055 3540 2110 3584 et
2166 3530 2448 3587 Nestorius
2505 3532 2558 3586 in
2603 3533 2715 3589 suis
2775 3534 2928 3589 libris
2981 3535 3422 3604 blasphemantes

1847 3634 2234 3691 exposuerunt,
2284 3640 2420 3693 quos
2474 3625 2714 3680 defendit
2761 3627 2993 3696 scriptor
3023 3627 3265 3697 epistola?
3296 3643 3422 3681 cum

1847 3731 2030 3769 eorum
2054 3715 2349 3786 impietate.
2381 3717 2460 3772 llli
2491 3723 2636 3774 enim
2664 3730 2851 3790 aperte
2873 3721 3115 3776 dicentes
3138 3721 3274 3776 duas
3297 3738 3422 3792 per-

1847 3822 2004 3863 sonas
2037 3807 2128 3863 Dei
2154 3809 2338 3873 Verbi,
2371 3820 2425 3865 et
2453 3811 2676 3876 Christi,
2705 3828 2867 3882 quem
2912 3829 3105 3882 purum
3142 3813 3422 3868 hominem

1845 3909 2064 3968 vocant,
2094 3918 2188 3972 per
2215 3904 2552 3958 aflectualem
2582 3907 3044 3971 coniunctionem,
3076 3917 3132 3961 et
3157 3923 3254 3977 per
3276 3922 3424 3962 eam-

1845 3994 1966 4048 dem
2000 3995 2316 4063 dignitatem
2369 4007 2424 4052 et
2479 4000 2742 4053 honorem
2795 4016 2957 4054 unam
2999 4016 3289 4070 personam
3322 4009 3421 4071 ap-

1845 4101 2035 4156 parere
2088 4089 2321 4143 dicunt:
2357 4091 2452 4143 sed
2507 4099 2560 4144 et
2589 4091 2819 4145 duarum
2883 4101 3201 4146 naturarum
3259 4108 3423 4148 unam

1842 4180 2096 4234 virtutem
2143 4182 2255 4235 sive
2312 4183 2610 4251 potentiam
2653 4184 2842 4238 dicens
2891 4185 3125 4254 scriptor
3152 4185 3418 4254 epistolm,

1844 4272 2162 4330 manifestus
2204 4281 2285 4327 est
2323 4276 2465 4342 quod
2495 4275 2634 4329 etin
2677 4275 2778 4330 hoc
2830 4287 3160 4331 memoratos
3203 4277 3422 4331 haereti-

1843 4378 1937 4418 cos
1977 4365 2239 4434 sequitur,
2287 4365 2630 4421 Theodorum
2678 4369 2897 4438 quidem
2935 4370 3205 4424 dicentem
3256 4371 3308 4423 in
3339 4370 3422 4424 di-

1844 4455 2014 4510 versis
2046 4457 2196 4511 libris
2219 4457 2285 4511 de
2314 4457 2688 4513 incarnatione
2722 4461 2887 4529 impie
2915 4460 3197 4530 expositis,
3227 4459 3423 4515 Nesto-

1846 4549 1984 4603 rium
2037 4561 2215 4606 autem
2275 4551 2326 4604 in
2373 4552 2556 4606 multis
2585 4553 2802 4622 quidem
2845 4554 3082 4623 scriptis,
3109 4567 3164 4608 et
3193 4555 3424 4609 maxime

1847 4641 1900 4696 in
1930 4642 2156 4712 epistola
2202 4645 2400 4714 scripta
2444 4647 2510 4699 ad
2549 4645 2912 4700 Alexandrum
2958 4645 3423 4716 Hierapolitanum

1847 4734 2183 4801 hmreticum,
2215 4737 2356 4806 quod
2386 4739 2614 4792 duarum
2649 4749 2962 4792 naturarqu
2997 4756 3098 4792 una
3125 4748 3206 4793 est
3233 4749 3424 4794 aucto-

1847 4826 1998 4890 ritas,
2031 4837 2085 4881 et
2134 4844 2240 4881 una
2270 4829 2465 4891 virtus,
2514 4830 2626 4884 sive
2669 4831 2931 4899 potentia.
2961 4839 3014 4884 et
3054 4846 3158 4883 una
3190 4846 3422 4900 persona

1849 4933 1946 4986 per
1999 4918 2314 4989 dignitatem
2360 4922 2720 4990 eumdemque
2778 4921 3076 4986 honorem;
3108 4936 3171 4974 ex
3203 4937 3311 4990 quo
3336 4937 3426 4975 os-

1851 5008 2109 5072 tenditur,
2151 5011 2240 5079 qui
2272 5012 2491 5080 scripsit
2517 5011 2823 5080 epistolam,
2865 5013 3166 5065 secundum
3208 5013 3425 5066 illorum

1850 5101 2127 5170 perfidiam
2164 5119 2260 5172 pro
2309 5104 2555 5174 personis
2604 5120 2733 5158 usus
2773 5105 3035 5158 vocabulo
3086 5115 3422 5158 naturarum.

1850 5191 1966 5247 Una
1988 5195 2133 5249 enim
2159 5197 2473 5259 auctoritas,
2503 5207 2557 5250 et
2587 5213 2691 5250 una
2723 5197 2894 5250 virtus
2930 5199 3044 5251 sive
3079 5197 3344 5267 potentia,
3369 5206 3426 5250 et

1848 5299 1954 5338 una
1978 5287 2213 5357 dignitas
2242 5299 2297 5343 et
2323 5289 2463 5344 idem
2494 5289 2689 5352 honor,
2714 5306 2821 5343 non
2858 5289 2912 5342 in
2933 5289 3166 5344 diversis
3187 5276 3418 5354 naturis,

1475 5440 1706 5496 VAle
1741 5441 2148 5500 LECTIONES.

248 5587 292 5618 "
317 5587 560 5656 amem.
589 5581 826 5656 Κάπερ
855 5581 962 5656 ΡΥ.
1031 5579 1080 5656 _”
1114 5579 1263 5656 ἁγία.
1298 5579 1344 5656 1'1
1359 5579 1491 5656 ἀγξα
1517 5578 1556 5633 Ρ
1585 5579 1718 5656 sola.

159 5659 273 5712 καὶ
299 5658 356 5710 Ρ.
423 5647 477 5686 ’³⁷
503 5647 870 5722 ἀναφέρεσθαι
900 5653 963 5718 Ρ,
1019 5647 1417 5720 ἀναφαίνεσθαι
1438 5647 1501 5715 V,
1550 5665 1622 5703 m.
1650 5649 1716 5703 ll.

157 5729 274 5783 καὶ
302 5724 673 5798 Ἱεραπολίτην
694 5724 761 5812 Ρ..

1828 5580 1870 5612 ³⁸
1901 5580 2048 5650 λέγει
2074 5581 2183 5634 PV.

1826 5652 1871 5684 ³⁸
1921 5653 2167 5723 φανερῶς
2221 5651 2328 5708 Ρν·
2403 5653 2448 5685 ³³
2491 5652 2891 5725 ἀνθρωπήσεως
2929 5651 2990 5706 Ρ.
3063 5651 3109 5685 ⁸ο
3145 5653 3424 5722 αἱρετικον

2277 5581 2323 5612 ³⁵
2369 5581 2505 5636 ἀλλά
2559 5581 2825 5651 πρόδηλον
2861 5597 2970 5635 om.
3021 5579 3080 5633 P.
3156 5581 3200 5612 "
3238 5578 3333 5636 οὓς
3367 5576 3424 5628 δὴ
