4096 6296
669 334 781 397 935

1842 324 2276 389 CHRGNICON
2322 324 2727 391 PASCHALE.
3762 330 3849 396 936

670 445 768 501 seti
788 444 841 498 in
864 441 1091 497 diversis
1116 440 1360 510 personis
1388 438 1630 509 ejusdem
1664 439 1983 494 substantiae
2020 440 2239 506 dicitur,
2272 452 2287 500 ί

2236 481 2239 497 .
2272 446 2317 500 Α
2341 441 2566 495 ναστεία
2589 444 2681 496 καὶ
2710 441 2810 511 μία
2839 440 2965 506 ἀξία
2992 440 3086 495 καὶ
3113 441 3149 511 ὴ
3189 439 3329 512 αὑτὴ
3357 439 3487 512 τιμὴ
3521 440 3617 495 ούκ
3647 445 3731 496 ἐπὶ
3761 448 3853 502 δια.

668 537 814 608 quod
860 535 915 589 in
949 545 1133 588 sancta
1169 533 1432 587 Trinitate
1469 534 1808 587 conﬁtemur.
1851 531 2007 586 Unde
2036 541 2091 585 et
2118 547 2242 585 san-

2236 561 2242 572 υ
2340 536 2523 605 φόρων
2565 536 2801 605 φύσεων,
2863 536 2977 590 ἀλλ’
3008 536 3102 589 ἐπὶ
3149 536 3421 605 διαφόρων
3466 534 3751 607 προσώπων
3777 545 3853 598 καὶ

667 630 738 684 eti
769 628 957 683 Patres
990 626 1584 681 anathematizaverunt
1628 640 1740 687 eos,
1782 625 1873 693 qui
1919 640 2016 694 per
2051 632 2239 677 aucto-

669 723 918 783 ritatem,
960 727 1052 774 aut
1078 720 1352 782 virtutem,
1385 719 1498 772 sive
1529 717 1843 787 potentiam,
1879 726 1971 769 aut
2006 714 2240 784 dignita-

612 800 619 819 ’
672 824 804 880 tem,
837 821 928 867 aut
955 812 1314 881 aequalitatem
1337 810 1579 872 honoris,
1604 809 1790 863 dicunt
1815 807 1981 861 Deum
2004 807 2238 861 Verbum

672 908 886 962 unitum
917 920 1038 960 esse
1087 903 1339 968 Christo;
1380 917 1542 972 quem
1588 916 1784 971 purutn
1837 900 2111 954 hominem
2142 915 2239 953 vo-

668 1007 795 1055 cant
833 997 1103 1053 Theodori
1127 995 1433 1051 ctNestorii
1464 1009 1744 1064 sequaces,
1769 993 1861 1047 sed
1896 1008 2003 1046 non
2038 1007 2238 1046 secun-

668 1093 797 1146 dum
829 1091 1235 1145 subsistentiam
1257 1087 1349 1141 Dei
1392 1085 1549 1140 Verbi
1602 1085 1669 1140 ad
1699 1099 1915 1140 Carnem
1945 1082 2238 1137 animatam

668 1183 845 1236 anima
892 1181 1134 1235 rationali
1181 1177 1554 1251 [rationabili],
1576 1186 1631 1233 et
1656 1177 2026 1243 intellectuali,
2058 1177 2239 1232 unita-

671 1286 777 1328 tem
812 1274 1008 1327 factam
1042 1287 1163 1326 esse
1192 1270 1539 1325 conﬁtentur.
1572 1314 1573 1323 χ

742 1472 759 1501 ι
791 1451 849 1504 Et
870 1450 983 1504 hzec
1005 1449 1219 1520 quidem
1248 1446 1583 1501 sullicicbant
1608 1444 1672 1499 ad
1690 1445 2114 1501 convincendam
2139 1444 2242 1498 im-

669 1542 924 1611 pietatem
980 1556 1202 1602 eorum,
1253 1540 1344 1609 qui
1388 1539 1703 1592 sceleratam
1730 1537 2020 1606 epistolam
2055 1538 2242 1605 ,vindi-

668 1643 813 1687 eant.
856 1632 1059 1686 Tamen
1107 1644 1163 1686 et
1222 1631 1274 1684 in
1312 1632 1418 1685 ﬁne
1452 1632 1685 1700 scriptor
1720 1630 1963 1699 ejusdem
2004 1630 2243 1699 epistolae

2338 630 2437 700 τῆς
2468 630 2639 700 αὐτῆς
2669 630 2859 693 οὐσίας
2888 630 3127 699 λέγεται,
3151 631 3287 699 ὅπερ
3310 630 3401 682 ἐπὶ
3428 629 3524 699 τῆς
3549 630 3698 698 ἁγίας
3718 634 3853 704 Τριά-

2337 720 2425 784 δος
2457 720 2844 791 ὁμολογοῦμεν.
2881 721 3043 775 Ὅθεν
3065 723 3158 774 καὶ
3180 722 3230 774 οί
3265 722 3412 789 ἆγιοι
3446 721 3679 793 Πατέρες
3700 726 3853 779 ἀνεθε-

2338 812 2573 881 μάτισαν
2606 813 2648 843 ⁴¹
2678 814 2803 876 τοὺς
2844 812 2965 867 κατ’
2997 813 3284 867 αὐθεντίαν
3320 812 3353 883 ἢ
3391 812 3614 884 δύναμιν
3655 816 3760 885 ἦτοι
3783 816 3855 871 δυ-

2338 904 2592 958 ναστείαν
2644 904 2869 975 ἢάξίαν
2916 905 2949 975 ἢ
3019 904 3274 976 ἰσοτίμως
3322 905 3579 974 λέγοντας
3612 906 3697 959 τὸν
3746 908 3856 963 Θεὸν

2338 996 2509 1065 Λόγον
2536 996 2615 1066 τῷ
2655 997 2876 1069 Χριστῷ
2909 996 3172 1069 ἡνῶσθαι,
3218 998 3277 1051 ὃν
3338 997 3493 1067 ψιλὸν
3537 977 3794 1070 ἀνθρωέτον
3815 1004 3855 1055 οἰ

2338 1090 2446 1143 ἀπὸ
2480 1088 2757 1161 Θεοδώρου
2797 1091 2893 1144 καὶ
2957 1076 3253 1164 Νεστορίου
3303 1090 3578 1157 καλοῦσιν,
3626 1092 3732 1146 ἀλλ’
3760 1095 3859 1165 ούχί

2340 1181 2464 1235 καθ’
2498 1183 2793 1237 ὑπόστασιν
2815 1184 2913 1254 τὴν
2933 1182 3028 1237 τοῦ
3068 1183 3225 1252 λόγου
3253 1185 3389 1256 πρὸς
3414 1183 3512 1255 τὴν
3542 1185 3726 1257 σάρκα,
3751 1188 3858 1257 ἐψυ-

2340 1272 2595 1343 χωμένην
2636 1273 2680 1304 ⁸⁸
2711 1275 2853 1344 ψυχῇ
2889 1274 3079 1345 λογικῇ
3126 1275 3222 1328 καὶ
3266 1276 3451 1347 νοερᾷ,
3500 1277 3597 1345 τὴν
3634 1277 3803 1331 ἕνωσιν
3822 1280 3859 1310 ⁵³

2340 1365 2666 1434 γεγενῆσθαι
2697 1367 3110 1436 ὁμολογοῦντας.

2357 1473 2373 1533 ί
2415 1476 2432 1508 ι
2461 1459 2567 1512 Καὶ
2590 1459 2750 1529 ἤρκει
2782 1460 2878 1528 μὲν
2913 1458 3088 1512 ταῦτα
3116 1460 3250 1531 πρὸς
3274 1460 3334 1514 τὸ
3363 1461 3631 1529 διελέγξαι
3659 1460 3746 1531 τὴν
3759 1461 3861 1514 ἀσέ-

2342 1544 2495 1599 ϐειαν
2535 1549 2643 1599 τῶν
2673 1548 3030 1603 ἐκδικοῦντων
3051 1549 3146 1620 τὴν
3175 1552 3427 1622 μυσαράν
3456 1552 3663 1620 ἐκείνην
3679 1553 3860 1604 ἐπιστο-

2341 1637 2461 1707 λήν.
2502 1637 2645 1707 Πλὴν
2686 1638 2836 1708 ὅμως
2876 1639 2970 1691 καὶ
3004 1642 3139 1711 πρὸς
3163 1639 3239 1709 τῷ
3282 1641 3428 1693 τέλει
3458 1641 3556 1710 τῆς
3585 1641 3740 1711 αὐτῆς
3767 1643 3861 1693 ἐπι-

668 1726 906 1779 ostendit
932 1741 1082 1778 suam
1110 1723 1408 1793 perﬁdiam,
1440 1723 1669 1777 dicendo
1707 1723 1849 1793 quod
1889 1732 2101 1792 oportet
2126 1737 2244 1776 cre—
2276 1799 2285 1802 _

2276 1797 2308 1802 _
2345 1729 2540 1801 στολῆς
2569 1730 2615 1761 ⁸⁵
2646 1731 2674 1783 ὁ
2697 1729 2903 1800 ταύτην
2936 1730 3153 1799 γράψας
3183 1731 3278 1802 τὴν
3313 1733 3451 1785 ἰδίαν
3481 1732 3709 1786 δείκνυσι
3733 1749 3861 1785 κακο-

669 1819 799 1872 dere
856 1818 909 1871 in
941 1817 1160 1886 templo,
1203 1825 1258 1872 et
1309 1819 1360 1870 in
1386 1832 1508 1870 eum
1543 1817 1632 1885 qui
1670 1816 1875 1870 habitat
1920 1816 1975 1869 in
2003 1815 2236 1885 templo,
2276 1799 2286 1851 ¹

2276 1797 2314 1851 Β
2341 1797 2541 1889 δοξίαν,
2570 1822 2741 1890 λέγων
2763 1797 3267 1877 ὅτι-δεῖίπιστεύειν
3318 1826 3400 1889 εἰς
3429 1825 3521 1878 τὸν
3542 1825 3661 1877 ναὸν
3690 1825 3772 1877 καὶ
3800 1825 3860 1885 εἰς

670 1926 765 1979 per
813 1925 932 1979 quae
985 1918 1168 1979 aperte
1221 1909 1354 1962 duas
1394 1907 1684 1961 introducit
1716 1922 1994 1976 personas.
2049 1906 2153 1962 Sed
2186 1916 2242 1962 et

668 2002 827 2055 istam
862 2001 1194 2070 impietatem
1227 2017 1257 2054 a
1295 2000 1581 2054 Theodoro
1629 2007 1683 2054 et
1718 1999 1965 2054 Nestorio
2012 1999 2241 2070 scriptor

668 2093 917 2162 epistola:
951 2092 1177 2145 edoctus
1208 2098 1311 2145 est.
1347 2090 1621 2145 Catholica
1655 2100 1835 2145 autem
1886 2090 2122 2146 Ecclesia
2158 2100 2241 2145 ta-

668 2183 772 2237 lem
815 2183 1185 2237 condemnans
1220 2182 1534 2252 perﬁdiam,
1591 2198 1700 2237 non
1742 2183 1797 2236 in
1843 2183 2139 2253 templum,
2188 2193 2242 2237 et

669 2275 724 2329 in
755 2290 880 2329 cum
918 2275 1008 2343 qui
1058 2274 1264 2328 habitat
1290 2274 1346 2327 in
1386 2274 1606 2345 templo,
1639 2275 1733 2329 sed
1769 2274 1824 2327 in
1858 2290 2024 2329 unum
2059 2275 2243 2328 Domi-

669 2383 798 2421 num
835 2377 1081 2420 nostrum
1112 2366 1297 2420 Jcsum
1337 2365 1637 2433 Christum,
1669 2366 1761 2420 Dei
1787 2366 2024 2421 Verbum
2067 2367 2241 2420 incar-

669 2470 857 2513 natunt
895 2469 950 2514 et
993 2459 1273 2513 hominetn
1320 2459 1523 2514 factum
1572 2459 1817 2514 conﬁteri
1859 2458 2167 2531 [conﬁtetur
2194 2470 2243 2513 et

669 2550 913 2622 Leuncl.)
956 2561 1011 2605 et
1042 2551 1269 2606 credere
1318 2551 1500 2605 tradit.
1537 2551 1682 2604 Nihil
1725 2560 1905 2605 autem
1938 2552 2242 2606 mirandum

670 2649 774 2706 est,
806 2642 851 2697 si
885 2643 1148 2696 vocabulo
1187 2650 1501 2695 naturarum
1544 2656 1672 2696 usus
1714 2650 1799 2696 est
1844 2642 2071 2712 scriptor
2102 2643 2243 2697 illius

672 2734 854 2803 impiae
885 2734 1147 2803 cpistolw.
1179 2734 1367 2787 Solent
1395 2734 1537 2788 enim
1573 2734 1832 2800 haeretici,
1864 2743 1922 2787 ut
1947 2735 2244 2805 simplicio-

672 2843 759 2880 res
800 2826 1069 2895 decipiant
1101 2824 1438 2897 [deciperent
1471 2835 1517 2879 et
1555 2825 1827 2897 Leuncl.],
1872 2828 2095 2881 vocibus
2123 2826 2243 2897 qui-

673 2920 795 2972 dem
846 2919 922 2972 uti
972 2934 1092 2987 qua)
1147 2918 1215 2972 ab
1248 2916 1564 2972 orthodoxis
1611 2917 1694 2987 pie
1723 2919 2000 2983 dicuntur,
2035 2928 2242 2974 rectum

678 3019 860 3064 autem
895 3026 1082 3064 earum
1124 3010 1455 3065 intellectum
1487 3020 1543 3064 et
1578 3010 1969 3080 expositionem
1996 3011 2063 3065 ad
2090 3027 2242 3065 suam

2340 1916 2431 1972 τὸν
2461 1916 2772 1969 ἐνοικοῦντα
2804 1918 2849 1948 ⁸⁵
2877 1920 2934 1970 ἐν
2976 1916 3055 1987 τῷ
3094 1916 3207 1987 ναῷ
3231 1934 3244 1948 ·
3281 1919 3340 1971 ἐν
3383 1913 3469 1981 οἷς
3521 1908 3751 1989 φανερῶς
3788 1915 3862 1969 δύο

2342 2010 2553 2079 εἰσάγει
2589 2010 2875 2080 πρόσωπα.
2921 2010 3080 2064 Ἀλλά
3108 2010 3203 2063 καὶ
3229 2010 3436 2081 ταύτην
3464 2011 3564 2081 τὴν
3604 2009 3863 2063 ἀσέϐειανό

2342 2103 2556 2175 γράψας
2590 2104 2688 2175 τὴν
2711 2103 2999 2173 ἐπιστολὴν
3028 2102 3179 2173 παρά
3199 2101 3475 2176 Θεοδώρου
3504 2102 3596 2156 καὶ
3610 2100 3861 2170 Νεστορίω

2342 2196 2612 2268 ἐδιδάχθη.
2651 2197 2715 2250 Ἠ
2750 2197 2933 2267 μέντοι
2964 2196 3229 2264 καθολικὴ
3276 2194 3576 2264 Ἐκκλησία
3596 2194 3688 2265 τὴν
3712 2191 3862 2245 τοιαύ-

2341 2306 2442 2359 την
2477 2288 2792 2353 κακοδοξίαν
2834 2288 3242 2360 κατακρίνουσα
3283 2287 3407 2359 οὐχὶ
3432 2290 3513 2351 εἰς
3541 2287 3628 2341 τὸν
3655 2285 3766 2340 ναὸν
3788 2284 3864 2339 καί

2343 2381 2423 2443 εἰς
2450 2379 2542 2433 τὸν
2565 2378 2880 2433 ἐνοικοῦντα
2903 2379 2949 2412 ⁸⁸
2976 2381 3034 2433 ἐν
3066 2382 3143 2450 τῷ
3166 2378 3296 2450 ναῷ,
3328 2379 3448 2433 ἀλλ’
3477 2381 3557 2442 εἰς
3587 2378 3677 2431 ενα
3694 2376 3864 2446 Κύριον

2356 2473 2561 2544 Ἰησοῦν
2616 2473 2853 2546 Χριστὸν
2900 2473 2992 2527 τὸν
3033 2473 3128 2527 τοῦ
3182 2473 3227 2505 ⁸⁷
3280 2473 3417 2526 Θεοῦ
3468 2471 3637 2540 Λόγον
3685 2476 3864 2540 σαρκὼ

2344 2565 2504 2619 Θέντα
2533 2566 2629 2619 καὶ
2662 2564 3160 2636 ἐνανορωπήσαντα
3191 2564 3479 2634 ὁμολογεῖν
3507 2563 3599 2617 καὶ
3632 2558 3864 2614 πιστεύειν

2343 2657 2732 2728 παραδίδωσινέ
2780 2656 2945 2710 Οὐδὲν
2968 2656 3026 2709 δὲ
3061 2655 3369 2726 Θαυμαστὸν
3398 2657 3450 2709 εἰ
3473 2657 3539 2725 τῇ
3560 2654 3664 2707 τῶν
3686 2651 3864 2721 φύσεων

2343 2750 2614 2821 ὀνομασίᾳ
2642 2749 2915 2819 ἐχρήσατο
2961 2750 2989 2802 6
3032 2749 3130 2820 τὴν
3153 2734 3325 2818 ἀσεϐῆ
3372 2747 3592 2817 ἐκείνην
3620 2739 3864 2809 ἐπιστολὴν

2343 2843 2559 2913 γράψας
2593 2860 2607 2874 ⁸
2632 2842 2750 2906 ἔθος
2773 2842 2881 2912 γὰρ
2911 2843 3023 2903 τοῖς
3054 2843 3347 2912 αἰρετικοῖς
3378 2839 3521 2911 πρὸς
3546 2838 3747 2906 ἀπάτην
3778 2832 3865 2887 τῶν

2344 2934 2730 3005 ἀπλουστέρων
2759 2936 2879 2997 ταῖς
2908 2934 3059 2999 παρά
3090 2933 3199 2986 τῶν
3231 2932 3530 3003 ὀρθοδόξων
3553 2928 3771 2990 εὐσεϐῶς
3796 2926 3865 2977 λεο

2344 3026 2608 3096 γομέναις
2638 3027 2843 3094 φωναῖς
2878 3023 3179 3096 κεχρῆσθαι
3206 3024 3300 3077 καί
3336 3022 3438 3094 τὴν
3476 3022 3665 3091 εὐσεϐῆ
3696 3017 3865 3073 τούτων

606 3094 609 3097 ¹
676 3101 1014 3171 impietatem
1060 3102 1375 3167 transferre,
1401 3102 1657 3171 quoniatn
1701 3111 1881 3157 autem
1917 3104 2116 3158 eaedem
2150 3120 2218 3157 vo

2273 3143 2314 3199 C
2349 3094 2552 3172 ἔν“ί⁰ιάν
2575 3134 2635 3170 τε
2658 3118 2753 3170 καὶ
2785 3094 3047 3187 ὲξήγησιν
3067 3117 3202 3189 πρὸς
3225 3116 3320 3187 τὴν
3343 3116 3555 3170 οἰκείαν
3583 3110 3865 3184 μεταφέρειν

675 3211 767 3250 ces
829 3194 1105 3267 [quoniam
1164 3203 1247 3249 est
1299 3194 1515 3264 quando
1556 3194 1789 3258 eaedem,
1822 3193 1989 3265 etc.],
2029 3196 2243 3265 quando

674 3288 815 3342 bene
841 3296 1186 3356 exponuntur
1215 3296 1267 3340 ct
1295 3286 1688 3357 intelliguntur,
1711 3301 1836 3340 cum
1861 3286 2059 3356 pietate
2087 3297 2238 3342 sunt:

676 3379 893 3448 quando
940 3389 1119 3433 autem
1167 3379 1304 3432 male
1353 3378 1421 3432 ab
1474 3378 1743 3433 hmreticis
1786 3378 2154 3449 intelliguntur
2191 3388 2245 3433 et

678 3470 1028 3538 proferuntur
1080 3466 1531 3539 [interpretantur
1577 3476 1634 3522 et
1688 3466 2088 3537 proferuntur],
2142 3467 2245 3521 int-

677 3560 935 3630 pietatem
967 3559 1187 3613 habent.

756 3670 774 3703 ι
811 3653 994 3719 Itaque
1020 3648 1325 3704 Nestorium
1357 3649 1494 3704 duas
1514 3650 1730 3720 quidem
1756 3660 1977 3704 naturas
2000 3658 2053 3704 et
2083 3666 2244 3703 unam

680 3758 965 3813 personant
998 3742 1291 3805 dicentem,
1324 3757 1434 3795 non
1472 3742 1819 3797 conﬁtentem
1858 3753 2036 3796 autem
2060 3758 2245 3796 earum

678 3834 942 3887 unitatem
978 3832 1273 3887 secundum
1316 3833 1745 3897 subsistentiam,
1780 3833 2051 3903 Ephesiua
2077 3834 2247 3903 prima

677 3925 933 3995 synodus,
967 3925 1121 3993 cujus
1140 3934 1389 3980 auctores
1408 3933 1562 3979 erant
1591 3925 1914 3981 C(elestinus
1943 3937 1997 3980 et
2022 3926 2248 3997 Cyrillus

677 4028 878 4072 sanetae
924 4016 1217 4080 memoriae,
1270 4033 1377 4071 non
1413 4017 1670 4085 suscepit,
1708 4018 1801 4072 sed
1847 4020 2243 4075 condemnavit.

677 4109 785 4163 Nos
808 4118 988 4162 autem
1019 4117 1328 4163 sanctorum
1357 4109 1576 4163 Patrum
1609 4110 1909 4164 doctrinam
1939 4126 2036 4181 per
2066 4113 2247 4165 omnia

675 4212 990 4272 sequentes.
1025 4209 1080 4255 et
1113 4201 1369 4255 unitatem
1401 4202 1629 4256 duarttm
1665 4214 2000 4265 naturarum,
2037 4219 2101 4257 ex
2131 4204 2247 4273 qui-

678 4297 780 4350 hus
828 4294 1086 4349 Dominus
1123 4304 1309 4347 noster
1362 4294 1520 4349 Jesus
1572 4296 1820 4351 Christus
1874 4312 2013 4350 unus
2048 4306 2246 4350 sancta:

679 4387 979 4451 Trinitatis,
1001 4388 1141 4440 Detts
1168 4384 1402 4440 Verbum
1428 4388 1760 4454 incantatus,
1789 4390 2120 4458 compositus
2140 4399 2240 4452 est,

2348 3211 2620 3271 ἀσέϐειαν,
2651 3208 2840 3279 ἐπειδὴ
2874 3208 3019 3261 ἔστιν
3060 3208 3146 3261 ὅτε
3192 3209 3248 3260 αἰ
3292 3208 3457 3260 αὑταὶ
3510 3204 3679 3274 φωναὶ
3719 3199 3865 3259 καλῶς

2352 3304 2451 3373 μὲν
2478 3300 2840 3372 ἐξηγούμεναι
2864 3300 2958 3353 καὶ
2987 3299 3273 3369 νοούμεναι
3316 3299 3457 3369 μετά
3485 3299 3585 3369 τῆς
3624 3292 3866 3353 εὐσεϐείας

2344 3395 2470 3457 εἰσί,
2503 3392 2688 3455 κακῶς
2719 3392 2776 3445 δὲ
2811 3391 2963 3461 παρά
2998 3390 3106 3444 τῶν
3132 3390 3425 3461 αἰρετικῶν
3477 3388 3868 3460 ἑρμηνευόμενσι

2343 3486 2439 3540 καὶ
2460 3483 2861 3555 προφερόμεναι
2876 3483 2937 3536 τὸ
2959 3482 3150 3545 ἀσεϐὲς
3179 3481 3413 3552 ἔχουσιν.

2424 3576 2678 3644 ι’Λμέλει
2712 3574 3007 3645 Νεστόριον
3038 3573 3260 3626 εἰπόντα
3284 3574 3380 3642 μὲν
3410 3572 3508 3627 δύο
3528 3573 3708 3642 φύσεις
3725 3568 3805 3623 καὶ
3820 3565 3866 3618 ἓν

2346 3668 2664 3739 πρόσωπον,
2717 3667 2791 3739 μὴ
2840 3666 3203 3737 ὁμολογοῦντα
3240 3665 3294 3717 δὲ
3324 3665 3534 3718 τούτων
3562 3665 3606 3697 ⁸⁸
3636 3664 3726 3731 τὴν
3768 3657 3864 3713 καθ’

2347 3762 2643 3815 ὑπόστασιν
2688 3760 2903 3824 ἕνωσιν,
2942 3762 2976 3828 ἡ
3012 3761 3069 3812 ὲν
3125 3758 3338 3828 Ἐφέσῳ
3382 3758 3574 3829 πρώτη
3612 3757 3731 3825 ἁγία
3768 3752 3867 3806 σύνο

2346 3855 2483 3919 οδος,
2514 3849 2582 3924 ἦς
2627 3851 2855 3923 ἐξῆρχον
2902 3851 3252 3914 Καιλεστῖνος
3312 3851 3406 3905 καὶ
3460 3846 3781 3920 Κύριλλοςοί
3820 3846 3867 3896 ἰν

2344 3946 2467 4015 ὁσία
2502 3947 2568 4016 τῇ
2601 3946 2809 4014 μνήμῃ,
2834 3945 2894 3997 οὐ
2922 3943 2967 3976 ⁸³
3007 3943 3365 4015 προσεδέξατο
3387 3943 3458 4007 δί’,
3484 3943 3619 3996 ἀλλά
3654 3942 3737 3994 καὶ
3759 3953 3853 3991 κατ·

2346 4036 2613 4089 εδίκασεν.
2667 4034 2828 4105 365
2889 4034 3081 4105 Ἡμεῖς
3120 4033 3177 4086 δὲ
3206 4036 3271 4105 τῇ
3302 4034 3408 4086 τῶν
3433 4035 3604 4103 ἁγίων
3645 4030 3865 4101 Πατέρων

2345 4126 2665 4197 διδασκαλίᾳ
2690 4126 2778 4179 διά
2804 4126 3021 4179 πάντων
3049 4126 3491 4192 ἀκολουθοῦντες,
3530 4126 3623 4179 καὶ
3661 4124 3749 4193 τὴν
3774 4119 3864 4172 τῶν

2342 4218 2439 4271 δύο
2470 4218 2684 4288 φύσεων
2714 4218 2929 4283 ἕνωσιν,
2957 4218 3016 4284 ἐξ
3062 4211 3137 4272 ὧν
3178 4220 3206 4271 6
3248 4219 3452 4288 Κύριος
3501 4218 3653 4289 ήμῶν
3691 4211 3863 4285 Ἰησοῦς

2345 4311 2373 4363 6
2404 4312 2446 4342 ⁵¹
2479 4311 2735 4381 Χριστὸς,
2788 4312 2816 4363 ὁ
2858 4305 2936 4374 εἷς
2966 4311 3063 4379 τῆς
3096 4312 3256 4379 ἁγίας
3291 4313 3541 4383 Τριάδος,
3575 4315 3602 4366 ὀ
3633 4310 3753 4372 Θεὸς
3783 4305 3864 4360 Λό-

2349 4420 2442 4471 γος
2467 4401 2789 4471 σαρκωθείς,
2829 4403 3109 4473 συνετέθη,
3148 4404 3241 4455 καὶ
3280 4403 3376 4473 τὴν
3408 4404 3612 4458 τούτων
3637 4398 3863 4469 διαφορὰν

676 4490 733 4534 et
757 4479 897 4547 quod
922 4494 1107 4531 earum
1144 4478 1446 4533 differentia
1485 4495 1593 4532 non
1649 4479 1969 4549 interempta
2007 4486 2090 4533 est
2120 4496 2243 4549 pro-
2275 4489 2293 4545 1

2275 4488 2320 4545 ῐ)
2346 4497 2445 4548 οὐκ
2477 4494 2826 4566 ἀνῃρημένην
2856 4494 2943 4547 διά
2983 4493 3081 4565 τὴν
3115 4495 3327 4562 ἕνωσιν,
3350 4491 3425 4559 ὡς
3450 4496 3697 4565 ἀνωτέρω
3724 4488 3862 4561 σαφέσι

678 4581 797 4641 pter
844 4571 1141 4637 unitatem,
1201 4571 1255 4624 in
1302 4570 1671 4641 superioribus
1724 4572 1964 4643 apertius
2014 4572 2242 4627 demon-

680 4662 993 4717 stravimus.

758 4773 775 4803 ι
814 4753 881 4807 Et
906 4753 1241 4808 sufﬁciebant
1273 4752 1492 4823 quidem
1528 4769 1648 4823 qua:
1685 4753 2050 4824 praediximus,
2087 4756 2244 4811 satis-

682 4842 860 4899 facere
892 4844 969 4898 cis
1001 4844 1089 4913 qui
1122 4844 1685 4907 nolunt,contenderc.
1723 4846 1827 4901 Sed
1864 4849 2113 4917 quoniam
2149 4849 2243 4915 illi,

680 4937 771 5007 qui
801 4938 965 4989 semel
993 4937 1059 4989 ad
1090 4936 1416 5006 impietatem
1449 4938 1875 5001 declinaverunt,
1912 4949 1966 4995 et
1996 4941 2097 4995 alia
2130 4957 2249 5010 pro-

682 5042 884 5098 ponere
933 5039 1232 5093 conantur,
1278 5030 1589 5084 neccssario
1631 5046 1731 5085 nos
1790 5042 1846 5086 et
1893 5034 2025 5087 tales
2061 5049 2247 5088 eorum

682 5120 993 5176 occasiones
1057 5137 1222 5175 ranas
1280 5123 1648 5177 ostendemus.
1701 5124 1895 5179 Dicunt
1949 5127 2092 5180 enim
2144 5143 2250 5180 non

681 5222 933 5282 oportere
962 5212 1268 5280 vituperare
1312 5213 1529 5283 impiam
1569 5215 1872 5285 epistolam,
1906 5234 1972 5272 eo
2012 5219 2151 5287 quod
2197 5220 2251 5272 in

681 5306 967 5376 aliquantis
1005 5302 1176 5359 fertur
1219 5306 1492 5362 codicibus
1532 5305 1829 5379 [codicibus
1877 5308 2094 5382 fertur].
2144 5311 2247 5366 Sed

2344 4606 2533 4660 στερον
2557 4587 2936 4656 ἀπεδείξαμεν.

2414 4766 2524 4821 Καὶ
2553 4766 2709 4837 ἢρκει
2742 4766 2839 4837 μὲν
2884 4765 2953 4819 τά
2995 4767 3121 4838 παρ’
3156 4766 3311 4838 ἡμῶν
3338 4767 3597 4838 εἰρημένα
3625 4764 3861 4833 πληροφο-

2350 4858 2512 4933 ρῆσαι
2541 4860 2668 4920 τοὺς
2701 4857 2774 4928 μὴ
2802 4856 3157 4927 βουλομένους
3181 4859 3504 4928 φιλονεικεῖν
3531 4876 3543 4889 ·
3578 4856 3685 4911 ἀλλ’
3704 4849 3862 4916 ἐπειδὴ

2350 4951 2485 5021 πρὸς
2513 4948 2767 5002 ἀσέϐειαν
2790 4949 2933 5015 ἅπαξ
2966 4949 3310 5013 ἐκκλίναντες
3342 4952 3434 5004 καὶ
3462 4949 3661 5020 ἑτέροις
3688 4948 3863 5011 ἐπιχει-

2353 5038 2565 5109 ροῦσιν,
2601 5036 2914 5104 ἀναγκαίως
2958 5039 3119 5108 ἡμεῖς
3151 5038 3245 5090 καὶ
3294 5037 3392 5101 τάς
3422 5036 3669 5097 τοιαύτας
3712 5026 3861 5083 αὐτῶν

2349 5132 2650 5202 προφάσεις
2687 5130 2923 5201 ματαίας
2953 5130 3328 5201 ἀποδείξομεν.
3370 5130 3505 5183 Φασὶ
3542 5129 3646 5197 γὰρ
3680 5122 3746 5195 μὴ
3772 5119 3861 5171 δεῖν

2350 5222 2457 5275 ὑπὸ
2513 5220 2719 5293 μέμψιν
2762 5220 3013 5289 γενέσθαι
3043 5221 3140 5292 τὴν
3189 5221 3357 5291 ἀσεϐῆ
3406 5217 3685 5287 ἐπιστολὴν
3713 5211 3788 5266 διὰ
3814 5205 3860 5258 τὸ

2345 5313 2607 5384 φέρεσθαι
2654 5314 2709 5366 ἐν
2740 5330 2849 5366 τισι
2889 5311 3134 5381 βιϐλίοις.
3170 5313 3312 5366 Ἀλλ’
3354 5314 3403 5367 εἰ
3447 5310 3600 5365 τοῦτό
3636 5323 3713 5369 τις
3740 5299 3857 5355 κατὰ

1950 5455 2181 5514 VARUS
2224 5462 2619 5519 LECTIONES.

748 5595 802 5677 “_
824 5596 1227 5677 ἀναθεμάτισαν
1252 5594 1309 5677 [⁵ἷ
1383 5596 1426 5677 ξ’
1464 5597 1851 5677 ἐμψμυχομένην
1871 5600 1934 5654 P.
2008 5597 2067 5677 ‘1
2084 5600 2295 5677 ἕνωσινἶ
2327 5602 2537 5677 γένεσιν
2697 5601 2749 5677 ’⁸⁵
2776 5601 2947 5677 αὐτῇς
2981 5600 3594 5677 ἐπιστολῆς-ἐπιστολῆς
3622 5592 3773 5677 αὐτῆς

682 5670 728 5700 ⁸⁸
755 5666 1006 5722 οἰκοῦντα
1052 5668 1108 5721 l’.
1186 5666 1231 5699 λδ
1260 5666 1510 5721 οἰκοῦντα
1552 5666 1642 5725 ΡῙ
1680 5666 1736 5702 ί³⁷
1762 5669 1855 5723 τοῦ
1886 5686 1991 5725 οιιι.

687 5753 782 5793 σαν
805 5739 911 5801 PV.
985 5740 1027 5770 ⁸⁸
1058 5740 1086 5790 6
1115 5753 1223 5793 om.
1254 5736 1313 5792 Ρ.

2029 5668 2088 5725 Ρ.
2166 5671 2209 5703 ⁸⁵
2240 5662 2415 5727 αὐτῶν
2446 5674 2507 5726 Ρ.
2582 5673 2626 5704 δ’
2658 5673 2716 5725 ού
2744 5689 2854 5728 om.
2883 5662 2941 5727 ιῖζ
3018 5675 3063 5706 ⁸ο
3105 5662 3489 5745 προσεδέξαντο
3517 5662 3584 5709 -ἔ-
3607 5662 3856 5720 κατεδίκα-
