4096 6296
222 374 327 435 937
1412 370 1847 432 CHRONICON
1895 371 1983 429 PA
1992 370 2296 429 SCHALE.
3384 370 3487 430 938

223 486 325 555 τὴν
357 482 538 536 αὐτῶν
570 483 753 537 ἄνοιαν
779 481 1162 552 προσδέξηται,
1202 482 1283 533 δεῖ
1310 482 1404 534 καὶ
1436 480 1677 552 Εύτυχέα
1707 482 1803 536 καὶ

1931 483 1951 536 ηἰ
1977 483 2079 536 hoc
2108 481 2330 550 aliquies
2359 480 2654 535 secundum
2676 494 2865 534 eorum
2882 480 3214 534 dementiam
3241 479 3487 547 sumciat,

223 576 526 645 Νεστὸριον
554 574 826 644 δέχεσθαι,
860 574 1048 645 ἐπειδὴ
1103 573 1276 626 πολλὰ
1323 574 1417 626 καὶ
1443 574 1571 643 περὶ
1599 573 1807 626 τούτων

1931 585 2121 644 »ροτιρι
2149 584 2203 628 et
2228 574 2535 627 Nestorium
2564 583 2618 627 et
2657 571 2954 643 Eutychen)
2980 572 3203 643 suscipi,
3234 574 3491 643 quoniam

222 669 342 729 τοῖς
370 669 428 718 ἐν
472 668 537 736 τῇ
596 666 797 735 συνόδῳ
836 665 1253 735 πεπραγμένοις
1288 665 1589 735 ἐμφέρεται
1628 682 1642 694 ο
1692 663 1806 717 ἀλλ’

1931 668 2136 721 ›1υι·ἱηιιι
2170 676 2224 721 et
2261 668 2329 721 de
2380 667 2464 722 his
2493 668 2547 719 in
2580 667 2745 737 gestis
2796 668 3150 722 continentur
3196 683 3316 735 qua:
3351 667 3495 736 apud

222 760 406 821 οὐδεὶς
441 757 553 810 τῶν
585 752 644 810 εὖ
677 756 1016 827 φρονούντων
1054 759 1170 820 τοῖς
1210 756 1344 827 παρ’
1374 756 1556 809 αὐτῶν
1577 756 1809 826 λεγομέ-

1931 761 2175 831 ιγιιοίίυιη
2216 769 2334 813 acta
2365 770 2512 814 sunt.
2541 759 2647 814 Sed
2686 776 2845 814 nemo
2872 761 3089 830 sapiens
3117 759 3275 814 dictis
3306 774 3495 813 eorum

227 868 345 914 νοις
372 849 631 921 προσέξει
670 850 763 902 τὸν
795 848 940 903 νοῦν.
972 848 1053 901 Τὰ
1084 848 1195 920 γὰρ
1223 849 1351 917 περὶ
1380 849 1489 902 τῶν
1518 848 1812 919 αίρετικῶν

1931 854 2155 906 inimum
2212 854 2477 908 intendet.
2531 853 2663 920 Quae
2693 854 2841 908 enim
2884 853 2953 907 de
3004 853 3278 908 hmreticis
3312 848 3498 922 profe-

230 945 292 994 ἐν
344 946 467 1005 ταῖς
518 943 564 974 ⁸³
614 942 854 1004 συνόδοις
910 941 1301 1011 προφερόμενα
1348 942 1442 994 καὶ
1497 944 1663 1011 μέρος
1703 940 1812 993 τῶν

1931 955 2109 999 -untur
2134 946 2187 999 in
2219 948 2440 1017 synodis
2473 956 2528 1001 et
2563 965 2687 1017 pars
2717 959 2991 1019 gestorum
3022 948 3178 1012 ﬁunt,
3198 963 3304 1001 non
3339 947 3405 999 ad
3439 946 3503 999 li—

233 1032 652 1101 ὑπομνημάτων
690 1031 954 1101 γινόμενα
980 1031 1083 1085 ούκ
1112 1031 1206 1083 ἐπὶ
1240 1031 1317 1101 τῷ
1351 1030 1811 1101 ὲλευθερωθῆναι,

1931 1038 2253 1094 )erationem
2285 1042 2622 1103 inseruntur,
2652 1043 2744 1096 sed
2777 1043 2844 1096 ad
2876 1043 3135 1110 majorem
3167 1040 3500 1096 condemna-

230 1123 347 1176 ἀλλ’
372 1124 452 1187 εἰς
492 1123 712 1193 ἔλεγχον
764 1121 945 1175 αὐτῶν
971 1123 1065 1175 καὶ
1090 1123 1183 1175 ἐπὶ
1223 1123 1431 1193 μείζονι
1491 1123 1814 1193 κατακρίσει

1931 1130 2122 1185 :ionem
2153 1147 2364 1199 eorum,
2394 1142 2449 1188 ct
2485 1133 2577 1203 qui
2611 1134 2690 1188 eis
2730 1134 2924 1188 similia
2966 1135 3203 1203 sapiunt.
3244 1132 3503 1199 Quamvis

232 1216 418 1268 αὐτῶν
472 1233 533 1268 τε
584 1217 681 1268 καὶ
734 1212 844 1266 τῶν
888 1214 957 1267 τὰ
1001 1214 1168 1283 ὃμοια
1218 1215 1429 1279 τούτοις
1477 1214 1817 1286 φρονούντων

1931 1224 2209 1292 quamvis,
2238 1235 2369 1287 ete.,
2387 1228 2569 1280 desunt
2592 1229 2645 1279 in
2673 1229 2787 1280 cod.
2812 1238 2858 1281 et
2886 1228 3029 1295 apud
3054 1225 3294 1296 Leuncl.]
3320 1234 3502 1282 autem

234 1308 751 1377 παραλαμϐάνεται.

1931 1314 2248 1383 exemplaria
2292 1317 2471 1386 impia:
2516 1316 2759 1387 epistolae
2783 1334 2903 1388 qum
2936 1317 3417 1380 circumferuntur,
3447 1316 3504 1372 in

233 1398 505 1470 aliqﬁibus
561 1400 859 1463 codicibus,
904 1408 964 1455 ut
1018 1401 1223 1456 dictum
1286 1411 1387 1466 est,
1450 1401 1652 1456 inserta
1689 1402 1819 1467 sint,
1853 1412 2033 1461 tamen
2066 1408 2118 1463 in
2151 1412 2479 1466 authenticis
2510 1411 2562 1465 in
2617 1414 2815 1482 quibus
2871 1412 3203 1468 sanctissimi
3265 1409 3506 1482 episcopi

236 1495 701 1564 subscripserunt,
724 1494 1031 1549 nullatenus
1065 1494 1438 1548 inveniuntur.

306 1587 367 1638 Ei
398 1585 493 1637 καὶ
520 1585 565 1615 ⁸³
596 1584 676 1637 ὅτι
710 1583 780 1637 τὰ
815 1587 916 1655 τῆς
949 1584 1182 1648 ἀσεϐοῦς
1211 1586 1502 1655 ἐπιστολῆς
1540 1584 1818 1656 φερόμενα

238 1677 617 1746 ὑπομνήματα
649 1675 707 1728 ἐν
730 1692 842 1728 τισι
877 1676 974 1746 μὲν
1025 1674 1274 1745 βιϐλίοις,
1298 1676 1374 1740 ὡς
1406 1677 1644 1748 εἴρηται,
1670 1677 1819 1729 ὲντέ-

2007 1605 2025 1636 ‹
2066 1585 2293 1657 Oportet
2329 1599 2508 1644 autem
2566 1591 2726 1645 etiam
2768 1590 2898 1645 illud
2944 1592 3226 1647 attendere
3272 1609 3366 1648 eos
3412 1591 3508 1663 qui

1925 1682 2211 1735 veritatem
2256 1693 2694 1753 perscrutantur,
2749 1684 2893 1754 quod
2924 1684 3153 1739 forsitan
3181 1686 3235 1739 in
3266 1687 3510 1741 conciliis

235 1785 470 1831 τακται,
508 1770 566 1819 ὲν
599 1767 655 1821 δὲ
681 1769 794 1828 τοῖς
816 1767 1179 1831 αὐθεντικοῖς,
1204 1769 1261 1820 έν
1293 1763 1376 1830 οἷς
1410 1767 1737 1840 ὑπέγραψαν
1769 1769 1819 1821 οἱ

1931 1770 2171 1839 quadam
2204 1788 2234 1825 a
2283 1773 2447 1827 certis
2492 1774 2562 1827 ibi
2615 1775 3071 1829 convenientibus
3110 1776 3388 1842 dicuntur,
3416 1788 3512 1835 aut

236 1858 527 1913 ὁσιώτατοι
579 1859 889 1923 ἐπίσκοποι,
931 1859 1182 1930 οὐδαμῶς
1231 1859 1491 1930 ηὕρηται,
1541 1860 1682 1930 πλὴν
1725 1861 1823 1912 κά-

238 1950 405 2017 κείνῳ
442 1950 528 2001 δεῖ
566 1948 615 1980 ⁸⁸
645 1950 935 2021 προσέχειν
968 1951 1095 2013 τοὺς
1123 1950 1224 2020 τὴν
1246 1951 1507 2021 ἀλήθειαν
1555 1949 1820 2023 ἐρευνῶν-

236 2059 360 2106 τας,
413 2042 495 2094 ὅτι
528 2042 792 2106 πολλάκις
814 2044 936 2097 τινὰ
965 2044 1023 2098 έν
1044 2044 1167 2107 ταῖς
1198 2043 1438 2106 συνόδοις
1472 2043 1624 2115 παρά
1653 2060 1818 2096 τινων

241 2138 302 2189 ἐν
354 2135 539 2198 αὐτοῖς
588 2135 1001 2205 εὑρισκομένων
1048 2134 1333 2204 λέγεταιῆ
1388 2135 1529 2187 κατά
1568 2133 1819 2205 προαπά-

240 2225 396 2278 θειαν
441 2226 476 2296 ἢ
511 2226 635 2278 κατ’
656 2225 975 2280 ἐναντίωσιν
1007 2225 1041 2297 ἢ
1086 2224 1229 2279 κατά
1260 2226 1505 2294 ἄγνοιαν,
1547 2226 1734 2289 Οὐδεὶς
1760 2224 1818 2277 δὲ

239 2323 499 2391 προσέχει
543 2321 657 2382 τοῖς
710 2316 855 2371 κατὰ
903 2318 1067 2388 μέρος
1105 2317 1259 2386 παρά
1292 2334 1454 2371 τινων
1483 2316 1816 2387 λεγομένοις,

238 2413 381 2466 ἀλλὰ
410 2412 592 2483 μόνοις
621 2413 732 2474 τοῖς
758 2404 905 2464 κατά
933 2410 1120 2482 κοινὴν
1163 2410 1470 2463 συναίνεσιν
1506 2411 1658 2480 παρὰ
1679 2410 1819 2465 πάν-

1925 1879 2022 1934 per
2056 1865 2316 1931 favorem,
2343 1875 2437 1919 aut
2472 1882 2568 1936 per
2591 1869 3055 1933 contrarietatem,
3090 1880 3183 1926 aut
3212 1886 3309 1939 per
3341 1870 3511 1941 igno-

1924 1957 2180 2012 rantiam.
2210 1958 2386 2014 Nemo
2416 1970 2595 2014 autem
2629 1961 2859 2016 attendit
2886 1978 2947 2016 ea
2974 1979 3093 2032 qua:
3120 1978 3218 2032 per
3243 1972 3451 2033 partem
3477 1980 3511 2018 a

1924 2050 2250 2119 quibusdam
2279 2052 2571 2108 dicuntur:
2603 2053 2697 2107 sed
2725 2055 2838 2109 sola
2867 2056 2976 2123 illa,
3012 2072 3133 2125 quac
3161 2057 3228 2111 ab
3256 2057 3512 2112 omnibus

1926 2139 2199 2192 communi
2255 2155 2523 2194 consensu
2574 2141 2927 2197 deﬁniuntur.
2990 2142 3045 2197 Si
3082 2132 3250 2199 enim
3313 2144 3511 2214 aliquis

1926 2230 2223 2284 secundum
2266 2231 2384 2287 illos
2416 2232 2648 2288 voluerit
2683 2235 2966 2291 attendere
2995 2236 3263 2305 ejusmodi
3298 2246 3513 2291 contra-

1928 2321 2185 2387 rietates,
2250 2340 2587 2395 unaquaeque
2641 2327 2878 2397 synodus
2946 2328 3253 2383 invenietur
3313 2338 3515 2384 semet-

1928 2412 2099 2481 ipsam
2132 2415 2440 2470 destruens.

239 2522 351 2558 των
385 2503 744 2575 ὁριζομένοις.
779 2504 844 2555 Et
866 2502 976 2574 γὰρ
1006 2502 1126 2555 κατ’
1159 2502 1405 2566 ἐκείνους
1442 2501 1728 2574 βουληθείη
1756 2518 1838 2565 τις
1885 2505 2174 2577 προσέχειν
2203 2509 2322 2570 ταῖς
2363 2507 2636 2571 τοιαύταις
2691 2510 3094 2574 ὲναντιὼσεσιν,
3135 2496 3343 2581 ἑκάστη
3391 2508 3517 2563 σύν-

241 2599 361 2661 οδος
396 2598 709 2669 εὑρίσκεται
741 2595 938 2667 ἑαυτὴν
964 2595 1371 2667 ἀνατρέπουσα.

325 2713 343 2745 ι
383 2692 484 2745 Διά
511 2690 683 2745 ταῦτα
705 2691 887 2743 τοίνυν
926 2689 1034 2743 ἔδει
1059 2690 1278 2755 αὐτοὺς,
1313 2688 1472 2760 εἴπερ
1501 2688 1677 2763 ὀρθῶς
1706 2688 1823 2741 ἐδέ-

2001 2706 2018 2737 ‹
2051 2684 2279 2757 Propter
2320 2688 2437 2741 haec
2476 2688 2641 2758 igitur
2691 2690 2978 2759 oportebat
3034 2706 3148 2755 eos,
3180 2692 3222 2746 si
3264 2705 3517 2755 sanctum

241 2804 404 2859 χοντο
436 2784 535 2855 τὴν
568 2784 728 2853 ἁγίαν
759 2782 998 2847 σύνοδον,
1030 2781 1104 2854 μὴ
1124 2781 1381 2845 τοιαύτας
1412 2783 1549 2852 αὐτῇ
1589 2780 1825 2852 μέμψεις

1931 2778 2211 2832 concilium
2243 2787 2389 2833 recte
2431 2779 2792 2847 susciperent,
2828 2796 2937 2834 non
2988 2781 3122 2836 tales
3147 2783 3516 2855 blasphemiae

243 2879 597 2949 περιάπτειν,
630 2875 765 2929 ἀλλά
794 2873 1164 2945 ἀκολουθῆσαι
1191 2877 1308 2938 τοῖς
1358 2874 1696 2936 διδασκάλοις
1726 2873 1826 2943 τῆς

1931 2871 1975 2925 ei
2023 2871 2315 2941 applicare,
2367 2872 2461 2926 sed
2516 2872 2670 2941 sequi
2714 2871 2965 2926 doctores
2997 2874 3276 2931 catholicae
3324 2877 3518 2935 Eccle-

242 2971 546 3041 mﬁoltx‘ij;
601 2968 954 3039 Ἐκκλησίας,
991 2968 1086 3020 καὶ
1119 2966 1355 3037 μάλιστα
1395 2970 1507 3029 τοῖς
1537 2968 1594 3019 ἐν
1651 2966 1826 3034 ἁγίοις

1931 2962 2037 3025 size,
2057 2971 2112 3016 et
2132 2963 2361 3016 maxime
2379 2972 2629 3017 sanctum
2646 2962 3027 3025 Athanasium,
3046 2966 3137 3035 qui
3161 2968 3263 3022 fuit
3282 2966 3519 3026 Alexan-

256 3064 564 3137 Ἀθανασίῳ
589 3062 667 3132 τῷ
696 3060 973 3132 γενομένῳ
996 3061 1093 3131 τῆς
1130 3059 1522 3132 Ἀλεξανδρέων
1542 3059 1826 3130 ὲπισκόπῳ

1931 3054 2060 3109 ᾱτῑθε
2087 3054 2397 3125 episcopus,
2428 3064 2484 3109 et
2508 3056 2768 3125 plurimos
2797 3066 2852 3110 et
2882 3073 3103 3128 magnos
3136 3059 3350 3117 labores
3394 3079 3518 3119 sus-
3543 3080 3557 3094 ⁸

244 3157 344 3213 καὶ
395 3156 625 3219 πολλοὺς
677 3154 773 3209 καὶ
832 3152 1103 3225 μεγάλους
1161 3152 1378 3223 ἀγῶνας
1442 3151 1825 3221 ἀναδεξαμένῳ

243 3249 387 3319 ὑπὲρ
434 3248 534 3318 τῆς
567 3246 733 3317 ὀρθῆς
756 3245 804 3277 ⁵⁵
842 3244 951 3298 τῶν
999 3244 1347 3315 Χριστιανῶν
1400 3242 1637 3307 πίστεως
1684 3242 1826 3295 κατὰ

244 3343 431 3409 πάσης
485 3340 773 3411 αἱρέσεως,
824 3338 919 3391 καὶ
982 3336 1216 3406 μάλιστα
1275 3335 1384 3389 τῶν
1416 3336 1827 3410 ,ἀσεϐεστάτων

258 3432 573 3504 ’Δρειανῶν.
607 3430 728 3485 Τῶν
747 3430 859 3500 γὰρ
888 3429 1066 3484 αὐτῶν
1110 3428 1402 3499 Ἀρειανῶν
1443 3428 1578 3499 πρὸς
1610 3428 1827 3496 ἀπάτην

243 3527 357 3578 τῶν
386 3524 532 3578 λαῶν
556 3526 637 3586 εἰς
665 3523 764 3593 τὴν
794 3522 1003 3575 ἑαυτῶν
1037 3521 1229 3593 μερίδα
1258 3521 1663 3591 ἐπισπωμένων
1702 3522 1826 3573 Διο-

246 3617 451 3682 νύσιον,
476 3616 643 3688 366
661 3616 769 3688 πρὸ
790 3614 999 3669 πολλῶν
1025 3615 1161 3669 ἐτῶν
1184 3614 1275 3667 τοῦ
1304 3617 1360 3667 ὲν
1391 3615 1567 3683 ἁγίοις
1600 3612 1826 3666 Ἀθανα-

248 3712 365 3767 diem
394 3711 495 3779 τῆς
530 3708 925 3780 Ἀλεξανδρέων
952 3708 1243 3778 γενόμενον
1268 3708 1588 3770 ἐπίσκοπον,
1614 3707 1707 3759 καὶ
1737 3706 1823 3758 λε-

245 3804 453 3873 γόντων
506 3802 582 3865 ὡς
630 3802 725 3855 καὶ
777 3801 939 3865 αὐτὸς
998 3800 1273 3863 Διονύσιος
1319 3799 1390 3853 τὰ
1435 3800 1595 3868 ὃμοια
1648 3801 1829 3861 αὐτοῖς

246 3896 577 3965 ἐφρόνησεν,
620 3893 939 3956 Ἀθανάσιος
962 3895 990 3946 ὀ
1032 3894 1207 3963 μέγας
1234 3892 1336 3962 τῆς
1390 3892 1719 3960 Ἐκκλησίας
1752 3891 1829 3943 δι-

245 3988 515 4049 δάσκαλος
545 3985 759 4049 πολλοῖς
788 3985 1014 4055 τρόποις
1066 3985 1362 4056 ἐγγράφως
1393 3984 1675 4051 ἀπέδειξεν
1729 3974 1826 4051 τὴν

247 4078 414 4149 ὀρθὴν
441 4078 626 4131 πίστιν
650 4077 925 4130 Διονύσιον
956 4076 1013 4141 ἐξ
1037 4078 1214 4147 ἀρχῆς
1238 4074 1476 4146 κηρῦξαι
1509 4075 1555 4107 ⁵⁵
1588 4078 1682 4130 καὶ
1723 4093 1828 4145 μη-

248 4170 437 4239 δαμῶς
484 4170 908 4239 ὲπικοινωνῆσαι
960 4172 1027 4241 τῇ
1077 4169 1188 4222 τῶν
1249 4168 1541 4239 Ἀρειανῶν
1585 4168 1827 4237 ἀσεϐείᾳ.

252 4259 416 4318 Οῦτοι
450 4264 512 4318 δὲ
555 4262 625 4316 τὰ
679 4262 725 4294 ⁸⁷
771 4262 880 4314 τῶν
919 4261 1214 4332 αἱρετικῶν
1239 4259 1562 4332 φρονοῦντες
1621 4263 1700 4326 είς
1732 4259 1829 4331 τὴν

250 4356 456 4409 οἰκείαν
493 4354 749 4408 ἀσέϐειαν
788 4354 833 4385 ⁸⁸
855 4353 1028 4425 ταύτῃ
1058 4354 1381 4425 περιάπτειν
1410 4351 1824 4417 σπουδάζουσιν.

1929 3148 2073 3217 cepit
2115 3165 2213 3218 pro
2256 3158 2403 3202 recta
2453 3148 2888 3203 Christianorum
2940 3150 3047 3205 fide
3086 3153 3346 3210 adversus
3399 3172 3518 3211 om~

1928 3256 2053 3295 nem
2078 3241 2346 3305 haeresim,
2385 3250 2440 3295 et
2485 3241 2719 3295 maxime
2760 3252 2950 3297 contra
2982 3242 3330 3314 impiissimos
3357 3245 3517 3303 Aria-

1929 3349 2052 3388 nos.
2087 3334 2221 3403 ipsis
2247 3335 2391 3387 enim
2425 3333 2638 3388 Arianis
2670 3333 2736 3388 ad
2770 3335 3118 3405 decipiendos
3153 3340 3380 3410 pepulos
3413 3356 3517 3397 suo

1932 3429 2103 3483 errori
2154 3429 2612 3499 conjungcntibus
2658 3427 2993 3500 Dionysium,
3030 3431 3121 3502 qui
3155 3444 3279 3487 ante
3315 3435 3519 3491 multos

1929 3535 2102 3573 annos
2149 3520 2428 3574 Athanasii
2467 3520 2570 3574 fuit
2620 3520 2961 3575 Alexandriae
3003 3523 3313 3594 episc0pus,
3352 3534 3406 3580 et
3431 3526 3517 3580 di-

1929 3612 2177 3667 centibus
2206 3612 2352 3682 quod
2395 3622 2449 3667 et
2496 3614 2612 3683 ipse
2650 3614 2937 3684 Dionysius
2977 3616 3173 3671 similia
3203 3618 3284 3672 eis
3317 3619 3515 3689 sapuit,

1928 3701 2258 3757 Athanasius
2306 3719 2533 3775 magnus
2576 3704 2833 3759 Ecclesia:
2867 3705 3058 3763 doctor
3105 3709 3290 3764 tuttltis
3340 3710 3518 3766 modis

1929 3796 2168 3849 ostendit
2216 3797 2269 3849 in
2316 3796 2563 3866 scriptis,
2608 3808 2816 3855 rectam
2870 3798 3031 3853 ﬁdem
3086 3799 3400 3873 Dionysium
3449 3803 3519 3857 ab

1930 3884 2085 3939 initio
2120 3886 2459 3955 praedicasse,
2483 3886 2738 3956 nulloque
2768 3888 2929 3942 modo
2958 3890 3277 3961 participem
3305 3894 3520 3950 Arianm

1930 3977 2222 4048 impietatis
2273 3977 2461 4032 fuisse.
2521 3977 2613 4033 lsti
2665 3988 2847 4033 autem
2913 3980 3167 4035 haeretica
3220 3984 3516 4052 sapientes,

1931 4084 2082 4122 suam
2107 4068 2441 4137 impietatem
2468 4068 2645 4122 eidem
2677 4070 2884 4139 synodo
2914 4071 3191 4138 applicare
3237 4072 3516 4129 festinant.

1931 4157 2118 4224 Qualis
2148 4167 2329 4213 autem
2391 4169 2475 4214 est
2509 4160 2924 4224 condemnatio,
2971 4170 3026 4215 et
3054 4163 3227 4231 qualis
3273 4164 3522 4221 imminet

1930 4250 2239 4305 maledictio
2269 4250 2348 4304 eis
2394 4251 2486 4320 qui
2524 4251 2579 4306 in
2630 4249 2820 4306 Patres
2868 4263 3116 4323 peccant,
3148 4255 3305 4311 docet
3333 4272 3433 4310 nos
3465 4267 3522 4312 et

1930 4343 2109 4397 divina
2134 4344 2434 4415 Scriptura.
2466 4344 2523 4399 Si
2549 4345 2692 4399 enim
2715 4344 2908 4407 Cham,
2943 4346 3084 4400 ﬁlius
3122 4345 3256 4412 Noe,
3289 4364 3410 4402 cum
3440 4350 3519 4403 vi-

258 4450 477 4502 Ὀποῖον
502 4448 561 4502 δέ
596 4450 712 4500 ἐστι
742 4446 1061 4517 κατάκριμα
1110 4446 1204 4499 καὶ
1254 4446 1383 4498 ποία
1409 4446 1679 4498 ἐπίκειται
1723 4445 1826 4516 ἀρά

1934 4437 2103 4491 disset
2129 4439 2333 4491 nudum
2364 4454 2522 4492 suum
2555 4448 2785 4510 patrem,
2819 4441 3072 4510 quoniam
3105 4458 3212 4497 non
3240 4445 3523 4514 cooperuit

250 4544 359 4605 τοῖς
389 4542 472 4603 είς
496 4540 743 4609 πατέρας
772 4541 1178 4612 ἁμαρτάνουσιν
1204 4538 1440 4594 διδάσκει
1467 4539 1615 4609 ἡμᾶς
1652 4538 1743 4590 καὶ
1781 4539 1826 4571 ⁵³

251 4634 284 4701 ἡ
313 4632 433 4684 θεία
461 4631 677 4701 Γραφή.
722 4631 784 4683 Εἰ
816 4630 926 4700 γὰρ
955 4631 1084 4700 Χάμ
1115 4633 1144 4683 ὁ
1176 4630 1289 4693 υίὸς
1322 4630 1416 4684 τοῦ
1450 4629 1575 4682 Νῶε
1632 4630 1828 4683 θεασά-

258 4741 413 4798 μενος
440 4723 650 4793 γυμνὸν
674 4723 767 4775 τὸν
806 4725 936 4778 ἴδιον
967 4723 1200 4795 πατέρα,
1233 4724 1328 4776 καὶ
1359 4725 1435 4794 μὴ
1460 4722 1706 4793 καλύψας
1735 4723 1832 4794 τὴν

256 4816 343 4868 τοῦ
377 4815 599 4887 πατρὸς,
636 4816 957 4887 σωματικὴν
1010 4815 1315 4887 γύμνωσιν,
1367 4815 1600 4881 ἐξελθὼν
1652 4817 1833 4885 ἀπήγ-

257 4908 399 4973 γειλε
438 4905 483 4937 ⁶⁰
535 4904 740 4975 ταύτην
776 4908 888 4968 τοῖς
940 4905 1211 4974 ἀδελφοῖς,
1269 4908 1364 4958 καὶ
1393 4907 1588 4958 ἐκεῖνοι
1638 4907 1835 4976 ἱματίῳ

255 4999 456 5067 ταύτην
489 4997 953 5070 περιεσκέπασαν,
992 4999 1153 5060 αὐτὸς
1204 4998 1261 5049 δὲ
1292 4998 1421 5067 Χάμ
1449 5000 1541 5051 καὶ
1575 5001 1623 5050 οἱ
1646 4998 1706 5063 ἐξ
1737 4999 1834 5053 αύ-

256 5092 347 5142 τοῦ
387 5091 745 5161 γεννηθέντες
778 5090 881 5143 ὑπὸ
909 5091 1155 5161 κατάραν
1198 5090 1508 5158 γεγόνασιν,
1544 5092 1590 5142 οἱ
1621 5090 1678 5142 δὲ
1713 5108 1837 5142 σκε-

260 5185 534 5246 πάσαντες
556 5183 808 5250 εὐλογίας
847 5182 1094 5253 μεγάλης
1126 5181 1458 5251 ἠξιώθησαν,
1492 5182 1671 5253 πολλῷ
1702 5184 1837 5252 μᾶλ-

259 5275 344 5327 λον
391 5270 538 5329 οῦτοι
588 5275 828 5346 μείζονος
889 5276 983 5328 καὶ
1034 5273 1114 5327 ἔτι
1164 5274 1407 5338 πλείονος
1456 5274 1831 5345 κατακρίσεώς

262 5370 396 5421 εἰσιν
429 5367 573 5433 ἄξιοι
620 5368 669 5420 οἳ
702 5368 799 5439 τὴν
834 5366 1102 5438 μηδαμῶς
1140 5365 1449 5438 προσοῦσαν
1500 5366 1723 5436 ἀτιμίαν
1763 5366 1829 5439 τῇ

1932 4530 2100 4599 patris
2132 4530 2468 4597 corporalem
2510 4532 2837 4599 nuditatem,
2888 4534 2984 4587 sed
3014 4549 3269 4604 egressus
3299 4537 3520 4592 nuntia-

1934 4623 2159 4677 viteam
2201 4622 2494 4689 fratribus,
2551 4634 2607 4679 et
2665 4624 2742 4678 illi
2788 4625 3115 4679 vestimento
3164 4642 3282 4680 eam
3318 4642 3520 4697 coope-

1938 4722 2194 4778 ruerunt,
2249 4714 2367 4784 ipse
2410 4716 2629 4785 quidem
2674 4716 2881 4782 Citam,
2936 4726 2990 4770 et
3042 4717 3115 4771 illi
3160 4717 3250 4787 qui
3290 4732 3355 4772 ex
3402 4718 3519 4788 ipso

1938 4809 2051 4862 uati
2100 4817 2248 4872 sunt,
2273 4809 2374 4863 sub
2414 4809 2790 4864 maledictione
2837 4810 2961 4866 facti
2995 4820 3155 4874 sunt;
3191 4810 3280 4879 qui
3324 4821 3506 4864 autem

1939 4911 2357 4971 cooperuerunt,
2407 4916 2653 4971 magnam
2692 4901 3128 4955 benedictionem
3165 4911 3514 4965 meruerunt;

1937 4993 2107 5046 multo
2158 4994 2329 5061 magis
2377 4992 2467 5046 isti
2524 4993 2727 5061 majore
2777 5002 2833 5047 et
2878 4994 3140 5062 ampliore
3178 4993 3513 5048 condemna-

1937 5085 2083 5139 tione
2122 5085 2265 5156 digni
2327 5095 2473 5150 sunt,
2511 5084 2603 5153 qui
2647 5085 2712 5138 ad
2766 5086 3028 5155 synodum
3086 5086 3311 5141 minime
3346 5086 3519 5157 perti-

1935 5188 2155 5233 nentem
2207 5178 2511 5241 infamiam,
2552 5178 2825 5245 ,t‘estinant
2869 5194 2967 5248 per
3015 5179 3351 5251 impietatem
3394 5181 3515 5251 epi~

1939 5275 2109 5337 stola),
2143 5282 2195 5327 et
2230 5271 2516 5335 Theodori,
2541 5271 2717 5324 eidem
2748 5280 2948 5326 sancta)
2988 5274 3193 5342 synodo
3217 5274 3511 5343 applicare.

1940 5362 2043 5417 Sed
2081 5378 2190 5416 non
2224 5361 2346 5416 ideo
2380 5360 2545 5430 impia
2578 5359 2825 5431 epistola,
2857 5362 2943 5417 vel
2980 5363 3335 5419 defendentes
3368 5378 3510 5429 eam,

1550 5548 1785 5603 VARIAZ
1819 5545 2218 5602 LECTIONES.

338 5711 380 5743 "
402 5715 513 5775 τοῖς
535 5710 643 5766 PV.
719 5712 766 5744 ⁸⁸
793 5713 855 5764 Εἰ
891 5712 1005 5766 καί.
1036 5716 1125 5765 Δεῖ
1155 5712 1210 5765 δὲ
1236 5711 1296 5767 Ρ.
1370 5710 1416 5741 ’δ
1439 5709 1534 5761 δεῖ.
1570 5708 1625 5760 δὲ
1658 5707 1763 5764 PV.
1839 5709 1883 5741 ⁸⁸
1915 5708 2083 5779 ἀρχῆς
2106 5722 2215 5763 om.
2247 5706 2307 5762 Ρ.
2383 5705 2430 5739 ⁸⁸
2461 5705 2778 5778 κηρύξαςξίδ.
2854 5707 2900 5740 ⁸⁷
2929 5706 2995 5761 τὰ
3021 5722 3132 5762 om.
3164 5705 3226 5763 P.
3304 5704 3351 5740 ⁸⁸
3384 5705 3512 5765 ἀσέ-

276 5779 416 5837 ϐειαν
446 5799 555 5839 om.
587 5782 649 5835 P.
758 5784 803 5813 "
834 5783 926 5834 καὶ
952 5798 1062 5836 om.
1094 5783 1154 5837 P.
1234 5785 1277 5815 ⁶⁰
1310 5778 1602 5851 ἐπήγγειλε
1624 5780 1687 5833 Ρ.

395 5862 401 5869 ’
462 5878 739 5940 ΡΑτιιοι..
768 5876 884 5938 Gn.
918 5876 1093 5938 XCII.

3126 5866 3201 5932 30
