  <div class='ocr_page' id='page_1' title='image "/cluster/home/n/w/nwhite01/storage/ocr_20150623/92/hvd.32044019208032/475.png"; bbox 0 0 4096 6296; ppageno 0'>
   <div class='ocr_carea' id='block_1_1' title="bbox 640 321 738 382">
    <p class='ocr_par' dir='ltr' id='par_1_1' title="bbox 640 321 738 382">
     <span class='ocr_line' id='line_1_1' title="bbox 640 321 738 382; baseline -0.02 0"><span class='ocrx_word' id='word_1_1' title='bbox 640 321 738 382; x_wconf 68' lang='lat'><strong>939</strong></span> 
     </span>
    </p>
   </div>
   <div class='ocr_carea' id='block_1_2' title="bbox 1814 303 3371 380">
    <p class='ocr_par' dir='ltr' id='par_1_2' title="bbox 1814 303 3371 380">
     <span class='ocr_line' id='line_1_2' title="bbox 1814 303 3371 380; baseline -0.004 -13"><span class='ocrx_word' id='word_1_2' title='bbox 1814 304 2243 380; x_wconf 78' lang='lat' dir='ltr'><strong>CIIRONICON</strong></span> <span class='ocrx_word' id='word_1_3' title='bbox 2299 303 2698 363; x_wconf 75' lang='lat' dir='ltr'><strong>PASCI—IALE.</strong></span> <span class='ocrx_word' id='word_1_4' title='bbox 3359 323 3371 348; x_wconf 59' lang='grc' dir='ltr'>κ</span> 
     </span>
    </p>
   </div>
   <div class='ocr_carea' id='block_1_3' title="bbox 3762 305 3846 369">
    <p class='ocr_par' dir='ltr' id='par_1_3' title="bbox 3762 305 3846 369">
     <span class='ocr_line' id='line_1_3' title="bbox 3762 305 3846 369; baseline 0.048 -5"><span class='ocrx_word' id='word_1_5' title='bbox 3762 305 3846 369; x_wconf 75' lang='grc' dir='ltr'><strong>9ίο</strong></span> 
     </span>
    </p>
   </div>
   <div class='ocr_carea' id='block_1_4' title="bbox 639 417 2223 492">
    <p class='ocr_par' dir='ltr' id='par_1_4' title="bbox 639 421 2206 492">
     <span class='ocr_line' id='line_1_4' title="bbox 639 421 2206 492; baseline -0.009 -6"><span class='ocrx_word' id='word_1_6' title='bbox 639 428 1146 486; x_wconf 66' lang='lat' dir='ltr'><strong>condemnationem</strong></span> <span class='ocrx_word' id='word_1_7' title='bbox 1225 439 1334 478; x_wconf 64' lang='lat' dir='ltr'><strong>Slliﬂ</strong></span> <span class='ocrx_word' id='word_1_8' title='bbox 1393 423 1684 492; x_wconf 81' lang='lat' dir='ltr'><strong>impietatis</strong></span> <span class='ocrx_word' id='word_1_9' title='bbox 1751 423 2059 492; x_wconf 81' lang='lat' dir='ltr'><strong>effugient:</strong></span> <span class='ocrx_word' id='word_1_10' title='bbox 2112 421 2206 474; x_wconf 84' lang='lat' dir='ltr'><strong>sed</strong></span> 
     </span>
    </p>
   </div>
   <div class='ocr_carea' id='block_1_5' title="bbox 2254 417 3847 492">
    <p class='ocr_par' dir='ltr' id='par_1_5' title="bbox 2254 417 3847 490">
     <span class='ocr_line' id='line_1_5' title="bbox 2254 417 3847 490; baseline 0.001 -20"><span class='ocrx_word' id='word_1_11' title='bbox 2254 431 2279 478; x_wconf 52' lang='grc' dir='ltr'><strong><em>κ</em></strong></span> <span class='ocrx_word' id='word_1_12' title='bbox 2312 419 2511 490; x_wconf 83' lang='grc' dir='ltr'>συνόδῳ</span> <span class='ocrx_word' id='word_1_13' title='bbox 2541 417 2934 482; x_wconf 78' lang='grc' dir='ltr'><strong>σπουδάζοντες</strong></span> <span class='ocrx_word' id='word_1_14' title='bbox 2974 418 3060 470; x_wconf 73' lang='grc' dir='ltr'><strong>διὰ</strong></span> <span class='ocrx_word' id='word_1_15' title='bbox 3093 417 3192 486; x_wconf 74' lang='grc' dir='ltr'>τῆς</span> <span class='ocrx_word' id='word_1_16' title='bbox 3220 417 3477 479; x_wconf 88' lang='grc' dir='ltr'>ἀσεϐείας</span> <span class='ocrx_word' id='word_1_17' title='bbox 3516 417 3611 487; x_wconf 74' lang='grc' dir='ltr'>τῆς</span> <span class='ocrx_word' id='word_1_18' title='bbox 3657 419 3847 472; x_wconf 77' lang='grc' dir='ltr'>ἐπιστο-</span> 
     </span>
    </p>
   </div>
   <div class='ocr_carea' id='block_1_6' title="bbox 640 510 2209 590">
    <p class='ocr_par' dir='ltr' id='par_1_6' title="bbox 640 510 2209 590">
     <span class='ocr_line' id='line_1_6' title="bbox 640 510 2209 590; baseline -0.011 -13"><span class='ocrx_word' id='word_1_19' title='bbox 640 536 816 590; x_wconf 87' lang='lat' dir='ltr'><strong>ncque</strong></span> <span class='ocrx_word' id='word_1_20' title='bbox 857 517 1176 571; x_wconf 79' lang='lat' dir='ltr'><strong>Theodorus</strong></span> <span class='ocrx_word' id='word_1_21' title='bbox 1203 553 1216 576; x_wconf 86' lang='lat'><strong>,</strong></span> <span class='ocrx_word' id='word_1_22' title='bbox 1259 513 1350 582; x_wconf 88' lang='lat' dir='ltr'><strong>qui</strong></span> <span class='ocrx_word' id='word_1_23' title='bbox 1375 527 1609 583; x_wconf 81' lang='lat' dir='ltr'><strong>paganos</strong></span> <span class='ocrx_word' id='word_1_24' title='bbox 1650 523 1704 566; x_wconf 91' lang='lat' dir='ltr'><strong>et</strong></span> <span class='ocrx_word' id='word_1_25' title='bbox 1744 510 1982 574; x_wconf 62' lang='lat' dir='ltr'><strong>Judzeos,</strong></span> <span class='ocrx_word' id='word_1_26' title='bbox 2011 517 2068 562; x_wconf 89' lang='lat' dir='ltr'><strong>et</strong></span> <span class='ocrx_word' id='word_1_27' title='bbox 2097 523 2209 562; x_wconf 91' lang='lat' dir='ltr'><strong>om-</strong></span> 
     </span>
    </p>
   </div>
   <div class='ocr_carea' id='block_1_7' title="bbox 640 601 2208 676">
    <p class='ocr_par' dir='ltr' id='par_1_7' title="bbox 640 601 2208 676">
     <span class='ocr_line' id='line_1_7' title="bbox 640 601 2208 676; baseline -0.008 -9"><span class='ocrx_word' id='word_1_28' title='bbox 640 629 740 667; x_wconf 88' lang='lat' dir='ltr'><strong>nes</strong></span> <span class='ocrx_word' id='word_1_29' title='bbox 771 611 1056 667; x_wconf 67' lang='lat' dir='ltr'><strong>hmreticos</strong></span> <span class='ocrx_word' id='word_1_30' title='bbox 1083 607 1356 676; x_wconf 88' lang='lat' dir='ltr'><strong>impietate</strong></span> <span class='ocrx_word' id='word_1_31' title='bbox 1385 614 1621 675; x_wconf 90' lang='lat' dir='ltr'><strong>superat.</strong></span> <span class='ocrx_word' id='word_1_32' title='bbox 1653 604 1826 673; x_wconf 85' lang='lat' dir='ltr'><strong>lmpio</strong></span> <span class='ocrx_word' id='word_1_33' title='bbox 1855 603 1998 657; x_wconf 91' lang='lat' dir='ltr'><strong>enim</strong></span> <span class='ocrx_word' id='word_1_34' title='bbox 2027 601 2208 655; x_wconf 88' lang='lat' dir='ltr'><strong>Theo-</strong></span> 
     </span>
    </p>
   </div>
   <div class='ocr_carea' id='block_1_8' title="bbox 641 693 2212 768">
    <p class='ocr_par' dir='ltr' id='par_1_8' title="bbox 641 693 2212 768">
     <span class='ocr_line' id='line_1_8' title="bbox 641 693 2212 768; baseline -0.008 -9"><span class='ocrx_word' id='word_1_35' title='bbox 641 706 773 760; x_wconf 83' lang='lat' dir='ltr'><strong>dum</strong></span> <span class='ocrx_word' id='word_1_36' title='bbox 829 720 940 757; x_wconf 92' lang='lat' dir='ltr'><strong>non</strong></span> <span class='ocrx_word' id='word_1_37' title='bbox 986 701 1198 756; x_wconf 61' lang='lat' dir='ltr'><strong>suffecit</strong></span> <span class='ocrx_word' id='word_1_38' title='bbox 1251 714 1414 768; x_wconf 85' lang='lat' dir='ltr'><strong>super</strong></span> <span class='ocrx_word' id='word_1_39' title='bbox 1442 699 1574 752; x_wconf 88' lang='lat' dir='ltr'><strong>alias</strong></span> <span class='ocrx_word' id='word_1_40' title='bbox 1602 697 1720 766; x_wconf 88' lang='lat' dir='ltr'><strong>ejus</strong></span> <span class='ocrx_word' id='word_1_41' title='bbox 1750 694 2112 764; x_wconf 89' lang='lat' dir='ltr'><strong>blasphemias</strong></span> <span class='ocrx_word' id='word_1_42' title='bbox 2145 693 2212 747; x_wconf 89' lang='lat' dir='ltr'><strong>ad</strong></span> 
     </span>
    </p>
   </div>
   <div class='ocr_carea' id='block_1_9' title="bbox 643 788 2209 860">
    <p class='ocr_par' dir='ltr' id='par_1_9' title="bbox 643 788 2209 860">
     <span class='ocr_line' id='line_1_9' title="bbox 643 788 2209 860; baseline -0.009 -8"><span class='ocrx_word' id='word_1_43' title='bbox 643 813 800 852; x_wconf 87' lang='lat' dir='ltr'><strong>suum</strong></span> <span class='ocrx_word' id='word_1_44' title='bbox 829 810 1068 849; x_wconf 88' lang='lat' dir='ltr'><strong>errorem</strong></span> <span class='ocrx_word' id='word_1_45' title='bbox 1103 792 1249 846; x_wconf 86' lang='lat' dir='ltr'><strong>male</strong></span> <span class='ocrx_word' id='word_1_46' title='bbox 1279 789 1638 860; x_wconf 61' lang='lat' dir='ltr'><strong>interpretari,t</strong></span> <span class='ocrx_word' id='word_1_47' title='bbox 1665 788 1969 860; x_wconf 91' lang='lat' dir='ltr'><strong>symbolum</strong></span> <span class='ocrx_word' id='word_1_48' title='bbox 1995 795 2209 840; x_wconf 84' lang='lat' dir='ltr'><strong>trecen-</strong></span> 
     </span>
    </p>
   </div>
   <div class='ocr_carea' id='block_1_10' title="bbox 645 873 2211 938">
    <p class='ocr_par' dir='ltr' id='par_1_10' title="bbox 645 873 2211 938">
     <span class='ocr_line' id='line_1_10' title="bbox 645 873 2211 938; baseline -0.008 -1"><span class='ocrx_word' id='word_1_49' title='bbox 645 897 826 938; x_wconf 83' lang='lat' dir='ltr'><strong>torum</strong></span> <span class='ocrx_word' id='word_1_50' title='bbox 855 883 1039 936; x_wconf 81' lang='lat' dir='ltr'><strong>decem</strong></span> <span class='ocrx_word' id='word_1_51' title='bbox 1075 890 1129 934; x_wconf 87' lang='lat' dir='ltr'><strong>et</strong></span> <span class='ocrx_word' id='word_1_52' title='bbox 1155 889 1275 934; x_wconf 86' lang='lat' dir='ltr'><strong>octo</strong></span> <span class='ocrx_word' id='word_1_53' title='bbox 1299 887 1607 931; x_wconf 91' lang='lat' dir='ltr'><strong>sanctorum</strong></span> <span class='ocrx_word' id='word_1_54' title='bbox 1633 876 1853 929; x_wconf 77' lang='lat' dir='ltr'><strong>Patrum</strong></span> <span class='ocrx_word' id='word_1_55' title='bbox 1883 893 1896 928; x_wconf 89' lang='lat'>:</span> <span class='ocrx_word' id='word_1_56' title='bbox 1930 874 2018 927; x_wconf 86' lang='lat' dir='ltr'><strong>sed</strong></span> <span class='ocrx_word' id='word_1_57' title='bbox 2049 873 2211 926; x_wconf 88' lang='lat' dir='ltr'><strong>etiam</strong></span> 
     </span>
    </p>
   </div>
   <div class='ocr_carea' id='block_1_11' title="bbox 645 963 2210 1042">
    <p class='ocr_par' dir='ltr' id='par_1_11' title="bbox 645 963 2210 1042">
     <span class='ocr_line' id='line_1_11' title="bbox 645 963 2210 1042; baseline -0.008 -14"><span class='ocrx_word' id='word_1_58' title='bbox 645 981 959 1042; x_wconf 88' lang='lat' dir='ltr'><strong>contempto</strong></span> <span class='ocrx_word' id='word_1_59' title='bbox 1000 986 1083 1034; x_wconf 88' lang='lat' dir='ltr'><strong>eo,</strong></span> <span class='ocrx_word' id='word_1_60' title='bbox 1136 969 1279 1023; x_wconf 83' lang='lat' dir='ltr'><strong>aliud</strong></span> <span class='ocrx_word' id='word_1_61' title='bbox 1329 968 1630 1038; x_wconf 77' lang='lat' dir='ltr'><strong>symbolum</strong></span> <span class='ocrx_word' id='word_1_62' title='bbox 1661 964 2076 1034; x_wconf 78' lang='lat' dir='ltr'><strong>exposuitomni</strong></span> <span class='ocrx_word' id='word_1_63' title='bbox 2106 963 2210 1016; x_wconf 89' lang='lat' dir='ltr'><strong>im-</strong></span> 
     </span>
    </p>
   </div>
   <div class='ocr_carea' id='block_1_12' title="bbox 645 1058 2214 1138">
    <p class='ocr_par' dir='ltr' id='par_1_12' title="bbox 645 1058 2214 1138">
     <span class='ocr_line' id='line_1_12' title="bbox 645 1058 2214 1138; baseline -0.008 -19"><span class='ocrx_word' id='word_1_64' title='bbox 645 1068 849 1138; x_wconf 76' lang='lat' dir='ltr'><strong>pietate</strong></span> <span class='ocrx_word' id='word_1_65' title='bbox 907 1064 1154 1134; x_wconf 90' lang='lat' dir='ltr'><strong>plenum,</strong></span> <span class='ocrx_word' id='word_1_66' title='bbox 1193 1062 1246 1116; x_wconf 91' lang='lat' dir='ltr'><strong>in</strong></span> <span class='ocrx_word' id='word_1_67' title='bbox 1294 1076 1401 1130; x_wconf 91' lang='lat' dir='ltr'><strong>quo</strong></span> <span class='ocrx_word' id='word_1_68' title='bbox 1438 1058 1899 1113; x_wconf 87' lang='lat' dir='ltr'><strong>anathematizarc</strong></span> <span class='ocrx_word' id='word_1_69' title='bbox 1942 1070 2105 1109; x_wconf 88' lang='lat' dir='ltr'><strong>ausus</strong></span> <span class='ocrx_word' id='word_1_70' title='bbox 2133 1061 2214 1106; x_wconf 90' lang='lat' dir='ltr'><strong>est</strong></span> 
     </span>
    </p>
   </div>
   <div class='ocr_carea' id='block_1_13' title="bbox 649 1147 2215 1224">
    <p class='ocr_par' dir='ltr' id='par_1_13' title="bbox 649 1147 2215 1224">
     <span class='ocr_line' id='line_1_13' title="bbox 649 1147 2215 1224; baseline -0.006 -14"><span class='ocrx_word' id='word_1_71' title='bbox 649 1172 761 1218; x_wconf 87' lang='lat' dir='ltr'><strong>eos,</strong></span> <span class='ocrx_word' id='word_1_72' title='bbox 796 1153 887 1224; x_wconf 87' lang='lat' dir='ltr'><strong>qui</strong></span> <span class='ocrx_word' id='word_1_73' title='bbox 932 1154 1086 1206; x_wconf 81' lang='lat' dir='ltr'><strong>aliter</strong></span> <span class='ocrx_word' id='word_1_74' title='bbox 1131 1151 1351 1221; x_wconf 90' lang='lat' dir='ltr'><strong>sapiunt</strong></span> <span class='ocrx_word' id='word_1_75' title='bbox 1381 1151 1466 1204; x_wconf 77' lang='lat' dir='ltr'><strong>vel</strong></span> <span class='ocrx_word' id='word_1_76' title='bbox 1496 1150 1731 1214; x_wconf 88' lang='lat' dir='ltr'><strong>tradunt,</strong></span> <span class='ocrx_word' id='word_1_77' title='bbox 1765 1158 1825 1202; x_wconf 90' lang='lat' dir='ltr'><strong>ut</strong></span> <span class='ocrx_word' id='word_1_78' title='bbox 1856 1157 2115 1216; x_wconf 88' lang='lat' dir='ltr'><strong>quantum</strong></span> <span class='ocrx_word' id='word_1_79' title='bbox 2147 1147 2215 1200; x_wconf 89' lang='lat' dir='ltr'><strong>ad</strong></span> 
     </span>
    </p>
   </div>
   <div class='ocr_carea' id='block_1_14' title="bbox 649 1239 2215 1314">
    <p class='ocr_par' dir='ltr' id='par_1_14' title="bbox 649 1239 2215 1314">
     <span class='ocr_line' id='line_1_14' title="bbox 649 1239 2215 1314; baseline -0.006 -13"><span class='ocrx_word' id='word_1_80' title='bbox 649 1249 792 1302; x_wconf 91' lang='lat' dir='ltr'><strong>illius</strong></span> <span class='ocrx_word' id='word_1_81' title='bbox 845 1245 1113 1300; x_wconf 82' lang='lat' dir='ltr'><strong>insaniam</strong></span> <span class='ocrx_word' id='word_1_82' title='bbox 1145 1243 1418 1314; x_wconf 81' lang='lat' dir='ltr'><strong>pertinet,</strong></span> <span class='ocrx_word' id='word_1_83' title='bbox 1447 1255 1651 1308; x_wconf 61' lang='lat' dir='ltr'><strong>gomnes</strong></span> <span class='ocrx_word' id='word_1_84' title='bbox 1694 1240 1864 1296; x_wconf 89' lang='lat' dir='ltr'><strong>sancti</strong></span> <span class='ocrx_word' id='word_1_85' title='bbox 1893 1239 2121 1309; x_wconf 81' lang='lat' dir='ltr'><strong>apostoli</strong></span> <span class='ocrx_word' id='word_1_86' title='bbox 2162 1249 2215 1292; x_wconf 90' lang='lat' dir='ltr'><strong>et</strong></span> 
     </span>
    </p>
   </div>
   <div class='ocr_carea' id='block_1_15' title="bbox 628 1331 2217 1394">
    <p class='ocr_par' dir='ltr' id='par_1_15' title="bbox 628 1331 2217 1394">
     <span class='ocr_line' id='line_1_15' title="bbox 628 1331 2217 1394; baseline -0.006 -1"><span class='ocrx_word' id='word_1_87' title='bbox 628 1340 842 1394; x_wconf 82' lang='lat' dir='ltr'><strong>&#39;l&#39;atres</strong></span> <span class='ocrx_word' id='word_1_88' title='bbox 873 1337 1388 1392; x_wconf 85' lang='lat' dir='ltr'><strong>condemnarentur.</strong></span> <span class='ocrx_word' id='word_1_89' title='bbox 1434 1333 1549 1388; x_wconf 89' lang='lat' dir='ltr'><strong>Hoc</strong></span> <span class='ocrx_word' id='word_1_90' title='bbox 1595 1342 1775 1388; x_wconf 89' lang='lat' dir='ltr'><strong>autem</strong></span> <span class='ocrx_word' id='word_1_91' title='bbox 1813 1332 2083 1386; x_wconf 90' lang='lat' dir='ltr'><strong>Theodori</strong></span> <span class='ocrx_word' id='word_1_92' title='bbox 2115 1331 2217 1384; x_wconf 91' lang='lat' dir='ltr'><strong>im-</strong></span> 
     </span>
    </p>
   </div>
   <div class='ocr_carea' id='block_1_16' title="bbox 649 1423 2217 1499">
    <p class='ocr_par' dir='ltr' id='par_1_16' title="bbox 649 1423 2217 1499">
     <span class='ocr_line' id='line_1_16' title="bbox 649 1423 2217 1499; baseline -0.001 -19"><span class='ocrx_word' id='word_1_93' title='bbox 649 1445 796 1498; x_wconf 75' lang='lat' dir='ltr'><strong>pium</strong></span> <span class='ocrx_word' id='word_1_94' title='bbox 829 1428 1127 1499; x_wconf 75' lang='lat' dir='ltr'><strong>symbolum</strong></span> <span class='ocrx_word' id='word_1_95' title='bbox 1163 1435 1218 1480; x_wconf 87' lang='lat' dir='ltr'><strong>et</strong></span> <span class='ocrx_word' id='word_1_96' title='bbox 1247 1426 1298 1480; x_wconf 90' lang='lat' dir='ltr'><strong>in</strong></span> <span class='ocrx_word' id='word_1_97' title='bbox 1341 1426 1612 1494; x_wconf 85' lang='lat' dir='ltr'><strong>Ephesina</strong></span> <span class='ocrx_word' id='word_1_98' title='bbox 1655 1424 1826 1494; x_wconf 88' lang='lat' dir='ltr'><strong>prima</strong></span> <span class='ocrx_word' id='word_1_99' title='bbox 1858 1423 2061 1495; x_wconf 87' lang='lat' dir='ltr'><strong>synodo</strong></span> <span class='ocrx_word' id='word_1_100' title='bbox 2089 1438 2217 1493; x_wconf 85' lang='lat' dir='ltr'><strong>pro-</strong></span> 
     </span>
    </p>
   </div>
   <div class='ocr_carea' id='block_1_17' title="bbox 650 1517 2217 1584">
    <p class='ocr_par' dir='ltr' id='par_1_17' title="bbox 650 1517 2217 1584">
     <span class='ocr_line' id='line_1_17' title="bbox 650 1517 2217 1584; baseline -0.004 -10"><span class='ocrx_word' id='word_1_101' title='bbox 650 1522 842 1582; x_wconf 88' lang='lat' dir='ltr'><strong>latum,</strong></span> <span class='ocrx_word' id='word_1_102' title='bbox 883 1529 939 1574; x_wconf 92' lang='lat' dir='ltr'><strong>et</strong></span> <span class='ocrx_word' id='word_1_103' title='bbox 973 1520 1029 1573; x_wconf 89' lang='lat' dir='ltr'><strong>in</strong></span> <span class='ocrx_word' id='word_1_104' title='bbox 1063 1518 1493 1574; x_wconf 85' lang='lat' dir='ltr'><strong>Chalcedonensi</strong></span> <span class='ocrx_word' id='word_1_105' title='bbox 1530 1517 1834 1580; x_wconf 83' lang='lat' dir='ltr'><strong>recitatum,</strong></span> <span class='ocrx_word' id='word_1_106' title='bbox 1877 1517 1944 1569; x_wconf 83' lang='lat' dir='ltr'><strong>ab</strong></span> <span class='ocrx_word' id='word_1_107' title='bbox 1992 1527 2217 1584; x_wconf 90' lang='lat' dir='ltr'><strong>utraque</strong></span> 
     </span>
    </p>
   </div>
   <div class='ocr_carea' id='block_1_18' title="bbox 650 1607 2221 1684">
    <p class='ocr_par' dir='ltr' id='par_1_18' title="bbox 650 1607 2221 1684">
     <span class='ocr_line' id='line_1_18' title="bbox 650 1607 2221 1684; baseline -0.004 -17"><span class='ocrx_word' id='word_1_108' title='bbox 650 1614 857 1684; x_wconf 71' lang='lat' dir='ltr'><strong>synodo</strong></span> <span class='ocrx_word' id='word_1_109' title='bbox 887 1627 1009 1666; x_wconf 93' lang='lat' dir='ltr'><strong>cum</strong></span> <span class='ocrx_word' id='word_1_110' title='bbox 1058 1611 1177 1681; x_wconf 87' lang='lat' dir='ltr'><strong>ejus</strong></span> <span class='ocrx_word' id='word_1_111' title='bbox 1207 1611 1532 1681; x_wconf 78' lang='lat' dir='ltr'><strong>expositore,</strong></span> <span class='ocrx_word' id='word_1_112' title='bbox 1561 1620 1614 1664; x_wconf 85' lang='lat' dir='ltr'><strong>et</strong></span> <span class='ocrx_word' id='word_1_113' title='bbox 1647 1609 1725 1664; x_wconf 88' lang='lat' dir='ltr'><strong>eis</strong></span> <span class='ocrx_word' id='word_1_114' title='bbox 1750 1609 1840 1678; x_wconf 87' lang='lat' dir='ltr'><strong>qui</strong></span> <span class='ocrx_word' id='word_1_115' title='bbox 1891 1608 2018 1663; x_wconf 92' lang='lat' dir='ltr'><strong>illud</strong></span> <span class='ocrx_word' id='word_1_116' title='bbox 2051 1607 2221 1662; x_wconf 89' lang='lat' dir='ltr'><strong>susci-</strong></span> 
     </span>
    </p>
   </div>
   <div class='ocr_carea' id='block_1_19' title="bbox 651 1697 2216 1771">
    <p class='ocr_par' dir='ltr' id='par_1_19' title="bbox 651 1697 2216 1771">
     <span class='ocr_line' id='line_1_19' title="bbox 651 1697 2216 1771; baseline -0.003 -19"><span class='ocrx_word' id='word_1_117' title='bbox 651 1702 827 1771; x_wconf 78' lang='lat' dir='ltr'><strong>piunt,</strong></span> <span class='ocrx_word' id='word_1_118' title='bbox 861 1700 1278 1754; x_wconf 89' lang='lat' dir='ltr'><strong>condemnatum</strong></span> <span class='ocrx_word' id='word_1_119' title='bbox 1309 1708 1410 1754; x_wconf 86' lang='lat' dir='ltr'><strong>est.</strong></span> <span class='ocrx_word' id='word_1_120' title='bbox 1457 1697 1721 1763; x_wconf 85' lang='lat' dir='ltr'><strong>Quoniam</strong></span> <span class='ocrx_word' id='word_1_121' title='bbox 1768 1707 1946 1752; x_wconf 86' lang='lat' dir='ltr'><strong>autem</strong></span> <span class='ocrx_word' id='word_1_122' title='bbox 1977 1697 2216 1766; x_wconf 88' lang='lat' dir='ltr'><strong>quidam,</strong></span> 
     </span>
    </p>
   </div>
   <div class='ocr_carea' id='block_1_20' title="bbox 2310 509 3848 580">
    <p class='ocr_par' dir='ltr' id='par_1_20' title="bbox 2310 509 3848 580">
     <span class='ocr_line' id='line_1_20' title="bbox 2310 509 3848 580; baseline 0.003 -21"><span class='ocrx_word' id='word_1_123' title='bbox 2310 509 2406 577; x_wconf 81' lang='grc' dir='ltr'><strong>λῆς</strong></span> <span class='ocrx_word' id='word_1_124' title='bbox 2460 509 2550 563; x_wconf 76' lang='grc' dir='ltr'><strong>καὶ</strong></span> <span class='ocrx_word' id='word_1_125' title='bbox 2595 509 2869 580; x_wconf 80' lang='grc' dir='ltr'><strong>Θεοδώρου</strong></span> <span class='ocrx_word' id='word_1_126' title='bbox 2912 511 3234 578; x_wconf 76' lang='grc' dir='ltr'><strong>περιάπτειν</strong></span> <span class='ocrx_word' id='word_1_127' title='bbox 3281 509 3443 578; x_wconf 72' lang='grc' dir='ltr'>αὐτῇ.</span> <span class='ocrx_word' id='word_1_128' title='bbox 3505 509 3643 561; x_wconf 73' lang='grc' dir='ltr'>Ἀλλ’</span> <span class='ocrx_word' id='word_1_129' title='bbox 3693 511 3748 562; x_wconf 84' lang='grc' dir='ltr'><strong>ού</strong></span> <span class='ocrx_word' id='word_1_130' title='bbox 3776 511 3848 564; x_wconf 63' lang='grc' dir='ltr'><strong>διὰ</strong></span> 
     </span>
    </p>
   </div>
   <div class='ocr_carea' id='block_1_21' title="bbox 2310 599 3846 670">
    <p class='ocr_par' dir='ltr' id='par_1_21' title="bbox 2310 599 3846 670">
     <span class='ocr_line' id='line_1_21' title="bbox 2310 599 3846 670; baseline 0.002 -19"><span class='ocrx_word' id='word_1_131' title='bbox 2310 599 2468 652; x_wconf 89' lang='grc' dir='ltr'>τοῦτο</span> <span class='ocrx_word' id='word_1_132' title='bbox 2499 602 2532 670; x_wconf 77' lang='grc' dir='ltr'>ἡ</span> <span class='ocrx_word' id='word_1_133' title='bbox 2565 599 2770 670; x_wconf 81' lang='grc' dir='ltr'>ἀσεϐὴς</span> <span class='ocrx_word' id='word_1_134' title='bbox 2800 601 3057 670; x_wconf 82' lang='grc' dir='ltr'>ἐπιστολὴ</span> <span class='ocrx_word' id='word_1_135' title='bbox 3086 602 3121 670; x_wconf 74' lang='grc' dir='ltr'>ἢ</span> <span class='ocrx_word' id='word_1_136' title='bbox 3151 603 3200 653; x_wconf 87' lang='grc' dir='ltr'>οἱ</span> <span class='ocrx_word' id='word_1_137' title='bbox 3243 601 3449 670; x_wconf 85' lang='grc' dir='ltr'>ταύτης</span> <span class='ocrx_word' id='word_1_138' title='bbox 3491 601 3534 631; x_wconf 80' lang='grc'><strong>⁶¹</strong></span> <span class='ocrx_word' id='word_1_139' title='bbox 3569 603 3846 654; x_wconf 78' lang='grc' dir='ltr'>ἀντιποιούο</span> 
     </span>
    </p>
   </div>
   <div class='ocr_carea' id='block_1_22' title="bbox 2316 691 3850 764">
    <p class='ocr_par' dir='ltr' id='par_1_22' title="bbox 2316 691 3850 764">
     <span class='ocr_line' id='line_1_22' title="bbox 2316 691 3850 764; baseline 0.001 -20"><span class='ocrx_word' id='word_1_140' title='bbox 2316 709 2467 760; x_wconf 89' lang='grc' dir='ltr'>μενοι</span> <span class='ocrx_word' id='word_1_141' title='bbox 2498 692 2852 761; x_wconf 80' lang='grc' dir='ltr'>ἐκφεύξονται</span> <span class='ocrx_word' id='word_1_142' title='bbox 2881 693 2978 764; x_wconf 84' lang='grc' dir='ltr'><strong>τὴν</strong></span> <span class='ocrx_word' id='word_1_143' title='bbox 3006 694 3099 744; x_wconf 74' lang='grc' dir='ltr'><strong>ἐπὶ</strong></span> <span class='ocrx_word' id='word_1_144' title='bbox 3122 695 3185 763; x_wconf 83' lang='grc' dir='ltr'>τῇ</span> <span class='ocrx_word' id='word_1_145' title='bbox 3227 692 3409 745; x_wconf 69' lang='grc' dir='ltr'>αὐτῶν</span> <span class='ocrx_word' id='word_1_146' title='bbox 3449 691 3672 762; x_wconf 70' lang='grc' dir='ltr'>ἀσεϐείᾳ</span> <span class='ocrx_word' id='word_1_147' title='bbox 3703 696 3850 746; x_wconf 70' lang='grc' dir='ltr'>κατάο</span> 
     </span>
    </p>
   </div>
   <div class='ocr_carea' id='block_1_23' title="bbox 2314 784 3851 857">
    <p class='ocr_par' dir='ltr' id='par_1_23' title="bbox 2314 784 3851 857">
     <span class='ocr_line' id='line_1_23' title="bbox 2314 784 3851 857; baseline 0.003 -21"><span class='ocrx_word' id='word_1_148' title='bbox 2314 802 2515 854; x_wconf 89' lang='grc' dir='ltr'>κρισιν,</span> <span class='ocrx_word' id='word_1_149' title='bbox 2552 784 2666 839; x_wconf 83' lang='grc' dir='ltr'>ἀλλ’</span> <span class='ocrx_word' id='word_1_150' title='bbox 2713 787 2832 838; x_wconf 80' lang='grc' dir='ltr'>οὐδὲ</span> <span class='ocrx_word' id='word_1_151' title='bbox 2862 786 3137 857; x_wconf 85' lang='grc' dir='ltr'>Θεόδωρος</span> <span class='ocrx_word' id='word_1_152' title='bbox 3162 789 3190 839; x_wconf 83' lang='grc' dir='ltr'><strong>ὀ</strong></span> <span class='ocrx_word' id='word_1_153' title='bbox 3224 785 3498 856; x_wconf 83' lang='grc' dir='ltr'>Ἕλληνάς</span> <span class='ocrx_word' id='word_1_154' title='bbox 3525 804 3584 839; x_wconf 91' lang='grc' dir='ltr'><strong>τε</strong></span> <span class='ocrx_word' id='word_1_155' title='bbox 3614 789 3702 840; x_wconf 68' lang='grc' dir='ltr'><strong>καὶ</strong></span> <span class='ocrx_word' id='word_1_156' title='bbox 3743 790 3851 840; x_wconf 68' lang='grc' dir='ltr'>’ίουὲ</span> 
     </span>
    </p>
   </div>
   <div class='ocr_carea' id='block_1_24' title="bbox 2313 875 3852 948">
    <p class='ocr_par' dir='ltr' id='par_1_24' title="bbox 2313 875 3852 948">
     <span class='ocr_line' id='line_1_24' title="bbox 2313 875 3852 948; baseline 0.001 -22"><span class='ocrx_word' id='word_1_157' title='bbox 2313 875 2492 937; x_wconf 83' lang='grc' dir='ltr'>δαίους</span> <span class='ocrx_word' id='word_1_158' title='bbox 2519 877 2614 928; x_wconf 67' lang='grc' dir='ltr'><strong>καὶ</strong></span> <span class='ocrx_word' id='word_1_159' title='bbox 2640 876 2848 938; x_wconf 80' lang='grc' dir='ltr'>πάντας</span> <span class='ocrx_word' id='word_1_160' title='bbox 2893 878 3201 947; x_wconf 78' lang='grc' dir='ltr'>αἱρετικοὺς</span> <span class='ocrx_word' id='word_1_161' title='bbox 3230 879 3294 947; x_wconf 85' lang='grc' dir='ltr'>τῇ</span> <span class='ocrx_word' id='word_1_162' title='bbox 3326 875 3556 941; x_wconf 73' lang='grc' dir='ltr'>ἀσεϐείᾳ</span> <span class='ocrx_word' id='word_1_163' title='bbox 3587 877 3852 948; x_wconf 66' lang='grc' dir='ltr'>ὑπερϐαλόυ</span> 
     </span>
    </p>
   </div>
   <div class='ocr_carea' id='block_1_25' title="bbox 2319 963 3850 1040">
    <p class='ocr_par' dir='ltr' id='par_1_25' title="bbox 2319 963 3850 1040">
     <span class='ocr_line' id='line_1_25' title="bbox 2319 963 3850 1040; baseline 0.001 -21"><span class='ocrx_word' id='word_1_164' title='bbox 2319 984 2476 1036; x_wconf 90' lang='grc' dir='ltr'>μενος</span> <span class='ocrx_word' id='word_1_165' title='bbox 2512 969 2575 1020; x_wconf 73' lang='grc' dir='ltr'><strong>ε’.</strong></span> <span class='ocrx_word' id='word_1_166' title='bbox 2614 963 2780 1031; x_wconf 77' lang='grc' dir='ltr'>Οὗτος</span> <span class='ocrx_word' id='word_1_167' title='bbox 2806 969 2916 1040; x_wconf 85' lang='grc' dir='ltr'><strong>γὰρ</strong></span> <span class='ocrx_word' id='word_1_168' title='bbox 2963 971 3100 1039; x_wconf 75' lang='grc' dir='ltr'>πρὸς</span> <span class='ocrx_word' id='word_1_169' title='bbox 3133 972 3252 1030; x_wconf 84' lang='grc' dir='ltr'>ταῖς</span> <span class='ocrx_word' id='word_1_170' title='bbox 3281 969 3474 1032; x_wconf 83' lang='grc' dir='ltr'>ἄλλαις</span> <span class='ocrx_word' id='word_1_171' title='bbox 3519 969 3679 1022; x_wconf 77' lang='grc' dir='ltr'>αὑτοῦ</span> <span class='ocrx_word' id='word_1_172' title='bbox 3714 969 3850 1038; x_wconf 75' lang='grc' dir='ltr'>βλασο</span> 
     </span>
    </p>
   </div>
   <div class='ocr_carea' id='block_1_26' title="bbox 2317 1059 3852 1131">
    <p class='ocr_par' dir='ltr' id='par_1_26' title="bbox 2317 1059 3852 1131">
     <span class='ocr_line' id='line_1_26' title="bbox 2317 1059 3852 1131; baseline 0.001 -21"><span class='ocrx_word' id='word_1_173' title='bbox 2317 1059 2544 1128; x_wconf 73' lang='grc' dir='ltr'>φημίαις</span> <span class='ocrx_word' id='word_1_174' title='bbox 2582 1060 2679 1112; x_wconf 82' lang='grc' dir='ltr'><strong>οὐκ</strong></span> <span class='ocrx_word' id='word_1_175' title='bbox 2710 1059 2953 1131; x_wconf 72' lang='grc' dir='ltr'>ἠρκέσθη</span> <span class='ocrx_word' id='word_1_176' title='bbox 3012 1059 3090 1130; x_wconf 82' lang='grc' dir='ltr'>τῷ</span> <span class='ocrx_word' id='word_1_177' title='bbox 3154 1061 3288 1130; x_wconf 83' lang='grc' dir='ltr'>πρὸς</span> <span class='ocrx_word' id='word_1_178' title='bbox 3342 1061 3444 1129; x_wconf 76' lang='grc' dir='ltr'><strong>τὴν</strong></span> <span class='ocrx_word' id='word_1_179' title='bbox 3494 1060 3630 1112; x_wconf 89' lang='grc' dir='ltr'>ίδίαν</span> <span class='ocrx_word' id='word_1_180' title='bbox 3676 1060 3852 1129; x_wconf 70' lang='grc' dir='ltr'>πλάνην</span> 
     </span>
    </p>
   </div>
   <div class='ocr_carea' id='block_1_27' title="bbox 2319 1150 3850 1222">
    <p class='ocr_par' dir='ltr' id='par_1_27' title="bbox 2319 1150 3850 1222">
     <span class='ocr_line' id='line_1_27' title="bbox 2319 1150 3850 1222; baseline -0.001 -18"><span class='ocrx_word' id='word_1_181' title='bbox 2319 1151 2773 1222; x_wconf 82' lang='grc' dir='ltr'>παρερμηνεῦσαι</span> <span class='ocrx_word' id='word_1_182' title='bbox 2803 1153 2864 1205; x_wconf 84' lang='grc' dir='ltr'><strong>τὸ</strong></span> <span class='ocrx_word' id='word_1_183' title='bbox 2893 1153 2937 1184; x_wconf 72' lang='grc'><strong>⁸³</strong></span> <span class='ocrx_word' id='word_1_184' title='bbox 2972 1152 3238 1222; x_wconf 88' lang='grc' dir='ltr'>σύμϐολον</span> <span class='ocrx_word' id='word_1_185' title='bbox 3267 1151 3375 1205; x_wconf 87' lang='grc' dir='ltr'><strong>τῶν</strong></span> <span class='ocrx_word' id='word_1_186' title='bbox 3409 1150 3479 1204; x_wconf 90' lang='grc' dir='ltr'>τι⁸</span> <span class='ocrx_word' id='word_1_187' title='bbox 3514 1152 3608 1204; x_wconf 74' lang='grc' dir='ltr'>καὶ</span> <span class='ocrx_word' id='word_1_188' title='bbox 3635 1154 3681 1222; x_wconf 87' lang='grc' dir='ltr'>η’</span> <span class='ocrx_word' id='word_1_189' title='bbox 3707 1153 3850 1218; x_wconf 80' lang='grc' dir='ltr'>ἁγίων</span> 
     </span>
    </p>
   </div>
   <div class='ocr_carea' id='block_1_28' title="bbox 2317 1241 3853 1313">
    <p class='ocr_par' dir='ltr' id='par_1_28' title="bbox 2317 1241 3853 1313">
     <span class='ocr_line' id='line_1_28' title="bbox 2317 1241 3853 1313; baseline -0.003 -18"><span class='ocrx_word' id='word_1_190' title='bbox 2317 1244 2596 1313; x_wconf 82' lang='grc' dir='ltr'>Πατέρων,</span> <span class='ocrx_word' id='word_1_191' title='bbox 2650 1242 2788 1297; x_wconf 79' lang='grc' dir='ltr'>ἀλλὰ</span> <span class='ocrx_word' id='word_1_192' title='bbox 2831 1243 2925 1296; x_wconf 74' lang='grc' dir='ltr'>καὶ</span> <span class='ocrx_word' id='word_1_193' title='bbox 2980 1243 3390 1312; x_wconf 82' lang='grc' dir='ltr'>περιφρονήσας</span> <span class='ocrx_word' id='word_1_194' title='bbox 3449 1243 3640 1295; x_wconf 86' lang='grc' dir='ltr'>τούτου</span> <span class='ocrx_word' id='word_1_195' title='bbox 3694 1241 3853 1312; x_wconf 81' lang='grc' dir='ltr'>ἓτερον</span> 
     </span>
    </p>
   </div>
   <div class='ocr_carea' id='block_1_29' title="bbox 2319 1332 3852 1404">
    <p class='ocr_par' dir='ltr' id='par_1_29' title="bbox 2319 1332 3852 1404">
     <span class='ocr_line' id='line_1_29' title="bbox 2319 1332 3852 1404; baseline -0.001 -18"><span class='ocrx_word' id='word_1_196' title='bbox 2319 1333 2586 1404; x_wconf 81' lang='grc' dir='ltr'>σύμϐολον</span> <span class='ocrx_word' id='word_1_197' title='bbox 2620 1334 2834 1398; x_wconf 79' lang='grc' dir='ltr'>ἐξέθετο</span> <span class='ocrx_word' id='word_1_198' title='bbox 2871 1335 3051 1404; x_wconf 81' lang='grc' dir='ltr'>πάσης</span> <span class='ocrx_word' id='word_1_199' title='bbox 3073 1335 3327 1397; x_wconf 87' lang='grc' dir='ltr'>ἀσεϐείας</span> <span class='ocrx_word' id='word_1_200' title='bbox 3351 1332 3786 1404; x_wconf 79' lang='grc' dir='ltr'>πεπληρωμένον,</span> <span class='ocrx_word' id='word_1_201' title='bbox 3807 1335 3852 1385; x_wconf 83' lang='grc' dir='ltr'><strong>ἐν</strong></span> 
     </span>
    </p>
   </div>
   <div class='ocr_carea' id='block_1_30' title="bbox 2318 1422 3854 1500">
    <p class='ocr_par' dir='ltr' id='par_1_30' title="bbox 2318 1422 3854 1500">
     <span class='ocr_line' id='line_1_30' title="bbox 2318 1422 3854 1500; baseline -0.002 -20"><span class='ocrx_word' id='word_1_202' title='bbox 2318 1422 2362 1495; x_wconf 79' lang='grc' dir='ltr'>ᾧ</span> <span class='ocrx_word' id='word_1_203' title='bbox 2395 1427 2793 1496; x_wconf 82' lang='grc' dir='ltr'>ἁναθεματίσαι</span> <span class='ocrx_word' id='word_1_204' title='bbox 2824 1427 2953 1490; x_wconf 77' lang='grc' dir='ltr'>τοὺς</span> <span class='ocrx_word' id='word_1_205' title='bbox 2982 1428 3180 1494; x_wconf 78' lang='grc' dir='ltr'><strong>ἑτέρως</strong></span> <span class='ocrx_word' id='word_1_206' title='bbox 3215 1427 3554 1500; x_wconf 75' lang='grc' dir='ltr'>φρονοῦντας</span> <span class='ocrx_word' id='word_1_207' title='bbox 3592 1427 3624 1497; x_wconf 84' lang='grc' dir='ltr'>ἢ</span> <span class='ocrx_word' id='word_1_208' title='bbox 3651 1426 3854 1494; x_wconf 81' lang='grc' dir='ltr'>παραδι-</span> 
     </span>
    </p>
   </div>
   <div class='ocr_carea' id='block_1_31' title="bbox 2317 1515 3851 1588">
    <p class='ocr_par' dir='ltr' id='par_1_31' title="bbox 2317 1515 3851 1588">
     <span class='ocr_line' id='line_1_31' title="bbox 2317 1515 3851 1588; baseline 0 -18"><span class='ocrx_word' id='word_1_209' title='bbox 2317 1518 2506 1580; x_wconf 84' lang='grc' dir='ltr'>δόντας</span> <span class='ocrx_word' id='word_1_210' title='bbox 2542 1520 2588 1548; x_wconf 54' lang='grc' dir='ltr'>δθ</span> <span class='ocrx_word' id='word_1_211' title='bbox 2619 1515 2942 1588; x_wconf 86' lang='grc' dir='ltr'>ἐτόλμησεν,</span> <span class='ocrx_word' id='word_1_212' title='bbox 2979 1516 3119 1569; x_wconf 80' lang='grc' dir='ltr'>ὥστε</span> <span class='ocrx_word' id='word_1_213' title='bbox 3152 1517 3273 1569; x_wconf 81' lang='grc' dir='ltr'>ὅσον</span> <span class='ocrx_word' id='word_1_214' title='bbox 3305 1516 3449 1570; x_wconf 84' lang='grc' dir='ltr'><strong>κατά</strong></span> <span class='ocrx_word' id='word_1_215' title='bbox 3477 1516 3577 1587; x_wconf 87' lang='grc' dir='ltr'>τὴν</span> <span class='ocrx_word' id='word_1_216' title='bbox 3604 1518 3792 1571; x_wconf 54' lang='grc' dir='ltr'>ἐκείνου</span> <span class='ocrx_word' id='word_1_217' title='bbox 3816 1519 3851 1548; x_wconf 78' lang='grc'>⁸⁵</span> 
     </span>
    </p>
   </div>
   <div class='ocr_carea' id='block_1_32' title="bbox 2322 1609 3852 1681">
    <p class='ocr_par' dir='ltr' id='par_1_32' title="bbox 2322 1609 3852 1681">
     <span class='ocr_line' id='line_1_32' title="bbox 2322 1609 3852 1681; baseline -0.002 -17"><span class='ocrx_word' id='word_1_218' title='bbox 2322 1611 2521 1681; x_wconf 87' lang='grc' dir='ltr'>μανίαν</span> <span class='ocrx_word' id='word_1_219' title='bbox 2554 1611 2760 1672; x_wconf 85' lang='grc' dir='ltr'>πάντας</span> <span class='ocrx_word' id='word_1_220' title='bbox 2782 1612 2910 1673; x_wconf 80' lang='grc' dir='ltr'>τοὺς</span> <span class='ocrx_word' id='word_1_221' title='bbox 2947 1611 3135 1678; x_wconf 79' lang='grc' dir='ltr'>ἁγίους</span> <span class='ocrx_word' id='word_1_222' title='bbox 3159 1609 3497 1672; x_wconf 83' lang='grc' dir='ltr'>ἀποστόλους</span> <span class='ocrx_word' id='word_1_223' title='bbox 3518 1611 3612 1663; x_wconf 71' lang='grc' dir='ltr'>καὶ</span> <span class='ocrx_word' id='word_1_224' title='bbox 3645 1611 3852 1680; x_wconf 77' lang='grc' dir='ltr'>πατέρας</span> 
     </span>
    </p>
   </div>
   <div class='ocr_carea' id='block_1_33' title="bbox 2319 1682 3853 1774">
    <p class='ocr_par' dir='ltr' id='par_1_33' title="bbox 2319 1682 3853 1774">
     <span class='ocr_line' id='line_1_33' title="bbox 2319 1682 3853 1774; baseline -0.001 -20"><span class='ocrx_word' id='word_1_225' title='bbox 2319 1682 2772 1774; x_wconf 66' lang='grc' dir='ltr'>κατακεκρίσθαι.</span> <span class='ocrx_word' id='word_1_226' title='bbox 2805 1700 2976 1753; x_wconf 87' lang='grc' dir='ltr'>Τοῦτο</span> <span class='ocrx_word' id='word_1_227' title='bbox 3019 1701 3076 1754; x_wconf 88' lang='grc' dir='ltr'><strong>δέ</strong></span> <span class='ocrx_word' id='word_1_228' title='bbox 3125 1701 3186 1754; x_wconf 80' lang='grc' dir='ltr'><strong>τὸ</strong></span> <span class='ocrx_word' id='word_1_229' title='bbox 3215 1701 3414 1764; x_wconf 85' lang='grc' dir='ltr'>ἀσεϐὲς</span> <span class='ocrx_word' id='word_1_230' title='bbox 3448 1701 3715 1772; x_wconf 84' lang='grc' dir='ltr'>Θεοδώρου</span> <span class='ocrx_word' id='word_1_231' title='bbox 3739 1704 3853 1772; x_wconf 84' lang='grc' dir='ltr'>σύμ-</span> 
     </span>
    </p>
   </div>
   <div class='ocr_carea' id='block_1_34' title="bbox 652 1771 2223 1866">
    <p class='ocr_par' dir='ltr' id='par_1_34' title="bbox 652 1789 2219 1863">
     <span class='ocr_line' id='line_1_34' title="bbox 652 1789 2219 1863; baseline -0.003 -17"><span class='ocrx_word' id='word_1_232' title='bbox 652 1795 816 1848; x_wconf 70' lang='lat' dir='ltr'><strong>Verba</strong></span> <span class='ocrx_word' id='word_1_233' title='bbox 861 1809 960 1863; x_wconf 89' lang='lat' dir='ltr'><strong>pro</strong></span> <span class='ocrx_word' id='word_1_234' title='bbox 1011 1792 1297 1847; x_wconf 89' lang='lat' dir='ltr'><strong>Theodoro</strong></span> <span class='ocrx_word' id='word_1_235' title='bbox 1347 1791 1636 1854; x_wconf 87' lang='lat' dir='ltr'><strong>facientes,</strong></span> <span class='ocrx_word' id='word_1_236' title='bbox 1691 1806 1813 1845; x_wconf 88' lang='lat' dir='ltr'><strong>cmn</strong></span> <span class='ocrx_word' id='word_1_237' title='bbox 1871 1789 2219 1860; x_wconf 87' lang='lat' dir='ltr'><strong>proferuntur</strong></span> 
     </span>
    </p>
   </div>
   <div class='ocr_carea' id='block_1_35' title="bbox 2254 1771 3853 1866">
    <p class='ocr_par' dir='ltr' id='par_1_35' title="bbox 2254 1771 3853 1866">
     <span class='ocr_line' id='line_1_35' title="bbox 2254 1771 3853 1866; baseline -0.001 -20"><span class='ocrx_word' id='word_1_238' title='bbox 2254 1771 2290 1825; x_wconf 79' lang='grc' dir='ltr'><strong><em>Β</em></strong></span> <span class='ocrx_word' id='word_1_239' title='bbox 2324 1794 2484 1846; x_wconf 86' lang='grc' dir='ltr'>ϐολον</span> <span class='ocrx_word' id='word_1_240' title='bbox 2516 1771 2610 1846; x_wconf 74' lang='grc' dir='ltr'><strong>καὶ</strong></span> <span class='ocrx_word' id='word_1_241' title='bbox 2639 1794 2698 1847; x_wconf 86' lang='grc' dir='ltr'><strong>ἐν</strong></span> <span class='ocrx_word' id='word_1_242' title='bbox 2726 1796 2789 1864; x_wconf 83' lang='grc' dir='ltr'>τῇ</span> <span class='ocrx_word' id='word_1_243' title='bbox 2823 1793 2940 1846; x_wconf 84' lang='grc' dir='ltr'>κατ’</span> <span class='ocrx_word' id='word_1_244' title='bbox 2974 1794 3207 1862; x_wconf 73' lang='grc' dir='ltr'>Ἔφεσον</span> <span class='ocrx_word' id='word_1_245' title='bbox 3233 1793 3428 1866; x_wconf 81' lang='grc' dir='ltr'>πρώτῃ</span> <span class='ocrx_word' id='word_1_246' title='bbox 3461 1771 3660 1858; x_wconf 83' lang='grc' dir='ltr'>συνόδῴ</span> <span class='ocrx_word' id='word_1_247' title='bbox 3684 1811 3853 1865; x_wconf 82' lang='grc' dir='ltr'>προκο-</span> 
     </span>
    </p>
   </div>
   <div class='ocr_carea' id='block_1_36' title="bbox 653 1884 2219 1955">
    <p class='ocr_par' dir='ltr' id='par_1_36' title="bbox 653 1884 2219 1955">
     <span class='ocr_line' id='line_1_36' title="bbox 653 1884 2219 1955; baseline -0.001 -17"><span class='ocrx_word' id='word_1_248' title='bbox 653 1886 820 1955; x_wconf 89' lang='lat' dir='ltr'><strong>impia</strong></span> <span class='ocrx_word' id='word_1_249' title='bbox 870 1886 987 1955; x_wconf 84' lang='lat' dir='ltr'><strong>ejus</strong></span> <span class='ocrx_word' id='word_1_250' title='bbox 1044 1885 1368 1952; x_wconf 90' lang='lat' dir='ltr'><strong>conscripta,</strong></span> <span class='ocrx_word' id='word_1_251' title='bbox 1417 1895 1638 1955; x_wconf 86' lang='lat' dir='ltr'><strong>propter</strong></span> <span class='ocrx_word' id='word_1_252' title='bbox 1681 1885 1940 1939; x_wconf 82' lang='lat' dir='ltr'><strong>insertam</strong></span> <span class='ocrx_word' id='word_1_253' title='bbox 1968 1885 2044 1939; x_wconf 89' lang='lat' dir='ltr'><strong>eis</strong></span> <span class='ocrx_word' id='word_1_254' title='bbox 2074 1884 2219 1938; x_wconf 88' lang='lat' dir='ltr'><strong>blas-</strong></span> 
     </span>
    </p>
   </div>
   <div class='ocr_carea' id='block_1_37' title="bbox 651 1975 2217 2048">
    <p class='ocr_par' dir='ltr' id='par_1_37' title="bbox 651 1975 2217 2048">
     <span class='ocr_line' id='line_1_37' title="bbox 651 1975 2217 2048; baseline -0.003 -16"><span class='ocrx_word' id='word_1_255' title='bbox 651 1978 926 2048; x_wconf 88' lang='lat' dir='ltr'><strong>phemiam</strong></span> <span class='ocrx_word' id='word_1_256' title='bbox 987 1978 1300 2048; x_wconf 80' lang='lat' dir='ltr'><strong>conﬁngunt</strong></span> <span class='ocrx_word' id='word_1_257' title='bbox 1356 1977 1572 2046; x_wconf 87' lang='lat' dir='ltr'><strong>quidem</strong></span> <span class='ocrx_word' id='word_1_258' title='bbox 1629 1976 1808 2030; x_wconf 89' lang='lat' dir='ltr'><strong>dicere</strong></span> <span class='ocrx_word' id='word_1_259' title='bbox 1863 1977 2009 2045; x_wconf 89' lang='lat' dir='ltr'><strong>quod</strong></span> <span class='ocrx_word' id='word_1_260' title='bbox 2057 1975 2217 2045; x_wconf 89' lang='lat' dir='ltr'><strong>impia</strong></span> 
     </span>
    </p>
   </div>
   <div class='ocr_carea' id='block_1_38' title="bbox 654 2067 2214 2140">
    <p class='ocr_par' dir='ltr' id='par_1_38' title="bbox 654 2067 2214 2140">
     <span class='ocr_line' id='line_1_38' title="bbox 654 2067 2214 2140; baseline -0.003 -16"><span class='ocrx_word' id='word_1_261' title='bbox 654 2079 803 2135; x_wconf 88' lang='lat' dir='ltr'><strong>sunt,</strong></span> <span class='ocrx_word' id='word_1_262' title='bbox 836 2070 1012 2140; x_wconf 89' lang='lat' dir='ltr'><strong>ipsum</strong></span> <span class='ocrx_word' id='word_1_263' title='bbox 1045 2079 1224 2124; x_wconf 91' lang='lat' dir='ltr'><strong>autem</strong></span> <span class='ocrx_word' id='word_1_264' title='bbox 1255 2071 1346 2140; x_wconf 89' lang='lat' dir='ltr'><strong>qui</strong></span> <span class='ocrx_word' id='word_1_265' title='bbox 1379 2069 1541 2123; x_wconf 89' lang='lat' dir='ltr'><strong>talem</strong></span> <span class='ocrx_word' id='word_1_266' title='bbox 1587 2068 1920 2137; x_wconf 85' lang='lat' dir='ltr'><strong>impietatem</strong></span> <span class='ocrx_word' id='word_1_267' title='bbox 1951 2067 2214 2132; x_wconf 88' lang='lat' dir='ltr'><strong>evomuit,</strong></span> 
     </span>
    </p>
   </div>
   <div class='ocr_carea' id='block_1_39' title="bbox 653 2163 2221 2218">
    <p class='ocr_par' dir='ltr' id='par_1_39' title="bbox 653 2163 2221 2218">
     <span class='ocr_line' id='line_1_39' title="bbox 653 2163 2221 2218; baseline -0.003 0"><span class='ocrx_word' id='word_1_268' title='bbox 653 2173 909 2218; x_wconf 86' lang='lat' dir='ltr'><strong>recusant</strong></span> <span class='ocrx_word' id='word_1_269' title='bbox 956 2164 1452 2218; x_wconf 86' lang='lat' dir='ltr'><strong>anathematizare:</strong></span> <span class='ocrx_word' id='word_1_270' title='bbox 1483 2163 1745 2216; x_wconf 88' lang='lat' dir='ltr'><strong>miramur</strong></span> <span class='ocrx_word' id='word_1_271' title='bbox 1783 2178 1970 2216; x_wconf 87' lang='lat' dir='ltr'><strong>eorum</strong></span> <span class='ocrx_word' id='word_1_272' title='bbox 2002 2163 2221 2216; x_wconf 90' lang='lat' dir='ltr'><strong>demen-</strong></span> 
     </span>
    </p>
   </div>
   <div class='ocr_carea' id='block_1_40' title="bbox 604 2251 2222 2326">
    <p class='ocr_par' dir='ltr' id='par_1_40' title="bbox 604 2251 2222 2326">
     <span class='ocr_line' id='line_1_40' title="bbox 604 2251 2222 2326; baseline -0.001 -17"><span class='ocrx_word' id='word_1_273' title='bbox 604 2251 608 2254; x_wconf 75' lang='grc'><em>’</em></span> <span class='ocrx_word' id='word_1_274' title='bbox 653 2258 804 2322; x_wconf 81' lang='lat' dir='ltr'><strong>tiam,</strong></span> <span class='ocrx_word' id='word_1_275' title='bbox 835 2257 979 2326; x_wconf 89' lang='lat' dir='ltr'><strong>quod</strong></span> <span class='ocrx_word' id='word_1_276' title='bbox 1023 2257 1219 2312; x_wconf 63' lang='lat' dir='ltr'><strong>divina:</strong></span> <span class='ocrx_word' id='word_1_277' title='bbox 1266 2257 1558 2325; x_wconf 65' lang='lat' dir='ltr'><strong>Scriptura:</strong></span> <span class='ocrx_word' id='word_1_278' title='bbox 1600 2256 1869 2310; x_wconf 87' lang='lat' dir='ltr'><strong>contraria</strong></span> <span class='ocrx_word' id='word_1_279' title='bbox 1893 2264 2075 2325; x_wconf 80' lang='lat' dir='ltr'><strong>agunt,</strong></span> <span class='ocrx_word' id='word_1_280' title='bbox 2108 2255 2222 2309; x_wconf 75' lang='lat' dir='ltr'><strong>eri-</strong></span> 
     </span>
    </p>
   </div>
   <div class='ocr_carea' id='block_1_41' title="bbox 616 5479 635 5532">
    <p class='ocr_par' dir='ltr' id='par_1_41' title="bbox 616 5479 635 5532">
     <span class='ocr_line' id='line_1_41' title="bbox 616 5479 635 5532; baseline 0 0"><span class='ocrx_word' id='word_1_281' title='bbox 616 5479 635 5532; x_wconf 67' lang='grc' dir='ltr'>ί.</span> 
     </span>
    </p>
   </div>
   <div class='ocr_carea' id='block_1_42' title="bbox 654 2346 2223 2416">
    <p class='ocr_par' dir='ltr' id='par_1_42' title="bbox 654 2346 2223 2416">
     <span class='ocr_line' id='line_1_42' title="bbox 654 2346 2223 2416; baseline -0.004 -12"><span class='ocrx_word' id='word_1_282' title='bbox 654 2350 846 2404; x_wconf 85' lang='lat' dir='ltr'><strong>denter</strong></span> <span class='ocrx_word' id='word_1_283' title='bbox 891 2348 1111 2414; x_wconf 85' lang='lat' dir='ltr'><strong>dicenti,</strong></span> <span class='ocrx_word' id='word_1_284' title='bbox 1163 2349 1289 2416; x_wconf 89' lang='lat' dir='ltr'><strong>quia</strong></span> <span class='ocrx_word' id='word_1_285' title='bbox 1322 2346 1597 2416; x_wconf 77' lang='lat' dir='ltr'><strong>wquatiter</strong></span> <span class='ocrx_word' id='word_1_286' title='bbox 1625 2347 1895 2399; x_wconf 78' lang='lat' dir='ltr'><strong>horribilia</strong></span> <span class='ocrx_word' id='word_1_287' title='bbox 1933 2357 2050 2400; x_wconf 85' lang='lat' dir='ltr'><strong>sunt</strong></span> <span class='ocrx_word' id='word_1_288' title='bbox 2081 2346 2223 2416; x_wconf 85' lang='lat' dir='ltr'><strong>apud</strong></span> 
     </span>
    </p>
   </div>
   <div class='ocr_carea' id='block_1_43' title="bbox 656 2439 2222 2509">
    <p class='ocr_par' dir='ltr' id='par_1_43' title="bbox 656 2439 2222 2509">
     <span class='ocr_line' id='line_1_43' title="bbox 656 2439 2222 2509; baseline -0.003 -14"><span class='ocrx_word' id='word_1_289' title='bbox 656 2443 824 2495; x_wconf 86' lang='lat' dir='ltr'><strong>Deam</strong></span> <span class='ocrx_word' id='word_1_290' title='bbox 856 2443 1048 2509; x_wconf 86' lang='lat' dir='ltr'><strong>impius</strong></span> <span class='ocrx_word' id='word_1_291' title='bbox 1077 2450 1126 2494; x_wconf 82' lang='lat' dir='ltr'><strong>et</strong></span> <span class='ocrx_word' id='word_1_292' title='bbox 1169 2440 1409 2508; x_wconf 78' lang='lat' dir='ltr'><strong>impietas</strong></span> <span class='ocrx_word' id='word_1_293' title='bbox 1444 2439 1574 2506; x_wconf 78' lang='lat' dir='ltr'><strong>ejus.</strong></span> <span class='ocrx_word' id='word_1_294' title='bbox 1620 2439 1774 2493; x_wconf 89' lang='lat' dir='ltr'><strong>Actio</strong></span> <span class='ocrx_word' id='word_1_295' title='bbox 1802 2440 1946 2492; x_wconf 89' lang='lat' dir='ltr'><strong>enim</strong></span> <span class='ocrx_word' id='word_1_296' title='bbox 1975 2455 2096 2493; x_wconf 89' lang='lat' dir='ltr'><strong>cum</strong></span> <span class='ocrx_word' id='word_1_297' title='bbox 2125 2455 2222 2492; x_wconf 90' lang='lat' dir='ltr'><strong>au-</strong></span> 
     </span>
    </p>
   </div>
   <div class='ocr_carea' id='block_1_44' title="bbox 657 2528 2221 2602">
    <p class='ocr_par' dir='ltr' id='par_1_44' title="bbox 657 2528 2221 2602">
     <span class='ocr_line' id='line_1_44' title="bbox 657 2528 2221 2602; baseline -0.001 -17"><span class='ocrx_word' id='word_1_298' title='bbox 657 2541 808 2586; x_wconf 85' lang='lat' dir='ltr'><strong>ctore</strong></span> <span class='ocrx_word' id='word_1_299' title='bbox 841 2528 1067 2602; x_wconf 82' lang='lat' dir='ltr'><strong>[actore]</strong></span> <span class='ocrx_word' id='word_1_300' title='bbox 1108 2530 1384 2599; x_wconf 89' lang='lat' dir='ltr'><strong>punietur.</strong></span> <span class='ocrx_word' id='word_1_301' title='bbox 1422 2529 1479 2583; x_wconf 91' lang='lat' dir='ltr'><strong>Si</strong></span> <span class='ocrx_word' id='word_1_302' title='bbox 1533 2538 1711 2582; x_wconf 87' lang='lat' dir='ltr'><strong>autem</strong></span> <span class='ocrx_word' id='word_1_303' title='bbox 1754 2530 2000 2582; x_wconf 83' lang='lat' dir='ltr'><strong>similiter</strong></span> <span class='ocrx_word' id='word_1_304' title='bbox 2031 2529 2221 2599; x_wconf 87' lang='lat' dir='ltr'><strong>impie-</strong></span> 
     </span>
    </p>
   </div>
   <div class='ocr_carea' id='block_1_45' title="bbox 659 2619 2223 2690">
    <p class='ocr_par' dir='ltr' id='par_1_45' title="bbox 659 2619 2223 2690">
     <span class='ocr_line' id='line_1_45' title="bbox 659 2619 2223 2690; baseline -0.001 -16"><span class='ocrx_word' id='word_1_305' title='bbox 659 2623 758 2675; x_wconf 89' lang='lat' dir='ltr'><strong>tati</strong></span> <span class='ocrx_word' id='word_1_306' title='bbox 790 2621 1064 2675; x_wconf 85' lang='lat' dir='ltr'><strong>horribilis</strong></span> <span class='ocrx_word' id='word_1_307' title='bbox 1099 2630 1183 2675; x_wconf 86' lang='lat' dir='ltr'><strong>est</strong></span> <span class='ocrx_word' id='word_1_308' title='bbox 1227 2619 1343 2674; x_wconf 89' lang='lat' dir='ltr'><strong>Deo</strong></span> <span class='ocrx_word' id='word_1_309' title='bbox 1385 2628 1441 2674; x_wconf 91' lang='lat' dir='ltr'><strong>et</strong></span> <span class='ocrx_word' id='word_1_310' title='bbox 1472 2619 1559 2673; x_wconf 90' lang='lat' dir='ltr'><strong>ille</strong></span> <span class='ocrx_word' id='word_1_311' title='bbox 1589 2620 1679 2689; x_wconf 90' lang='lat' dir='ltr'><strong>qui</strong></span> <span class='ocrx_word' id='word_1_312' title='bbox 1721 2621 1884 2690; x_wconf 89' lang='lat' dir='ltr'><strong>impie</strong></span> <span class='ocrx_word' id='word_1_313' title='bbox 1909 2621 2036 2690; x_wconf 81' lang='lat' dir='ltr'><strong>agit,</strong></span> <span class='ocrx_word' id='word_1_314' title='bbox 2077 2629 2223 2674; x_wconf 87' lang='lat' dir='ltr'><strong>certe</strong></span> 
     </span>
    </p>
   </div>
   <div class='ocr_carea' id='block_1_46' title="bbox 661 2710 2225 2780">
    <p class='ocr_par' dir='ltr' id='par_1_46' title="bbox 661 2710 2225 2780">
     <span class='ocr_line' id='line_1_46' title="bbox 661 2710 2225 2780; baseline -0.001 -14"><span class='ocrx_word' id='word_1_315' title='bbox 661 2720 942 2780; x_wconf 88' lang='lat' dir='ltr'><strong>separatus</strong></span> <span class='ocrx_word' id='word_1_316' title='bbox 975 2721 1058 2765; x_wconf 89' lang='lat' dir='ltr'><strong>est</strong></span> <span class='ocrx_word' id='word_1_317' title='bbox 1104 2711 1226 2764; x_wconf 87' lang='lat' dir='ltr'><strong>talis</strong></span> <span class='ocrx_word' id='word_1_318' title='bbox 1255 2727 1285 2763; x_wconf 91' lang='lat' dir='ltr'><strong>a</strong></span> <span class='ocrx_word' id='word_1_319' title='bbox 1315 2711 1444 2775; x_wconf 89' lang='lat' dir='ltr'><strong>Deo,</strong></span> <span class='ocrx_word' id='word_1_320' title='bbox 1477 2719 1529 2763; x_wconf 90' lang='lat' dir='ltr'><strong>et</strong></span> <span class='ocrx_word' id='word_1_321' title='bbox 1566 2710 1894 2764; x_wconf 84' lang='lat' dir='ltr'><strong>anathemati</strong></span> <span class='ocrx_word' id='word_1_322' title='bbox 1922 2711 2066 2779; x_wconf 82' lang='lat' dir='ltr'><strong>juste</strong></span> <span class='ocrx_word' id='word_1_323' title='bbox 2097 2712 2225 2764; x_wconf 88' lang='lat' dir='ltr'><strong>sub-</strong></span> 
     </span>
    </p>
   </div>
   <div class='ocr_carea' id='block_1_47' title="bbox 657 2802 2225 2875">
    <p class='ocr_par' dir='ltr' id='par_1_47' title="bbox 657 2802 2225 2875">
     <span class='ocr_line' id='line_1_47' title="bbox 657 2802 2225 2875; baseline -0.001 -17"><span class='ocrx_word' id='word_1_324' title='bbox 657 2804 865 2875; x_wconf 84' lang='lat' dir='ltr'><strong>jicitur.</strong></span> <span class='ocrx_word' id='word_1_325' title='bbox 887 2803 1188 2856; x_wconf 86' lang='lat' dir='ltr'><strong>Anathema</strong></span> <span class='ocrx_word' id='word_1_326' title='bbox 1223 2802 1368 2856; x_wconf 89' lang='lat' dir='ltr'><strong>enim</strong></span> <span class='ocrx_word' id='word_1_327' title='bbox 1397 2803 1534 2856; x_wconf 85' lang='lat' dir='ltr'><strong>nihil</strong></span> <span class='ocrx_word' id='word_1_328' title='bbox 1566 2802 1710 2857; x_wconf 86' lang='lat' dir='ltr'><strong>aliud</strong></span> <span class='ocrx_word' id='word_1_329' title='bbox 1743 2803 2028 2873; x_wconf 80' lang='lat' dir='ltr'><strong>signiﬁcat,</strong></span> <span class='ocrx_word' id='word_1_330' title='bbox 2062 2804 2164 2857; x_wconf 89' lang='lat' dir='ltr'><strong>nisi</strong></span> <span class='ocrx_word' id='word_1_331' title='bbox 2195 2819 2225 2857; x_wconf 92' lang='lat' dir='ltr'><strong>a</strong></span> 
     </span>
    </p>
   </div>
   <div class='ocr_carea' id='block_1_48' title="bbox 660 2891 2224 2963">
    <p class='ocr_par' dir='ltr' id='par_1_48' title="bbox 660 2891 2224 2963">
     <span class='ocr_line' id='line_1_48' title="bbox 660 2891 2224 2963; baseline -0.001 -14"><span class='ocrx_word' id='word_1_332' title='bbox 660 2895 772 2948; x_wconf 89' lang='lat' dir='ltr'><strong>Deo</strong></span> <span class='ocrx_word' id='word_1_333' title='bbox 825 2893 1236 2963; x_wconf 86' lang='lat' dir='ltr'><strong>separationem,</strong></span> <span class='ocrx_word' id='word_1_334' title='bbox 1273 2893 1412 2947; x_wconf 87' lang='lat' dir='ltr'><strong>sicut</strong></span> <span class='ocrx_word' id='word_1_335' title='bbox 1455 2892 1512 2946; x_wconf 92' lang='lat' dir='ltr'><strong>in</strong></span> <span class='ocrx_word' id='word_1_336' title='bbox 1545 2891 1726 2946; x_wconf 83' lang='lat' dir='ltr'><strong>Veteri</strong></span> <span class='ocrx_word' id='word_1_337' title='bbox 1779 2906 1834 2947; x_wconf 86' lang='lat' dir='ltr'><strong>et</strong></span> <span class='ocrx_word' id='word_1_338' title='bbox 1859 2893 2008 2947; x_wconf 75' lang='lat' dir='ltr'><strong>Novo</strong></span> <span class='ocrx_word' id='word_1_339' title='bbox 2035 2893 2224 2947; x_wconf 78' lang='lat' dir='ltr'><strong>Testa-</strong></span> 
     </span>
    </p>
   </div>
   <div class='ocr_carea' id='block_1_49' title="bbox 659 2982 2225 3055">
    <p class='ocr_par' dir='ltr' id='par_1_49' title="bbox 659 2982 2225 3055">
     <span class='ocr_line' id='line_1_49' title="bbox 659 2982 2225 3055; baseline 0.001 -16"><span class='ocrx_word' id='word_1_340' title='bbox 659 2992 845 3039; x_wconf 85' lang='lat' dir='ltr'><strong>mento</strong></span> <span class='ocrx_word' id='word_1_341' title='bbox 894 2983 1157 3053; x_wconf 88' lang='lat' dir='ltr'><strong>judicium</strong></span> <span class='ocrx_word' id='word_1_342' title='bbox 1183 2982 1249 3037; x_wconf 92' lang='lat' dir='ltr'><strong>de</strong></span> <span class='ocrx_word' id='word_1_343' title='bbox 1274 2984 1616 3038; x_wconf 86' lang='lat' dir='ltr'><strong>anathemate</strong></span> <span class='ocrx_word' id='word_1_344' title='bbox 1635 2985 1916 3055; x_wconf 77' lang='lat' dir='ltr'><strong>signiﬁcat.</strong></span> <span class='ocrx_word' id='word_1_345' title='bbox 1947 2985 2098 3052; x_wconf 85' lang='lat' dir='ltr'><strong>Quod</strong></span> <span class='ocrx_word' id='word_1_346' title='bbox 2125 3004 2225 3041; x_wconf 86' lang='lat' dir='ltr'><strong>au-</strong></span> 
     </span>
    </p>
   </div>
   <div class='ocr_carea' id='block_1_50' title="bbox 2323 1885 3852 1956">
    <p class='ocr_par' dir='ltr' id='par_1_50' title="bbox 2323 1885 3852 1956">
     <span class='ocr_line' id='line_1_50' title="bbox 2323 1885 3852 1956; baseline 0.001 -18"><span class='ocrx_word' id='word_1_347' title='bbox 2323 1885 2514 1956; x_wconf 85' lang='grc' dir='ltr'>μισθέν</span> <span class='ocrx_word' id='word_1_348' title='bbox 2549 1886 2642 1938; x_wconf 80' lang='grc' dir='ltr'>καὶ</span> <span class='ocrx_word' id='word_1_349' title='bbox 2679 1888 2736 1938; x_wconf 88' lang='grc' dir='ltr'><strong>ἐν</strong></span> <span class='ocrx_word' id='word_1_350' title='bbox 2778 1885 3080 1955; x_wconf 85' lang='grc' dir='ltr'>Χαλκηδόνι</span> <span class='ocrx_word' id='word_1_351' title='bbox 3123 1885 3472 1954; x_wconf 82' lang='grc' dir='ltr'>ἀναγνωσθέν</span> <span class='ocrx_word' id='word_1_352' title='bbox 3502 1886 3590 1954; x_wconf 82' lang='grc' dir='ltr'><strong>ὑφ’</strong></span> <span class='ocrx_word' id='word_1_353' title='bbox 3627 1887 3852 1956; x_wconf 72' lang='grc' dir='ltr'>ἑκατέρας</span> 
     </span>
    </p>
   </div>
   <div class='ocr_carea' id='block_1_51' title="bbox 2322 1976 3853 2048">
    <p class='ocr_par' dir='ltr' id='par_1_51' title="bbox 2322 1976 3853 2048">
     <span class='ocr_line' id='line_1_51' title="bbox 2322 1976 3853 2048; baseline -0.001 -19"><span class='ocrx_word' id='word_1_354' title='bbox 2322 1977 2539 2030; x_wconf 86' lang='grc' dir='ltr'>συνόδου</span> <span class='ocrx_word' id='word_1_355' title='bbox 2595 1977 2734 2048; x_wconf 87' lang='grc' dir='ltr'><strong>μετά</strong></span> <span class='ocrx_word' id='word_1_356' title='bbox 2777 1976 2870 2030; x_wconf 89' lang='grc' dir='ltr'><strong>τοῦ</strong></span> <span class='ocrx_word' id='word_1_357' title='bbox 2931 1977 3228 2047; x_wconf 79' lang='grc' dir='ltr'>ἐκθεμένου</span> <span class='ocrx_word' id='word_1_358' title='bbox 3273 1978 3366 2030; x_wconf 81' lang='grc' dir='ltr'>καὶ</span> <span class='ocrx_word' id='word_1_359' title='bbox 3430 1979 3542 2030; x_wconf 85' lang='grc' dir='ltr'><strong>τῶν</strong></span> <span class='ocrx_word' id='word_1_360' title='bbox 3583 1977 3853 2046; x_wconf 81' lang='grc' dir='ltr'>δεξαμένων</span> 
     </span>
    </p>
   </div>
   <div class='ocr_carea' id='block_1_52' title="bbox 2322 2068 3851 2140">
    <p class='ocr_par' dir='ltr' id='par_1_52' title="bbox 2322 2068 3851 2140">
     <span class='ocr_line' id='line_1_52' title="bbox 2322 2068 3851 2140; baseline -0.001 -18"><span class='ocrx_word' id='word_1_361' title='bbox 2322 2069 2450 2123; x_wconf 81' lang='grc' dir='ltr'>αὐτὸ</span> <span class='ocrx_word' id='word_1_362' title='bbox 2477 2068 2804 2140; x_wconf 81' lang='grc' dir='ltr'>κατεκρίθη.</span> <span class='ocrx_word' id='word_1_363' title='bbox 2840 2069 3055 2140; x_wconf 82' lang='grc' dir='ltr'>Ἐπειδὴ</span> <span class='ocrx_word' id='word_1_364' title='bbox 3077 2069 3133 2122; x_wconf 89' lang='grc' dir='ltr'><strong>δέ</strong></span> <span class='ocrx_word' id='word_1_365' title='bbox 3155 2086 3300 2133; x_wconf 88' lang='grc' dir='ltr'>τινες</span> <span class='ocrx_word' id='word_1_366' title='bbox 3321 2070 3414 2123; x_wconf 84' lang='grc' dir='ltr'><strong>τὸν</strong></span> <span class='ocrx_word' id='word_1_367' title='bbox 3445 2070 3583 2139; x_wconf 81' lang='grc' dir='ltr'>ὑπὲρ</span> <span class='ocrx_word' id='word_1_368' title='bbox 3613 2068 3851 2136; x_wconf 78' lang='grc' dir='ltr'>Θεοδώρου</span> 
     </span>
    </p>
   </div>
   <div class='ocr_carea' id='block_1_53' title="bbox 2322 2161 3852 2234">
    <p class='ocr_par' dir='ltr' id='par_1_53' title="bbox 2322 2161 3852 2234">
     <span class='ocr_line' id='line_1_53' title="bbox 2322 2161 3852 2234; baseline -0.001 -20"><span class='ocrx_word' id='word_1_369' title='bbox 2322 2161 2476 2231; x_wconf 88' lang='grc' dir='ltr'>λόγον</span> <span class='ocrx_word' id='word_1_370' title='bbox 2517 2161 2830 2232; x_wconf 84' lang='grc' dir='ltr'>ποιούμενοι</span> <span class='ocrx_word' id='word_1_371' title='bbox 2855 2162 2922 2227; x_wconf 75' lang='grc'><strong>⁸⁸,</strong></span> <span class='ocrx_word' id='word_1_372' title='bbox 2959 2163 3383 2234; x_wconf 75' lang='grc' dir='ltr'>προφερομένων</span> <span class='ocrx_word' id='word_1_373' title='bbox 3419 2162 3528 2215; x_wconf 89' lang='grc' dir='ltr'><strong>τῶν</strong></span> <span class='ocrx_word' id='word_1_374' title='bbox 3557 2161 3753 2214; x_wconf 82' lang='grc' dir='ltr'>ἀσεϐῶν</span> <span class='ocrx_word' id='word_1_375' title='bbox 3772 2161 3852 2213; x_wconf 79' lang='grc' dir='ltr'>αύ-</span> 
     </span>
    </p>
   </div>
   <div class='ocr_carea' id='block_1_54' title="bbox 2323 2249 3853 2323">
    <p class='ocr_par' dir='ltr' id='par_1_54' title="bbox 2323 2249 3853 2323">
     <span class='ocr_line' id='line_1_54' title="bbox 2323 2249 3853 2323; baseline -0.004 -18"><span class='ocrx_word' id='word_1_376' title='bbox 2323 2253 2415 2305; x_wconf 88' lang='grc' dir='ltr'><strong>τοῦ</strong></span> <span class='ocrx_word' id='word_1_377' title='bbox 2449 2252 2914 2323; x_wconf 74' lang='grc' dir='ltr'>συγγραμμάτων,</span> <span class='ocrx_word' id='word_1_378' title='bbox 2948 2251 3036 2305; x_wconf 85' lang='grc' dir='ltr'><strong>διά</strong></span> <span class='ocrx_word' id='word_1_379' title='bbox 3063 2252 3163 2318; x_wconf 87' lang='grc' dir='ltr'><strong>τὴν</strong></span> <span class='ocrx_word' id='word_1_380' title='bbox 3193 2251 3416 2306; x_wconf 82' lang='grc' dir='ltr'>ἐνοῦσαν</span> <span class='ocrx_word' id='word_1_381' title='bbox 3447 2253 3628 2312; x_wconf 77' lang='grc' dir='ltr'>αὐτοῖς</span> <span class='ocrx_word' id='word_1_382' title='bbox 3650 2249 3853 2318; x_wconf 69' lang='grc' dir='ltr'>βλασφη-</span> 
     </span>
    </p>
   </div>
   <div class='ocr_carea' id='block_1_55' title="bbox 2326 2339 3852 2414">
    <p class='ocr_par' dir='ltr' id='par_1_55' title="bbox 2326 2339 3852 2414">
     <span class='ocr_line' id='line_1_55' title="bbox 2326 2339 3852 2414; baseline -0.006 -18"><span class='ocrx_word' id='word_1_383' title='bbox 2326 2343 2453 2413; x_wconf 83' lang='grc' dir='ltr'>μίαν</span> <span class='ocrx_word' id='word_1_384' title='bbox 2475 2342 2900 2414; x_wconf 81' lang='grc' dir='ltr'>προσποιοῦνται</span> <span class='ocrx_word' id='word_1_385' title='bbox 2933 2343 3030 2414; x_wconf 89' lang='grc' dir='ltr'><strong>μέν</strong></span> <span class='ocrx_word' id='word_1_386' title='bbox 3056 2341 3235 2410; x_wconf 89' lang='grc' dir='ltr'>λέγειν</span> <span class='ocrx_word' id='word_1_387' title='bbox 3265 2342 3346 2395; x_wconf 82' lang='grc' dir='ltr'>ὅτι</span> <span class='ocrx_word' id='word_1_388' title='bbox 3376 2341 3548 2410; x_wconf 80' lang='grc' dir='ltr'>ἀσεϐῆ</span> <span class='ocrx_word' id='word_1_389' title='bbox 3571 2339 3731 2392; x_wconf 84' lang='grc' dir='ltr'>ταῦτα</span> <span class='ocrx_word' id='word_1_390' title='bbox 3747 2351 3852 2403; x_wconf 83' lang='grc' dir='ltr'>τυγ-</span> 
     </span>
    </p>
   </div>
   <div class='ocr_carea' id='block_1_56' title="bbox 2326 2430 3854 2507">
    <p class='ocr_par' dir='ltr' id='par_1_56' title="bbox 2326 2430 3854 2507">
     <span class='ocr_line' id='line_1_56' title="bbox 2326 2430 3854 2507; baseline -0.005 -17"><span class='ocrx_word' id='word_1_391' title='bbox 2326 2436 2499 2506; x_wconf 83' lang='grc' dir='ltr'>χάνει,</span> <span class='ocrx_word' id='word_1_392' title='bbox 2528 2436 2691 2488; x_wconf 80' lang='grc' dir='ltr'>αὑτὸν</span> <span class='ocrx_word' id='word_1_393' title='bbox 2724 2434 2781 2488; x_wconf 89' lang='grc' dir='ltr'><strong>δέ</strong></span> <span class='ocrx_word' id='word_1_394' title='bbox 2809 2435 2901 2488; x_wconf 82' lang='grc' dir='ltr'><strong>τὸν</strong></span> <span class='ocrx_word' id='word_1_395' title='bbox 2926 2434 3025 2507; x_wconf 79' lang='grc' dir='ltr'>τὴν</span> <span class='ocrx_word' id='word_1_396' title='bbox 3054 2434 3313 2504; x_wconf 78' lang='grc' dir='ltr'>τοιαύτην</span> <span class='ocrx_word' id='word_1_397' title='bbox 3343 2436 3384 2466; x_wconf 81' lang='grc'><strong>⁸⁷</strong></span> <span class='ocrx_word' id='word_1_398' title='bbox 3423 2435 3672 2488; x_wconf 83' lang='grc' dir='ltr'>ἀσέϐειαν</span> <span class='ocrx_word' id='word_1_399' title='bbox 3697 2430 3854 2501; x_wconf 75' lang='grc' dir='ltr'>ἐξεμέσ</span> 
     </span>
    </p>
   </div>
   <div class='ocr_carea' id='block_1_57' title="bbox 2329 2524 3852 2599">
    <p class='ocr_par' dir='ltr' id='par_1_57' title="bbox 2329 2524 3852 2599">
     <span class='ocr_line' id='line_1_57' title="bbox 2329 2524 3852 2599; baseline -0.005 -17"><span class='ocrx_word' id='word_1_400' title='bbox 2329 2545 2501 2583; x_wconf 84' lang='grc' dir='ltr'>σαντα</span> <span class='ocrx_word' id='word_1_401' title='bbox 2527 2529 2920 2599; x_wconf 88' lang='grc' dir='ltr'>παραιτοῦνται</span> <span class='ocrx_word' id='word_1_402' title='bbox 2943 2527 3386 2598; x_wconf 78' lang='grc' dir='ltr'>ἀναθεματίζειν,</span> <span class='ocrx_word' id='word_1_403' title='bbox 3413 2527 3751 2598; x_wconf 80' lang='grc' dir='ltr'>θαυμάζομεν</span> <span class='ocrx_word' id='word_1_404' title='bbox 3773 2524 3852 2592; x_wconf 79' lang='grc' dir='ltr'><strong>τὴν</strong></span> 
     </span>
    </p>
   </div>
   <div class='ocr_carea' id='block_1_58' title="bbox 2324 2616 3852 2693">
    <p class='ocr_par' dir='ltr' id='par_1_58' title="bbox 2324 2616 3852 2693">
     <span class='ocr_line' id='line_1_58' title="bbox 2324 2616 3852 2693; baseline -0.005 -19"><span class='ocrx_word' id='word_1_405' title='bbox 2324 2621 2526 2676; x_wconf 88' lang='grc' dir='ltr'>τούτων</span> <span class='ocrx_word' id='word_1_406' title='bbox 2557 2623 2763 2685; x_wconf 82' lang='grc' dir='ltr'>ἄνοιαν,</span> <span class='ocrx_word' id='word_1_407' title='bbox 2801 2623 2881 2676; x_wconf 85' lang='grc' dir='ltr'><strong>ὅτι</strong></span> <span class='ocrx_word' id='word_1_408' title='bbox 2923 2624 2988 2693; x_wconf 81' lang='grc' dir='ltr'>τῇ</span> <span class='ocrx_word' id='word_1_409' title='bbox 3040 2621 3160 2692; x_wconf 79' lang='grc' dir='ltr'>θείᾳ</span> <span class='ocrx_word' id='word_1_410' title='bbox 3195 2621 3473 2690; x_wconf 85' lang='grc' dir='ltr'>τολμῶσιν</span> <span class='ocrx_word' id='word_1_411' title='bbox 3523 2616 3852 2674; x_wconf 77' lang='grc' dir='ltr'>ἐναντιοῦσθαι</span> 
     </span>
    </p>
   </div>
   <div class='ocr_carea' id='block_1_59' title="bbox 2326 2707 3852 2786">
    <p class='ocr_par' dir='ltr' id='par_1_59' title="bbox 2326 2707 3852 2786">
     <span class='ocr_line' id='line_1_59' title="bbox 2326 2707 3852 2786; baseline -0.006 -20"><span class='ocrx_word' id='word_1_412' title='bbox 2326 2715 2544 2785; x_wconf 81' lang='grc' dir='ltr'>Γραφῇ,</span> <span class='ocrx_word' id='word_1_413' title='bbox 2593 2713 2845 2783; x_wconf 67' lang='grc' dir='ltr'>φανερῶς</span> <span class='ocrx_word' id='word_1_414' title='bbox 2884 2713 3115 2786; x_wconf 80' lang='grc' dir='ltr'>λεγούσῃ</span> <span class='ocrx_word' id='word_1_415' title='bbox 3158 2714 3238 2767; x_wconf 83' lang='grc' dir='ltr'><strong>ὅτι</strong></span> <span class='ocrx_word' id='word_1_416' title='bbox 3271 2715 3328 2767; x_wconf 85' lang='grc' dir='ltr'><strong>ἐν</strong></span> <span class='ocrx_word' id='word_1_417' title='bbox 3365 2714 3468 2781; x_wconf 87' lang='grc' dir='ltr'>ῐσῳ</span> <span class='ocrx_word' id='word_1_418' title='bbox 3518 2712 3710 2784; x_wconf 77' lang='grc' dir='ltr'>μισητά</span> <span class='ocrx_word' id='word_1_419' title='bbox 3757 2707 3852 2775; x_wconf 33' lang='grc' dir='ltr'><strong>Θ.εῴ</strong></span> 
     </span>
    </p>
   </div>
   <div class='ocr_carea' id='block_1_60' title="bbox 2324 2792 3854 2875">
    <p class='ocr_par' dir='ltr' id='par_1_60' title="bbox 2324 2792 3854 2875">
     <span class='ocr_line' id='line_1_60' title="bbox 2324 2792 3854 2875; baseline -0.007 -16"><span class='ocrx_word' id='word_1_420' title='bbox 2324 2807 2420 2860; x_wconf 69' lang='grc' dir='ltr'><strong>καὶ</strong></span> <span class='ocrx_word' id='word_1_421' title='bbox 2478 2809 2506 2860; x_wconf 88' lang='grc' dir='ltr'>ὁ</span> <span class='ocrx_word' id='word_1_422' title='bbox 2559 2805 2772 2860; x_wconf 88' lang='grc' dir='ltr'>ἀσεϐῶν</span> <span class='ocrx_word' id='word_1_423' title='bbox 2827 2807 2919 2858; x_wconf 73' lang='grc' dir='ltr'><strong>καὶ</strong></span> <span class='ocrx_word' id='word_1_424' title='bbox 2957 2807 2990 2875; x_wconf 84' lang='grc' dir='ltr'>ἠ</span> <span class='ocrx_word' id='word_1_425' title='bbox 3025 2792 3249 2860; x_wconf 73' lang='grc' dir='ltr'>ἀσέϐεια</span> <span class='ocrx_word' id='word_1_426' title='bbox 3303 2805 3509 2858; x_wconf 77' lang='grc' dir='ltr'>αὐτοῦ’</span> <span class='ocrx_word' id='word_1_427' title='bbox 3562 2804 3653 2857; x_wconf 76' lang='grc' dir='ltr'>καὶ</span> <span class='ocrx_word' id='word_1_428' title='bbox 3691 2801 3784 2870; x_wconf 79' lang='grc' dir='ltr'><strong>γάρ</strong></span> <span class='ocrx_word' id='word_1_429' title='bbox 3808 2799 3854 2850; x_wconf 81' lang='grc' dir='ltr'>τὸ</span> 
     </span>
    </p>
   </div>
   <div class='ocr_carea' id='block_1_61' title="bbox 2324 2890 3850 2969">
    <p class='ocr_par' dir='ltr' id='par_1_61' title="bbox 2324 2890 3850 2969">
     <span class='ocr_line' id='line_1_61' title="bbox 2324 2890 3850 2969; baseline -0.01 -14"><span class='ocrx_word' id='word_1_430' title='bbox 2324 2899 2485 2969; x_wconf 72' lang='grc'><strong>367</strong></span> <span class='ocrx_word' id='word_1_431' title='bbox 2516 2898 2759 2969; x_wconf 81' lang='grc' dir='ltr'>πραχθὲν</span> <span class='ocrx_word' id='word_1_432' title='bbox 2791 2899 2888 2952; x_wconf 81' lang='grc' dir='ltr'><strong>σὺν</strong></span> <span class='ocrx_word' id='word_1_433' title='bbox 2910 2898 2988 2969; x_wconf 83' lang='grc' dir='ltr'>τῷ</span> <span class='ocrx_word' id='word_1_434' title='bbox 3013 2898 3270 2969; x_wconf 89' lang='grc' dir='ltr'>δράσαντι</span> <span class='ocrx_word' id='word_1_435' title='bbox 3293 2897 3702 2968; x_wconf 85' lang='grc' dir='ltr'>κολασθήσεται.</span> <span class='ocrx_word' id='word_1_436' title='bbox 3739 2890 3850 2944; x_wconf 81' lang='grc' dir='ltr'>Είδὲ</span> 
     </span>
    </p>
   </div>
   <div class='ocr_carea' id='block_1_62' title="bbox 2325 2982 3850 3061">
    <p class='ocr_par' dir='ltr' id='par_1_62' title="bbox 2325 2982 3850 3061">
     <span class='ocr_line' id='line_1_62' title="bbox 2325 2982 3850 3061; baseline -0.008 -17"><span class='ocrx_word' id='word_1_437' title='bbox 2325 2993 2524 3061; x_wconf 85' lang='grc' dir='ltr'>ὁμοίως</span> <span class='ocrx_word' id='word_1_438' title='bbox 2551 2993 2616 3060; x_wconf 83' lang='grc' dir='ltr'>τῇ</span> <span class='ocrx_word' id='word_1_439' title='bbox 2640 2989 2801 3044; x_wconf 83' lang='grc' dir='ltr'>αὑτοῦ</span> <span class='ocrx_word' id='word_1_440' title='bbox 2830 2989 3052 3060; x_wconf 61' lang='grc' dir='ltr'>ἀσεϐείᾳ</span> <span class='ocrx_word' id='word_1_441' title='bbox 3089 2990 3314 3060; x_wconf 79' lang='grc' dir='ltr'>μισητὸς</span> <span class='ocrx_word' id='word_1_442' title='bbox 3338 2990 3462 3061; x_wconf 88' lang='grc' dir='ltr'><strong>Θεῷ</strong></span> <span class='ocrx_word' id='word_1_443' title='bbox 3491 2989 3583 3042; x_wconf 76' lang='grc' dir='ltr'>καὶ</span> <span class='ocrx_word' id='word_1_444' title='bbox 3609 2989 3636 3039; x_wconf 88' lang='grc' dir='ltr'>ὁ</span> <span class='ocrx_word' id='word_1_445' title='bbox 3657 2982 3850 3041; x_wconf 78' lang='grc' dir='ltr'>ἀσεϐῶν,</span> 
     </span>
    </p>
   </div>
   <div class='ocr_carea' id='block_1_63' title="bbox 662 3073 2223 3163">
    <p class='ocr_par' dir='ltr' id='par_1_63' title="bbox 662 3076 2223 3147">
     <span class='ocr_line' id='line_1_63' title="bbox 662 3076 2223 3147; baseline 0.003 -17"><span class='ocrx_word' id='word_1_446' title='bbox 662 3086 772 3130; x_wconf 87' lang='lat' dir='ltr'><strong>tem</strong></span> <span class='ocrx_word' id='word_1_447' title='bbox 813 3084 867 3130; x_wconf 90' lang='lat' dir='ltr'><strong>et</strong></span> <span class='ocrx_word' id='word_1_448' title='bbox 912 3076 1170 3130; x_wconf 89' lang='lat' dir='ltr'><strong>Dominus</strong></span> <span class='ocrx_word' id='word_1_449' title='bbox 1201 3091 1294 3130; x_wconf 89' lang='lat' dir='ltr'><strong>eos</strong></span> <span class='ocrx_word' id='word_1_450' title='bbox 1323 3076 1416 3146; x_wconf 91' lang='lat' dir='ltr'><strong>qui</strong></span> <span class='ocrx_word' id='word_1_451' title='bbox 1460 3093 1569 3131; x_wconf 77' lang='lat' dir='ltr'><strong>non</strong></span> <span class='ocrx_word' id='word_1_452' title='bbox 1609 3089 1926 3147; x_wconf 85' lang='lat' dir='ltr'><strong>permanent</strong></span> <span class='ocrx_word' id='word_1_453' title='bbox 1958 3081 2011 3132; x_wconf 92' lang='lat' dir='ltr'><strong>in</strong></span> <span class='ocrx_word' id='word_1_454' title='bbox 2050 3079 2223 3135; x_wconf 68' lang='lat' dir='ltr'><strong>Verbo</strong></span> 
     </span>
    </p>
   </div>
   <div class='ocr_carea' id='block_1_64' title="bbox 2254 3073 3854 3163">
    <p class='ocr_par' dir='ltr' id='par_1_64' title="bbox 2255 3073 3854 3163">
     <span class='ocr_line' id='line_1_64' title="bbox 2255 3073 3854 3163; baseline -0.006 -28"><span class='ocrx_word' id='word_1_455' title='bbox 2255 3105 2298 3163; x_wconf 66' lang='grc' dir='ltr'>ο</span> <span class='ocrx_word' id='word_1_456' title='bbox 2333 3083 2602 3153; x_wconf 89' lang='grc' dir='ltr'>πρόδηλον</span> <span class='ocrx_word' id='word_1_457' title='bbox 2635 3083 2709 3145; x_wconf 82' lang='grc' dir='ltr'>ὡς</span> <span class='ocrx_word' id='word_1_458' title='bbox 2738 3085 2766 3136; x_wconf 88' lang='grc' dir='ltr'>ὁ</span> <span class='ocrx_word' id='word_1_459' title='bbox 2786 3083 3025 3146; x_wconf 86' lang='grc' dir='ltr'>τοιοῦτος</span> <span class='ocrx_word' id='word_1_460' title='bbox 3049 3082 3380 3152; x_wconf 85' lang='grc' dir='ltr'>κεχώρισται</span> <span class='ocrx_word' id='word_1_461' title='bbox 3403 3082 3503 3136; x_wconf 87' lang='grc' dir='ltr'><strong>τοῦ</strong></span> <span class='ocrx_word' id='word_1_462' title='bbox 3533 3078 3664 3134; x_wconf 86' lang='grc' dir='ltr'>Θεοῦ</span> <span class='ocrx_word' id='word_1_463' title='bbox 3687 3077 3768 3128; x_wconf 72' lang='grc' dir='ltr'><strong>καὶ</strong></span> <span class='ocrx_word' id='word_1_464' title='bbox 3790 3073 3854 3140; x_wconf 78' lang='grc' dir='ltr'>τῷ</span> 
     </span>
    </p>
   </div>
   <div class='ocr_carea' id='block_1_65' title="bbox 661 3169 2228 3241">
    <p class='ocr_par' dir='ltr' id='par_1_65' title="bbox 661 3169 2228 3241">
     <span class='ocr_line' id='line_1_65' title="bbox 661 3169 2228 3241; baseline 0.001 -17"><span class='ocrx_word' id='word_1_465' title='bbox 661 3171 908 3225; x_wconf 62' lang='lat' dir='ltr'><strong>veritatis</strong></span> <span class='ocrx_word' id='word_1_466' title='bbox 931 3170 1122 3241; x_wconf 87' lang='lat' dir='ltr'><strong>ipsius,</strong></span> <span class='ocrx_word' id='word_1_467' title='bbox 1153 3179 1431 3240; x_wconf 89' lang='lat' dir='ltr'><strong>separatos</strong></span> <span class='ocrx_word' id='word_1_468' title='bbox 1465 3185 1583 3223; x_wconf 88' lang='lat' dir='ltr'><strong>esse</strong></span> <span class='ocrx_word' id='word_1_469' title='bbox 1613 3169 1680 3223; x_wconf 89' lang='lat' dir='ltr'><strong>ab</strong></span> <span class='ocrx_word' id='word_1_470' title='bbox 1713 3169 1946 3225; x_wconf 76' lang='lat' dir='ltr'><strong>Ecclesia</strong></span> <span class='ocrx_word' id='word_1_471' title='bbox 1986 3171 2134 3234; x_wconf 81' lang='lat' dir='ltr'><strong>dicit,</strong></span> <span class='ocrx_word' id='word_1_472' title='bbox 2172 3172 2228 3225; x_wconf 91' lang='lat' dir='ltr'><strong>in</strong></span> 
     </span>
    </p>
   </div>
   <div class='ocr_carea' id='block_1_66' title="bbox 643 3259 2224 3331">
    <p class='ocr_par' dir='ltr' id='par_1_66' title="bbox 643 3259 2224 3331">
     <span class='ocr_line' id='line_1_66' title="bbox 643 3259 2224 3331; baseline 0 -16"><span class='ocrx_word' id='word_1_473' title='bbox 643 3261 954 3331; x_wconf 78' lang='lat' dir='ltr'><strong>&#39;Evaugelio</strong></span> <span class='ocrx_word' id='word_1_474' title='bbox 1009 3260 1306 3314; x_wconf 89' lang='lat' dir='ltr'><strong>secundum</strong></span> <span class='ocrx_word' id='word_1_475' title='bbox 1331 3259 1624 3322; x_wconf 82' lang='lat' dir='ltr'><strong>Joannem,</strong></span> <span class='ocrx_word' id='word_1_476' title='bbox 1674 3259 1887 3315; x_wconf 66' lang='lat' dir='ltr'><strong>Iudaeos</strong></span> <span class='ocrx_word' id='word_1_477' title='bbox 1929 3263 2224 3331; x_wconf 88' lang='lat' dir='ltr'><strong>alloquens,</strong></span> 
     </span>
    </p>
   </div>
   <div class='ocr_carea' id='block_1_67' title="bbox 644 3348 2226 3420">
    <p class='ocr_par' dir='ltr' id='par_1_67' title="bbox 644 3348 2226 3420">
     <span class='ocr_line' id='line_1_67' title="bbox 644 3348 2226 3420; baseline 0 -16"><span class='ocrx_word' id='word_1_478' title='bbox 644 3350 742 3404; x_wconf 60' lang='lat' dir='ltr'><strong>‘sic</strong></span> <span class='ocrx_word' id='word_1_479' title='bbox 768 3351 874 3403; x_wconf 88' lang='lat' dir='ltr'><strong>ait:</strong></span> <span class='ocrx_word' id='word_1_480' title='bbox 907 3348 1084 3404; x_wconf 78' lang='lat' dir='ltr'><strong>Omnis</strong></span> <span class='ocrx_word' id='word_1_481' title='bbox 1109 3350 1196 3418; x_wconf 86' lang='lat' dir='ltr'><strong>qui</strong></span> <span class='ocrx_word' id='word_1_482' title='bbox 1230 3350 1354 3419; x_wconf 78' lang='lat' dir='ltr'><strong>facit</strong></span> <span class='ocrx_word' id='word_1_483' title='bbox 1375 3359 1662 3418; x_wconf 83' lang='lat' dir='ltr'><strong>peccatum,</strong></span> <span class='ocrx_word' id='word_1_484' title='bbox 1694 3366 1868 3404; x_wconf 83' lang='lat' dir='ltr'><strong>servus</strong></span> <span class='ocrx_word' id='word_1_485' title='bbox 1891 3361 1964 3403; x_wconf 83' lang='lat' dir='ltr'><strong>est</strong></span> <span class='ocrx_word' id='word_1_486' title='bbox 2003 3354 2226 3420; x_wconf 78' lang='lat' dir='ltr'><strong>peccati.</strong></span> 
     </span>
    </p>
   </div>
   <div class='ocr_carea' id='block_1_68' title="bbox 645 3441 2229 3513">
    <p class='ocr_par' dir='ltr' id='par_1_68' title="bbox 645 3441 2229 3513">
     <span class='ocr_line' id='line_1_68' title="bbox 645 3441 2229 3513; baseline 0.003 -19"><span class='ocrx_word' id='word_1_487' title='bbox 645 3441 850 3495; x_wconf 82' lang='lat' dir='ltr'><strong>&#39;Servus</strong></span> <span class='ocrx_word' id='word_1_488' title='bbox 877 3451 1052 3494; x_wconf 79' lang='lat' dir='ltr'><strong>autent</strong></span> <span class='ocrx_word' id='word_1_489' title='bbox 1081 3457 1183 3494; x_wconf 84' lang='lat' dir='ltr'><strong>non</strong></span> <span class='ocrx_word' id='word_1_490' title='bbox 1219 3452 1392 3494; x_wconf 82' lang='lat' dir='ltr'><strong>manet</strong></span> <span class='ocrx_word' id='word_1_491' title='bbox 1420 3443 1475 3494; x_wconf 86' lang='lat' dir='ltr'><strong>in</strong></span> <span class='ocrx_word' id='word_1_492' title='bbox 1503 3447 1653 3496; x_wconf 81' lang='lat' dir='ltr'><strong>domo</strong></span> <span class='ocrx_word' id='word_1_493' title='bbox 1681 3444 1735 3495; x_wconf 85' lang='lat' dir='ltr'><strong>in</strong></span> <span class='ocrx_word' id='word_1_494' title='bbox 1768 3459 2015 3497; x_wconf 58' lang='lat' dir='ltr'><strong>a’teruum</strong></span> <span class='ocrx_word' id='word_1_495' title='bbox 2042 3462 2059 3498; x_wconf 90' lang='lat'><strong><em>:</em></strong></span> <span class='ocrx_word' id='word_1_496' title='bbox 2089 3446 2229 3513; x_wconf 79' lang='lat' dir='ltr'><strong>ﬁlias</strong></span> 
     </span>
    </p>
   </div>
   <div class='ocr_carea' id='block_1_69' title="bbox 664 3535 2229 3606">
    <p class='ocr_par' dir='ltr' id='par_1_69' title="bbox 664 3535 2229 3606">
     <span class='ocr_line' id='line_1_69' title="bbox 664 3535 2229 3606; baseline 0.004 -20"><span class='ocrx_word' id='word_1_497' title='bbox 664 3543 838 3586; x_wconf 83' lang='lat' dir='ltr'><strong>autem</strong></span> <span class='ocrx_word' id='word_1_498' title='bbox 884 3543 1150 3603; x_wconf 81' lang='lat' dir='ltr'><strong>permanet</strong></span> <span class='ocrx_word' id='word_1_499' title='bbox 1197 3535 1253 3586; x_wconf 85' lang='lat' dir='ltr'><strong>in</strong></span> <span class='ocrx_word' id='word_1_500' title='bbox 1301 3545 1569 3588; x_wconf 65' lang='lat' dir='ltr'><strong>retentum.</strong></span> <span class='ocrx_word' id='word_1_501' title='bbox 1612 3536 1764 3600; x_wconf 83' lang='lat' dir='ltr'><strong>Quod</strong></span> <span class='ocrx_word' id='word_1_502' title='bbox 1815 3548 2014 3598; x_wconf 85' lang='lat' dir='ltr'><strong>autem,</strong></span> <span class='ocrx_word' id='word_1_503' title='bbox 2068 3556 2229 3606; x_wconf 85' lang='lat' dir='ltr'><strong>quam</strong></span> 
     </span>
    </p>
   </div>
   <div class='ocr_carea' id='block_1_70' title="bbox 666 3624 2232 3695">
    <p class='ocr_par' dir='ltr' id='par_1_70' title="bbox 666 3624 2232 3695">
     <span class='ocr_line' id='line_1_70' title="bbox 666 3624 2232 3695; baseline 0.004 -19"><span class='ocrx_word' id='word_1_504' title='bbox 666 3624 924 3677; x_wconf 85' lang='lat' dir='ltr'><strong>Dominus</strong></span> <span class='ocrx_word' id='word_1_505' title='bbox 961 3624 1205 3678; x_wconf 91' lang='lat' dir='ltr'><strong>nominat</strong></span> <span class='ocrx_word' id='word_1_506' title='bbox 1240 3625 1480 3691; x_wconf 90' lang='lat' dir='ltr'><strong>domum,</strong></span> <span class='ocrx_word' id='word_1_507' title='bbox 1522 3625 1701 3679; x_wconf 81' lang='lat' dir='ltr'><strong>divina</strong></span> <span class='ocrx_word' id='word_1_508' title='bbox 1734 3626 2008 3695; x_wconf 86' lang='lat' dir='ltr'><strong>Scriptura</strong></span> <span class='ocrx_word' id='word_1_509' title='bbox 2046 3629 2232 3683; x_wconf 81' lang='lat' dir='ltr'><strong>Eccle-</strong></span> 
     </span>
    </p>
   </div>
   <div class='ocr_carea' id='block_1_71' title="bbox 649 3715 2228 3790">
    <p class='ocr_par' dir='ltr' id='par_1_71' title="bbox 649 3715 2228 3790">
     <span class='ocr_line' id='line_1_71' title="bbox 649 3715 2228 3790; baseline 0.004 -22"><span class='ocrx_word' id='word_1_510' title='bbox 649 3716 803 3769; x_wconf 73' lang='lat' dir='ltr'><strong>siam</strong></span> <span class='ocrx_word' id='word_1_511' title='bbox 852 3715 944 3769; x_wconf 90' lang='lat' dir='ltr'><strong>Dei</strong></span> <span class='ocrx_word' id='word_1_512' title='bbox 989 3716 1094 3770; x_wconf 77' lang='lat' dir='ltr'><strong>vivi</strong></span> <span class='ocrx_word' id='word_1_513' title='bbox 1125 3726 1301 3782; x_wconf 76' lang='lat' dir='ltr'><strong>vocat,</strong></span> <span class='ocrx_word' id='word_1_514' title='bbox 1339 3718 1628 3787; x_wconf 86' lang='lat' dir='ltr'><strong>Apostolus</strong></span> <span class='ocrx_word' id='word_1_515' title='bbox 1662 3729 1888 3773; x_wconf 87' lang='lat' dir='ltr'><strong>testatur</strong></span> <span class='ocrx_word' id='word_1_516' title='bbox 1921 3721 1973 3773; x_wconf 93' lang='lat' dir='ltr'><strong>in</strong></span> <span class='ocrx_word' id='word_1_517' title='bbox 2004 3723 2228 3790; x_wconf 90' lang='lat' dir='ltr'><strong>epistola</strong></span> 
     </span>
    </p>
   </div>
   <div class='ocr_carea' id='block_1_72' title="bbox 665 3805 2230 3879">
    <p class='ocr_par' dir='ltr' id='par_1_72' title="bbox 665 3805 2230 3879">
     <span class='ocr_line' id='line_1_72' title="bbox 665 3805 2230 3879; baseline 0.006 -22"><span class='ocrx_word' id='word_1_518' title='bbox 665 3805 839 3876; x_wconf 87' lang='lat' dir='ltr'><strong>prima</strong></span> <span class='ocrx_word' id='word_1_519' title='bbox 877 3806 946 3860; x_wconf 90' lang='lat' dir='ltr'><strong>ad</strong></span> <span class='ocrx_word' id='word_1_520' title='bbox 989 3805 1352 3862; x_wconf 81' lang='lat' dir='ltr'><strong>Timotheum.</strong></span> <span class='ocrx_word' id='word_1_521' title='bbox 1401 3808 1455 3862; x_wconf 90' lang='lat' dir='ltr'><strong>Si</strong></span> <span class='ocrx_word' id='word_1_522' title='bbox 1487 3825 1615 3864; x_wconf 76' lang='lat' dir='ltr'><strong>vero</strong></span> <span class='ocrx_word' id='word_1_523' title='bbox 1643 3811 1856 3879; x_wconf 89' lang='lat' dir='ltr'><strong>quidam</strong></span> <span class='ocrx_word' id='word_1_524' title='bbox 1902 3812 2086 3866; x_wconf 88' lang='lat' dir='ltr'><strong>dicunt</strong></span> <span class='ocrx_word' id='word_1_525' title='bbox 2119 3829 2230 3866; x_wconf 89' lang='lat' dir='ltr'><strong>non</strong></span> 
     </span>
    </p>
   </div>
   <div class='ocr_carea' id='block_1_73' title="bbox 652 3898 2225 3970">
    <p class='ocr_par' dir='ltr' id='par_1_73' title="bbox 652 3898 2225 3970">
     <span class='ocr_line' id='line_1_73' title="bbox 652 3898 2225 3970; baseline 0.006 -20"><span class='ocrx_word' id='word_1_526' title='bbox 652 3906 918 3967; x_wconf 86' lang='lat' dir='ltr'><strong>oportere</strong></span> <span class='ocrx_word' id='word_1_527' title='bbox 957 3898 1302 3953; x_wconf 87' lang='lat' dir='ltr'><strong>Theodorum</strong></span> <span class='ocrx_word' id='word_1_528' title='bbox 1345 3910 1467 3970; x_wconf 91' lang='lat' dir='ltr'><strong>post</strong></span> <span class='ocrx_word' id='word_1_529' title='bbox 1504 3912 1732 3956; x_wconf 88' lang='lat' dir='ltr'><strong>mortem</strong></span> <span class='ocrx_word' id='word_1_530' title='bbox 1763 3905 2225 3970; x_wconf 83' lang='lat' dir='ltr'><strong>anathematizari,</strong></span> 
     </span>
    </p>
   </div>
   <div class='ocr_carea' id='block_1_74' title="bbox 655 3988 2230 4064">
    <p class='ocr_par' dir='ltr' id='par_1_74' title="bbox 655 3988 2230 4064">
     <span class='ocr_line' id='line_1_74' title="bbox 655 3988 2230 4064; baseline 0.006 -24"><span class='ocrx_word' id='word_1_531' title='bbox 655 3988 845 4041; x_wconf 78' lang='lat' dir='ltr'><strong>sciant</strong></span> <span class='ocrx_word' id='word_1_532' title='bbox 872 3988 962 4057; x_wconf 90' lang='lat' dir='ltr'><strong>qui</strong></span> <span class='ocrx_word' id='word_1_533' title='bbox 1003 3989 1165 4044; x_wconf 89' lang='lat' dir='ltr'><strong>talem</strong></span> <span class='ocrx_word' id='word_1_534' title='bbox 1194 3990 1507 4044; x_wconf 64' lang='lat' dir='ltr'><strong>haereticum</strong></span> <span class='ocrx_word' id='word_1_535' title='bbox 1544 3992 1861 4058; x_wconf 88' lang='lat' dir='ltr'><strong>defendunt,</strong></span> <span class='ocrx_word' id='word_1_536' title='bbox 1893 3997 2034 4064; x_wconf 91' lang='lat' dir='ltr'><strong>quod</strong></span> <span class='ocrx_word' id='word_1_537' title='bbox 2055 3998 2230 4052; x_wconf 89' lang='lat' dir='ltr'><strong>omnis</strong></span> 
     </span>
    </p>
   </div>
   <div class='ocr_carea' id='block_1_75' title="bbox 657 4079 2229 4158">
    <p class='ocr_par' dir='ltr' id='par_1_75' title="bbox 657 4079 2229 4158">
     <span class='ocr_line' id='line_1_75' title="bbox 657 4079 2229 4158; baseline 0.006 -26"><span class='ocrx_word' id='word_1_538' title='bbox 657 4079 959 4133; x_wconf 60' lang='lat' dir='ltr'><strong>hereticus</strong></span> <span class='ocrx_word' id='word_1_539' title='bbox 1007 4095 1176 4149; x_wconf 89' lang='lat' dir='ltr'><strong>usque</strong></span> <span class='ocrx_word' id='word_1_540' title='bbox 1223 4081 1290 4135; x_wconf 90' lang='lat' dir='ltr'><strong>ad</strong></span> <span class='ocrx_word' id='word_1_541' title='bbox 1336 4080 1496 4135; x_wconf 88' lang='lat' dir='ltr'><strong>ﬁnem</strong></span> <span class='ocrx_word' id='word_1_542' title='bbox 1527 4082 1647 4136; x_wconf 71' lang='lat' dir='ltr'><strong>vita:</strong></span> <span class='ocrx_word' id='word_1_543' title='bbox 1689 4084 1742 4137; x_wconf 91' lang='lat' dir='ltr'><strong>in</strong></span> <span class='ocrx_word' id='word_1_544' title='bbox 1773 4101 1871 4139; x_wconf 87' lang='lat' dir='ltr'><strong>suo</strong></span> <span class='ocrx_word' id='word_1_545' title='bbox 1899 4103 2080 4142; x_wconf 87' lang='lat' dir='ltr'><strong>errore</strong></span> <span class='ocrx_word' id='word_1_546' title='bbox 2112 4105 2229 4158; x_wconf 74' lang='lat' dir='ltr'><strong>per-</strong></span> 
     </span>
    </p>
   </div>
   <div class='ocr_carea' id='block_1_76' title="bbox 659 4172 2230 4246">
    <p class='ocr_par' dir='ltr' id='par_1_76' title="bbox 659 4172 2230 4246">
     <span class='ocr_line' id='line_1_76' title="bbox 659 4172 2230 4246; baseline 0.006 -21"><span class='ocrx_word' id='word_1_547' title='bbox 659 4187 914 4235; x_wconf 76' lang='lat' dir='ltr'><strong>manens,</strong></span> <span class='ocrx_word' id='word_1_548' title='bbox 945 4172 1091 4241; x_wconf 89' lang='lat' dir='ltr'><strong>juste</strong></span> <span class='ocrx_word' id='word_1_549' title='bbox 1120 4181 1385 4242; x_wconf 84' lang='lat' dir='ltr'><strong>perpetuo</strong></span> <span class='ocrx_word' id='word_1_550' title='bbox 1406 4175 1735 4229; x_wconf 88' lang='lat' dir='ltr'><strong>anathemati</strong></span> <span class='ocrx_word' id='word_1_551' title='bbox 1764 4187 1819 4230; x_wconf 90' lang='lat' dir='ltr'><strong>et</strong></span> <span class='ocrx_word' id='word_1_552' title='bbox 1852 4187 1973 4246; x_wconf 90' lang='lat' dir='ltr'><strong>post</strong></span> <span class='ocrx_word' id='word_1_553' title='bbox 2001 4191 2230 4234; x_wconf 88' lang='lat' dir='ltr'><strong>mortem</strong></span> 
     </span>
    </p>
   </div>
   <div class='ocr_carea' id='block_1_77' title="bbox 659 4261 2228 4343">
    <p class='ocr_par' dir='ltr' id='par_1_77' title="bbox 659 4261 2228 4343">
     <span class='ocr_line' id='line_1_77' title="bbox 659 4261 2228 4343; baseline 0.006 -25"><span class='ocrx_word' id='word_1_554' title='bbox 659 4261 975 4334; x_wconf 34' lang='lat' dir='ltr'><strong>ISubjicitur.</strong></span> <span class='ocrx_word' id='word_1_555' title='bbox 1011 4264 1080 4317; x_wconf 89' lang='lat' dir='ltr'><strong>Et</strong></span> <span class='ocrx_word' id='word_1_556' title='bbox 1109 4265 1213 4318; x_wconf 91' lang='lat' dir='ltr'><strong>hoc</strong></span> <span class='ocrx_word' id='word_1_557' title='bbox 1242 4265 1297 4318; x_wconf 89' lang='lat' dir='ltr'><strong>in</strong></span> <span class='ocrx_word' id='word_1_558' title='bbox 1344 4267 1529 4320; x_wconf 91' lang='lat' dir='ltr'><strong>multis</strong></span> <span class='ocrx_word' id='word_1_559' title='bbox 1561 4269 1828 4324; x_wconf 84' lang='lat' dir='ltr'><strong>haereticis</strong></span> <span class='ocrx_word' id='word_1_560' title='bbox 1857 4280 1912 4324; x_wconf 86' lang='lat' dir='ltr'><strong>et</strong></span> <span class='ocrx_word' id='word_1_561' title='bbox 1956 4274 2228 4343; x_wconf 88' lang='lat' dir='ltr'><strong>antiquio-</strong></span> 
     </span>
    </p>
   </div>
   <div class='ocr_carea' id='block_1_78' title="bbox 663 4357 2226 4432">
    <p class='ocr_par' dir='ltr' id='par_1_78' title="bbox 663 4357 2226 4432">
     <span class='ocr_line' id='line_1_78' title="bbox 663 4357 2226 4432; baseline 0.006 -23"><span class='ocrx_word' id='word_1_562' title='bbox 663 4357 819 4410; x_wconf 82' lang='lat' dir='ltr'><strong>ribus</strong></span> <span class='ocrx_word' id='word_1_563' title='bbox 858 4365 912 4410; x_wconf 92' lang='lat' dir='ltr'><strong>et</strong></span> <span class='ocrx_word' id='word_1_564' title='bbox 951 4357 1296 4426; x_wconf 86' lang='lat' dir='ltr'><strong>propioribus</strong></span> <span class='ocrx_word' id='word_1_565' title='bbox 1332 4357 1530 4412; x_wconf 82' lang='lat' dir='ltr'><strong>factum</strong></span> <span class='ocrx_word' id='word_1_566' title='bbox 1562 4368 1664 4424; x_wconf 91' lang='lat' dir='ltr'><strong>est,</strong></span> <span class='ocrx_word' id='word_1_567' title='bbox 1693 4361 1745 4414; x_wconf 93' lang='lat' dir='ltr'><strong>id</strong></span> <span class='ocrx_word' id='word_1_568' title='bbox 1787 4372 1888 4426; x_wconf 87' lang='lat' dir='ltr'><strong>est,</strong></span> <span class='ocrx_word' id='word_1_569' title='bbox 1921 4363 2226 4432; x_wconf 83' lang='lat' dir='ltr'><strong>Valentino,</strong></span> 
     </span>
    </p>
   </div>
   <div class='ocr_carea' id='block_1_79' title="bbox 666 4447 2230 4524">
    <p class='ocr_par' dir='ltr' id='par_1_79' title="bbox 666 4447 2230 4524">
     <span class='ocr_line' id='line_1_79' title="bbox 666 4447 2230 4524; baseline 0.008 -24"><span class='ocrx_word' id='word_1_570' title='bbox 666 4447 922 4513; x_wconf 74' lang='lat' dir='ltr'><strong>Basilide,</strong></span> <span class='ocrx_word' id='word_1_571' title='bbox 954 4449 1244 4514; x_wconf 88' lang='lat' dir='ltr'><strong>Marcioue,</strong></span> <span class='ocrx_word' id='word_1_572' title='bbox 1284 4448 1561 4517; x_wconf 86' lang='lat' dir='ltr'><strong>Cerintho,</strong></span> <span class='ocrx_word' id='word_1_573' title='bbox 1620 4451 1932 4524; x_wconf 64' lang='lat' dir='ltr'><strong>Manidjaw,</strong></span> <span class='ocrx_word' id='word_1_574' title='bbox 1963 4457 2230 4512; x_wconf 85' lang='lat' dir='ltr'><strong>Eunomio</strong></span> 
     </span>
    </p>
   </div>
   <div class='ocr_carea' id='block_1_80' title="bbox 667 4539 2229 4604">
    <p class='ocr_par' dir='ltr' id='par_1_80' title="bbox 667 4539 2229 4604">
     <span class='ocr_line' id='line_1_80' title="bbox 667 4539 2229 4604; baseline 0.009 -15"><span class='ocrx_word' id='word_1_575' title='bbox 667 4548 722 4591; x_wconf 82' lang='lat' dir='ltr'><strong>et</strong></span> <span class='ocrx_word' id='word_1_576' title='bbox 752 4539 980 4592; x_wconf 70' lang='lat' dir='ltr'><strong>lionoso.</strong></span> <span class='ocrx_word' id='word_1_577' title='bbox 1017 4539 1125 4592; x_wconf 90' lang='lat' dir='ltr'><strong>lloc</strong></span> <span class='ocrx_word' id='word_1_578' title='bbox 1154 4549 1334 4593; x_wconf 89' lang='lat' dir='ltr'><strong>autem</strong></span> <span class='ocrx_word' id='word_1_579' title='bbox 1376 4541 1516 4596; x_wconf 89' lang='lat' dir='ltr'><strong>idem</strong></span> <span class='ocrx_word' id='word_1_580' title='bbox 1548 4551 1601 4596; x_wconf 89' lang='lat' dir='ltr'><strong>et</strong></span> <span class='ocrx_word' id='word_1_581' title='bbox 1628 4543 1683 4596; x_wconf 90' lang='lat' dir='ltr'><strong>in</strong></span> <span class='ocrx_word' id='word_1_582' title='bbox 1714 4543 2000 4600; x_wconf 91' lang='lat' dir='ltr'><strong>Theodoro</strong></span> <span class='ocrx_word' id='word_1_583' title='bbox 2027 4548 2229 4604; x_wconf 84' lang='lat' dir='ltr'><strong>factum</strong></span> 
     </span>
    </p>
   </div>
   <div class='ocr_carea' id='block_1_81' title="bbox 669 4629 2229 4702">
    <p class='ocr_par' dir='ltr' id='par_1_81' title="bbox 669 4629 2229 4702">
     <span class='ocr_line' id='line_1_81' title="bbox 669 4629 2229 4702; baseline 0.008 -22"><span class='ocrx_word' id='word_1_584' title='bbox 669 4640 774 4688; x_wconf 84' lang='lat' dir='ltr'><strong>est.</strong></span> <span class='ocrx_word' id='word_1_585' title='bbox 802 4639 857 4682; x_wconf 88' lang='lat' dir='ltr'><strong>et</strong></span> <span class='ocrx_word' id='word_1_586' title='bbox 886 4630 940 4681; x_wconf 89' lang='lat' dir='ltr'><strong>in</strong></span> <span class='ocrx_word' id='word_1_587' title='bbox 965 4629 1072 4682; x_wconf 79' lang='lat' dir='ltr'><strong>vita</strong></span> <span class='ocrx_word' id='word_1_588' title='bbox 1100 4639 1372 4694; x_wconf 74' lang='lat' dir='ltr'><strong>accusata,</strong></span> <span class='ocrx_word' id='word_1_589' title='bbox 1417 4641 1471 4685; x_wconf 86' lang='lat' dir='ltr'><strong>et</strong></span> <span class='ocrx_word' id='word_1_590' title='bbox 1506 4643 1627 4702; x_wconf 86' lang='lat' dir='ltr'><strong>post</strong></span> <span class='ocrx_word' id='word_1_591' title='bbox 1664 4645 1893 4690; x_wconf 87' lang='lat' dir='ltr'><strong>mortem</strong></span> <span class='ocrx_word' id='word_1_592' title='bbox 1919 4639 2229 4693; x_wconf 82' lang='lat' dir='ltr'><strong>anathema-</strong></span> 
     </span>
    </p>
   </div>
   <div class='ocr_carea' id='block_1_82' title="bbox 670 4723 2230 4794">
    <p class='ocr_par' dir='ltr' id='par_1_82' title="bbox 670 4723 2230 4794">
     <span class='ocr_line' id='line_1_82' title="bbox 670 4723 2230 4794; baseline 0.009 -22"><span class='ocrx_word' id='word_1_593' title='bbox 670 4723 834 4773; x_wconf 86' lang='lat' dir='ltr'><strong>tizato</strong></span> <span class='ocrx_word' id='word_1_594' title='bbox 874 4737 904 4774; x_wconf 92' lang='lat' dir='ltr'><strong>a</strong></span> <span class='ocrx_word' id='word_1_595' title='bbox 951 4723 1150 4776; x_wconf 86' lang='lat' dir='ltr'><strong>sanctis</strong></span> <span class='ocrx_word' id='word_1_596' title='bbox 1195 4723 1444 4778; x_wconf 83' lang='lat' dir='ltr'><strong>Patribus</strong></span> <span class='ocrx_word' id='word_1_597' title='bbox 1476 4725 1672 4794; x_wconf 91' lang='lat' dir='ltr'><strong>quibus</strong></span> <span class='ocrx_word' id='word_1_598' title='bbox 1708 4728 1750 4780; x_wconf 91' lang='lat' dir='ltr'><strong>si</strong></span> <span class='ocrx_word' id='word_1_599' title='bbox 1785 4729 2006 4784; x_wconf 88' lang='lat' dir='ltr'><strong>credere</strong></span> <span class='ocrx_word' id='word_1_600' title='bbox 2041 4731 2230 4785; x_wconf 89' lang='lat' dir='ltr'><strong>nolue-</strong></span> 
     </span>
    </p>
   </div>
   <div class='ocr_carea' id='block_1_83' title="bbox 670 4811 2234 4893">
    <p class='ocr_par' dir='ltr' id='par_1_83' title="bbox 670 4811 2234 4893">
     <span class='ocr_line' id='line_1_83' title="bbox 670 4811 2234 4893; baseline 0.01 -31"><span class='ocrx_word' id='word_1_601' title='bbox 670 4811 783 4864; x_wconf 84' lang='lat' dir='ltr'><strong>rint</strong></span> <span class='ocrx_word' id='word_1_602' title='bbox 816 4821 875 4864; x_wconf 94' lang='lat' dir='ltr'><strong>ut</strong></span> <span class='ocrx_word' id='word_1_603' title='bbox 900 4813 1136 4868; x_wconf 70' lang='lat' dir='ltr'><strong>hmretici</strong></span> <span class='ocrx_word' id='word_1_604' title='bbox 1167 4815 1282 4884; x_wconf 86' lang='lat' dir='ltr'><strong>ejus</strong></span> <span class='ocrx_word' id='word_1_605' title='bbox 1309 4815 1638 4882; x_wconf 79' lang='lat' dir='ltr'><strong>defensores,</strong></span> <span class='ocrx_word' id='word_1_606' title='bbox 1665 4820 1745 4873; x_wconf 88' lang='lat' dir='ltr'><strong>vel</strong></span> <span class='ocrx_word' id='word_1_607' title='bbox 1780 4821 1957 4890; x_wconf 69' lang='lat' dir='ltr'><strong>impiae</strong></span> <span class='ocrx_word' id='word_1_608' title='bbox 1995 4825 2234 4893; x_wconf 67' lang='lat' dir='ltr'><strong>epistolae</strong></span> 
     </span>
    </p>
   </div>
   <div class='ocr_carea' id='block_1_84' title="bbox 671 4904 2233 4980">
    <p class='ocr_par' dir='ltr' id='par_1_84' title="bbox 671 4904 2233 4980">
     <span class='ocr_line' id='line_1_84' title="bbox 671 4904 2233 4980; baseline 0.01 -24"><span class='ocrx_word' id='word_1_609' title='bbox 671 4919 832 4970; x_wconf 87' lang='lat' dir='ltr'><strong>quam</strong></span> <span class='ocrx_word' id='word_1_610' title='bbox 878 4904 981 4972; x_wconf 87' lang='lat' dir='ltr'><strong>ipsi</strong></span> <span class='ocrx_word' id='word_1_611' title='bbox 1030 4905 1347 4972; x_wconf 80' lang='lat' dir='ltr'><strong>defendunt,</strong></span> <span class='ocrx_word' id='word_1_612' title='bbox 1379 4910 1633 4964; x_wconf 87' lang='lat' dir='ltr'><strong>credant:</strong></span> <span class='ocrx_word' id='word_1_613' title='bbox 1663 4928 1783 4980; x_wconf 67' lang='lat' dir='ltr'><strong>quae</strong></span> <span class='ocrx_word' id='word_1_614' title='bbox 1824 4914 1949 4968; x_wconf 89' lang='lat' dir='ltr'><strong>licet</strong></span> <span class='ocrx_word' id='word_1_615' title='bbox 1982 4915 2233 4972; x_wconf 89' lang='lat' dir='ltr'><strong>Theodo-</strong></span> 
     </span>
    </p>
   </div>
   <div class='ocr_carea' id='block_1_85' title="bbox 671 4995 2233 5076">
    <p class='ocr_par' dir='ltr' id='par_1_85' title="bbox 671 4995 2233 5076">
     <span class='ocr_line' id='line_1_85' title="bbox 671 4995 2233 5076; baseline 0.012 -29"><span class='ocrx_word' id='word_1_616' title='bbox 671 5010 790 5047; x_wconf 85' lang='lat' dir='ltr'><strong>rum</strong></span> <span class='ocrx_word' id='word_1_617' title='bbox 822 4995 1107 5062; x_wconf 88' lang='lat' dir='ltr'><strong>collaudet,</strong></span> <span class='ocrx_word' id='word_1_618' title='bbox 1145 5000 1432 5055; x_wconf 83' lang='lat' dir='ltr'><strong>manifeste</strong></span> <span class='ocrx_word' id='word_1_619' title='bbox 1463 5011 1640 5057; x_wconf 88' lang='lat' dir='ltr'><strong>tamen</strong></span> <span class='ocrx_word' id='word_1_620' title='bbox 1670 5005 1798 5060; x_wconf 90' lang='lat' dir='ltr'><strong>dicit</strong></span> <span class='ocrx_word' id='word_1_621' title='bbox 1857 5010 1998 5076; x_wconf 91' lang='lat' dir='ltr'><strong>quod</strong></span> <span class='ocrx_word' id='word_1_622' title='bbox 2033 5011 2090 5063; x_wconf 88' lang='lat' dir='ltr'><strong>in</strong></span> <span class='ocrx_word' id='word_1_623' title='bbox 2131 5013 2233 5066; x_wconf 88' lang='lat' dir='ltr'><strong>Ec-</strong></span> 
     </span>
    </p>
   </div>
   <div class='ocr_carea' id='block_1_86' title="bbox 671 5085 2234 5167">
    <p class='ocr_par' dir='ltr' id='par_1_86' title="bbox 671 5085 2234 5167">
     <span class='ocr_line' id='line_1_86' title="bbox 671 5085 2234 5167; baseline 0.014 -30"><span class='ocrx_word' id='word_1_624' title='bbox 671 5085 833 5138; x_wconf 80' lang='lat' dir='ltr'><strong>clesia</strong></span> <span class='ocrx_word' id='word_1_625' title='bbox 864 5102 891 5141; x_wconf 88' lang='lat' dir='ltr'><strong>a</strong></span> <span class='ocrx_word' id='word_1_626' title='bbox 927 5091 1124 5143; x_wconf 84' lang='lat' dir='ltr'><strong>sanctis</strong></span> <span class='ocrx_word' id='word_1_627' title='bbox 1163 5091 1411 5147; x_wconf 75' lang='lat' dir='ltr'><strong>l’atribus</strong></span> <span class='ocrx_word' id='word_1_628' title='bbox 1437 5097 1918 5155; x_wconf 84' lang='lat' dir='ltr'><strong>anathematizatus</strong></span> <span class='ocrx_word' id='word_1_629' title='bbox 1947 5114 2046 5167; x_wconf 89' lang='lat' dir='ltr'><strong>est,</strong></span> <span class='ocrx_word' id='word_1_630' title='bbox 2085 5113 2138 5156; x_wconf 85' lang='lat' dir='ltr'><strong>et</strong></span> <span class='ocrx_word' id='word_1_631' title='bbox 2169 5121 2234 5159; x_wconf 77' lang='lat' dir='ltr'><strong>ex</strong></span> 
     </span>
    </p>
   </div>
   <div class='ocr_carea' id='block_1_87' title="bbox 672 5176 2239 5260">
    <p class='ocr_par' dir='ltr' id='par_1_87' title="bbox 672 5176 2239 5260">
     <span class='ocr_line' id='line_1_87' title="bbox 672 5176 2239 5260; baseline 0.012 -31"><span class='ocrx_word' id='word_1_632' title='bbox 672 5176 763 5229; x_wconf 84' lang='lat' dir='ltr'><strong>illo</strong></span> <span class='ocrx_word' id='word_1_633' title='bbox 810 5178 1042 5246; x_wconf 87' lang='lat' dir='ltr'><strong>plurima</strong></span> <span class='ocrx_word' id='word_1_634' title='bbox 1077 5180 1354 5250; x_wconf 88' lang='lat' dir='ltr'><strong>inquisitio</strong></span> <span class='ocrx_word' id='word_1_635' title='bbox 1402 5186 1539 5240; x_wconf 84' lang='lat' dir='ltr'><strong>facta</strong></span> <span class='ocrx_word' id='word_1_636' title='bbox 1587 5197 1670 5241; x_wconf 89' lang='lat' dir='ltr'><strong>est</strong></span> <span class='ocrx_word' id='word_1_637' title='bbox 1723 5191 1790 5244; x_wconf 92' lang='lat' dir='ltr'><strong>de</strong></span> <span class='ocrx_word' id='word_1_638' title='bbox 1837 5192 1955 5260; x_wconf 87' lang='lat' dir='ltr'><strong>ejus</strong></span> <span class='ocrx_word' id='word_1_639' title='bbox 1999 5197 2239 5248; x_wconf 69' lang='lat' dir='ltr'><strong>conscri—</strong></span> 
     </span>
    </p>
   </div>
   <div class='ocr_carea' id='block_1_88' title="bbox 677 5269 2233 5347">
    <p class='ocr_par' dir='ltr' id='par_1_88' title="bbox 677 5269 2233 5347">
     <span class='ocr_line' id='line_1_88' title="bbox 677 5269 2233 5347; baseline 0.015 -27"><span class='ocrx_word' id='word_1_640' title='bbox 677 5269 806 5338; x_wconf 77' lang='lat' dir='ltr'><strong>ptis,</strong></span> <span class='ocrx_word' id='word_1_641' title='bbox 831 5280 1015 5340; x_wconf 89' lang='lat' dir='ltr'><strong>utpote</strong></span> <span class='ocrx_word' id='word_1_642' title='bbox 1033 5273 1207 5342; x_wconf 89' lang='lat' dir='ltr'><strong>plenis</strong></span> <span class='ocrx_word' id='word_1_643' title='bbox 1233 5276 1526 5347; x_wconf 88' lang='lat' dir='ltr'><strong>impietate.</strong></span> <span class='ocrx_word' id='word_1_644' title='bbox 1559 5280 1672 5336; x_wconf 83' lang='lat' dir='ltr'><strong>Hoc</strong></span> <span class='ocrx_word' id='word_1_645' title='bbox 1697 5293 1873 5337; x_wconf 88' lang='lat' dir='ltr'><strong>autem</strong></span> <span class='ocrx_word' id='word_1_646' title='bbox 1907 5295 2036 5340; x_wconf 90' lang='lat' dir='ltr'><strong>tunc</strong></span> <span class='ocrx_word' id='word_1_647' title='bbox 2070 5290 2233 5343; x_wconf 86' lang='lat' dir='ltr'><strong>faeie-</strong></span> 
     </span>
    </p>
   </div>
   <div class='ocr_carea' id='block_1_89' title="bbox 2331 3171 3852 3244">
    <p class='ocr_par' dir='ltr' id='par_1_89' title="bbox 2331 3171 3852 3244">
     <span class='ocr_line' id='line_1_89' title="bbox 2331 3171 3852 3244; baseline -0.005 -16"><span class='ocrx_word' id='word_1_648' title='bbox 2331 3176 2632 3244; x_wconf 83' lang='grc' dir='ltr'>ἀναθέματι</span> <span class='ocrx_word' id='word_1_649' title='bbox 2684 3176 2903 3238; x_wconf 85' lang='grc' dir='ltr'>δικαίως</span> <span class='ocrx_word' id='word_1_650' title='bbox 2947 3175 3327 3230; x_wconf 85' lang='grc' dir='ltr'>ὑποϐάλλεται.</span> <span class='ocrx_word' id='word_1_651' title='bbox 3376 3176 3453 3228; x_wconf 83' lang='grc' dir='ltr'><strong>Τὸ</strong></span> <span class='ocrx_word' id='word_1_652' title='bbox 3487 3175 3594 3244; x_wconf 87' lang='grc' dir='ltr'><strong>γὰρ</strong></span> <span class='ocrx_word' id='word_1_653' title='bbox 3643 3171 3852 3235; x_wconf 77' lang='grc' dir='ltr'>ἀνάθεμα</span> 
     </span>
    </p>
   </div>
   <div class='ocr_carea' id='block_1_90' title="bbox 2330 3259 3850 3339">
    <p class='ocr_par' dir='ltr' id='par_1_90' title="bbox 2330 3259 3850 3339">
     <span class='ocr_line' id='line_1_90' title="bbox 2330 3259 3850 3339; baseline -0.002 -18"><span class='ocrx_word' id='word_1_654' title='bbox 2330 3269 2481 3322; x_wconf 76' lang='grc' dir='ltr'>οὐδὲν</span> <span class='ocrx_word' id='word_1_655' title='bbox 2502 3269 2686 3337; x_wconf 78' lang='grc' dir='ltr'>ἕτερον</span> <span class='ocrx_word' id='word_1_656' title='bbox 2710 3268 2965 3338; x_wconf 74' lang='grc' dir='ltr'>σημαίνει</span> <span class='ocrx_word' id='word_1_657' title='bbox 2989 3269 3021 3339; x_wconf 80' lang='grc' dir='ltr'>ἦ</span> <span class='ocrx_word' id='word_1_658' title='bbox 3053 3269 3143 3322; x_wconf 88' lang='grc' dir='ltr'><strong>τὸν</strong></span> <span class='ocrx_word' id='word_1_659' title='bbox 3175 3269 3284 3322; x_wconf 84' lang='grc' dir='ltr'><strong>ἀπὸ</strong></span> <span class='ocrx_word' id='word_1_660' title='bbox 3311 3267 3402 3320; x_wconf 90' lang='grc' dir='ltr'><strong>τοῦ</strong></span> <span class='ocrx_word' id='word_1_661' title='bbox 3439 3266 3572 3320; x_wconf 85' lang='grc' dir='ltr'>Θεοῦ</span> <span class='ocrx_word' id='word_1_662' title='bbox 3597 3259 3850 3336; x_wconf 65' lang='grc' dir='ltr'>χωρισμὸν.</span> 
     </span>
    </p>
   </div>
   <div class='ocr_carea' id='block_1_91' title="bbox 2331 3350 3850 3431">
    <p class='ocr_par' dir='ltr' id='par_1_91' title="bbox 2331 3350 3850 3431">
     <span class='ocr_line' id='line_1_91' title="bbox 2331 3350 3850 3431; baseline -0.006 -21"><span class='ocrx_word' id='word_1_663' title='bbox 2331 3358 2406 3421; x_wconf 89' lang='grc' dir='ltr'><strong>ώς</strong></span> <span class='ocrx_word' id='word_1_664' title='bbox 2438 3363 2494 3411; x_wconf 79' lang='grc' dir='ltr'><strong>ἐν</strong></span> <span class='ocrx_word' id='word_1_665' title='bbox 2525 3363 2591 3429; x_wconf 82' lang='grc' dir='ltr'>τῇ</span> <span class='ocrx_word' id='word_1_666' title='bbox 2623 3358 2833 3428; x_wconf 80' lang='grc' dir='ltr'>Παλαιᾷ</span> <span class='ocrx_word' id='word_1_667' title='bbox 2861 3359 2962 3411; x_wconf 59' lang='grc' dir='ltr'>καὶ</span> <span class='ocrx_word' id='word_1_668' title='bbox 2979 3363 3045 3431; x_wconf 80' lang='grc' dir='ltr'>τῇ</span> <span class='ocrx_word' id='word_1_669' title='bbox 3081 3362 3254 3430; x_wconf 82' lang='grc' dir='ltr'>Καινῇ</span> <span class='ocrx_word' id='word_1_670' title='bbox 3285 3359 3534 3430; x_wconf 80' lang='grc' dir='ltr'>Διαθήκῃ</span> <span class='ocrx_word' id='word_1_671' title='bbox 3560 3357 3622 3410; x_wconf 83' lang='grc' dir='ltr'>τὸ</span> <span class='ocrx_word' id='word_1_672' title='bbox 3640 3355 3754 3423; x_wconf 80' lang='grc' dir='ltr'>περὶ</span> <span class='ocrx_word' id='word_1_673' title='bbox 3776 3350 3850 3403; x_wconf 80' lang='grc' dir='ltr'><strong>τοῦ</strong></span> 
     </span>
    </p>
   </div>
   <div class='ocr_carea' id='block_1_92' title="bbox 2331 3444 3850 3522">
    <p class='ocr_par' dir='ltr' id='par_1_92' title="bbox 2331 3444 3850 3522">
     <span class='ocr_line' id='line_1_92' title="bbox 2331 3444 3850 3522; baseline -0.001 -18"><span class='ocrx_word' id='word_1_674' title='bbox 2331 3451 2674 3521; x_wconf 80' lang='grc' dir='ltr'>ἀναθέματος</span> <span class='ocrx_word' id='word_1_675' title='bbox 2703 3454 2875 3522; x_wconf 84' lang='grc' dir='ltr'>κρῖμα</span> <span class='ocrx_word' id='word_1_676' title='bbox 2907 3452 3057 3522; x_wconf 80' lang='grc' dir='ltr'>δηλοῖ</span> <span class='ocrx_word' id='word_1_677' title='bbox 3087 3453 3152 3507; x_wconf 75' lang='grc'><strong>⁸⁸.</strong></span> <span class='ocrx_word' id='word_1_678' title='bbox 3182 3453 3377 3505; x_wconf 83' lang='grc' dir='ltr'>Ὅτιδέ</span> <span class='ocrx_word' id='word_1_679' title='bbox 3411 3453 3508 3506; x_wconf 76' lang='grc' dir='ltr'><strong>καὶ</strong></span> <span class='ocrx_word' id='word_1_680' title='bbox 3538 3450 3724 3519; x_wconf 84' lang='grc' dir='ltr'>Κύριος</span> <span class='ocrx_word' id='word_1_681' title='bbox 3750 3444 3850 3503; x_wconf 74' lang='grc' dir='ltr'>τοὺς</span> 
     </span>
    </p>
   </div>
   <div class='ocr_carea' id='block_1_93' title="bbox 2335 3543 3884 3618">
    <p class='ocr_par' dir='ltr' id='par_1_93' title="bbox 2335 3543 3884 3618">
     <span class='ocr_line' id='line_1_93' title="bbox 2335 3543 3884 3618; baseline -0.001 -23"><span class='ocrx_word' id='word_1_682' title='bbox 2335 3544 2408 3612; x_wconf 85' lang='grc' dir='ltr'>μὴ</span> <span class='ocrx_word' id='word_1_683' title='bbox 2450 3547 2706 3613; x_wconf 84' lang='grc' dir='ltr'>μένοντας</span> <span class='ocrx_word' id='word_1_684' title='bbox 2737 3546 2792 3596; x_wconf 89' lang='grc' dir='ltr'><strong>ἐν</strong></span> <span class='ocrx_word' id='word_1_685' title='bbox 2813 3544 2890 3614; x_wconf 79' lang='grc' dir='ltr'><strong>τῷ</strong></span> <span class='ocrx_word' id='word_1_686' title='bbox 2921 3547 3016 3614; x_wconf 76' lang='grc' dir='ltr'><strong>τῆς</strong></span> <span class='ocrx_word' id='word_1_687' title='bbox 3061 3545 3316 3615; x_wconf 84' lang='grc' dir='ltr'>ἀληθείας</span> <span class='ocrx_word' id='word_1_688' title='bbox 3349 3543 3518 3597; x_wconf 81' lang='grc' dir='ltr'>αὑτοῦ</span> <span class='ocrx_word' id='word_1_689' title='bbox 3553 3543 3684 3609; x_wconf 83' lang='grc' dir='ltr'>λόγῳ</span> <span class='ocrx_word' id='word_1_690' title='bbox 3713 3552 3884 3618; x_wconf 79' lang='grc' dir='ltr'><strong>κεχω-⁸</strong></span> 
     </span>
    </p>
   </div>
   <div class='ocr_carea' id='block_1_94' title="bbox 2335 3624 3852 3717">
    <p class='ocr_par' dir='ltr' id='par_1_94' title="bbox 2335 3624 3852 3717">
     <span class='ocr_line' id='line_1_94' title="bbox 2335 3624 3852 3717; baseline -0.005 -29"><span class='ocrx_word' id='word_1_691' title='bbox 2335 3640 2622 3705; x_wconf 85' lang='grc' dir='ltr'>ρισμένους</span> <span class='ocrx_word' id='word_1_692' title='bbox 2653 3634 2791 3690; x_wconf 80' lang='grc' dir='ltr'>εἶναι</span> <span class='ocrx_word' id='word_1_693' title='bbox 2837 3637 2983 3717; x_wconf 81' lang='grc' dir='ltr'>λέγει</span> <span class='ocrx_word' id='word_1_694' title='bbox 3027 3640 3126 3708; x_wconf 81' lang='grc' dir='ltr'>τῆς</span> <span class='ocrx_word' id='word_1_695' title='bbox 3171 3639 3518 3710; x_wconf 85' lang='grc' dir='ltr'>Ἐκκλησίας,</span> <span class='ocrx_word' id='word_1_696' title='bbox 3549 3637 3605 3688; x_wconf 89' lang='grc' dir='ltr'><strong>ἐν</strong></span> <span class='ocrx_word' id='word_1_697' title='bbox 3640 3631 3712 3702; x_wconf 85' lang='grc' dir='ltr'>τῷ</span> <span class='ocrx_word' id='word_1_698' title='bbox 3738 3624 3852 3682; x_wconf 73' lang='grc' dir='ltr'>κατᾶ</span> 
     </span>
    </p>
   </div>
   <div class='ocr_carea' id='block_1_95' title="bbox 2346 3719 3852 3799">
    <p class='ocr_par' dir='ltr' id='par_1_95' title="bbox 2346 3719 3852 3799">
     <span class='ocr_line' id='line_1_95' title="bbox 2346 3719 3852 3799; baseline -0.007 -19"><span class='ocrx_word' id='word_1_699' title='bbox 2346 3727 2596 3798; x_wconf 80' lang='grc' dir='ltr'>Ἰωάννην</span> <span class='ocrx_word' id='word_1_700' title='bbox 2622 3728 2938 3799; x_wconf 83' lang='grc' dir='ltr'>Εύαγγελίῳ</span> <span class='ocrx_word' id='word_1_701' title='bbox 2972 3730 3013 3760; x_wconf 72' lang='grc'><strong>⁸⁸</strong></span> <span class='ocrx_word' id='word_1_702' title='bbox 3057 3729 3193 3798; x_wconf 78' lang='grc' dir='ltr'>πρὸς</span> <span class='ocrx_word' id='word_1_703' title='bbox 3235 3729 3361 3790; x_wconf 78' lang='grc' dir='ltr'>τοὺς</span> <span class='ocrx_word' id='word_1_704' title='bbox 3403 3727 3683 3786; x_wconf 84' lang='grc' dir='ltr'>Ἰουδαίους</span> <span class='ocrx_word' id='word_1_705' title='bbox 3710 3719 3852 3774; x_wconf 80' lang='grc' dir='ltr'>διαλε-</span> 
     </span>
    </p>
   </div>
   <div class='ocr_carea' id='block_1_96' title="bbox 2331 3813 3851 3890">
    <p class='ocr_par' dir='ltr' id='par_1_96' title="bbox 2331 3813 3851 3890">
     <span class='ocr_line' id='line_1_96' title="bbox 2331 3813 3851 3890; baseline -0.002 -17"><span class='ocrx_word' id='word_1_706' title='bbox 2331 3822 2558 3889; x_wconf 84' lang='grc' dir='ltr'>γόμενος</span> <span class='ocrx_word' id='word_1_707' title='bbox 2591 3821 2731 3875; x_wconf 74' lang='grc' dir='ltr'>οὕτω</span> <span class='ocrx_word' id='word_1_708' title='bbox 2762 3822 2892 3890; x_wconf 81' lang='grc' dir='ltr'>φησί</span> <span class='ocrx_word' id='word_1_709' title='bbox 2919 3835 2934 3850; x_wconf 86' lang='lat'><strong>&#39;</strong></span> <span class='ocrx_word' id='word_1_710' title='bbox 2982 3822 3105 3888; x_wconf 86' lang='grc' dir='ltr'><strong>Πᾶς</strong></span> <span class='ocrx_word' id='word_1_711' title='bbox 3147 3827 3178 3876; x_wconf 83' lang='grc' dir='ltr'><em>ὁ</em></span> <span class='ocrx_word' id='word_1_712' title='bbox 3231 3823 3419 3876; x_wconf 76' lang='grc' dir='ltr'>ποιῶν</span> <span class='ocrx_word' id='word_1_713' title='bbox 3454 3822 3566 3889; x_wconf 83' lang='grc' dir='ltr'>τὴν</span> <span class='ocrx_word' id='word_1_714' title='bbox 3601 3813 3851 3886; x_wconf 76' lang='grc' dir='ltr'>ἁμαρτίαν</span> 
     </span>
    </p>
   </div>
   <div class='ocr_carea' id='block_1_97' title="bbox 2331 3903 3849 3982">
    <p class='ocr_par' dir='ltr' id='par_1_97' title="bbox 2331 3903 3849 3982">
     <span class='ocr_line' id='line_1_97' title="bbox 2331 3903 3849 3982; baseline -0.002 -18"><span class='ocrx_word' id='word_1_715' title='bbox 2331 3911 2551 3977; x_wconf 76' lang='grc' dir='ltr'>δοῦλός</span> <span class='ocrx_word' id='word_1_716' title='bbox 2583 3914 2714 3966; x_wconf 85' lang='grc' dir='ltr'>ἐστι</span> <span class='ocrx_word' id='word_1_717' title='bbox 2739 3913 2848 3981; x_wconf 84' lang='grc' dir='ltr'>τῆς</span> <span class='ocrx_word' id='word_1_718' title='bbox 2871 3915 3177 3982; x_wconf 79' lang='grc' dir='ltr'>ἁμαρτίας.</span> <span class='ocrx_word' id='word_1_719' title='bbox 3197 3915 3249 3966; x_wconf 90' lang='lat'><strong>&#39;0</strong></span> <span class='ocrx_word' id='word_1_720' title='bbox 3284 3915 3352 3967; x_wconf 84' lang='grc' dir='ltr'>δὲ</span> <span class='ocrx_word' id='word_1_721' title='bbox 3387 3914 3606 3978; x_wconf 73' lang='grc' dir='ltr'>δοῦλος</span> <span class='ocrx_word' id='word_1_722' title='bbox 3631 3911 3696 3963; x_wconf 85' lang='grc' dir='ltr'>οὺ</span> <span class='ocrx_word' id='word_1_723' title='bbox 3712 3903 3849 3976; x_wconf 75' lang='grc' dir='ltr'>μέτει</span> 
     </span>
    </p>
   </div>
   <div class='ocr_carea' id='block_1_98' title="bbox 2330 3993 3850 4076">
    <p class='ocr_par' dir='ltr' id='par_1_98' title="bbox 2330 3993 3850 4076">
     <span class='ocr_line' id='line_1_98' title="bbox 2330 3993 3850 4076; baseline 0.006 -19"><span class='ocrx_word' id='word_1_724' title='bbox 2330 4003 2399 4056; x_wconf 84' lang='grc' dir='ltr'><strong>ἐν</strong></span> <span class='ocrx_word' id='word_1_725' title='bbox 2417 4003 2489 4072; x_wconf 81' lang='grc' dir='ltr'>τῇ</span> <span class='ocrx_word' id='word_1_726' title='bbox 2505 4006 2691 4071; x_wconf 76' lang='grc' dir='ltr'>οἰκείᾳ</span> <span class='ocrx_word' id='word_1_727' title='bbox 2717 4007 2804 4071; x_wconf 87' lang='grc' dir='ltr'><strong>είς</strong></span> <span class='ocrx_word' id='word_1_728' title='bbox 2821 4006 2927 4059; x_wconf 76' lang='grc' dir='ltr'><strong>τὸν</strong></span> <span class='ocrx_word' id='word_1_729' title='bbox 2951 4005 3134 4060; x_wconf 80' lang='grc' dir='ltr'>αἰῶνα</span> <span class='ocrx_word' id='word_1_730' title='bbox 3155 4023 3170 4034; x_wconf 77' lang='grc'><strong>’</strong></span> <span class='ocrx_word' id='word_1_731' title='bbox 3192 4011 3222 4060; x_wconf 82' lang='grc' dir='ltr'><em>ὁ</em></span> <span class='ocrx_word' id='word_1_732' title='bbox 3245 4006 3313 4059; x_wconf 84' lang='grc' dir='ltr'>δὲ</span> <span class='ocrx_word' id='word_1_733' title='bbox 3332 4008 3462 4074; x_wconf 77' lang='grc' dir='ltr'>υίὸς</span> <span class='ocrx_word' id='word_1_734' title='bbox 3486 3993 3639 4076; x_wconf 81' lang='grc' dir='ltr'>μένέι</span> <span class='ocrx_word' id='word_1_735' title='bbox 3663 4003 3739 4065; x_wconf 70' lang='grc' dir='ltr'><strong>εἷς</strong></span> <span class='ocrx_word' id='word_1_736' title='bbox 3764 3994 3850 4048; x_wconf 63' lang='grc' dir='ltr'><strong>τὸν</strong></span> 
     </span>
    </p>
   </div>
   <div class='ocr_carea' id='block_1_99' title="bbox 2330 4088 3849 4171">
    <p class='ocr_par' dir='ltr' id='par_1_99' title="bbox 2330 4088 3849 4171">
     <span class='ocr_line' id='line_1_99' title="bbox 2330 4088 3849 4171; baseline -0.004 -21"><span class='ocrx_word' id='word_1_737' title='bbox 2330 4096 2519 4152; x_wconf 76' lang='grc' dir='ltr'>αἰῶνα</span> <span class='ocrx_word' id='word_1_738' title='bbox 2555 4099 2622 4152; x_wconf 81' lang='grc' dir='ltr'><strong>⁷ο.</strong></span> <span class='ocrx_word' id='word_1_739' title='bbox 2660 4099 2780 4151; x_wconf 88' lang='grc' dir='ltr'>’Ότι</span> <span class='ocrx_word' id='word_1_740' title='bbox 2804 4099 2861 4152; x_wconf 84' lang='grc' dir='ltr'>δὲ</span> <span class='ocrx_word' id='word_1_741' title='bbox 2892 4100 2991 4169; x_wconf 82' lang='grc' dir='ltr'>τὴν</span> <span class='ocrx_word' id='word_1_742' title='bbox 3023 4101 3173 4171; x_wconf 84' lang='grc' dir='ltr'><strong>παρά</strong></span> <span class='ocrx_word' id='word_1_743' title='bbox 3212 4100 3306 4153; x_wconf 89' lang='grc' dir='ltr'><strong>τοῦ</strong></span> <span class='ocrx_word' id='word_1_744' title='bbox 3343 4101 3545 4171; x_wconf 82' lang='grc' dir='ltr'>Κυρίου</span> <span class='ocrx_word' id='word_1_745' title='bbox 3571 4088 3849 4164; x_wconf 83' lang='grc' dir='ltr'>ὠνομασμέ-</span> 
     </span>
    </p>
   </div>
   <div class='ocr_carea' id='block_1_100' title="bbox 2331 4183 3848 4262">
    <p class='ocr_par' dir='ltr' id='par_1_100' title="bbox 2331 4183 3848 4262">
     <span class='ocr_line' id='line_1_100' title="bbox 2331 4183 3848 4262; baseline -0.001 -22"><span class='ocrx_word' id='word_1_746' title='bbox 2331 4206 2430 4260; x_wconf 86' lang='grc' dir='ltr'><strong>νην</strong></span> <span class='ocrx_word' id='word_1_747' title='bbox 2458 4190 2636 4242; x_wconf 88' lang='grc' dir='ltr'>οίκίαν</span> <span class='ocrx_word' id='word_1_748' title='bbox 2659 4192 2692 4260; x_wconf 79' lang='grc' dir='ltr'>ὴ</span> <span class='ocrx_word' id='word_1_749' title='bbox 2743 4191 2872 4244; x_wconf 84' lang='grc' dir='ltr'>Θεία</span> <span class='ocrx_word' id='word_1_750' title='bbox 2907 4191 3098 4262; x_wconf 80' lang='grc' dir='ltr'>Γραφὴ</span> <span class='ocrx_word' id='word_1_751' title='bbox 3146 4192 3471 4261; x_wconf 84' lang='grc' dir='ltr'>Ἐκκλησίαν</span> <span class='ocrx_word' id='word_1_752' title='bbox 3508 4189 3635 4244; x_wconf 82' lang='grc' dir='ltr'>Θεοῦ</span> <span class='ocrx_word' id='word_1_753' title='bbox 3681 4183 3848 4249; x_wconf 74' lang='grc' dir='ltr'>ζῶντος</span> 
     </span>
    </p>
   </div>
   <div class='ocr_carea' id='block_1_101' title="bbox 2332 4273 3846 4356">
    <p class='ocr_par' dir='ltr' id='par_1_101' title="bbox 2332 4273 3846 4356">
     <span class='ocr_line' id='line_1_101' title="bbox 2332 4273 3846 4356; baseline -0.008 -23"><span class='ocrx_word' id='word_1_754' title='bbox 2332 4281 2488 4334; x_wconf 85' lang='grc' dir='ltr'>καλεί</span> <span class='ocrx_word' id='word_1_755' title='bbox 2514 4284 2542 4335; x_wconf 92' lang='grc' dir='ltr'><strong>ό</strong></span> <span class='ocrx_word' id='word_1_756' title='bbox 2596 4283 2914 4347; x_wconf 79' lang='grc' dir='ltr'>Ἀπὸστολος</span> <span class='ocrx_word' id='word_1_757' title='bbox 2951 4287 3221 4354; x_wconf 83' lang='grc' dir='ltr'>μαρτυρεί</span> <span class='ocrx_word' id='word_1_758' title='bbox 3276 4286 3334 4337; x_wconf 86' lang='grc' dir='ltr'><strong>ἐν</strong></span> <span class='ocrx_word' id='word_1_759' title='bbox 3366 4288 3433 4356; x_wconf 78' lang='grc' dir='ltr'>τῇ</span> <span class='ocrx_word' id='word_1_760' title='bbox 3465 4283 3596 4356; x_wconf 80' lang='grc' dir='ltr'>πρὸς</span> <span class='ocrx_word' id='word_1_761' title='bbox 3624 4273 3846 4347; x_wconf 84' lang='grc' dir='ltr'>Τιμόθεον</span> 
     </span>
    </p>
   </div>
   <div class='ocr_carea' id='block_1_102' title="bbox 2333 4365 3846 4445">
    <p class='ocr_par' dir='ltr' id='par_1_102' title="bbox 2333 4365 3846 4445">
     <span class='ocr_line' id='line_1_102' title="bbox 2333 4365 3846 4445; baseline -0.001 -20"><span class='ocrx_word' id='word_1_762' title='bbox 2333 4373 2522 4444; x_wconf 82' lang='grc' dir='ltr'>πρώτῃ</span> <span class='ocrx_word' id='word_1_763' title='bbox 2546 4374 2587 4405; x_wconf 75' lang='grc'><strong>⁷⁸</strong></span> <span class='ocrx_word' id='word_1_764' title='bbox 2623 4374 2934 4445; x_wconf 81' lang='grc' dir='ltr'>Ἐπιστολῇ.</span> <span class='ocrx_word' id='word_1_765' title='bbox 2976 4377 3036 4427; x_wconf 71' lang='lat' dir='ltr'><strong>Et</strong></span> <span class='ocrx_word' id='word_1_766' title='bbox 3080 4375 3136 4428; x_wconf 83' lang='grc' dir='ltr'><strong>δὲ</strong></span> <span class='ocrx_word' id='word_1_767' title='bbox 3169 4374 3386 4444; x_wconf 87' lang='grc' dir='ltr'>λέγουσί</span> <span class='ocrx_word' id='word_1_768' title='bbox 3409 4379 3454 4410; x_wconf 81' lang='grc'>⁷³</span> <span class='ocrx_word' id='word_1_769' title='bbox 3486 4391 3624 4436; x_wconf 85' lang='grc' dir='ltr'>τινες</span> <span class='ocrx_word' id='word_1_770' title='bbox 3658 4369 3723 4441; x_wconf 78' lang='grc' dir='ltr'><strong>μὴ</strong></span> <span class='ocrx_word' id='word_1_771' title='bbox 3757 4365 3846 4417; x_wconf 75' lang='grc' dir='ltr'>δεῖν</span> 
     </span>
    </p>
   </div>
   <div class='ocr_carea' id='block_1_103' title="bbox 2257 4431 3846 4540">
    <p class='ocr_par' dir='ltr' id='par_1_103' title="bbox 2257 4431 3846 4540">
     <span class='ocr_line' id='line_1_103' title="bbox 2257 4431 3846 4540; baseline 0 -25"><span class='ocrx_word' id='word_1_772' title='bbox 2257 4431 2306 4491; x_wconf 71' lang='grc' dir='ltr'><strong>υ</strong></span> <span class='ocrx_word' id='word_1_773' title='bbox 2332 4463 2607 4535; x_wconf 80' lang='grc' dir='ltr'>Θεόδωρον</span> <span class='ocrx_word' id='word_1_774' title='bbox 2665 4467 2803 4536; x_wconf 86' lang='grc' dir='ltr'><strong>μετά</strong></span> <span class='ocrx_word' id='word_1_775' title='bbox 2847 4467 3074 4522; x_wconf 87' lang='grc' dir='ltr'>θάνατον</span> <span class='ocrx_word' id='word_1_776' title='bbox 3113 4467 3622 4540; x_wconf 71' lang='grc' dir='ltr'>ἀναθεματίζεσθαι,</span> <span class='ocrx_word' id='word_1_777' title='bbox 3651 4464 3846 4516; x_wconf 70' lang='grc' dir='ltr'>ἴστωσαν</span> 
     </span>
    </p>
   </div>
   <div class='ocr_carea' id='block_1_104' title="bbox 2329 4553 3844 4634">
    <p class='ocr_par' dir='ltr' id='par_1_104' title="bbox 2329 4553 3844 4634">
     <span class='ocr_line' id='line_1_104' title="bbox 2329 4553 3844 4634; baseline 0.007 -24"><span class='ocrx_word' id='word_1_778' title='bbox 2329 4560 2377 4610; x_wconf 88' lang='grc' dir='ltr'>οἱ</span> <span class='ocrx_word' id='word_1_779' title='bbox 2403 4559 2493 4612; x_wconf 80' lang='grc' dir='ltr'>τὸν</span> <span class='ocrx_word' id='word_1_780' title='bbox 2516 4559 2755 4614; x_wconf 86' lang='grc' dir='ltr'>τοιοῦτον</span> <span class='ocrx_word' id='word_1_781' title='bbox 2788 4563 3064 4634; x_wconf 79' lang='grc' dir='ltr'>αἱρετικὸν</span> <span class='ocrx_word' id='word_1_782' title='bbox 3103 4564 3443 4628; x_wconf 82' lang='grc' dir='ltr'>ἐκδικοῦντες</span> <span class='ocrx_word' id='word_1_783' title='bbox 3492 4564 3564 4625; x_wconf 83' lang='grc' dir='ltr'>ὡς</span> <span class='ocrx_word' id='word_1_784' title='bbox 3597 4559 3692 4619; x_wconf 76' lang='grc' dir='ltr'><strong>πᾶς</strong></span> <span class='ocrx_word' id='word_1_785' title='bbox 3721 4553 3844 4620; x_wconf 60' lang='lat' dir='ltr'><strong>ai?&quot;</strong></span> 
     </span>
    </p>
   </div>
   <div class='ocr_carea' id='block_1_105' title="bbox 2329 4640 3844 4728">
    <p class='ocr_par' dir='ltr' id='par_1_105' title="bbox 2329 4640 3844 4728">
     <span class='ocr_line' id='line_1_105' title="bbox 2329 4640 3844 4728; baseline 0.004 -28"><span class='ocrx_word' id='word_1_786' title='bbox 2329 4649 2481 4712; x_wconf 85' lang='grc' dir='ltr'>τικὸς</span> <span class='ocrx_word' id='word_1_787' title='bbox 2518 4651 2680 4722; x_wconf 82' lang='grc' dir='ltr'>μέχρι</span> <span class='ocrx_word' id='word_1_788' title='bbox 2715 4653 2904 4717; x_wconf 83' lang='grc' dir='ltr'>τέλους</span> <span class='ocrx_word' id='word_1_789' title='bbox 2940 4657 3007 4726; x_wconf 81' lang='grc' dir='ltr'>τῇ</span> <span class='ocrx_word' id='word_1_790' title='bbox 3047 4655 3223 4726; x_wconf 74' lang='grc' dir='ltr'>οίκείᾳ</span> <span class='ocrx_word' id='word_1_791' title='bbox 3273 4655 3451 4728; x_wconf 81' lang='grc' dir='ltr'>πλάνῃ</span> <span class='ocrx_word' id='word_1_792' title='bbox 3500 4650 3742 4724; x_wconf 75' lang='grc' dir='ltr'>ἐμμείνας</span> <span class='ocrx_word' id='word_1_793' title='bbox 3783 4640 3844 4691; x_wconf 72' lang='grc' dir='ltr'><strong>δι’</strong></span> 
     </span>
    </p>
   </div>
   <div class='ocr_carea' id='block_1_106' title="bbox 2329 4739 3844 4820">
    <p class='ocr_par' dir='ltr' id='par_1_106' title="bbox 2329 4739 3844 4820">
     <span class='ocr_line' id='line_1_106' title="bbox 2329 4739 3844 4820; baseline -0.007 -27"><span class='ocrx_word' id='word_1_794' title='bbox 2329 4742 2614 4813; x_wconf 82' lang='grc' dir='ltr'>καιότερον</span> <span class='ocrx_word' id='word_1_795' title='bbox 2649 4744 2887 4814; x_wconf 87' lang='grc' dir='ltr'>διηνεκεῖ</span> <span class='ocrx_word' id='word_1_796' title='bbox 2911 4746 3341 4820; x_wconf 82' lang='grc' dir='ltr'>ἀναθεματισμῷ</span> <span class='ocrx_word' id='word_1_797' title='bbox 3380 4751 3473 4802; x_wconf 76' lang='grc' dir='ltr'><strong>καὶ</strong></span> <span class='ocrx_word' id='word_1_798' title='bbox 3502 4744 3630 4818; x_wconf 85' lang='grc' dir='ltr'>μετὰ</span> <span class='ocrx_word' id='word_1_799' title='bbox 3654 4739 3844 4792; x_wconf 82' lang='grc' dir='ltr'>θάνατον</span> 
     </span>
    </p>
   </div>
   <div class='ocr_carea' id='block_1_107' title="bbox 2335 4830 3844 4908">
    <p class='ocr_par' dir='ltr' id='par_1_107' title="bbox 2335 4830 3844 4908">
     <span class='ocr_line' id='line_1_107' title="bbox 2335 4830 3844 4908; baseline -0.009 -11"><span class='ocrx_word' id='word_1_800' title='bbox 2335 4833 2720 4897; x_wconf 64' lang='grc' dir='ltr'><strong>ὑποῦόιλλετιὶιι,</strong></span> <span class='ocrx_word' id='word_1_801' title='bbox 2753 4838 2848 4894; x_wconf 68' lang='grc' dir='ltr'><strong>καὶ</strong></span> <span class='ocrx_word' id='word_1_802' title='bbox 2880 4838 3038 4892; x_wconf 88' lang='grc' dir='ltr'>τοῦτο</span> <span class='ocrx_word' id='word_1_803' title='bbox 3082 4840 3174 4892; x_wconf 70' lang='grc' dir='ltr'>ἐπὶ</span> <span class='ocrx_word' id='word_1_804' title='bbox 3201 4841 3415 4904; x_wconf 83' lang='grc' dir='ltr'>πολλοῖς</span> <span class='ocrx_word' id='word_1_805' title='bbox 3444 4841 3654 4908; x_wconf 86' lang='grc' dir='ltr'>γέγονεν</span> <span class='ocrx_word' id='word_1_806' title='bbox 3680 4830 3844 4896; x_wconf 80' lang='grc' dir='ltr'>αἱρετι-</span> 
     </span>
    </p>
   </div>
   <div class='ocr_carea' id='block_1_108' title="bbox 2335 4919 3843 5003">
    <p class='ocr_par' dir='ltr' id='par_1_108' title="bbox 2335 4919 3843 5003">
     <span class='ocr_line' id='line_1_108' title="bbox 2335 4919 3843 5003; baseline -0.014 -15"><span class='ocrx_word' id='word_1_807' title='bbox 2335 4928 2452 4987; x_wconf 81' lang='grc' dir='ltr'>κοῖς</span> <span class='ocrx_word' id='word_1_808' title='bbox 2484 4927 2866 5000; x_wconf 85' lang='grc' dir='ltr'>ἀρχαιοτέροις</span> <span class='ocrx_word' id='word_1_809' title='bbox 2890 4947 2948 4982; x_wconf 90' lang='grc' dir='ltr'><strong>τε</strong></span> <span class='ocrx_word' id='word_1_810' title='bbox 2983 4933 3077 4984; x_wconf 75' lang='grc' dir='ltr'>καὶ</span> <span class='ocrx_word' id='word_1_811' title='bbox 3121 4935 3234 4994; x_wconf 84' lang='grc' dir='ltr'>τοῖς</span> <span class='ocrx_word' id='word_1_812' title='bbox 3286 4933 3580 5003; x_wconf 85' lang='grc' dir='ltr'>ἐγγυτέρω,</span> <span class='ocrx_word' id='word_1_813' title='bbox 3606 4919 3843 4978; x_wconf 80' lang='grc' dir='ltr'>τουτέστιν</span> 
     </span>
    </p>
   </div>
   <div class='ocr_carea' id='block_1_109' title="bbox 2333 5008 3839 5096">
    <p class='ocr_par' dir='ltr' id='par_1_109' title="bbox 2333 5008 3839 5096">
     <span class='ocr_line' id='line_1_109' title="bbox 2333 5008 3839 5096; baseline 0.003 -27"><span class='ocrx_word' id='word_1_814' title='bbox 2333 5017 2636 5088; x_wconf 85' lang='grc' dir='ltr'>Βαλεντίνῳ</span> <span class='ocrx_word' id='word_1_815' title='bbox 2685 5022 2752 5085; x_wconf 82' lang='grc'><strong>⁷³,</strong></span> <span class='ocrx_word' id='word_1_816' title='bbox 2807 5022 3090 5094; x_wconf 80' lang='grc' dir='ltr'>Βασιλείδῃ</span> <span class='ocrx_word' id='word_1_817' title='bbox 3129 5025 3196 5088; x_wconf 70' lang='grc'><strong>⁷⁸,</strong></span> <span class='ocrx_word' id='word_1_818' title='bbox 3258 5025 3559 5096; x_wconf 82' lang='grc' dir='ltr'>Μαρκίωνι,</span> <span class='ocrx_word' id='word_1_819' title='bbox 3604 5008 3839 5096; x_wconf 60' lang='grc' dir='ltr'>Κηρίνθῳτ</span> 
     </span>
    </p>
   </div>
   <div class='ocr_carea' id='block_1_110' title="bbox 2333 5095 3843 5185">
    <p class='ocr_par' dir='ltr' id='par_1_110' title="bbox 2333 5095 3843 5185">
     <span class='ocr_line' id='line_1_110' title="bbox 2333 5095 3843 5185; baseline -0.007 -24"><span class='ocrx_word' id='word_1_820' title='bbox 2333 5111 2639 5180; x_wconf 81' lang='grc' dir='ltr'>Μανιχαίῳ,</span> <span class='ocrx_word' id='word_1_821' title='bbox 2677 5113 2924 5184; x_wconf 82' lang='grc' dir='ltr'>Εὑνομίῳ</span> <span class='ocrx_word' id='word_1_822' title='bbox 2958 5115 3051 5166; x_wconf 74' lang='grc' dir='ltr'><strong>καὶ</strong></span> <span class='ocrx_word' id='word_1_823' title='bbox 3091 5115 3318 5185; x_wconf 81' lang='grc' dir='ltr'>Βονόσῳ.</span> <span class='ocrx_word' id='word_1_824' title='bbox 3357 5095 3524 5169; x_wconf 73' lang='grc' dir='ltr'>Τοῦτο</span> <span class='ocrx_word' id='word_1_825' title='bbox 3557 5110 3609 5164; x_wconf 84' lang='grc' dir='ltr'>δὲ</span> <span class='ocrx_word' id='word_1_826' title='bbox 3633 5100 3746 5161; x_wconf 80' lang='grc' dir='ltr'>αύτὸ</span> <span class='ocrx_word' id='word_1_827' title='bbox 3770 5095 3843 5151; x_wconf 66' lang='grc' dir='ltr'>καὶ</span> 
     </span>
    </p>
   </div>
   <div class='ocr_carea' id='block_1_111' title="bbox 2334 5193 3840 5278">
    <p class='ocr_par' dir='ltr' id='par_1_111' title="bbox 2334 5193 3840 5278">
     <span class='ocr_line' id='line_1_111' title="bbox 2334 5193 3840 5278; baseline -0.011 -24"><span class='ocrx_word' id='word_1_828' title='bbox 2334 5203 2426 5254; x_wconf 73' lang='grc' dir='ltr'><strong>ἐπὶ</strong></span> <span class='ocrx_word' id='word_1_829' title='bbox 2467 5203 2741 5273; x_wconf 82' lang='grc' dir='ltr'>Θεοδώρου</span> <span class='ocrx_word' id='word_1_830' title='bbox 2785 5207 3026 5273; x_wconf 84' lang='grc' dir='ltr'>γέγονεν,</span> <span class='ocrx_word' id='word_1_831' title='bbox 3087 5208 3179 5259; x_wconf 76' lang='grc' dir='ltr'><strong>καὶ</strong></span> <span class='ocrx_word' id='word_1_832' title='bbox 3218 5210 3275 5259; x_wconf 87' lang='grc' dir='ltr'><strong>ἐν</strong></span> <span class='ocrx_word' id='word_1_833' title='bbox 3308 5207 3418 5278; x_wconf 76' lang='grc' dir='ltr'><strong>ζωῇ</strong></span> <span class='ocrx_word' id='word_1_834' title='bbox 3470 5193 3840 5274; x_wconf 70' lang='grc' dir='ltr'>κατηγορηθέντι</span> 
     </span>
    </p>
   </div>
   <div class='ocr_carea' id='block_1_112' title="bbox 2345 5287 3840 5370">
    <p class='ocr_par' dir='ltr' id='par_1_112' title="bbox 2345 5287 3840 5370">
     <span class='ocr_line' id='line_1_112' title="bbox 2345 5287 3840 5370; baseline 0.001 -24"><span class='ocrx_word' id='word_1_835' title='bbox 2345 5297 2438 5347; x_wconf 78' lang='grc' dir='ltr'><strong>καὶ</strong></span> <span class='ocrx_word' id='word_1_836' title='bbox 2473 5296 2610 5365; x_wconf 85' lang='grc' dir='ltr'><strong>μετά</strong></span> <span class='ocrx_word' id='word_1_837' title='bbox 2641 5299 2868 5351; x_wconf 81' lang='grc' dir='ltr'>θάνατον</span> <span class='ocrx_word' id='word_1_838' title='bbox 2919 5301 3404 5370; x_wconf 83' lang='grc' dir='ltr'>ἀναθεματισθέντι</span> <span class='ocrx_word' id='word_1_839' title='bbox 3459 5303 3558 5357; x_wconf 85' lang='grc' dir='ltr'><strong>ὑπὸ</strong></span> <span class='ocrx_word' id='word_1_840' title='bbox 3585 5297 3680 5351; x_wconf 89' lang='grc' dir='ltr'><strong>τῶν</strong></span> <span class='ocrx_word' id='word_1_841' title='bbox 3705 5287 3840 5356; x_wconf 74' lang='grc' dir='ltr'>ἁγίων</span> 
     </span>
    </p>
   </div>
   <div class='ocr_carea' id='block_1_113' title="bbox 1949 5445 2618 5511">
    <p class='ocr_par' dir='ltr' id='par_1_113' title="bbox 1949 5445 2618 5511">
     <span class='ocr_line' id='line_1_113' title="bbox 1949 5445 2618 5511; baseline 0.019 -13"><span class='ocrx_word' id='word_1_842' title='bbox 1949 5445 2174 5503; x_wconf 77' lang='lat' dir='ltr'><strong>VARle</strong></span> <span class='ocrx_word' id='word_1_843' title='bbox 2220 5450 2508 5508; x_wconf 85' lang='lat' dir='ltr'><strong>LECTION</strong></span> <span class='ocrx_word' id='word_1_844' title='bbox 2516 5455 2618 5511; x_wconf 85' lang='lat' dir='ltr'><strong>ES.</strong></span> 
     </span>
    </p>
   </div>
   <div class='ocr_carea' id='block_1_114' title="bbox 747 5569 1082 5640">
    <p class='ocr_par' dir='ltr' id='par_1_114' title="bbox 747 5569 1082 5640">
     <span class='ocr_line' id='line_1_114' title="bbox 747 5569 1082 5640; baseline 0.009 -19"><span class='ocrx_word' id='word_1_845' title='bbox 747 5571 790 5601; x_wconf 78' lang='grc'><strong>⁶¹</strong></span> <span class='ocrx_word' id='word_1_846' title='bbox 820 5569 988 5640; x_wconf 60' lang='grc' dir='ltr'>αὐτῆς</span> <span class='ocrx_word' id='word_1_847' title='bbox 1020 5574 1082 5624; x_wconf 86' lang='grc' dir='ltr'><strong>Ρ.</strong></span> 
     </span>
    </p>
   </div>
   <div class='ocr_carea' id='block_1_115' title="bbox 678 5639 1093 5708">
    <p class='ocr_par' dir='ltr' id='par_1_115' title="bbox 678 5639 1093 5708">
     <span class='ocr_line' id='line_1_115' title="bbox 678 5639 1093 5708; baseline 0.007 -16"><span class='ocrx_word' id='word_1_848' title='bbox 678 5655 824 5708; x_wconf 80' lang='grc' dir='ltr'>μενοι</span> <span class='ocrx_word' id='word_1_849' title='bbox 849 5639 1001 5707; x_wconf 79' lang='grc' dir='ltr'>λόγον</span> <span class='ocrx_word' id='word_1_850' title='bbox 1037 5641 1093 5696; x_wconf 85' lang='grc' dir='ltr'><strong>Ρ.</strong></span> 
     </span>
    </p>
   </div>
   <div class='ocr_carea' id='block_1_116' title="bbox 676 5709 1080 5776">
    <p class='ocr_par' dir='ltr' id='par_1_116' title="bbox 676 5709 1080 5776">
     <span class='ocr_line' id='line_1_116' title="bbox 676 5709 1080 5776; baseline 0.01 -15"><span class='ocrx_word' id='word_1_851' title='bbox 676 5709 722 5744; x_wconf 82' lang='lat'><strong>&quot;</strong></span> <span class='ocrx_word' id='word_1_852' title='bbox 750 5709 943 5776; x_wconf 83' lang='grc' dir='ltr'>λέγωσι</span> <span class='ocrx_word' id='word_1_853' title='bbox 973 5709 1080 5765; x_wconf 71' lang='grc' dir='ltr'>[ιν.</span> 
     </span>
    </p>
   </div>
   <div class='ocr_carea' id='block_1_117' title="bbox 1160 5574 1836 5648">
    <p class='ocr_par' dir='ltr' id='par_1_117' title="bbox 1160 5574 1836 5648">
     <span class='ocr_line' id='line_1_117' title="bbox 1160 5574 1836 5648; baseline 0.021 -25"><span class='ocrx_word' id='word_1_854' title='bbox 1160 5574 1212 5648; x_wconf 44' lang='grc' dir='ltr'><strong>(ξ’-</strong></span> <span class='ocrx_word' id='word_1_855' title='bbox 1233 5574 1694 5648; x_wconf 77' lang='grc' dir='ltr'>ὑπερϐαλλόμενος</span> <span class='ocrx_word' id='word_1_856' title='bbox 1727 5583 1836 5638; x_wconf 80' lang='lat' dir='ltr'><strong>PV.</strong></span> 
     </span>
    </p>
   </div>
   <div class='ocr_carea' id='block_1_118' title="bbox 1158 5715 2182 5798">
    <p class='ocr_par' dir='ltr' id='par_1_118' title="bbox 1158 5715 2182 5798">
     <span class='ocr_line' id='line_1_118' title="bbox 1158 5715 2182 5798; baseline 0.014 -30"><span class='ocrx_word' id='word_1_857' title='bbox 1158 5715 1200 5746; x_wconf 85' lang='grc'>⁷⁸</span> <span class='ocrx_word' id='word_1_858' title='bbox 1227 5716 1557 5788; x_wconf 77' lang='grc' dir='ltr'>Οὐαλεντίνῳ</span> <span class='ocrx_word' id='word_1_859' title='bbox 1587 5721 1645 5776; x_wconf 84' lang='grc' dir='ltr'><strong>Ρ.</strong></span> <span class='ocrx_word' id='word_1_860' title='bbox 1723 5725 1766 5753; x_wconf 74' lang='grc'><strong>⁷³⁵</strong></span> <span class='ocrx_word' id='word_1_861' title='bbox 1793 5715 2043 5798; x_wconf 77' lang='grc' dir='ltr'>Βασιλίδῃ</span> <span class='ocrx_word' id='word_1_862' title='bbox 2077 5728 2182 5782; x_wconf 70' lang='grc' dir='ltr'><strong>ΡΥ.</strong></span> 
     </span>
    </p>
   </div>
   <div class='ocr_carea' id='block_1_119' title="bbox 1913 5586 2269 5642">
    <p class='ocr_par' dir='ltr' id='par_1_119' title="bbox 1913 5586 2269 5642">
     <span class='ocr_line' id='line_1_119' title="bbox 1913 5586 2269 5642; baseline 0.011 -4"><span class='ocrx_word' id='word_1_863' title='bbox 1913 5586 1959 5616; x_wconf 77' lang='grc'>⁸³</span> <span class='ocrx_word' id='word_1_864' title='bbox 1986 5587 2045 5639; x_wconf 84' lang='grc' dir='ltr'><strong>τὸ</strong></span> <span class='ocrx_word' id='word_1_865' title='bbox 2077 5604 2182 5642; x_wconf 90' lang='lat' dir='ltr'><strong>om.</strong></span> <span class='ocrx_word' id='word_1_866' title='bbox 2211 5590 2269 5642; x_wconf 80' lang='grc' dir='ltr'><strong>Ρ.</strong></span> 
     </span>
    </p>
   </div>
   <div class='ocr_carea' id='block_1_120' title="bbox 1172 5645 3809 5738">
    <p class='ocr_par' dir='ltr' id='par_1_120' title="bbox 1172 5645 3809 5738">
     <span class='ocr_line' id='line_1_120' title="bbox 1172 5645 3809 5738; baseline 0.002 -22"><span class='ocrx_word' id='word_1_867' title='bbox 1172 5645 1523 5738; x_wconf 33' lang='grc' dir='ltr'><strong>ξτξῇξηοξξδῖᾩν</strong></span> <span class='ocrx_word' id='word_1_868' title='bbox 1551 5652 1625 5738; x_wconf 41' lang='grc' dir='ltr'><strong>ΡΑ</strong></span> <span class='ocrx_word' id='word_1_869' title='bbox 1692 5654 1740 5738; x_wconf 44' lang='lat' dir='ltr'><strong>“ﬁ</strong></span> <span class='ocrx_word' id='word_1_870' title='bbox 1751 5654 1909 5738; x_wconf 60' lang='grc' dir='ltr'><strong>ῥῆξιθν</strong></span> <span class='ocrx_word' id='word_1_871' title='bbox 2072 5645 2468 5738; x_wconf 39' lang='grc' dir='ltr'>ξξπξέύαγγελίῳί</span> <span class='ocrx_word' id='word_1_872' title='bbox 2490 5645 2604 5729; x_wconf 72' lang='lat' dir='ltr'><strong>vui,</strong></span> <span class='ocrx_word' id='word_1_873' title='bbox 2627 5667 2712 5720; x_wconf 64' lang='grc'><strong>54.</strong></span> <span class='ocrx_word' id='word_1_874' title='bbox 2794 5670 2835 5698; x_wconf 67' lang='grc' dir='ltr'><strong>⁷ο</strong></span> <span class='ocrx_word' id='word_1_875' title='bbox 2853 5671 2879 5719; x_wconf 84' lang='grc' dir='ltr'>ὀ</span> <span class='ocrx_word' id='word_1_876' title='bbox 2901 5669 3194 5723; x_wconf 76' lang='grc' dir='ltr'>δὲ-αἰῶνα</span> <span class='ocrx_word' id='word_1_877' title='bbox 3212 5687 3320 5726; x_wconf 91' lang='lat' dir='ltr'><strong>om.</strong></span> <span class='ocrx_word' id='word_1_878' title='bbox 3348 5673 3408 5727; x_wconf 87' lang='lat' dir='ltr'><strong>P.</strong></span> <span class='ocrx_word' id='word_1_879' title='bbox 3483 5673 3520 5704; x_wconf 78' lang='grc'>⁷⁸</span> <span class='ocrx_word' id='word_1_880' title='bbox 3542 5663 3720 5738; x_wconf 67' lang='grc' dir='ltr'>πρώτῃη</span> <span class='ocrx_word' id='word_1_881' title='bbox 3747 5649 3809 5706; x_wconf 65' lang='lat' dir='ltr'>m</span> 
     </span>
    </p>
   </div>
   <div class='ocr_carea' id='block_1_121' title="bbox 2348 5578 3817 5665">
    <p class='ocr_par' dir='ltr' id='par_1_121' title="bbox 2348 5578 3817 5665">
     <span class='ocr_line' id='line_1_121' title="bbox 2348 5578 3817 5665; baseline 0.012 -22"><span class='ocrx_word' id='word_1_882' title='bbox 2348 5592 2455 5665; x_wconf 39' lang='grc' dir='ltr'><strong>μ’νῆ</strong></span> <span class='ocrx_word' id='word_1_883' title='bbox 2494 5595 2881 5665; x_wconf 78' lang='grc' dir='ltr'>παραδιδόντας</span> <span class='ocrx_word' id='word_1_884' title='bbox 2901 5615 3006 5651; x_wconf 80' lang='lat' dir='ltr'><strong>out.</strong></span> <span class='ocrx_word' id='word_1_885' title='bbox 3049 5599 3109 5652; x_wconf 86' lang='lat' dir='ltr'><strong>P.</strong></span> <span class='ocrx_word' id='word_1_886' title='bbox 3186 5601 3230 5632; x_wconf 68' lang='grc'><strong>⁸⁵</strong></span> <span class='ocrx_word' id='word_1_887' title='bbox 3253 5602 3471 5656; x_wconf 86' lang='grc' dir='ltr'>ἐκείνων</span> <span class='ocrx_word' id='word_1_888' title='bbox 3505 5599 3558 5652; x_wconf 73' lang='lat' dir='ltr'><strong>V.</strong></span> <span class='ocrx_word' id='word_1_889' title='bbox 3628 5593 3666 5665; x_wconf 70' lang='lat'><strong>_&quot;</strong></span> <span class='ocrx_word' id='word_1_890' title='bbox 3690 5578 3817 5665; x_wconf 50' lang='lat'><strong>“&quot;57?</strong></span> 
     </span>
    </p>
   </div>
  </div>
