4096 6296
233 336 331 401 941

1412 337 1841 396 CHRONICON
1887 338 2285 397 PASCHALE.

3371 335 3470 397 342

234 447 520 519 Πατέρων,
561 442 641 511 οἷς
670 448 715 479 ⁷⁸
747 448 795 501 εί
825 447 900 517 μὴ
930 446 1208 517 βούλονται
1240 448 1520 502 πείθεσθαι
1552 450 1625 511 ὡς
1652 452 1803 519 αἱρε-

1911 451 2037 505 bant
2070 451 2351 505 catholica:
2404 447 2657 503 Ecclesia:
2699 449 2966 512 doctores,
3002 463 3070 501 ne
3112 446 3472 517 simpliciores

232 544 376 594 τικοὶ
406 543 455 593 oi
481 540 672 593 τούτου
697 540 1160 611 ἀντιποιούμενοι,
1201 544 1266 610 τῇ
1295 541 1425 607 γοῦν
1461 544 1591 612 παρ’
1623 542 1805 595 αὐτῶν

232 632 600 702 ἐκδικουμὲνῃ
646 631 832 683 ἀσεϐεῖ
860 633 1114 702 ἐπιστολῇ
1174 633 1639 695 πιστευσάτωσαν,
1684 634 1804 702 ἣτις

230 727 280 775 εἰ
315 725 410 776 καὶ
449 724 516 777 τὰ
550 724 783 793 μάλιστα
822 724 1096 795 Θεόδωρον
1131 724 1352 785 ἐκδικεί,
1376 726 1523 794 ὅμως
1558 728 1803 795 φανερῶς

231 816 381 880 λέγει
407 816 489 867 ὅτι
522 814 614 866 καί¹
649 816 736 867 ἐπ’
776 816 1109 884 Ἐκκλησίας
1156 816 1307 886 παρά
1337 817 1507 883 ἁγίων
1548 818 1804 887 Πατέρων

235 907 643 976 ἀνεθεματίσοη
678 909 724 938 ⁷⁸
758 923 771 935 ·
803 908 897 960 καὶ
925 908 985 972 ἐξ
1021 907 1230 960 ἐκείνου
1261 908 1427 979 πολλὴ
1455 909 1679 979 ζήτησις
1710 909 1802 975 γέ-

235 1015 392 1061 γονεν
426 998 693 1068 περὶτῶν
734 998 897 1051 αὐτοῦ
938 1000 1407 1069 συγγραμμάτων,
1434 999 1509 1062 ὡς
1552 999 1804 1063 ἀσεϐείας

233 1076 480 1156 δηλᾶνότι
507 1090 972 1161 πεπληρωμένων.
996 1090 1165 1143 Τοῦτο
1191 1090 1247 1143 δέ
1269 1091 1483 1144 ἐποίουν
1508 1091 1803 1160 τηνικαῦτα

234 1185 284 1235 οἱ
312 1183 416 1253 τῆς
462 1183 757 1254 καθολικῆς
818 1183 1142 1254 Ἐκκλησίας
1188 1183 1498 1237 διδάσκαλοι
1552 1186 1617 1250 ⁷⁷,
1648 1186 1731 1254 ἐφ’
1760 1178 1804 1251 ᾧ

238 1274 314 1344 μὴ
374 1275 502 1337 τοὺς
543 1274 943 1342 ἁπλουστέρους
1001 1274 1369 1344 τυγχάνοντας
1421 1278 1532 1339 τοῖς
1594 1275 1801 1328 ἐκείνου

234 1364 462 1419 ἀσεϐέσι
499 1366 894 1436 συγγράμμασι
928 1366 1026 1435 τῆς
1057 1367 1105 1397 ⁷⁸
1142 1366 1308 1438 ὀρθῆς
1352 1366 1802 1438 παρατρέπεσθαι

232 1456 497 1519 πίστεως.
535 1458 656 1510 ’ὐτι
694 1458 751 1511 δέ
795 1459 843 1510 οί
876 1459 922 1489 ⁷⁸
955 1458 1171 1520 ἀσεϐεῖς
1201 1460 1249 1510 εί
1303 1459 1398 1511 καὶ
1436 1460 1509 1528 μὴ
1544 1459 1633 1511 τὸν
1662 1459 1803 1511 κατὰ

233 1548 530 1618 πρόσωπον
551 1549 608 1599 ἐν
629 1548 740 1618 ζωῇ
770 1548 1011 1615 δέξονται
1042 1548 1503 1619 ἀναθεματισμὸν,
1531 1550 1678 1619 ὅμως
1709 1549 1802 1601 καὶ⁵

235 1642 377 1711 μετά
413 1640 644 1695 Θάνατον
675 1639 1164 1709 ἀναθεματίζονται
1216 1640 1320 1693 ὑπὸ
1366 1641 1466 1710 τῆς
1507 1640 1801 1710 καθολικῆς

244 1730 579 1799 Ἐκκλησίας
635 1729 910 1783 δείκνυται
948 1730 1013 1783 ἐκ
1072 1730 1180 1782 τῶν
1212 1730 1384 1798 ἁγίων
1443 1731 1693 1785 συνόδων.
1734 1732 1797 1783 ’11

1907 544 2147 613 legentes
2189 543 2335 596 illius
2378 542 2541 611 impia
2570 541 2895 609 conscripta,
2926 555 2957 593 a
2990 549 3135 594 recta
3176 540 3281 595 ﬁde
3308 542 3472 596 decli-

1907 645 2121 690 narent.
2170 635 2328 701 Quod
2374 645 2556 690 autem
2618 634 2793 703 impii,
2851 634 2979 689 licet
3030 649 3138 687 non
3190 639 3245 687 in
3279 635 3469 689 vitain

1906 745 2058 782 suam
2111 743 2399 798 personam
2451 728 2739 782 anathema
2791 728 3147 797 susceperint,
3195 737 3379 781 tamen
3418 737 3474 781 et

1906 830 2028 888 post
2066 828 2296 873 mortem
2342 820 2868 873 anathematizentur
2891 835 2920 871 a
2944 819 3205 873 catholica
3236 820 3473 873 Ecclesia

1903 914 2212 967 ostenditur
2251 928 2281 966 a
2333 912 2533 966 sanctis
2584 911 2824 981 synodis.
2875 911 3092 965 Nieazna
3129 912 3272 964 enim
3313 927 3473 981 syno-

1904 1004 2007 1059 dus
2030 1021 2124 1060 eos
2161 1005 2252 1075 qui
2297 1004 2445 1074 impii
2482 1002 2595 1057 Arii
2634 1012 2835 1057 sectam
2884 1003 3088 1065 colunt,
3109 1004 3226 1057 sine
3256 1003 3475 1057 nomine

1904 1098 2400 1151 anathematizavit.
2441 1096 2570 1162 Qua:
2620 1106 2799 1149 autem
2844 1096 3308 1164 Constantinopoli
3342 1111 3475 1150 con-

1905 1198 2122 1258 gregata
2162 1196 2275 1253 est,
2319 1188 2538 1256 impiam
2577 1187 2874 1241 Macedonii
2914 1188 3164 1240 haeresim
3227 1187 3476 1241 similiter

1906 1280 2322 1333 condemnavit:
2354 1279 2450 1332 sed
2496 1287 2677 1331 tamen
2733 1287 2919 1331 sancta
2982 1278 3074 1332 Dei
3131 1277 3366 1332 Ecclesia
3422 1286 3477 1331 et

1905 1378 2025 1439 post
2074 1379 2310 1423 mortem
2367 1368 2553 1422 Arium
2610 1378 2667 1422 et
2720 1368 3091 1423 Macedonium
3155 1369 3473 1424 nominatim

1904 1461 2325 1515 anathematizat
2340 1459 2881 1531 [anathematizavit].
2900 1460 3031 1514 Cum
3057 1469 3236 1514 autem
3252 1476 3314 1515 ex
3334 1461 3475 1513 mul-

1906 1552 1975 1605 tis
2007 1551 2420 1621 probationibus
2458 1550 2860 1605 convincuntur
2885 1591 2897 1613 ,
2950 1549 3096 1619 quod
3140 1565 3477 1619 supervacue

1904 1652 1959 1697 et
2000 1644 2164 1713 impie
2197 1649 2366 1713 agunt
2400 1642 2493 1712 qui
2528 1641 2871 1696 Theodorum
2911 1650 2968 1695 et
2996 1642 3325 1711 impietatem
3358 1642 3478 1711 ejus

1904 1735 2220 1798 defendunt,
2256 1736 2322 1789 ad
2346 1734 2503 1787 aliam
2537 1749 2727 1788 vanam
2768 1734 3108 1788 occasionem
3139 1732 3474 1803 confugiunt,

234 1822 333 1892 μὲν
362 1822 477 1891 γάρ
510 1824 566 1875 ἐν
596 1821 802 1893 Νικαίᾳ
830 1824 955 1885 τοὺς
988 1823 1049 1875 τὸ
1079 1812 1273 1885 ἀσεϐὲς
1314 1824 1523 1893 Ἀρείου
1552 1824 1805 1893 φρόνημα

1911 1829 2156 1882 dicentes
2196 1843 2307 1881 non
2337 1834 2590 1896 oportere
2618 1842 2742 1880 eum
2778 1825 3221 1879 anathematizari
3247 1841 3311 1879 eo
3334 1826 3477 1895 quod

228 1909 637 1979 πρεσϐεύοντας
663 1910 960 1979 ἀνωνύμως
981 1912 1391 1981 ἀνεθεμάτισεν,
1421 1914 1454 1982 ἡ
1481 1911 1537 1965 δὲ
1566 1914 1623 1964 ἐν
1648 1914 1799 1965 Κων-

231 2003 676 2057 σταντινουπόλει
706 2006 804 2074 τὴν
826 2004 1161 2057 Μακεδονίου
1182 2004 1551 2075 ἀσεϐεστάτην
1569 2005 1687 2077 αἶρε
1698 2022 1801 2057 σιν·

228 2094 345 2147 ἀλλ’
386 2096 594 2165 ὅμωςὴ
624 2094 757 2163 ἀγία
781 2095 871 2148 τοῦ
897 2096 1032 2149 Θεοῦ
1082 2096 1375 2166 Ἐκκλησία
1402 2097 1496 2149 καὶ
1539 2098 1674 2165 μετά
1704 2097 1802 2149 θά-

231 2204 393 2239 νατον
434 2188 658 2257 Ἀρειον
717 2188 809 2240 καὶ
840 2186 1173 2242 Μακεδόνιον
1226 2189 1485 2258 ὀνομαστὶ
1531 2188 1805 2258 ἀναθεμα-

229 2278 393 2341 τίζει.
443 2279 538 2332 Ἐκ
583 2278 791 2332 πολλῶν
824 2279 881 2332 δέ
934 2280 1044 2331 τῶν
1080 2278 1411 2344 ἀποδείξεων
1459 2279 1805 2349 ἐλεγχόμενοι

230 2371 304 2433 ὡς
334 2370 601 2424 ἀσεϐοῦσι
632 2371 884 2442 διακενῆς
908 2372 952 2402 ⁸ο
981 2372 1031 2424 οί
1078 2370 1357 2443 Θεοδώρου
1396 2364 1492 2425 καὶ
1537 2373 1637 2442 τῆς
1676 2375 1803 2426 ἀσε-

231 2464 388 2528 ϐείας
426 2463 592 2516 αὐτοῦ
645 2463 1101 2533 ἀντιποιούμενοι,
1356 2465 1441 2533 ἐφ’
1477 2465 1670 2537 ἑτέραν
1701 2483 1805 2534 μα-

228 2558 393 2609 ταίαν
452 2557 726 2626 πρόφασιν
776 2555 1206 2626 καταφεύγουσι,
1276 2557 1531 2625 λέγοντες
1584 2557 1658 2627 μὴ
1695 2558 1806 2610 δεῖν

233 2648 404 2701 αὑτὸν
457 2647 959 2718 ἀναθεματισθῆναι
1006 2648 1094 2701 διὰ
1124 2648 1186 2700 τὸ
1221 2650 1278 2701 ἐν
1309 2651 1375 2719 τῇ
1426 2649 1677 2720 κοινωνίᾳ
1700 2649 1806 2701 τῶν

250 2738 596 2807 Ἐκκλησιῶν
625 2738 1091 2808 τετελευτηκέναι.
1128 2739 1352 2793 Ἔδειδέ
1386 2740 1580 2803 αὐτοὺς
1607 2740 1807 2794 εἰδέναι

230 2830 305 2892 ὡς
361 2832 568 2883 ἐκεῖνοι
617 2830 942 2883 τελευτῶσιν
1004 2833 1062 2884 ἐν
1111 2834 1177 2902 τῇ
1217 2833 1471 2903 κοινωνίᾳ
1509 2832 1617 2885 τῶν
1687 2834 1808 2885 Ἐκ-

233 2922 477 2992 κλησιῶν
504 2923 554 2975 οἱ
597 2923 658 2976 τὸ
695 2922 876 2976 κοινὸν
902 2925 1000 2993 τῆς
1046 2923 1331 2986 εὐσεϐείας
1385 2924 1561 2994 δόγμα
1611 2925 1673 2977 τὸ
1716 2926 1811 2978 ἐπὶ

232 3016 330 3083 τῆς
375 3014 675 3084 καθολικῆς
706 3014 1108 3086 κηρυττόμενον
1148 3016 1472 3085 Ἐκκλησίας
1510 3016 1669 3086 μέχρι
1712 3016 1802 3069 τέ-

1910 1923 1964 1976 in
1998 1921 2491 1976 communicatione
2520 1918 2884 1973 Ecclesiarum
2916 1928 3163 1973 mortuus
3178 1928 3279 1974 est.
3304 1918 3481 1988 Opor-

1910 2015 2059 2067 tebat
2088 2023 2265 2066 autem
2290 2012 2428 2066 scire
2442 2027 2555 2077 eos,
2571 2012 2713 2081 quod
2736 2011 2810 2064 illi
2828 2011 3137 2064 moriuntur
3158 2011 3211 2063 in
3234 2026 3480 2065 cominu-

1908 2106 2181 2159 nicatione
2204 2104 2584 2165 Ecclesiarum,
2612 2103 2701 2173 qui
2722 2119 3009 2157 commune
3031 2103 3246 2171 pietatis
3266 2103 3481 2172 dogma,

1899 2197 2042 2265 quod
2084 2195 2135 2248 in
2186 2194 2475 2249 universali
2524 2194 2763 2248 Ecclesia
2798 2194 3140 2262 praedicatur,
3205 2208 3377 2262 usque
3414 2194 3481 2245 ad

1904 2288 2066 2341 ﬁnem
2093 2296 2475 2340 servaverunt.
2508 2284 2614 2340 lste
2648 2295 2830 2341 autem
2869 2302 3041 2355 usque
3074 2287 3139 2339 ad
3172 2298 3399 2339 mortem
3428 2286 3479 2338 in

1910 2393 2008 2432 sua
2048 2393 2377 2446 permanens
2409 2377 2708 2447 impietate,
2734 2377 2803 2431 ab
2825 2378 2973 2431 omni
3006 2376 3244 2431 Ecclesia
3276 2378 3485 2441 ejectus

1903 2481 2006 2523 est.
2050 2469 2237 2538 Itaque
2274 2478 2330 2522 et
2350 2469 2530 2521 omnis
2560 2468 2841 2537 plenitudo
2875 2467 3269 2537 Mopsuestenaa
3299 2465 3485 2521 Eccle-

1905 2560 2020 2622 siae,
2072 2560 2125 2613 in
2161 2576 2265 2629 qua
2290 2559 2578 2629 episcopus
2604 2558 2801 2613 dicitur
2822 2557 3012 2619 fuisse,
3040 2574 3163 2611 cum
3190 2557 3489 2613 invenisset

1905 2653 2049 2723 quod
2090 2653 2314 2722 paganis
2357 2661 2413 2706 et
2449 2652 2651 2706 Iudaeis
2701 2660 2758 2705 et
2801 2650 3168 2704 Sodomitanis
3207 2666 3236 2703 a
3283 2649 3489 2704 sanctis

1905 2743 2160 2798 Patribus
2212 2751 2637 2797 cennumeratus
2666 2749 2769 2804 est,
2803 2740 3126 2795 deleverunt
3160 2740 3259 2809 ipsi
3299 2755 3364 2793 ex
3396 2740 3488 2793 illo

1906 2854 1936 2891 a
1967 2838 2134 2891 sacris
2164 2836 2417 2890 Ecclesiae
2458 2832 2725 2905 diptychis
2753 2833 2872 2902 ejus
2898 2848 3118 2896 nomen,
3163 2833 3301 2886 sicut
3338 2842 3489 2902 gesta

1908 2929 1974 2983 de
2005 2929 2108 2982 hoc
2154 2928 2207 2980 in
2254 2926 2443 2981 eadem
2484 2926 2701 2979 civitate
2748 2925 2891 2994 apud
2946 2924 3235 2978 concilium
3272 2922 3488 2991 episco—

1909 3028 2101 3084 porum
2131 3013 2276 3066 illius
2305 3011 2597 3082 provincia:
2618 3010 2864 3071 contecta
2893 3010 3208 3064 ostendunt.

232 3092 358 3172 λους
409 3105 767 3177 φυλάξαντες.
818 3098 985 3167 Οὗτος
1028 3106 1085 3159 δέ
1134 3109 1201 3177 τῇ
1240 3107 1416 3176 οἰκείᾳ
1462 3108 1848 3179 ἐντελευτησας
1890 3106 2117 3176 ἀσεϐείᾳ
2157 3104 2265 3160 ἀπὸ
2313 3105 2497 3173 πάσης
2550 3104 2877 3175 Ἐκκλησίας
2929 3103 3216 3173 ἐξεϐλήθη.
3272 3100 3490 3172 Ἀμέλει

233 3217 316 3254 τοι
348 3200 445 3253 καὶ
500 3199 607 3252 πᾶν
655 3196 715 3250 τὸ
769 3196 1041 3268 πλήρωμα
1108 3198 1207 3267 τῆς
1247 3199 1303 3251 ἐν
1346 3198 1734 3269 Μομψουεστία
1763 3200 1804 3231 ⁸⁸
1852 3192 2339 3268 Ἐκκλησίας,ἐνῇ
2373 3196 2593 3265 λέγεται
2642 3196 2939 3261 ἐπίσκοπος
2998 3195 3345 3265 γεγενῆσθαι,
3402 3196 3493 3249 διὰ

242 3294 339 3354 τὰς
376 3288 751 3360 βλασφημίας,
792 3287 858 3339 δι’
884 3287 1062 3355 ἅσπερ
1093 3287 1322 3356 Ἕλλησί
1338 3304 1397 3339 τε
1425 3287 1521 3340 καὶ
1556 3286 1820 3349 Ἰουδαίοις
1854 3288 1950 3341 καὶ
1995 3285 2315 3354 Σοδομίταις
2361 3284 2515 3353 παρά
2563 3283 2672 3336 τῶν
2727 3284 2895 3352 ἁγίων
2956 3283 3207 3354 πατέρων
3247 3284 3494 3356 συνηριθο

242 3385 414 3455 μήοη,
450 3380 764 3450 ἀπήλειψαν
794 3379 837 3411 ⁸²
868 3376 927 3441 ἐξ
988 3378 1200 3433 ἐκείνου
1246 3377 1355 3429 τῶν
1409 3377 1569 3449 ἱερῶν
1611 3376 1709 3445 τῆς
1772 3375 2097 3447 Ἐκκλησίας
2144 3372 2419 3441 διπτύχων
2456 3372 2556 3443 τὴν
2596 3370 2787 3424 τούτου
2829 3372 3223 3442 προσηγορίαν,
3279 3372 3355 3436 ὡς
3424 3376 3493 3429 τὰ

248 3478 377 3547 περὶ
406 3475 601 3529 τούτου
634 3473 905 3526 συστάντα
953 3472 1095 3524 κατά
1131 3470 1231 3540 τὴν
1263 3470 1431 3541 αὐτὴν
1462 3471 1615 3523 πόλιν
1668 3472 1818 3540 παρά
1846 3472 1913 3541 τῇ
1954 3468 2157 3537 συνόδῳ
2185 3468 2283 3534 τῆς
2314 3467 2589 3536 ἐπαρχίας
2622 3466 2992 3535 ὑπομνήματα
3023 3466 3310 3521 δείκνυσιν.

311 3589 331 3619 ι
362 3566 732 3633 Θαυμάζομεν
778 3565 956 3615 τοίνυν
999 3563 1124 3624 τοὺς
1168 3560 1513 3624 ἐκδικοῦντας
1542 3561 1817 3630 Θεόδωρον
1844 3567 1885 3621 C

238 3659 645 3727 οἰκειουμένους
674 3655 832 3707 αὐτόν
861 3671 919 3706 τε
946 3654 1039 3706 καὶ
1063 3654 1162 3723 τὴν
1192 3653 1355 3705 αὑτοῦ
1382 3652 1656 3716 ἀσέϐειαν,
1681 3653 1813 3705 ὅπου

240 3768 301 3819 γε
338 3751 373 3819 ἠ
422 3744 719 3815 Ἐκκλησία
754 3747 810 3797 ἐν
922 3744 1146 3811 γέγονεν
1177 3744 1475 3805 ἐπίσκοπος
1504 3744 1578 3805 ὡς
1612 3746 1815 3813 αἱρετι-

241 3842 333 3895 κὸν
364 3843 430 3893 ἐκ
464 3837 678 3891 πολλῶν
706 3836 814 3889 τῶν
844 3834 1047 3905 χρόνων
1092 3834 1251 3887 αὐτὸν
1298 3833 1602 3887 ἀπεϐάλετο
1621 3834 1816 3888 ⁸³.”υτι

240 3935 295 3988 δὲ
328 3934 424 3986 ἐπὶ
455 3930 779 4000 κατακρίσει
808 3926 985 3998 οἰκείᾳ
1018 3926 1113 3997 τὴν
1140 3924 1395 3994 τοιαύτην
1427 3925 1815 3996 προϐάλλονται

241 4027 522 4100 πρόφασιν
545 4024 596 4075 οἱ
615 4020 890 4089 Θεόδωρον
910 4016 1249 4080 ἐκδικοῦντες
1280 4017 1454 4080 ἔξεστι
1487 4016 1689 4082 γνῶναι
1724 4016 1817 4069 καὶ

242 4120 301 4186 ἐξ
336 4115 508 4171 αὑτοῦ
558 4112 653 4167 τοῦ
703 4112 795 4164 ἐπὶ
816 4110 856 4141 ³⁸
890 4110 1062 4163 Ἰούδα
1095 4108 1387 4177 γενομένου
1419 4106 1651 4177 φοϐεροῦ
1696 4106 1816 4177 κρί-

247 4227 435 4279 ματος.
456 4206 694 4267 Ἐκεῖνος
725 4203 835 4274 γὰρ
865 4201 1091 4273 νομίσας
1118 4200 1405 4253 λανθάνειν
1435 4198 1525 4251 τὸν
1575 4198 1643 4251 τά
1685 4216 1817 4270 κρυ-

247 4303 358 4356 πτά
390 4301 503 4355 τῶν
531 4294 833 4369 ἀνθρώπων
860 4293 1197 4363 γινώσκοντα
1223 4290 1549 4361 ἐκοινώνησε
1578 4291 1688 4344 τῶν
1716 4309 1818 4361 μυ-

247 4397 487 4467 στηρίων
538 4396 649 4455 τοῖς
698 4388 1035 4451 ἀποστόλοις.
1073 4386 1211 4439 Ἀλλ’
1258 4387 1407 4454 ὅμως
1458 4385 1609 4437 ούδέν
1657 4385 1817 4437 αὐτὸν

248 4487 456 4557 ῶνησεν
499 4486 592 4537 καὶ
642 4484 737 4553 ή⁸⁸
786 4482 922 4551 μετά
980 4479 1318 4550 ὑποκρίσεως
1372 4478 1646 4541 κοινωνία,
1691 4476 1819 4531 ἀλλ’

250 4579 364 4631 ούδέ
400 4577 460 4629 τὸ
485 4576 580 4629 καὶ
612 4575 748 4644 μετά
779 4572 1007 4626 Θάνατον
1036 4568 1201 4624 αὐτοῦ
1232 4568 1433 4622 δώδεκα
1454 4568 1817 4638 ὀνομασθῆναι

251 4670 372 4729 τοὺς
414 4665 682 4737 μαθητὰς,
716 4662 791 4726 ῶς
819 4679 981 4732 φησιν
1016 4660 1265 4730 Ἰωάννης
1287 4660 1332 4691 ⁸⁸
1369 4660 1397 4712 ό
1432 4658 1818 4727 εὐαγγελιστὴς

252 4760 419 4827 λέγων
440 4776 456 4789 ·
499 4755 705 4825 Θωμᾶς
731 4755 799 4807 δὲ
839 4757 871 4808 ό
911 4755 1234 4822 λεγόμενος
1262 4751 1537 4820 Δίδυμος,
1580 4746 1668 4816 εἷς
1700 4749 1820 4803 τῶν

254 4852 350 4914 ιβ’,
386 4853 501 4903 οὐκ
526 4844 604 4917 ἦν
624 4846 749 4915 μετ’
780 4844 975 4899 αὐτῶν
1004 4844 1101 4913 ὅτε
1125 4839 1310 4913 ἦλθεν
1337 4846 1368 4896 ό
1386 4841 1643 4909 Ἰησοῦς,
1669 4841 1701 4912 ἢ
1730 4841 1817 4905 ἐξ-

1994 3579 2012 3610 (
2054 3558 2311 3611 Miramur
2364 3556 2529 3627 igitur
2574 3556 2843 3610 Theodori
2898 3572 3191 3625 sequaces,
3226 3560 3318 3627 qui
3364 3577 3491 3616 eum

1917 3659 1974 3703 et
2013 3649 2347 3718 impietatem
2378 3648 2498 3716 ejus
2532 3656 2785 3715 tanquam
2816 3663 2967 3701 suam
3003 3648 3331 3713 defendunt,
3365 3668 3491 3706 cum

1919 3742 2192 3802 Ecclesia,
2227 3741 2279 3793 in
2311 3756 2414 3809 qua
2463 3740 2567 3793 fuit
2595 3740 2913 3808 episcopus,
2949 3750 3136 3809 utpote
3176 3742 3491 3799 litereticum

1917 3845 1984 3881 ex
2038 3829 2225 3882 multis
2284 3829 2619 3897 temporibus
2688 3844 2811 3882 eum
2869 3829 3093 3896 ejecerit
3142 3828 3344 3899 [‘cjecit.
3414 3834 3491 3886 ita

1917 3920 2157 3992 Leuucl.]
2213 3920 2368 3985 Quod
2418 3932 2597 3973 autem
2653 3922 2719 3975 ad
2768 3920 3275 3976 condemnationem
3338 3940 3493 3979 suam

1920 4011 2078 4063 talem
2110 4010 2449 4063 occasionem
2480 4018 2794 4079 proponunt
2832 4010 3146 4063 defensores
3185 4010 3490 4075 Theodori.

1918 4103 2056 4156 scire
2102 4102 2228 4155 licet
2270 4110 2325 4155 et
2357 4117 2420 4154 ex
2474 4103 2592 4170 ipso
2640 4102 2900 4156 adversus
2953 4101 3146 4155 Judam
3194 4102 3337 4157 facto
3381 4112 3493 4157 tre-

1920 4192 2117 4247 mendo
2144 4192 2367 4260 judicio.
2392 4191 2485 4245 llle
2519 4192 2663 4245 enim
2700 4206 2824 4245 cum
2861 4200 3104 4259 putasset
3152 4193 3319 4247 latere
3367 4211 3492 4249 eum

1917 4286 2008 4355 qui
2044 4286 2253 4339 occulta
2294 4284 2575 4337 hominum
2602 4285 2915 4355 cognoscit,
2954 4287 3310 4341 sacramentis
3338 4304 3481 4342 com-

1918 4378 2213 4432 municavit
2238 4394 2359 4431 cum
2388 4377 2647 4446 apostolis
2680 4395 2691 4430 :
2728 4377 2821 4430 sed
2868 4388 3048 4433 tamen
3096 4380 3230 4433 nihil
3264 4380 3314 4434 ei
3366 4397 3489 4450 pro.

1919 4471 2021 4525 fuit
2062 4470 2205 4540 quod
2254 4485 2376 4522 cum
2408 4470 2531 4523 dolo
2561 4470 3005 4526 communicavit.
3044 4473 3149 4526 Sed
3198 4473 3327 4527 licet
3372 4483 3490 4543 post

1919 4574 2147 4618 mortem
2220 4563 2335 4632 ejus
2397 4562 2680 4616 duodecim
2738 4563 2999 4617 nominati
3058 4566 3165 4619 sint
3203 4566 3488 4637 discipuli,

1920 4659 2059 4712 sicut
2102 4656 2347 4711 Joannes
2398 4656 2725 4727 evangelista
2763 4656 2894 4710 dicit
2943 4674 2957 4710 :
3010 4656 3230 4711 Thomas
3278 4670 3491 4723 autem,

1920 4751 2008 4821 qui
2040 4750 2297 4818 Didymus
2328 4750 2617 4813 dicebatur,
2650 4766 2782 4803 unus
2812 4766 2876 4804 ea:
2908 4751 3213 4816 duodecim,
3247 4769 3346 4805 non
3378 4764 3492 4808 erat

1920 4860 2034 4895 cum
2070 4843 2198 4910 ipsis
2260 4843 2471 4911 quando
2505 4843 2642 4895 venit
2699 4842 2963 4913 [venerat.
3015 4844 3089 4896 sic
3144 4854 3192 4897 et
3254 4845 3491 4919 Leuncl.]

252 4946 395 5013 αιρεί
446 4941 540 4993 τὸν
582 4939 779 4992 Ἰούδαν
828 4939 926 5007 τῆς
972 4936 1368 5003 κατακρίσεως,
1400 4935 1433 5004 ἢ
1470 4935 1810 5004 συναριθμεῖ-

1920 4936 2069 4989 Jesus
2100 4952 2116 4988 :
2158 4944 2336 4988 tamen
2373 4935 2476 4988 hoc
2508 4950 2616 4987 non
2656 4936 2847 4989 liberat
2876 4935 3069 4989 Judam
3100 4951 3128 4989 a
3160 4938 3490 4992 condemna-

256 5035 375 5086 σοαι
402 5034 550 5085 ποιεῖ
577 5032 687 5093 τοῖς
718 5028 1053 5090 ἀποστόλοις.
1080 5026 1296 5096 Ἀμέλει
1328 5042 1407 5077 τοι
1436 5026 1574 5094 μετά
1599 5024 1696 5094 τὴν
1722 5023 1815 5076 τοῦ

257 5126 458 5195 Κυρίου
488 5122 751 5193 ἀνάληψιν
779 5122 828 5174 oi
855 5119 1141 5173 ἀπόστολοι
1186 5118 1256 5171 δι’
1283 5118 1487 5179 οἰκείας
1512 5115 1691 5186 ψήφου
1728 5118 1817 5167 τὸν

256 5216 413 5267 αὑτὸν
451 5213 650 5266 Ἰούδαν
695 5214 788 5265 καὶ
842 5211 977 5281 μετά
1024 5209 1253 5262 θάνατον
1290 5206 1672 5270 κατεδίκασαν,
1724 5206 1817 5258 κα)⁸

256 5305 438 5374 ἕτερον
490 5304 881 5373 ἀντεισήγαγον
902 5300 1114 5354 ⁸⁷.Ὄτι
1159 5298 1215 5350 δὲ
1267 5296 1500 5367 ματαίαν
1548 5296 1817 5365 πρόφασιν

258 5394 647 5464 προϐάλλονται
675 5394 924 5461 λέγοντες
954 5393 1028 5461 μὴ
1053 5390 1162 5443 δεῖν
1187 5389 1312 5450 τοὺς
1340 5387 1706 5449 τελευτῶντας
1733 5388 1818 5438 αί-

1924 5026 2069 5079 tione
2091 5066 2105 5088 ,
2136 5035 2229 5079 aut
2261 5027 2642 5079 connumerari
2692 5026 2823 5079 facit
2869 5028 3147 5095 apostolis.
3181 5028 3336 5083 Unde
3370 5038 3491 5099 post

1922 5117 2295 5169 ascensionem
2328 5115 2539 5169 Domini
2565 5156 2579 5177 ,
2611 5116 2837 5185 apostoli
2864 5132 2962 5185 per
2991 5133 3141 5171 suam
3167 5121 3493 5174 sententiam

1924 5205 2173 5259 eumdem
2218 5204 2409 5259 Judam
2458 5204 2621 5257 etiam
2656 5213 2779 5271 post
2824 5214 3052 5261 mortem
3098 5206 3496 5259 condemnave-

1924 5302 2054 5347 runt
2075 5336 2089 5355 .
2121 5305 2175 5349 et
2202 5296 2366 5348 alium
2396 5310 2494 5364 pro
2526 5294 2616 5348 illo
2645 5294 3083 5349 introduxerunt.
3114 5294 3266 5361 Quod
3315 5304 3496 5350 autem

1926 5402 2119 5440 vanam
2175 5386 2385 5458 [unam]
2435 5386 2778 5441 occasionem
2838 5397 3188 5458 proponunt,
3254 5386 3499 5441 dicentes

1538 5466 1771 5531 VARI/li
1804 5477 2204 5535 LECTIONES.

327 5580 370 5611 ⁷⁸
398 5575 480 5641 οἷς
504 5594 614 5633 om.
646 5578 711 5631 λ’.
788 5578 832 5609 ⁷⁶
858 5575 1084 5645 ἀναθεμ.
1113 5576 1176 5628 Ρ.
1252 5575 1294 5604 ’⁷⁷
1321 5572 1754 5645 διδάσκαλοιοῐη.
1782 5572 1840 5625 V.

260 5649 302 5679 ⁸¹
329 5649 646 5718 ἀπείλειψαν
676 5650 733 5701 1).
810 5648 856 5679 ⁸³
904 5643 1235 5699 ἀπεϐἀλλετο
1272 5643 1381 5696 PV.
1459 5644 1503 5673 ⁸³
1533 5644 1663 5712 περὶ»
1692 5644 1749 5695 1).

261 5720 305 5771 ιι
318 5722 546 5790 σήγαγον
578 5722 635 5772 P.

1919 5575 1961 5605 ⁷⁸
1980 5574 2077 5641 τῆς
2107 5575 2174 5629 Ρ,
2246 5575 2290 5606 ⁷⁹
2313 5576 2363 5626 οἱ
2385 5589 2491 5627 om.
2527 5575 2591 5626 P.
2665 5573 2973 5635 ⁸δ’διακενῶς
2998 5573 3059 5626 P.
3134 5571 3175 5602 ⁸¹
3203 5570 3410 5641 Modice.
3432 5569 3515 5641 Ρ.

1827 5645 1929 5713 ⁸δὴ
1970 5639 2149 5698 ρικαὶ
2175 5660 2282 5697 om.
2320 5643 2374 5697 Ρ.
2453 5646 2496 5676 ⁸⁸
2542 5644 2811 5715 Ἰωάννης.
2847 5660 2933 5708 xx,
2967 5643 3058 5698 ‘24.
3134 5642 3177 5671 ⁸⁷
3198 5640 3311 5693 ἀντ’
3334 5639 3497 5693 αὑτοῦ
