4096 6296
668 323 772 384 943
1842 318 2272 377 ClillONICON
2314 319 2715 379 PASCIIALE.
3782 329 3866 389 sit

668 447 775 486 non
810 439 1065 501 oportere
1095 430 1379 484 hmreticos
1409 439 1653 483 mortuos
1681 428 2121 482 anathcniatizari
2144 470 2156 491 ,
2180 438 2233 483 et
2262 440 2285 491 ,ι

2262 440 2306 491 Α
2338 434 2585 501 ρετικοὺς
2610 432 3100 502 ἁναθεματίζεσθαι
3130 434 3225 487 καὶ
3243 434 3301 500 ἐξ
3330 435 3512 487 αὐτῶν
3537 435 3642 488 τῶν
3668 435 3753 488 τοῦ
3774 439 3864 490 Κυ-

667 537 729 577 ex
770 523 901 593 ipsis
939 522 1149 576 Domini
1179 522 1359 575 verbis
1413 522 1783 575 ostendemus.
1837 520 2036 587 Impius
2086 520 2232 573 enim

2337 521 2452 592 ρίου
2487 525 2743 592 ῥημάτων
2776 523 3125 593 ἀποδείξομεν
3147 525 3212 579 ⁸⁸.
3248 525 3385 595 Τοὺς
3417 524 3530 596 γάρ
3568 525 3769 589 ἀσεϐεῖς
3794 528 3868 578 καὶ

663 623 717 668 et
769 615 945 669 adhuc
986 615 1137 667 vivos
1167 655 1180 674 ,
1244 625 1485 667 mortuos
1545 613 1820 676 nominat,
1864 613 2051 666 dicens
2086 631 2097 664 :
2138 612 2231 665 Di—

2336 612 2417 665 ἔτι
2452 612 2659 676 ζῶντας
2697 618 2921 686 νεκροὺς
2952 617 3225 685 ὀνομάζει,
3259 615 3432 683 λέγων
3448 616 3493 648 ³⁸
3514 634 3528 645 ·
3562 616 3725 685 Ἄφες
3750 619 3866 683 τοὺς

663 707 812 758 mitte
861 714 1092 758 mortuos
1133 704 1347 771 sepelire
1398 712 1628 756 mortuos
1677 720 1797 756 suos
1830 720 1847 756 .'
1888 704 2026 756 sicut
2060 704 2234 772 justos

2334 706 2581 773 νεκροὺς
2617 706 2800 775 θάψαι
2838 706 2979 773 τοὺς
3007 706 3236 760 ἑαυτῶν
3271 706 3560 775 νεκρούς·
3593 707 3766 779 ὥσπερ
3795 705 3867 761 οὖν

662 806 719 849 et
737 799 845 865 jam
865 796 1165 859 defunctos,
1191 796 1341 849 vivos
1369 795 1631 848 nominat.
1654 793 1945 848 Dicitenim
1968 795 2033 848 de
2060 796 2233 849 Abra-

2336 798 2429 850 καὶ
2454 798 2580 859 τοὺς
2603 798 2841 861 δικαίους
2865 798 3289 868 τελευτήσαντας
3321 797 3536 860 ζῶντας
3557 799 3865 851 ἀποκαλενι

668 890 790 943 liam
822 899 873 942 et
908 891 1053 941 Isaac
1100 898 1155 941 et
1182 888 1380 949 Jacob,
1406 886 1549 955 quod
1597 887 1735 940 Deus
1777 902 1885 939 non
1931 896 2014 941 est
2046 886 2230 958 [Deus.

2332 888 2538 957 λέγειἩ
2579 890 2685 959 γὰρ
2720 891 2847 959 περὶ
2889 890 3155 959 Ἀὖραάμ,
3187 890 3283 942 καὶ
3312 889 3525 953 Ἰσαάκ,
3558 891 3651 942 καὶ
3684 890 3866 956 Ἰακὼϐ,

667 981 809 1032 obest
858 981 913 1032 in
957 980 1069 1032 cod.
1127 989 1173 1032 et
1222 982 1364 1048 apud
1395 978 1635 1050 Leuncl.]
1686 980 1827 1033 Deus
1858 990 2230 1041 mortuorum,

2335 982 2415 1035 ὅτι
2440 983 2468 1034 6
2492 981 2622 1045 Θεὸς
2652 983 2751 1035 ούκ
2781 981 2895 1034 ἐστι
2923 980 3151 1051 νεκρῶν,
3181 981 3317 1034 ἀλλὰ
3360 980 3603 1044 ζώντων.
3632 981 3691 1034 Εί
3719 983 3866 1035 τοίνυν

665 1073 758 1125 sed
817 1072 1113 1125 viventium
1159 1072 1424 1142 [vivorum
1470 1074 1544 1125 sic
1594 1083 1639 1125 et
1704 1070 1937 1142 Leunct.]
1985 1071 2039 1124 Si
2106 1087 2234 1142 ergo

2334 1072 2474 1127 κατὰ
2504 1074 2629 1135 τοὺς
2654 1073 2874 1125 ἐκείνων
2896 1072 3087 1140 λόγους
3114 1073 3175 1125 ού
3200 1071 3304 1143 χρὴ
3330 1072 3461 1135 τοὺς
3484 1072 3776 1143 αίρετικοὺς
3799 1090 3868 1125 τε·

661 1166 961 1219 secundum
1028 1167 1191 1220 verba
1245 1166 1458 1220 illorum
1508 1182 1616 1219 non
1674 1175 1883 1234 oportet
1954 1166 2233 1220 hatreticos

2334 1163 2636 1226 λευτῶντας
2680 1162 3189 1234 ἀναθεματίζεσθαι,
3232 1162 3352 1215 οὐδὲ
3393 1160 3594 1228 ζῶντες
3638 1164 3868 1234 αίρετικοὶ

663 1268 906 1312 mortuos
949 1259 1414 1324 anathematizari,
1444 1274 1547 1312 nec
1662 1259 1760 1311 viri
1796 1258 2017 1328 [corrige
2054 1258 2228 1329 vivi.],

2333 1250 2945 1321 ἀναθεματισθήσονται,
2979 1251 3073 1314 οὓς
3096 1253 3124 1303 ὁ
3152 1251 3355 1321 Κύριος
3387 1255 3619 1322 νεκροὺς
3642 1254 3869 1306 ἀποκαλεῖ

664 1347 904 1401 hzeretici
955 1349 1562 1401 anathematizabuntnr
1584 1388 1602 1409 ,
1633 1363 1767 1417 quos
1790 1348 2050 1402 Dominus
2082 1364 2229 1402 mor-

2332 1343 2419 1396 διά
2446 1343 2505 1396 τὸ
2536 1344 3081 1414 ἀποκεχωρισμένους
3102 1345 3145 1375 ³³
3197 1343 3382 1414 369
3428 1338 3569 1396 εἶναι
3608 1344 3760 1397 αὑτοῦ
3792 1344 3866 1398 τού

661 1448 786 1492 tuos
829 1448 1018 1501 vocat,
1056 1440 1178 1508 quia
1226 1439 1456 1509 separati
1498 1448 1624 1493 sunt
1671 1441 1736 1492 ab
1777 1440 1893 1508 ipso
1921 1440 2026 1509 ,‘qni
2052 1440 2228 1495 dixit:

2333 1434 2607 1498 είπόντος·
2649 1434 2797 1503 Ἐγώ
2821 1436 2938 1503 εἰμι
2960 1436 2998 1502 ἠ
3029 1434 3139 1503 ζωή
3166 1453 3178 1465 ·
3217 1436 3312 1489 καὶ
3344 1437 3468 1488 κατ’
3493 1436 3688 1498 αὐτοὺς
3714 1436 3867 1488 λοιπξν

660 1531 774 1601 Ego
830 1548 946 1584 sum
992 1533 1119 1595 vita,
1160 1542 1214 1585 et
1270 1532 1565 1585 secundmn
1623 1546 1717 1585 eos
1782 1531 1892 1599 jam
1959 1546 2062 1585 nec
2123 1531 2227 1584 vivi

2331 1526 2455 1581 οὔτε
2486 1527 2684 1591 ζῶντες
2709 1525 2831 1580 οὕτε
2848 1528 2895 1559 ⁸³
2923 1526 3283 1590 τελευτῶντες
3318 1526 3592 1596 αίρετικοὶ
3631 1527 3866 1597 ἀναθεμα-

660 1636 765 1674 nec
827 1621 1024 1675 mortui
1068 1622 1300 1675 lia2rctiei
1370 1621 1997 1687 auathematizabuntur;
2042 1622 2231 1675 etsine

2330 1618 2700 1688 τισθήσονται,
2730 1618 2827 1670 καὶ
2860 1617 3038 1687 μάτην
3084 1616 3202 1670 κατ’
3230 1617 3478 1681 ἐκείνους
3508 1620 3542 1688 ή
3574 1619 3865 1688 ἀποστολικὴ

661 1728 824 1766 causa
845 1713 1141 1767 secundum
1173 1714 1313 1777 illos,
1340 1713 1634 1782 apostolica
1648 1714 1892 1767 doctrina
1915 1714 2076 1767 tradit
2102 1729 2231 1767 ana-

2330 1710 2646 1763 διδασκαλία
2688 1708 3068 1780 παραδέδωκεν
3109 1706 3610 1778 ἀναθεματίξεσθαι
3640 1711 3754 1772 τοὺς
3788 1728 3864 1762 πα-

662 1805 1005 1858 tbematizari
1036 1821 1151 1871 eos,
1172 1805 1262 1873 qui
1295 1806 1879 1874 traduntpraeterquod
1896 1805 2224 1875 accepimus:
2258 1802 2279 1857 Ι

2258 1802 2301 1857 Β
2330 1802 2641 1876 ραδιδόντας
2690 1803 2822 1872 παρ’
2846 1802 2875 1854 ὃ
2912 1800 3298 1872 παρελάϐαμεν
3312 1801 3379 1866 ’⁸,
3416 1802 3598 1873 μάτην
3645 1803 3699 1854 αἱ
3743 1803 3864 1869 ἀγιαι

661 1898 780 1950 sine
823 1912 986 1951 causa
1029 1905 1230 1951 sanctae
1259 1897 1446 1967 synodi
1495 1897 1775 1952 limreticos
1828 1898 2230 1953 condemnave-

2333 1895 2537 1949 σύνοδοι
2581 1896 2707 1959 τοὺς
2750 1894 3058 1966 αἱρετικοὺς
3102 1895 3455 1964 κατέκριναν,
3496 1895 3671 1965 μάτην
3714 1895 3792 1946 καὶ
3824 1894 3862 1947 oi

660 1998 817 2051 runt,
854 1989 971 2043 sine
1006 2005 1167 2043 causa
1200 1998 1254 2043 et
1302 1988 1391 2042 alii
1421 1990 1594 2043 sancti
1645 1989 1830 2043 Patres
1879 2000 1934 2044 et
1981 1990 2231 2045 doctores

2329 1989 2479 2044 ἄλλοι
2512 1988 2659 2057 ἅγιοι
2689 1987 2930 2057 Πατέρες
2966 1986 3060 2040 καὶ
3091 1986 3405 2039 διδάσκαλοι
3435 1989 3536 2056 τῆς
3579 1987 3864 2055 Ἐκκλησίας

659 2082 915 2136 Ecclesiae
945 2082 1231 2136 limretieos
1280 2081 1895 2135 anathematizaverunt.
1950 2081 2231 2151 lnculpent

2328 2083 2457 2144 τοὺς
2501 2082 2806 2151 αἱρετικοὺς
2848 2079 3324 2148 ἀνεθεμάτισανθδ.
3363 2079 3685 2149 Μέμψονται
3720 2078 3863 2132 δὲκαὶ

660 2183 840 2227 autem
893 2183 947 2227 et
1005 2173 1293 2227 Jeremiain
1340 2173 1659 2243 prophetam
1721 2174 2034 2228 dicentem:
2068 2174 2232 2227 Exse-

2340 2175 2580 2243 Ἱερεμίᾳ
2619 2172 2697 2243 τῷ
2740 2173 2993 2241 προφήτῃ
3030 2172 3300 2224 είπόντιθθ
3326 2187 3338 2199 ⁸
3382 2170 3864 2237 Ἐπικατάρατοςό

658 2265 887 2319 orandus
914 2267 1003 2335 qui
1034 2282 1192 2333 opera
1245 2266 1454 2318 Domini
1503 2267 1631 2336 facit
1670 2266 2022 2337 negligenter;
2048 2274 2103 2319 et
2125 2266 2231 2319 Da-

2328 2263 2516 2317 ποιῶν
2556 2266 2625 2317 τὰ
2671 2264 2815 2332 ἔργα
2851 2266 3073 2329 Κυρίου
3117 2262 3385 2332 ἀμελῶς-⁸
3439 2265 3536 2316 καὶ
3580 2259 3863 2327 Δαϐὶδ⁹⁷τῷ

659 2358 746 2411 vid
781 2358 1103 2427 prophetam
1134 2358 1407 2412 dicentem
1442 2375 1455 2409 :
1490 2355 1816 2410 Exsecrandi
1853 2359 1942 2427 qui
1967 2357 2229 2410 declinant

2330 2358 2584 2428 προφήτῃ
2616 2356 2826 2425 λέγοντι
2849 2372 2862 2383 ·
2899 2354 3352 2423 Ἐπικατάρατοι
3372 2357 3432 2407 οι
3456 2354 3815 2415 ἐκκλίναντες
3828 2350 3863 2383 ⁸⁸

659 2465 693 2500 a
723 2449 988 2501 mandatis
1032 2449 1166 2512 tuis;
1201 2455 1256 2501 et
1284 2458 1344 2501 ut
1391 2448 1773 2517 compendiose
1825 2448 2067 2503 dicamus
2113 2463 2230 2501 om-

2330 2448 2447 2501 ἀπὸ
2483 2447 2601 2500 τῶν
2626 2445 2890 2501 ἐντολῶν
2910 2463 3025 2500 σου
3044 2464 3056 2477 ·
3088 2448 3180 2499 καὶ
3214 2446 3500 2515 συντόμως
3526 2446 3711 2510 εἰπεῖν,
3742 2442 3862 2511 πάσῃ

659 2553 784 2591 nem
834 2538 1072 2592 divinam
1131 2536 1466 2607 Scripturam
1524 2539 1578 2591 in
1640 2539 1865 2593 diversis
1918 2540 2052 2593 locis
2098 2539 2231 2593 tales

2329 2542 2394 2610 τῇ
2426 2539 2545 2609 θείᾳ
2578 2539 2789 2609 Γραφῆ,
2822 2538 3091 2607 πολλαχοῦ
3119 2538 3217 2600 τὰς
3246 2539 3506 2599 τοιαύτας
3553 2534 3863 2605 κατακρίσεις

658 2631 1146 2684 condemnationes
1190 2631 1373 2698 impiis
1405 2629 1751 2684 inferentem.
1791 2631 1899 2685 Sin,
1942 2639 2123 2685 autem
2155 2630 2229 2683 illi

2330 2630 2673 2701 ὲπαγούσῃ⁹⁹
2706 2632 2821 2692 τοῖς
2852 2629 3122 2682 ἀσεϐέσιν.
3160 2628 3221 2680 El
3254 2628 3310 2680 δὲ
3344 2628 3394 2680 οἱ
3430 2626 3647 2696 ἀμελῶς
3688 2623 3862 2676 ποιοῦν-

658 2721 751 2790 qui
797 2722 1137 2793 negligenter
1190 2738 1352 2791 opera
1410 2721 1504 2775 Dei
1554 2722 1794 2786 faciunt,
1836 2733 1889 2776 et
1918 2732 2144 2792 peccant
2176 2724 2230 2775 in

2329 2739 2419 2785 τες
2445 2721 2514 2773 τὰ
2542 2722 2678 2792 ἔργα
2710 2722 2919 2792 Κυρίου
2956 2722 3051 2774 καὶ
3083 2719 3493 2789 ἁμαρτάνοντες
3521 2718 3645 2784 περὶ
3672 2717 3760 2777 τὰς
3784 2715 3861 2766 αὐ·

658 2813 930 2868 mandatis
982 2814 1135 2882 ejus,
1191 2814 1388 2867 talibus
1463 2815 2005 2869 condemnationibus
2058 2815 2231 2884 subji-

2329 2813 2422 2866 τοῦ
2466 2812 2685 2875 ἐντολάς
2726 2811 3002 2875 τοιαύταις
3046 2811 3439 2880 κατακρίσεσιν
3487 2807 3859 2866 ὑποϐάλλονται,

656 2904 878 2956 ciuntur
936 2921 947 2954 :
1000 2912 1204 2971 quanto
1260 2902 1429 2973 magis
1488 2903 1686 2972 impius
1736 2904 2086 2966 Theodorus,
2138 2903 2229 2972 qui

2331 2907 2480 2976 πόσῳ
2533 2906 2732 2976 μᾶλλον
2760 2906 3033 2976 Θεόδωρος
3061 2905 3089 2957 6
3116 2906 3315 2974 ἀσεὸὴς
3343 2905 3372 2957 6
3400 2903 3627 2957 τοιαῦτα
3655 2898 3763 2954 κατ’
3784 2899 3860 2955 αύ-

656 2995 785 3048 talia
844 2995 1105 3048 adversus
1155 2995 1331 3064 ipsum
1398 3010 1655 3065 magnum
1708 2996 1877 3050 Deum
1930 3007 1986 3051 et
2042 2996 2229 3050 Salva-

2329 3000 2422 3052 τοῦ
2466 2999 2560 3051 τοῦ
2615 2997 2851 3070 μεγάλου
2899 2997 3034 3050 Θεοῦ
3084 2998 3178 3051 καὶ
3226 2996 3481 3068 Σωτῆρος
3533 2995 3683 3067 ἡμῶν
3714 2992 3858 3063 Ἰησοῦ

660 3094 832 3137 torem
908 3094 1153 3138 nostrum
1221 3085 1408 3139 Jesum
1458 3085 1733 3140 Christum
1805 3086 2227 3156 blasphemavit,

2329 3088 2567 3157 Χριστοῦ
2603 3089 3000 3159 βλασφημήσας
3028 3086 3359 3156 δικαιότερον
3391 3086 3857 3155 κατακέκριταικαὶ

652 3177 798 3243 juste
823 3177 1219 3232 condemnatus
1246 3186 1330 3232 est
1380 3185 1435 3231 et
1469 3179 1953 3233 anathematizatus
1983 3178 2229 3249 [anathe-
2255 3163 2269 3214 ⁴

2255 3159 2298 3217 C
2332 3182 2821 3253 ἀναθεματίςεται;
2864 3182 2973 3233 Καὶ⁴
3019 3181 3178 3250 ἤρκει
3229 3180 3327 3248 μὲν
3372 3178 3552 3232 ταῦτα
3596 3179 3723 3248 πρδς
3764 3178 3858 3234 ταῖς

657 3265 993 3336 matizatur.]
1061 3266 1124 3318 Et
1187 3268 1303 3321 hzee
1353 3268 1571 3336 quidem
1625 3269 2001 3333 suﬁicicbant,
2065 3285 2228 3338 super

2331 3273 2755 3344 παρατεθείσαις
2790 3272 3045 3341 ἀνωτέρω
3067 3287 3128 3322 τε
3160 3272 3252 3323 καὶ
3279 3271 3337 3322 ἐν
3365 3271 3575 3341 ἑτέροις
3606 3269 3746 3339 ήμῶν
3785 3266 3850 3317 λό-

655 3368 986 3411 memoratas
1016 3367 1070 3411 et
1107 3359 1228 3412 aliis
1260 3359 1334 3428 [in
1376 3358 1515 3431 aliis}
1559 3360 1758 3414 nostris
1806 3361 1955 3415 libris
1998 3362 2228 3415 insertas

2328 3382 2446 3432 γοις
2478 3364 2779 3429 ἀποδείξεσι
2807 3362 3047 3433 περὶτοῦ
3070 3363 3179 3414 δεῖν
3203 3360 3296 3413 καὶ
3325 3361 3467 3429 μετὰ
3498 3360 3735 3427 τελευτὴν
3755 3357 3856 3416 τοὺς

657 3448 1006 3515 probationes
1032 3487 1047 3512 ,
1106 3465 1240 3517 quas
1285 3452 1606 3519 protulimus
1635 3491 1648 3513 ,
1694 3452 2041 3506 ostendentes
2084 3454 2227 3521 quod

2329 3458 2636 3527 αἱρετικοὺς
2680 3454 3102 3527 κατακρίνεσθαι
3133 3454 3517 3523 καταισχύνειν
3540 3454 3660 3514 τοὺς
3686 3448 3854 3502 9206(1)—

658 3549 873 3607 oportet
901 3542 1064 3594 etiam
1104 3549 1227 3609 post
1263 3553 1494 3595 mortem
1525 3543 1807 3596 haereticos
1855 3545 2226 3609 condemnari,

2331 3566 2423 3619 ρου
2472 3547 2966 3617 μεταποιουμένους
3012 3546 3106 3597 καὶ
3144 3544 3473 3597 παύσονται¹
3503 3544 3601 3613 τῆς
3642 3540 3854 3605 τοιαύτης

654 3632 993 3686 confundere
1067 3648 1162 3686 eos
1220 3634 1312 3701 qui
1384 3634 1727 3687 Theodorum
1784 3636 2119 3697 defendunt,
2173 3647 2227 3690 et

2327 3640 2609 3701 ἀσεὸείας·
2640 3640 2726 3692 διὰ
2750 3639 2806 3690 δὲ
2839 3640 2900 3691 τὸ
2920 3637 3313 3708 ὲμφιλονείκως
3341 3640 3459 3700 τοῖς
3488 3638 3665 3697 αὐτοῖς
3691 3632 3852 3700 ἐπιμέ-

661 3737 1007 3792 compescere
1039 3739 1069 3777 a
1100 3724 1191 3777 tali
1234 3724 1528 3793 impietate.
1566 3725 1829 3791 Quoniam
1868 3736 2046 3780 autem
2096 3744 2227 3781 con-

2327 3750 2439 3785 νειν
2471 3732 2531 3784 τὸ
2556 3731 2715 3784 πλέον
2747 3729 2977 3799 ἐροῦμεν
3010 3731 3091 3783 ὅτι
3120 3731 3265 3791 τινὲς
3293 3728 3401 3780 τῶν
3439 3726 3787 3796 συναχθέντων
3808 3723 3852 3772 ἐν

658 3815 892 3868 tentiose
931 3815 985 3868 in
1014 3815 1203 3869 iisdem
1230 3826 1584 3886 permanent,
1626 3818 1784 3871 etiam
1832 3821 1973 3888 quod
2002 3827 2085 3873 est
2112 3836 2229 3873 am-

2327 3827 2391 3894 τῇ
2420 3824 2561 3875 κατά
2584 3823 2817 3875 Νίκαιαν
2863 3821 2994 3891 ἁγίᾳ
3020 3822 3222 3890 συνόδῳ
3252 3820 3345 3873 καὶ
3374 3819 3767 3889 ὑπογράψαντες
3792 3810 3852 3879 τῷ

658 3906 822 3977 plius,
854 3907 1081 3961 dicimus
1113 3905 1398 3979 [dicemus.
1424 3910 1499 3962 sic
1517 3919 1563 3963 et
1591 3909 1828 3981 Leuncl.]
1856 3912 1981 3979 quia
2010 3911 2226 3981 quidam

2328 3916 2600 3969 ἐκτεθέντι
2632 3916 2759 3986 παρ’
2780 3914 2949 3983 αὐτῆς
2970 3914 3079 3985 ὅρῳ
3102 3914 3217 3983 ήτοι
3240 3930 3302 3965 συ
3312 3911 3495 3983 μϐόλῳ
3518 3912 3612 3980 τῆς
3633 3909 3850 3965 πίστεως,

659 4015 725 4053 ex
760 4000 891 4069 ipsis
912 4000 1015 4069 qui.
1042 4001 1095 4053 in
1141 3999 1359 4055 Nicaena
1385 4012 1571 4057 sancta
1604 4004 1807 4073 synodo
1834 4014 2224 4070 convenerunt,

2328 4005 2514 4076 ἐπειδὴ
2550 4006 2686 4072 μετά
2713 4002 2884 4057 ταῦτα
2932 4002 3152 4055 ἐναντία
3184 4002 3551 4072 φρονήσαντες
3591 3999 3848 4066 ἐφάνησαν.

659 4101 715 4145 et
746 4093 1003 4161 expositae
1029 4094 1096 4146 ab
1126 4108 1190 4147 ea
1221 4093 1346 4148 ﬁdei
1375 4094 1443 4149 de
1456 4095 1685 4149 ﬁnitioni
1714 4096 1796 4150 vel
1830 4096 2070 4166 symbolo
2099 4098 2229 4151 sub-

2327 4100 2376 4150 οί
2412 4097 2512 4168 μὲν
2546 4098 2764 4162 ζῶντες,
2788 4098 2835 4149 οἱ
2862 4095 2918 4148 δὲ
2951 4094 3088 4165 μετά
3121 4094 3347 4147 θάνατον
3388 4089 3849 4161 ἁνεθεματίσθησαν

660 4185 1033 4253 scripserunt,
1072 4186 1329 4254 quoniam
1381 4202 1576 4257 postea
1626 4188 1894 4242 contraria
1957 4190 2230 4257 sapientes

2328 4191 2477 4261 παρά
2525 4189 2781 4258 Δαμάσου
2831 4188 2925 4240 τοῦ
2976 4191 3074 4257 τῆς
3118 4186 3272 4250 ὁσίας
3320 4188 3542 4257 μνήμης
3580 4184 3724 4236 πάπα
3772 4176 3848 4244 τῆς

656 4286 1054 4345 apparuerunt,
1086 4277 1175 4329 alii
1204 4278 1422 4347 quidem
1450 4279 1576 4344 vivi,
1613 4279 1701 4331 alii
1730 4287 1907 4333 autem
1938 4290 2060 4349 post
2084 4297 2228 4333 mor-

2227 4311 2228 4317 η
2330 4282 2706 4353 πρεσϐυτέρας
2741 4280 2960 4351 Ῥώμης
2986 4279 3202 4349 καὶτῆς
3227 4281 3283 4331 ἐν
3312 4278 3547 4348 Σαρδικῇ
3578 4279 3844 4340 οίκουμενι·

658 4376 770 4420 tem
804 4369 1239 4423 anathematizati
1274 4379 1398 4424 sunt
1423 4386 1453 4424 a
1484 4370 1708 4425 Damaso
1729 4381 1927 4427 sancta:
1956 4373 2231 4427 memoriae

2229 4412 2231 4420 ι
2330 4374 2436 4441 κῆς
2484 4373 2722 4434 συνόδου,
2752 4370 2894 4424 καθά
2946 4369 3249 4440 μαρτυρεῖ²
3280 4369 3308 4420 6
3353 4369 3412 4421 ὲν
3454 4367 3625 4435 ἀγίοις
3651 4354 3846 4414 Ἀθανά-

660 4474 798 4527 papa
845 4460 1167 4528 antiquioris
1219 4462 1440 4526 Romaa,
1495 4472 1550 4517 et
1602 4464 1670 4516 ab
1714 4463 2001 4517 universali
2040 4464 2277 4550 Sardi-1

2256 4497 2300 4550 υ
2332 4482 2462 4527 σιος.
2485 4464 2644 4516 Ἀλλά
2662 4462 2757 4516 καὶ
2783 4464 2850 4532 ή³
2876 4464 2934 4514 ἐν
2958 4459 3259 4528 Χαλκηδόνι
3283 4460 3413 4528 ἁγία
3445 4450 3847 4550 σύνοδοςᾼδόμνον

662 4550 813 4603 censi
860 4551 1097 4620 synodo,
1135 4561 1299 4620 prout
1348 4561 1575 4606 testatur
1622 4564 1840 4610 sanctus
1880 4559 2223 4612 Athanasius.
2256 4544 2279 4550 —

2256 4544 2291 4550 Ψ
2325 4557 2417 4610 τὸν
2450 4554 2776 4624 Ἀντιοχείας
2822 4552 3111 4621 γενόμενον
3161 4552 3457 4605 ἐπίσκοπον
3490 4549 3624 4620 μετά
3655 4544 3847 4598 θάνατον

658 4641 767 4695 Sed
827 4650 881 4695 et
923 4644 1386 4698 Chalcedonensis
1442 4655 1628 4699 sancta
1684 4648 1919 4715 synodus
1966 4648 2229 4703 Domnum

2226 4674 2229 4703 ι
2327 4646 2698 4709 κατεδίκασεν,
2739 4646 3085 4715 τολμήσαντα
3134 4644 3293 4714 μόνον
3323 4643 3530 4715 γράψαι
3567 4641 3670 4693 δεῖν
3697 4647 3843 4701 παρα·

660 4731 963 4786 Aotiochize
1015 4733 1218 4787 factum
1276 4735 1591 4804 episcopum
1654 4747 1775 4804 post
1822 4747 2048 4791 mortem
2098 4754 2230 4791 eon-

2223 4769 2230 4779 -
2331 4739 2667 4807 σιωπηθῆναι
2694 4737 2761 4789 τὰ
2786 4736 2851 4805 ιβ’
2882 4736 3149 4805 κεφάλαια
3177 4735 3270 4787 τοῦ
3306 4738 3362 4787 ἐν
3393 4734 3566 4802 άγίοις
3590 4722 3840 4797 Κυρίλλου.

663 4823 974 4888 demnavit,
1006 4825 1149 4894 quod
1199 4826 1375 4879 solum
1411 4841 1577 4881 ausus
1624 4835 1706 4880 est
1768 4828 2034 4891 scribere,
2068 4844 2229 4897 opor-

2225 4862 2229 4869 -
2340 4828 2555 4899 Ἐπειδὴ
2597 4828 2653 4880 δὲ
2705 4828 2754 4880 οί
2804 4826 3077 4897 Θεοδώρου
3134 4825 3567 4894 ἀντιποιούμενοι
3616 4808 3842 4886 αίρετεκοὶ

654 4921 781 4965 tere
810 4921 979 4969 tacer:
1026 4916 1314 4970 duodecim
1343 4917 1579 4986 capitula
1610 4919 1782 4972 sancti
1826 4918 2027 4989 Cyrilli.
2081 4920 2229 4984 Quo-

2224 4951 2229 4959 -
2329 4922 2507 4991 πάσης
2557 4920 3018 4992 προτάσεως“καὶ
3052 4919 3417 4988 ἐγχειρήσεως
3471 4904 3841 4967 ἐκπεπτωκότες

660 5003 809 5057 niam
855 5015 1037 5059 autem
1093 5008 1368 5063 Theodori
1412 5008 1726 5085 defensores
1783 5011 2230 5075 haeretici,omni

2223 5013 2230 5065 ἱ
2328 5014 2689 5083 ἐπεχείρησαν
2716 5013 2890 5078 λέγειν
2922 5010 3058 5081 πρὸς
3079 5012 3293 5078 ἀπάτην
3319 5008 3426 5061 τῶν
3450 5003 3760 5075 ἀγνοούντων
3781 4992 3840 5052 ὡς

662 5099 1033 5165 propositione
1056 5109 1111 5153 et
1152 5112 1349 5156 conatu
1378 5103 1691 5157 excidentes
1714 5144 1727 5167 ,
1764 5114 2100 5173 praesumunt
2146 5106 2229 5158 di-

2225 5136 2229 5144 '
2325 5108 2353 5159 ὁ
2384 5105 2480 5174 τῆς
2511 5105 2661 5165 ὁσίας
2694 5104 2911 5172 μνήμης
2943 5101 3208 5171 Κύριλλος
3239 5101 3294 5153 ἐν
3333 5117 3440 5153 τινι
3482 5098 3630 5169 μέρει
3657 5094 3842 5143 ἐπιστοε

661 5201 788 5241 cere
840 5190 906 5244 ad
964 5191 1332 5261 deceptionem
1387 5195 1791 5262 ignorantium,
1847 5197 1987 5264 quod
2030 5207 2230 5252 sanctae

2219 5215 2230 5251 ε
2324 5197 2421 5266 λῆς
2450 5195 2637 5248 τοῦτον
2669 5195 2945 5264 ἐπῄνεσεν,
2980 5195 3043 5246 ὲκ
3067 5194 3275 5245 πολλῶν
3307 5193 3676 5247 ἀποδείκνυται
3702 5174 3836 5266 ὅτιοῆ

662 5282 938 5337 memoria:
985 5282 1211 5353 Cyrillus
1266 5286 1320 5339 in
1372 5288 1555 5356 aliqua
1596 5297 1749 5357 parte
1783 5289 2027 5357 epistola:
2079 5290 2227 5343 illum

2221 5308 2227 5343 ι
2329 5264 2612 5357 συμϐαίνει
2632 5287 2693 5338 τὸ
2720 5285 2898 5339 αὐτῶν
2926 5285 3230 5355 ἐγχείρημα
3256 5289 3368 5349 τοῖς
3401 5281 3696 5354 εἰρημένοις
3715 5264 3838 5339 παρὰ

1943 5443 2170 5498 VARI/1'1
2190 5436 2605 5497 'LECTIONES.

625 5608 639 5621 ο
698 5582 775 5649 ,⁸⁸
809 5579 1173 5646 ἀποδείξωμεν
1206 5574 1319 5649 ΔΡΥ.
1388 5575 1663 5649 ξέλέγωνᾷ
1706 5576 1895 5649 Matth.
1927 5576 2167 5649 “H.322.
2243 5577 2288 5649 '_°
2314 5576 2563 5649 xaisiP.
2632 5578 2862 5647 ⁹¹λέγει.
2911 5594 3046 5644 xxu,
3084 5566 3177 5633 ‘39..
3254 5583 3298 5611 θ’
3346 5558 3831 5649 κεχωρισμένοὲιίῗο

664 5648 710 5680 ⁸³
739 5632 1024 5705 οὕτεῂόιηί
1045 5632 1101 5701 ἰδ’.
1178 5646 1224 5677 ⁹⁶
1247 5632 1694 5714 παρελάϐομενΡ.
1771 5648 1814 5677 ⁸⁸
1838 5632 2235 5714 ἀναθεμάτισαν
2254 5646 2311 5699 Ρ.
2388 5648 2431 5675 ’⁸
2449 5632 2886 5713 εἰπόντιλςινιιι,
2912 5632 2999 5703 10.
3033 5632 3046 5644 ’
3072 5651 3114 5680 ⁸⁷
3140 5632 3329 5703 Δαϐίδ.
3350 5632 3537 5708 deﬁnit,
3555 5632 3609 5696 ‘2'!
3626 5679 3637 5691 -
3702 5635 3741 5666 ”
3759 5632 3833 5682 ἐκ·

663 5720 958 5782 κλίναντες.
985 5717 1093 5771 l'V.
1167 5718 1212 5748 9’
1244 5716 1502 5781 ἐπάγουσι
1532 5713 1637 5767 PV.
1714 5718 1728 5745 ¹
1756 5713 2068 5769 παύσονται.
2106 5716 2295 5769 παύειν
2327 5714 2589 5771 Labbeus.
2668 5720 2687 5748 ¹
2719 5722 3124 5787 καταμαρτυρεῖ
3159 5720 3221 5773 R.
3327 5722 3345 5751 ³
3380 5724 3411 5790 ή
3443 5735 3545 5773 0m.
3576 5716 3631 5765 ι’.
