4096 6296
273 305 373 369 945

1458 294 1893 356 CIIRONICON
1934 290 2334 351 PASCIIALE.

3416 289 3519 353 9l6

267 416 363 470 τοῦ
414 417 474 469 ἐν
521 414 699 483 ἀγίοις
741 412 1011 483 Κυρῦιλου
1046 414 1104 465 ἐν
1139 410 1418 480 διαφόροις
1453 408 1618 461 αὐτοῦ
1664 408 1826 473 λόγοις

1948 403 2310 469 collaudavit;
2354 418 2420 457 ex
2458 403 2642 457 multis
2686 403 2988 457 ostenditur
3043 403 3185 472 quod
3228 418 3335 457 non
3390 422 3521 458 con-

272 508 415 563 κατά
449 508 545 561 τοῦ
592 504 887 568 δυσσεϐοῦς
915 503 1213 574 Θεοδώρου,
1251 505 1309 555 ἐν
1363 498 1444 564 οἷς
1486 500 1844 569 ἀσεϐέστερον

268 601 435 654 αὑτὸν
466 602 688 653 πάντων
714 599 823 652 τῶν
856 598 1031 652 ἄλλων
1056 597 1349 668 αίρετικῶν
1380 593 1689 658 ἀποδείξας,
1725 588 1845 645 εἶτα

268 694 367 743 οὐκ
396 690 637 759 ἐνεγκὼν
668 690 728 744 τὸ
768 689 973 759 πλῆθός
1012 707 1073 741 τε
1118 690 1212 741 καὶ
1262 685 1494 757 μέγεθος
1536 687 1645 737 τῶν
1678 682 1843 737 αὐτοῦ

266 783 433 852 370
463 782 820 853 βλασφημιῶν
838 782 947 835 τῶν
986 781 1289 852 εἰρημένων
1315 779 1454 832 κατά
1481 777 1575 830 τοῦ
1605 775 1841 848 μεγάλου

265 873 400 925 θεοῦ
438 875 533 926 καὶ
582 873 838 944 Σωτῆρος
864 872 1025 943 ἡμῶν
1060 870 1237 942 Ἰησοῦ
1270 869 1529 941 Χριστοῦ,
1564 868 1842 938 ἀπεφθέγ-

266 964 395 1027 ξατο
425 965 598 1027 οὕτως
618 965 821 1019 εἰπών’
855 964 1076 1036 Ἐξέστη
1104 967 1131 1018 ὀ
1159 964 1387 1035 οὐρανὸς
1422 962 1517 1015 ἐπὶ
1548 961 1722 1030 τούτῳ
1748 961 1842 1014 καὶ

261 1058 485 1128 ἔφριξεν
535 1058 628 1110 ἐπὶ
674 1057 889 1110 πλείωδ
916 1057 1143 1128 σφόδρα,
1191 1055 1338 1123 λέγει
1386 1054 1612 1125 Κύριος.
1650 1054 1714 1105 ’0
1742 1054 1841 1123 τῆς

260 1150 581 1222 ἀπορρήτου
612 1150 963 1221 σκαιότητοςι
997 1148 1041 1201 ὣ
1061 1146 1313 1219 γλώσσης
1336 1146 1604 1215 λαλούσης
1625 1146 1841 1199 ἀδικίαν

259 1243 405 1294 κατά
436 1241 531 1295 τοῦ
557 1242 693 1296 Θεοῦ
727 1244 821 1296 καὶ
844 1242 904 1296 τὸ
931 1242 1098 1314 κέρας
1119 1240 1414 1312 αίρούσηςῑ
1449 1272 1514 1283 ——
1539 1239 1633 1293 καὶ⁵
1655 1238 1837 1293 πάλιν⁶

258 1332 581 1396 -Ἐπίθες,
616 1333 889 1404 ἄνθρωπε,
920 1335 984 1404 τῇ
1038 1331 1235 1385 σαυτοῦ
1282 1330 1497 1403 γλώττῃ
1546 1329 1715 1399 θύραν
1744 1329 1840 1382 καὶ

263 1423 465 1491 μοχλόν
485 1441 499 1455 ο
530 1424 737 1477 παῦσαι
762 1424 822 1478 τὸ
853 1426 1023 1494 κέρας
1052 1426 1131 1488 είς
1162 1423 1295 1493 ὕψος
1326 1424 1567 1495 ἐπαίρων
1612 1424 1709 1475 καὶ
1750 1423 1840 1475 λα-

259 1513 364 1566 λῶν
399 1515 613 1569 ἀδικίαν
642 1516 801 1570 κατά·
826 1517 922 1570 τοῦ
968 1515 1125 1571 Θεοῦ.
1157 1516 1335 1586 Μέχρι
1381 1515 1527 1578 τίνος
1567 1514 1839 1584 ἐπιπηδᾷς

256 1605 673 1670 ἀνεξικακοῦντι
704 1607 951 1679 Χριστῷ;
987 1609 1081 1672 Εἰς
1109 1607 1231 1661 νοῦν
1254 1608 1343 1678 ἔχε
1364 1607 1425 1660 τὸ
1450 1607 1835 1678 γεγραμμένον

254 1698 409 1769 παρά
459 1700 553 1753 τοῦ
604 1700 895 1754 Θεσπεσίου
940 1701 1233 1753 Παύλου⁸ο
1264 1700 1427 1753 Οὕτω
1461 1698 1529 1752 δὲ
1574 1698 1831 1767 ἁμαρτά-

254 1766 469 1855 νον-τες
498 1794 585 1857 είς
608 1792 749 1858 τοὺς
778 1793 1079 1861 ἀδελφοὺς
1108 1792 1205 1846 καί
1242 1766 1833 1858 πλήττοντεςίαῦτῶν
1863 1766 1905 1822 Β

251 1882 643 1937 ἀσθενοῦσαν
670 1884 785 1952 τὴν
801 1885 820 1915 ⁸
854 1885 1217 1953 συνείδησιν
1242 1888 1328 1950 εἰς
1353 1884 1609 1953 Χριστὸν
1646 1884 1831 1952 ἀμαρ-

248 1972 481 2031 τάνετε.
520 1978 627 2031 Καὶ
657 1977 744 2029 ἵνα
770 1995 823 2030 τι
858 1979 950 2031 καὶ
986 1979 1048 2031 ἐκ
1078 1977 1433 2048 προφητικῶν
1465 1976 1787 2046 φθέγξωμαι
1807 1976 1828 2007 ⁷

248 2065 506 2135 βιϐλίων·
562 2069 897 2137 Ὲδικαιώθη
951 2070 1185 2138 Σόδομα
1229 2071 1297 2123 ἐκ
1337 2070 1473 2123 σοῦ.
1520 2070 1831 2141 Νενίκηκας

246 2161 344 2224 τὰς
387 2160 673 2232 Ἑλλήνων
707 2162 1112 2233 ἀθυροστομίας
1129 2162 1168 2224 ⁸,
1197 2162 1263 2227 ἃς
1319 2163 1643 2232 ἐποιήσαντο
1688 2162 1829 2215 κατά

244 2252 512 2321 Χριστοῦ,
548 2254 761 2324 μωρίαν
782 2253 1076 2323 ἡγούμενοι
1103 2255 1195 2307 τὸν
1227 2255 1458 2326 σταυρόν
1480 2272 1492 2284 °
1526 2255 1676 2307 οὐδὲν
1700 2255 1828 2308 ὄντα

241 2344 507 2412 διέδειξας
532 2347 599 2399 τὰ
627 2346 1042 2417 τῆςἸουδαϊκῆς
1086 2347 1343 2411 ἀπονοίας
1390 2348 1728 2418 ἐγκλήματα.
1758 2375 1829 2387 -—-

243 2436 464 2491 Τούτων
513 2440 695 2495 τοίνυν
744 2440 919 2505 οὕτως
966 2442 1061 2495 ἐπὶ
1112 2443 1434 2512 κατακρίσει
1473 2444 1565 2496 τοῦ
1598 2443 1827 2507 ἀσεϐοῦς

241 2528 522 2599 Θεοδώρου
549 2531 653 2584 ὑπὸ
682 2532 775 2585 τοῦ
820 2535 877 2584 ἐν
915 2534 1088 2601 ἁγίοις
1116 2533 1385 2605 Κυρίλλου
1418 2536 1743 2605 είρημένων,
1778 2538 1825 2588 εί

242 2621 337 2671 καὶ
368 2621 487 2691 δοίη
522 2640 607 2685 τις
646 2624 788 2675 κατά
815 2624 941 2687 τοὺς
967 2625 1192 2677 ἐκείνων
1221 2625 1414 2693 λόγους
1440 2626 1531 2677 τὸν
1564 2627 1619 2679 ἐν
1648 2627 1825 2693 ἁγίοις

244 2711 513 2783 Κύριλλον
553 2715 834 2785 εἰρηκέναι
880 2735 933 2769 τι
973 2718 1113 2788 ὑπὲρ
1162 2718 1461 2788 Θεοδώρου,
1493 2719 1613 2771 οὑδέ
1666 2720 1825 2773 τοῦτο

242 2800 542 2872 ἐξαιρεῖται
576 2805 737 2857 αὐτὸν
784 2809 881 2877 τῆς
909 2809 1307 2879 κατακρίσεως.
1342 2811 1682 2881 Εὐρίσκομεν
1714 2812 1823 2882 γὰρ

241 2894 315 2955 ὡς
352 2894 535 2949 πολλοὶ
556 2896 662 2951 τῶν
684 2898 859 2952 ἄλλων
891 2901 1150 2972 Πατὲρων
1182 2903 1335 2965 τινὰς
1358 2902 1465 2955 τῶν
1486 2904 1505 2934 ⁸
1532 2906 1822 2973 αἱρετικῶν
1882 2954 1885 2955 ,

239 2985 592 3053 ἀπεδέξαντο,
626 2988 812 3060 ὥσπερ
856 2993 952 3043 καὶ
1000 2993 1048 3044 οί
1096 2993 1154 3045 ἐν
1202 2995 1375 3063 ἁγίοις
1416 2994 1690 3065 Δάμασος,
1730 2997 1822 3048 καὶ

252 3077 593 3146 Ἀθανάσιος,
629 3082 723 3135 καὶ
761 3083 1040 3147 Βασίλειος
1069 3085 1497 3158 Ἀπολλινάριον,
1529 3090 1621 3141 καὶ
1667 3090 1817 3141 Λέων
1846 3106 1891 3165 C

237 3169 357 3221 es"
390 3171 419 3222 ὁ
446 3171 547 3241 τῆς
572 3172 723 3237 ὁσίας
755 3176 974 3245 μνήμης
1012 3176 1277 3245 Εὑτυχέα.
1314 3178 1421 3229 Καὶ
1450 3178 1599 3247 ὅμως
1632 3179 1816 3249 ἐπειδὴ

239 3261 448 3330 φανερά
476 3262 699 3330 γέγονεν
726 3266 758 3335 ἡ
787 3266 992 3319 τούτων
1019 3267 1263 3331 ἀσέϐεια,
1304 3270 1403 3321 οὐκ
1440 3268 1700 3338 ἐξέφυγον
1729 3271 1815 3324 διὰ

236 3355 334 3423 τὴν
376 3356 633 3423 τοιαυτὴν
675 3356 945 3429 ἀποδοχὴν
970 3360 1018 3411 οξ
1049 3360 1316 3431 αίρετέικοὶ
1342 3362 1441 3431 τὴν
1472 3362 1611 3431 μετά
1642 3362 1814 3416 ταῦτα

238 3445 314 3508 είς
348 3446 549 3498 οἰκεῖον
586 3447 879 3515 πρόσωπον
914 3449 1008 3501 καὶ
1042 3451 1141 3519 τὴν
1168 3449 1347 3503 αὐτῶν
1376 3452 1631 3505 ἀσέϐειαν
1662 3470 1814 3520 γενο-

241 3537 409 3606 μένην
454 3538 776 3608 κατάκρισίν
824 3556 883 3591 τε
916 3541 1009 3593 καὶ
1058 3542 1523 3613 ἀναθεματισμὸν.
1565 3546 1811 3617 Τοσαύτη

235 3628 290 3681 δέ
321 3630 521 3699 ἐστινὴ
554 3631 720 3699 μανία
748 3630 859 3682 τῶν
888 3632 1162 3703 Θεόδωρον
1186 3635 1565 3702 ἐκδικοῦντων,
1586 3639 1665 3691 ὅτι
1695 3637 1812 3691 τολ-

239 3718 380 3789 μῶσι
434 3721 866 3789 καταψεύδεσθαι
914 3724 1008 3776 καὶ
1055 3725 1356 3797 Γρηγορίου
1406 3729 1500 3781 τοῦ
1547 3730 1809 3798 Θεολόγου

235 3812 597 3867 καὶΊωάννου
626 3814 719 3867 τοῦ
750 3817 1395 3885 Κωνσταντινουπόλεως,
1424 3823 1499 3885 ὡς
1521 3824 1808 3889 ἐπιστολὰς

232 3906 371 3975 πρὸς
405 3907 566 3959 αὐτον
592 3906 866 3977 Θεόδωρον
900 3908 1337 3964 ἀποστειλάντων
1373 3912 1809 3985 πεπληρωμένας

232 4000 458 4053 ἐπαίνου
480 4017 493 4030 ·
526 4001 661 4071 ὅπερ
699 4000 928 4070 ψεύδους
957 4004 1075 4055 ἐστὶ
1113 4006 1331 4074 μεστόν.
1364 4006 1662 4076 Γρηγόριος
1708 4008 1807 4076 μὲν

233 4091 338 4162 γάρ
363 4092 452 4144 ὅτε
475 4092 517 4121 ¹¹
550 4091 692 4162 ὑπὲρ
722 4092 818 4160 τῆς
852 4093 1107 4161 ἀληθείας
1152 4096 1209 4146 ἐν
1238 4096 1806 4151 Κωνσταντινουπόλει

231 4182 642 4251 ἀγωνισάμενος
672 4183 763 4236 καὶ
789 4184 913 4246 τοὺς
936 4184 1098 4247 λαοὺς
1125 4185 1231 4237 ἀπὸ
1258 4188 1355 4256 τῆς
1388 4188 1493 4240 τῶν
1514 4186 1807 4259 Ἀρειανῶν

232 4276 440 4345 πλάνης
478 4276 558 4338 είς
584 4276 683 4345 τὴν
706 4276 982 4346 ὁρθὸδοξον
1024 4278 1203 4331 πίστιν
1232 4279 1562 4351 ἐπιστρέψας
1591 4285 1670 4345 είς
1710 4282 1806 4353 τὴν

231 4368 433 4421 οἰκείαν
466 4366 733 4438 ἐπανῆλθε
769 4368 1025 4439 πατρίδα,
1054 4368 1151 4431 τὰς
1184 4369 1335 4440 παρά
1370 4370 1478 4423 τῶν
1511 4373 1806 4441 αίρετικῶν

1946 496 2096 551 venit
2132 511 2321 551 eorum
2366 512 2627 550 conamen
2664 497 2871 551 dictisa
2902 507 3090 551 sancto
3118 496 3315 567 Cyrillo
3352 497 3405 550 in
3438 498 3518 551 di-

1943 590 2118 644 versis
2162 590 2279 660 ejus
2325 590 2475 644 libris
2521 598 2709 644 contra
2754 589 2977 657 impium
3030 589 3409 653 Theodorum,
3464 590 3515 642 in

1943 682 2141 751 quibus
2174 683 2343 752 magis
2372 683 2596 751 impium
2625 683 2878 736 omnibus
2910 681 3027 735 aliis
3077 681 3345 734 hzereticis
3391 697 3515 735 eum

1943 774 2236 829 ostendens
2259 815 2273 835 .
2309 776 2505 829 deinde
2539 791 2646 828 non
2697 778 2974 827 sustinens
3008 774 3275 844 plurimas
3304 784 3359 827 et
3397 791 3515 827 ma-

1942 867 2118 920 ximas
2161 868 2284 936 ejus
2338 867 2705 937 blasphemias
2756 876 2943 920 contra
2975 883 3226 937 magnum
3259 867 3425 921 Deum
3462 876 3518 921 et

1944 959 2277 1014 Salvatorem
2316 970 2563 1015 nostrum
2588 959 2771 1013 Jesum
2800 959 3079 1013 Christum
3109 961 3301 1024 dictas,
3334 961 3516 1014 excla-

1942 1052 2141 1116 mavit,
2171 1052 2244 1104 ita
2274 1052 2463 1106 dicens
2511 1071 2524 1105 :
2560 1083 2627 1091 ——
2668 1053 2896 1121 Expavit
2925 1053 3122 1106 cmlum
3170 1068 3334 1122 super
3375 1053 3509 1116 hoc,

1942 1153 1997 1198 et
2041 1145 2252 1198 horruit
2298 1144 2531 1214 amplius
2573 1145 2949 1205 vehementer,
2988 1145 3118 1198 dicit
3157 1144 3435 1198 Dominus.
3469 1144 3514 1199 Ο

1941 1236 2340 1290 intolerabilem
2390 1237 2809 1307 malignitatem,
2842 1252 2874 1290 ο
2920 1236 3154 1306 linguam
3202 1238 3513 1307 loquentem

1939 1328 2276 1398 iniquitatem
2306 1338 2494 1383 contra
2540 1330 2708 1383 Deum
2730 1372 2744 1395 ,
2777 1339 2833 1384 et
2878 1330 2931 1382 in
2962 1329 3299 1385 altitudinem
3343 1345 3513 1385 cornu

1939 1420 2309 1476 extollentem.
2345 1451 2413 1461 —
2445 1422 2512 1475 Et
2539 1422 2733 1476 iterum
2768 1440 2780 1474 :
2821 1453 2889 1464 —
2921 1423 3163 1493 lmpone,
3192 1423 3374 1487 homo,
3407 1433 3513 1479 tua:

1938 1510 2135 1582 lingua:
2171 1513 2370 1566 ostium
2411 1522 2465 1567 et
2499 1528 2675 1566 seram
2711 1532 2724 1568 :
2762 1529 2914 1570 cessa
2946 1530 3115 1569 comu
3167 1515 3221 1568 in
3269 1516 3513 1569 altitudi-

1936 1613 2063 1655 nem
2114 1602 2416 1667 extollens,
2478 1612 2533 1657 et
2583 1604 2813 1673 loquens
2864 1605 3201 1673 iniquitatem
3251 1607 3515 1661 adversus

1936 1692 2127 1748 Deum.
2164 1694 2459 1765 Quousque
2483 1696 2710 1750 insultas
2737 1698 2961 1767 patienti
2982 1697 3236 1753 Christo?
3273 1697 3329 1751 ln
3356 1715 3510 1753 men-

1934 1794 1988 1840 te
2021 1786 2161 1840 habe
2203 1787 2465 1857 scriptum
2505 1804 2534 1841 a
2571 1788 2759 1842 divino
2792 1788 2959 1844 Paulo
2993 1808 3005 1844 :
3040 1789 3127 1842 Sic
3166 1801 3342 1843 autem
3384 1807 3509 1860 pec-

1934 1888 2110 1933 cantes
2144 1880 2199 1932 in
2247 1882 2468 1951 fratres,
2512 1890 2560 1933 et
2610 1882 2955 1949 percttticntcs
3006 1899 3185 1935 eorum
3239 1884 3509 1951 inﬁrmam

1932 1972 2341 2037 conscientiam,
2383 1973 2438 2025 in
2486 1972 2748 2027 Christum
2791 1975 3041 2041 peccatis.
3083 1975 3151 2029 Et
3208 1984 3267 2029 nt
3307 1976 3515 2045 aliquid;

1932 2064 2094 2117 etiam
2136 2080 2199 2119 ex
2233 2066 2556 2134 propheticis
2606 2065 2797 2134 loquar
2832 2066 3108 2120 codicibus
3155 2084 3166 2119 :
3209 2067 3510 2136 Justiﬁcata

1932 2166 2007 2208 est
2055 2156 2279 2209 Sodoma
2337 2174 2400 2210 ex
2452 2168 2537 2221 te,
2568 2158 2847 2227 Superasti
2900 2174 3233 2229 paganorum
3261 2162 3507 2218 verbosi-

1932 2256 2105 2312 tates,
2142 2265 2280 2318 quas
2310 2258 2500 2303 contra
2566 2249 2843 2303 Christum
2894 2250 3175 2314 fecerunt,
3224 2253 3508 2309 stultitiam

1929 2340 2299 2393 existimantes
2338 2355 2555 2393 erucem
2577 2382 2590 2404 ,
2636 2341 2773 2393 nihil
2796 2356 2916 2395 esse
2950 2342 3235 2396 ostendisti
3270 2342 3507 2398 .ltnlaicat

1929 2430 2197 2498 superbia:
2224 2430 2469 2484 crimina.
2502 2461 2566 2473 --
2618 2430 2711 2485 llis
2766 2432 2929 2502 igitur
2975 2432 3041 2486 ad
3090 2435 3508 2490 condemnatio-

1927 2538 2052 2576 nem
2083 2523 2352 2577 Theodori
2383 2524 2460 2578 sic
2488 2540 2516 2577 a
2549 2535 2739 2583 sancto
2782 2526 2981 2596 Cyrillo
3019 2527 3209 2593 dictis,
3253 2528 3379 2582 licet
3405 2527 3507 2581 ali-

1926 2615 2046 2683 quis
2098 2615 2389 2678 concedat,
2422 2618 2719 2683 secundum
2770 2616 2985 2671 illorum
3042 2619 3207 2671 verba
3255 2627 3503 2673 sanctum

1925 2704 2183 2773 Cyrillum
2224 2706 2429 2775 aliquid
2470 2722 2567 2775 pro
2598 2706 2885 2761 Theodoro
2913 2708 3148 2774 dixisse,
3188 2726 3364 2780 neque
3402 2712 3508 2767 hoc

1926 2796 2117 2850 liberat
2168 2798 2315 2851 illum
2369 2814 2397 2851 a
2452 2800 2925 2855 condemnatione.
2998 2801 3310 2857 Invenimus
3358 2803 3505 2858 enim

1924 2891 2067 2958 quod
2119 2892 2273 2944 multi
2305 2902 2615 2945 sanctorum
2667 2892 2888 2946 Patrum
2916 2895 3178 2963 quosdam
3216 2896 3504 2951 hiereticos

1923 2983 2397 3047 collaudavernnt,
2431 2984 2571 3038 sicut
2623 2994 2679 3037 et
2712 2986 2885 3039 sancti
2930 2987 3191 3041 Damasus
3252 2998 3306 3042 et
3335 2989 3503 3042 Atha-

1924 3076 2108 3127 nasius
2160 3084 2215 3128 et
2252 3074 2476 3130 Basilius
2539 3077 2974 3146 Apollinarium,
3019 3088 3074 3132 et
3134 3088 3353 3133 sanctus
3390 3080 3502 3135 Leo

1920 3167 2198 3236 Eutychen
2250 3186 2263 3221 :
2311 3177 2363 3222 et
2424 3177 2603 3223 tamen
2655 3170 2869 3239 cognita
2947 3186 3134 3224 eorum
3191 3172 3497 3241 impietate,

1916 3275 2026 3312 non
2074 3270 2299 3328 propter
2347 3262 2452 3313 hoc
2481 3270 2771 3315 evaserunt
2813 3262 3052 3317 hteretici
3084 3264 3501 3319 condemnatio-

1916 3368 2042 3405 nem
2073 3360 2127 3404 et
2158 3354 2448 3406 anathema
2468 3397 2480 3419 ,
2524 3355 2667 3423 quod
2696 3365 2881 3424 postea
2920 3363 3107 3409 contra
3136 3371 3323 3410 eorum
3370 3373 3498 3426 per-

1916 3459 2103 3497 sonant
2137 3454 2191 3497 et
2222 3446 2556 3514 impietatem
2589 3446 2791 3500 factum
2819 3457 2923 3502 est.
2957 3449 3164 3503 Tantus
3198 3458 3378 3503 autem
3414 3459 3498 3505 est

1916 3538 2067 3591 furor
2100 3537 2513 3593 defendentium
2559 3540 2943 3607 Theodorum,
2982 3543 3107 3611 quia
3159 3552 3497 3611 prazsumunt

1914 3630 2174 3685 adversus
2205 3631 2523 3703 Gregorium
2554 3632 2893 3704 Theologum
2916 3676 2930 3700 ,
2976 3642 3031 3688 et
3055 3634 3318 3690 Joannem
3346 3634 3493 3689 Con-

1913 3724 2457 3793 stantinopolitanum
2492 3726 2755 3793 mentiri,
2821 3728 3066 3784 dicentes
3122 3730 3378 3799 epistolas
3424 3732 3491 3787 ad

1912 3817 2163 3871 eumdem
2195 3817 2541 3873 Theodorum
2595 3821 2784 3889 plenas
2838 3822 3017 3876 laudis
3060 3837 3155 3876 eos
3181 3824 3439 3879 direxisse
3473 3845 3488 3881 :

1910 3910 2055 3978 quod
2082 3911 2276 3965 falsum
2305 3923 2404 3967 est.
2435 3912 2728 3984 Gregorius
2753 3915 2896 3969 enim
2923 3958 2936 3981 ,
2968 3932 3090 3969 cum
3130 3918 3184 3969 in
3221 3918 3491 3973 C0iistan-

1910 4002 2133 4070 ῐὶηοροιὶ
2173 4020 2271 4073 pro
2314 4006 2541 4059 veritate
2586 4007 2875 4073 laborans,
2920 4010 3196 4063 conversis
3234 4027 3329 4079 per
3363 4027 3489 4065 eum

1910 4097 1977 4149 ab
2009 4096 2206 4149 Ariana
2236 4097 2447 4150 insania
2478 4098 2543 4151 ad
2573 4099 2899 4153 catholicam
2940 4100 3099 4154 fidem
3146 4103 3389 4171 populis,
3420 4105 3487 4157 ad

1908 4204 2059 4242 suam
2091 4188 2320 4258 patriam
2354 4205 2608 4243 reversus
2637 4198 2754 4254 est,
2780 4192 3037 4261 epistolas
3071 4209 3205 4261 quas
3247 4194 3486 4249 haeretici

1908 4280 2093 4334 dolose
2137 4279 2457 4349 proferunt,
2493 4298 2603 4334 non
2652 4283 2721 4336 ad
2754 4283 3102 4339 Theodorum
3149 4286 3486 4356 Mopsueste-

1906 4388 2037 4425 num
2078 4372 2328 4442 scripsit,
2382 4374 2476 4427 sed
2507 4374 2572 4427 ad
2605 4373 2950 4430 Theodorum
2997 4379 3312 4448 episcopum
3346 4378 3484 4449 Tya-

233 4459 557 4530 κακούργως
588 4459 1001 4530 προφερομένας
1030 4460 1319 4525 ἐπιστολὰς
1340 4464 1401 4514 οὐ
1436 4464 1573 4534 πρὸς
1603 4465 1803 4519 Θεόδω-

1925 4480 2132 4517 tenscm
2164 4462 2427 4535 [Tyanon.
2461 4466 2536 4519 sic
2561 4476 2610 4519 et
2643 4466 2880 4539 Leuncl.]
2904 4509 2919 4533 ,
2947 4485 3066 4539 qua:
3120 4478 3203 4524 est
3232 4472 3485 4527 secundae

236 4568 322 4620 ρον
372 4552 465 4603 τὸν
506 4550 879 4619 Μοψουεστίας
908 4550 1163 4621 ἔγραψεν,
1195 4552 1332 4605 ἀλλά
1363 4554 1500 4625 πρὸς
1526 4555 1801 4626 Θεόδωρον

234 4641 531 4694 ἐπίσκοπον
583 4641 807 4695 Τυάνων
859 4640 999 4711 (62),
1030 4641 1152 4711 ἧτις
1198 4644 1348 4696 ἐστὶν
1392 4646 1491 4717 τῆς
1538 4647 1801 4720 δευτέρας

1905 4556 2261 4625 Cappadocia:
2291 4559 2628 4627 metrOpolis.
2663 4558 2917 4629 Ejusdem
2963 4572 3145 4616 autem
3192 4565 3485 4633 provincia:

1908 4659 2035 4702 sunt
2061 4659 2116 4703 et
2146 4649 2446 4706 Nazianzus
2480 4650 2854 4727 [Nanziantus]
2880 4696 2894 4719 ,
2924 4656 3113 4710 civitas
3137 4698 3151 4723 ,
3179 4659 3333 4729 cujus
3359 4658 3480 4715 fue-

1590 4852 1913 4908 DUCANGH
1948 4854 2179 4909 ΝΟΤᾸΞ.

303 5000 411 5073 (62)
442 5002 809 5076 Ἐπίσκοπον
851 5004 1106 5076 Τυάνων.
1133 5004 1209 5076 _ln
1265 5005 1469 5060 Notitia
1516 5006 1797 5076 episcopa-

235 5083 379 5126 tuum
444 5073 643 5127 Leonis
703 5075 863 5144 imp.,
910 5073 1233 5144 Ἐπαρχίας,
1291 5073 1717 5139 Καππαδοκίας,
1768 5080 1797 5128 ὁ

237 5144 471 5215 Τυάνων,
508 5146 627 5212 ἢτοι
673 5145 1116 5215 Χριστουπόλεως
1151 5152 1230 5205 ιε’,
1260 5148 1549 5199 statuitur:
1588 5149 1794 5215 Ἐπαρ-

236 5214 347 5282 χίας
384 5229 515 5267 vero
544 5213 937 5277 Καππαδοκίας
962 5214 1107 5267 δευτέ
1120 5231 1215 5285 ρας
1244 5218 1270 5268 ὁ
1294 5216 1551 5269 Μωκισοῦ
1583 5218 1684 5304 κζ’.
1716 5213 1791 5270 Ita

1904 5011 1957 5085 in
1985 5010 2103 5064 aliis
2142 5012 2348 5085 notitiis
2377 5014 2520 5082 apud
2549 5014 2805 5078 Gnarum,
2840 5033 2955 5085 pag.
2995 5019 3098 5073 5ίῦ
3135 5029 3187 5072 et
3212 5019 3349 5085 518;
3373 5019 3480 5074 Co-

1904 5081 2166 5158 lonea___et
2217 5081 2523 5158 Djazianms
2556 5085 2611 5158 in
2660 5081 3474 5158 secundaHCappadoeia,pag.

1902 5165 2030 5202 vero
2053 5152 2189 5214 556;
2235 5151 2560 5220 Mopsuestia
2591 5154 2647 5206 in
2674 5158 2913 5210 secunda
2942 5151 3145 5217 Cilicia.
3177 5161 3332 5217 cuius
3356 5151 3477 5213 ine.

1902 5221 2125 5289 tropolis
2162 5223 2477 5277 Anabarzus
2508 5223 2730 5291 dicitur,
2771 5238 3070 5295 ponuntur.

1519 5421 1752 5478 VARIA‘Z
1780 5424 2183 5483 LECTIONES.

301 5582 323 5659 ξ
353 5585 444 5659 ἐπὶ
468 5585 655 5659 πλείω.
684 5588 760 5641 De
790 5586 1019 5659 formula
1049 5589 1151 5643 hac
1182 5589 1545 5645 semibarbara
1595 5588 1704 5659 vid.
1733 5594 1944 5659 Aannot.
2002 5590 2067 5643 ad
2120 5590 2393 5659 Xenoph.,

240 5652 562 5729 11133100.]
592 5660 716 5714 Cor.
753 5675 867 5717 VIII,
911 5657 995 5713 12.
1071 5660 1090 5691 ⁸
1123 5659 1221 5729 τὴν
1267 5676 1376 5715 om.
1398 5660 1459 5713 Ρ.
1536 5659 1556 5689 ⁷
1588 5657 1883 5727 φθέγξομαι
1914 5658 2001 5712 PV
2039 5661 2235 5715 Ezech.
2269 5652 2390 5728 ivi,
2411 5663 2498 5718 51.

241 5722 279 5754 ¹⁹
304 5724 355 5777 δέ
382 5742 494 5783 om.
518 5725 579 5781 Ρ.
658 5729 696 5760 ¹¹
725 5730 805 5781 ὅτι
830 5729 893 5781 Ρ.

2451 5593 2595 5672 ῌίιςιἰ
2624 5595 2841 5672 Αστπτ..
2878 5596 2942 5672 l_l,
2972 5598 3032 5672 2,
3059 5600 3153 5672 16,
3198 5619 3315 5672 pag.
3343 5603 3467 5658 285.

2576 5664 2837 5735 ’θυοοσῑ
2877 5667 2940 5721 ﬂ.
3018 5671 3039 5701 ⁹
3088 5664 3214 5722 τῶν’
3242 5664 3351 5727 diu.
3404 5672 3469 5727 Ρ.
