4096 6296
622 310 722 371 947

1804 330 2235 391 CHRONICON
2289 333 2613 396 PASCHAL
2630 340 2692 398 Ε.

3770 350 3866 412 94δ

622 438 702 481 rat
762 429 1055 501 episcopus
1112 433 1254 490 idem
1300 448 1503 495 sanctae
1565 444 1839 499 memoria:
1905 446 2188 518 Gregorius

2300 454 2684 508 Καππαδόκων
2712 458 3038 528 μητρόπολις
3057 474 3072 488 ο
3102 461 3200 529 τῆς
3233 460 3289 513 δὲ
3312 460 3482 531 αὐτῆς
3514 459 3701 532 χώρας
3730 466 3869 517 ἐστὶν

619 529 674 573 et
700 519 966 577 Arianzus
997 527 1258 595 praedium
1278 569 1293 595 ,
1318 532 1461 586 unde
1492 544 1646 589 ortus
1673 535 1870 591 fuerat.
1904 538 2019 595 Hoc
2042 541 2190 595 enim

618 621 673 665 et
714 615 844 682 ipsa:
870 619 1111 684 epistola
1143 631 1330 688 aperte
1377 625 1718 693 signiﬁcant,
1749 632 2068 684 memoriam
2109 633 2193 685 fa-

619 702 827 759 cientes
881 710 1337 766 consuetudinum
1371 723 1428 768 et
1473 716 1893 783 collectionum,
1942 729 1998 776 et
2044 723 2193 793 ejus-

620 793 743 848 dem
775 798 958 865 przedii
993 799 1242 867 Arianzi,
1291 812 1346 858 et
1396 806 1626 861 aliorum
1674 810 2000 878 przediorum
2051 815 2197 884 ejus-

622 887 747 940 dem
807 891 1136 959 provincize,
1171 902 1224 949 et
1270 898 1474 953 mensis
1505 902 1795 956 vernacula
1839 904 2020 975 lingua
2050 905 2193 976 Cap-

620 980 886 1048 padocum
906 985 1190 1052 nominati,
1220 997 1274 1042 et
1292 988 1574 1060 Bosphorii
1595 993 1836 1065 episcopi
1868 997 1969 1051 sub
2001 999 2194 1053 eodem

622 1072 907 1129 Theodoro
928 1078 1227 1142 constituti,
1259 1082 1350 1149 qui
1381 1091 1509 1137 tunc
1532 1088 1789 1155 temporis
1803 1087 2041 1143 Coloniae
2062 1091 2195 1144 civi-

620 1156 744 1209 tatis
757 1156 997 1225 ejusdem
1016 1164 1306 1228 provinciae
1322 1166 1609 1236 episcopus
1627 1178 1762 1234 erat,
1780 1172 2070 1227 etaliorum
2090 1175 2198 1244 epi-

616 1263 924 1318 scoporum,
968 1263 1023 1307 et
1058 1254 1571 1327 chorepiscoporum
1614 1268 1669 1315 et
1718 1266 2194 1331 monasteriorum,

615 1354 736 1408 quae
762 1342 863 1396 sub
883 1342 1155 1399 Theodori
1176 1348 1555 1417 jurisdictionc
1575 1361 1750 1411 erant.
1774 1371 2001 1423 quorum
2026 1373 2197 1426 usque

618 1440 767 1481 nunc
793 1428 982 1483 eadem
1011 1432 1231 1486 nomina
1263 1445 1571 1490 servantur.
1622 1437 1805 1504 Qualis
1850 1457 2012 1510 porro
2049 1459 2198 1497 com-

615 1517 805 1572 munio
858 1519 1271 1591 Cappadocibus
1314 1527 1379 1581 ad
1450 1531 1742 1585 secundam
1792 1533 2034 1609 Ciliciam
2064 1578 2078 1600 ,
2112 1536 2194 1591 vel

619 1618 752 1663 tunc
773 1648 788 1673 ,
819 1611 907 1666 vel
943 1614 1105 1668 modo
1141 1615 1312 1671 divisa
1345 1634 1531 1674 earum
1565 1624 1967 1691 provinciarum
2000 1628 2199 1696 guber-

614 1702 882 1759 natione?
934 1704 1000 1761 Et
1028 1724 1163 1777 quos
1195 1711 1478 1781 episcopos
1525 1716 1625 1770 sub
1653 1731 1711 1770 se
1756 1718 1956 1773 habere
1990 1728 2197 1789 poterat

2300 546 2333 614 ἡ
2357 544 2561 608 Ναζιαν
2573 548 2683 611 ζὸς,
2713 544 2781 620 ἧς
2809 549 3029 616 γέγονεν
3060 550 3356 617 ἐπίσκοπος
3376 556 3405 605 ό
3425 554 3586 616 αὐτὸς
3616 556 3676 607 ἐν
3702 556 3871 623 ἁγίοις

2298 636 2600 707 Γρηγόριος
2621 639 2686 701 η,
2719 640 2813 693 καὶ
2834 630 3201 710 ῗΔριανζὸςτὸ
3226 642 3445 712 χωρίον,
3473 644 3595 697 ὅθεν
3626 645 3869 715 ὥρμητο.

2298 728 2474 781 Τοῦτο
2502 729 2611 801 γὰρ
2642 731 2736 783 καὶ
2777 730 2937 785 αὑταὶ
2977 732 3164 798 σαφῶς
3200 733 3453 804 δηλοῦσιν
3482 737 3536 787 αἱ
3571 737 3868 801 ἐπιστολαὶ,

2300 820 2647 889 μεμνημέναι
2666 820 2803 873 ἐθῶν
2822 822 2867 852 ¹⁸
2896 822 2987 874 καὶ
3016 822 3173 893 371
3209 824 3445 877 συνόδων
3468 827 3562 877 καὶ
3588 827 3684 878 τοῦ
3711 828 3867 879 αὑτοῦ

2299 912 2499 980 χωρίου
2550 911 2835 983 Ἀριανζοῦ
2890 916 2984 967 καὶ
3033 916 3237 984 ἐτέρων
3289 919 3506 986 χωρίων
3554 919 3655 987 τῆς
3705 920 3867 989 αὐτῆς

2296 1001 2565 1071 ἐπαρχίας
2598 1002 2692 1054 καὶ
2732 1002 2916 1072 μηνῶν
2934 1003 2977 1034 ¹⁸
3005 1006 3072 1073 τῇ
3107 1005 3385 1075 ἐπιχωρίῳ
3413 1006 3683 1076 διαλέκτῳ
3716 1009 3865 1060 Καπ-

2298 1086 2548 1140 παδοκῶν
2575 1088 2974 1159 ὠνομασμένων
3006 1090 3097 1143 καὶ
3128 1092 3425 1163 Βοσπορίου
3448 1096 3750 1148 ἐπισκόπου
3774 1098 3872 1149 ὑπ’

2298 1173 2461 1230 αὺτὸν
2486 1178 2768 1243 τελοῦντος
2794 1180 3068 1245 Κολωνίας
3088 1183 3129 1214 ³⁸
3158 1183 3259 1253 τῆς
3291 1185 3495 1249 πόλεως
3532 1188 3628 1239 καὶ
3668 1188 3870 1257 ἐτέρων

2299 1269 2614 1324 ἐπισκόπων
2645 1272 2738 1325 καὶ
2777 1275 3204 1344 χωρεπισκόπων
3232 1277 3326 1330 καὶ
3359 1280 3743 1349 μοναστηρίων
3770 1281 3872 1333 ὑπὸ

2297 1357 2388 1411 τὸν
2438 1358 2599 1411 αὐτὸν
2619 1360 2661 1391 ¹⁶
2702 1361 3003 1417 τελούντων
3027 1363 3301 1435 Θεόδωρον
3340 1367 3782 1436 μνημονεύουσαι
3808 1370 3868 1433 ¹⁷,

2298 1444 2372 1505 ὧν
2400 1451 2497 1503 καὶ
2524 1452 2682 1523 μέχρι
2714 1453 2808 1506 νῦν
2834 1454 3066 1519 σώζεται
3093 1456 3162 1510 τὰ
3188 1457 3327 1511 αύτὰ
3357 1458 3617 1529 ὀνόματα.
3650 1461 3870 1514 Ποῖα-δέ

2303 1543 2563 1611 μετουσία
2597 1545 2984 1609 Καππαδόκοις
3016 1547 3154 1617 πρὸς
3182 1550 3308 1613 τοὺς
3336 1551 3444 1603 ἀπὸ
3472 1552 3572 1622 τῆς
3613 1553 3873 1623 δευτέρας

2300 1636 2552 1700 Κιλικίας
2596 1638 2628 1709 ἢ
2678 1639 2799 1691 τότε
2842 1639 2937 1711 ﬁ“
2966 1640 3060 1694 νῦν
3090 1643 3344 1713 ὑπάρχει,
3371 1643 3872 1716 διαμεμερισμένης

2300 1728 2398 1796 τῆς
2423 1729 2530 1782 τῶν
2558 1730 2838 1801 ἐπαρχιῶν
2869 1732 3074 1785 τούτων
3099 1734 3449 1806 διοικήσεως;
3481 1738 3514 1807 ἢ
3545 1737 3734 1800 ποίους
3759 1739 3873 1790 ἐπι-

616 1793 1032 1865 Mopsuestenus
1075 1803 1395 1873 episcOpus,
1437 1822 1563 1861 cum
1615 1808 1728 1876 ipse
1778 1812 1877 1865 sub
1923 1823 2188 1883 metropo-

2304 1793 2543 1884 σκόπους
2582 1793 2901 1891 ὑφ”ἐαυτὺν
2948 1824 3089 1894 ἔχειν
3137 1793 3366 1895 ἠδύνατο
3500 1793 3872 1897 δῐοψουεϋστίας

614 1885 782 1940 litano
812 1890 1060 1945 secunda:
1080 1891 1277 1948 Ciliciae
1306 1898 1629 1953 constitutus
1644 1903 1821 1955 esset?
1844 1901 2079 1958 Joannes
2094 1921 2194 1959 au-

615 1986 723 2032 tem
768 1980 1402 2054 Constantinopolitanus
1457 1991 1674 2060 scripsit
1716 1980 1934 2062 quidem
1986 1996 2192 2065 episto-

610 2067 718 2122 lam
769 2070 837 2124 ad
889 2070 1239 2130 Theodorum
1309 2077 1750 2149 Mopsuestenum
1782 2127 1797 2151 ,
1847 2102 1956 2140 non
2012 2096 2191 2143 tamen

612 2159 896 2228 laudibus,
934 2165 1031 2218 sed
1060 2167 1412 2233 querimoniis
1454 2173 2029 2244 et.increpationihus
2073 2180 2191 2249 ple-

613 2267 737 2306 nam
761 2291 775 2317 ,
810 2262 997 2323 utpote
1021 2255 1112 2311 illo
1151 2274 1182 2312 a
1212 2260 1350 2314 bona
1386 2267 1802 2322 conversatione
1830 2269 2002 2339 lapso.
2035 2271 2184 2337 Quo-

612 2345 760 2399 niam
818 2347 963 2401 enim
1016 2365 1139 2404 cum
1211 2367 1277 2405 eo
1325 2357 1700 2412 monachicam
1746 2361 1913 2415 vitam
1975 2363 2029 2415 in
2084 2380 2193 2419 uno

619 2438 922 2508 eodemque
1006 2444 1339 2498 monasterio
1404 2450 1647 2504 exercuit
1684 2490 1698 2514 ,
1769 2456 2193 2511 conversationis

613 2528 687 2582 ibi
734 2529 890 2585 facta:
933 2547 1057 2587 eum
1088 2535 1415 2592 admonuit:
1450 2549 1505 2594 et
1556 2557 1655 2611 pro
1692 2544 1777 2597 his
1824 2547 2190 2603 testimonium

612 2621 858 2691 praebent
909 2623 1283 2694 Sozomenus,
1337 2640 1394 2684 et
1439 2630 1771 2704 Hesychius,
1802 2647 1859 2692 et
1906 2637 2185 2699 Socrates.

614 2722 669 2766 et
714 2713 1118 2783 Theodoretus,
1152 2720 1243 2789 qui
1279 2723 1476 2777 multas
1509 2741 1609 2795 pro
1648 2727 1935 2785 Theodoro
1987 2733 2187 2786 oratio-

610 2818 712 2859 nes
742 2815 797 2860 et
827 2806 1015 2863 laudes
1046 2808 1193 2865 fecit.
1228 2813 1285 2867 Si
1315 2824 1495 2869 autem
1542 2819 1852 2876 testimonia
1903 2823 2189 2892 proferunt

608 2895 834 2952 Joannis
876 2902 1234 2970 Antiocheni,
1276 2915 1332 2961 et
1387 2907 1679 2967 Orientalis
1719 2915 1932 2969 concilii
1980 2919 2080 2971 sub
2120 2934 2186 2973 eo

610 2990 891 3046 constituti
913 3032 929 3054 ,
961 2992 1103 3050 facta
1149 3013 1250 3067 pro
1280 2998 1565 3056 Theodoro
1590 3043 1605 3066 ,
1643 3013 1698 3059 ct
1726 3006 1843 3075 ejus
1879 3008 2179 3078 impietate,

606 3094 833 3137 necesse
883 3094 967 3139 est
1007 3102 1129 3154 eos,
1157 3097 1214 3143 et
1260 3090 1350 3145 illa
1400 3093 1709 3163 suscipere,
1745 3112 1865 3167 quae
1901 3100 2180 3169 (quantum

607 3172 673 3226 ad
711 3173 830 3230 illos
871 3177 1132 3249 pertinet)
1186 3181 1253 3236 ad
1298 3153 1809 3243 condemnationem
1866 3153 2038 3247 sat-icti
2079 3194 2184 3264 Cy-
2213 3153 2258 3214 Ο

607 3265 714 3320 rilli
738 3307 751 3331 ,
785 3276 839 3322 et
890 3271 1332 3340 reprobationem
1385 3285 1545 3332 recta:
1584 3278 1705 3333 ﬁdei
1738 3280 1985 3338 fecerunt
2019 3285 2183 3339 Joan-
2214 3328 2215 3333 η

605 3372 706 3412 nes
750 3368 804 3413 et
856 3363 948 3428 qui
1000 3376 1122 3416 cum
1157 3364 1250 3417 illo
1296 3376 1487 3431 erant,
1538 3385 1641 3424 nec
1691 3386 1799 3425 non
1856 3376 2017 3431 etiam
2064 3394 2187 3446 quae

608 3450 977 3518 scripserunt,
1012 3452 1322 3510 Nestorium
1380 3468 1435 3513 et
1480 3461 1601 3529 ejus
1654 3464 1933 3532 perﬁdiam
1978 3469 2184 3526 diutius

606 3539 984 3597 defendentes.
1032 3544 1100 3598 Et
1146 3546 1250 3600 hoc
1276 3551 1581 3605 ostenditur
1615 3569 1679 3608 ex
1719 3556 1948 3612 diversis
1992 3576 2182 3618 eorum

608 3629 762 3685 libris
791 3642 848 3685 et
877 3634 1122 3703 epistolis
1142 3678 1156 3701 ,
1187 3654 1322 3706 quas
1367 3642 1435 3695 ad
1467 3643 1835 3701 Theodosium
1867 3650 1967 3719 pia)
2000 3669 2183 3709 recor-

607 3719 847 3776 dationis
869 3762 882 3785 ,
912 3733 967 3777 et
1016 3726 1081 3779 ad
1119 3728 1253 3782 alios
1286 3730 1534 3801 diversos
1562 3736 1919 3805 scripserunt.
1952 3743 2019 3796 Et
2069 3744 2184 3801 hazc

607 3812 828 3880 quidem
877 3814 956 3870 sic
986 3832 1045 3871 se
1089 3818 1314 3883 habent,
1350 3822 1420 3877 Ut
1466 3836 1647 3880 autem
1682 3829 1818 3883 nihil
1872 3834 2184 3892 subtilitatis

607 3905 1089 3972 praetermittamus
1125 3909 1202 3981 [et
1228 3912 1341 3967 haec
1361 3915 1578 3983 quidem
1601 3919 1698 3973 sic.
1725 3921 1792 3975 Ut
1823 3934 2024 3988 autem,
2050 3937 2178 3995 etc.,

607 3997 1090 4063 prastermittimus.
1124 4001 1362 4071 Leunct.,
1416 4018 1471 4061 et
1530 4019 1589 4063 ut
1622 4011 1737 4065 hzec
1765 4016 1984 4083 quidem
2041 4020 2182 4075 sicut

606 4082 746 4136 nihil
799 4086 1119 4144 subtilitatis
1187 4093 1440 4150 habentis
1490 4104 2023 4179 pnetcrmittamus],
2081 4126 2181 4164 ne-

607 4177 907 4232 cessarium
944 4184 1255 4250 putavimus
1293 4204 1595 4246 memorare
1620 4194 1781 4248 etiam
1816 4197 1929 4263 illa,
1966 4217 2085 4269 qua:
2112 4204 2180 4257 ab

606 4267 911 4339 Augustino
975 4283 1177 4331 sanctae
1259 4283 1535 4337 memoria:
1594 4285 1854 4343 Africano
1922 4293 2179 4364 episeopo

608 4359 812 4429 scripta
848 4372 996 4417 sunt.
1032 4364 1344 4431 Qumstionc
1377 4373 1523 4427 enim
1569 4377 1747 4447 aliqua
1794 4392 1912 4449 post
1948 4359 2177 4440 mortem

2301 1915 2619 1979 ἐπίσκοπος,
2651 1915 2813 1979 αὐτὸς
2840 1916 2944 1969 ὑπὸ
2971 1916 3062 1969 τὸν
3097 1919 3197 1987 τῆς
3225 1918 3394 1988 αὐτῆς
3428 1918 3689 1989 δευτέρας
3718 1920 3871 1973 Κιλι-

2300 2007 2424 2070 κίας
2456 2008 2855 2079 μητροπολίτην
2879 2008 3082 2073 τελῶν;
3112 2009 3365 2080 Ἰωάννης
3386 2011 3440 2063 δέ
3469 2013 3498 2063 ὁ
3526 2013 3873 2064 Κωνσταντι-

2300 2099 2603 2163 νουπὸλεως
2647 2099 2885 2172 ἔγραψεν
2941 2100 3229 2171 ἐπιστολὴν
3272 2100 3406 2172 πρὸς
3449 2102 3733 2173 Θεόδωρον
3782 2102 3873 2155 τὸν

2299 2190 2693 2259 Μοφουεστία-ς,
2715 2191 2814 2244 οὐκ
2843 2191 3079 2245 ἐπαίνων
3102 2192 3159 2244 δὲ
3179 2191 3316 2245 ἀλλὰ
3349 2192 3611 2263 μέμψεων
3640 2194 3736 2245 καὶ
3759 2195 3875 2246 ἐπι-

2297 2283 2570 2353 τιμήσεων
2590 2277 2754 2336 οὖσαν
2781 2282 3090 2353 μεστὴν,ὡς
3111 2284 3434 2347 ἐκπεσόντος
3454 2284 3621 2337 αὑτοῦ
3644 2285 3747 2354 τῆς
3768 2285 3874 2338 θεο-

2300 2374 2533 2438 σεϐείας.
2557 2375 2912 2445 Συνασκήσας
2932 2375 3039 2446 γὰρ
3058 2375 3207 2447 αὐτῷ
3224 2377 3316 2430 τὸν
3340 2379 3547 2448 μονήρη
3575 2377 3694 2447 βίον
3721 2385 3779 2430 ἐν
3795 2378 3872 2431 ἐνὶ

2298 2465 2482 2535 καὶτῷ
2498 2465 2645 2536 αὐτῷ
2665 2469 3011 2539 μοναστηρίιρ
3034 2470 3132 2538 τῆς
3159 2470 3339 2522 ἐκεῖσε
3359 2458 3742 2540 ωνδιαγωγῆς
3754 2472 3872 2523 ἀνα·

2301 2557 2597 2627 μιμνήσκει
2628 2556 2810 2623 αὐτὸν,
2847 2558 2940 2611 καὶ
2965 2556 3139 2611 ταῦτα
3171 2558 3509 2629 μαρτυροῦσι
3527 2560 3871 2628 Σωζόμενος,

2297 2647 2391 2700 καὶ
2422 2646 2696 2717 Ἦσύχιος,
2724 2647 2818 2700 καὶ
2847 2649 3163 2719 Σωκράτης,
3202 2649 3667 2720 καὶθεοδώρητος
3690 2653 3719 2702 ὁ
3747 2650 3872 2703 πολ-

2295 2737 2420 2799 λοὺς
2444 2737 2585 2807 ὑπὲρ
2609 2737 2883 2809 Θεοδώρου
2918 2738 3108 2807 λόγους
3133 2757 3193 2792 τε
3225 2741 3320 2794 καὶ
3337 2743 3380 2773 ¹⁹
3413 2742 3675 2804 ἐπαίνους
3698 2742 3871 2794 ἐκτεί-

2294 2847 2407 2893 νας.
2428 2831 2489 2882 Εί
2516 2830 2570 2882 δέ
2593 2830 2927 2902 προφέρουσι
2948 2832 2994 2864 ²⁰
3024 2833 3329 2905 μαρτυρίας
3359 2835 3603 2888 Ἰωάννου
3628 2834 3726 2888 τοῦ
3763 2837 3873 2887 Ἀν-

2292 2922 2527 2992 τιοχείας
2556 2924 2653 2976 καὶ
2694 2924 2792 2993 τῆς
2823 2923 2913 2977 ὑπ’
2939 2925 3101 2977 αὐτὸν
3128 2926 3453 2996 ἀνατολικῆς
3484 2926 3709 2978 συνόδου
3733 2924 3871 2994 ὑπὲρ

2291 3012 2564 3085 Θεοδώρου
2591 3013 2684 3066 καὶ
2713 3014 2812 3083 τῆς
2834 3013 2998 3067 αὑτοῦ
3018 3014 3271 3079 ἀσεϐείας
3296 3016 3619 3085 γενομένας,
3652 3016 3869 3084 ἀνάγκη

2292 3101 2489 3164 αὐτοὺς
2505 3102 2732 3155 κάκεῖνα
2748 3102 3023 3167 δέξασθαι,
3039 3102 3180 3173 ἅπερ
3196 3104 3318 3157 ὅσον
3332 3104 3392 3157 τό
3410 3121 3472 3172 γε
3490 3104 3576 3156 ἐπ’
3589 3104 3781 3167 αὐτοῖς
3794 3106 3870 3167 είς

2293 3194 2619 3264 κατάκρισιν
2647 3193 2739 3246 τοῦ
2774 3195 2831 3247 ἐν
2856 3194 3032 3262 ἁγίοις
3064 3195 3334 3266 Κυρίλλου
3361 3197 3457 3250 καὶ
3482 3195 3743 3268 ἀθέτησιν
3772 3198 3868 3267 τῆς

2287 3285 2452 3355 ὀρθῆς
2482 3286 2718 3349 πίστεως
2744 3287 2791 3338 οἱ
2819 3288 2945 3357 περὶ
2968 3288 3223 3357 Ἰωάννην
3252 3287 3579 3356 ἐτόλμησαν,
3607 3289 3704 3340 καὶ
3725 3288 3867 3359 ἅπερ

2287 3379 2551 3449 ἔγραψαν,
2584 3379 2880 3451 Νεστόριον
2926 3381 3018 3433 καὶ
3061 3380 3160 3451 τὴν
3204 3381 3367 3435 αὑτοῦ
3403 3382 3725 3446 κακοδοξίαν
3776 3384 3868 3435 ἐπὶ

2286 3470 2540 3523 πλεῖστον
2572 3470 2763 3541 χρόνον
2793 3470 3156 3535 ἐκδικοῦντες.
3181 3472 3291 3525 Καὶ
3319 3472 3476 3526 τοῦτο
3504 3472 3781 3525 δείκνυται
3804 3474 3867 3525 ἐκ

2285 3562 2555 3631 διαφόρων
2583 3562 2762 3614 αὐτῶν
2789 3561 2963 3630 λόγων
2997 3580 3054 3616 τε
3090 3552 3187 3617 καὶ
3213 3563 3512 3617 ἐπιστολῶν
3559 3566 3700 3628 πρὸς
3741 3565 3867 3618 Θεο-

2285 3655 2460 3709 δόσιον
2488 3654 2579 3707 τὸν
2608 3654 2707 3723 τῆς
2734 3654 2990 3717 εὐσεϐοῦς
3028 3654 3233 3725 λήξεως
3276 3657 3369 3710 καὶ
3410 3656 3631 3728 ἐτέρους
3678 3657 3866 3725 διαφό-

2288 3763 2413 3816 ρους
2440 3744 2773 3816 γραφεισῶν.
2797 3746 2905 3797 Kal
2931 3745 3103 3799 ταῦτα
3137 3747 3237 3817 μέν
3268 3746 3584 3809 οὓτως.’Ίνα
3610 3747 3670 3800 δὲ
3699 3750 3865 3819 μηδὲν

2283 3837 2383 3906 τῆς
2411 3837 2696 3907 ἀκριϐείας
2718 3836 3164 3907 παραλείψωμεν,
3199 3840 3494 3907 ἀναγκαῖον
3529 3840 3863 3909 ἐνομίσαμεν

2288 3930 2589 4000 μνησθῆναι
2634 3929 2724 3981 καὶ¹
2767 3928 2875 3982 τῶν
2927 3931 3246 3999 γραφέντων
3294 3931 3444 4001 παρὰ
3496 3933 3859 4000 Αὐγουστίνου

2283 4022 2378 4075 τοῦ
2406 4022 2506 4089 τῆς
2532 4020 2683 4083 ὁσίας
2717 4022 2937 4091 μνήμης
2970 4023 3269 4075 ἐπισκόπου
3294 4024 3352 4075 ἐν
3378 4024 3609 4096 Ἀφρικῇ
3634 4027 3863 4096 γενομέ-

2283 4131 2397 4166 νου.
2433 4113 2722 4182 Ζητήσεως
2748 4114 2854 4183 γάρ
2884 4129 3028 4175 τινος
3057 4114 3187 4183 περὶ
3209 4114 3562 4168 Καικιλιανοῦ
3596 4118 3742 4185 μετὰ
3763 4117 3858 4170 θά-

2283 4222 2441 4259 νατον
2472 4203 2633 4258 αὐτοῦ
2665 4204 2999 4274 κινηθείσης,
3031 4204 3107 4268 ὡς
3137 4206 3237 4276 τῆς
3264 4208 3726 4281 ἐκκλησιαστικῆς
3751 4228 3857 4263 πα-

2293 4298 2665 4369 ρατραπὲντος
2714 4297 3086 4372 παραδόσεως,
3119 4300 3214 4352 καί
3261 4318 3421 4354 τινων
3455 4302 3648 4355 τούτου
3700 4305 3859 4374 χάριν

2284 4390 2635 4462 χωρισάντων
2661 4391 2887 4454 ἑαυτοὺς
2909 4391 3008 4461 τῆς
3033 4391 3328 4463 καθολικῆς
3355 4392 3553 4465 Ἐκκλη
3564 4396 3707 4459 σίας,
3729 4397 3858 4467 γρά-

608 4444 882 4506 (Σωοίιὶοἰιί
917 4455 986 4509 de
1024 4471 1088 4512 eo
1137 4470 1281 4514 mota
1305 4492 1339 4525 ,ι
1366 4466 1511 4531 quod
1555 4468 1622 4521 ab
1664 4471 2026 4529 ecclesiastica
2067 4486 2175 4530 tra-

2291 4444 2383 4552 φει⁸
2405 4483 2539 4553 πρὸς
2569 4444 2886 4550 Βονιφάτιον
2916 4483 2945 4534 ό
2963 4444 3131 4547 Ιοίὺτὸς
3160 4484 3263 4553 τῆς
3285 4444 3459 4550 ⁸ὁσίας
3492 4444 3715 4558 μύήμης
3739 4444 3856 4541 ’Χύ-

607 4540 813 4596 ditione
848 4544 1151 4604 declinasse
1194 4551 1495 4620 dicebatur,
1557 4566 1613 4612 et
1642 4571 1862 4630 propter
1896 4565 1997 4619 hoc
2051 4568 2177 4637 qui-

608 4631 837 4687 busdam
877 4651 909 4690 a
940 4640 1207 4697 catholica
1258 4645 1499 4702 Ecclesia
1557 4653 1851 4719 separatis,
1894 4631 2083 4713 scribit
2110 4662 2178 4716 ad

605 4721 945 4782 Bonifacium
994 4730 1138 4786 idem
1193 4746 1414 4792 sanctus
1463 4739 1827 4811 Augustinus,
1870 4748 2014 4815 quod
2064 4765 2177 4805 non

602 4818 925 4883 oportebat,
976 4822 1185 4893 aliquos
1227 4826 1350 4883 ideo
1390 4844 1645 4899 separare
1677 4849 1796 4889 sese
1841 4853 1871 4890 a
1911 4840 2175 4897 catholica

607 4909 874 4964 bcuesia.
938 4912 993 4968 Si
1034 4917 1181 4970 enim
1234 4904 1596 4977 vera‘essent
1645 4940 1707 4979 ea
1738 4943 1857 4996 quae
1888 4930 2176 4989 Caeciliano

604 4997 1001 5070 inferebantur,
1034 5016 1091 5061 et
1119 5010 1499 5068 manifestatus
1525 5026 1669 5071 esset
1715 5024 2044 5077 contrarium
2075 5026 2177 5079 ali-

603 5090 733 5158 quid
765 5094 1134 5155 ecclesiastico
1168 5104 1330 5157 statui
1367 5083 1613 5175 sapuisse
1634 5150 1648 5172 ,
1685 5110 1846 5165 etiam
1878 5125 2001 5183 post
2034 5132 2177 5171 mor-

602 5190 711 5234 tem
765 5200 891 5241 eum
943 5191 1274 5248 anathemati
1333 5198 1680 5267 subjicerem.
1736 5203 1842 5257 Sed
1887 5215 1943 5259 et
1994 5211 2175 5278 regula

600 5284 803 5331 sancta:
881 5281 1071 5348 synodi
1146 5285 1413 5343 Africanae
1466 5292 1655 5346 statuit
1712 5295 2028 5367 episcopos,
2083 5304 2175 5370 qui

2284 4578 2562 4643 γουστῖνος
2591 4574 2665 4637 ὡς
2686 4575 2785 4627 οὐκ
2809 4574 2916 4627 ἔδει
2940 4576 3091 4639 τινὰς
3116 4576 3203 4630 διὰ
3224 4578 3377 4630 τοῦτο
3404 4579 3632 4649 χωρίσαι
3656 4580 3701 4610 ¹¹
3728 4581 3855 4633 ἐαυ-

2283 4668 2408 4731 τοὺς
2450 4667 2553 4737 τῆς
2598 4665 2891 4738 καθολικῆς
2929 4667 3279 4739 Ἐκκλησίας·
3312 4671 3359 4722 εἰ
3390 4671 3498 4741 γὰρ
3540 4671 3718 4743 ἀληθῆ
3751 4673 3855 4725 ὑπ-

2281 4760 2452 4832 ῆρχεν
2506 4759 2577 4814 τὰ
2622 4760 2938 4831 ἐπαγόμενα
2988 4763 3345 4834 Καικιλιανῷ,
3387 4766 3484 4817 καὶ
3532 4766 3852 4839 ἐφανερώθη

2283 4853 2502 4907 ἐναντία
2531 4854 2802 4924 φρονήσας
2857 4854 2955 4922 τῆς
3003 4854 3297 4926 καθολικῆς
3347 4857 3524 4927 372
3574 4861 3852 4913 καταστά-

2283 4962 2440 5009 σεως,
2464 4945 2558 4998 καὶ
2587 4945 2724 5013 μετὰ
2751 4944 2980 4999 θάνατον
3006 4945 3073 4998 ἂν
3096 4947 3284 4999 τοῦτον
3312 4948 3613 5018 ἀναθὲματι
3647 4950 3851 5003 ὑπέδα-

2276 5035 2388 5089 λον.
2416 5034 2583 5088 Ἀλλὰ
2612 5035 2707 5087 καὶ¹
2736 5034 2914 5088 κανὼν
2946 5036 3045 5104 τῆς
3071 5037 3228 5105 ἁγίας
3259 5040 3317 5091 ἐν
3348 5039 3577 5110 Ἀφρικῇ
3627 5043 3848 5095 συνόδου

2273 5124 2582 5194 διαγορεύει
2611 5124 2738 5186 τοὺς
2762 5124 3093 5188 ἐπισκόπους
3122 5127 3245 5188 τοὺς
3272 5125 3367 5197 τὴν
3392 5128 3595 5181 οίκείαν
3626 5148 3851 5202 περιου-

2276 5218 2396 5269 σίαν
2429 5216 2462 5286 ἢ
2492 5218 2549 5269 ἐν
2585 5216 2818 5287 διαθήκῃ
2871 5216 2904 5288 ἢ
2948 5217 3005 5285 ἐξ
3052 5218 3331 5273 ἀδιαθέτου
3372 5223 3633 5293 αἱρετικῷ
3666 5244 3833 5296 παρα-

2277 5307 2593 5375 πέμποντας
2625 5307 2823 5377 χρῆναι
2871 5308 2965 5361 καὶ
3016 5308 3153 5378 μετὰ
3197 5309 3421 5364 θάνατον
3453 5313 3847 5386 ἀναθεματίζεο

1884 5480 2113 5538 VARI/IS
2155 5487 2557 5547 LECTlONES.

673 5594 716 5685 ίξ
739 5594 1037 5685 Γρίηγὸριος
1077 5601 1287 5685 ὀάὑτδς
1312 5604 1379 5685 ἐν
1404 5608 1579 5685 ῥγίοις
1604 5610 1824 5680 γέγονεν
1851 5617 2142 5685 ἐπίσκοπος
2169 5624 2229 5675 Ρ.

1022 5662 1027 5663 γ
1269 5662 1281 5667 _
1454 5662 1465 5675 ι
1564 5662 1577 5671 ,.
1615 5662 1815 5680 ,ει-ν--
1852 5662 2113 5673 --νν---νιιν
2169 5662 2229 5675 ι.
2466 5662 2509 5682 lu
2669 5678 2681 5690 ,
2761 5662 2802 5669 "
2996 5662 3022 5689 ν
3055 5662 3099 5690 ω
3168 5662 3206 5691 ι’
3344 5662 3469 5691 νω’”
3514 5662 3566 5693 VI
3650 5662 3690 5673 u'
3721 5662 3835 5694 δυ)-

926 5662 1044 5782 Ῥίξῑ
1064 5670 1172 5725 τῶν
1197 5672 1374 5727 αὐτῶν
1402 5678 1455 5732 Ρ.
1538 5681 1579 5712 ³⁷
1615 5686 1980 5753 μνημονεῦσαι
2006 5662 2139 5747 PV.‘
2192 5694 2232 5723 “'
2262 5694 2292 5764 ἦ
2326 5662 2543 5757 οιῖἶνιιῗ
2573 5662 2658 5738 τέ’
2694 5662 3004 5776 λόγουᾞΞὲίὶ
3034 5708 3074 5762 Ρ
3101 5662 3232 5764 ξοιίιῖ
3267 5662 3355 5741 μῖϊο
3379 5674 3749 5782 προσφέρουσι
3778 5713 3835 5765 l'.

677 5754 687 5763 '
726 5758 753 5782 υ
817 5775 822 5782 .
865 5779 872 5782 _
906 5757 917 5782 '_
1057 5779 1064 5782 .

600 5734 643 5766 "
677 5736 917 5807 χωρῆσαι
942 5739 983 5794 Ρ
1007 5741 1067 5792 γ.

2310 5630 2543 5709 “semp
2746 5638 2803 5709 7“
2841 5638 3129 5709 “ni/(1)8175);
3168 5639 3229 5702 P,
3267 5638 3372 5709 μὴν
3396 5639 3469 5702 ὡς
3502 5639 3566 5693 ν’.
3650 5642 3690 5673 ²⁸
3720 5643 3842 5694 Κω-
