4096 6296
295 323 405 386 949

1487 317 1920 380 CHRONICON
1977 321 2376 381 PASCIIALE.

3459 325 3561 387 950

297 438 448 492 σθαι.
479 435 620 509 Πρὸς
649 436 857 501 τούτοις
891 437 948 490 δὲ
985 437 1156 491 ἅπασι
1190 440 1275 502 τίς
1300 440 1484 506 ἀγνοεῖ
1511 437 1582 490 τὰ
1613 439 1670 490 ἐν
1704 435 1872 499 τοῖς¹¹

1979 452 2105 490 suas
2132 437 2416 490 facultates
2455 437 2508 490 in
2539 446 2865 492 testamento
2889 481 2903 502 ,
2943 439 3026 493 vel
3061 455 3125 493 es
3159 441 3418 496 intestato
3449 443 3560 498 bae-

293 528 591 600 ἡμετέροις
618 528 832 599 χρόνοις
864 530 920 582 ἐν
944 534 1009 600 τῇ
1044 529 1342 600 Ἐκκλησία
1372 530 1472 598 τῆς
1498 527 1878 598 πρεσϐυτέρας

303 619 531 690 Ῥώμης
559 622 826 690 γενόμενα
858 621 1000 675 κατά
1021 622 1335 694 Διοσκόρου,
1361 621 1420 684 ὃς
1444 622 1596 676 οὐδὲν
1629 623 1756 692 περὶ
1783 622 1876 674 πί-

296 732 416 769 στιν
447 713 785 786 ἡμαρτηκὼς
815 715 901 769 διὰ
937 715 1105 784 μόνην
1131 713 1587 786 ὲκκλησιαστικὴν
1612 715 1880 768 κατάστα-

297 825 386 861 σιν
418 807 556 878 μετά
582 808 808 861 θάνατον
832 806 962 878 παρ’
984 807 1155 877 αὐτῆς
1182 807 1281 878 τῆς
1307 807 1448 860 κατὰ
1472 806 1690 878 Ῥώμην
1711 808 1879 876 ἁγιω-

296 903 468 972 τάτης
502 901 826 972 Ἐκκλησίας
857 900 1262 971 ἀνεθεματίσθη
1284 901 1361 965 ²³;
1391 903 1450 955 El
1481 904 1661 954 τοίνυν
1686 902 1734 953 oi
1769 919 1876 971 μη-

295 993 388 1047 δὲν
418 995 499 1057 είς
528 995 712 1048 πίστιν
742 994 1068 1058 πταίσαντες
1113 994 1401 1047 ἐπίσκοποι
1431 995 1517 1048 διὰ
1547 997 1881 1050 κατάστασιν

296 1088 762 1160 ἐκκλησιαστικὴν
788 1089 881 1142 καὶ
902 1087 988 1142 διὰ
1011 1091 1357 1161 χρηματικὴν
1379 1090 1556 1144 αἰτίαν
1579 1089 1880 1159 ἀναθέματι

295 1180 396 1234 καὶ
442 1179 584 1248 μετά
627 1180 856 1242 θάνατον
890 1181 1305 1245 ὑποϐάλλονται,
1338 1183 1489 1253 πόσῳ
1523 1181 1724 1250 μᾶλλον
1753 1181 1882 1234 Θεό-

296 1277 472 1348 δωρος
501 1279 528 1330 6
555 1279 634 1340 είς
662 1277 824 1330 αὑτὸν
853 1277 943 1330 τὸν
973 1277 1104 1343 Θεδν
1132 1277 1440 1348 ἀσεϐήσας;
1475 1276 1637 1329 Ὅσον
1655 1276 1713 1329 δὲ
1745 1275 1882 1347 πρὸς

297 1369 400 1437 τὴν
436 1369 622 1422 ἄνοιαν
665 1369 775 1421 τῶν
815 1368 1081 1437 λεγόντων
1124 1368 1200 1439 μὴ
1241 1367 1349 1421 δεῖν
1384 1366 1882 1438 ἀναθεματίζεσθαι

303 1462 444 1532 μετά
473 1463 697 1516 θάνατον
717 1464 841 1526 τοὺς
863 1464 920 1516 ὲν
945 1466 1008 1535 τῇ
1035 1462 1209 1534 οἰκεία
1237 1463 1461 1534 ἀσεϐείᾳ
1492 1463 1880 1530 τελευτῶντας,

300 1555 410 1608 ἔδει
447 1557 584 1627 μηδὲ
616 1557 741 1620 τοὺς
768 1556 968 1620 ἀδίκως
1004 1557 1438 1628 κατακριθέντας
1471 1559 1718 1629 Πατέρας
1742 1559 1882 1630 μετά

302 1646 534 1700 θάνατον
585 1646 992 1711 ἀνακαλεῖσθαι,
1046 1649 1182 1720 ὅπερ
1235 1649 1578 1720 συμϐέϐηκεν
1633 1651 1727 1703 καὶ
1787 1650 1882 1703 ἐπὶ

314 1739 541 1813 Ἰωάννῃ
573 1740 650 1810 τῷ
676 1743 734 1794 ὲν
771 1741 893 1812 ὁσία
915 1744 979 1812 τῇ
999 1741 1044 1772 ⁸³
1075 1743 1263 1814 μνήμῃ
1295 1743 1577 1813 ὲπισκόπῳ
1603 1743 1882 1815 γενομένῳ

301 1833 929 1898 Κωνσταντινουπόλεως
962 1835 1066 1888 ὑπὸ
1105 1837 1204 1906 τῆς
1242 1837 1534 1907 καθολικῆς
1557 1838 1881 1909 Ἐκκλησίας

305 1923 447 1991 μετὰ
482 1922 708 1978 θάνατον
735 1924 1091 1996 ἀνακληθέντι
1125 1927 1220 1979 καὶ
1247 1926 1340 1978 ἐπὶ
1370 1926 1652 1997 Φλαϐιανῷ
1680 1927 1758 1998 τῷ
1781 1929 1881 1998 τῆς

301 2018 460 2081 ὁσίας
500 2018 739 2088 μνήμης,
771 2009 864 2072 καὶ
886 2017 1035 2088 αὑτῷ
1074 2019 1698 2083 Κωνσταντινουπόλεως
1726 2038 1882 2089 γενο-

304 2111 455 2180 μένῳ
485 2111 790 2180 ὲπισκόπῳ,
823 2111 1026 2175 ἀδίκως
1076 2110 1175 2182 μὲν
1221 2113 1278 2164 ὲν
1328 2110 1440 2183 ζωῇ
1474 2111 1878 2183 κατακριθέντι,

297 2192 528 2267 δικαίως
569 2203 624 2256 δὲ
661 2203 797 2274 μετά
841 2203 1067 2258 θάνατον
1109 2204 1465 2276 ἀνακληθὲντι
1501 2207 1603 2260 ὑπό
1629 2224 1686 2260 τε
1716 2208 1809 2260 τοῦ
1835 2208 1879 2240 ⁸⁵

297 2296 401 2366 τῆς
429 2296 580 2360 ὁσίας
612 2298 831 2368 μνήμης
859 2298 1019 2352 πάπα
1053 2298 1277 2362 Λέοντος
1302 2300 1395 2352 καὶ¹
1429 2299 1528 2370 τῆς
1565 2301 1623 2354 ὲν
1657 2302 1880 2372 Χαλκη-

298 2391 409 2442 δόνι
462 2389 622 2457 ἁγίας
668 2391 906 2445 συνόδου.
929 2391 1204 2446 Ἐντεῦθεν
1249 2393 1306 2447 δὲ
1328 2395 1373 2425 ’⁸
1412 2395 1699 2464 συμϐαίνει
1738 2397 1880 2452 κατά

298 2480 428 2542 τοὺς
458 2481 686 2534 ἐκείνων
725 2480 914 2550 λόγους
943 2485 1070 2553 τοὺς
1109 2483 1208 2553 μὲν
1230 2484 1543 2555 αἱρετικοὺς
1565 2487 1677 2548 τοῖς
1703 2486 1880 2554 ἁγίοις

298 2573 550 2644 ΙΙατράσι
585 2574 1055 2645 συναριθμεῖσθαι,
1085 2569 1172 2628 οἷα
1200 2575 1520 2645 ἐλευθέρους
1547 2577 1879 2647 ἀφιεμένους

295 2668 397 2734 τῆς
463 2667 814 2738 ὀφειλομένης
872 2669 1114 2731 αὑτοῖς²⁷
1175 2670 1582 2740 κατακρίσεως,
1638 2673 1760 2734 τοὺς
1821 2671 1879 2724 δὲ

297 2758 490 2825 ἁγίους
517 2760 766 2832 Πατέρας
793 2760 994 2824 ἀδίκως
1023 2761 1518 2827 καταδικασθέντας
1542 2767 1654 2826 τοῖς
1673 2766 1879 2834 αἱρετι-

296 2852 416 2913 κοῖς
474 2852 860 2917 συνάπτεσθαι,
894 2849 984 2906 οἷα
1034 2852 1109 2925 μὴ
1155 2853 1422 2925 λυομένης
1470 2859 1569 2927 τῆς
1588 2857 1631 2888 ³⁸
1663 2858 1747 2909 ἐπ’
1778 2859 1877 2910 αὺ-

295 2944 469 3007 τοῖςη
501 2943 687 2997 ἀδίκου
729 2945 1129 3016 κατακρίσεως.
1158 2945 1627 3019 Ἀξιοπιστότερος
1652 2948 1708 3001 δὲ
1741 2951 1870 3002 πάν-

295 3053 404 3086 των
433 3036 552 3088 ἐστὶ
573 3036 893 3100 διδάσκαλος
920 3039 948 3090 6
970 3037 1176 3108 Κύριος
1199 3038 1294 3091 καὶ
1323 3039 1456 3103 Θεὸς
1487 3041 1518 3110 ἠ
1527 3040 1643 3109 μῶν
1668 3041 1878 3111 Ἰησοῦς

1983 530 2151 584 retice
2181 531 2530 600 relinquunt,
2573 531 2926 600 oporterclet
2980 542 3104 602 post
3155 545 3384 588 mortem
3428 551 3560 589 ana-

1980 625 2341 678 thematizari.
2388 625 2564 694 Super
2613 626 2727 679 ha-c
2769 634 2950 679 autem
3000 626 3214 688 omnia,
3246 627 3368 695 quis
3401 627 3560 698 igno-

1982 726 2064 770 rat
2105 733 2169 772 ea
2216 735 2336 787 quae
2381 719 2580 772 nostris
2619 719 2954 787 temporibus
3005 719 3059 772 in
3112 720 3351 774 Ecclesia
3410 723 3557 774 anti-

1981 810 2188 878 quioris
2242 811 2426 866 Romze
2453 819 2642 866 contra
2699 810 3013 874 Dioscorqu
3065 822 3184 868 acta
3236 814 3404 866 sunt?
3454 811 3557 877 Qui

1982 920 2106 957 cum
2135 904 2270 957 nihil
2319 905 2374 958 in
2401 904 2562 959 ﬁdem
2607 914 2920 974 peccasset,
2983 917 3163 960 tamen
3196 914 3417 976 prepter
3468 922 3558 960 so-

1982 997 2092 1050 lum
2120 998 2549 1052 ecclesiasticum
2577 999 2821 1052 ordinem
2856 1011 2979 1068 post
3006 1007 3240 1052 mortem
3269 999 3338 1052 ab
3367 999 3559 1052 eaden.

1983 1100 2167 1145 sancta
2215 1090 2442 1145 ecclesia
2501 1091 2743 1145 Romana
2805 1091 3294 1146 anathematizatus
3339 1092 3465 1146 est?
3501 1092 3558 1146 Si

1984 1183 2148 1255 igitur
2193 1183 2329 1238 nihil
2367 1185 2423 1238 in
2465 1183 2624 1239 (idem
2670 1194 2958 1254 peccantes
3008 1185 3283 1255 episcopi,
3338 1195 3560 1256 propter

1984 1278 2158 1332 solum
2189 1276 2613 1331 ecclesiasticum
2660 1276 2940 1338 ordinem,
2984 1285 3037 1330 et
3078 1286 3297 1346 propter
3336 1292 3557 1331 causam

1984 1371 2350 1440 pecuniariam
2421 1369 2748 1424 anathemati
2810 1379 2864 1424 et
2916 1379 3038 1438 post
3095 1378 3325 1423 mortem
3379 1369 3554 1438 subji-

1984 1465 2202 1518 ciuntur
2233 1482 2245 1516 :
2281 1469 2487 1531 quanto
2510 1461 2698 1532 [magis
2733 1460 3083 1526 Theodorus,
3136 1462 3228 1531 qui
3280 1462 3333 1516 in
3379 1463 3557 1531 ipsum

1983 1558 2153 1613 Deum
2177 1555 2466 1626 peccavit?
2510 1553 2784 1620 Quantum
2837 1565 3018 1608 autem
3069 1553 3133 1607 ad
3189 1554 3556 1624 insipientiam

1983 1650 2280 1708 dicentium
2301 1690 2315 1714 ,
2344 1665 2453 1703 non
2484 1658 2738 1718 oportere
2767 1647 3214 1702 anathematizari
3255 1656 3376 1718 post
3408 1664 3556 1702 mor-

1986 1754 2093 1799 tem
2125 1760 2250 1807 eos,
2287 1743 2380 1812 qui
2413 1743 2466 1796 in
2498 1757 2594 1796 sua
2649 1741 2930 1810 impietate
2960 1742 3159 1796 mortui
3207 1759 3220 1795 :
3273 1742 3559 1810 oportebat

1914 1813 1956 1868 Β
1985 1853 2086 1892 nec
2113 1850 2206 1890 eos
2227 1875 2240 1898 ,
2273 1835 2362 1904 qui
2398 1833 2600 1904 injuste
2643 1834 2986 1888 condemnati
3038 1842 3166 1888 sunt
3198 1833 3383 1888 Patres
3434 1843 3559 1904 post

1982 1939 2210 1984 mortem
2242 1927 2518 1992 revocari,
2548 1926 2703 1996 quale
2751 1925 2976 1996 contigit
3021 1926 3074 1979 in
3119 1925 3327 1981 Joanne
3355 1934 3558 1981 sancta:

1981 2020 2378 2075 recordationis
2435 2019 2694 2088 episcopo
2749 2017 3367 2086 Constantinopolitanae
3422 2017 3556 2071 civi-

1985 2114 2150 2179 tatis,
2194 2113 2261 2167 ab
2306 2111 2598 2164 universali
2655 2109 2895 2165 Ecclesia
2941 2118 3066 2180 post
3123 2119 3356 2165 mortem
3395 2125 3558 2164 revo-

1981 2219 2101 2262 cato
2121 2251 2134 2268 .
2169 2217 2223 2261 et
2262 2207 2317 2260 in
2366 2191 2623 2259 Flaviano
2651 2215 2851 2260 sanctze
2899 2205 3176 2260 memoria:
3203 2214 3268 2260 et.
3289 2205 3406 2275 ipso
3433 2206 3554 2276 epi-

1982 2317 2148 2370 scopo
2192 2298 2808 2367 Conslantiuopolitanaa
2867 2297 3134 2362 civitatis,
3181 2297 3382 2366 injuste
3430 2299 3552 2368 qui-

1980 2394 2101 2446 dem
2135 2392 2187 2444 in
2218 2392 2325 2444 vita
2352 2390 2741 2453 condemnato,
2765 2389 2912 2458 juste
2934 2398 3116 2442 autem
3149 2397 3271 2458 post
3321 2397 3553 2444 mortem

1980 2483 2234 2539 revocato
2285 2493 2391 2536 tam
2447 2498 2475 2535 a
2540 2490 2741 2536 sancue
2805 2480 3082 2538 memoriae
3147 2495 3286 2550 papa
3334 2479 3550 2544 Leone,

1979 2594 2138 2647 quam
2172 2593 2201 2630 a
2237 2586 2420 2630 sancta
2463 2574 2891 2630 Chalcedonensi
2923 2575 3145 2646 synodo.
3179 2575 3257 2629 Ex
3301 2575 3408 2631 hoc
3456 2592 3555 2630 au-

1982 2683 2086 2723 tem
2111 2668 2376 2738 contingit
2427 2667 2724 2721 secundum
2762 2667 2978 2720 illorum
3031 2667 3224 2730 verba,
3270 2665 3554 2722 haereticos

1979 2761 2194 2829 quidem
2239 2758 2441 2814 sanctis
2487 2758 2737 2812 Patribus
2780 2757 3180 2823 connumerari,
3235 2765 3424 2826 utpote
3486 2758 3554 2809 li-

1980 2854 2194 2906 heratos
2233 2851 2414 2905 debita
2445 2851 2522 2904 eis
2572 2849 3062 2914 condemnatioue,
3107 2860 3326 2904 sanctos
3371 2859 3554 2904 autem

1979 2947 2165 2998 l‘atrcs
2205 2944 2402 3013 injuste
2454 2943 2900 3003 condemnantes.
2949 2943 3218 2998 haereticis
3258 2943 3552 3012 conjungi,

1981 3049 2166 3109 utpote
2212 3054 2319 3090 non
2351 3037 2525 3090 soluta
2568 3046 2755 3091 contra
2799 3052 2891 3092 eos
2931 3036 3072 3090 facta
3099 3037 3283 3106 iniqua
3324 3037 3552 3091 damna-

294 3128 322 3178 6
341 3128 385 3157 ³ο
417 3127 654 3197 Χριστὸς
684 3129 812 3198 περὶ
840 3128 1034 3182 ἑαυτοῦ
1064 3129 1236 3199 λέγων
1255 3148 1270 3163 ⁸
1310 3132 1472 3185 Οὕτω
1502 3133 1611 3202 γὰρ
1644 3134 1875 3201 ἠγάπη-

1983 3133 2146 3185 tioue.
2176 3129 2439 3184 Omnibus
2470 3139 2653 3183 autem
2681 3129 2848 3199 magis
2891 3129 3200 3184 credendus
3241 3139 3324 3183 est
3365 3130 3554 3182 doctor

295 3235 411 3270 rer
434 3220 470 3276 ὸ
499 3219 644 3286 Θεὸς
672 3220 778 3274 τὸν
807 3223 1040 3290 κόσμον
1065 3221 1222 3276 ὥστε
1250 3224 1356 3277 τὸν
1391 3224 1528 3278 Υὶὸν
1559 3225 1746 3280 αὐτοῦ
1771 3226 1904 3308 τὸν.

296 3310 597 3380 μονογενῆ
626 3312 868 3378 ἔδωκεν,
900 3315 1000 3368 ἵνα
1043 3316 1162 3383 πᾶς
1189 3320 1222 3370 ό
1245 3318 1549 3372 πιστεύων
1576 3322 1664 3384 εἰς
1692 3319 1880 3373 αὐτὸν

289 3403 379 3471 μὴ
413 3405 730 3472 ἀπόληται,
759 3408 896 3460 ἀλλ’
921 3408 1032 3476 ἔχῃ
1059 3405 1212 3476 ᾅυὴν
1243 3407 1501 3464 αἰώνιον.
1525 3413 1608 3466 Οὐ
1627 3413 1734 3481 γὰρ
1762 3413 1878 3466 ἀπ-

295 3497 574 3550 έστειλεν
617 3501 651 3551 ό
694 3497 836 3564 Θεὸς
859 3499 967 3552 τὸν
1002 3501 1134 3554 Υίὸν
1160 3502 1370 3568 αὐτοῦ,
1405 3503 1504 3556 ἵνα
1555 3505 1730 3573 κρίνῃ
1776 3504 1881 3559 τὸν

295 3592 555 3658 κόσμον,
595 3591 734 3644 ἀλλ’
761 3592 861 3644 ἵνα
900 3591 1070 3662 σωθῇ
1119 3597 1152 3648 ό
1196 3597 1424 3664 κόσμος
1471 3595 1545 3649 δι’
1573 3598 1781 3652 αὐτοῦ.
1815 3599 1880 3651 '0

296 3684 604 3736 πιστεύων
629 3687 715 3749 είς
739 3685 926 3738 αὑτὸν
949 3688 1021 3740 οὐ
1047 3687 1308 3755 κρίνεται
1325 3705 1338 3718 ·
1383 3691 1417 3742 ό
1450 3689 1536 3758 μὴ
1579 3691 1880 3745 πιστεύων

296 3781 386 3841 εἰς
409 3776 600 3829 αὐτὸν
627 3775 741 3844 ἤδη
782 3775 1062 3844 κέκριται,
1096 3778 1187 3832 ὅτι
1213 3761 1309 3848 ’μὴ
1351 3781 1756 3834 πεπίστευκεν
1792 3786 1879 3848 είς

296 3867 362 3918 τὸ
408 3866 599 3934 ὄνομα
629 3865 732 3919 τοῦ
759 3867 1130 3935 μονογενοῦς
1174 3869 1309 3922 Υὶοῦ
1340 3869 1446 3923 τοῦ
1478 3871 1647 3924 Θεοῦ.
1682 3873 1792 3925 Καὶ⁸
1819 3873 1880 3925 τὸ

297 3957 526 4026 Πνεῦμα
551 3957 609 4010 δὲ
642 3958 702 4010 τὸ
731 3957 883 4024 ἅγιον
912 3959 1000 4014 διὰ
1031 3959 1124 4013 τοῦ
1165 3964 1446 4032 προφήτου
1477 3962 1641 4016 Δαϐὶδ
1662 3964 1704 3994 ³¹
1732 3964 1879 4032 λέγει

295 4053 426 4116 τοὺς
475 4053 692 4116 ἀσεϐεῖς
727 4054 801 4124 μὴ
837 4053 1239 4123 ἀναστήσεσθαι
1291 4056 1350 4106 ὲν
1397 4055 1600 4126 κρίσει.
1631 4057 1742 4128 Τῆς
1786 4054 1878 4111 οὖν

295 4146 557 4216 τοιαύτης
585 4145 676 4199 τοῦ
720 4147 925 4219 Κυρίου
965 4149 1292 4216 ἀποφάσεως
1318 4148 1692 4221 ἐξενεχθείσης
1737 4152 1880 4206 κατὰ

299 4239 504 4303 παντὸς
558 4240 810 4304 ἀσεϐοῦς,
861 4241 957 4295 καὶ
1009 4241 1161 4294 οὐδὲν
1206 4241 1621 4313 διαστελλούσης
1673 4242 1878 4314 μεταξὺ

298 4334 518 4398 ζώντων
552 4336 644 4387 καὶ
676 4333 884 4405 νεκρῶν
917 4335 1231 4405 αἱρετικῶν,
1268 4335 1384 4399 πῶς
1413 4335 1685 4405 τολμῶσιν
1728 4338 1878 4390 ἀντι-

298 4428 520 4481 πίπτειν
545 4431 611 4497 τῇ
643 4427 867 4500 τοιαύτῃ
891 4429 1183 4496 ἀποφάσει,
1219 4429 1312 4482 καὶ
1339 4430 1466 4492 τοὺς
1498 4428 1647 4494 ἅπαξ
1675 4430 1876 4502 ἀσεϐή-

1981 3225 2193 3296 [doctor
2239 3222 2341 3292 est]
2392 3221 2649 3275 Dominus
2693 3231 2750 3274 et
2793 3221 2938 3274 Deus
2982 3229 3170 3274 noster
3195 3220 3354 3275 Jesus
3389 3221 3552 3274 Chri—

1980 3327 2126 3380 stus,
2161 3317 2226 3369 de
2255 3330 2312 3369 se
2342 3315 2529 3368 dicens
2555 3332 2566 3366 :
2604 3313 2690 3366 Sic
2721 3314 2859 3366 enim
2885 3313 3068 3366 dilexit
3095 3313 3233 3366 Deus
3279 3314 3550 3376 mundum,

1981 3421 2033 3463 ut
2090 3409 2282 3463 Filium
2340 3424 2492 3460 suum
2542 3407 2866 3476 unigenitum
2924 3407 3107 3471 daret,
3163 3415 3218 3458 ut
3261 3407 3428 3459 omnis
3464 3408 3554 3475 qui

1980 3501 2142 3553 credit
2175 3502 2229 3552 in
2273 3515 2387 3551 eum
2414 3541 2428 3560 ,
2471 3515 2571 3550 non
2605 3507 2819 3562 pereat,
2849 3501 2938 3550 sed
2980 3498 3170 3551 habeat
3199 3498 3363 3550 vitam
3397 3507 3551 3551 αἰεν-

1981 3609 2124 3644 nam.
2168 3590 2288 3642 Non
2328 3591 2465 3642 enim
2501 3590 2639 3641 misit
2691 3587 2826 3641 Deus
2864 3587 3059 3641 Filium
3102 3605 3255 3641 suum
3301 3589 3355 3640 in
3402 3604 3554 3640 mun-

1979 3687 2104 3738 dum
2156 3694 2212 3735 ut
2259 3683 2461 3752 judicet
2503 3683 2790 3745 mundum,
2832 3682 2922 3734 sed
2958 3691 3012 3733 ut
3060 3681 3291 3734 salvetur
3329 3683 3553 3734 mundus

1979 3793 2069 3844 per
2100 3778 2289 3845 ipsum.
2323 3773 2424 3838 Qui
2468 3774 2628 3826 credit
2679 3775 2732 3826 in
2778 3789 2929 3837 eum,
2964 3789 3066 3824 non
3110 3772 3432 3841 judicatur:
3464 3773 3554 3841 qui

1979 3880 2155 3921 autent
2219 3885 2318 3919 non
2358 3867 2552 3930 credit,
2599 3867 2716 3934 jam
2778 3866 3051 3934 judicatus
3107 3875 3219 3926 cst,
3273 3867 3394 3935 quia
3454 3881 3554 3917 nou

1980 3963 2139 4015 credit
2178 3962 2229 4013 in
2290 3961 2494 4012 nomine
2551 3959 2803 4028 mtigeniti
2853 3958 2978 4011 Filii
3038 3958 3147 4010 Dei.
3200 3956 3266 4010 Et
3319 3957 3554 4026 Spiritus

1980 4063 2158 4108 autem
2189 4061 2408 4107 sanctus
2440 4067 2535 4120 per
2574 4050 2895 4120 prephetam
2953 4050 3122 4104 David
3171 4049 3305 4103 dicit
3358 4049 3554 4118 impios

1980 4161 2089 4198 non
2142 4152 2544 4196 resurrecturos
2595 4141 2648 4193 in
2677 4140 2901 4208 judicio.
2958 4139 3072 4192 Tali
3125 4139 3288 4209 igitur
3342 4137 3554 4192 Domini

1980 4236 2247 4291 sententia
2315 4235 2523 4303 prolata
2581 4235 2843 4303 adversus
2897 4248 3115 4286 omnem
3161 4231 3388 4300 impium
3424 4271 3438 4292 ,
3500 4241 3557 4284 et

1980 4331 2117 4384 nihil
2152 4329 2496 4383 discernente
2527 4326 2668 4379 inter
2700 4325 2850 4379 vivos
2878 4333 2933 4378 et
2965 4334 3210 4378 mortuos
3233 4323 3551 4387 haereticos,

1982 4421 2250 4493 quomodo
2304 4419 2506 4473 audent
2555 4417 2808 4471 resistere
2844 4416 2933 4470 tali
2987 4415 3305 4479 sententiae,
3347 4423 3402 4470 et
3459 4430 3561 4469 eos

301 4537 500 4584 σαντας
530 4489 707 4590 3ὴ3
734 4489 942 4574 καὶιδιά
968 4489 1126 4574 τοῦτο
1158 4489 1256 4592 ἤδη
1287 4522 1390 4574 ὑπὸ
1423 4489 1516 4575 τοῦ
1545 4489 1750 4592 Κυρίου
1777 4489 1878 4576 κά-

1982 4489 2072 4586 qui
2105 4513 2274 4568 semel
2326 4513 2490 4581 impie
2542 4519 2807 4581 egerunt,
2839 4518 2895 4565 et
2946 4517 3167 4579 propter
3214 4509 3316 4562 hoc
3368 4508 3478 4579 jam
3523 4525 3553 4563 a

299 4611 730 4680 τακεκριμένους
776 4610 955 4678 λέγειν
1003 4610 1076 4681 μὴ
1117 4612 1226 4664 δεῖν
1274 4612 1410 4681 μετὰ
1443 4611 1674 4665 θάνατον
1708 4629 1882 4665 κατα-

300 4703 620 4776 κρίνεσθαι;
655 4704 762 4756 Καὶ
808 4704 836 4755 ὁ
884 4702 1026 4767 θεῖος
1066 4704 1121 4757 δὲ
1157 4704 1498 4769 Ἀπόστολος,
1525 4705 1616 4759 τὸν
1649 4707 1883 4776 Χριστὸν

299 4796 441 4864 ἔχων
469 4796 529 4847 ὲν
559 4794 736 4865 ἐαυτῴ
761 4795 1041 4860 λαλοῦντα,
1075 4797 1136 4849 οὐ
1181 4798 1340 4866 μόνον
1380 4799 1520 4851 κατά
1558 4799 1879 4866 ἀνθρώπων,

301 4888 438 4941 ἀλλὰ
489 4890 582 4940 καὶ
633 4889 775 4941 κατὰ
821 4888 1086 4956 ἀγγέλων,
1144 4889 1241 4957 τὴν
1294 4889 1553 4960 τοιαύτην
1600 4892 1878 4961 ἐπήγαγεν

301 4978 596 5047 ἀπόφασιν,
623 4978 790 5031 εἰπὼν
813 4980 871 5030 ὲν
892 4981 957 5049 τῇ
978 4979 1265 5050 Ἐπιστολῇ
1292 4983 1358 5050 τῇ
1392 4982 1524 5051 πρὸς
1548 4981 1791 5046 Γαλάτας
1809 4984 1873 5014 ³²⁶

315 5071 499 5125 Ἀλλὰ
525 5071 746 5124 καὶέὰν
775 5071 944 5140 ἡμεῖς
976 5073 1014 5140 ἢ
1045 5073 1297 5142 ἅγγελος
1315 5073 1385 5138 ἐξ
1416 5076 1675 5143 οίιρανοῦ
1706 5077 1880 5144 εὐαγ-

301 5162 654 5232 γελίζηται³³
687 5164 843 5234 ὑμᾶς
880 5168 1016 5233 παρ’
1048 5166 1078 5219 ὃ
1111 5167 1625 5236 εὐηγγελισάμεθα
1641 5169 1686 5200 ³⁵
1713 5169 1876 5237 ὑμῖν,

303 5255 568 5326 ἀνάθεμα
603 5257 777 5326 ἔστω,
800 5259 882 5324 ὡς
907 5258 1360 5328 προειρήκαμεν.
1395 5259 1503 5313 Καὶ
1531 5258 1662 5328 ἄρτι
1693 5259 1878 5314 πάλιν

1980 4609 2212 4664 Domino
2265 4606 2610 4660 condemnati
2662 4613 2822 4670 sunt,
2878 4604 3097 4665 dicere,
3136 4618 3247 4656 non
3301 4611 3556 4672 oportere

1983 4712 2106 4773 post
2141 4710 2370 4756 mortem
2415 4698 2814 4753 condemnari?
2853 4696 2919 4748 Et
2949 4695 3166 4750 divinus
3195 4703 3374 4749 autem
3405 4693 3554 4764 Apo-

1981 4797 2154 4850 stolus
2179 4837 2194 4859 ,
2237 4794 2325 4863 qui
2357 4794 2634 4846 Christum
2673 4793 2724 4845 in
2781 4791 3075 4860 semetipso
3118 4789 3279 4843 habet
3328 4789 3554 4858 loquen-

1985 4898 2123 4951 tem,
2181 4901 2286 4939 non
2346 4885 2520 4937 solum
2576 4883 2837 4936 adversus
2895 4881 3141 4934 homines
3176 4921 3191 4945 ,
3243 4880 3338 4934 sed
3389 4879 3570 4933 etiam,

1977 4982 2235 5035 adversus
2281 4976 2499 5046 angelos
2568 4975 2726 5028 talem
2783 4973 3007 5042 protulit
3062 4973 3422 5039 sententiam,
3469 4972 3555 5024 di-

1978 5091 2106 5130 cens
2177 5074 2230 5126 in
2297 5069 2534 5139 Epistula
2610 5068 2676 5120 ad
2747 5067 2960 5121 Galatas
3023 5084 3035 5119 :

3102 5064 3205 5120 Sed
3276 5066 3393 5118 licet
3463 5082 3571 5118 nos:

1979 5181 2069 5223 aut
2124 5167 2338 5235 angelus
2405 5165 2468 5216 de
2528 5161 2652 5214 cwlo
2709 5159 3138 5229 evangelizaverit
3202 5169 3554 5228 prwterquam

1981 5259 2116 5328 quod
2179 5252 2649 5322 rvaugelizavimus
2704 5250 2873 5316 vobis,
2910 5250 3191 5303 anathema
3254 5250 3342 5303 sit.
3409 5248 3556 5302 Sicut

1582 5453 1818 5510 VARIAS
1860 5451 2264 5509 LECTIONES.

1290 5641 1396 5694 PV.
1473 5642 1610 5694 ’⁷⁵τῆ
1666 5656 1866 5694 omni.

371 5643 419 5674 ¹¹
476 5643 588 5704 τοῖς
636 5657 745 5696 om.
779 5643 839 5694 P.
918 5642 961 5672 ’³
995 5643 1224 5713 ἀναθεμ.

308 5714 420 5770 πῶς
459 5713 514 5765 [³.
591 5713 633 5743 ²⁵¹
654 5713 862 5776 ἑαυτοῖς
895 5713 958 5766 li.

309 5781 636 5854 γελξςάμεθα
659 5780 719 5834 Ρ.

1587 5643 1610 5709 ᾖ
1666 5656 1775 5694 om.
1799 5659 1866 5693 ει.
1965 5642 2006 5671 ’⁵
2034 5638 2126 5692 τοῦ
2162 5651 2284 5709 οιιι..
2309 5633 2363 5686 Ρ.

1037 5713 1079 5744 ³⁰
1113 5717 1139 5766 6
1169 5711 1278 5769 oni.
1308 5715 1367 5769 Ρ,
1444 5714 1484 5743 δι
1515 5711 1693 5766 Δαϐίδ.
1722 5711 1856 5766 l'sal.
1887 5728 1923 5775 I,

2478 5635 2523 5664 η
2749 5633 2809 5688 v.

2077 5711 2119 5741 ³²
2154 5706 2414 5766 Γαλάτας.
2443 5721 2479 5771 ι,
2505 5706 2557 5758 8.

3366 5635 3409 5664 ’⁸
3431 5631 3551 5700 τῆς.

2917 5637 2960 5667 ’⁷
2993 5636 3162 5706 αὐτῆς
3189 5638 3251 5689 Ρ.
3366 5636 3409 5664 ’⁸
3431 5636 3524 5700 τῆς

2917 5706 3111 5770 λίζεται
3135 5705 3242 5760 l’V.
3323 5705 3365 5736 ³⁵
3389 5703 3524 5771 εὑαγ

2637 5706 2681 5737 ³³
2706 5705 3242 5774 εὐαγγελίζεταινν.
