4096 6296
532 266 634 347 951

1715 281 1969 342 ΕΗΒοΝ
1982 281 2150 341 [CON
2202 284 2603 354 PASCHALE.

3682 281 3791 345 95?.

529 392 903 465 prwdiximus,
955 397 1006 446 et
1062 408 1198 445 nunc
1246 390 1434 445 iterum
1492 391 1627 443 dico.
1684 388 1742 444 Si
1795 392 1911 460 quis
1966 392 2106 444 vobis

2211 394 2362 461 λέγω
2388 416 2401 429 ο
2433 403 2489 454 εἴ
2529 423 2617 470 τις
2651 402 2804 473 ὑμᾶς
2843 395 3279 469 εὐαγγελίζεται
3305 393 3441 462 παρ’
3465 392 3497 445 ὅ
3540 390 3795 458 παρελά-

531 484 967 556 evangelizauerit
1000 493 1191 554 praeter
1223 484 1279 537 id
1308 484 1443 553 quod
1489 482 1761 550 accepistis
1781 527 1794 547 ,
1824 484 2104 537 anathema

529 581 617 635 sit.
650 576 717 631 Et
746 576 869 646 quis
923 576 997 630 ita
1036 575 1236 645 impius
1275 582 1359 630 est
1383 618 1396 640 ,
1444 583 1504 629 ut
1548 584 1841 644 prrcsumat
1888 574 2070 628 dicere
2094 615 2108 638 ,

530 670 675 741 quod
726 668 1002 725 Theodori
1065 669 1229 739 impia
1285 668 1518 738 scripta,
1553 667 1638 721 vel
1694 683 1821 737 pars
1877 683 2108 733 eorum,

533 762 731 817 tradita
760 771 845 817 est
879 761 1170 831 aliquando
1200 768 1401 814 sanctae
1451 759 1547 813 Dei
1578 759 1835 813 Ecclesia:
1860 799 1873 823 ,
1907 766 1963 813 et
2002 773 2109 811 non

530 853 744 918 statim,
774 854 867 923 qui
906 868 1074 907 ausus
1121 861 1207 907 est
1257 850 1461 920 aliquid
1511 850 1619 905 tale
1666 849 1847 919 loqui,
1881 848 2111 903 anathe-

530 946 661 1001 mati
696 946 975 1016 subjectus
1004 954 1087 999 est
1118 960 1150 999 a
1183 943 1385 999 sanctis
1411 941 1702 997 Patribus?

605 1054 626 1087 ι
672 1034 730 1093 Si
770 1036 891 1106 quis
936 1035 1099 1106 igitur
1134 1042 1258 1104 post
1279 1033 1545 1104 ejusmodi
1573 1040 1776 1087 rectam
1810 1030 2109 1085 confessio-

528 1142 655 1183 nem
675 1168 691 1193 ,
726 1137 781 1183 et
802 1129 1183 1184 hatreticorum
1201 1148 1211 1157 ·
1232 1126 1740 1183 condemnationem
1762 1165 1776 1187 ,
1822 1124 1968 1178 salvo
1998 1138 2113 1176 ma.

528 1229 695 1276 nente
726 1221 816 1291 pio
845 1221 1157 1284 intellectu,
1193 1220 1261 1275 de
1299 1219 1611 1275 nominibus
1650 1218 1734 1271 vel
1777 1216 1994 1287 syllabis
2025 1215 2110 1268 vel

528 1312 857 1368 dictionibus
875 1313 1232 1379 contendens,
1255 1320 1467 1382 separat
1492 1327 1549 1366 se
1565 1327 1595 1364 a
1616 1318 1799 1365 sancta
1822 1308 1912 1362 Dei
1936 1306 2113 1361 Eccle-

528 1405 630 1469 sia,
666 1414 925 1476 tanquam
962 1422 1073 1460 non
1103 1405 1159 1459 in
1189 1405 1373 1469 rebus,
1406 1404 1502 1459 sed
1542 1404 1597 1457 in
1638 1401 1952 1457 nominibus
1981 1399 2111 1454 solis

527 1504 586 1552 et
606 1497 939 1553 dictionibus
972 1497 1145 1568 posita
1166 1498 1323 1553 nobis
1345 1498 1546 1568 pietate
1573 1515 1586 1551 :
1622 1496 1744 1551 talis
1781 1502 1969 1564 utpote
1996 1493 2109 1549 dis-

528 1590 872 1645 sentionibus
917 1591 1191 1663 gaudens,
1225 1590 1491 1644 rationem
1538 1604 1638 1659 pro
1681 1587 2003 1657 semetipso,
2054 1595 2111 1640 et

527 1697 629 1751 pro
670 1682 911 1753 deceptis
956 1692 1013 1738 et
1057 1682 1389 1753 decipiendis
1439 1682 1508 1737 ab
1540 1697 1645 1747 ,eo,
1680 1682 1871 1736 reddet
1911 1694 2108 1751 magno

2212 495 2360 557 ὄετε,
2392 494 2652 561 ἀνάθεμα
2680 496 2853 549 ἔστω.
2890 493 2999 545 Καὶ
3031 489 3115 552 τίς
3142 489 3316 550 οὕτως
3342 487 3545 555 ἀσεϐὴς
3573 485 3651 547 ὼς
3679 484 3797 537 τολ-

2214 585 2383 654 μῆσαι
2417 587 2590 637 εἰπεῖν
2622 584 2697 647 ὡς
2722 584 2789 635 τὰ
2818 581 2968 654 παρὰ
2993 578 3269 649 θεοδώρου
3299 576 3514 639 ἀσεϐῶς
3549 592 3794 644 συγγραο

2211 675 2378 743 φέντα
2426 675 2459 746 ἢ
2518 676 2683 747 μέρος
2725 673 2906 728 αὑτῶν
2948 671 3220 743 παρεδόθη
3250 670 3380 721 ποτὲ
3426 671 3491 738 τῇ
3537 668 3672 737 ἁγίᾳ
3697 666 3795 719 τοῦ

2210 766 2344 820 Θεοῦ
2367 766 2683 838 Ἐκκλησία,
2716 766 2829 819 ἀλλ’
2860 764 2961 819 οὑκ
2991 762 3153 825 εὐθὺς
3174 761 3498 830 ὁτολμήσας
3532 777 3584 811 τι
3616 757 3798 810 τοιοῦο

2210 872 2269 913 το
2290 861 2333 892 ³³
2366 859 2853 931 παραφθέγξασθαι
2888 855 3191 926 ἀναθέματι
3221 851 3611 922 καθυπεὸλήθη
3641 851 3800 920 παρά

2209 951 2317 1005 τῶν
2345 952 2515 1021 ἁγίων
2543 950 2831 1022 Πατέρων;

2286 1064 2304 1095 ι
2331 1044 2400 1097 Εἰ
2422 1062 2505 1107 τις
2537 1043 2713 1096 τοίνυν
2738 1042 2875 1113 μετὰ
2898 1039 2995 1113 τὴν
3024 1039 3283 1108 τοιαύτην
3309 1036 3474 1108 ὀρθὴν
3499 1034 3799 1105 ὁμολογίαν

2210 1138 2305 1189 καὶ
2339 1136 2663 1207 κατάκρισιν
2685 1135 2795 1189 τῶν
2823 1132 3138 1206 αἱρετικῶν,
3165 1131 3264 1201 τῆς
3292 1128 3551 1189 εὐσεϐοῦς
3580 1127 3798 1190 ἐννοίας

2212 1228 2546 1299 σωζομένης,
2577 1228 2707 1299 περὶ
2730 1227 3012 1297 ὀνομάτων
3041 1224 3073 1295 ἢ
3107 1222 3385 1276 συλλαϐῶν
3415 1220 3448 1289 ἣ
3479 1220 3679 1286 λέξεων
3704 1217 3800 1283 ζυ-

2208 1322 2470 1393 γομαχῶν
2495 1320 2715 1394 χωρίζει
2737 1319 2925 1373 ἑαυτὸν
2955 1318 3053 1389 τῆς
3085 1316 3247 1384 ἁγίας
3274 1314 3368 1368 τοῦ
3399 1313 3533 1366 Θεοῦ
3558 1312 3800 1381 Ἐκκλη-

2212 1416 2352 1479 σίας,
2394 1414 2579 1485 ὥσπερ
2610 1416 2669 1467 ὲν
2700 1413 2927 1483 ὀνόμασι
2971 1411 3152 1482 μόνοις
3189 1408 3285 1461 καὶ
3312 1405 3492 1470 λέξεσι
3528 1404 3799 1473 κειμένης

2210 1513 2343 1581 ἡμῖν
2377 1510 2474 1580 τῆς
2504 1507 2807 1570 εὐσεϐείας,
2841 1503 2957 1559 ἀλλ’
2987 1504 3088 1556 οὑκ
3114 1503 3170 1555 ὲν
3206 1500 3548 1571 πράγμασιν,
3572 1499 3599 1550 ὀ
3620 1494 3799 1553 τοιοῦ-

2208 1620 2297 1667 τος
2323 1601 2398 1665 ὡς
2425 1603 2537 1663 τοῖς
2568 1599 2828 1671 σχίσμασι
2858 1595 3062 1667 χαίρων
3094 1592 3251 1660 λόγον
3287 1587 3473 1658 ὑφέξει
3504 1587 3646 1657 ὑπὲρ
3670 1586 3797 1637 ἐαυ-

2212 1697 2302 1750 τοῦ
2337 1696 2429 1750 καὶ
2454 1694 2563 1748 τῶν
2592 1690 2863 1746 ὑπἀὐτοῦ
2896 1685 3269 1757 ἀπατωμένων
3299 1683 3331 1752 ἢ
3360 1677 3796 1750 ἀπατηθησομέ-

528 1773 643 1829 Deo
694 1783 750 1829 et
795 1774 1063 1831 Salvatori
1110 1784 1297 1829 nostro
1334 1770 1463 1828 Iesu
1508 1771 1723 1828 Christo
1772 1771 1828 1825 in
1878 1770 1965 1825 die
2015 1769 2105 1838 ju-

2211 1808 2315 1843 νων
2344 1789 2421 1859 τῷ
2450 1786 2667 1859 μεγάλῳ
2696 1783 2815 1854 Θεῷ
2840 1782 2934 1836 κα)¹
2962 1778 3174 1849 Σωτῆρι
3196 1774 3352 1846 ἡμῶν
3369 1771 3544 1843 Ἰησοῦ
3568 1768 3796 1842 Χριστῷ

529 1866 679 1922 dicii.
725 1885 744 1919 ι

528 1957 596 2009 Δ.
632 1954 695 2010 C.

601 2047 726 2104 555.
769 2064 891 2102 xxvi
932 2044 1050 2103 Ind.
1086 2063 1123 2101 ι.
1161 2047 1289 2103 Post
1317 2047 1658 2103 consulatum
1691 2045 1795 2100 Ba-

705 2140 813 2195 silii
856 2140 952 2194 XII
984 2140 1174 2196 solius.
1831 2139 1882 2191 1.

599 2232 722 2287 551.
764 2249 910 2287 xxvii
962 2231 1081 2287 Ind.
1141 2249 1203 2286 ιι.
1236 2230 1365 2286 Post
1416 2246 1565 2286 cons.
1610 2230 1789 2285 Basilii

706 2324 825 2379 XIII
869 2326 1055 2380 solius.
1827 2321 1880 2374 2.

767 2434 955 2474 xxvm.
993 2418 1109 2473 Ind.
1146 2434 1223 2473 ιιι.
1254 2416 1381 2472 Post
1410 2431 1561 2472 cons.
1610 2415 1790 2469 Basilii

712 2508 832 2565 XIV
862 2512 1049 2567 solius.
1829 2506 1878 2561 3.

1828 1950 1933 2024 [οι.
1961 1948 2100 2021 1pr

1944 2139 2068 2193 555.

982 2603 1323 2660 cccxxnv
1355 2604 1647 2674 Olympias.

600 2693 724 2751 556.
767 2713 913 2751 xxix.
968 2695 1083 2752 Ind.
1138 2714 1209 2752 tv.
1265 2696 1395 2751 Post
1426 2713 1578 2753 cons.
1607 2694 1791 2750 Basilii

702 2788 798 2843 XV
831 2790 1018 2845 solius.
1829 2788 1881 2840 4-

599 2879 725 2937 557.
763 2897 889 2935 xxx.
946 2881 1065 2936 Ind.
1122 2900 1177 2937 ν.
1231 2881 1361 2937 Post
1399 2897 1550 2937 cons.
1609 2879 1792 2934 Basilii

703 2971 822 3028 XVI
850 2974 1034 3028 solius.

598 3062 723 3122 558.
784 3082 934 3121 xxxi.
979 3066 1095 3121 Ind.
1128 3083 1203 3121 v1.
1249 3066 1380 3122 Post
1406 3082 1559 3122 cons.
1612 3064 1791 3120 Basilii

1833 2974 1880 3033 1.
1925 2971 2047 3024 554.

667 3156 811 3211 XVII
840 3158 1026 3212 solius.
1792 3156 1846 3209 2.

602 3246 725 3305 559.
762 3265 934 3303 xxxu.
976 3249 1093 3305 Ind.
1122 3266 1218 3305 vn.
1262 3250 1391 3305 Post
1427 3264 1578 3304 cons.
1617 3247 1797 3302 Basilii

670 3337 836 3394 XVIII
866 3340 1056 3393 solius.
1797 3340 1849 3393 5.

996 3431 1267 3489 CCCXXX
1283 3431 1320 3483 V
1358 3432 1645 3503 Olympias.

599 3522 722 3578 560.
756 3539 948 3577 xxxm.
990 3524 1107 3578 Ind.
1142 3540 1255 3579 vin.
1284 3524 1411 3578 Post
1439 3539 1592 3579 cons.
1618 3524 1798 3579 Basilii

670 3611 791 3665 XIX
820 3612 1007 3666 solius.
1799 3615 1851 3668 4.

601 3704 723 3760 561.
753 3719 939 3760 xxxiv.
973 3706 1090 3761 Ind.
1127 3723 1200 3762 Ix.
1239 3705 1367 3762 Post
1394 3722 1547 3763 cons.
1580 3707 1760 3762 Basilii

670 3798 766 3851 XX
797 3798 986 3852 solius.
1803 3800 1852 3852 1.

602 3890 726 3945 562.
757 3906 922 3945 xxxv.
964 3891 1081 3946 Ind.
1112 3907 1169 3948 ι,
1218 3891 1349 3947 Post
1392 3906 1546 3951 cons.
1586 3891 1764 3948 Basilii

675 3982 792 4037 XXI
815 3984 1005 4039 solius.
1794 3988 1847 4041 2.

602 4074 716 4131 Hoc
757 4076 950 4145 quinto
1003 4086 1059 4131 et
1104 4077 1380 4133 tricesimo
1432 4076 1723 4133 Iustiniani
1771 4080 2113 4149 imperatoris

531 4179 694 4232 anno,
726 4175 781 4221 et
808 4176 933 4237 post
962 4169 1302 4223 consulatum
1332 4168 1519 4223 Basilii
1536 4168 1677 4223 ΧΧΙ.
1709 4169 1885 4224 Martii
1913 4175 2114 4226 mensis

532 4260 624 4314 die
663 4274 735 4314 xx
766 4267 825 4316 et
863 4260 1054 4316 indict.
1111 4277 1148 4315 x
1174 4276 1319 4317 anno
1372 4276 1433 4316 ιιι
1478 4260 1812 4333 Olympiadis
1853 4278 2110 4328 cccxxxv,

532 4352 789 4423 completi
822 4362 953 4409 sunt
976 4355 1104 4408 anni
1138 4371 1325 4411 nxxxn
1351 4355 1622 4425 paschalis
1648 4356 1782 4426 cycli
1822 4366 2023 4411 sanctas
2059 4364 2115 4411 et

1894 3799 2016 3855 555.

2208 1885 2265 1935 ὲν
2298 1883 2480 1953 ἡμέρᾳ
2510 1882 2762 1950 κρίσεως.

2291 2066 2405 2120 Ἰνδ.
2456 2070 2526 2120 α’.
2583 2067 2696 2126 κς’.
2758 2057 2897 2129 μετὰ
2951 2056 3048 2110 ὑπ.
3100 2051 3384 2107 Βασιλείου
3436 2049 3499 2101 τὸ
3556 2046 3620 2116 ιβ’
3683 2042 3791 2115 μό-

2208 2160 2514 2322 νοῖι(ῗδῗ).β’.
2561 2250 2660 2313 κζ’.
2706 2244 2847 2317 μετὰ
2877 2244 2976 2297 ὑπ.
3008 2238 3294 2294 Βασιλειου
3328 2236 3389 2289 τὸ
3414 2240 3481 2303 ιγ’
3524 2232 3715 2303 μόνου.

2291 2431 2407 2484 Ἰνδ.
2450 2436 2520 2498 γ’.
2562 2434 2669 2499 κη’.
2714 2424 2852 2497 μετά
2882 2424 2979 2479 ὑπ.
3007 2419 3292 2475 Βασιλείου
3331 2417 3392 2470 τὸ
3432 2412 3490 2468 ιδ’
3527 2414 3715 2484 μόνου.

2736 2598 2860 2652 τλδ*
2901 2593 3250 2666 Ὀλυμπιάς.

2290 2698 2409 2751 Ἰνδ.
2461 2696 2524 2750 δ’.
2582 2691 2683 2748 κθ’.
2754 2691 2894 2763 μετὰ
2950 2690 3044 2743 ὑπ.
3114 2684 3401 2741 Βασιλείου
3454 2682 3515 2736 τὸ
3574 2680 3639 2733 ιε’
3688 2678 3789 2748 μό-

2208 2811 2299 2847 νου
2332 2790 2466 2862 (64).

2277 2882 2396 2935 Ἰνδ.
2430 2887 2491 2933 ε’.
2530 2877 2595 2932 λ’.
2640 2876 2778 2948 μετὰ
2808 2877 2901 2928 ὑπ.
2937 2872 3222 2928 Βασιλείου
3251 2870 3313 2924 τὸ
3346 2875 3418 2935 ις’
3458 2868 3646 2937 μόνου.

2294 3082 2414 3135 Ἰνδ.
2458 3079 2531 3144 ς’.
2565 3077 2665 3130 λα’.
2720 3075 2855 3147 μετὰ
2908 3074 3002 3129 ὑπ.
3058 3069 3338 3125 Βασιλείου
3392 3069 3452 3121 τὸ
3504 3065 3567 3132 ιζ’
3605 3067 3792 3137 μόνον.

2194 3300 2207 3314 .
2297 3261 2415 3315 Ἰνδ.
2446 3258 2508 3323 ζ’.
2544 3256 2641 3327 λβ’.
2662 3256 2801 3327 μετὰ
2830 3256 2926 3307 ὑπ.
2961 3250 3242 3305 Βασιλείου
3270 3248 3333 3302 τὸ
3362 3246 3431 3319 ιη’
3460 3246 3626 3317 μόνου
3660 3244 3792 3316 (65).

2759 3439 2877 3491 τλε¹
2905 3431 3251 3505 Ὀλυμπιάς.

2286 3536 2405 3593 Ἰνδ.
2456 3534 2525 3606 η’.
2566 3532 2667 3603 λγ’.
2711 3531 2848 3602 μετὰ
2888 3530 2985 3583 ὑπ.
3036 3525 3320 3581 Βασιλείου
3348 3522 3393 3556 ³⁸
3424 3523 3484 3577 τὸ
3512 3523 3576 3577 ιϐ’
3606 3524 3792 3594 μόνου.

2286 3719 2408 3773 Ἰνδ.
2452 3716 2517 3770 θ’.
2563 3713 2655 3767 λδ’.
2697 3711 2836 3783 μετὰ
2882 3710 2976 3763 ὑπ.
3026 3707 3311 3761 Βασιλείου
3343 3704 3389 3736 ³⁸
3418 3704 3481 3757 τὸ
3522 3710 3573 3757 κ’
3603 3704 3795 3774 μόνου.

2287 3898 2405 3951 Ἰνδ.
2460 3903 2507 3947 ι’.
2561 3894 2657 3953 λε’.
2700 3891 2838 3963 μετὰ
2878 3891 2974 3943 ὑπ.
3029 3884 3308 3940 Βασιλείου
3363 3883 3423 3936 τὺ
3472 3880 3559 3935 κα¹
3608 3881 3795 3951 μόνου.

2287 4074 2476 4144 Τούτῳ
2505 4072 2584 4143 τῷ
2616 4078 2655 4123 ε’
2686 4070 2777 4123 καὶ
2804 4067 2849 4119 λ’
2891 4068 3000 4119 ἔτει
3045 4064 3087 4095 ⁸⁷
3136 4062 3237 4131 τῆς
3272 4055 3650 4113 ἰουστινιανοῦ
3699 4054 3801 4123 βασι

2219 4166 2423 4228 σιλείας
2449 4142 2741 4232 Ϋκαὶν37ἥ.
2774 4157 2914 4229 μετὰ
2943 4152 3207 4215 ὑπατείας
3230 4151 3277 4182 ⁸⁸
3315 4148 3596 4202 Βασιλείου
3623 4145 3685 4197 τὸ
3711 4142 3798 4197 κα¹

2216 4263 2283 4331 τῇ
2308 4258 2356 4312 κ’
2382 4259 2476 4312 τοῦ
2509 4257 2551 4289 ³⁸
2579 4252 2827 4323 Μαρτίου
2859 4248 3050 4321 μηνὸς,
3088 4243 3418 4305 ινδικτιῶνος
3452 4248 3514 4305 ι’,
3549 4241 3645 4292 καὶ
3674 4240 3799 4308 τρία

2216 4372 2293 4425 τῳ
2324 4354 2436 4406 ἔτει
2484 4348 2590 4403 τλε’
2643 4343 3038 4416 Ὀλυμπιάδος,
3073 4335 3367 4409 ἐπληρώθη
3422 4334 3491 4387 τὰ
3545 4332 3667 4402 (ρλβ’
3701 4332 3796 4425 ἔτη

532 4444 760 4501 viviﬁcae
798 4446 999 4512 crucis,
1040 4446 1097 4502 in
1134 4464 1242 4517 qua
1270 4447 1521 4502 Christus
1552 4462 1715 4502 verus
1758 4447 1902 4503 Deus
1930 4458 2109 4506 noster

2219 4422 2314 4503 τοῦ
2340 4440 2692 4517 ἑορταστικοῦ
2720 4437 2923 4493 κύκλου
2962 4433 3076 4506 (66)
3100 4430 3196 4485 τοῦ
3227 4430 3382 4500 ἁγίου
3406 4428 3500 4481 καὶ
3530 4422 3799 4491 ζωοποιοῦ

1896 4606 2222 4665 DUCANGII
2260 4604 2490 4662 ΝΟΤᾹΞ.

611 4737 721 4811 (65)
780 4739 887 4811 re,
916 4739 994 4805 ιβ’
1044 4740 1258 4811 μόνον.
1306 4741 1527 4797 Huncce
1582 4742 1923 4799 consulatum
1980 4762 2106 4802 cum

2211 4747 2314 4801 silii
2353 4745 2415 4800 V.
2452 4743 2513 4799 ϐ.
2549 4736 3057 4811 ConstitutioAIQS,
3092 4730 3235 4811 apud
3276 4727 3550 4811 Iulianum
3568 4740 3651 4811 ,ξιξ
3687 4738 3795 4811 ms.

534 4810 654 4882 Ind.
686 4825 726 4875 ι,
752 4809 974 4880 praefert
993 4829 1025 4882 ν
1049 4809 1289 4882 synodus
1311 4813 1931 4882 Constantinopolitana.
1962 4816 2111 4873 Con-

2550 4794 2731 4866 :'Dat.
2804 4808 2927 4862 Kal.
3000 4794 3142 4860 Maii
3182 4804 3310 4868 imp.
3368 4796 3508 4851 Just.
3559 4794 3671 4847 PP.
3726 4796 3797 4848 Α.

535 4881 790 4955 stitutum
820 4896 949 4955 vero
989 4880 1167 4953 Vigilii
1212 4898 1369 4955 papas
1421 4880 1703 4955 dentribu's
1732 4883 1997 4955 Capitulis
2033 4889 2112 4943 sic
2209 4905 2336 4941 ann.
2372 4902 2521 4941 χχιιι.
2550 4880 3065 4955 Ρ.ηο.γΒαεὶίεί-αιιη.
3099 4891 3188 4955 xv.

534 4950 807 5023 clauditur
834 4966 849 5001 :
876 4950 1083 5023 putaui
1108 4950 1431 5023 pridievldus
1476 4954 1623 5017 Maii,
1670 4950 1961 5022 imperante
1990 4958 2107 5012 DN.

534 5020 836 5093 {ustiniaino
872 5020 983 5093 PP.
1015 5020 1151 5093 Aug.
1182 5040 1321 5077 anno
1346 5027 1506 5086 lxxv”
1531 5024 1592 5092 (f.
1627 5020 1924 5093 Ieg.7xxv1.)
1957 5027 2021 5081 P.
2048 5028 2109 5083 C.

468 5104 473 5111 '
536 5090 727 5172 Basilii
756 5091 813 5172 γ.
947 5093 1008 5146 In
1039 5090 1341 5172 Epiphanio
1459 5090 1753 5172 Placentini
1796 5090 2108 5172 a_bbatis,_is

537 5161 743 5241 dicitur
765 5162 988 5241 obiisse,
1040 5161 1311 5220 duodecies
1355 5162 1422 5218 Ρ.
1469 5163 1528 5218 C.
1564 5163 1778 5220 Basilii.
1820 5164 1881 5221 V.
1913 5168 1976 5224 (Σ.
2013 5161 2109 5223 Ju-

538 5234 702 5284 nioris
726 5234 837 5285 ind.
871 5247 909 5284 ι.
1892 5276 1895 5279 λ

607 5301 721 5373 (64)
760 5301 830 5376 Τὸ
859 5309 923 5376 ιε’
945 5303 1157 5376 μόνου.
1189 5302 1441 5376 Epistolas
1478 5304 1677 5376 Pelagii
1707 5321 1860 5375 papa:
1889 5306 1930 5371 I,
1958 5308 2109 5362 clau-

540 5371 745 5426 duntur
768 5374 869 5429 hac
889 5371 1119 5429 formula
1142 5392 1155 5427 :
1182 5371 1322 5429 Data
1347 5390 1485 5427 anno
1512 5391 1579 5431 xv
1601 5371 1686 5430 vel
1710 5371 1795 5430 xvi
1825 5378 1886 5429 P.
1910 5376 1971 5433 (Ζ.
2000 5378 2111 5432 Βα-

2283 4935 2886 5027 (δώ-’ἴδ’ιη’ξμόνοιέ.⁸
2908 4944 3249 5027 Subscriptio
3303 4938 3468 4994 edicti
3513 4952 3566 5027 ξι
3623 4935 3801 5027 ξιιὶιί-

2212 5005 2393 5083 ιιίιῖὖῖἒ
2426 5005 2745 5095 Ϊᾶιρ.’.1ἶιδι.
2796 5020 2907 5073 PP.
2961 5020 3096 5087 Aug.
3133 5005 3288 5095 (latino
3340 5026 3476 5095 xvii.
3504 5005 3800 5095 iPostyBai-

2214 5099 2301 5153 sit.
2353 5098 2409 5151 V.
2459 5085 2519 5151 CI
2557 5109 2698 5147 cons.
2742 5107 2885 5161 anno
2928 5085 3085 5143 xvni.
3132 5085 3472 5161 subscriptio
3499 5093 3631 5161 vero
3664 5093 3796 5161 nox.

2356 5146 2648 5221 D'Niilust.
2679 5160 2797 5215 PP.
2830 5164 2966 5230 Aug.
3000 5156 3247 5230 “11.22,
3272 5146 3396 5205 Post
3420 5147 3683 5230 Basiliam
3734 5146 3795 5200 I’.

2218 5218 2470 5294 ἐἇτξέζ
2497 5252 2624 5289 ann.
2663 5248 2813 5287 xvm.
2846 5218 2952 5285 Sed
2978 5227 3238 5284 utendum
3277 5236 3397 5276 esse
3423 5220 3477 5273 in
3508 5218 3661 5272 hisce
3689 5233 3800 5271 nu-

2219 5310 2383 5363 meris
2404 5322 2565 5361 nemo
2595 5319 2705 5357 non
2734 5303 2901 5355 videt.

2292 5358 2692 5449 39.1,}3'
2722 5372 2825 5439 ἐτη
2858 5365 3244 5439 ἐορταστικοῦ
3293 5363 3545 5419 κύκλου.
3578 5359 3659 5414 Ex
3688 5358 3799 5414 hoc

1806 5536 2041 5592 VARUE
2080 5532 2484 5590 LECTIONES.

612 5672 657 5745 ξ’
684 5673 922 5745 τοιοῦτον
943 5674 1008 5728 Ρ.
1085 5675 1128 5707 ³⁸
1149 5671 1428 5745 Βασιλείοὺ
1461 5672 1545 5745 bis
1567 5689 1675 5727 om.
1708 5673 1772 5734 It,
1802 5673 1853 5727 in
1890 5690 1964 5729 m.
2011 5672 2285 5745 suppleas.
2366 5672 2407 5703 ³⁷
2442 5676 2480 5722 ε’
2509 5670 2602 5725 καὶ
2623 5668 2665 5723 λ’
2698 5668 2823 5723 ἔτει.
2858 5666 3093 5739 πέμπτῳ
3129 5662 3239 5717 ἔτει
3269 5658 3363 5714 καὶ
3395 5650 3702 5729 τριακοστῷ
3730 5653 3795 5709 P-

545 5732 877 5817 "ﬁmvsiac
908 5745 950 5799 P
981 5746 1112 5801 sola.
1190 5746 1233 5778 ³⁸
1269 5751 1315 5797 κ’
1343 5742 1453 5797 τοῦ.
1486 5744 1701 5813 εἰκοστῇ
1736 5732 1797 5797 P.
