4096 6296
256 326 352 390 901

258 525 614 596 Σεπτεμϐρίῳ
652 531 742 588 κζ’
786 523 884 592 τῆς
957 524 1024 592 ιβ’
1075 524 1405 586 ἰνδικτιῶνος
1446 522 1680 590 ἐστέφθη
1734 523 1824 574 ὑπ’

256 617 422 671 αὐτοῦ
477 617 727 688 Τιὸέριος
766 615 902 679 Nec;
948 617 1372 681 Κωνσταντίνος,
1406 616 1500 668 καὶ
1527 617 1594 684 τῇ
1641 620 1682 666 ε’
1730 613 1824 666 τοῦ

263 711 376 780 μετ’
432 710 593 762 αὐτὸν
641 707 971 779 Ὀκτωϐρίου
1028 707 1197 777 μηνὸς
1249 707 1482 777 τελευτᾷ
1542 707 1827 769 Ἰουστῖνος

257 800 582 869 Αὔγουστος.

330 894 442 946 Καὶ
493 892 868 962 ἐμονάρχησεν
917 891 1168 960 Τιϐέριος
1212 891 1624 950 Κωνσταντῖνος
1664 887 1826 958 ἕτερα

266 983 358 1052 ἐτη
395 983 455 1036 δ’.
1483 979 1648 1050 Ὁμοῦ
1677 984 1825 1045 ςιια’.

913 1268 1184 1335 Τιϐέριος.

337 1361 376 1391 ⁸⁸
413 1359 650 1430 Ἰνδ.ἰβ’.
673 1365 741 1414 α’.
772 1361 865 1412 ὑπ.
897 1359 941 1389 ⁸³
961 1357 1212 1428 Τιϐερίου
1243 1356 1355 1426 (8'5)
1378 1356 1516 1408 Νέου
1543 1356 1824 1408 Κωνσταν-

262 1452 410 1506 eheu
443 1451 749 1519 Αὐγούστου
779 1449 838 1502 τὸ
863 1455 932 1503 α’.

803 1548 892 1610 ἰμ’
937 1538 1284 1606 Ὀλυμπιάς.

349 1639 464 1693 Ἰνδ.
510 1646 595 1706 ιγ’.
633 1638 675 1707 β’
720 1638 784 1690 ⁸³.
815 1636 950 1707 μετὰ
991 1637 1035 1667 ⁸⁵
1065 1637 1156 1688 ὑπ.
1191 1634 1440 1705 Τιϐερίου
1485 1633 1626 1687 Νέου
1679 1634 1831 1686 Κων-

269 1731 454 1784 σταντί
460 1748 548 1782 νου
559 1770 572 1783 .

352 1819 467 1872 Ἰνδ.
502 1819 580 1873 ιδ’.
630 1825 698 1885 γ’.
745 1817 884 1887 μετὰ
927 1818 1022 1870 ὑπ,
1057 1815 1309 1887 Τιῦερίου
1339 1815 1458 1869 νέου
1487 1811 1831 1867 Κωνσταντίο

269 1926 362 1962 νου
397 1911 442 1940 ⁸⁵
466 1908 576 1979 (ὃᾶ)
605 1909 667 1961 τὸ
703 1908 746 1979 β’
776 1908 958 1978 μόνου.

352 2001 471 2052 Ἰνδ.
503 2007 582 2054 ιε’.
603 2001 664 2052 δ’.
701 2001 838 2070 μετὰ
867 2001 958 2053 ὑπ.
994 1999 1246 2071 Τιϐερίου
1280 1999 1400 2052 νέου
1423 1999 1829 2052 Κωνσταντίνου

271 2089 330 2143 τὸ
358 2097 404 2158 γ’
438 2091 620 2158 μόνου.

341 2180 526 2252 Τούτῳ
555 2180 633 2252 τῷ
658 2180 698 2234 δ’
727 2179 834 2233 ἔτει
874 2179 922 2212 ⁸⁸
941 2180 1041 2250 τῆς
1063 2179 1226 2234 αὐτοῦ
1246 2180 1542 2252 μοναρχίας
1563 2180 1829 2252 ἠσθένησε

1451 318 1880 380 CIIRONICON
1915 317 2312 378 PXSCIIALE.

326 432 514 503 Τούτῳ
539 432 614 502 τῷ
646 431 712 502 ιβ’
744 432 852 485 ἔτει
883 432 926 463 ⁸⁸
943 435 1038 502 τῆς
1073 431 1357 485 Ἰουστίνου
1391 431 1665 500 βασιλείας
1695 430 1823 498 μηνὶ
1851 435 1893 488 Α

3395 319 3499 382 962

1994 447 2107 501 IIoc
2157 463 2301 501 anno
2335 464 2404 502 xu
2434 447 2629 502 Justini
2678 449 2910 518 imperii,
2949 465 3135 504 mense
3167 449 3492 520 Septembri,

1925 541 2012 594 die
2051 527 2196 605 xxvi,
2227 539 2520 595 indictione
2570 557 2664 602 xu.
2699 549 2989 595 coronatus
3020 549 3103 594 est
3145 543 3212 596 ab
3240 558 3306 596 eo
3333 543 3496 597 Tibe-

1926 631 2042 685 rius
2072 631 2254 686 Novus
2281 630 2671 685 Constantinus
2701 649 2714 684 ι
2742 641 2796 685 et
2825 649 2876 686 ν.
2905 631 2992 686 die
3021 633 3224 687 mensis
3250 631 3496 692 Octobris

1926 722 2158 776 moritur
2193 721 2438 776 Justinus
2469 721 2765 791 Augustus.

1998 899 2084 966 (Α.
2113 913 2144 952 a
2177 897 2248 952 Μ,
2299 897 2358 952 C.
2404 897 2587 968 6090.)
2621 898 2687 953 Et
2725 899 2872 952 solus
2931 899 3218 968 imperavit
3250 897 3497 956 Tiberius

1927 990 2317 1044 Constantinus
2363 991 2496 1045 alios
2537 1006 2710 1045 annos
2766 1007 2837 1045 IV.
2875 991 3202 1063 colliguntur
3245 992 3373 1046 anni
3418 1009 3492 1047 ri.

1857 1127 1863 1135 .
1927 1099 2071 1136 ιιιιςι.

1927 1176 1992 1228 Α.
2027 1175 2088 1230 c.
3207 1173 3316 1247 [οι.
3348 1173 3496 1249 lpb.]

2590 1267 2842 1320 Tiberius.

1996 1357 2118 1412 579.
2144 1373 2180 1410 ι.
2201 1356 2320 1411 Ind.
2349 1374 2440 1412 xu.
2471 1355 2601 1412 Post
2620 1374 2773 1415 cons.
2795 1358 2995 1413 Tiberii
3017 1357 3147 1413 Novi

2067 1449 2405 1504 Constantini
2434 1450 2662 1519 Augusti
2685 1450 2725 1504 I.
3149 1453 3203 1507 ὅ.

2433 1540 2651 1596 CCCXL
2714 1540 3004 1611 Olympias.

2001 1631 2122 1688 580.
2149 1649 2209 1688 ιι.
2242 1631 2358 1687 Ind.
2412 1648 2524 1688 λιιι.
2567 1631 2783 1688 Tiberio
2820 1633 2969 1688 Novo
3008 1633 3148 1688 Con-

2071 1725 2312 1780 stantino
2338 1739 2489 1778 cons.
3155 1727 3211 1781 ι.

2000 1816 2227 1872 581.111.
2272 1816 2389 1870 Ind.
2423 1827 2530 1870 xw.
2580 1815 2708 1870 Post
2739 1832 2890 1874 cons.
2950 1816 3148 1873 Tiberii

2076 1909 2210 1964 Novi
2252 1907 2588 1963 Constantini
2627 1909 2671 1962 lI
2705 1910 2895 1964 solius.
3158 1911 3208 1965 I.
3233 1908 3357 1965 540.

2004 1999 2130 2055 582.
2165 2019 2242 2056 ιν.
2277 2001 2394 2055 Iud.
2441 2017 2530 2055 xv.
2580 2002 2708 2055 Post
2749 2019 2900 2056 cons.
2948 2002 3150 2058 Tiberii

2080 2091 2214 2146 Novi
2247 2092 2590 2147 Constantini
2633 2093 2699 2146 ΙΙΙ
2726 2095 2913 2148 solius.
3161 2095 3217 2148 2.

2002 2184 2116 2238 Hoc
2147 2199 2288 2238 anno
2317 2201 2389 2238 tv.
2452 2185 2594 2240 illius
2631 2185 2976 2246 mouarcliize.
3030 2186 3305 2258 mgrotavit
3337 2185 3501 2242 Tibe-

1577 2373 1904 2430 DUCANGII
1951 2374 2178 2431 NOTAE.

349 2527 462 2596 (83)
512 2525 668 2580 Μετὰ
705 2529 808 2582 ὑπ.
863 2527 1140 2593 Τιϐερίου,
1179 2535 1285 2580 etc.
1323 2525 1423 2580 IIic
1467 2526 1820 2581 observandae

1922 2526 2268 2598 gmaticuma
2301 2525 2388 2580 Pr.
2441 2527 2656 2582 Pithmo
2717 2528 2957 2586 editum.
3018 2544 3046 2582 a
3081 2528 3236 2581 nobis
3290 2528 3500 2598 pridem

279 2611 439 2651 voces
486 2597 623 2665 μετά
659 2607 714 2651 et
761 2598 822 2648 τὸ
871 2597 1084 2667 πρῶτον
1110 2635 1125 2658 ,
1154 2611 1313 2667 Mqure
1351 2596 1492 2667 nihil
1531 2597 1686 2667 aliud
1727 2597 1826 2650 de-

1943 2597 2224 2667 nudatum,
2284 2613 2405 2650 cum
2461 2598 2559 2651 hac
2622 2598 3058 2666 subscriptione;
3118 2599 3241 2651 Dat.
3295 2596 3354 2652 ιιι
3411 2599 3499 2654 Id.

280 2673 473 2721 notant
500 2682 658 2734 quam
687 2682 886 2719 annum
917 2665 939 2719 ἰ
975 2665 1225 2735 imperii,
1257 2674 1317 2718 ut
1344 2665 1540 2720 Justini
1591 2666 1826 2735 primum
1924 2668 2060 2734 Aug.
2102 2665 2254 2719 CPL.
2294 2667 2426 2734 Imp.
2467 2668 2673 2719 Domini
2723 2665 2885 2720 nostri
2936 2667 3124 2720 Tiberii
3172 2667 3502 2722 Constantini

280 2735 572 2797 ἀνύπατον,
601 2736 846 2798 formula,
882 2745 940 2789 ut
972 2736 1077 2790 dixi
1100 2777 1114 2798 ,
1143 2745 1252 2789 tum
1281 2745 1515 2804 recepta,
1542 2735 1667 2790 licet
1693 2751 1829 2789 non-

282 2807 408 2858 dum
431 2806 618 2858 consul
644 2805 1013 2874 processisset,
1029 2807 1122 2859 sed
1146 2821 1290 2858 anno
1318 2806 1536 2858 demum
1560 2805 1829 2874 proximo,

281 2876 484 2929 Christi
532 2891 723 2928 ntxxx.
768 2874 951 2942 Neque
995 2877 1140 2929 enim
1183 2889 1218 2928 a
1258 2875 1516 2928 Chronici
1568 2875 1832 2943 scriptore

283 2960 426 2998 anno
464 2961 642 2998 ntxtx.
670 2945 998 3014 Consulatus
1045 2944 1246 2998 Tiberii
1287 2945 1656 3014 consignatur,
1691 2943 1833 3013 quod

281 3015 398 3068 vult
427 3015 510 3067 vir
540 3013 898 3068 doctissimus.

356 3085 467 3152 (84)
533 3083 662 3136 ’Υπ.
716 3084 971 3150 Τιϐερίου
1025 3083 1180 3136 Νέου
1220 3084 1700 3136 Κωνσταντίνου.
1756 3081 1834 3136 Ita

1926 2735 2049 2807 PP._
2086 2736 2218 2804 Aug.
2258 2747 2692 2807 inunonoctuvo,
2734 2748 2782 2789 ct
2838 2749 2948 2804 post
3007 2737 3348 2807 Consulatum
3387 2740 3504 2807 ejus

1931 2805 2111 2869 tertio,
2147 2816 2193 2858 et
2247 2806 2379 2859 Nob.
2425 2806 2510 2858 Fl.
2556 2806 2742 2859 Tiberii
2805 2811 2979 2860 Manr.
3016 2808 3250 2860 Feliciss.
3299 2805 3497 2862 Caesar.

1940 2891 2079 2946 anno
2121 2877 2307 2946 primo.
2353 2875 2448 2930 llic
2505 2877 2674 2946 igitur
2721 2893 3020 2930 annusvul
3063 2889 3368 2946 postremus
3403 2878 3503 2934 fuit

1942 2943 2152 3013 imperii
2193 2945 2425 3014 Tiberii,
2480 2943 2678 2998 Christi
2733 2963 2976 3004 pLxxxu.
3039 2943 3101 2999 ac
3159 2948 3364 3014 primus
3417 2949 3502 3001 in-

1941 3025 2134 3082 ceptus
2187 3013 2426 3067 Mauricii
2478 3016 2723 3068 Ctesaris.
2763 3016 3009 3069 Tiberius
3064 3013 3208 3068 enim
3258 3026 3505 3072 mortuus

1941 3093 2025 3137 est
2075 3101 2166 3138 xxv
2219 3085 2444 3154 Augusti
2475 3101 2488 3137 :
2523 3084 2809 3154 Mauricius
2833 3100 2962 3138 vero
2993 3086 3174 3139 Caesar
3205 3085 3382 3138 dictus
3419 3096 3504 3142 est

279 3141 636 3223 etiamfeditio
667 3141 922 3223 Scalig'eri
963 3154 1167 3223 absque
1203 3168 1337 3207 voce
1369 3153 1524 3223 μετά.
1574 3153 1837 3223 Consula-
1864 3141 1906 3198 C
1940 3169 2002 3216 γ,
2034 3141 2560 3222 ειιιὶδειιιηῖἰοιιίαιιθ
2604 3153 2997 3222 Pragmaticum
3035 3171 3089 3208 x1
3122 3155 3208 3208 die
3256 3141 3500 3223 ejusdem

285 3234 399 3276 tum
447 3222 629 3290 igitur,
669 3222 828 3291 juxta
870 3222 1013 3276 hunc
1053 3222 1410 3290 scriptorem,
1459 3232 1572 3276 tum
1609 3222 1841 3290 primum

287 3295 392 3347 hoc
422 3309 570 3346 anno
601 3310 797 3354 oLxxx,
841 3291 961 3345 iniit
983 3292 1248 3354 Tiberius,
1283 3294 1423 3360 quod
1451 3294 1672 3345 omnino
1697 3291 1839 3343 indi-

294 3373 421 3416 cant
447 3363 804 3432 sequentibus
838 3362 1334 3430 postconsulatibus
1357 3361 1585 3431 appositi
1605 3377 1754 3414 num.
1782 3377 1839 3424 ιι,

288 3449 371 3489 ιιι.
417 3442 525 3486 etc.
565 3449 578 3484 :
611 3434 683 3487 ita
707 3441 884 3485 tamen
929 3441 987 3484 ut
1017 3447 1190 3485 annos
1218 3433 1718 3500 postconsulatuum
1758 3432 1844 3484 di-

282 3505 525 3572 stinguat
567 3503 634 3557 ab
663 3502 820 3555 annis
851 3502 1176 3572 μοναρχίας.
1209 3511 1270 3554 ut
1315 3502 1501 3554 indict.
1543 3518 1630 3563 xv,
1663 3501 1753 3572 ubi
1794 3516 1845 3572 ιν

282 3589 461 3627 annus
501 3572 716 3635 dicitur,
749 3571 1082 3640 proindeque
1126 3571 1320 3624 Marius
1363 3571 1741 3625 Aventiccnsis
1777 3571 1844 3623 ad

283 3643 473 3696 indict.
506 3658 603 3696 ιιιιι
630 3643 860 3709 primum
891 3641 1230 3694 consulatum
1251 3641 1451 3694 Tiberii
1475 3651 1622 3695 recte
1652 3640 1838 3700 refert,

283 3711 496 3765 tametsi
523 3722 669 3765 erret
695 3713 748 3764 in
772 3711 965 3764 Justini
999 3711 1177 3763 obitus
1209 3726 1373 3772 anno,
1399 3727 1523 3764 cum
1568 3711 1614 3763 is
1664 3725 1694 3762 e
1739 3711 1843 3762 vita

281 3783 577 3835 excesserit
600 3783 816 3834 ineunte
840 3779 1001 3832 indic.
1029 3795 1102 3832 xu
1129 3821 1144 3843 ,
1175 3796 1318 3833 anno
1351 3795 1608 3834 anxvm.
1639 3779 1844 3832 Notan-

283 3852 409 3905 dum
446 3865 608 3919 porro
635 3859 906 3904 auctorem
936 3849 1192 3903 Chronici
1241 3850 1322 3904 bis
1364 3866 1585 3919 annum,
1612 3849 1846 3917 primum

284 3917 488 3974 Tiberii
547 3930 754 3982 notare,
794 3935 937 3972 anno
982 3919 1188 3972 scilicet
1232 3935 1462 3981 ιιωιιιιιι,
1503 3917 1703 3972 deinde
1749 3933 1848 3971 an-

283 4006 356 4042 no
388 4007 586 4044 anxx.
620 3989 774 4042 I’rior
797 4004 990 4056 nempe
1015 4003 1191 4041 annus
1220 3989 1428 4057 primus
1459 3989 1561 4041 fuit
1590 3988 1797 4055 imperii
1825 4026 1841 4048 ,

285 4061 420 4114 alter
461 4060 796 4114 consulatus.
846 4061 915 4111 At
962 4057 1199 4128 in_edit.f
1233 4059 1488 4128 Scaligeri
1535 4057 1662 4109 anni
1710 4057 1847 4108 dune

287 4141 433 4183 taxat
482 4130 689 4198 imperii
730 4129 956 4198 singulis
1003 4125 1203 4198 Tiberii
1247 4125 1405 4181 annis
1445 4128 1843 4198 praeﬁguntur:

285 4209 449 4268 atque
501 4195 575 4252 ita
640 4195 936 4268 edidinius.
993 4195 1762 4268 Observandumpraeterea_
1793 4195 1846 4268 in

289 4265 459 4336 ipsius
491 4269 729 4321 nummis
759 4283 788 4319 a
817 4267 986 4336 nobis
1023 4266 1306 4321 delineatis
1341 4267 1526 4320 habitu
1580 4265 1846 4319 consulari

289 4335 402 4392 fere
450 4354 668 4406 semper
705 4337 913 4407 efﬁngi,
947 4335 997 4389 id
1054 4344 1138 4389 est
1188 4353 1309 4390 cum
1371 4337 1498 4407 loro
1543 4345 1599 4407 et
1636 4344 1848 4402 sceptro

285 4405 620 4478 aquiligero,
653 4405 855 4462 additis
897 4408 1056 4478 etiam
1108 4410 1267 4478 annis
1295 4405 1534 4474 imperii,
1573 4406 1845 4478 interdum

1944 3225 2177 3292 mensis,
2212 3224 2436 3292 proinde
2467 3224 2644 3276 triduo
2683 3234 2773 3276 aut
2805 3225 3090 3292 quatriduo
3121 3231 3245 3276 ante
3296 3225 3500 3279 obitum

1944 3291 2164 3346 Tiberii.
2214 3291 2413 3346 Deinde
2461 3303 2732 3360 postremo
2778 3291 2876 3347 hoc
2920 3309 3062 3346 anno
3102 3292 3300 3347 Tiberii
3329 3336 3344 3353 .
3385 3304 3504 3349 erat

1944 3363 2355 3431 proconsulatus
2383 3362 2624 3429 ejusdem
2685 3378 2780 3425 ιιι,
2823 3363 2894 3416 ita
2953 3363 3152 3418 diserte
3185 3363 3271 3416 hic
3319 3364 3501 3417 consi-

1945 3442 2156 3500 gnatur.
2197 3432 2252 3485 Si
2278 3434 2614 3491 retrocedas.
2649 3432 3184 3486 secundusinciderit
3217 3433 3267 3485 in
3299 3447 3500 3488 annum

1944 3517 2172 3558 eum.
2226 3503 2338 3556 ind.
2377 3519 2494 3562 xw,
2549 3511 2942 3570 consequenter
2988 3503 3149 3568 igitur
3193 3504 3504 3560 consulatus

1946 3571 2060 3639 ipse
2091 3571 2293 3625 Tiberii
2337 3571 2388 3624 in
2423 3587 2624 3624 annum
2680 3587 2854 3625 DLxxx
2879 3615 2893 3637 ,
2926 3573 3114 3626 indict.
3169 3589 3302 3636 xui,
3353 3574 3502 3638 iuxta

1947 3641 2270 3712 sententiam
2295 3641 2536 3696 I’anvinli
2565 3651 2620 3695 et
2648 3645 2883 3712 auctoris
2905 3642 3176 3695 Clironici.
3201 3642 3332 3696 Nam
3361 3645 3504 3712 quod

1947 3709 2167 3789 iuanno
2187 3712 2633 3793 ptnxuaadditur
2660 3711 2721 3763 τὸ
2744 3711 2978 3793 πρῶτον.
3005 3712 3323 3793 ξ-ιιιρΙιὶἕίιιιι·
3353 3709 3502 3793 ξὲοςο

1947 3780 2152 3852 primus
2189 3782 2332 3852 enim
2390 3782 2492 3852 fuit
2529 3796 2706 3835 annus
2755 3780 2964 3849 imperii
3005 3780 3204 3836 Tiberii
3240 3801 3253 3835 :
3291 3783 3382 3852 qui
3417 3800 3505 3838 se-

1946 3850 2128 3921 quitur
2160 3851 2360 3917 absque
2396 3851 2503 3903 ullo
2537 3860 3004 3921 numeronotatus
3025 3893 3038 3914 ,
3070 3855 3276 3921 primus
3309 3850 3403 3906 ’ρει
3438 3853 3505 3906 il-

1947 3919 2052 3972 lius
2093 3922 2446 3972 consulatus:
2490 3935 2664 3973 annus
2693 3920 2890 3972 deinde
2939 3919 3132 3974 Duxit
3178 3932 3261 3974 est
3308 3937 3506 3975 secun-

1947 3989 2048 4041 dus
2080 4006 2093 4041 :
2129 4004 2304 4041 annus
2333 3990 2564 4056 denique
2599 4004 2813 4042 ncxxxu
2842 3991 3064 4051 tertius,
3097 4007 3204 4058 quo
3243 3991 3287 4043 is
3319 4007 3507 4045 exces-

1947 4057 2277 4137 sit,quique
2313 4058 2728 4137 inPragmatico
2759 4057 3317 4137 descriliitur.;AlteI-o
3347 4061 3509 4137 igitur

1947 4136 2069 4194 post
2095 4127 2309 4181 initium
2367 4127 2652 4196 imperium
2697 4141 2840 4180 anno
2892 4136 3003 4180 tum
3052 4129 3280 4196 primum
3319 4129 3508 4184 consul

1947 4198 2243 4263 processit,
2302 4195 2549 4264 exemplo
2573 4195 2770 4249 Justini
2820 4195 3159 4257 decessoris,
3211 4207 3267 4250 ut
3304 4200 3509 4252 utrius-

1947 4280 2053 4332 que
2112 4267 2450 4334 postmodum
2483 4266 2669 4318 Focas.
2700 4265 2774 4318 Ex
2821 4266 3016 4334 quibus
3061 4269 3394 4321 emendanda
3428 4269 3511 4321 vi-

1948 4337 2109 4405 detur
2173 4335 2464 4405 inscriptio
2507 4336 2835 4405 Eugippiana
2899 4336 3038 4404 apud
3085 4337 3509 4391 eruditissimum

1951 4402 2316 4458 Mabillonium
2345 4402 2403 4457 et
2457 4402 2731 4460 Lablieuin
2785 4402 3009 4468 (non—ex
3056 4407 3266 4460 duobus
3309 4407 3513 4460 codici-

249 4517 255 4521 -
288 4473 750 4556 etiam'Czesare-a:
793 4476 1102 4556 dignitatis...
1130 4477 1272 4530 Anni
1305 4473 1502 4544 quippe
1541 4485 1683 4556 iu‘et
1714 4491 1765 4530 tv
1796 4473 1847 4526 in
1881 4481 1928 4539 ι)
1954 4474 2083 4556 bus,
2159 4475 2251 4528 sed
2293 4477 2483 4556 unico.
2515 4476 2976 4556 biuugermunensi.
3023 4481 3196 4556 eruta)
3253 4493 3371 4546 qua:
3402 4477 3513 4556 “sic

290 4547 357 4599 iis
407 4551 616 4612 notati,
670 4545 1103 4615 annos‘iinperii
1143 4561 1154 4598 :
1197 4555 1256 4599 ut
1286 4563 1318 4598 ν
1347 4561 1398 4600 ct
1453 4563 1548 4601 vui
1591 4546 1851 4598 Cmsarez

290 4617 570 4685 dignitatis
599 4625 880 4686 spectant,
926 4631 1061 4686 quos
1107 4629 1227 4686 eum
1274 4617 1428 4686 annis
1475 4615 1684 4683 imperii
1723 4628 1856 4686 cou-

287 4683 544 4741 nectebat
580 4705 593 4739 :
629 4683 784 4741 unde
813 4685 953 4755 apud
1001 4684 1219 4738 Paulum
1286 4685 1716 4746 Warnel‘ridum,
1747 4683 1851 4755 Iib.

291 4771 370 4809 ιιι.
403 4757 482 4809 De
519 4767 625 4826 gest
667 4753 989 4825 Longobard.
1041 4770 1161 4822 cap.
1201 4754 1298 4818 15,
1343 4756 1538 4809 dicitur
1569 4753 1854 4822 imperium

288 4828 499 4880 rexisse
529 4838 735 4894 septem
769 4826 955 4889 atinis,
992 4839 1112 4894 cum
1161 4826 1317 4894 annis
1350 4829 1609 4878 duntaxat
1651 4841 1702 4878 IV
1733 4831 1856 4890 post

289 4895 499 4948 obitum
547 4892 742 4950 Justini
793 4893 1156 4961 imperaverit.
1214 4892 1271 4946 In
1308 4894 1374 4947 iis
1411 4897 1554 4948 enim
1592 4894 1846 4948 omnibus

289 4980 369 5016 pp.
417 4980 540 5019 auc.
598 4965 928 5025 inscribitur,
977 4963 1065 5032 qui
1108 4963 1320 5030 quidem
1365 4965 1580 5033 ascripti
1637 4964 1848 5016 muneri

291 5035 344 5086 in
394 5035 526 5088 solis
563 5036 822 5089 duntaxat
850 5035 1004 5088 :ereis
1053 5033 1338 5086 habentur.
1386 5034 1504 5087 .Iam
1535 5048 1662 5088 vero
1691 5033 1849 5086 liceat

291 5103 380 5157 hic
413 5106 724 5172 expendere
753 5120 821 5156 an
850 5104 1216 5156 intolerandus
1245 5103 1315 5155 sit
1357 5119 1509 5157 error
1561 5101 1805 5157 Panvinii
1831 5140 1846 5164 ,

291 5188 386 5228 seu
444 5176 628 5243 potius
665 5174 897 5227 auctoris
931 5172 1180 5243 Chronici
1233 5182 1287 5228 et
1337 5172 1486 5225 Marii
1540 5172 1848 5243 Aventicis,

291 5241 588 5310 quod—vult
612 5244 695 5297 vir
722 5243 996 5304 eruditus,
1027 5241 1118 5310 qui
1165 5243 1501 5296 consulatum
1558 5242 1756 5295 Tiberii
1793 5241 1846 5292 in

292 5327 496 5368 annum
553 5330 728 5368 anxx
798 5312 1111 5383 conjiciunt.
1170 5311 1380 5366 Prostat
1467 5311 1667 5366 Tiberii
1722 5311 1854 5364 Pra-

1949 4544 2219 4616 editauest:
2243 4563 2254 4597 :
2287 4542 2393 4596 Sub
2429 4545 2514 4597 die
2541 4542 2733 4598 Iduum
2769 4545 3034 4598 Decembr.
3069 4542 3356 4616 imperante
3391 4545 3510 4600 DN.

1952 4613 2152 4666 Tiberio
2180 4613 2519 4669 Constantino
2550 4618 2778 4681 Augusto
2816 4632 2954 4668 anno
2987 4631 3059 4668 vu
3090 4613 3152 4668 Ρ.
3186 4617 3247 4670 C.
3281 4618 3514 4684 ejusdem

1951 4684 2172 4753 Augusti
2229 4700 2368 4736 anno
2424 4701 2516 4744 ιιι,
2575 4685 2856 4738 indictione
2911 4686 3328 4751 quintadecimn,
3373 4686 3512 4740 obsi-

1950 4754 2186 4806 dentibus
2232 4754 2586 4822 Longobardis
2639 4754 3048 4823 Neapolitanum
3094 4758 3374 4810 civitatem.
3415 4756 3516 4810 Le-

1952 4824 2185 4889 gendum
2232 4824 2376 4876 enim
2435 4840 2569 4878 anno
2619 4841 2678 4876 ιι.
2728 4825 2872 4877 Alias
2909 4825 3105 4893 quippe
3165 4827 3278 4880 haec
3323 4826 3517 4879 inscri-

1951 4895 2063 4959 ptio
2115 4893 2167 4945 in
2237 4909 2435 4945 annum
2494 4910 2686 4948 ocxxxr
2718 4910 2824 4947 nor.
2886 4896 3131 4959 caderet,
3166 4911 3288 4948 cum
3325 4895 3517 4950 tertius

1954 4962 2155 5034 Tiberii
2202 4964 2543 5021 consulatus,
2574 4980 2666 5015 seu
2729 4973 2849 5032 post
2901 4965 3209 5018 consulatus
3255 4966 3519 5034 inceperit

1954 5031 2068 5084 Kal.
2120 5031 2240 5086 Jan.
2296 5033 2422 5084 anni
2475 5031 2856 5096 or.xxxu,inisi
2911 5049 3032 5086 cum
3086 5051 3228 5088 anno
3259 5031 3516 5089 tzzesareae

1955 5101 2234 5169 dignitatis
2281 5111 2372 5155 aut
2430 5101 2641 5170 imperii
2702 5118 2917 5170 semper
2980 5105 3313 5157 concurrerit
3374 5105 3518 5156 IIIIUS

1955 5171 2406 5238 postconsulatus,
2457 5187 2569 5240 quo
2638 5187 2764 5226 casu
2819 5173 2958 5226 idem
3009 5189 3223 5244 semper
3251 5175 3520 5231 exstiterit

1956 5255 2132 5293 annus
2152 5255 2387 5294 DLXXXII.

1586 5505 1815 5562 VARle
1870 5494 2266 5563 LECTIONES.

366 5667 412 5703 ⁸⁸
437 5669 547 5724 ἔτει
581 5669 647 5738 ιβ’
675 5671 737 5725 Ρ.

366 5669 412 5703 ⁸⁸
437 5669 547 5724 ἔτει
581 5669 647 5738 ιβ’
675 5671 737 5725 Ρ.
836 5670 877 5701 ⁸⁸
909 5669 1048 5724 Ante
1089 5669 1207 5726 Ἰνδ.
1240 5673 1398 5754 ponit
1423 5670 1670 5752 Τιϐέριος
1695 5671 1756 5725 Ρ.

301 5751 410 5794 om.
438 5741 501 5795 Ρ.
579 5743 623 5773 ⁸⁸
645 5740 1053 5795 Κωνπαντίνου
1078 5740 1385 5795 Αὑγουστου
1417 5742 1482 5795 Β.
1560 5743 1605 5775 ⁸⁸
1637 5742 1743 5795 ἔτει

579 5743 623 5773 ⁸⁸
645 5740 1053 5796 Κωνπαντίνου
1078 5740 1385 5810 Αὐγούστου
1417 5742 1482 5798 Β.

1571 5688 1670 5752 ιιος
1695 5671 1756 5725 Ρ.
1851 5670 1896 5704 ⁸⁸
1928 5673 2023 5725 ὑπ.
2041 5674 2193 5798 Ιμετὰ
2223 5676 2316 5733 ὑπ.
2347 5675 2409 5731 Ρ.
2513 5677 2557 5710 ⁸³
2587 5675 2652 5747 β’.
2681 5685 2748 5746 γ’.
2777 5675 2840 5730 δ’.
2871 5674 2938 5731 α’.
2969 5674 3032 5744 β’.
3059 5673 3129 5746 γ’.
3157 5672 3222 5728 R.
3313 5672 3360 5706 “
3385 5673 3524 5745 μετὰ

1571 5743 1605 5774 ’⁸
1637 5742 2010 5798 ἕτειτετάοτω
2065 5748 2098 5798 ³.

1560 5742 1605 5775 ⁸⁸
1637 5742 1743 5796 ἔτει
1767 5743 2010 5813 τετάρτῳ
2041 5742 2098 5798 Ρ.
