4096 6296
237 347 344 409 965

322 545 440 598 ἰνδ.
473 543 536 598 δ’.
559 543 624 598 δ’.
661 543 801 614 μετὰ
833 545 927 598 ὑπ.
960 541 1266 613 Μαυρικίου
1304 540 1559 611 Τιϐερίου
1607 540 1816 610 Αὐγού-

239 654 372 690 στου
398 637 459 688 τὺ
493 634 537 705 β’
577 637 760 706 μόνου.

325 726 444 780 Ἰνδ.
477 732 537 778 ε’.
567 731 627 779 ε’.
664 725 802 795 μετὰ
850 725 945 778 ὑπ.
979 723 1290 794 Μαυρικίου
1324 721 1572 793 Τιϐερίου
1606 722 1818 791 Αὐγού-

240 835 372 871 στου
400 818 460 871 τὸ
487 825 535 887 γ’
569 818 752 888 μόνου.

771 913 904 982 τμβ⁹
941 910 1290 979 Ὀλυμπιάς.

327 1005 454 1060 Ἰνδ.
475 1011 549 1069 ς’.
583 1011 657 1069 ς’.
691 1004 828 1074 μετὰ
857 1005 950 1056 ὑπ.
990 1003 1298 1072 Μαυρικίου
1330 999 1581 1072 Τιϐερίου
1607 999 1815 1068 Αὐγού-

245 1124 374 1160 στου
405 1107 465 1159 τὸ
495 1107 535 1158 δ’
570 1106 754 1176 μόνου.

329 1208 540 1273 ἰνδ.ζ’.
593 1209 656 1272 ζ’.
713 1206 848 1277 μετὰ
900 1206 997 1259 ὑπ.
1045 1203 1357 1274 Μαυρικίου
1409 1201 1664 1272 Τιϐερίου
1711 1201 1818 1252 Αὑ-

239 1302 473 1368 γούστου
497 1301 557 1352 τὸ
581 1305 620 1351 ε’
650 1299 810 1369 μόνου
848 1299 913 1356 ⁷³.

327 1393 445 1445 Ἰνδ.
471 1398 540 1461 η’.
572 1399 647 1460 η’.
673 1390 812 1460 μετὰ
843 1390 938 1442 ὑπ.
970 1389 1279 1460 Μαυρικίου
1320 1385 1572 1456 Τιϐερίου
1603 1385 1814 1453 Αὐγού-

244 1507 370 1544 στου
399 1491 459 1543 τὸ
488 1497 540 1556 ς’
567 1492 631 1544 ⁷⁵.

314 1573 502 1644 Τούτῳ
525 1573 603 1644 τῷ
627 1572 738 1642 (88)
769 1571 1000 1642 ἐνιαυτῷ
1021 1573 1086 1641 τῇ
1117 1570 1403 1640 Πασχαλίᾳ
1427 1571 1586 1640 ἑορτῇ
1615 1567 1821 1637 Μαυρί-

241 1691 360 1736 utor;
411 1674 661 1745 Τιϐέριος
702 1672 895 1741 ἔστεφε
949 1671 1230 1724 Θεοδόσιον
1269 1670 1360 1721 τὶν
1403 1669 1533 1722 ἴδιον
1576 1669 1692 1720 υἱὸν
1739 1669 1818 1731 εἰς

243 1761 494 1830 βασιλέα.
528 1763 600 1813 Οὐ
643 1761 826 1831 μέντοι
860 1759 1031 1828 ἐτὰγη
1057 1760 1137 1820 είς
1166 1757 1472 1826 συμϐόλαια
1495 1755 1604 1827 (89)
1635 1755 1818 1825 ἦᾶλλο

1427 350 1858 410 CHRONICON‘
1891 353 2292 414 PASCHALE.

1846 466 1891 518 Α
1919 459 1983 511 Δ.
2012 459 2074 512 (Ζ.

3397 361 3499 422 91ἒ6

3210 463 3315 536 [01.
3350 464 3496 536 lpli.‘

1992 550 2115 603 586.
2160 567 2232 602 l\'.
2283 550 2399 603 Ind.
2437 567 2508 604 iv.
2566 551 2689 605 Post
2747 569 2900 607 cons.
2944 552 3183 609 Mauricii

2065 638 2266 692 Tiberii
2296 642 2518 711 Augusti
2558 643 2598 694 ll
2631 643 2817 696 solius.
3199 647 3246 698 l.

1993 730 2114 784 587.
2172 748 2222 784 ν.
2280 731 2394 788 Ind.
2455 752 2506 786 ν.
2570 735 2697 789 Post
2741 752 2890 790 cons.
2944 737 3182 791 Mauricii

2064 823 2268 878 Tiberii
2295 827 2515 896 Augusti
2545 828 2611 880 lll
2639 829 2825 882 solius.
3201 830 3256 883 εὶ.

2413 920 2684 972 CCCXL“
2718 920 3002 990 Olympias.

1994 1011 2118 1065 588.
2168 1029 2241 1065 γι.
2287 1010 2400 1065 lnd.
2443 1030 2514 1066 τι.
2553 1012 2678 1066 Post
2733 1030 2884 1068 cons.
2943 1015 3181 1069 Mauricii

2066 1104 2265 1157 Tiberii
2300 1105 2522 1173 Augusti
2553 1104 2614 1156 ΙΙΙ
2662 1106 2847 1158 solius.
3188 1109 3240 1161 5.

1996 1196 2119 1250 589.
2158 1213 2250 1250 vn.
2287 1196 2408 1250 Ind.
2451 1213 2542 1250 vn.
2587 1197 2715 1251 Post
2754 1213 2906 1253 cons.
2947 1198 3184 1252 Mauricii

2091 1288 2292 1343 Tiberii
2328 1288 2550 1360 Augusti
2585 1289 2626 1342 V
2670 1292 2835 1346 solius
3195 1293 3242 1346 1.

1995 1380 2116 1435 590.
2145 1397 2257 1434 vni.
2291 1381 2405 1434 lnd.
2439 1398 2556 1434 \‘lil.
2589 1382 2708 1435 Post
2740 1398 2887 1436 cons.
2922 1383 3158 1437 Mauricii

2066 1474 2245 1527 Tiberi
2291 1474 2515 1543 Augusti
2557 1472 2620 1525 Vl
2659 1475 2846 1527 solius.
3187 1475 3238 1528 9..

1995 1565 2110 1619 Hoc
2167 1582 2311 1619 anno
2359 1565 2498 1619 festo
2559 1565 2857 1630 Paschalis,
2909 1565 3196 1621 Mauricius
3248 1567 3496 1622 Tiberius

1924 1657 2206 1711 coronavit
2235 1656 2400 1710 ﬁlium
2433 1672 2588 1709 suum
2624 1657 2990 1711 Theodosium
3015 1659 3067 1711 in
3092 1659 3492 1728 it’t‘iperatorem.

1924 1747 2109 1818 Neque
2160 1757 2338 1802 tamen
2394 1749 2539 1802 illius
2593 1750 2897 1818 appositum
2945 1767 3142 1804 nomen
3182 1753 3234 1805 in
3267 1753 3496 1821 publicis

3280 647 3402 702 541.

3278 1294 3396 1348 Sil

241 1872 291 1907 τι
324 1855 573 1927 ἐπράχθη
604 1856 689 1908 ἐπ’
717 1854 866 1925 αὐτῷ
910 1848 1020 1906 τῶν
1069 1855 1149 1916 είς
1190 1852 1477 1924 γνώρισμα
1524 1851 1809 1923 βασιλέως,

1919 1840 2340 1905 commentariis,
2389 1841 2473 1894 vel
2515 1842 2788 1911 quidpiam
2821 1843 2874 1896 in
2923 1858 2988 1896 eo
3018 1854 3218 1906 actum,
3272 1862 3381 1914 quo
3411 1846 3496 1898 di-

245 1947 361 2000 ἁλ>.’
386 1949 420 2017 ἧ
457 1947 615 2017 μόνον
650 1945 910 2018 ἑστέφθη.

327 2209 446 2264 ’1νᾶ
485 2209 549 2263 0'.
592 2210 656 2264 θ’.
693 2211 829 2280 μετὰ
875 2209 968 2264 ὑπ.
1014 2206 1322 2277 Μαυρικίου
1371 2204 1624 2277 Τιϐερίου
1658 2204 1716 2257 τὸ
1751 2203 1814 2269 ζ’.

314 2301 506 2371 Τούτῳ
532 2302 610 2372 τῷ
640 2301 872 2370 ἐνιαυτῷ
915 2300 1163 2369 Χοσρὸης
1197 2300 1308 2362 (90)
1343 2299 1368 2348 ὁ
1411 2298 1632 2366 Περσῶν
1661 2297 1812 2364 βασι-

241 2391 368 2456 λεὺς
416 2389 550 2463 ἦλθε
602 2393 737 2465 πρὸς
790 2393 1128 2462 Ῥωμαίους,
1180 2390 1475 2460 ἁνταρσίαν
1522 2389 1814 2458 ὑπομείνας

1918 1933 2101 2004 gnosci
2141 1933 2316 1988 solent
2356 1933 2728 2000 imperatores,
2768 1935 2863 1988 sed
2892 1943 2973 1989 est
3006 1936 3269 1990 duntaxat
3295 1951 3495 1990 corona

1917 2027 2167 2080 donatus.

1916 2118 1981 2168 A.
2015 2116 2074 2169 C.
3202 2117 3308 2191 [OL
3341 2117 3488 2191 Iph.]

1991 2208 2114 2264 59L
2156 2225 2230 2263 Ix.
2294 2206 2410 2263 Ind.
2461 2225 2533 2262 ix.
2591 2207 2717 2263 Post
2738 2225 2889 2264 cons.
2937 2209 3175 2265 Mauricii

2060 2301 2264 2355 Tiberii
2297 2303 2520 2372 Augusti
2557 2301 2666 2355 VII.
3177 2305 3230 2358 5.

1996 2393 2109 2448 Hoc
2141 2409 2304 2457 anno,
2337 2395 2608 2449 Chosroes
2643 2394 2927 2448 Persarum
2953 2412 3067 2463 rex,
3099 2396 3329 2452 Varamo
3375 2398 3494 2468 ejus

1580 2579 1905 2636 DUCA-NGH
1946 2577 2170 2636 NOTE.

245 2740 380 2798 aute.
422 2738 518 2792 sub
569 2738 652 2791 die
699 2755 756 2793 ιιι
799 2741 938 2794 Νοη.
976 2741 1182 2796 Octobr.
1217 2744 1384 2796 Paulo
1427 2742 1618 2795 melius
1649 2743 1814 2796 codex

246 2812 387 2864 alius
419 2825 522 2860 ms.
557 2808 871 2863 Colbertcus
900 2829 912 2862 :
947 2811 1008 2864 In
1040 2815 1244 2865 nomine
1272 2814 1476 2865 homini
1506 2823 1550 2864 et
1581 2813 1818 2864 Sale-ato-

247 2883 319 2933 ris
341 2879 372 2931 J
385 2919 397 2931 .
504 2879 792 2950 imperante
817 2879 1018 2934 Damno
1045 2884 1302 2936 Mauricio
1326 2884 1524 2935 Tiberio
1555 2882 1661 2936 PP.
1680 2882 1812 2950 Aug.

247 2965 386 3001 anno
421 2949 619 3000 decimo
647 2950 818 3011 tertio,
849 2952 1132 3019 eodemque
1165 2953 1363 3004 Damno
1387 2969 1526 3004 cons.
1558 2969 1680 3004 (nm.
1716 2949 1817 3004 uu-

245 3022 470 3082 decimo,
497 3019 588 3070 sub
629 3019 712 3070 die
744 3035 801 3071 ιιι
835 3018 1297 3075 Νοηιινζοαοὺν..
1329 3024 1506 3074 indict.
1539 3038 1609 3074 Iv.
1646 3022 1698 3074 ln
1732 3022 1815 3074 al-

248 3097 386 3153 tero,
411 3097 617 3160 quarta
647 3089 753 3160 :_in
790 3089 917 3160 alio,
961 3107 1022 3144 ιιι
1062 3091 1272 3160 legitur.
1304 3090 1358 3144 In
1393 3091 1646 3144 Vaticano
1687 3107 1816 3144 vero

248 3160 368 3213 cod.
407 3159 482 3211 ita
517 3159 630 3210 haec
679 3158 962 3226 inscriptio
1006 3158 1351 3219 describitur.
1391 3170 1446 3214 ut
1479 3178 1564 3214 me
1609 3161 1815 3214 monuit

246 3229 308 3280 Υ.
337 3228 401 3283 C.
437 3225 1019 3295 Stephanus'lialuzius
1050 3249 1063 3284 :
1099 3231 1398 3300 Imperante
1420 3231 1624 3282 Damno
1663 3231 1812 3282 Mau-

245 3301 374 3351 ricio
406 3302 640 3367 Augusto
666 3315 804 3351 amw
837 3314 924 3353 xlv
945 3340 959 3361 ,
1004 3301 1239 3370 ejusdem
1271 3301 1457 3353 Durani
1489 3302 1650 3353 nostri
1689 3317 1815 3352 con-

244 3370 449 3421 sulatus
483 3384 620 3419 anno
661 3383 754 3421 χιιι
783 3408 797 3431 ,
845 3370 937 3422 sub
971 3368 1035 3422 ιιι
1076 3368 1202 3425 Kal.
1249 3370 1477 3430 Ουιυίιν..
1526 3371 1704 3422 iudict.
1742 3387 1811 3424 Iv.

247 3439 338 3491 Sic
371 3439 584 3489 variant
626 3439 858 3492 codices.
892 3439 962 3492 At
1001 3455 1124 3493 cum
1153 3440 1222 3493 de
1255 3441 1550 3494 indictione
1578 3449 1810 3504 constet,

243 3508 474 3579 ridetur_
506 3507 893 3579 sanariﬂposse
934 3512 1191 3562 mendosa
1242 3512 1542 3579 inscriptio,
1590 3511 1630 3562 si
1665 3510 1812 3579 lega-

244 3586 336 3629 tur
389 3575 583 3650 :_Imp.
632 3575 748 3629 DN.
791 3577 1044 3632 Mauricio
1090 3579 1286 3650 Tiberio
1333 3575 1465 3650 Au'g.
1517 3596 1655 3631 anno
1697 3575 1808 3643 xix,

243 3645 546 3698 consulatus
577 3663 714 3698 anno
754 3663 881 3712 xvtt,
913 3649 1005 3701 sub
1035 3666 1093 3702 ιιι
1127 3649 1249 3703 Kal.
1279 3645 1505 3711 Octobr.,
1529 3650 1710 3702 iudict.
1736 3666 1808 3702 tv.

243 3717 359 3788 liae
388 3718 535 3788 enim
569 3716 755 3788 indict.
789 3734 861 3782 iv,
896 3735 1098 3788 mense
1157 3720 1456 3788 Septembri
1489 3728 1604 3772 erat
1635 3736 1811 3774 annus

243 3787 448 3839 Christi
496 3801 588 3846 nc.
640 3786 847 3854 imperii
891 3787 1135 3842 Mauricii
1203 3786 1320 3850 xix;
1374 3790 1810 3856 postconsulatus

241 3870 395 3927 vero,
412 3872 519 3927 seu
548 3858 866 3927 consulatus
900 3873 1030 3920 xvn,
1065 3875 1185 3927 quae
1216 3861 1431 3927 quidem
1464 3870 1589 3912 nota
1619 3876 1808 3912 nume-

246 3926 375 3977 ralis
399 3926 464 3997 in
488 3924 817 3980 editionibus
841 3924 1122 3996 perperam
1156 3924 1253 3997 per
1276 3930 1513 3981 undecies
1545 3929 1806 3993 redditur,

243 4012 367 4048 cum
395 3996 448 4047 in
482 4004 723 4067 mss.,ut
752 4008 832 4051 est
863 3996 1170 4067 proximum
1198 4014 1346 4057 vero.
1372 4014 1446 4050 vn
1477 3999 1643 4050 decies
1673 3999 1809 4052 scri-

243 4075 397 4134 ptum
430 4075 595 4136 esset,
639 4066 689 4118 id
716 4076 818 4133 est,
860 4066 1266 4136 Septemdecim.
1302 4067 1533 4120 Proinde
1564 4068 1652 4122 hic
1675 4085 1807 4121 con-

244 4136 455 4206 sulatus
485 4134 591 4188 non
624 4145 708 4188 est
737 4153 847 4201 xvr,
883 4134 1026 4206 quod
1064 4139 1177 4191 vult
1201 4139 1280 4190 vir
1313 4138 1680 4201 doctissimus,
1715 4139 1807 4192 sed

245 4221 378 4277 xv".
421 4205 541 4258 Jam
575 4221 704 4258 vero
754 4205 913 4275 quod
947 4208 1152 4277 primus
1197 4207 1807 4277 b’lauriciiconsulatus

242 4275 457 4327 dicatur
495 4291 672 4328 annus
705 4277 910 4346 integer
942 4275 1191 4340 anxxw,
1238 4277 1364 4330 licet
1392 4276 1493 4330 sub
1525 4277 1667 4332 illius
1695 4277 1807 4330 exi-

247 4356 362 4398 tum
392 4348 657 4398 duntaxat
688 4349 1048 4413 processerit.
1085 4349 1157 4400 ita
1190 4356 1247 4398 ut
1277 4346 1591 4400 consulatus
1635 4354 1808 4400 retro-

242 4425 398 4468 actus
430 4417 664 4479 dicatur,
702 4418 855 4470 istius
887 4417 1012 4470 anni
1049 4417 1231 4484 elapso
1258 4426 1499 4485 tempore
1532 4417 1606 4469 illi
1638 4417 1805 4471 ascri-

1915 2743 2054 2809 apud
2091 2742 2456 2806 Nicephorum
2490 2742 2806 2809 Gregoram,
2856 2742 2948 2796 l'b.
2981 2757 3031 2794 Iv
3063 2740 3222 2800 "£31..
3251 2757 3370 2809 cap.
3402 2741 3488 2794 16.

1916 2812 2143 2866 Michael
2177 2811 2510 2882 Palamlogus
2545 2814 2671 2879 imp.
2703 2814 2809 2865 lilio
2838 2811 3150 2865 Andronico
3179 2812 3490 2882 imperatori

1915 2893 2096 2937 creato
2131 2883 2378 2945 indulsit,
2416 2881 2474 2936 ut
2504 2883 2852 2936 subscribere
2914 2882 3099 2936 liceret
3139 2882 3333 2935 litteris
3363 2881 3491 2934 Cin-

1919 2953 2184 3005 naharieis
2213 2993 2227 3016 ,
2264 2963 2520 3006 caeterum
2557 2955 2672 3005 sine
2706 2968 2894 3005 mense
2940 2961 2992 3004 et
3035 2951 3350 3013 indictione,
3388 2951 3490 3005 hac

1917 3023 2181 3075 duntaxat
2235 3023 2442 3075 ratione
2488 3038 2498 3070 :
2557 3021 2999 3074 ΑΝΔΡΟΝΙΚΟΣ
3033 3020 3331 3074 ΧΡΙΣΤΟΥ
3368 3021 3490 3074 ΧΑ-

1921 3093 2052 3145 ΡΙἹΊ
2100 3093 2434 3144 ΒΑΣΙΛΕΥΣ
2472 3092 2807 3152 ΡΩΜΑΙΩΝ,
2859 3107 2981 3144 cum
3038 3091 3154 3159 ipse
3193 3106 3312 3143 sese
3358 3107 3490 3159 pra!-

1843 3141 1884 3194 C
1927 3172 2068 3213 terea
2111 3141 2897 3231 Abtoxpdtopaginscriberet:
2933 3141 3144 3231 ιιιωὲιεὶ
3199 3177 3227 3210 a
3275 3141 3488 3215 Joarnne

1923 3229 2304 3284 Cantaeuzeno
2329 3229 2453 3298 imp.
2483 3229 2765 3284 Mattbaeus
2792 3231 2930 3283 lilius
2961 3230 3256 3299 imperator
3288 3231 3483 3292 factus,

1923 3317 2042 3354 sese
2069 3311 2121 3355 et
2147 3301 2368 3369 βασιλέα
2399 3311 2451 3352 et
2487 3301 2864 3369 αὐτοκράτορα
2899 3300 3134 3365 dixerit,
3172 3308 3228 3352 ιιι
3262 3315 3328 3352 ex
3370 3301 3487 3366 ejus

1923 3371 2318 3439 subscriplione
2362 3373 2500 3438 apud
2535 3371 2849 3423 (iretzerum
2883 3371 2934 3422 in
2973 3371 3116 3423 nolis
3146 3370 3210 3420 ad
3240 3370 3484 3439 ejusqem

1919 3437 2147 3493 Joannis
2169 3437 2526 3494 Cantacuzn-ni
2552 3441 2712 3503 Ilist.,
2747 3456 2865 3509 pag.
2904 3441 3027 3500 955,
3048 3441 3328 3493 docemur.
3353 3437 3485 3509 Vide

1920 3528 2038 3578 qme
2072 3514 2122 3563 in
2156 3512 2292 3564 hanc
2340 3527 2451 3564 rem
2483 3508 2837 3562 obsenamus
2869 3510 2920 3561 in
2951 3509 3122 3563 Gloss.
3157 3510 3298 3561 med.
3335 3508 3485 3561 Grae-

1921 3581 2010 3632 cit.
2045 3591 2099 3634 et
2134 3581 2185 3633 in
2216 3581 2393 3634 Addit.
2449 3583 2499 3632 in
2536 3598 2588 3640 ν.
2641 3581 3025 3648 Αὐτοκράτωρ.
3063 3579 3216 3644 Quod
3252 3594 3378 3630 rero
3409 3581 3486 3631 ait

1919 3660 2107 3703 auctor
2153 3650 2406 3704 Chronici
2451 3649 2743 3703 Theodosii
2807 3665 3006 3702 nomen
3068 3649 3122 3702 in
3177 3649 3370 3702 tabulis
3429 3657 3485 3702 et

1919 3721 2285 3774 contractibus
2317 3735 2656 3790 nequaquam
2686 3735 2791 3790 una
2831 3736 2950 3772 cum
2989 3718 3226 3772 Mauricii
3261 3720 3482 3772 nomine

1919 3792 2236 3855 ascriptum,
2267 3791 2449 3843 neScio
2483 3789 2549 3843 an
2585 3789 2807 3843 omnino
2835 3805 3018 3842 verum
3051 3792 3158 3852 sit,
3188 3803 3310 3841 cum
3351 3806 3482 3841 con-

1920 3862 2141 3913 trarium
2186 3861 2468 3913 videantur
2500 3861 2738 3913 indicare
2762 3899 2776 3920 ,
2809 3860 2951 3928 quod
2991 3861 3117 3912 olim
3172 3859 3483 3912 monuimus

1917 3929 1970 3982 in
2002 3930 2196 3983 Famil.
2246 3929 2466 3998 Byzaut.
2493 3941 2652 3999 gesta,
2673 3929 2858 3997 synodi
2893 3929 3148 3982 llomana:
3179 3929 3324 3999 apud
3347 3928 3480 3999 Gre-

1916 4002 2124 4067 gorium
2183 3999 2253 4054 M.
2306 3999 2398 4052 lib.
2451 3997 2522 4063 Iv,
2572 3998 2731 4066 epist.
2785 3999 2887 4058 44,
2936 4015 3057 4064 qua:
3102 4007 3220 4050 acta
3275 3997 3479 4050 dicitur

1917 4069 2229 4135 temporibus
2261 4069 2539 4134 piissimor.
2576 4085 2637 4120 ac
2663 4067 3111 4120 serenissimorum
3151 4067 3480 4119 dominorum

1915 4138 2159 4190 Mauricii
2197 4138 2383 4191 Tiberii
2423 4148 2471 4190 et
2507 4138 2770 4190 Theodosii
2819 4139 3204 4203 Augustorum,
3248 4136 3480 4204 ejusdem

1915 4209 2113 4260 domini
2159 4207 2403 4260 Mauricii
2461 4208 2666 4276 imperii
2702 4223 2839 4258 anno
2877 4208 3028 4259 tertio
3069 4207 3286 4276 decimo,
3337 4206 3478 4257 iudi-

1915 4279 2080 4330 clione
2103 4278 2256 4330 tertia
2285 4278 2504 4341 decima,
2525 4274 2704 4345 quinto
2733 4278 2814 4328 die
2841 4277 3030 4329 mensis
3059 4275 3193 4328 Julii
3223 4291 3239 4327 :
3271 4274 3374 4328 hoc
3397 4285 3481 4329 est

1914 4362 2061 4400 anno
2097 4347 2299 4402 Christi
2335 4347 2538 4412 vulgari
2571 4362 2745 4400 vxcrv.
2781 4345 2885 4399 Sed
2917 4361 3040 4399 cum
3071 4360 3246 4398 annus
3276 4359 3479 4397 renun-

1916 4418 2029 4469 tiati
2059 4418 2282 4486 Augusti
2315 4415 2606 4470 Theodosii
2638 4416 2954 4486 omittatur.
2987 4415 3242 4486 solusque
3267 4415 3477 4486 imperii

247 4495 341 4552 pto
373 4503 392 4556 :_
403 4485 584 4556 simili
618 4488 753 4538 forte
802 4487 856 4540 id
891 4482 1264 4555 prmseriptum
1308 4482 1392 4540 est
1418 4488 1658 4552 decreto,
1701 4502 1810 4556 quo
1843 4493 1888 4548 D
1914 4482 2434 4540 Mauricii'consulto
2473 4487 2834 4550 describatur,
2886 4485 2985 4556 sic,
3007 4482 3268 4556 capienda
3302 4482 3478 4538 Chro-

245 4556 348 4607 suh
376 4554 650 4614 Heraclio,
683 4566 740 4608 ut
771 4554 898 4609 mox
930 4557 1297 4610 observantius.

315 4624 428 4694 (88)
475 4627 668 4687 Τούτῳ
707 4624 796 4689 uir
837 4626 977 4678 ἐτει-
1031 4625 1396 4680 Theodosium
1427 4625 1596 4679 lilium
1633 4625 1812 4681 Caesa-

244 4709 360 4747 rem
390 4695 781 4766 anteadixerat
801 4695 1108 4766 Mauricius,
1127 4712 1270 4749 anno
1300 4697 1508 4750 scilicet
1532 4698 1738 4766 imperii
1760 4716 1809 4762 ι’,

247 4776 305 4816 ιιι
327 4764 519 4816 scribit
548 4763 790 4817 Joannes
821 4765 1182 4818 Biclariensis.

317 4836 428 4901 (89)
453 4836 536 4885 Οἱ*
563 4833 765 4906 μέντοι
792 4835 968 4901 enim
996 4836 1481 4906 κειςίσυμϐόλαία.
1507 4836 1581 4889 lta
1605 4836 1808 4906 quippe

249 4902 607 4972 imperatores
645 4905 782 4958 tilios
820 4919 947 4957 suos
975 4902 1252 4974 dignitatis
1292 4917 1578 4959 consortes
1612 4902 1675 4960 ac
1700 4902 1804 4974 βο.-

250 4976 428 5036 σιὶεας
492 4975 899 5036 renuntiabant,
957 4984 1016 5027 ut
1068 4990 1373 5042 supremam
1428 4977 1803 5030 auctoritatem

245 5044 341 5095 sibi
384 5058 603 5111 semper
634 5053 1006 5108 reservarem,
1039 5044 1293 5112 solusque
1327 5046 1390 5097 iis
1420 5046 1678 5099 duntaxat
1705 5049 1806 5099 itii—

247 5114 509 5180 peratoris
554 5114 777 5166 daretur
813 5114 1019 5176 titulus,
1058 5129 1205 5180 quo,
1247 5115 1291 5167 si
1337 5126 1615 5183 parentem
1673 5118 1805 5170 mori

245 5184 610 5252 contingeret,
643 5183 867 5237 haberet
901 5183 1132 5252 pepnlus
1164 5199 1323 5251 quem
1361 5186 1660 5253 principem
1697 5187 1806 5254 jam

244 5263 482 5322 creatum
514 5263 838 5322 agnosceret
868 5272 882 5306 :
917 5255 1058 5306 unde
1089 5254 1376 5321 postremis
1420 5257 1607 5307 saltem
1637 5270 1806 5309 secu-

245 5319 327 5382 lis,
383 5319 622 5391 βασιλέῖς
680 5325 821 5377 nude
870 5319 1325 5390 indigitabantur,
1375 5341 1496 5376 cum
1554 5336 1801 5391 parentes

247 5392 645 5463 αὐτοκράτορες
694 5409 801 5447 una
845 5403 899 5448 et
950 5393 1186 5455 ϐασιλεῖς
1237 5393 1678 5448 inscriberentur.
1715 5394 1796 5448 ita

1912 4557 2019 4609 nici
2057 4557 2218 4610 verba
2258 4557 2379 4610 licet
2405 4557 2679 4626 augurari,
2713 4566 2770 4610 ut
2794 4555 2916 4610 etsi
2951 4554 3240 4626 Theodosii
3275 4570 3474 4608 nomen

1912 4642 2017 4680 una
2043 4643 2165 4680 cum
2193 4627 2436 4696 parentis
2470 4625 2686 4680 nomine
2710 4627 2762 4679 in
2792 4625 3164 4680 contractibus
3200 4625 3476 4679 descrzbc-

1911 4707 2082 4761 retur,
2106 4695 2232 4750 anni
2267 4705 2445 4750 tamen
2490 4697 2632 4750 illius
2683 4695 3112 4766 inaugurationis
3140 4695 3475 4748 omitteren-

1911 4777 2018 4830 tur,
2045 4783 2172 4820 eum
2217 4767 2350 4837 gesti
2380 4767 2590 4836 imperii
2617 4767 2897 4836 appositus
2940 4781 3118 4819 annus
3141 4766 3472 4837 praecipuum

1909 4836 2601 4905 censereturimperatorim
2619 4837 2894 4904 dignitatis
2910 4845 3307 4906 argumentum,
3329 4836 3473 4902 quod

1908 4907 1960 4959 in
1992 4907 2166 4961 Gloss.
2219 4909 2360 4961 med.
2405 4907 2620 4961 Grzecit.
2662 4905 2986 4976 praesertim
3013 4905 3299 4960 docuimus
3335 4905 3388 4956 in
3419 4921 3470 4968 ν,

1906 4978 2259 5044 Μηνολογεῖν.

1977 5043 2089 5117 (90)
2127 5048 2416 5114 Χυσρόης.
2456 5043 3002 5117 \‘ide__Simoeattam,
3044 5043 3136 5117 lib.
3170 5059 3243 5117 ty,
3278 5059 3401 5117 cap.
3428 5044 3473 5117 _7

1906 5127 1960 5169 et
1988 5114 2177 5185 seqq.;
2211 5118 2518 5185 Evagrium,
2573 5115 2664 5168 lib.
2693 5131 2768 5178 vr,
2796 5115 3036 5185 c:ip._i7,
3073 5115 3156 5177 18,
3185 5114 3269 5177 i9,
3297 5125 3350 5168 et
3379 5115 3474 5167 Al-

1907 5183 2290 5255 bupharajium
2325 5183 2380 5240 in
2412 5187 2637 5255 Dyuast.
2658 5223 2671 5245 ,
2713 5199 2765 5250 p.
2797 5183 2884 5255 9b.
2927 5183 3180 5255 Deianno
3207 5199 3475 5255 veroiquo

1907 5258 1958 5309 id
1988 5253 2230 5328 ‘wnugu
2279 5253 2646 5312 consulendus
2696 5253 2962 5310 Henricus
3007 5254 3254 5309 Valesius
3297 5253 3470 5310 adid.

1906 5344 2026 5396 cap.
2063 5327 2147 5379 17.

1532 5588 1764 5647 νΑιιιΑῑ
1793 5591 2195 5648 LECTIONES.

313 5747 361 5784 "
390 5750 551 5821 μόνου
581 5767 689 5806 om.
720 5752 785 5804 ιὶ.
859 5749 904 5780 ’⁵
937 5757 988 5814 ς’
1023 5749 1182 5821 μόνου
1227 5748 1412 5804 Psola.
