4096 6296
223 355 326 420 969

1403 347 1839 412 CHRONICON
1871 349 2274 408 PASCHALE.

3374 349 3478 410 970

222 467 385 530 ἑπτὰ.
416 465 527 521 ἀπὸ
557 463 602 519 θ’
629 465 725 520 καὶ
752 463 922 534 αὐτῆς
970 462 1075 535 ἓως
1109 469 1171 515 ιε’
1205 460 1298 516 τοὺ
1331 461 1497 514 αὑτοῦ
1528 461 1800 531 Φεϐρουα-

1914 466 2062 522 sunt,
2104 459 2173 516 ab
2205 474 2258 512 si
2301 456 2509 512 scilicet
2540 456 2658 521 die,
2687 456 2754 510 ad
2789 473 2854 510 xv
2875 456 3118 527 ejusdem
3141 457 3346 513 mensis
3375 459 3479 514 Fe-

225 559 341 628 ρξου
379 556 568 628 μηνός.
598 556 708 610 Καὶ
733 558 801 627 τῇ
836 560 891 620 ς’
920 554 1016 608 τοῦ
1046 552 1268 607 Ἰουλίου
1311 552 1480 623 μηνὸς
1499 551 1602 622 τῆς
1629 550 1801 620 αὐτῆς

221 657 261 702 ε’
296 648 630 711 ίνδικτιῶνος
651 647 872 718 ὴδίκτου
903 645 1260 718 προτεθέντος
1282 644 1498 714 ἐγράφη
1529 642 1607 713 τῷ
1627 639 1802 711 λοιπῷ

227 745 385 814 μέρει
413 741 509 795 τοῦ
536 741 730 813 χρόνου
759 741 853 794 τοῦ
887 742 1047 812 μέχρι
1073 739 1318 811 δηλονότι
1351 737 1682 808 Ἰανουαρίου
1701 737 1802 806 τῆς

224 833 392 902 ἕκτης
428 830 759 892 ίνδικτιῶνος
795 827 972 893 οὕτως
995 842 1012 859 ’
1040 831 1151 884 Καὶ
1166 829 1454 896 ὑπατείας
1483 829 1591 883 τοῦ
1613 830 1803 892 αὐτοῦ

223 922 851 998 εὐσεϐεστάτουοήμῶν
861 921 1161 976 δεσπότου
1175 921 1240 975 τὸ
1253 921 1534 989 δεύτερον
1545 922 1677 994 (95).
1694 923 1804 976 Καὶ

223 1017 303 1087 τῷ
351 1015 644 1087 Νοεμϐρίῳ
679 1016 811 1085 μηνὶ
843 1016 944 1086 τῆς
989 1014 1159 1085 αὐτῆς
1191 1020 1244 1080 ς’
1263 1015 1311 1046 τ’
1344 1013 1674 1078 ίνδικτιῶνος
1702 1017 1803 1068 ἐπί

224 1110 520 1172 ανάστασις
547 1108 736 1176 γέγονε
769 1107 1065 1177 Μαυρικίῳ
1091 1106 1245 1177 παρά
1273 1107 1440 1160 Φωκᾶ
1469 1107 1804 1177 στρατιώτου

229 1202 370 1273 μετὰ
393 1200 490 1254 τοῦ
524 1199 782 1271 στρατοῦ.
813 1201 924 1254 Καὶ
952 1200 1259 1272 Μαυρίκιος
1292 1200 1394 1271 μὲν
1424 1199 1676 1272 Τιϐέριος
1707 1200 1806 1253 σὺν

223 1299 290 1365 τῇ
323 1293 544 1363 γυναικὶ
580 1289 966 1364 Κωνσταντίνῃ
999 1295 1092 1346 καὶ
1127 1293 1317 1348 παισὶν
1346 1293 1412 1358 θ’,
1445 1292 1722 1346 τουτέστιν
1752 1298 1804 1357 ς’

228 1389 332 1459 μὲν
383 1387 614 1458 ᾶρῤεσι,
664 1385 953 1457 Θεοδοσίῳ,
987 1385 1262 1458 Τιϐερίῳ,
1312 1386 1528 1458 Πέτρῳ,
1585 1384 1802 1457 Παύλῳ,

239 1479 514 1551 Ἰουστίνῳ
575 1479 672 1533 xui.
719 1477 1126 1549 Ἰουστινιανῷ,
1181 1479 1276 1533 καὶ
1331 1479 1481 1551 τρισὶ
1540 1477 1805 1551 θηλείαις,

237 1571 591 1644 ’Δ-ωστασίᾳ,
606 1571 904 1644 Θεοκτίστῃ
925 1572 1021 1625 καὶ
1041 1571 1389 1643 Κλεοπάτρᾳ,
1419 1571 1611 1641 φεύγει
1625 1573 1671 1604 ³⁸
1694 1571 1806 1637 (96)

224 1668 290 1736 τῇ
332 1664 415 1735 κβ¹
447 1665 544 1717 τοῦ
574 1664 697 1717 Δίου
734 1664 921 1735 μηνὸς,
954 1663 1097 1717 κατὰ
1129 1662 1436 1734 Ῥωμαίους
1475 1662 1808 1734 Νοεμϐρίου,

224 1760 294 1826 τῇ
328 1754 489 1808 νυκτὶ
516 1757 582 1826 τῇ
614 1755 708 1808 ἐπὶ
737 1760 822 1822 κγ’
846 1753 1180 1823 διαφαούσης
1214 1754 1809 1826 Παραπευῆς.ᾤωκᾶς

224 1814 294 1902 δέ.
311 1852 382 1919 τῇ
419 1855 504 1917 κγ’
537 1814 634 1900 τ.οὖ
667 1814 834 1900 αὑτοῦ
886 1814 1054 1918 μηνὸς
1099 1814 1378 1920 ἡμέρές
1410 1814 1662 1916 στεςρόεὶς
1703 1814 1808 1900 ὑπο
1844 1814 1882 1868 Β

229 1937 516 2009 Κυριακοῦ
566 1938 910 2010 πατριάρχου
951 1938 1576 2002 Κωνσταντινουπόλεως
1607 1940 1687 2002 είς
1718 1937 1809 1990 τὸν

229 2029 536 2097 σεϐάσμιον
585 2023 733 2081 οἷκον
775 2026 870 2080 τοῦ
913 2027 1072 2096 ἁγίου
1107 2028 1358 2082 Ἰωάννου
1407 2028 1466 2084 ὲν
1513 2027 1594 2098 τῷ
1625 2027 1808 2081 Ἑϐδῦ-

231 2139 319 2193 μῳ
343 2120 459 2189 (97)
482 2121 549 2190 τῇ
579 2125 656 2171 κε’
683 2117 778 2171 τοῦ
814 2115 1072 2190 ῥηθέντος
1099 2117 1288 2189 μηνὸς,
1317 2117 1501 2188 ἡμέρᾳ
1529 2119 1806 2189 κυριακῇ,

228 2211 482 2282 εἰσῆλθεν
503 2212 562 2264 ἐν
577 2209 1165 2274 Κωνσταντινουπόλει,
1188 2208 1474 2274 καθεσθεὶς
1494 2210 1575 2274 είς
1603 2211 1702 2282 δχη
1712 2229 1808 2281 μα,

229 2304 344 2360 ἀπὸ
368 2303 465 2357 τοῦ
501 2302 762 2373 Ἐϐδόμου
797 2300 1056 2355 εἰσελθὼν
1083 2302 1173 2355 διὰ
1215 2303 1314 2373 τῆς
1356 2303 1580 2374 Χρυσῆς
1604 2304 1812 2373 πόρτας

229 2395 329 2450 καὶ
375 2393 488 2448 τῶν
535 2393 904 2466 Τρωαδησίων
938 2392 1122 2464 379
1173 2393 1418 2464 ἐμϐόλων
1451 2395 1563 2465 (98)
1590 2397 1686 2449 καὶ
1713 2396 1812 2467 τῆς

229 2488 428 2558 Μέσης
457 2487 569 2557 (99)
619 2487 749 2557 ὅλης
781 2487 903 2557 ,ἕως
946 2487 1040 2541 τοῦ
1091 2486 1377 2550 παλατίου,
1412 2487 1639 2558 μηδενὸς
1674 2487 1812 2552 ὅλως

227 2580 608 2644 ἀντιστάντος,
637 2578 775 2632 ἀλλὰ
805 2579 1026 2633 πάντων
1058 2578 1472 2650 εὐφημούντων.

298 2671 620 2742 Ἐκρατήθη
633 2671 690 2724 δὲ
701 2671 1002 2742 Μαυρίκιος
1014 2669 1264 2741 Τιϐέριος
1280 2668 1422 2739 μετὰ
1444 2669 1546 2740 τῆς
1557 2672 1813 2740 γυναικὸς

227 2761 328 2814 καὶ
361 2759 508 2814 ὀκτὼ
531 2760 736 2814 τέκνων
763 2760 928 2814 αὐτοῦ
955 2762 1036 2824 εἰς
1057 2760 1149 2814 τὸν
1175 2761 1364 2828 Ἀγιον
1386 2761 1691 2833 Αὐτόνομον
1713 2761 1810 2832 (Ι),

232 2852 468 2922 πλησίον
500 2851 796 2923 Πραινέτου
832 2852 941 2922 (2)*
995 2863 1090 2905 και
1142 2854 1206 2923 τῇ
1240 2851 1320 2917 κζ’
1351 2851 1446 2905 τοῦ
1492 2852 1660 2905 αὑτοῦ
1706 2870 1815 2924 μη-

231 2947 348 3009 νὸς,
380 2943 569 3017 ἡμέρᾳ.
597 2945 779 3017 τρίτῃ,
819 2947 1032 3016 ἐσφάγη
1066 2946 1293 3016 πλησίον
1327 2944 1673 3016 Χαλκηδόνος
1721 2947 1818 3000 αὐ-

232 3040 326 3103 τὸς
357 3039 664 3110 Μαυρίκιος
697 3041 792 3092 καὶ
811 3038 1064 3108 Τιϐέριος
1083 3039 1126 3070 ⁸⁸
1159 3039 1252 3092 καὶ
1282 3039 1506 3109 Πέτρος,
1529 3038 1817 3104 ἰουστῖνος

233 3132 337 3184 καὶ
365 3128 762 3194 Ἰουστινιανὺς,
793 3129 888 3182 καὶ
918 3129 1124 3201 Πέτρος
1168 3129 1224 3182 δὲ
1272 3131 1300 3183 ὁ
1346 3129 1573 3198 ἁδελφὸς
1606 3130 1820 3201 Μαυρι-

1901 550 2126 604 bruarii.
2157 553 2322 604 Sexto
2367 549 2567 604 deinde
2614 547 2743 603 Julii
2795 548 3002 603 mensis
3049 549 3138 603 die
3171 549 3417 619 ejusdem
3450 567 3482 604 ν

1902 641 2212 697 indictionis
2237 685 2253 708 ,
2284 641 2564 712 proposito
2591 640 2772 696 edicto
2792 682 2809 707 ,
2851 639 3114 710 scriptum
3159 650 3246 696 est
3274 642 3481 711 reliqua

1901 746 2056 806 parte
2083 735 2251 800 anni,
2285 750 2485 806 nempe
2537 749 2710 804 usque
2756 734 2823 790 ad
2873 734 3192 790 Januarium
3227 753 3280 790 γι
3336 737 3478 791 indi-

1902 826 2134 891 ctionis,
2179 827 2256 882 sic
2288 845 2302 881 :
2339 825 2408 880 Et
2433 826 2706 880 consulatu
2733 826 2969 895 eiusdem
3011 827 3235 896 piissimi
3266 829 3478 882 Domini

1907 919 2073 971 nostri
2104 919 2353 972 secundo.
2383 916 2451 972 Et
2476 918 2772 974 Novembri
2819 933 3008 974 mense
3049 920 3293 989 ejusdem
3335 920 3481 976 indi-

1906 1011 2108 1067 ctiouis
2132 1053 2147 1076 ,
2200 1011 2369 1066 Focas
2401 1011 2559 1067 miles
2605 1028 2714 1066 una
2739 1028 2866 1067 cum
2893 1013 3132 1068 exercitu
3186 1014 3242 1068 in
3291 1013 3484 1068 Mauri-

1907 1106 2054 1160 cium
2087 1105 2427 1176 tyrannidem
2458 1105 2733 1176 arripuit:
2778 1121 2844 1161 ac
2892 1105 3181 1160 Mauricius
3232 1105 3484 1162 Tiberius

1907 1215 2031 1254 cum
2067 1215 2232 1254 uxore
2260 1198 2618 1253 Constantina
2638 1240 2654 1262 ,
2689 1207 2743 1253 ct
2767 1215 2963 1253 novem
2993 1199 3211 1263 liberis,
3248 1216 3341 1255 sex
3369 1217 3485 1255 ma-

1909 1292 2112 1358 sculis,
2147 1307 2344 1362 nempe
2379 1291 2717 1357 Theodosio,
2754 1291 3004 1354 Tiberio,
3051 1291 3247 1354 Petro,
3296 1291 3483 1353 Paulo.

1907 1384 2165 1447 Justino,
2206 1394 2260 1439 et
2313 1383 2622 1440 Justiniano
2666 1403 2679 1438 :
2728 1393 2782 1439 et
2830 1385 3003 1439 tribus
3048 1384 3298 1449 ﬁliabus,
3340 1388 3485 1441 Ana-

1909 1477 2076 1531 stasia
2103 1520 2118 1542 ,
2154 1477 2469 1532 Theoctiste
2491 1519 2505 1538 .
2538 1487 2592 1532 et
2617 1477 2904 1547 Cleopatra
2926 1518 2940 1542 ,
2978 1478 3112 1548 fugit
3131 1495 3237 1533 χιιι
3286 1480 3488 1534 mensis

1912 1570 2026 1634 Dii,
2062 1570 2361 1625 secundum
2410 1570 2687 1625 Romanos
2732 1569 3090 1635 Novembris,
3129 1580 3327 1636 noctu,
3365 1571 3488 1626 illu-

1911 1673 2164 1717 cescente
2195 1663 2307 1732 jam
2351 1679 2488 1718 mu
2542 1663 2632 1718 die
2685 1662 2836 1718 feriae
2881 1673 3069 1718 sextae.
3107 1663 3275 1718 Focas
3306 1673 3489 1718 autem

1913 1771 2045 1809 χχιιι
2081 1756 2327 1825 ejusdem
2360 1755 2564 1810 mensis
2586 1797 2600 1822 ,
2637 1755 2771 1811 feria
2801 1773 2854 1811 γι
2888 1765 3181 1811 coronatur
3207 1773 3237 1810 a
3269 1756 3491 1828 Cyriaco

1913 1849 2234 1918 patriarcha
2271 1847 2874 1918 Constantinopolitano
2917 1849 2970 1902 in
3016 1849 3322 1904 veneranda
3376 1851 3492 1904 aede

1915 1938 2109 1995 Sancti
2155 1939 2382 1996 Joannis
2415 1941 2472 1994 in
2501 1940 2801 1996 Hebdomo.
2855 1940 2949 1995 Die
2990 1957 3119 1996 vero
3147 1958 3214 1996 xv
3250 1943 3490 2012 praedicti

1911 2033 2152 2099 mensis,
2197 2035 2288 2104 qui
2342 2033 2397 2088 in
2450 2033 2789 2088 Dominicam
2841 2033 3058 2094 incidit,
3089 2035 3158 2089 ab
3215 2035 3493 2090 Hebdomo

1912 2140 2010 2196 per
2059 2134 2272 2196 portam
2323 2127 2588 2192 Auream,
2639 2136 2694 2182 et
2738 2127 2978 2198 porticus
3028 2127 3396 2190 Troadenses,
3441 2137 3497 2182 et

1914 2234 2011 2289 per
2045 2227 2212 2274 totam
2249 2217 2482 2274 Mediam
2512 2219 2783 2289 plateam,
2822 2221 3075 2274 obstante
3103 2221 3353 2284 nemine,
3385 2220 3496 2274 imo

1913 2311 2128 2365 cunctis
2188 2310 2365 2366 fausta
2424 2312 2870 2381 apprecantibus,
2901 2327 3066 2367 curru
3118 2321 3307 2368 vectus
3350 2311 3496 2367 Con-

1915 2403 2331 2474 stantinopolim
2365 2404 2642 2475 ingressus
2679 2413 2780 2462 est.
2946 2394 2951 2399 ’

1983 2673 2422 2744 Comprehensus
2451 2685 2535 2729 est
2559 2687 2742 2729 autem
2780 2673 3068 2729 Mauricius
3101 2674 3350 2732 Tiberius
3376 2695 3500 2733 cum

1917 2781 2085 2822 uxore
2111 2775 2170 2820 et
2197 2774 2322 2822 octo
2367 2767 2553 2822 liberis
2581 2782 2770 2822 versus
2818 2767 3080 2822 Sanctum
3125 2770 3496 2826 Autonomum

1915 2858 2073 2929 juxta
2141 2858 2490 2914 Prametum:
2539 2868 2594 2914 et
2644 2874 2790 2914 xxvu
2828 2859 3070 2929 ejusdem
3110 2861 3315 2917 mensis
3372 2864 3494 2928 die,

1918 2951 2054 3005 feria
2111 2967 2170 3006 ιιι
2228 2951 2546 3007 interfectus
2593 2961 2677 3007 est
2722 2952 2873 3021 juxta
2922 2952 3318 3009 Chalcedonem
3360 2957 3500 3012 idem

1918 3040 2217 3098 Mauricius
2261 3043 2551 3110 Tiberius,
2615 3060 2719 3098 una
2768 3061 2891 3098 cum
2939 3043 3133 3110 Pctro,
3180 3045 3395 3102 Justiuo
3447 3060 3505 3105 et

1921 3135 2234 3190 Justiniano
2261 3153 2273 3189 :
2305 3135 2499 3190 Petrus
2525 3135 2688 3189 etiam
2719 3135 3043 3206 Curopalata
3069 3177 3084 3201 ,
3117 3136 3359 3195 Mauricii
3395 3141 3505 3195 fra-

235 3223 386 3286 κίου,
430 3221 848 3294 κουροπαλάτης
877 3220 974 3287 ὣν,
1011 3221 1293 3293 συσχεθεὶς
1319 3223 1411 3274 καὶ
1444 3221 1608 3285 αὐτὸς
1643 3222 1816 3291 ἐσφάο

1929 3237 2048 3295 ter,
2079 3228 2172 3298 qui
2220 3228 2424 3298 pariter
2472 3236 2662 3297 captus
2717 3205 2913 3282 fuerat.
2959 3227 3232 3283 lnterfccti
3281 3233 3506 3301 perinde

233 3333 306 3387 γη
321 3315 397 3379 δι’
425 3315 520 3368 καὶ
552 3314 702 3369 ἄλλοι
732 3313 788 3368 δὲ
821 3313 1222 3385 συνεσχέθησαν
1247 3312 1525 3385 ἄρχοντες.
1544 3313 1820 3385 Ἐσφὰγη-

237 3423 346 3462 σαν
388 3407 449 3462 δὲ
492 3408 573 3471 εἰς
608 3405 940 3477 Διαδρόμους
971 3406 1046 3476 (5)
1087 3405 1312 3475 πλησίον
1344 3403 1436 3459 τοῦ
1481 3405 1704 3476 Ἀκρίτα
1740 3407 1816 3479 (4)

1925 3319 1990 3373 ad
2038 3319 2356 3375 Diadromos
2389 3321 2541 3390 juxta
2594 3320 2830 3374 Acritam
2874 3319 3266 3376 Constantinus
3317 3323 3507 3380 Lardis

1923 3412 2276 3483 cit-praelecto
2320 3413 2575 3484 praetorio
2622 3423 2678 3467 et
2721 3412 3020 3484 Logotheta
3073 3423 3130 3469 et
3157 3426 3376 3471 curator
3406 3435 3506 3488 pa-

1586 3544 1918 3603 DUCANGII
1956 3550 2182 3607 NOTXE.

234 3669 299 3725 τὸ
333 3669 646 3740 θυγάτριον.
691 3668 933 3740 Denique
976 3668 1157 3722 subdit
1197 3668 1382 3738 paucis
1427 3667 1618 3722 diebus
1643 3685 1685 3740 ra
1719 3686 1826 3724 nu-

236 3742 393 3810 ptiis,
434 3739 552 3809 ipsa
586 3740 781 3804 hieme,
807 3739 1096 3810 Byzantios
1137 3741 1206 3793 ob
1242 3754 1470 3810 annona:
1509 3739 1827 3808 gravitatem

237 3808 386 3866 iame
446 3808 748 3872 laborasse,
789 3809 984 3878 dieque
1030 3810 1094 3874 (a
1139 3808 1375 3876 nuptiis)
1419 3810 1828 3878 quadragesimo

232 3882 451 3951 elapso,
484 3881 600 3949 ipso
632 3878 834 3951 Natalis
867 3879 1076 3934 Domini
1114 3878 1270 3951 festo,
1303 3879 1620 3951 seditionem
1647 3879 1699 3932 in
1727 3881 1829 3934 im-

235 3948 552 4020 peratorem
583 3966 611 4002 a
643 3949 798 4018 plebe
833 3951 1138 4020 excitatam.
1173 3948 1525 4020 Cui_quidem
1570 3951 1829 4020 temporis

233 4015 665 4076 characterismo
695 4020 980 4073 concinere
1012 4019 1224 4073 videtur
1265 4015 1658 4088 Theophanes,
1682 4015 1826 4074 scri-

233 4090 379 4146 bens
422 4105 609 4144 uictise
650 4088 936 4142 Novembri
969 4089 1151 4142 indict.
1192 4105 1225 4142 ν
1256 4085 1436 4153 (anno'
1458 4085 1664 4155 imperii
1699 4095 1821 4156 xx),

235 4161 563 4215 Mauricium
594 4159 844 4215 Germani
876 4159 1078 4228 patricii
1111 4157 1230 4212 tiliae
1263 4157 1625 4228 Theodosium
1656 4157 1825 4212 lilium

233 4233 566 4303 copulas-se,
586 4231 853 4303 nuptiales
877 4226 1109 4303 coronas
1142 4229 1454 4297 imponente
1481 4226 1703 4303 Cyriaco
1731 4244 1826 4298 pa-
1879 4237 1881 4239 ‘

238 4297 499 4358 tri-arena.
531 4301 606 4354 Ex
630 4297 825 4370 quibus
854 4299 1026 4369 colligi
1066 4307 1242 4370 potest
1268 4308 1529 4370 peractas
1567 4297 1686 4370 illas
1720 4297 1823 4370 nu-

236 4376 384 4444 ptias
422 4373 526 4425 sub
554 4387 623 4427 xv
647 4367 948 4444 Novembr.
967 4367 1351 4444 _atino_Cl_iristi
1379 4368 1579 4444 vulgari
1607 4383 1710 4422 DCI.
1759 4367 1824 4421 Et

237 4439 375 4498 Sane
409 4459 480 4497 xv
519 4444 662 4495 hunc
706 4442 908 4494 mensis
949 4439 1094 4494 diem
1137 4439 1372 4494 indicare
1401 4439 1611 4492 videtur
1639 4448 1828 4492 auctor

237 4513 504 4567 Ctironici
537 4531 550 4565 :
584 4512 710 4565 dum
745 4513 819 4565 ait
848 4509 1108 4564 solemnia
1140 4509 1241 4562 ista
1274 4508 1832 4579 nuptiarumperacta

239 4599 347 4648 per
376 4585 450 4638 vi'i
482 4581 598 4636 dies
631 4581 888 4651 integros,
921 4596 951 4633 a
976 4595 1027 4633 ix
1049 4595 1217 4651 usque
1247 4582 1314 4635 ad
1344 4577 1408 4634 sv
1436 4577 1637 4633 mensis
1652 4578 1832 4651 diem,

240 4669 358 4724 quo
411 4655 622 4707 l'ortean
667 4648 884 4724 tandem
914 4648 1311 4704 matrimtinimn
1351 4658 1619 4724 exactum
1644 4648 1834 4712 fuerit,

241 4717 466 4800 «iacteris
488 4725 687 4800 diebus
714 4723 768 4775 in
804 4736 1014 4800 pompa:
1031 4731 1332 4800 ~apparatus
1362 4717 1673 4800 insumptis.

1926 3674 2242 3736 missilibus,
2272 3673 2536 3744 ejusmodi
2566 3686 2852 3744 processus
2883 3671 3140 3744 agerent?
3163 3673 3334 3728 Annis
3363 3676 3508 3729 enim

1926 3744 2048 3798 aliis
2093 3741 2582 3800 revera'consules
2630 3758 2736 3796 non
2784 3741 3237 3807 inscribebantur,
3284 3761 3407 3798 cum
3457 3747 3512 3800 in

1928 3814 2124 3869 tabulis
2166 3815 2397 3884 publicis
2445 3815 2547 3868 acti
2587 3811 2899 3867 consulatus
2941 3813 3201 3884 duntaxat
3250 3816 3513 3870 memoria

1928 3883 2238 3940 servaretur
2273 3895 2328 3939 et
2365 3885 2773 3954 inscriberetur.
2817 3883 2998 3937 Semel
3040 3884 3208 3945 enim,
3251 3899 3353 3937 nec
3393 3886 3515 3954 plu-

1929 3955 2057 4016 ries,
2088 3956 2339 4009 consules
2369 3955 2699 4024 processisse
2729 3952 3102 4024 imperatores,
3129 3968 3196 4006 ex
3229 3968 3337 4022 quo
3368 3952 3516 4008 allu-

1931 4026 2170 4078 stiniano
2193 4023 2494 4094 abrogatus
2521 4034 2606 4076 est
2636 4023 2968 4094 consulatus,
3003 4037 3238 4094 prorsus,
3267 4025 3512 4092 legimus.

2005 4095 2114 4163 (96)
2153 4089 2412 4160 Φεύγιῶν.
2445 4093 2756 4148 Simocatta.
2786 4089 2880 4146 lib.
2909 4089 3036 4155 vui,
3073 4107 3192 4160 cap.
3219 4093 3272 4156 9,
3307 4089 3395 4158 f0,
3427 4095 3514 4156 ll,

1935 4163 2648 4239 12.‘\_’jde_l4‘aiuil.l_?yz_a'§l-
2707 4233 2747 4239 η
2812 4233 2824 4239 ,
3029 4231 3041 4239 .
3161 4225 3185 4239 ιε

2007 4233 2114 4303 (97)
2156 4231 2334 4287 Οἶκον
2361 4231 2672 4303 τοῦίὰγίου
2707 4233 2978 4286 Ἰωάννου
3016 4231 3086 4303 ἐν
3114 4231 3193 4295 τῷ
3235 4231 3517 4303 Ἑϐδόμῳ.

1934 4300 2381 4367 Coiistuntiiiopol.
2415 4301 2610 4358 Christ.
2657 4301 2749 4356 lih.
2783 4319 2854 4362 IV,
2887 4310 3021 4355 scct.
3053 4301 3108 4364 4,
3140 4316 3195 4352 n.
3225 4300 3280 4367 6,
3307 4312 3362 4355 et
3401 4301 3519 4355 Dis-

1931 4384 2074 4442 cept.
2099 4375 2165 4429 de
2195 4371 2364 4428 Hebd.
2395 4372 2913 4442 Constantitmpolit.
2943 4387 2998 4423 ιι.
3032 4371 3234 4442 19,4‘20.

2001 4440 2111 4512 (98)
2157 4444 2544 4512 Τρωαδησίων
2570 4443 2857 4512 ἐμϐόλων.
2900 4440 3059 4505 Ιὶ)ἱι1.,
3092 4440 3184 4494 lib.
3210 4456 3270 4504 Il,
3304 4449 3437 4494 sect.
3463 4442 3516 4507 5,

1931 4530 1989 4568 ιι.
2020 4515 2071 4566 5.

2005 4584 2114 4651 (99)
2159 4584 2261 4638 Kal
2291 4581 2400 4648 τῆς
2426 4583 2650 4650 Μέσης.
2680 4581 2838 4644 lbid.,
2869 4581 2962 4635 lib.
2990 4596 3026 4644 ι,
3055 4589 3189 4635 sect.
3217 4579 3303 4634 εδ.

2009 4656 2084 4722 (ι)
2126 4657 2230 4719 Εἰς
2261 4656 2368 4707 τὸν
2386 4656 2582 4721 Ἃτιον
2617 4653 2981 4720 Αὐτόνομον.
3007 4651 3120 4722 Qui
3143 4651 3313 4722 locus,
3345 4651 3514 4718 inquit

1835 4735 1842 4738 ’
1938 4719 2252 4811 ξιιιιοοιιιῑει,
2285 4725 2352 4778 ab
2383 4719 2514 4778 urbe
2541 4719 3055 4811 Constantinopolit.
3079 4719 3296 4775 circiter
3323 4736 3384 4774 CL
3411 4731 3515 4775 sta-

322 4795 438 4862 (95)
479 4794 590 4846 Kal
628 4785 1290 4862 i'rzaréiac'toﬁ'di'gto-i}
1335 4785 1627 4862 εὐσεϐοῇς
1671 4785 1820 4862 ὴμῷι

1938 4795 2042 4848 diis
2073 4785 2246 4848 abest.

242 4857 559 4918 δεὰπότου
590 4863 654 4916 τὸ
686 4861 988 4927 δεύτερον.
1021 4859 1218 4914 Nescio
1242 4876 1338 4915 cur
1369 4863 1513 4914 hunc
1550 4857 1834 4912 Mauricia-

241 4951 381 4988 num
419 4933 900 4988 characterismum
949 4930 1195 4984 omiserit
1240 4927 1676 4986 accuratissimus
1722 4927 1832 4998 lly-

240 5006 443 5074 pauca:
475 5003 750 5074 dignitatis
780 5001 1084 5074 interpres_:
1113 5009 1170 5053 et
1203 5016 1369 5074 quare
1407 5011 1519 5053 tum
1547 4999 1764 5074 demum
1803 5012 1834 5050 a

241 5069 442 5129 inense
482 5069 626 5129 Julio
664 5073 730 5126 ad
764 5085 1005 5124 mensem
1043 5070 1355 5124 Januarium
1401 5069 1678 5123 consulem
1712 5083 1836 5122 sese

241 5145 476 5205 iterum,
504 5161 599 5197 seu
627 5143 929 5201 secundum,
959 5140 1179 5195 inscribi
1211 5141 1390 5194 edicto
1430 5141 1704 5208 pr0posito
1736 5139 1830 5192 de-

239 5215 486 5270 creverit
521 5212 809 5268 Mauricius
837 5229 848 5262 :
882 5225 1058 5280 neque
1079 5210 1222 5263 enim
1251 5211 1364 5265 haec
1388 5207 1555 5280 verba
1568 5208 1635 5263 ad
1661 5207 1834 5280 Theo:

243 5285 471 5339 dosium
507 5284 674 5337 tilium
711 5277 990 5335 referenda
1017 5281 1343 5335 censuerim.
1375 5281 1458 5333 An
1491 5277 1652 5349 igitur
1689 5279 1833 5346 quod

241 5371 313 5409 ea
355 5363 676 5424 tempestate
708 5367 941 5424 rursum;
968 5360 1029 5424 ut
1069 5351 1257 5405 consul
1307 5349 1664 5424 processerit,
1710 5363 1834 5424 cum

243 5439 380 5480 sese
406 5419 658 5478 consules
691 5432 806 5477 tum
835 5421 1212 5491 indigitarent,
1255 5419 1466 5491 quoties
1498 5426 1558 5491 ut
1586 5419 1837 5491 consules

244 5495 306 5550 in
344 5495 625 5566 publicum
658 5508 853 5564 pompa
885 5489 1134 5556 solemni,
1157 5490 1466 5560 Sparsisque
1498 5490 1552 5543 in
1579 5489 1837 5560 populum

2005 4866 2078 4932 (9.)
2119 4865 2392 4930 Πλησίον
2433 4862 2776 4930 Πραινέτου.
2807 4859 2946 4916 Urbs
2980 4860 3272 4932 Bithyniae,
3303 4877 3368 4914 ex
3416 4865 3511 4913 ad-

1933 4950 2102 4990 versae
2134 4933 2478 4996 Nicomediae,
2520 4935 2587 4988 de
2628 4948 2732 5002 qua
2768 4932 3066 5002 praesertim
3114 4932 3381 5002 Socrates.
3413 4932 3507 5002 (lib.

1930 5022 2006 5066 Vl,
2038 5021 2158 5074 cap.
2190 5005 2288 5068 16;
2320 5000 2672 5067 Sozomenus',
2702 5000 2794 5056 lib)
2820 5017 2939 5062 vm,
2960 5016 3078 5069 cap.
3107 5002 3193 5062 l8,
3219 5011 3275 5056 et
3302 5000 3517 5055 Notitiae

1931 5075 2358 5146 episcopatuum.

2005 5146 2080 5213 (ὅ)
2118 5140 2501 5212 ᾈιαδρόμους.
2535 5140 2850 5213 Simocatta,
2882 5140 2975 5195 lib.
3001 5157 3120 5206 vin,
3153 5155 3272 5211 cap.
3306 5140 3391 5206 15,
3423 5140 3519 5200 Εἰς

1936 5212 2069 5278 τοὺς
2101 5213 2429 5283 λεγομένους
2453 5212 2801 5283 Διαδρόμους.

2012 5286 2086 5357 (4)
2117 5281 2372 5357 ν’Ᾱκρίτα.
2404 5281 2842 5357 Promontorium
2880 5281 3352 5357 Bithynitenotum
3390 5293 3520 5357 geo-

2012 5297 2086 5357 (4)
2113 5297 2372 5366 Imaum.
2404 5297 2842 5364 rrmnontorium
2881 5297 3139 5406 mtnFnue
3165 5297 3352 5336 nutum
3389 5297 3520 5405 geo-

2214 5355 2282 5410 de
2313 5370 2421 5422 quo
2465 5369 2518 5407 ιιι
2550 5367 2737 5422 primis
2763 5362 2872 5422 egit
2900 5351 2996 5422 Gyl
3018 5368 3103 5406 ius
3134 5351 3202 5407 de
3244 5351 3384 5420 Bosp
3427 5362 3522 5404 oro

2008 5442 2193 5480 H'ilCIO.

1554 5631 1788 5689 νΔΠΙιΕ
1833 5586 2234 5688 LECTIUNES.

245 5782 299 5823 τ’
340 5786 394 5846 ς’
423 5795 535 5836 οω.
564 5777 623 5831 Ρ.

495 5871 767 5931 Parnm.
807 5869 920 5929 Gn.
950 5866 1129 5926 XCII.

733 5777 778 5807 “
803 5773 1015 5843 φεύγων
1049 5773 1108 5826 Ρ.
1181 5772 1224 5803 ⁸¹
1261 5767 1562 5840 Μαυρίκιος
1586 5767 1832 5838 Τιϐέριος
1865 5767 1924 5821 Ρ.

2033 5767 2077 5797 ⁸⁸
2113 5765 2322 5836 ἐσφάγη
2359 5796 2426 5808 --
2459 5767 2716 5839 ἄρχοντες
2757 5787 2866 5825 om.
2897 5768 2956 5822 Ρ.

3118 5852 3188 5916 3i
