4096 6296
468 338 584 401 ’975
668 354 671 357 ’

1664 329 1919 393 CHRON
1928 327 2101 389 ICON
2138 326 2542 387 PASCHALE.

474 456 703 514 sublatis
726 495 741 521 ,
768 453 834 509 ad
855 449 1220 524 spectaculum
1273 447 1673 503 circumductus
1696 489 1711 513 ,
1740 456 1795 502 et
1822 448 1888 501 ad
1914 461 2057 500 mare

2164 443 2259 497 καὶ
2288 442 2500 513 ἐπήρθη
2536 438 2703 495 αὐτοῦ
2732 440 2799 495 τά
2822 442 2863 494 δ’
2898 439 3064 513 ἄκρα,
3096 439 3191 495 καὶ
3217 442 3299 505 είς
3324 440 3735 513 κραὸατταρίαν

480 553 719 615 relatus,
760 548 945 617 ibique
976 543 1193 599 etl‘ossis
1242 542 1449 609 oculis,
1492 542 1550 595 in
1594 539 1898 595 naviculam
1929 553 2060 593 con-

475 644 655 715 jectus
678 682 693 707 ,
723 645 1104 696 concrematus
1130 644 1235 691 est.
1287 635 1425 690 Aliis
1451 650 1583 690 vero
1630 649 1795 704 supra
1848 648 2059 687 memo-

478 734 609 790 ratis
636 732 810 803 capita
842 737 971 785 sunt
1000 735 1299 798 amputata,
1344 741 1469 780 cum
1521 722 1846 796 deprehensi
1875 732 2059 779 essent

480 825 827 896 conspirasse
856 821 910 876 in
939 821 1323 889 imperatorem
1358 816 1578 872 Focam.

550 1002 749 1059 Eadem
799 1004 1162 1069 tempestate,
1225 992 1653 1065 ex-imperatrice
1702 990 2057 1049 Constantina

477 1106 629 1151 trans
673 1092 863 1147 urbem
912 1090 967 1144 in
1008 1097 1168 1160 portu
1218 1085 1463 1156 Eutropii
1525 1085 1593 1138 ad
1654 1082 2057 1139 Chalcedonem

479 1188 660 1258 capite
704 1186 861 1256 plexa
896 1191 1017 1246 est,
1072 1189 1132 1235 ut
1184 1187 1241 1235 et
1278 1179 1370 1251 qui
1436 1186 1759 1249 supererant
1807 1175 1949 1230 illius
2001 1183 2057 1230 et

483 1277 728 1333 Mauricii
778 1274 935 1330 liberi
961 1271 1230 1342 sequioris
1278 1285 1475 1335 sexus,
1531 1267 1849 1333 Anastasia,
1878 1265 2059 1321 Theo-

475 1372 634 1425 ctista
693 1375 748 1423 et
792 1366 1079 1435 CleOpatra
1142 1380 1155 1416 :
1208 1376 1393 1433 eaeque
1435 1375 1560 1415 cum
1609 1358 1864 1413 Germani
1904 1357 2009 1411 lilia
2038 1394 2055 1419 ,

476 1460 770 1518 Theodosii
824 1474 995 1515 uxore
1042 1454 1313 1513 sublatas:
1348 1455 1574 1526 ipseque
1617 1450 1920 1508 Germanus
1950 1465 2056 1505 una

477 1570 601 1610 cum
642 1552 747 1607 illis
785 1550 1030 1607 sublatus
1068 1555 1171 1604 est.

476 1694 543 1787 Α.
583 1732 648 1786 c.
1760 1722 1866 1797 [οι.
1910 1721 2054 1794 lph.J

547 1824 671 1879 606.
713 1822 803 1892 (A.
837 1835 890 1874 a.
927 1816 998 1873 bl.
1042 1818 1104 1874 Ο.
1133 1816 1315 1887 6114.)
1360 1832 1433 1871 ιγ.
1492 1815 1612 1871 ind.
1664 1832 1740 1871 lx.
1914 1828 1923 1845 ι

474 1919 604 1974 Post
626 1930 779 1972 cons.
816 1913 972 1968 Focae
998 1910 1225 1981 Augusti
1262 1908 1329 1963 ll.
1776 1909 1831 1963 2.

548 2011 663 2066 Hoc
707 2024 883 2075 anno,
941 2005 1199 2079 Cyriacus
1245 2001 1553 2073 patriarcha
1592 1999 1742 2055 Con-

474 2102 987 2173 stantinOpolitanus
1040 2096 1271 2153 moritur
1320 2108 1509 2148 mense
1547 2091 1748 2163 Hyper-

474 2199 711 2254 beretazo
735 2234 751 2258 ,
791 2191 1094 2249 secundum
1136 2187 1433 2248 Romanos,
1499 2180 1744 2245 Octobri,

473 2288 561 2344 die
610 2302 771 2351 xxxx,
802 2283 935 2339 feria
965 2298 1063 2344 vn,
1106 2280 1357 2348 illiusque
1386 2276 1551 2330 funus
1595 2287 1748 2329 cura-

475 2390 589 2436 tum
618 2387 702 2434 est
722 2392 829 2432 xxx
862 2375 1108 2445 ejusdem
1139 2370 1378 2435 mensis,
1422 2366 1556 2422 feria
1590 2382 1642 2433 r;
1693 2372 1749 2420 ct

475 2466 783 2537 depositum
843 2473 929 2518 est
987 2474 1185 2531 corpus
1228 2458 1372 2513 illius
1417 2455 1572 2526 juxta
1623 2467 1743 2508 mo-

475 2571 589 2611 rem
636 2562 915 2625 receptum
961 2551 1017 2605 in
1065 2550 1180 2605 aede
1236 2547 1560 2604 Sanctorum
1606 2542 1751 2614 Apo-

476 2648 760 2703 stolarum.

546 2740 671 2797 607.
711 2756 765 2793 γ.
799 2737 919 2792 Ind.
951 2753 1003 2791 χ,
1038 2736 1170 2791 Post
1217 2734 1562 2790 consulatum
1599 2731 1753 2787 Focaa

474 2833 702 2905 Augusti
734 2831 823 2886 lll.
1791 2824 1844 2879 5.
1894 2896 1897 2897 ν

548 2926 661 2981 Hoc
726 2938 899 2984 anno,
960 2935 1149 2976 mense
1196 2919 1502 2990 Audynaeo,
1560 2931 1755 2972 secun-

475 3020 605 3074 dum
661 3002 951 3071 Romanos
982 3028 1111 3067 χχιιι
1142 3010 1414 3076 Januarii,
1456 3009 1635 3091 dictus
1668 3012 1747 3063 est

474 3109 783 3184 patriarcha
820 3103 1457 3174 Constantinopolitanus
1512 3099 1751 3157 Thomas

476 3201 803 3255 ear-diacono
862 3195 1067 3267 Magnae
1133 3192 1416 3260 ecclesiae,
1463 3198 1520 3246 et
1573 3190 1749 3247 sacel-

478 3289 648 3345 larius
683 3285 1031 3359 patriarchae,
1075 3298 1138 3338 ac
1162 3281 1595 3377 ordinationibus
1620 3295 1758 3351 prae-

476 3378 707 3449 positus.

898 3487 1116 3545 CCCXL
1132 3486 1233 3541 VII
1292 3484 1589 3556 Olympias.

546 3601 670 3656 608.
712 3616 787 3656 si.
818 3600 937 3656 lnd.
969 3617 1044 3655 ιιι.
1082 3599 1213 3655 Post
1240 3612 1394 3654 cons.
1441 3596 1598 3651 Foca‘.
1626 3594 1738 3649 Au-

479 3691 620 3761 gusti
656 3689 743 3743 IV.
1786 3686 1838 3740 4.

547 3780 670 3835 609.
710 3795 804 3834 vn.
856 3777 972 3833 Ind.
1036 3794 1135 3832 xu.
1192 3776 1324 3833 Post
1375 3791 1531 3832 cons.
1590 3775 1747 3832 Focae

476 3871 705 3943 Augusti
740 3868 806 3924 V.
1784 3868 1835 3922 l.
1870 3869 1992 3923 547.

546 3964 685 4019 Hinc
714 3963 837 4018 licet
870 3962 1145 4035 colligere,
1174 3959 1319 4031 quod
1340 3975 1407 4015 ex
1432 3974 1540 4031 quo
1569 3969 1654 4015 ter
1692 3958 1883 4015 beatus
1912 3957 2059 4015 Con-

477 4056 750 4111 stantinus
777 4054 942 4111 vitam
974 4054 1153 4119 ﬁniit,
1204 4067 1376 4123 usque
1426 4052 1493 4108 ad
1522 4068 1639 4107 xxn
1684 4051 1807 4106 Maii
1854 4053 2060 4107 mensis

476 4146 767 4217 praesentis
838 4145 1153 4200 indictionis
1212 4161 1320 4211 xu,
1379 4152 1436 4199 et
1496 4161 1569 4198 vn
1638 4159 1843 4198 annum
1900 4143 2059 4200 Focaa

446 4238 728 4309 .iuiperii,
784 4238 1144 4294 absolvuntur
1205 4237 1334 4292 anni
1386 4252 1636 4303 ccuxn;
1687 4237 1879 4308 incipit
1927 4252 2059 4292 vero

477 4344 654 4385 annus
691 4345 923 4385 εοωιιιιιι
969 4345 1000 4383 a
1048 4345 1158 4383 χχιι
1200 4328 1319 4382 Maii
1351 4328 1665 4384 indictionis
1705 4345 1804 4385 xu.
1837 4327 1974 4384 Nam
2009 4330 2056 4385 si

476 4419 798 4476 Pentecoste
831 4419 1021 4476 incidit
1059 4420 1115 4474 in
1167 4436 1277 4474 xm
1319 4418 1443 4473 Maii
1486 4419 1577 4474 illo
1616 4435 1795 4487 anno,
1852 4421 2058 4492 absque

2160 534 2504 604 ἐπόμπευσεν
2529 532 2624 586 καὶ
2652 531 2956 605 κατηνέχθη
2989 533 3126 604 πρὸς
3155 531 3432 587 θάλασσαν
3456 551 3471 565 ·
3502 533 3600 587 καὶ
3646 535 3736 599 tg-

2156 624 2496 698 ορυχθέντων
2520 624 2629 679 τῶν
2666 624 2959 696 ὀφθαλμῶν
2993 624 3160 679 αὐτοῦ
3200 624 3420 696 βληθεὶς
3451 627 3531 687 είς
3560 626 3738 695 κάρα-

2158 718 2249 772 6ον
2295 716 2524 788 ἐκαύθη.
2559 718 2622 772 Οί
2664 717 2722 770 δὲ
2754 716 2903 771 ἄλλοι
2934 718 2983 770 οἱ
3015 716 3443 788 προδηλούμενοι
3487 717 3739 786 ἀπετμή-

2158 810 2370 882 θησαν,
2420 808 2495 873 ὡς
2547 808 2930 880 εὑρεθέντες⁰³
2959 806 3265 862 ῑὲπίὸουλοι
3325 806 3417 862 τοῦ
3473 805 3743 877 βασιλέως

2157 902 2342 954 Φωκᾶ.

2227 990 2387 1045 Κατὰ
2435 991 2524 1044 τὸν
2571 990 2735 1044 αὐτὸν
2770 990 2886 1042 δὲ⁹⁶
2918 991 3112 1062 χρόνον
3141 989 3239 1043 καὶ
3281 990 3674 1044 Κωνσταντῖνα
3709 990 3747 1058 ἡ

2157 1084 2265 1138 ἀπὸ
2315 1083 2642 1153 βασιλισσῶν
2690 1082 2981 1154 ἀπετμήθη
3036 1084 3213 1155 πέραν
3250 1083 3331 1145 είς
3362 1083 3456 1135 τὸν
3492 1081 3673 1151 μῶλον
3697 1082 3747 1113 ⁹³

2156 1176 2264 1229 τῶν
2292 1176 2614 1247 Εὑτροπίου,
2648 1173 2877 1247 πλησίον
2906 1173 3269 1244 Χαλκηδόνος.
3304 1174 3398 1227 καὶ
3427 1172 3495 1225 τὰ
3523 1170 3749 1224 ὑπολει-

2158 1267 2427 1337 φθέντα⁹⁶
2472 1267 2646 1338 αὐτῆς
2694 1284 2756 1321 τε
2803 1268 2899 1320 καὶ⁹
2944 1266 3255 1338 Μαυρικίου
3301 1266 3466 1338 θήλεα
3531 1266 3743 1331 τέκνα,

2170 1358 2530 1422 Ἀναστασία,
2562 1356 2860 1426 Θεοκτίστη
2911 1356 3003 1410 καὶ
3058 1356 3409 1426 Κλεοπάτρα,
3454 1356 3554 1408 καὶ
3602 1354 3751 1407 αὑτὰ

2155 1450 2391 1522 ἀνῃρέθη
2419 1449 2559 1521 μετὰ
2584 1451 2684 1520 τῆς
2708 1448 2974 1520 θυγατρὸς
3005 1447 3290 1520 Γερμανοῦ
3310 1448 3413 1516 τῆς
3442 1447 3750 1518 γενομένης

2156 1542 2401 1612 γαμετῆς
2428 1541 2733 1604 Θεοδοσίου,
2758 1541 2851 1594 καὶ
2873 1541 3036 1605 αὐτὸς
3064 1540 3122 1594 δὲ
3151 1541 3434 1612 Γερμανὸς
3467 1538 3577 1612 ('50)
3614 1538 3750 1610 μετ’

2157 1632 2337 1686 αὐτῶν
2364 1633 2627 1706 ἀνῃρέθη.

2084 1808 2128 1863 Β
2224 1808 2343 1863 Ἰνδ.
2378 1807 2444 1864 θ’.
2482 1807 2546 1863 δ’.
2591 1807 2729 1880 μετὰ
2759 1807 2854 1862 ὑπ.
2884 1805 3050 1861 Φωκᾶ
3079 1804 3392 1875 Αὐγούστου
3425 1805 3487 1859 τὸ
3520 1803 3588 1875 β’.

2228 1986 2406 2057 381
2448 1984 2635 2057 Τούτῳ
2675 1984 2754 2057 τῷ
2784 1984 2893 2039 ἔτει
2925 1984 3036 2055 (5|)
3067 1984 3297 2055 τελευτᾷ
3325 1980 3609 2053 Κυριακὸς
3636 1999 3752 2033 πα-

2159 2080 2427 2152 τριάρχης
2452 2076 3079 2141 Κωνσταντινουπόλεως
3117 2078 3248 2149 μηνὶ
3274 2074 3761 2146 ’Υι-ιειρὸερετιιίῳ,⁵

2160 2168 2303 2221 κατὰ
2345 2166 2650 2238 Ῥωμαίους
2671 2167 3016 2238 Ὀκτωὸρίῳ,
3049 2166 3152 2229 κθ’,
3178 2166 3363 2237 ἡμέρᾳ
3395 2164 3462 2229 ζ’,
3498 2166 3595 2220 καὶ
3640 2179 3749 2235 κη-

2160 2257 2374 2312 δεύεται
2406 2259 2473 2329 τῇ
2498 2260 2795 2329 τριακοστῇ
2833 2256 2927 2311 τοῦ
2964 2255 3129 2310 αὑτοῦ
3159 2257 3349 2327 μηνὸς,
3377 2257 3561 2328 ἡμέρᾳ
3590 2254 3752 2326 πρώ-

2161 2370 2252 2425 τῃ,
2282 2352 2375 2406 καὶ
2406 2352 2647 2425 ὰπετέθη
2691 2352 2753 2408 τὸ
2801 2351 2968 2407 αὐτοῦ
2998 2352 3249 2423 λείψανον
3286 2350 3424 2424 πρὸς
3455 2349 3752 2424 συνήθειαν

2163 2447 2243 2510 εἰς
2271 2446 2398 2510 τοὺς
2435 2445 2651 2515 Ἀγίους
2672 2445 3056 2509 Ἀποστόλους.

2237 2729 2362 2783 Ἰνδ.
2396 2735 2447 2783 ι’.
2487 2735 2553 2783 ε’.
2595 2728 2738 2800 μετὰ
2765 2730 2861 2782 ὑπ.
2891 2727 3058 2781 Φωκᾶ
3085 2724 3396 2796 Αὐγούστου
3421 2724 3485 2778 τὸ
3509 2730 3583 2793 γ’.

2240 2910 2427 2984 Τούτῳ
2472 2910 2551 2981 τῷ
2594 2910 2704 2965 ἔτει
2751 2909 2885 2981 μηνὶ
2932 2908 3237 2980 Αὺδυναίῳ,
3265 2905 3405 2961 κατὰ
3442 2904 3749 2976 Ῥωμαίους

2182 3004 2495 3075 Ἰανουαρίῳ
2509 3004 2575 3067 ⁸⁷,
2610 3008 2717 3071 κγ’,
2748 3002 2939 3071 γέγονε
2986 3000 3331 3072 πατριάρχης
3369 3000 3427 3053 ὲν
3458 2999 3751 3051 Κωνσταν-

2170 3095 2479 3149 τινουπὸλει
2507 3092 2711 3165 Θωμᾶς
2754 3095 2863 3147 ἀπὸ
2909 3092 3171 3149 διακόνων
3217 3092 3317 3162 τῆς
3363 3089 3620 3159 Μεγάλης
3658 3091 3751 3142 sx-

2116 3174 2136 3230 ἶ
2170 3187 2401 3259 κλησίας
2430 3187 2525 3241 καὶ
2554 3185 2909 3257 σακελλάριος
2932 3184 3024 3239 τοῦ
3059 3185 3397 3256 πατριάρχου
3428 3184 3523 3236 καὶ
3560 3183 3750 3237 ἐπάνω

2165 3278 2276 3334 τῶν
2306 3277 2649 3350 χειροτονιῶν
2679 3278 2814 3347 (32).

2692 3492 2821 3564 τμζ¹
2860 3490 3213 3562 Ὀλυμπιάς.

2233 3612 2356 3668 Ἱνδ.
2388 3617 2476 3667 ια’.
2517 3610 2593 3678 ς’.
2639 3609 2779 3683 μετὰ
2810 3610 2907 3663 ὑπ.
2932 3609 3096 3663 Φωκᾶ
3118 3609 3430 3679 Αὐγούστου
3459 3609 3521 3663 τὸ
3540 3608 3604 3665 δ’.

2234 3792 2354 3847 Ἰνδ.
2390 3791 2477 3864 ιβ’.
2519 3793 2585 3858 ζ’.
2622 3795 2770 3865 μετὰ
2795 3796 2891 3850 ὑπ.
2915 3796 3079 3849 Φωκᾶ
3100 3790 3414 3862 Αὐγούστου
3446 3789 3511 3845 τὸ
3537 3795 3605 3845 ε’.

2230 3974 2515 4030 Ἐντεῦθεν
2556 3976 2703 4031 ἔστιν
2749 3978 2890 4032 ἑλεῖν
2928 3978 3004 4042 ὡς
3050 3977 3145 4048 ἀφ’
3176 3971 3347 4048 οὗπερ
3372 3977 3403 4031 ὁ
3430 3978 3752 4049 τρισμακὰο

2164 4085 2282 4154 ριος
2324 4069 2737 4133 Κωνσταντίνος
2778 4069 3130 4139 ἐτελεύτησεν
3160 4069 3253 4122 τὸν
3299 4067 3416 4139 βίον
3452 4068 3617 4139 μέχρι
3650 4070 3755 4138 τῆς

2161 4155 2246 4228 κβ¹
2275 4157 2369 4212 τοῦ
2400 4159 2575 4213 Μαΐου
2608 4159 2775 4231 μηνὸς
2804 4161 2904 4230 τῆς
2931 4160 3238 4230 ἐνεστώσης
3272 4159 3338 4230 ιβ’
3367 4160 3755 4232 ὲπινεμήσεως

2162 4248 2261 4302 καὶ
2284 4246 2378 4301 τοῦ
2406 4248 2450 4312 ζ’
2474 4248 2628 4313 ἔτους
2656 4251 2755 4321 τῆς
2782 4250 2948 4304 Φωκᾶ
2972 4249 3250 4321 βασιλείας
3267 4249 3604 4321 πληροῦνται
3628 4250 3757 4320 χρόα

2160 4359 2241 4396 νοι
2278 4341 2412 4413 σοβ’,
2441 4342 2668 4413 ἄρχεται
2716 4342 2775 4397 δὲ
2791 4343 2838 4376 ⁸⁸
2883 4344 2947 4396 τὸ
2994 4351 3106 4414 σογ¹
3146 4345 3255 4407 ἀπὸ
3304 4343 3387 4415 κβ’
3419 4343 3517 4397 τοῦ
3565 4343 3753 4397 Μαΐου

2110 4452 2113 4453 ⁷
2163 4433 2352 4506 μηνὸς.
2383 4433 2715 4498 ἰνδῑ-κττιῶνος
2761 4433 2848 4504 ιβ’.
2876 4436 2940 4489 El
2983 4437 3093 4506 γὰρ
3138 4438 3172 4507 ἡ
3205 4436 3557 4508 Πεντηκοστὴ
3605 4434 3756 4489 κατὰ

478 4511 586 4564 ulla
628 4512 997 4568 controversia
1049 4511 1166 4567 dies
1228 4511 1667 4567 Resurrectionis
1717 4512 1818 4567 fuit
1867 4529 1923 4568 ιιι
1969 4514 2055 4570 die

2160 4526 2258 4595 τὴν
2286 4523 2368 4593 κβ⁹
2386 4523 2579 4592 γέγονε
2612 4525 2706 4578 τοῦ
2736 4528 2915 4580 Μαΐου
2944 4528 3112 4599 μηνὸς
3140 4530 3197 4580 ὲν
3218 4528 3414 4599 ἐκείνῳ
3434 4528 3513 4598 τῷ
3546 4529 3754 4603 χρόνῳ,

478 4603 682 4658 mensis
711 4603 941 4673 Aprilis,
988 4618 1115 4658 cum
1144 4606 1198 4657 in
1249 4601 1547 4658 Parasceve
1568 4644 1585 4670 ,
1632 4619 1731 4659 seu
1761 4605 1850 4661 die
1875 4604 2058 4662 Vene-

478 4691 588 4757 ris,
648 4693 765 4748 dies
818 4696 1026 4766 primus
1083 4693 1330 4764 ejusdem
1380 4696 1583 4750 mensis
1639 4697 1840 4767 Aprilis
1886 4701 2061 4754 conti-

479 4784 636 4853 gerit.
667 4786 816 4842 Adde
845 4788 1007 4859 igitur
1030 4802 1240 4843 ccrxxn
1284 4795 1496 4857 partem
1521 4798 1797 4860 quartam,
1828 4792 1935 4850 hoc
1978 4804 2062 4850 est

2162 4616 2574 4687 ἁναντιρῤήτως
2609 4618 2643 4687 ὴ
2673 4618 3044 4690 ἀναπάσιμος
3092 4623 3162 4692 τῇ
3209 4620 3366 4692 τρίτῃ
3412 4622 3606 4689 γέγονε
3654 4624 3756 4677 τοῦ

2170 4706 2452 4778 Ἀπριλίου
2501 4708 2691 4779 μηνὸς,
2729 4709 2928 4765 time"
2983 4710 3081 4782 τὴν
3129 4711 3358 4785 πρώτην
3403 4714 3615 4768 ἐκείνου
3652 4716 3753 4769 τοῦ

2170 4796 2450 4871 Ἀπριλίου
2477 4798 2536 4852 ὲν
2564 4804 2889 4875 παρασκευῇ
2916 4803 3198 4858 εἰσελθεῖν.
3227 4802 3472 4871 Πρόσθες
3499 4799 3595 4859 οὖν
3636 4808 3755 4868 τοῖς

1830 4946 2156 5006 DUCANGII
2184 4950 2409 5008 NOTAE.

545 5097 656 5184 (.50)
698 5084 1024 5184 ιςαί⁶αὑξός
1068 5118 1134 5171 τε
1164 5105 1487 5184 Γερμανός.
1529 5104 1857 5184 Germanum
1902 5110 1962 5184 εν
1989 5110 2055 5180 τῇ

475 5170 846 5308 ςέἷιὲἔῦιὺέίχέιὲ
874 5170 1099 5240 στόματι
1134 5170 1409 5245 μαχαίρας
1441 5176 1680 5230 occisum
1712 5176 1880 5233 refert
1910 5170 2055 5233 iderii

546 5312 654 5380 (5i)
700 5311 891 5378 Τούτῳ
939 5311 1019 5378 τῷ
1049 5313 1185 5367 ἔτει.
1233 5314 1307 5368 Ex
1348 5315 1434 5370 his
1486 5316 1859 5372 emendandus
1906 5317 2051 5373 idem

474 5377 1026 5438 Tii'eoiilianes’anno
1055 5399 1107 5438 ιν
1154 5383 1342 5451 Focae,
1389 5385 1484 5455 qui
1532 5396 1747 5442 mortuo
1793 5388 2045 5458 Cyriaco,

2159 5108 2422 5191 Thomam
2456 5110 2835 5191 diaconumet
2861 5115 3215 5191 sacellarium
3229 5128 3472 5173 creatum
3502 5132 3624 5173 esse
3654 5134 3761 5190 pa-

2160 5181 2455 5255 triarcbam
2495 5182 3157 5255 Constantinopolitanum
3203 5188 3305 5242 hoc
3333 5204 3498 5255 anno,
3543 5181 3755 5245 mensis

2158 5250 2378 5306 Octobr.
2401 5268 2480 5312 χι,
2515 5254 2695 5308 tradit.

2228 5321 2344 5403 (ὄῆ)
2382 5319 2766 5403 ’ῌπένωιτῶν
2798 5327 3192 5396 χειροτονιῶν.
3218 5328 3352 5383 Vide
3384 5328 3559 5387 Gloss.
3596 5331 3747 5387 med.

2154 5389 2370 5447 Graecit.
2399 5391 2456 5449 in
2483 5389 2863 5467 Σακελλάριοξ.

1780 5568 2018 5626 VARUE
2062 5572 2467 5631 LECTIONES.

553 5722 599 5757 ’³
628 5721 952 5796 εὑρηθέντες
984 5724 1047 5796 P_.
1120 5723 1203 5796 ﬂ”
1232 5722 1290 5796 ᾷὲ
1314 5721 1515 5796 n_m._P.

485 5810 594 5848 om.
628 5792 707 5848 Ρ(
751 5792 802 5826 ⁸³
823 5792 981 5849 ὥστε.
1015 5792 1090 5857 ὡς
1115 5792 1202 5847 ὅτε
1239 5792 1298 5859 ν,
1324 5792 1399 5857 ὡς
1428 5794 1507 5847 ὅτι
1532 5794 1595 5850 Ρ.

1619 5727 1665 5759 ⁸⁸
1701 5726 1879 5799 μῶλον
1898 5728 1987 5782 τὸν
2013 5728 2073 5785 Ρ.

2175 5730 2221 5762 ⁸⁸
2254 5732 2632 5802 ὑποληφθὲντα
2660 5733 2770 5790 PV.
2880 5734 2922 5767 ”
2958 5733 3045 5804 κγ’
3082 5734 3410 5807 Ἰανουαρίου
3443 5735 3502 5790 P.
3610 5734 3659 5767 ’*
3686 5734 3749 5787 δὲ

3630 327 3854 400 976,
