4096 6296
263 266 364 331 981

1467 271 1903 331 CHRONICON
1944 269 2348 333 PASCHALE.

3420 261 3525 325 982

263 380 578 449 Θεοφάνους
605 388 701 434 τοὺ
734 380 833 451 τῆς
863 380 1177 450 ἀνασκάφου
1211 383 1451 452 μνήμης,
1483 385 1606 437 τότε
1639 376 1741 437 ὧδε
1772 383 1849 436 ὢν

1965 385 2102 439 irbis
2132 392 2394 447 tractum,
2426 380 2519 450 qui
2577 377 2804 433 Czesarii
2852 376 3061 431 aedibus
3108 374 3317 444 adjacet
3366 372 3523 443 igne,

262 473 325 523 ἐν
356 474 425 541 τῇ
461 470 637 532 πόλει,
674 471 813 542 μετὰ
840 472 901 525 τὸ
935 471 1119 543 βαλεῖν
1148 474 1309 525 αὑτὸν
1344 473 1455 545 πῦρ
1481 475 1709 545 πλησίον
1738 474 1847 527 τῶν

264 564 575 634 Καισαρίου
596 564 639 594 ¹⁶
670 565 779 634 (51)
810 563 905 617 καὶ
929 564 1227 634 ἀστοχῆσαι
1244 566 1284 597 ’⁷
1312 565 1532 635 ἔφυγεν,
1561 568 1655 619 καὶ
1678 566 1848 620 ἐλθὼν

268 656 413 726 μετά
461 656 703 728 καράϐου
749 658 830 720 είς
864 657 957 710 τὸν
981 656 1273 711 Ἰουλιανοῦ
1319 657 1515 729 λιμένα
1544 659 1656 728 (52)
1704 658 1848 713 κατά

263 750 341 802 τά
366 749 639 819 λεγόμενα
662 748 887 819 Μαύρου
927 750 1063 821 (55),
1092 750 1377 816 στενωθεὶς
1403 751 1629 823 ἔρριψεν
1660 752 1850 805 ἑαυτὸν

266 844 353 903 εἰς
378 841 480 913 τὴν
507 841 804 908 Θάλασσαν,
833 844 929 897 καὶ
957 843 1140 897 λαϐὼν
1181 843 1322 915 μετά
1370 845 1599 899 σπαθίου
1634 845 1851 917 πληγὴν

268 934 384 987 ἀπὸ
412 935 531 998 ἑνὸς
560 935 970 1007 ἐξκουόίτωρος,
1006 935 1081 1000 ὡς
1111 931 1180 1006 ἦν
1214 938 1293 998 είς
1326 936 1620 1002 θάλασσαν,
1651 938 1853 992 ἀπέθα-

268 1042 396 1078 νενο
431 1026 527 1079 καὶ
555 1025 912 1097 ἐκϐληθέντος
942 1026 1038 1080 τοῦ
1071 1027 1428 1099 σκηνώματος
1462 1029 1630 1084 αὐτοῦ
1678 1029 1853 1102 ὲσύρη

270 1116 369 1169 καὶ
397 1116 682 1187 ἀπηνέχθη
714 1118 794 1180 είς
823 1117 914 1169 τὸν
943 1116 1077 1171 Βοῦν
1111 1120 1205 1171 καὶ
1230 1118 1460 1191 ἐκαύθη.

346 1208 528 1280 383
570 1210 679 1263 Καὶ
727 1212 794 1280 τῇ
845 1216 899 1275 ς’
942 1209 1036 1264 τοῦ
1083 1209 1245 1265 αὑτοῦ
1295 1210 1485 1283 μηνὸς,
1520 1211 1855 1285 διαφαούσης

273 1302 491 1373 ἡμέρας
538 1301 604 1372 β’,
645 1301 881 1367 Φῶτις¹⁸
925 1302 1037 1374 (54)
1083 1305 1113 1357 ό
1158 1305 1447 1376 κουράτωρ
1492 1307 1604 1359 τῶν
1650 1306 1855 1361 Πλακι-

271 1394 394 1458 δίας
426 1396 539 1465 (55)
573 1396 669 1449 καὶ
700 1396 909 1468 Πρόσος
934 1398 963 1451 ό
998 1399 1289 1468 πατρίκιος
1318 1400 1533 1472 ἐπῆραν
1564 1403 1760 1455 Φωκᾶν
1793 1404 1856 1455 ἐκ

272 1486 375 1541 τοῦ
404 1488 778 1560 Ἀρχαγγέλου
810 1490 905 1544 τοῦ
932 1491 1193 1545 παλατίου
1237 1493 1558 1565 όλόγυμνον,
1604 1496 1703 1549 καὶ
1747 1497 1855 1548 ἀπ·-

274 1583 486 1653 ήγαγον
518 1582 606 1636 διὰ
650 1582 743 1636 τοῦ
776 1582 993 1655 λιμένος
1020 1584 1096 1649 ὡς
1130 1585 1225 1639 ἐπὶ
1268 1585 1358 1639 τὸν
1407 1581 1557 1641 οἷκον
1605 1588 1716 1642 τῶν
1760 1589 1857 1642 Σο-

1951 476 2187 541 defecit,
2222 473 2516 544 fugamque
2547 469 2796 539 arripuit.
2852 468 2929 522 Ac
2957 466 3181 521 veniens
3211 479 3335 519 cum
3371 465 3527 518 navi-

1948 569 2069 623 cula
2107 568 2162 621 in
2202 575 2417 636 portum
2476 563 2709 627 Iuliani,
2744 561 2811 615 ad
2864 561 3043 614 locum
3091 557 3181 627 qui
3235 556 3407 611 Mauri
3441 556 3527 609 di-

1949 657 2123 722 citur,
2154 657 2406 712 redactus
2438 655 2503 710 ad
2543 653 2857 724 angustias,
2904 651 3143 719 seipsum
3190 644 3525 718 praacipitcm

1950 752 2102 807 dedit
2136 752 2189 805 in
2239 766 2386 805 mare
2411 791 2427 817 ,
2466 758 2796 819 acceptoque
2826 745 2894 799 ab
2924 743 3158 814 quodam
3213 740 3528 795 excubitore

1950 845 2175 899 vulnere
2222 843 2361 897 ictus
2389 841 2550 912 gladii
2583 840 2641 894 in
2693 837 2856 902 mari,
2887 845 2947 890 ut
2988 843 3126 898 erat,
3169 841 3399 887 mortem
3428 846 3526 899 0p-

1953 936 2152 1006 petiit:
2184 936 2342 1005 cujus
2377 934 2610 1004 ejectum
2642 930 2871 984 cadaver
2922 936 3137 999 raptum
3187 932 3529 991 tractumque

1952 1038 2036 1085 est
2060 1028 2129 1083 ad
2161 1026 2361 1082 Bovem
2382 1066 2396 1091 ,
2428 1025 2517 1079 ubi
2549 1030 2799 1077 exustum
2833 1027 2936 1075 est.

2026 1232 2123 1286 Die
2177 1247 2231 1286 vr
2282 1226 2527 1301 ejusdem
2578 1226 2818 1288 mensis,
2863 1222 2993 1278 feria
3042 1237 3079 1275 ιι
3141 1220 3527 1281 illucescente,

1955 1324 2183 1381 Photius
2207 1332 2425 1379 curator
2468 1321 2663 1376 domus
2706 1317 2953 1372 Placidia:
2976 1356 2991 1378 ,
3036 1324 3092 1370 et
3122 1312 3332 1368 Probus
3362 1310 3530 1381 patri—

1956 1419 2072 1475 cius
2100 1424 2315 1487 raptum
2360 1414 2559 1469 Focam
2609 1427 2676 1466 ex
2722 1408 3043 1480 Archangeli
3088 1405 3322 1477 palatio,
3353 1401 3533 1458 omni-

1956 1512 2059 1567 bus
2102 1510 2365 1565 nudatum
2423 1504 2698 1568 vestibus,
2735 1502 3083 1557 deduxerunt
3126 1514 3225 1569 per
3273 1505 3529 1567 portum,

1958 1619 2152 1659 versus
2218 1602 2391 1657 aedem
2449 1598 2700 1668 SOpbiaa,
2736 1612 2799 1651 ac
2844 1596 2897 1649 in
2932 1610 3124 1648 navem
3184 1591 3530 1658 conjectum,

274 1676 411 1743 φίας
429 1676 493 1740 ⁸³,
530 1676 626 1730 καὶ
653 1676 908 1746 βαλόντες
939 1677 1101 1731 αὑτὸν
1130 1679 1209 1742 είς
1244 1679 1485 1749 κάραϐον
1509 1680 1717 1748 ἔδειξαν
1743 1685 1856 1746 τοῖς

1965 1694 2315 1749 ostenderunt
2346 1689 2505 1746 classi
2535 1708 2549 1744 :
2581 1686 2777 1742 deinde
2822 1685 2890 1739 ad
2933 1683 3239 1739 Heraclium
3292 1679 3535 1735 adduxe-

275 1767 505 1829 πλοίοις.
555 1768 664 1821 Καὶ
712 1769 832 1821 τότε
880 1769 1249 1841 ἀποφέρουσιν
1297 1772 1460 1825 αὐτὸν
1514 1773 1650 1844 πρὸς
1691 1773 1856 1845 Ἠράο

275 1860 483 1923 κλειον,
513 1861 606 1913 καὶ
649 1860 985 1934 ἐπαρθείσης
1029 1862 1138 1917 ἀπὸ
1182 1863 1277 1917 τοῦ
1328 1864 1482 1937 ὤμου
1534 1868 1634 1938 τῆς
1676 1867 1858 1934 δεξιᾶς

276 1950 449 2005 αὐτοῦ
475 1952 690 2023 καὶτῆς
716 1953 977 2023 κεφαλῆς,
1003 1956 1035 2026 ἡ
1062 1956 1162 2025 μὲν
1190 1958 1312 2028 χεὶρ
1340 1958 1505 2012 αὑτοῦ
1542 1962 1855 2034 περιεπάρη

280 2044 523 2115 σπαθίῳ,
567 2047 664 2098 καὶ
696 2044 840 2100 οὕτω
869 2048 1139 2120 περιήχθη
1170 2049 1267 2119 τὴν
1304 2050 1492 2121 Μέσην
1531 2054 1857 2124 είσαγομένη

280 2136 392 2188 ἀπὸ
422 2136 517 2190 τοῦ
546 2138 819 2209 φόρου.Ἡ
849 2138 905 2192 δέ
929 2139 1139 2210 κεφαλὴ
1175 2141 1338 2195 αὐτοῦ
1367 2141 1568 2215 ἐϐλήθη
1614 2147 1694 2208 είς
1737 2162 1859 2199 κον-

279 2228 462 2297 τάριν,
494 2230 592 2281 καὶ
626 2228 769 2282 οὕτω
794 2230 889 2282 καὶ
917 2230 1056 2300 αὑτὴ
1086 2231 1357 2303 περιήχθη
1377 2248 1391 2262 ⁸
1416 2233 1479 2286 τὸ
1515 2234 1572 2287 δέ
1600 2235 1728 2289 ἀλλο
1760 2236 1861 2289 αὐ-

280 2319 377 2372 τοῦ
412 2320 573 2392 σῶμα
603 2323 697 2375 ἐπὶ
724 2322 934 2376 κοιλίαν
964 2323 1263 2395 συρόμενον
1293 2327 1494 2398 ἠνέχθη
1524 2328 1600 2391 ὡς
1641 2330 1733 2383 ἐπὶ
1762 2330 1861 2402 τὴν

280 2414 509 2485 Χαλκῆν
536 2414 630 2468 τοῦ
666 2414 934 2482 Ἱππικοῦ,
968 2417 1156 2472 ὄπιθεν
1172 2420 1217 2451 ²⁰
1248 2420 1304 2473 δὲ
1335 2420 1499 2475 αὐτοῦ
1528 2422 1624 2477 τοῦ
1653 2424 1862 2495 σκηνώ-

284 2522 459 2574 ματος
491 2506 662 2579 ἐσύρη
694 2510 790 2562 καὶ
825 2510 1047 2573 Λεόντις
1064 2512 1107 2541 ¹¹
1136 2514 1165 2564 ὁ
1202 2512 1372 2583 Σύρος
1403 2515 1431 2567 ό
1459 2513 1567 2567 ἀπὸ
1595 2514 1863 2569 σακελλα-

284 2598 441 2668 ρίων,
461 2598 553 2655 καὶ
578 2599 657 2655 ἐτι
687 2600 1015 2670 ἐμπνέοντος
1030 2603 1075 2633 ¹¹
1100 2603 1264 2657 αὐτοῦ
1293 2604 1521 2659 δέδωκεν
1545 2607 1695 2677 αὐτῷ
1722 2626 1806 2671 τις
1818 2610 1863 2641 ³⁸

286 2690 433 2761 μετά
469 2690 631 2757 ξύλου
659 2692 800 2746 κατά
824 2693 925 2764 τὴν
952 2694 1173 2764 Χαλκῆν
1202 2695 1296 2748 τοῦ
1323 2697 1592 2760 Ἱππικοῦ,
1620 2702 1715 2754 καὶ
1742 2701 1863 2754 τότε

285 2786 579 2852 ἀπέθανεν,
618 2788 712 2842 κα)⁸
746 2789 958 2861 ἐπήρθη
1014 2791 1048 2861 ἡ
1097 2791 1309 2863 κεφαλὴ
1356 2794 1543 2857 αὐτοῦ,
1571 2795 1664 2847 καὶ
1692 2794 1865 2858 οὕτως

286 2879 698 2948 ἀπενεχθέντων
721 2880 826 2934 τῶν
859 2884 1235 2953 σκηνωμάτων
1264 2884 1430 2938 αὐτοῦ
1458 2887 1555 2939 καὶ
1579 2888 1743 2940 Φωκᾶ
1785 2889 1866 2950 είς

281 2972 376 3025 τὸν
409 2971 569 3033 Βοῦν,
608 2973 703 3027 καὶ
737 2974 876 3027 αὐτὰ
925 2976 1511 3048 κατεκαύθη.⁹ομοίως
1558 2978 1615 3031 δέ
1659 2980 1865 3050 ἐκαύθη

1960 1796 2109 1842 runt.
2141 1784 2310 1855 Cujus
2355 1782 2512 1838 Focaa
2564 1779 2790 1850 praacisa
2833 1777 2903 1831 ab
2944 1778 3175 1831 humero
3214 1774 3433 1834 dextra,
3481 1780 3538 1824 et

1956 1886 2239 1950 amputato
2293 1874 2506 1946 capite,
2554 1871 2726 1942 ipsius
2772 1869 2991 1940 quidem
3035 1880 3229 1922 manus
3272 1864 3419 1919 ensis
3451 1863 3536 1915 in—

1958 1973 2063 2027 ﬁxa
2107 1968 2317 2039 cuspidi
2340 2010 2354 2031 ,
2395 1984 2426 2020 a
2466 1966 2586 2021 foro
2612 1981 2710 2036 per
2736 1963 2971 2018 mediam
3015 1957 3164 2013 urbis
3192 1957 3423 2028 plateam
3454 1961 3539 2007 est

1961 2064 2203 2119 traducta
2228 2080 2240 2114 :
2276 2068 2440 2131 caput
2470 2067 2650 2112 autem
2682 2062 2845 2112 conto
2874 2068 2970 2107 seu
3018 2052 3190 2105 hasta:
3219 2045 3537 2117 impositum

1960 2154 2165 2225 pariter
2215 2149 2650 2208 circumductum
2696 2156 2823 2202 est:
2864 2141 3107 2212 corporis
3156 2154 3285 2194 vero
3316 2147 3539 2190 truncus

1962 2265 2057 2320 per
2082 2254 2329 2301 ventrem
2363 2250 2640 2312 raptatus,
2689 2252 2882 2294 versus
2920 2235 3154 2291 Chalcen
3196 2228 3539 2299 hippodromi

1960 2350 2047 2395 est
2073 2338 2303 2392 delatus.
2344 2334 2493 2389 Pone
2528 2347 2690 2402 quem
2736 2339 2943 2385 tractus
2972 2335 3058 2382 est
3098 2325 3208 2379 Leo
3244 2322 3411 2392 Syrus
3441 2334 3541 2372 ex—

1963 2428 2284 2493 sacellario,
2327 2425 2575 2497 quicum
2604 2423 2784 2477 adhuc
2822 2419 3080 2489 spiraret,
3114 2415 3265 2484 juxta
3294 2409 3540 2468 eamdem

1963 2519 2203 2575 Chalcen
2228 2516 2374 2587 ligno
2405 2518 2462 2569 in
2491 2529 2615 2569 eum
2658 2526 2689 2565 a
2734 2510 2917 2565 nescio
2961 2522 3069 2577 quo
3121 2507 3391 2574 impacto,
3429 2509 3543 2553 sta-

1968 2614 2064 2667 tim
2110 2610 2320 2666 interiit
2354 2627 2367 2661 :
2419 2608 2737 2662 illiusvero
2761 2612 2923 2673 caput
2968 2602 3023 2655 in
3053 2599 3282 2654 sublime
3312 2604 3396 2650 est
3436 2595 3545 2647 ela-

1965 2714 2110 2766 tum,
2142 2713 2304 2771 atque
2336 2702 2409 2754 ita
2440 2700 2615 2753 delata
2642 2697 2711 2751 ad
2738 2696 2935 2749 Bovem
2978 2691 3154 2761 ipsius
3183 2698 3239 2743 et
3266 2688 3424 2741 Focaa
3454 2700 3547 2741 ca-

1965 2798 2166 2853 davera
2191 2794 2315 2865 igne
2347 2797 2669 2858 consumpta
2716 2794 2861 2841 sunt.
2900 2781 3162 2841 Similiter
3188 2778 3353 2838 etiam
3393 2795 3546 2834 cum-

1966 2892 2161 2945 bustus
2212 2895 2299 2940 est
2350 2884 2417 2939 ad
2466 2881 2667 2939 Bovem
2701 2888 2760 2938 et
2811 2876 3120 2950 Mapparius
3168 2885 3224 2931 et
3274 2870 3551 2943 apparitor

1969 2981 2212 3057 prazl'ecti
2238 2978 2392 3045 urbi,
2422 2987 2784 3051 cognomento
2811 2992 2841 3029 a
2871 2970 3244 3028 Daunonariis.

285 3089 366 3151 εἷς
410 3089 503 3141 τὸν
522 3089 569 3119 ³⁸
596 3089 733 3142 Βοῦν
760 3091 853 3143 καὶ
884 3092 912 3143 ὁ
941 3092 1227 3162 μαππάρις
1259 3095 1353 3147 καὶ
1397 3093 1426 3145 ὁ
1470 3093 1751 3171 ταξεώτης
1770 3097 1865 3155 τοῦ
1891 3101 2134 3174 ἐπάρχου
2174 3101 2274 3169 τῆς
2308 3096 2516 3160 πόλεως
2559 3092 2696 3167 (56),
2750 3093 2778 3144 ό
2819 3086 3203 3157 ἐπιλεγόμενος
3253 3081 3360 3134 ἀπὸ
3424 3083 3549 3131 Δαι-

290 3183 607 3253 μονιαρὶων.

359 3276 471 3328 Καὶ
500 3275 629 3346 περὶ
654 3275 804 3347 ὤραν
830 3277 1025 3352 ἐνάτην
1042 3279 1087 3310 ’⁸
1117 3278 1289 3349 αὐτῆς
1318 3286 1417 3354 τῆς
1439 3284 1698 3356 δευτέρας
1726 3286 1863 3356 ἡμέ-

2038 3280 2181 3334 liora
2232 3290 2393 3346 porro
2443 3292 2495 3329 Ix
2534 3272 2781 3345 ejusdem
2820 3271 2968 3325 feriae
3020 3285 3078 3333 ιι,
3132 3274 3424 3321 coronatus
3469 3269 3553 3317 est

290 3383 391 3435 ρας
435 3365 674 3440 ἐστέφθη
716 3367 1035 3440 Ἡράκλειος
1081 3372 1334 3444 βασιλεὺς
1381 3378 1438 3429 ἐν
1481 3378 1547 3446 τῇ
1588 3378 1864 3448 ἁγιωτάτῃ

289 3458 523 3535 Μεγάλῃ
548 3461 815 3533 ἐκκλησίᾳ
833 3462 937 3516 ὑπὸ
959 3463 1187 3534 Σεργίου
1215 3465 1552 3536 πατριάρχου
1578 3469 1868 3521 Κωνσταν·⁹

290 3554 813 3619 τινουπόλεως.’Καὶ
841 3556 934 3608 ἐπὶ
967 3554 1066 3626 τὴν
1096 3556 1223 3625 ἑξῆς
1252 3558 1466 3628 ἡμέραν
1493 3559 1685 3630 τρίτην
1703 3560 1748 3591 ³⁸
1780 3561 1868 3612 ἱπ-

293 3644 595 3714 ποδρομίας
619 3645 895 3716 ἀγομένης
932 3647 1161 3718 εἰσήχθη
1190 3650 1221 3718 ή
1252 3648 1460 3722 κεφαλὴ
1492 3650 1743 3705 Λεοντίου
1772 3650 1866 3704 τοῦ

294 3735 493 3806 Σύρου,
520 3737 615 3788 καὶ
643 3735 849 3806 ἐκαύθη
880 3738 959 3800 είς
986 3737 1046 3790 τὸ
1074 3738 1318 3792 Ἱππικὸν
1354 3740 1490 3810 μετά
1529 3741 1625 3794 καὶ
1658 3741 1760 3811 τῆς
1788 3743 1865 3794 εἰ-

298 3830 452 3890 κόνος
473 3828 638 3881 Φωκᾶ
660 3828 796 3898 (57),
823 3830 1010 3899 ἥντινα
1030 3830 1248 3900 εἰσῆγον
1272 3832 1330 3883 ἐν
1361 3834 1427 3903 τῇ
1460 3832 1573 3904 ζωῇ
1603 3832 1767 3886 αὐτοῦ
1790 3833 1871 3895 εἰς

295 3924 357 3973 τὸ
391 3920 642 3973 Ἱππικὸν
675 3920 813 3991 μετὰ
843 3922 1113 3991 κεραψίας
1146 3924 1621 3994 ἀσπροφοροῦντες
1672 3929 1720 3979 oi
1770 3928 1872 3997 μάο

296 4031 443 4066 ταιοι
474 4013 582 4067 τῶν
607 4013 930 4085 ἀνθρώπων.
950 4016 1188 4088 Ἐκαύθη
1233 4016 1290 4070 δέ
1322 4018 1441 4070 κατ’
1472 4018 1636 4072 αὐτόν
1682 4019 1779 4071 καὶ
1813 4020 1875 4073 τὸ

300 4106 526 4159 Βένετον
552 4106 740 4176 βάνδον
767 4106 901 4178 (58).

1966 3371 2246 3427 ileraclius
2276 3370 2329 3423 in
2363 3369 2745 3439 imperatorem
2776 3380 2804 3418 a
2839 3362 3027 3432 Sergio
3056 3358 3409 3415 sanctissimae
3438 3355 3551 3410 Ma-

1964 3481 2083 3535 gnae
2115 3462 2362 3520 ecclesiae
2406 3456 3024 3527 ConstantinOpolitanae
3077 3451 3403 3523 patriarcha.
3459 3450 3556 3503 Die

1966 3572 2094 3611 vero
2144 3556 2346 3610 abhinc
2395 3553 2576 3618 tertio,
2629 3552 2759 3606 dum
2805 3549 3080 3605 circenses
3126 3544 3553 3603 celebrarentur,

1964 3650 2173 3704 illatum
2217 3655 2303 3704 est
2349 3646 2560 3701 Leontii
2601 3643 2719 3714 Syri
2759 3650 2942 3710 caput,
2985 3648 3039 3693 et
3096 3638 3151 3690 in
3202 3632 3557 3704 hippodromo

1967 3750 2267 3798 crematum
2299 3758 2313 3794 :
2346 3752 2562 3807 unaque
2592 3751 2716 3791 cum
2747 3734 2839 3787 illo
2868 3732 3021 3786 Focze
3056 3730 3230 3799 imago
3276 3728 3399 3797 igne
3429 3740 3560 3777 con—

1970 3844 2204 3904 sumpta,
2238 3847 2421 3902 quam.
2452 3832 2580 3885 dum
2621 3833 2899 3897 superstes
2951 3832 3115 3888 esset,
3162 3820 3445 3876 hominum
3478 3833 3561 3869 va-

1972 3927 2203 3990 nissimi,
2252 3925 2495 3980 vestibus
2528 3920 2700 3974 induti
2732 3918 2997 3977 candidis,
3043 3930 3164 3969 cum
3189 3911 3433 3967 accensis
3466 3924 3559 3963 ce-

1975 4019 2100 4083 reis,
2142 4019 2198 4071 in
2243 4016 2448 4070 circum
2480 4012 2795 4067 intulerant.
2839 4009 3195 4062 Combustum
3242 4013 3325 4057 est
3359 4000 3561 4071 pariter

1975 4110 2169 4164 eodem
2202 4118 2447 4178 tempore
2479 4104 2734 4158 vexillum
2768 4101 3052 4155 Venetum.

1636 4260 1959 4317 DUCANGII
1998 4260 2228 4318 ΝΟΤᾹΞ.

375 4420 488 4489 (51)
522 4417 645 4472 Τῶν
700 4419 1048 4487 Καισαρέων.
1085 4419 1149 4473 In
1177 4418 1629 4487 Constantinopol.
1679 4417 1875 4473 Christ.

304 4492 397 4545 lib.
435 4506 493 4550 ιι,
528 4498 660 4543 sect.
697 4489 784 4551 16,
815 4506 869 4542 ιι.
908 4490 991 4543 17.

1988 4428 2043 4473 et
2068 4415 2422 4486 Nicephorus‘
2442 4415 2496 4469 in
2534 4414 2692 4468 Brev.

2085 4488 2173 4557 57)
2206 4477 2318 4541 kal
2352 4483 2461 4552 τῆς
2499 4480 2959 4557 είκόοοος-ξξδωκᾷ.
2999 4480 3133 4557 Vide
3178 4477 3562 4557 Theophanem

377 4548 629 4639 (52)]Ξίς
661 4548 779 4639 ξύν’
818 4559 1155 4613 Ἰουλιανοῦ
1201 4559 1435 4630 λιμένα.
1473 4559 1633 4624 lbid.,
1694 4559 1788 4613 lib.
1840 4575 1854 4612 I

1988 4566 2043 4639 et
2062 4548 2350 4639 Georgium
2367 4548 2717 4639 nionacliuttt.
2736 4548 3561 4639 liicephorusConstantinopol.

306 4629 946 4783 ilgt’iiiiiziljerdysva
982 4700 1266 4783 ‘Madpov.
1316 4700 1477 4764 lbid.,
1529 4699 1623 4753 lib.
1654 4717 1713 4763 ιι,
1746 4708 1882 4754 sect.

523 4770 769 4905 ⁵Ξὲἓπιος.
804 4840 881 4893 Ita
907 4840 1247 4910 Nicephorius
1281 4840 1335 4894 in
1376 4840 1535 4895 Brev.
1559 4856 1720 4909 quem
1767 4841 1887 4893 Φω-

310 4908 485 4963 cum
520 4922 716 4964 vocant
740 4909 951 4975 Glycas,
983 4908 1173 4965 anctor
1200 4908 1455 4966 Chronici
1497 4908 1600 4964 ms.
1633 4912 1700 4965 ab
1748 4912 1888 4965 Ada-

314 4997 401 5034 mo
426 4982 493 5035 ad
528 4980 765 5034 Leonem
798 4969 1134 5049 Sapientem,
1176 4990 1233 5035 et
1271 4981 1534 5051 Georgius
1561 4982 1887 5047 monachus,

314 5051 469 5120 cujus
497 5051 651 5105 uxori
684 5061 932 5120 stuprum
976 5051 1148 5104 Focas
1188 5051 1466 5105 intulerat.

387 5121 528 5245 (55)t
550 5120 672 5245 Tgw
716 5121 1061 5244 Πῗακιδίας.
1095 5119 1550 5191 Comtarttinopol.
1574 5121 1768 5174 Christ.
1793 5120 1890 5175 lib.

409 5207 501 5245 sec
534 5234 545 5245 .
619 5232 631 5245 .
668 5206 724 5243 η.
805 5229 821 5243 .

320 5207 379 5253 ιι,
409 5206 545 5246 seet.
578 5206 631 5254 ι),
668 5206 724 5243 n.
769 5206 821 5244 1.

1987 4628 2056 4681 de
2099 4618 2291 4697 Crispo
2338 4644 2350 4678 :
2406 4626 2570 4697 Ἐπεὶῄ
2598 4618 2945 4697 ἀπηχθάνετο
2975 4622 3179 4697 Φωκᾷ,⁸
3204 4619 3281 4697 ὡς
3323 4618 3399 4697 δὴ.
3426 4634 3567 4697 παρ-

1986 4688 2315 4767 υδρισμένος
2344 4697 2435 4749 ὑπ’
2455 4695 2666 4767 ἐκείνου
2690 4688 2993 4767 τύγχάνων,
3010 4688 3339 4767 τῆςοίκείας
3355 4688 3560 4767 εἰκόνος

1986 4757 2196 4829 ἕνεκεν,
2231 4757 2308 4837 ἦν’
2324 4783 2454 4819 ποτε
2483 4768 2531 4818 οἱ
2558 4766 2665 4817 τῶν
2694 4757 2989 4837 ἀντιθέτων
3043 4757 3364 4837 χρωμάτων.
3390 4757 3452 4827 δη
3464 4759 3563 4825 μό·-

1987 4856 2078 4891 ται
2117 4827 2192 4909 τῇ
2212 4827 2307 4890 τοῦ
2337 4838 2500 4889 Φωκᾶ
2524 4831 2999 4905 συμπαρέγραψαν
3023 4827 3212 4895 ε’ίκόνι,
3246 4827 3408 4883 αὑτὸν
3436 4843 3565 4899 μετ’

1992 4911 2210 4978 ήρχετο.

2063 4971 2172 5047 (58)
2206 4978 2315 5032 Kal
2352 4976 2419 5031 τὸ
2470 4975 2726 5029 Βένετον
2749 4971 3315 5047 βᾴνδογηῖενςεινοιιι
3372 4981 3570 5035 nempe

1990 5041 2182 5102 Veneti
2216 5046 2390 5111 Focm,
2418 5055 2605 5100 contra
2631 5059 2793 5113 quam
2816 5041 3049 5115 Prasini,
3076 5041 3166 5115 qui
3193 5053 3440 5115 eo__annu_
3460 5051 3574 5115 quo

1992 5118 2223 5187 imperio
2272 5128 2327 5171 et
2380 5106 2910 5187 vitaexcit'lit,‘_c_um
2955 5106 3382 5187 inpii-censibus
3428 5106 3570 5159 ludis

1994 5179 2180 5242 multis
2206 5186 2555 5243 contumeliis
2586 5182 2982 5254 proscidissent
3010 5182 3225 5241 Focam,
3254 5179 3420 5254 ab__eo
3448 5191 3571 5254 gra-

386 5263 497 5329 (56)
552 5245 661 5314 Τοῦ
714 5261 984 5329 ἐπάρχου
1032 5260 1137 5328 τῆς
1170 5262 1422 5326 πόλεως.
1472 5260 1805 5324 Constantis,
1836 5277 1863 5313 ιι

1994 5259 2136 5312 viter
2162 5258 2375 5312 multati
2417 5245 2653 5329 fuerant,
2690 5254 2808 5329 aliis
2835 5251 3011 5329 capite
3032 5261 3088 5306 et
3110 5248 3425 5329 suspendio,
3455 5245 3573 5298 aliis

321 5319 403 5385 esi
422 5319 566 5401 apud
602 5319 990 5401 Theophanem
1020 5319 1166 5385 anno
1195 5347 1269 5383 vu
1305 5319 1479 5390 Focaa,
1515 5332 1602 5385 cui
1631 5319 1897 5384 successit
1996 5329 2051 5381 in
2081 5345 2230 5401 mare
2278 5326 2566 5401 demersis,
2598 5323 2811 5379 caeteris
2848 5319 3082 5393 denique
3114 5337 3144 5375 a
3176 5319 3409 5390 publicis
3448 5329 3571 5366 mu-

326 5400 605 5463 Leontius,
634 5404 701 5457 de
725 5419 834 5472 quo
868 5410 1059 5456 auctor
1087 5400 1345 5456 Chronici
1377 5417 1522 5455 anno
1562 5419 1592 5453 v
1642 5401 1894 5465 llerachi,

1999 5399 2222 5453 neribus
2249 5398 2463 5453 amotis.

1613 5531 1846 5586 VARIA‘J
1880 5530 2288 5586 LECTIONES.

404 5658 445 5688 "
466 5651 794 5722 Καισαρείου
831 5650 891 5703 V.
972 5652 1011 5681 ³⁷
1045 5651 1347 5720 ἀποστῆσαι
1386 5650 1443 5705 Ρ.
1524 5652 1565 5681 ¹¹⁸
1593 5651 1792 5709 Φώτιος
1812 5649 1871 5702 Ρ.
1955 5651 1996 5681 ’ν
2023 5649 2112 5701 τὸν
2137 5647 2194 5698 Σ.
2218 5645 2324 5700 PV.
2402 5649 2444 5679 ¹⁰
2462 5647 2682 5700 ὄπισθεν
2712 5646 2769 5701 Ρ.

404 5745 418 5773 :
442 5726 501 5773 Ρ-
578 5724 624 5757 ³⁸
652 5740 754 5773 τις.
786 5721 884 5773 τῆς
913 5719 971 5773 Ρ.
1051 5721 1095 5751 ’⁸
1123 5722 1209 5773 τὸν
1240 5738 1348 5773 οιιι.
1382 5721 1440 5773 Ρ.
1520 5724 1563 5753 ’⁵
1596 5722 1819 5773 ἐννάτην
1852 5719 1910 5773 Ρ.
1988 5721 2032 5751 ’⁸
2062 5733 2218 5773 τοιτη
2252 5716 2312 5771 ν.

1520 5724 1563 5753 ’⁵
1596 5722 1819 5792 ἐννάτην
1852 5722 1910 5773 Ρ.

334 5745 418 5791 τος
439 5726 501 5781 Ρ.
578 5724 624 5757 ³⁸
652 5719 754 5785 τις.
786 5721 884 5792 τῆς
913 5719 971 5775 Ρ.
1051 5721 1095 5751 ³⁸
1123 5722 1209 5775 τὸν
1240 5719 1348 5776 um.
1382 5721 1440 5775 Ρ.

2847 5645 2886 5676 ¹¹
2911 5642 3058 5697 Λέων
3075 5656 3154 5701 τις
3180 5635 3242 5691 Ρ.
3321 5634 3363 5665 ³¹
3395 5629 3572 5684 πνέων

1988 5721 2032 5751 ’⁸
2062 5733 2219 5790 τρίτῃ
2252 5716 2312 5771 ν.
