4096 6296
283 264 390 330 985

1470 261 1906 324 CHRONICON
1956 262 2363 324 PASCHALE.

3435 252 3541 317 986

280 379 345 433 rb
374 374 680 448 προκέσσον
725 374 1045 446 Βλαχερνῶν
1092 374 1323 429 Εύδοκία
1362 376 1395 447 ἡ
1441 374 1728 444 Αθγουστα
1750 377 1791 407 ³⁸
1823 378 1855 447 ή

1961 376 2124 440 dicta,
2160 377 2413 457 illiusque
2442 374 2605 429 funus
2630 336 2863 443 navigio.
2880 372 2933 425 in
2955 369 3107 425 urbis
3133 368 3392 440 palatium
3421 367 3542 421 illa-

287 474 379 524 καὶ
406 468 583 522 Φαϐία
612 468 742 539 (66).
792 470 899 522 Kal.
947 468 1255 540 ὶνεχθέντος
1283 467 1377 522 τοῦ
1402 469 1659 539 λειψάνου
1685 470 1856 538 αὐτῆς

284 560 408 614 πλοῖ
453 563 511 614 ὲν
551 560 627 631 τῷ
673 560 921 631 παλατίῳ
965 561 1063 632 τῆς
1117 562 1343 625 πόλεως,
1397 562 1491 615 ἐπὶ
1537 561 1633 633 τὴν
1654 562 1698 594 ⁸¹
1731 561 1858 632 ἑξῆς

281 651 576 721 ἐκηδεύθη,
610 652 705 704 καὶ
735 651 908 721 ἐτάφη
939 654 1018 715 είς
1051 652 1175 716 τοὺς
1198 652 1574 716 ’Δποστόλους.

353 745 463 797 Καὶ
510 746 576 813 τῇ
624 743 665 796 δ’
697 743 791 796 τοῦ
827 744 1285 816 Ὑπερϐερεταίου
1330 745 1516 815 μηνὸς,
1548 744 1689 798 κατὰ
1722 744 1858 798 Ῥω·

283 835 485 905 μαίους
508 836 844 906 Ὀκτωῦρίου
882 837 1071 906 μηνὸς,
1116 836 1443 899 ίνδικτιῶνος
1472 843 1518 890 α’
1550 837 1684 906 (67),
1716 836 1856 908 ὴμέ-

282 945 356 998 ρα
386 927 449 992 δ’,
485 928 720 997 ὲστὲφθη
748 928 808 981 τὸ
838 929 1051 982 παιδίον
1082 930 1375 999 Ἐπιφανία
1412 932 1446 1001 ἡ
1481 930 1577 983 καὶ
1622 929 1857 984 Εύδοκία

279 1021 363 1081 εἰς
414 1018 506 1071 τὸν
552 1018 707 1087 ἅγιον
750 1020 1019 1088 Στέφανον
1048 1018 1157 1090 (68)
1200 1023 1281 1085 εἰς
1304 1021 1367 1075 τὸ
1400 1020 1634 1074 παλὰτιν
1652 1022 1717 1075 ⁸³.
1748 1020 1858 1073 Καὶ

281 1113 613 1167 καθεσθεῖσα
636 1115 719 1177 είς
744 1114 953 1184 δίφρον,
983 1114 1534 1186 παρακολουθούντων
1562 1114 1857 1185 Φιλαρέτου

281 1205 733 1279 κουδικουλαρίου
782 1208 877 1260 καὶ
908 1208 1303 1279 χαρτουλαρίου
1338 1210 1434 1262 καὶ
1481 1209 1714 1263 Συνέτου
1759 1224 1858 1260 κα-

284 1301 567 1373 στρησίου,
599 1299 807 1371 ἀπῆλθε
853 1301 989 1372 πρὸς
1030 1301 1318 1372 συνήθειαν
1353 1304 1433 1367 είς
1468 1304 1568 1372 τὴν
1597 1302 1860 1373 Μεγάλην

281 1391 602 1462 ἐκκλησίαν.

354 1483 446 1553 Τῷ
490 1484 637 1555 αὐτῷ
688 1483 799 1537 ἔτει
858 1484 1333 1554 μηνὶἋπελλαίῳ,
1378 1484 1521 1538 κατά
1556 1485 1859 1555 Ῥωμαίους

278 1575 605 1646 Δεκεμϐρίῳ
621 1582 681 1639 ε’,
699 1576 884 1647 ἡμέρᾳ
900 1581 971 1645 γ’,
988 1575 1180 1645 γέγονε
1204 1577 1465 1647 κληρικὸς
1494 1578 1729 1647 Πρίσκος
1747 1577 1857 1645 (69)

279 1664 311 1716 ὁ
341 1664 520 1734 κόμης
549 1664 657 1717 τῶν
689 1662 1103 1735 ὲξκουὸιτὼρων
1133 1664 1380 1735 (70),καὶ
1411 1669 1528 1720 ἀντ’
1558 1666 1720 1720 αὑτοῦ
1747 1665 1856 1736 (71)

280 1754 479 1820 γέγονε
546 1754 721 1823 κόμης
786 1753 1199 1825 ὲξκουδιτώρων
1260 1756 1510 1826 Νικήτας
1572 1758 1602 1811 δ
1660 1756 1858 1827 πατρί-

280 1857 401 1903 κιος
436 1840 571 1912 (72).

353 1932 543 2004 Τούτῳ
570 1932 644 2003 τῷ
674 1933 839 1987 Erat”
866 1933 1024 2007 ἐτέθη
1051 1934 1237 1990 ἐπάνω
1262 1936 1355 1991 τοῦ
1387 1935 1640 1991 συνθετοῦ
1683 1938 1861 2003 κίονος

278 2022 377 2078 τοῦ
424 2025 545 2077 κατ’
586 2024 877 2088 Ἀνατολὰς
918 2029 1016 2095 τῆς
1044 2026 1340 2097 ἐκκλησίας
1364 2028 1473 2080 τῶν
1513 2029 1711 2097 Ἀγίων
1745 2036 1796 2100 μ’
1831 2033 1860 2085 ὁ

280 2116 465 2186 τίμιος
496 2117 749 2189 σταυρὸς,
783 2117 933 2181 ὄντος
960 2118 1200 2189 ἐπάρχου
1226 2118 1435 2184 πόλεως
1462 2120 1739 2190 Θεοδώρου
1764 2122 1858 2176 τοῦ

279 2209 389 2262 ἀπὸ
419 2208 681 2280 νοταρίων
707 2211 805 2280 τῆς
839 2209 1126 2281 βασιλικῆς
1155 2210 1291 2281 (75).

366 2388 485 2445 Ίνδ.
517 2396 585 2444 α’.
627 2395 699 2458 γ’.
740 2388 879 2460 μετὰ
902 2390 997 2445 ὑπ.
1016 2389 1338 2463 Ἡρακλείου
1368 2391 1682 2462 Αὐγούστου
1706 2394 1767 2449 τὸ
1789 2394 1857 2466 β’.

354 2566 542 2637 Τούτῳ
588 2566 668 2637 τῷ
720 2564 831 2621 ἔτει
860 2567 971 2638 (74)
1009 2567 1139 2639 μηνὶ
1188 2568 1488 2640 Αύδυναίῳ,
1549 2571 1690 2626 κατὰ
1723 2571 1858 2627 Ῥω-

286 2658 484 2728 μαίους
510 2658 878 2729 Ἰανουαρίῳ³⁸
924 2658 1029 2727 κβν,
1058 2659 1240 2731 ἡμέρᾳ
1270 2660 1498 2733 δευτέρᾳ
1531 2660 1665 2733 (75),
1703 2665 1857 2717 ὲστέσ-

281 2749 393 2821 φθη
423 2749 486 2803 τὸ
523 2750 729 2802 παιδίον
784 2750 1101 2821 Ἡράκλειος
1134 2751 1269 2814 Νέος
1311 2752 1720 2820 Κωνσταντίνος
1758 2754 1857 2825 βα-

284 2841 465 2905 σιλεὺς
500 2842 606 2895 ὑπὸ
630 2840 725 2895 τοῦ
756 2842 963 2914 πατρὸς
989 2840 1153 2895 αὑτοῦ
1188 2842 1506 2913 Ἡρακλείου
1537 2845 1616 2908 εἰς
1647 2845 1709 2898 τὸ
1750 2862 1855 2899 πα-

281 2935 529 2988 λάτιν³⁶·
574 2937 671 2989 κα)⁵
714 2933 916 2999 εὐθέως
957 2934 1185 3005 ἀνῆλθεν
1232 2936 1311 2998 είς
1357 2934 1417 2987 τὸ
1454 2935 1853 3009 Ἰπποδρόμιον,

1960 479 2095 535 ιιιιη,
2121 469 2379 538 postridie
2411 467 2569 523 lactis
2594 465 2886 535 exsequiis,
2924 462 2979 518 in
3003 463 3119 518 aede
3158 460 3543 533 Apostolorum

1957 562 2239 619 conditum
2268 572 2375 619 est.

2028 749 2098 804 Et
2129 766 2181 804 Iv
2212 747 2613 819 Hyperberetmi
2647 746 2870 811 mensis,
2916 740 3215 799 secundum
3264 737 3545 791 Romanos

1958 841 2207 898 Octobris
2235 842 2456 905 mensis,
2490 839 2880 901 indictionis'i,
2909 837 3042 891 feria
3070 852 3145 896 iv,
3176 838 3433 887 coronata
3459 836 3545 881 est

1958 936 2133 1005 puella
2166 935 2486 1005 Epiphania,
2520 949 2640 1003 quae
2670 942 2725 987 et
2757 931 2992 987 Eudocia
3019 927 3307 999 appellata.
3342 922 3397 976 in
3427 920 3544 976 aede

1961 1024 2145 1081 Sancti
2179 1025 2437 1095 Stephani
2462 1026 2513 1079 in
2550 1024 2767 1095 palatio.
2794 1024 2861 1077 Et
2908 1023 2963 1075 in
3006 1036 3167 1075 curru
3198 1019 3420 1079 sedens,
3447 1015 3547 1069 sti-

1959 1118 2215 1187 pantibus
2239 1134 2357 1172 eam
2400 1118 2672 1172 Philareto
2708 1116 3041 1171 cubicularii)
3078 1124 3134 1169 et
3188 1108 3539 1173 chartulario,

1959 1220 2015 1266 et
2044 1209 2245 1282 Syneto
2278 1212 2561 1275 castrensi,
2591 1217 2651 1265 ut
2674 1210 2791 1265 ﬁeri
2819 1209 2975 1274 solet,
3016 1208 3166 1263 venit
3195 1206 3251 1260 in
3293 1204 3541 1274 Magnam

1960 1304 2269 1360 ecclesiam.

2030 1485 2146 1542 Hoc
2170 1486 2362 1542 eodem
2386 1501 2551 1552 anno,
2588 1501 2777 1541 mense
2813 1485 3071 1555 Apelleo,
3103 1482 3402 1540 secundum
3432 1481 3543 1534 llo-

1961 1593 2153 1634 manos
2184 1578 2467 1634 Decembri
2496 1595 2550 1641 ν,
2579 1577 2714 1633 feria
2748 1595 2831 1639 nt,
2863 1578 3079 1633 Priscus
3102 1592 3285 1632 eomes
3317 1574 3542 1629 excubi-

1962 1680 2139 1725 torum
2167 1670 2399 1725 clericus
2420 1679 2504 1725 est
2531 1670 2727 1734 factus,
2754 1680 2809 1724 et
2835 1670 2887 1723 in
2917 1670 3095 1724 locum
3118 1668 3239 1739 ejus
3260 1668 3437 1722 factus
3458 1674 3544 1721 est

1960 1778 2145 1819 comes
2172 1763 2547 1818 excubitorum
2577 1762 2793 1817 Nieetas
2824 1763 3104 1832 patricius.

2034 1926 2149 1983 Hoc
2204 1942 2349 1982 anno
2390 1941 2553 1995 supra
2607 1925 2912 1980 columnam
2965 1940 3032 1979 ex
3060 1923 3227 1980 variis
3274 1922 3544 1991 lapidibus

1960 2018 2284 2085 confectam,
2310 2019 2377 2074 ad
2416 2018 2681 2075 orientem
2708 2017 2950 2075 ecclesia:
2976 2016 3299 2071 Sanctorum
3327 2030 3414 2074 ιι..
3442 2029 3543 2082 po-

1960 2116 2061 2169 sita
2094 2124 2177 2169 est
2219 2112 2528 2168 veneranda
2575 2128 2729 2177 crux,
2775 2126 2897 2169 cum
2930 2119 3075 2166 esset
3102 2109 3391 2180 przelectus
3420 2107 3541 2162 urbi

1962 2203 2281 2259 Theodorus
2312 2202 2632 2258 ex-notariis
2660 2202 2916 2258 basilicae.

1959 2297 2026 2350 A.
2051 2293 2114 2350 C.

2030 2386 2153 2441 615.
2183 2385 2268 2457 (Α.
2314 2400 2344 2439 a
2373 2384 2443 2438 M.
2475 2385 2537 2441 C.
2565 2385 2750 2454 6121.)
2776 2402 2857 2440 ιιι.
2880 2385 2999 2442 1nd.
3035 2402 3072 2441 ι.
3103 2386 3231 2441 Post

1960 2492 2111 2533 cons.
2140 2475 2371 2532 Heraclii
2402 2477 2634 2547 Augusti
2662 2476 2725 2532 ll.
3230 2478 3279 2530 1.
3310 2474 3436 2529 ⁸518.

2031 2569 2144 2624 Hoc
2171 2585 2334 2635 anno,
2371 2585 2560 2624 mense
2586 2569 2885 2640 Audynzeo,
2917 2570 3215 2624 secundum
3248 2567 3543 2630 Romanos,

1956 2658 2199 2719 Januarii
2229 2660 2317 2715 die
2349 2676 2479 2725 xxn,
2512 2658 2646 2715 feria
2674 2677 2731 2726 ιι,
2764 2670 3058 2716 coronatus
3089 2670 3175 2715 est
3208 2674 3344 2730 puer
3373 2658 3544 2713 Hera-

1957 2755 2095 2810 clius
2130 2753 2314 2808 Novus
2342 2751 2737 2808 Constantinus
2786 2753 3084 2823 imperator
3114 2768 3144 2807 a
3185 2760 3336 2823 patre
3361 2766 3462 2805 suo
3488 2750 3543 2805 in

1956 2847 2158 2919 palatio
2190 2863 2203 2899 :
2237 2860 2470 2915 moxque
2508 2844 2753 2899 ascendit
2786 2845 2840 2898 in
2864 2846 3091 2911 circum,
3142 2844 3324 2914 ibique
3359 2842 3545 2898 diade-

1956 2949 2103 2998 mate
2151 2937 2454 3000 redimitus,
2492 2938 2861 2993 consalutatus
2903 2948 2987 2993 est
3035 2954 3065 2991 a
3096 2938 3437 2992 senatoribus
3484 2946 3543 2992 ut

3253 2291 3363 2364 [01.
3394 2288 3543 2362 lph.]

280 3026 448 3078 κάκεῖ
478 3023 729 3093 στεφθεὶς
772 3021 1154 3093 προσεκυνήθη
1185 3022 1289 3076 ὑπὸ
1328 3022 1436 3077 τῶν
1479 3024 1856 3095 συγκλητικῶν

1958 3028 2266 3099 imperator,
2306 3036 2362 3081 et
2396 3026 2588 3081 faustis
2621 3027 3105 3083 acclamationibus
3143 3045 3173 3082 a
3214 3026 3544 3082 factionibus

280 3114 357 3176 ὼς
380 3112 655 3184 βασιλεὺς,
680 3114 773 3167 καὶ
799 3112 1090 3184 εὐφημήθη
1114 3111 1218 3166 ὑπὸ
1242 3112 1351 3165 τῶν
1376 3114 1580 3184 μερῶν,
1600 3114 1694 3167 καὶ
1714 3113 1857 3169 οὕτω

1962 3131 2239 3191 exceptus.
2264 3120 2439 3189 Atque
2466 3119 2536 3173 ita
2564 3134 2689 3173 cum
2714 3128 2867 3189 patre
2901 3135 3174 3190 egressus,
3199 3121 3267 3175 ad
3298 3118 3542 3190 Magnam

280 3204 378 3256 σὺν
406 3204 486 3275 τῷ
519 3205 685 3276 πατρὶ
708 3204 871 3258 αὑτοῦ
901 3203 1122 3273 ἐξῆλθεν
1150 3204 1229 3267 είς
1250 3202 1347 3275 τὴν
1372 3204 1631 3275 Μεγάλην
1654 3205 1854 3277 ἐκκλη-

284 3296 433 3361 σίαν,
465 3296 867 3367 βασταζόμενος
899 3295 1004 3349 ὑπὸ
1035 3294 1347 3367 Φιλαρέτου.

1961 3214 2245 3271 ecclesiam
2271 3213 2443 3279 venit,
2469 3228 2502 3268 a
2535 3211 2813 3269 Pbilareto
2835 3222 3095 3284 gestatus.

1623 3456 1947 3515 DUCANGII
1979 3456 2210 3513 NOTAE.

351 3590 465 3663 (66)
501 3589 589 3663 ,Ἡ
618 3591 717 3663 καί
749 3593 950 3647 Φαϐία.
988 3593 1231 3647 Flauiam
1272 3593 1473 3647 dictam
1514 3594 1593 3649 ait
1612 3593 1851 3651 Isidorus

284 3660 547 3717 Pacensis
577 3661 632 3714 in
656 3660 930 3717 Chronico
957 3678 1101 3717 anno
1129 3680 1335 3717 nchv1.

360 3731 470 3804 (67)
514 3730 901 3804 Ἰνόικτιῶνος
925 3732 997 3804 9'.
1045 3736 1160 3800 Qua
1191 3733 1411 3802 quidem
1454 3734 1677 3791 ineunte
1710 3735 1855 3791 indi-

286 3802 468 3857 ctione
494 3813 618 3871 post
643 3802 785 3857 diem
816 3819 876 3857 ιιι
910 3802 1131 3857 Octobr.
1185 3804 1410 3871 inctepit
1437 3820 1615 3859 annus
1657 3822 1717 3860 ιιι
1744 3807 1856 3861 He-

286 3873 460 3935 raclii,
485 3872 577 3944 qui
610 3872 732 3931 fuit.
759 3878 817 3926 ut
850 3874 902 3926 iu
934 3873 1204 3944 Computa
1235 3890 1266 3928 a
1294 3872 1376 3929 Cl.
1411 3875 1682 3930 Dodwello
1712 3878 1860 3932 edito

284 3944 430 3997 idem
480 3942 758 4013 Augustus
804 3944 1015 4010 scribit,
1075 3942 1255 3998 annus
1306 3960 1337 3998 a
1390 3944 1595 4000 mu‘ndo
1640 3948 1860 4003 condito

283 4030 356 4067 Vl.
365 4028 509 4068 ICXX
518 4054 529 4065 .

357 4083 471 4153 (68)
512 4083 615 4156 ξίς
647 4082 754 4137 τὸν
793 4083 966 4156 ἅγιον
1015 4082 1347 4152 Στέφανον.
1402 4083 1857 4156 Constantinopol.

282 4151 482 4207 Christ.
516 4152 611 4206 lib.
638 4170 711 4217 tv,
744 4151 877 4209 sect.
905 4154 959 4217 6,
998 4170 1054 4208 ιι.
1089 4156 1175 4207 79.

356 4223 471 4297 (69)
507 4224 555 4274 Γ
556 4222 728 4297 ένονε
765 4223 1051 4297 κληριζρς
1082 4224 1369 4297 Πρίσκος.
1404 4223 1860 4297 ΗιιιιοΝἰοεριιοέ

282 4310 379 4347 rus
427 4292 900 4362 Constantinopol.
948 4292 1337 4363 Theophanes,
1395 4302 1450 4348 et
1509 4292 1738 4364 aliquot'
1768 4296 1858 4350 alii

1949 3612 2089 3668 quos
2112 3596 2331 3668 quidem
2360 3604 2640 3668 curatores
2673 3592 2927 3668 λογιστὰς
2955 3602 3110 3668 vocat
3128 3592 3284 3668 lex?)
3474 3592 3544 3648 de

1950 3661 2378 3723 modo'multar.
2418 3664 2550 3719 Vide
2584 3663 3089 3732 Constantinopolim
3116 3661 3307 3717 Christ.
3348 3663 3441 3716 lib.
3480 3679 3541 3727 ιι,

1953 3746 2087 3793 sect.
2124 3737 2175 3803 7,
2205 3752 2262 3790 n.
2289 3736 2344 3790 ‘2.
2381 3735 2624 3789 Priscum
2649 3744 2830 3788 autem
2860 3750 2955 3786 seu
2996 3732 3253 3802 Crispum
3287 3734 3540 3788 comitem

1955 3808 2330 3863 excubitorum
2357 3806 2566 3861 dixerat
2589 3804 2758 3859 Focas
2782 3820 2960 3857 annon
2986 3803 3207 3873 imperii
3240 3823 3251 3857 :
3281 3821 3538 3873 generum

1956 3893 2089 3932 vero
2107 3896 2157 3943 ν,
2184 3885 2243 3931 ιιι
2270 3886 2353 3930 est
2379 3876 2519 3944 apud
2550 3872 3112 3944 Tlieoplianem.’Post
3136 3872 3323 3944 necem
3348 3875 3544 3929 deinde

1958 3948 2138 4008 FocaB,
2172 3947 2270 4015 τῆς
2301 3942 3028 4015 Καππαδοκίαςίστρατηγὸν
3078 3943 3205 3998 fecit
3236 3942 3539 4010 Heraclius,

1959 4026 2019 4072 ut
2045 4027 2130 4071 est
2156 4017 2208 4069 in
2230 4014 2429 4069 eodem
2460 4014 2667 4068 Chron.
2696 4030 2797 4067 ms.

2030 4088 2146 4154 (71)
2182 4085 2401 4139 Αὐτοῦ.
2439 4084 2662 4152 Cerrige
2706 4100 2945 4137 errorem
2986 4092 3093 4153 typ.
3133 4083 3315 4154 adfor}.

2031 4152 2141 4227 (72)
2172 4154 2443 4227 ΝικήταςΔ
2475 4155 2803 4227 πατρίκιος.
2864 4152 3101 4227 Consule
3161 4152 3360 4207 Famil.
3403 4153 3538 4225 Aug.

1958 4223 2183 4298 Byaaut.
2215 4226 2268 4298 in
2301 4224 2468 4298 fatuil.
2508 4223 2766 4298 lleraeliij
2797 4223 2898 4277 sub
2929 4223 3023 4298 lin.

2030 4297 2141 4366 (75)
2186 4294 2302 4363 Τῆς
2326 4292 2684 4366 βασιλικῆς.
2718 4293 3176 4362 Constantinopol.
3213 4291 3410 4347 Christ.
3443 4294 3540 4348 lib.

281 4364 531 4455 ξνίεοιμπ
551 4366 739 4455 Αοιίίιιι]
775 4364 1389 4455 t'gcant,‘quemre.'eteri
1432 4363 1860 4455 Crisptgi'mﬁfide
1887 4394 1938 4455 Β
1965 4363 2287 4455 11,;s'elct.m9,'
2313 4381 2367 4416 η.
2401 4363 2452 4417 1.

283 4434 482 4488 Famil.
536 4435 751 4504 August.
805 4434 1028 4504 Byzaut.
1084 4435 1138 4488 in
1180 4434 1342 4497 Foca,
1368 4437 1524 4502 cujus
1556 4434 1660 4489 ille
1694 4436 1859 4491 ﬁliam

284 4504 629 4577 Dementiam
679 4520 902 4577 uxorem
944 4505 1201 4577 duxerat.
1246 4507 1355 4559 Cur
1396 4516 1575 4560 autem
1610 4506 1859 4577 Crispus,

284 4590 380 4646 seu
413 4572 653 4646 Priscus,
679 4574 912 4628 clericus
937 4574 1117 4646 lactus
1155 4576 1244 4637 sit,
1275 4592 1386 4646 prae
1417 4577 1629 4632 caeteris
1674 4572 1861 4631 narrat

286 4645 431 4716 idem
462 4643 822 4716 Nicephorus,
861 4645 953 4714 qui
986 4644 1111 4716 inde
1143 4643 1395 4711 πάππαν,
1431 4646 1577 4716 quod
1608 4647 1748 4701 idem
1772 4663 1861 4700 va-

284 4715 376 4778 let,
408 4718 477 4767 ah
515 4712 765 4768 Heraclio
794 4712 1173 4786 compellatum
1204 4716 1425 4770 scribit:
1449 4712 1629 4786 'quam
1667 4732 1857 4771 vocem

283 4800 608 4857 pet'hparens
648 4785 1207 4857 perperamAreddidit
1265 4785 1510 4841 eruditus
1562 4787 1850 4857 interpres.

283 4852 328 4907 Α
354 4852 665 4920 Nicephoro
692 4852 812 4927 quzc
840 4855 914 4927 de
937 4854 1126 4924 Crispo
1150 4864 1337 4927 narrat
1360 4857 1645 4927 exscripsit
1682 4852 1859 4912 Zona-

284 4940 395 4984 ras.
427 4940 455 4977 a
496 4940 604 4990 quo
638 4926 800 4977 etiam
828 4924 1055 4993 Crispus
1086 4924 1407 4993 appellatur.
1538 4924 1554 4927 ⁷
1750 4956 1761 4966 ο

356 4994 470 5061 (70)
513 4995 577 5045 '0
629 4996 824 5063 Κύμης
854 4993 973 5048 τῶν
1016 4996 1465 5064 ἐεκουσιτόρων.
1524 4996 1603 5050 lta
1637 4998 1726 5052 alii
1760 5016 1774 5051 :
1804 5008 1861 5053 at

285 5063 554 5133 Georgius
588 5067 890 5119 monachus
934 5064 987 5118 in
1014 5064 1218 5120 Chron.
1268 5080 1370 5119 ms.
1403 5066 1481 5120 ait
1510 5067 1706 5122 Focam
1752 5068 1861 5121 Do-

286 5135 584 5209 m_entziam_
640 5134 812 5209 [illam
856 5135 1137 5209 copulasse
1198 5134 1421 5209 Πρίσκῳ
1464 5138 1859 5209 τῷ-πατρικίῳ

286 5206 489 5274 κόμητι
520 5204 628 5257 τῶν
662 5204 1074 5277 Μαρίνηςηυῂὶ
1107 5219 1276 5259 comes
1312 5204 1455 5277 idem
1488 5204 1629 5277 valet
1673 5204 1737 5262 ac
1766 5204 1860 5260 cu;-

286 5285 455 5337 rator,
489 5274 773 5343 quomodo
801 5274 1229 5344 indigitabantur
1248 5275 1340 5343 qui
1369 5275 1457 5328 isti
1490 5276 1712 5332 Marine
1732 5278 1855 5339 aedi,

288 5344 340 5397 in
360 5361 466 5414 qua
488 5345 908 5411 asservabantur
923 5345 1166 5400 thesauri
1192 5345 1547 5416 imperatorii,
1566 5358 1858 5417 praeerant;

2036 4436 2147 4505 (74)
2186 4435 2375 4500 Τούτῳ
2418 4431 2497 4497 τῷ
2530 4433 2667 4487 ἔτει.
2721 4432 2921 4488 Scribit
2952 4432 3323 4505 (Theophanes
3371 4432 3544 4505 llera-

1958 4503 2576 4564 clium'Constantinum
2607 4512 2927 4557 coronatum
2950 4504 3328 4571 imperatorem
3357 4519 3386 4556 a
3415 4503 3544 4557 Ser-

1958 4579 2045 4650 gio
2073 4575 2396 4650 patriarcha
2427 4590 2533 4650 xxv
2566 4573 3227 4650 [lecenibrisdigiitdict.
3265 4573 3543 4650 I,hoc_est

1957 4643 2104 4703 anno
2136 4662 2277 4701 ncxn
2310 4645 2536 4715 vulgari.
2569 4643 2940 4715 Nec_aliludit.
2966 4644 3299 4715 Nic-ephorus
3320 4643 3373 4696 iu
3410 4644 3543 4697 Bre-

1955 4718 2151 4779 viario,
2180 4716 2273 4770 ubi
2318 4712 2625 4768 lleraclium
2660 4712 3401 4785 Constantinumwubwpo;
3431 4715 3542 4785 γὰρ

1954 4788 2238 4857 ἐτύγχανε,
2273 4786 2449 4855 inquit
2471 4784 2586 4857 ille)
2605 4784 2785 4837 statim
2817 4792 2939 4853 post
2962 4784 3289 4857 baptismum
3323 4802 3350 4837 a
3377 4795 3531 4857 patre

1955 4854 2157 4914 corona
2185 4857 2467 4919 donatum,
2495 4865 2549 4908 et
2577 4854 2955 4922 imperatorem
2991 4854 3379 4923 proclamatum
3405 4854 3539 4908 scri—

1956 4930 2060 4991 bit,
2086 4927 2300 4981 tametsi
2342 4943 2447 4980 vox
2479 4925 2701 4985 αύτίκα,
2732 4940 2835 4993 qua
2870 4924 3058 4983 utitur.
3090 4939 3196 4976 non
3239 4924 3379 4979 obsit
3406 4924 3537 4993 quin

1956 5014 2101 5053 anno
2137 4997 2264 5051 dein
2325 4996 2572 5065 proximo
2606 5003 2900 5065 coronatus
2949 4995 3299 5065 intelligatur.
3353 4994 3542 5065 Potior

1958 5069 2102 5123 enim
2130 5067 2264 5121 ﬁdes
2299 5064 2513 5119 videtur
2536 5064 2714 5134 danda
2752 5064 2999 5133 scriptori
3032 5064 3312 5130 Clirouici,
3347 5074 3406 5119 ut
3442 5064 3537 5134 qui

1958 5138 2209 5193 Heraclio
2240 5137 2546 5205 imperante
2572 5133 2785 5205 vixerit.

2033 5208 2144 5275 (75)
2183 5203 2392 5274 Ἡμέρᾳ
2412 5203 2685 5275 δευτέρᾳ.
2719 5203 2832 5258 lloc
2853 5204 2998 5259 enim
3031 5221 3176 5261 anno
3214 5205 3393 5261 littera
3425 5204 3535 5259 Do-

1960 5278 2233 5333 minicalis
2259 5278 2363 5331 luit
2396 5274 2458 5330 G.

2178 5356 2191 5378 1

1565 5502 1801 5558 VARUE
1835 5501 2242 5559 LECTIONES.

358 5640 401 5672 ³¹
420 5638 707 5709 Αύγούστη
820 5705 832 5711 _
880 5634 922 5665 ³¹
937 5635 1066 5711 τήν.
1095 5635 1191 5704 τῆς
1221 5634 1459 5711 ΒετῇγΡ.
1537 5639 1583 5669 ³⁸
1613 5635 1963 5711 παλατιονΑΡ.
2008 5708 2011 5709 ν
2040 5634 2084 5711 1⁸
2113 5634 2252 5711 Post
2269 5637 2377 5691 ἔτει
2406 5636 2660 5711 ᾳάάἰιέτη
2696 5638 2759 5703 ν,
2788 5638 3157 5711 ιιιιᾶεξιεειίιιιί
3183 5637 3362 5709 ἐτέθη,
3381 5639 3525 5711 quod

294 5721 417 5766 ante
446 5704 599 5769 ὄντος
626 5704 909 5779 supplebat
936 5704 1198 5762 Raderus.
1277 5707 1322 5739 ³⁸
1351 5704 1690 5779 ’Ἰανουαρίου
1716 5708 1777 5763 Ρ.
1855 5708 1899 5740 ³⁸
1930 5706 2187 5763 παλὰτιον
2217 5707 2279 5773 Ρ,
2312 5708 2514 5763 omisso
2545 5704 2655 5762 ttat.
