4096 6296
571 217 675 281 937

1759 227 2195 290 CHRONICON
2242 232 2645 295 PASCHALE.

3730 236 3823 301 988

631 330 697 385 Et
721 329 788 384 ab
810 346 930 401 .pso
952 331 1039 387 die
1057 349 1165 387 xm
1198 332 1435 391 Januarii
1465 339 1671 394 mensis
1698 340 2023 411 imperatum
2051 353 2155 410 est,

2335 334 2445 402 Kal.
2496 350 2591 404 ἀπ’
2620 349 2789 421 αὐτῆς
2814 350 2915 419 τῆς
2942 349 3024 422 κβ¹
3053 350 3148 405 τοῦ
3176 348 3523 420 Ἰανουαρίου
3554 349 3714 421 μηνὸς
3742 353 3829 405 ἑτι-

560 424 638 478 ιιἱὶ
670 423 1003 479 scriberetur
1036 445 1048 481 :
1077 426 1140 480 In
1167 430 1392 492 nomine,
1421 440 1553 494 etc..
1576 434 1783 504 imperii
1798 438 2152 504 piissimornm

559 514 892 567 dominorum
944 527 1240 570 nostrorum
1275 529 1324 573 et
1364 520 1946 590 beneﬁcentissimorum
1978 525 2154 581 Flavii

564 606 801 659 Heraclii
843 608 1067 676 piissimi
1115 627 1254 663 anno
1290 626 1373 674 ιιι,
1423 621 1471 666 et
1501 624 1613 682 post
1644 614 1974 669 consulatum
2014 616 2155 669 illius

564 714 706 751 anno
735 715 794 762 ιι,
842 709 892 754 et
936 696 1110 754 Flavii
1158 702 1391 757 Heraclii
1428 703 1565 759 Novi
1603 705 1934 763 Constantini
1981 726 2015 762 a
2046 708 2155 763 Deo

568 793 811 846 custoditi
834 793 935 859 ﬁlii
962 795 1097 864 ejus,
1134 814 1149 850 ι
1180 807 1494 852 wternorum
1531 801 1887 869 Augustorum
1915 810 1964 856 et
1990 802 2155 869 impe-

569 893 831 940 ratorum.

572 1058 639 1115 Α.
668 1062 730 1117 C.

643 1157 767 1212 644.
794 1156 879 1227 (Α.
915 1174 946 1213 a
977 1158 1045 1214 M.
1071 1158 1133 1214 C.
1154 1159 1337 1229 6l22.)
1376 1176 1451 1217 Iv.
1475 1162 1593 1217 lnd.
1620 1180 1675 1218 ιι.
1713 1162 1842 1219 Post

574 1264 727 1303 cons.
767 1249 997 1305 lleraclii
1031 1252 1258 1323 Augusti
1288 1252 1377 1308 Ill.
1842 1256 1892 1309 l.
1924 1257 2052 1311 548.

649 1341 711 1393 Ει
733 1358 762 1395 a
793 1358 900 1397 χχιι
941 1343 1179 1398 Januarii
1225 1346 1429 1401 mensis
1451 1346 1727 1412 scribitur,
1757 1348 2161 1420 lmperiillera-

578 1434 665 1487 clii
696 1434 832 1488 Novi
852 1435 1182 1491 Constantini
1202 1455 1340 1492 anno
1374 1456 1434 1495 ιι.

650 1526 765 1582 Hoc
800 1544 966 1595 anno,
1017 1530 1161 1585 circa
1216 1548 1456 1587 mensem
1490 1533 1734 1598 Iunium,
1772 1535 1973 1591 malum
2004 1534 2163 1591 nobis

579 1617 778 1673 accidit
822 1630 1086 1690 perpetuo
1132 1620 1281 1676 luctu
1342 1626 1801 1695 prosequendum.
1863 1626 1998 1681 Cum
2042 1625 2163 1680 aliis

1870 1070 1977 1143 [01.
2007 1071 2153 1146 lph.]

2260 442 2472 513 ετρὰπη
2500 441 2807 513 γράφεσθαι
2842 443 2977 513 μετὰ
2998 447 3081 505 τὸ,
3108 444 3204 496 Ἑν
3230 443 3509 511 ὀνόματι,
3536 442 3831 509 ,ϐασιλείας

2261 531 2380 586 τῶν
2408 532 2724 587 θειοτάτων
2754 533 2927 603 ἡμῶν
2966 533 3151 605 385
3196 531 3528 587 δεσποτῶν
3566 534 3663 587 καί
3691 536 3832 603 μετί-

2260 639 2425 678 στων
2453 623 2781 694 εὐεργετῶν
2821 626 3085 679 Φλαϐίου
3131 624 3502 692 Ἡρακλείου
3540 623 3646 677 τοῦ
3678 626 3833 677 εὐσε-

2262 717 2556 773 ϐεστάτου
2587 718 2765 785 ἔτους
2795 725 2841 790 γ’
2866 719 2964 773 καὶ
2988 718 3139 788 μετὰ
3178 718 3297 788 τὴν
3331 716 3639 775 ὖπατείαγ
3670 718 3834 771 αὐτοῦ

2263 812 2438 878 ἔτους
2460 810 2522 877 β’
2552 812 2650 866 καὶ
2679 813 2943 867 Φλαϐίου
2977 813 3331 881 Ἡρακλείου
3360 811 3525 865 Νέου
3549 813 3837 864 Κωτστογ-

2263 903 2437 957 τίνου
2471 904 2581 957 τοῦ
2604 902 3019 973 θεοφυλάκτου
3048 902 3235 957 αὑτοῦ
3260 901 3409 956 υἱοῦ
3430 900 3614 966 ἔτους
3634 906 3704 965 a',
3736 897 3837 953 τῶν

2263 995 2518 1049 αἰωνίων
2538 995 2903 1064 Αὑτούστων
2924 994 3022 1047 καὶ
3053 993 3546 1063 αὐτοκρατόρων.

2349 1175 2465 1231 Ἰνδ.
2512 1175 2583 1239 β’.
2621 1176 2685 1231 δ’.
2730 1175 2871 1246 μετὰ
2890 1177 2986 1232 ὑπ.
3002 1176 3334 1250 Ἡρακλείου
3359 1176 3684 1246 Αὐγούστου
3704 1177 3759 1230 τὸ
3777 1176 3835 1246 γ.

2340 1356 2448 1410 Καὶ
2479 1355 2590 1409 ἀπὸ
2617 1355 2699 1426 κβ¹
2730 1353 2823 1408 τοῦ
2861 1354 3195 1424 Ἰανουαρίου
3231 1355 3413 1427 μηνὸς
3444 1354 3736 1425 γράφεται,
3764 1354 3842 1423 βα·

2270 1449 2477 1512 σιλείας
2520 1448 2842 1519 Ἡρακλείου
2875 1449 3013 1502 Νέου
3042 1448 3470 1502 Κωνσταντίνου
3503 1445 3676 1509 ἐτοςπ
3708 1445 3766 1516 β.

2341 1539 2527 1611 Τούτῳ
2552 1539 2630 1612 τῷ
2666 1539 2778 1594 ἔτει
2820 1541 2951 1611 περὶ
2984 1540 3131 1610 μῆνα
3172 1538 3401 1593 Ἰούνιον
3433 1538 3655 1610 Θρήνων
3681 1539 3837 1591 ἀπαύ-

2273 1649 2415 1685 στων
2459 1629 2608 1697 ἄξιον
2653 1632 2788 1703 ἡμῖν
2818 1629 3015 1700 συνέϐη
3056 1629 3250 1695 πάθος.
3278 1612 3447 1684 Μὲτά
3496 1630 3611 1701 γὰρ
3654 1628 3838 1682 πολλῶν

581 1709 782 1780 quippe
821 1712 1193 1782 compluribus
1236 1712 1475 1771 Orientis
1504 1717 1836 1785 civitatibus,
1866 1717 2168 1772 Jerusalem

2274 1724 2369 1794 τῆς
2420 1723 2709 1794 Ἀνατολῆς
2761 1724 2970 1778 πόλεων
3016 1723 3132 1794 ἥλω
3183 1723 3279 1777 καὶ
3331 1722 3700 1793 Ἰερουσαλὴμ.
3742 1721 3838 1791 (76)

580 1798 809 1854 aPersis
834 1812 989 1872 capta
1022 1812 1125 1868 est,
1156 1805 1341 1861 multis
1376 1807 1719 1874 clericorum,
1750 1809 2167 1870 monachorum,

581 1891 1073 1949 sanctimonialium
1096 1903 1153 1949 et
1184 1896 1455 1965 virginum
1483 1898 1725 1953 millibus
1752 1898 2053 1953 trucidatis.
2076 1898 2167 1952 ln-

582 1998 809 2039 censum
879 1986 1041 2040 etiam
1095 1986 1435 2044 Dominicum
1494 1990 1834 2060 sepulcrum,
1910 1999 1967 2045 et
2029 1990 2172 2045 cele-

582 2076 817 2132 berrima
866 2078 961 2135 Dei
1009 2081 1253 2151 templa:
1289 2090 1341 2137 et
1390 2090 1452 2136 ut
1496 2083 1662 2137 verbo
1708 2084 1904 2148 dicam,
1935 2083 2169 2153 pretiosa

582 2170 763 2225 omnia
794 2172 1089 2227 destructa.
1147 2174 1466 2229 Veneranda
1508 2176 1687 2230 crucis
1731 2176 1895 2247 ligna,
1930 2191 2053 2230 cum
2081 2190 2170 2230 sa-

582 2264 690 2317 cris
712 2263 855 2319 vasis
882 2264 1185 2321 innumeris
1207 2267 1498 2336 capiuntur
1519 2284 1549 2322 a
1571 2266 1769 2332 Persis,
1802 2277 1856 2322 et
1880 2267 2173 2323 Zacharias

582 2356 895 2425 patriarcha
933 2360 1181 2429 captivus
1228 2359 1537 2415 abducitur.
1595 2360 1771 2430 Atque
1828 2361 1944 2415 haec
1989 2361 2173 2415 omnia

584 2462 694 2501 non
742 2450 909 2504 multa
957 2452 1084 2504 anni
1126 2461 1302 2521 parte,
1350 2468 1455 2508 nec
1488 2461 1602 2508 toto
1636 2468 1845 2519 mense,
1894 2452 1990 2507 sed
2031 2451 2174 2507 intra

583 2555 788 2611 paucos
822 2542 941 2597 dies
973 2544 1272 2615 contigere.

656 2632 721 2687 Et
752 2650 841 2689 xxv
880 2634 1111 2705 Gorpiaei
1141 2637 1363 2700 mensis,
1397 2637 1697 2692 secundum
1747 2636 2023 2692 Romanos
2072 2635 2175 2692 Sco

586 2728 851 2796 ptembris
885 2729 1087 2783 mensis
1114 2729 1425 2785 indictionis
1456 2746 1537 2794 ιιι,
1569 2730 1625 2783 in
1654 2730 1811 2783 tertia
1839 2728 2175 2784 Exaltatione

587 2817 814 2871 viviﬁcaa
856 2819 1003 2873 cruci
1046 2820 1259 2890 alligata
1311 2821 1623 2875 veneranda
1665 2819 1909 2891 spongia,
1954 2831 2010 2875 et
2060 2821 2175 2890 ipsa

583 2905 922 2960 coexaltatur
948 2906 1001 2960 in
1045 2907 1387 2963 sanctissima
1419 2907 1606 2981 Magna
1656 2908 1906 2971 ecclesia,
1950 2909 2115 2964 missa
2144 2925 2176 2962 a

587 2996 774 3053 Hiceta
796 2999 1046 3069 patricio.

660 3194 730 3251 Et
754 3213 919 3251 xxvm
948 3198 1368 3268 llyperberetaei,
1394 3200 1694 3255 secundum
1722 3200 1995 3255 Romanos
2019 3199 2178 3255 Octo-

592 3288 705 3344 bris
722 3290 945 3353 mensis,
977 3291 1109 3345 l'eria
1147 3310 1240 3355 vn,
1276 3308 1338 3346 ea
1369 3305 1529 3347 nocte
1556 3310 1677 3363 qua:
1702 3292 1960 3364 praecedit
1993 3291 2176 3347 Domi-

593 3380 791 3448 nicam,
840 3385 1147 3439 veneranda
1194 3386 1382 3440 lancea
1426 3400 1458 3440 e
1506 3386 1675 3441 sacris
1716 3386 1849 3441 locis
1877 3385 2037 3439 allata
2070 3392 2175 3448 est,

2272 1818 2377 1871 ὑπὸ
2406 1816 2654 1889 Περσῶν,
2681 1816 2775 1870 καὶ
2807 1815 3108 1885 σφάζονται
3138 1814 3335 1869 πολλαὶ
3382 1814 3630 1885 χιλιάδες
3664 1813 3764 1884 (Π)
3788 1816 3836 1865 ὲν

2271 1912 2409 1981 αὐτῇ
2428 1911 2473 1943 ³⁸
2507 1909 2809 1981 κληρικῶν,
2846 1907 3119 1980 μοναχῶν,
3161 1908 3517 1979 μοναστριῶν
3556 1905 3833 1978 παρθένων.

2284 1999 2663 2070 Ἐμπίπραται
2693 1999 2754 2053 τὸ
2778 1999 3108 2053 Δεσποτικὸν
3141 2000 3245 2070 μνῆ
3255 2017 3335 2070 μα
3357 2002 3458 2053 καὶ
3478 2001 3531 2054 oi
3552 1998 3837 2070 mptéorrtot

2270 2090 2365 2145 τοῦ
2392 2090 2529 2144 Θεοῦ
2562 2090 2706 2156 ναοὶ,
2738 2092 2832 2144 καὶ
2859 2090 3047 2155 ἁπλῶς
3071 2090 3251 2145 πάντα
3280 2091 3355 2145 τὰ
3394 2092 3559 2163 τίμια
3587 2091 3836 2161 καθαιρεῖ-

2270 2198 2381 2237 ται.
2419 2181 2500 2235 Τὰ
2535 2181 2805 2252 σεδάσμια
2833 2180 2929 2235 τοῦ
2972 2180 3212 2254 σταυροῦ
3239 2181 3380 2249 ξύλα
3417 2182 3519 2236 σὺν
3554 2183 3667 2245 τοῖς
3697 2181 3838 2249 ίεροῖς

2274 2274 2525 2329 σκεύεσιν
2548 2274 2945 2345 ἀναριθμήτοις
2971 2271 3123 2329 οὖσιν
3156 2275 3508 2347 λαμϐάνεται
3542 2274 3690 2345 παρὰ
3718 2274 3835 2343 Περ-

2275 2368 2405 2428 σῶν,
2426 2367 2522 2421 καὶ
2550 2367 2828 2439 Ζαχαρίας
2847 2368 2876 2419 ὁ
2892 2367 2936 2399 ³⁹
2983 2366 3332 2438 πατριάρχης
3353 2366 3471 2437 (78)
3504 2364 3659 2420 atat“
3698 2365 3834 2433 αίχμο

2273 2459 2477 2523 ἀλωτος
2509 2457 2739 2527 γίνεται.
2773 2458 2883 2511 Καὶ
2906 2457 3082 2512 ταῦτα
3110 2459 3211 2513 ούκ
3244 2461 3303 2512 ὲν
3322 2458 3513 2531 πολλῷ
3544 2458 3713 2529 χρόνῳ
3735 2456 3835 2512 οὐᾶ

2273 2553 2331 2606 ὲν
2364 2551 2471 2621 ὅλῳ
2507 2550 2657 2621 μηνὶ,
2690 2549 2804 2604 ἀλλ’
2839 2551 2897 2604 ὲν
2927 2551 3165 2622 ἡμέραις
3191 2552 3410 2620 ὀλίγαις
3442 2551 3765 2622 συμϐέϐηκε.

2349 2647 2455 2700 Καὶ
2483 2648 2549 2717 τῇ
2583 2644 2644 2698 ιδ’
2679 2644 2972 2715 Γορπιαίου
2990 2642 3057 2711 ⁸⁸,
3091 2644 3234 2698 κατὰ
3280 2643 3595 2715 Ῥωμαίους
3622 2644 3816 2710 Σεπτεμ

2274 2746 2428 2817 6ρίου
2476 2742 2663 2815 μηνὸς,
2698 2745 2796 2813 τῆς
2844 2742 3036 2813 τρίτης
3085 2742 3447 2806 ίνδικτιῶνος,
3488 2742 3547 2794 ὲν
3592 2742 3656 2810 τῇ
3701 2739 3837 2809 τρίτη

2275 2838 2480 2910 ὑψώσει
2520 2837 2631 2909 (79)
2663 2834 3002 2899 ἀποδεθεὶς⁸²
3037 2834 3149 2907 (80)
3184 2834 3263 2905 τῷ
3294 2833 3553 2905 ζωοποιῷ
3593 2831 3834 2901 σταυρῷό

2272 2929 2451 2999 τίμιος
2477 2927 2717 2996 σπόγγος
2735 2926 2781 2959 ⁸³
2805 2925 2917 2996 (Si)
2948 2927 3044 2980 καὶ
3073 2926 3237 2991 αὐτὸς
3271 2925 3607 2996 συνυψοῦται
3636 2922 3768 2990 αὑτῴ
3787 2922 3834 2972 ὲν

2278 3024 2343 3092 τῇ
2398 3020 2678 3092 ἁγιωτάτῃ
2734 3016 2963 3089 Μεγάλῃ
3028 3018 3328 3091 ἐκκλησίᾳ,
3385 3017 3662 3091 πεμφθεὶς
3706 3013 3832 3084 παρὰ

2282 3113 2497 3183 Νικήτα
2530 3110 2841 3182 πατρικίου.

2353 3206 2465 3257 Καὶ
2510 3206 2576 3274 τῇ
2621 3209 2706 3271 κη’
2731 3202 2827 3255 τοῦ
2864 3203 3339 3274 Ὑπερϐερεταίου,
3371 3204 3517 3259 κατὰ
3563 3198 3832 3270 Ῥωμαίους

2295 3295 2628 3367 Ὀκτωὸρίου
2663 3295 2853 3366 μηνὸς,
2889 3295 3072 3367 ἡμέρᾳ
3107 3296 3217 3367 (82)
3256 3296 3323 3361 ζ’,
3358 3299 3427 3369 τῇ
3461 3297 3554 3349 ἐπὶ
3580 3289 3833 3365 Κυριακὴν

2284 3388 2461 3454 νυκτὶ,
2491 3384 2693 3457 ἠνέχθη
2738 3387 2772 3455 ὴ
2817 3384 2981 3456 τιμία
3020 3385 3187 3458 λόγχη
3222 3387 3335 3457 (85)
3380 3387 3493 3442 ἀπὸ
3539 3385 3644 3440 τῶν
3687 3380 3832 3450 ἁγίων

1924 3567 2251 3625 DUCANGll
2277 3567 2509 3624 NOTAE.

667 3726 780 3795 (76)
814 3727 980 3783 ’Πλω
1034 3728 1129 3781 καὶ
1176 3724 1593 3795 Ἰερουσαλήμ.
1637 3725 1869 3780 Sarbara
1919 3730 2073 3784 duce.
2121 3728 2177 3785 Id

598 3796 652 3920 Πι
694 3814 899 3853 annum
933 3817 964 3854 v
992 3797 1223 3853 lleraclii
1249 3797 1550 3867 conjiciunt
1587 3796 1951 3867 Theophanes
1983 3809 2038 3854 et
2075 3799 2179 3855 Ce-

637 3883 819 3920 renus.

637 3883 819 3923 I‘QIIIIS.

674 3939 785 4008 (77)
819 3940 925 3993 Kal
954 3938 1279 4008 σφάζονται
1318 3937 1544 3992 πολλαὶ
1571 3936 1861 4007 χιλιάδες,
1909 3947 2015 3995 etc.
2049 3940 2179 3995 Edi-

598 4008 681 4063 dit
712 4009 1072 4065 Combeﬁsius
1095 4010 1249 4064 istius
1273 4009 1441 4063 cladis
1465 4008 1975 4079 Hierosolymitana:
2004 4009 2181 4065 Histo-

602 4080 739 4133 riam
765 4080 834 4134 ab
884 4080 1094 4134 incerto
1125 4090 1347 4135 auctore
1371 4079 1722 4147 descriptam,
1757 4079 1811 4149 in
1845 4094 1951 4149 qua
1981 4080 2175 4137 Persa-

601 4166 721 4203 rum
757 4150 1138 4206 crudelitatem
1177 4151 1231 4203 in
1255 4150 1401 4204 cives
1427 4150 1612 4219 multis
1631 4148 1889 4219 exagitat.

672 4192 805 4286 ᾗδῖ
819 4192 1478 4289 ἱξὶιΐ’ἔιὶξὲἓξ›ἱὰ’ς”ἐὲὲὶέῥ’.’
1487 4192 1896 4273 ἰὶξῗεῖἷεῐιῗι”τι“ἰῖ
1902 4192 2189 4289 θοριιεηεέ

602 4288 975 4346 ctCedrenus.
1006 4288 1188 4346 Edidit
1240 4291 1443 4359 pariter
1480 4290 1620 4343 idem
1679 4288 2041 4345 Combelisius
2074 4292 2179 4347 Za-

2275 3732 2487 3786 ratione
2561 3744 2739 3799 quove
2787 3728 2913 3799 _ritu
2964 3744 3077 3797 pra:
3128 3727 3341 3799 caeteris
3395 3728 3557 3799 docet
3616 3719 3829 3799 Andreas

2278 3790 2595 3863 Cretensis;
2611 3806 2748 3854 orat.
2780 3796 2817 3850 2
2852 3797 2906 3851 in
2942 3790 3170 3853 Exaltat.
3202 3797 3260 3851 S.
3287 3799 3491 3859 crucis,
3534 3797 3646 3849 loco
3690 3790 3826 3844 allaw

2276 3872 2328 3925 in
2361 3862 2608 3942 Append.
2636 3871 2702 3924 ad
2726 3869 2966 3924 Glossar.
2994 3869 3139 3942 med.
3174 3868 3394 3942 Graecit.
3430 3869 3487 3921 in
3514 3884 3569 3921 v.
3589 3862 3823 3942 ’Υιίιωσις-

2275 3942 2390 3997 Nec
2409 3934 3008 4010 'scrupulumumovere
3051 3939 3213 4010 debet
3241 3939 3383 4010 quod
3439 3952 3582 4010 anno
3633 3934 3824 4010 demat}!

2279 3996 2513 4067 Heraclii
2548 3996 2673 4065 inv
2705 4008 3094 4080 Hierosolymis
3122 3996 3275 4063 sacra
3307 4009 3453 4080 ligna
3480 4009 3533 4061 in
3565 4005 3741 4080 urbem
3766 3996 3822 4049 ab

2281 4083 2473 4137 eodem
2522 4082 2765 4151 Augusto
2818 4070 2984 4151 relata
3026 4078 3158 4144 sint,
3204 4070 3525 4151 cumviiisga
3560 4077 3616 4129 S.
3650 4070 3822 4151 Helena

2282 4154 2513 4220 primum
2554 4149 3045 4220 insentis,ghorum
3075 4159 3283 4218 partem
3316 4150 3384 4204 ad
3441 4149 3822 4203 Constantinum

2283 4218 2453 4278 lilium
2492 4222 2579 4277 illa
2604 4218 2885 4282 detulerit,
2918 4220 2992 4274 uti
3039 4228 3264 4273 narrant
3303 4220 3661 4289 Theophanes
3703 4221 3823 4264 anno

2283 4309 2371 4349 χχι
2410 4293 2663 4363 εῙιιειίειιι
2711 4289 3100 4363 C9ns_tantini,_
3129 4300 3185 4344 et
3216 4290 3307 4363 alii
3365 4291 3568 4363 passim
3607 4298 3704 4340 :ex
3732 4290 3821 4363 μιιξ)

603 4340 975 4417 essent?
996 4340 2038 4432 Jp'aa'ras;eamiustissima
2062 4340 2181 4418 ﬁt}-
2212 4340 2256 4397 ι)
2285 4340 3645 4432 ᾗέἰιῖἷιῗίὲῖξιῖιιειῖῐοῆίξᾟοιῖιὶιεέῂὶ-οιιιρ-ἕίῐῗιὶεέιιτιι⁸
3669 4340 3819 4432 vel"?!

608 4429 1047 4498 rosolymitanos,
1081 4447 1186 4502 qua
1220 4432 1272 4502 in
1309 4431 1410 4502 hac
1437 4429 1747 4502 calamitate
1777 4429 1918 4502 illos
1943 4432 2012 4486 ad
2048 4448 2180 4487 eon-

606 4504 857 4555 stantiam
906 4500 1174 4557 hortatur.
1230 4501 1301 4555 At
1353 4500 1696 4568 Nicephorus
1739 4500 1817 4553 ait
1872 4500 2177 4557 Modestum

607 4570 1105 4643 Hierosolymorum
1161 4571 1423 4643 Ecclesia;
1483 4580 1597 4624 tum
1668 4570 1986 4643 praefuisse,
2052 4588 2180 4628 cum

606 4640 878 4697 Chosroes
913 4644 1145 4698 Sarbaro
1175 4644 1311 4697 duce
1337 4640 1616 4695 Orientem
1642 4640 1903 4708 pervasit,
1942 4650 1999 4695 et
2032 4643 2179 4698 salu-

609 4713 740 4765 taris
776 4714 954 4768 crucis
998 4714 1212 4768 vivilica
1286 4712 1431 4781 ligna
1472 4727 1501 4763 e
1549 4710 1717 4764 sacris
1766 4710 1899 4781 locis
1937 4713 2180 4769 abstulit.

611 4782 716 4835 Sed
748 4783 815 4855 de
868 4793 1099 4855 utroque
1143 4784 1303 4855 Patr._
1332 4780 1723 4855 consulendus
1752 4780 1853 4855 vir-
1875 4782 2182 4855 eruditissi-

610 4868 731 4925 mus
756 4852 937 4925 Daniel
971 4850 1377 4925 Papebrochius
1403 4850 2180 4925 in_§erie__tti§torica_patriar-

610 4924 827 4975 charum
851 4920 1127 4991 Hieroni,
1162 4941 1219 4979 ιι.
1264 4923 1330 4978 56
1360 4932 1415 4977 et
1444 4922 1530 4985 57,
1562 4932 1599 4975 ι.
1627 4920 1692 4975 Ill
1722 4920 1867 4987 Maii,
1898 4922 2027 4977 dum
2057 4941 2182 4994 pro-

650 5008 885 5047 eramus.

612 5009 940 5133 pelgglu'si'r
984 5063 1061 5131 τῇ
1092 5066 1258 5133 τρίτῃ
1310 5063 1563 5133 ὑψώσει.
1598 5062 1801 5133 Nempe
1842 5062 1895 5116 in
1927 5062 2066 5118 festo
2118 5063 2176 5119 S.

614 5135 793 5190 crucis
844 5135 1218 5194 Exaltationis.
1260 5144 1353 5189 aut
1398 5142 1547 5188 certe
1591 5133 1731 5186 intra
1768 5133 2025 5188 Octavam
2056 5134 2180 5189 festi

615 5204 880 5273 ejusdem,
934 5205 1025 5259 illa
1055 5208 1107 5258 in
1164 5206 1399 5260 Ecclesia
1450 5203 1808 5275 exaltrabatur,
1874 5219 1937 5258 ac
1982 5205 2181 5275 populo

615 5276 890 5331 adoranda
950 5276 1336 5331 ostendebatur
1376 5292 1407 5329 a
1464 5273 1768 5345 patriarcha
1814 5292 1826 5327 :
1887 5273 1997 5344 qua
2054 5273 2181 5331 vero

2280 4418 2385 4489 hoc
2414 4434 2606 4489 saltem
2636 4433 2755 4487 loco
2777 4442 2902 4486 ante
2934 4446 2997 4485 ea
3029 4418 3198 4485 relata
3221 4431 3290 4485 ab
3320 4430 3568 4486 Heraclio
3598 4422 3713 4479 illud
3735 4418 3819 4472 ob-

2280 4505 2511 4559 tinuisse
2544 4502 2720 4573 palam
2748 4511 2850 4573 est.

2350 4575 2463 4644 (80)
2495 4568 2885 4644 Ἀξτοᾷεχθείς.
2934 4570 3068 4626 Cod.
3111 4570 3280 4626 Vatic.
3340 4568 3637 4631 ἁποδεθείς,
3682 4570 3818 4627 atque

2280 4641 2369 4699 sic
2387 4641 2817 4715 emendavimus.
2968 4712 2977 4715 _
3193 4711 3221 4715 _
3675 4703 3686 4715 ,

2358 4697 2469 4783 (81)
2519 4713 2571 4765 Ὀ
2608 4712 3163 4783 τίμιος-Λοξπόγγοςκ
3193 4711 3269 4765 De
3314 4729 3468 4767 sacra
3510 4697 3795 4783 spongian'f

2321 4768 2740 4853 endi'przeterea
2777 4768 3318 4851 'Willell'n'us'Tyrius
3344 4783 3437 4839 lib.
3470 4768 3553 4842 xx:
3719 4768 3812 4853 ἥδ

2334 4847 2632 4908 ιιοεεἨὶει.
2658 4868 2777 4921 cap.
2806 4853 2892 4913 Μ,
2944 4869 3065 4921 pag.
3101 4847 3238 4916 “’2;
3292 4847 3736 4921 Bondelmontius.
3772 4850 3814 4887 ιιι

2285 4925 2543 4993 Descript.
2599 4914 3052 4991 Constantinopoi.
3109 4934 3165 4979 et
3217 4914 3257 4977 ί.
3312 4923 3377 4978 ill
3438 4922 3574 4977 Hist.
3628 4914 3811 4970 From.

2281 5012 2334 5066 Ρ.
2354 5012 2719 5131 (ἓέῖίιιμέρᾳ.
2758 5062 2871 5119 Hoc
2898 5080 3043 5118 anno
3070 5065 3251 5121 littera
3278 5060 3619 5119 Dominicalis
3637 5042 3812 5131 erat

2354 5126 2463 5206 (35}
2513 5126 2573 5189 Ἠ
2598 5126 2759 5201 ἠρία
2781 5135 2993 5203 λόγχη.
3030 5135 3105 5190 De
3132 5150 3283 5189 sacra
3316 5135 3502 5190 lancea
3531 5126 3803 5206 ίέοιιεΨηίῘ]

2286 5182 2469 5275 no\poli
2492 5182 2764 5258 asseram
2790 5182 2879 5258 sat
2898 5182 3066 5259 “mana
3094 5206 3466 5275 congessimus
3509 5207 3561 5259 in
3600 5194 3727 5252 notis
3756 5182 3810 5238 ad

2287 5276 2603 5333 Alexiadem
2628 5278 2886 5330 Annzealu
2922 5291 2976 5345 p.
3002 5276 3125 5341 3M,
3157 5276 3261 5331 570
3287 5287 3341 5331 ct
3369 5278 3492 5331 402.

1910 5472 2141 5529 ἾΑΒΙᾹΞ
2181 5474 2587 5531 LECTIONES.

697 5634 717 5667 ³
773 5634 921 5697 ἔτους
957 5633 1015 5709 [ξ.
1092 5634 1136 5665 ³⁸
1163 5634 1310 5705 αύτῷ
1335 5632 1394 5691 Ρ.
1472 5634 1515 5668 ³⁹
1538 5637 1567 5691 ὁ
1599 5650 1709 5691 om.
1787 5634 1828 5667 ³ο
1853 5635 1943 5690 καὶ
1974 5634 2201 5691 fortasse
2259 5634 2570 5693 delendum.
2646 5638 2685 5668 “
2713 5636 3005 5708 Γορπιαίου
3040 5636 3205 5709 μηνὸς
3234 5631 3291 5687 Ρ,
3372 5631 3417 5663 ⁸²
3446 5613 3726 5692 ἀποξεχθεὶς
3751 5604 3802 5659 n-

627 5702 677 5739 ⁸³
705 5709 937 5777 σπόγγος
968 5704 1006 5759 ν
1043 5702 1338 5762 correctus.
