4096 6296
212 298 329 362 989

1410 307 1844 368 CHRONICON
1896 311 2288 373 PASCI-IALE.

3370 309 3478 371 990

208 412 414 477 τόπων,
444 411 563 477 ἑνὸς
606 413 715 467 τῶν
760 415 1087 483 ἐγγιζόντων
1130 417 1208 487 τῷ
1247 420 1542 490 καταράτῳ
1575 421 1786 475 Σαλϐάο

1903 440 2051 494 quam
2084 426 2303 495 quidam
2334 423 2619 479 familiaris
2647 422 2996 477 abominandi
3036 420 3302 485 Sarbaraz,
3349 437 3476 476 cum

206 520 279 573 ρᾳ
297 501 347 534 ⁵⁸
381 503 493 574 (84)
535 504 673 574 μετὰ
699 505 762 558 τδ
786 506 1057 577 ληφθῆναι
1095 510 1265 581 αὐτὴν
1300 512 1444 583 παρ’
1474 512 1673 575 αὐτῶν,
1699 514 1788 566 δε-

204 594 451 657 δωκότος
499 595 669 666 αὐτὴν
712 596 791 667 τῷ
828 600 1257 668 μνημονευθέντι
1289 601 1526 672 Νικήτᾳ.
1563 603 1672 656 Καὶ
1702 604 1792 655 εύ-

206 687 358 749 θέως
410 687 544 758 αὐτῇ
593 691 660 760 τῇ
697 690 947 761 Κυριακῇ
999 692 1276 765 ἐκηρύχθη
1327 696 1385 746 ἐν
1415 698 1480 765 τῇ
1513 695 1791 766 ἁγιωτάτῃ

208 778 445 850 Μεγάλῃ
487 780 751 852 ἐκκλησία
793 782 869 846 ὡς
910 784 1144 853 ἠνέχθηο
1172 786 1263 838 καὶ
1290 788 1356 857 τῇ
1390 787 1548 861 τρίτῃ
1578 789 1672 840 καὶ
1707 805 1794 841 τε·

206 870 434 939 τράδι⁵⁵
463 873 840 945 προσεκυνήθη
892 873 998 928 ὑπὸ
1042 876 1271 948 ἀνδρῶν,
1317 880 1545 954 πέμπτῃ
1590 879 1647 932 δὲ
1698 880 1794 934 καὶ

209 971 542 1039 παρασκευῇ
575 968 679 1022 ὑπὸ
708 971 1004 1037 γυναικῶν.

216 1235 277 1289 τὸ
299 1143 419 1198 Ἰνδ.
448 1150 517 1212 γ’.
558 1151 601 1197 ε’
628 1145 763 1215 (85).
808 1147 943 1217 μετὰ
989 1148 1085 1203 ὑπ.
1119 1149 1442 1223 Ἡρακλείου
1483 1152 1793 1221 Αὐγούστου

304 1237 368 1289 δ’.

304 1237 368 1291 δ’.

288 1329 401 1382 Καὶ
444 1330 552 1383 ἀπὸ
566 1330 613 1363 ⁸⁸
644 1329 725 1401 κβ⁰
751 1332 849 1385 καὶ
888 1331 1061 1404 αὐτῆς
1109 1334 1205 1388 τοῦ
1239 1336 1571 1409 Ἰανουαριου
1624 1338 1794 1408 μηνὸς

216 1424 512 1491 γράφεταυ
551 1425 666 1493 Τῆς
683 1425 1008 1494 βασιλείας
1044 1425 1396 1497 Ἡρακλείου
1433 1429 1589 1485 Νέου
1635 1434 1795 1485 Κων-

217 1516 549 1571 σταντίνου
580 1518 715 1584 ἔτος
740 1517 786 1549 ’⁵⁷
814 1523 884 1587 γ’.

289 1607 481 1676 Τούτῳ
510 1608 589 1679 τῷ
617 1608 725 1663 ἔτει
755 1610 847 1663 ἐπὶ
874 1610 1103 1682 Σεργίου
1130 1613 1473 1685 πατριάρχου
1502 1616 1793 1669 Κωνσταν-

218 1700 578 1762 τινουπύλεως
622 1700 730 1754 ἀπὸ
763 1702 861 1773 τῆς
886 1708 938 1756 α’
970 1702 1263 1773 ἑϐδομάδος
1309 1704 1418 1758 τῶν
1447 1706 1730 1775 Νηστειῶν
1749 1707 1794 1739 ⁸³

1891 515 1961 569 ab
2006 514 2073 569 iis
2114 514 2310 570 fuisset
2365 515 2562 579 ablata,
2603 512 2752 568 dedit
2796 522 3094 567 memorato
3145 512 3346 567 Niceue
3377 530 3391 566 :
3423 520 3479 566 et

1892 606 2077 660 statim
2103 623 2169 662 eo
2206 608 2323 677 ipso
2351 607 2439 661 die
2484 604 2769 660 Dominico
2806 604 2860 657 in
2895 605 3234 658 sanctissima
3290 604 3478 673 Magna

1892 697 2119 753 ecclesia
2150 699 2483 768 publicatum
2512 712 2574 752 ac
2600 698 2910 751 nuntiatum
2939 711 3056 750 eam
3084 711 3204 750 esse
3225 696 3437 749 allatam
3461 712 3477 759 ;

1892 805 1958 845 ac
1996 791 2154 845 tertia
2188 792 2386 857 deinde
2421 800 2477 846 et
2522 801 2713 861 quarta
2743 789 2876 845 feria
2911 807 2941 843 a
2973 789 3126 853 viris,
3173 789 3362 858 quinta
3383 804 3482 842 au-

1894 892 2005 938 tem
2039 894 2095 939 et
2130 894 2281 940 sexta
2326 900 2358 939 a
2384 884 2600 939 feminis
2629 891 2715 939 est
2742 884 2985 938 adorata.

1894 1063 1960 1117 A.
1990 1063 2052 1118 c.
3197 1058 3303 1128 [OL
3334 1056 3481 1129 Iph.)

1970 1155 2095 1210 645.
2124 1172 2177 1211 v.
2207 1155 2322 1210 Ind.
2352 1170 2433 1210 ιιι.
2464 1152 2593 1208 Post
2622 1169 2771 1209 cons.
2800 1151 3029 1207 Heraclii
3050 1152 3162 1205 Au-

1895 1248 2036 1318 gusti
2068 1245 2155 1301 lV.
2930 1280 2935 1287 ι
3167 1242 3222 1297 2.

1966 1339 2049 1393 Ab
2081 1339 2198 1409 ipso
2238 1356 2348 1393 xxn
2378 1338 2582 1393 mensis
2617 1336 2856 1391 Januarii
2894 1336 3003 1401 die,
3038 1336 3291 1390 scribitur
3323 1353 3335 1389 :
3367 1332 3482 1388 Im-

1896 1432 2031 1495 perii
2052 1430 2297 1485 Heraclii
2327 1430 2461 1484 Novi
2489 1429 2819 1485 Constantini
2848 1445 2987 1481 anno
3014 1444 3095 1483 ιιι.

1969 1605 2081 1661 Hoc
2108 1621 2272 1670 anno,
2311 1607 2414 1661 sub
2440 1606 2629 1677 Sergio
2676 1605 2979 1676 patriarcha
3024 1604 3484 1673 Constantinam-

1897 1697 2089 1761 litauo,
2117 1714 2147 1752 a
2184 1697 2358 1767 prima
2388 1696 2732 1765 Jejuniorum
2790 1696 3132 1752 hebdomade
3175 1695 3485 1751 indictionis

224 1790 555 1855 ἰνδικτιῶνος
580 1791 623 1845 δ’
643 1791 845 1863 ἡρξατο
864 1793 1162 1863 ψάλλεσθαι
1191 1794 1331 1866 μετὰ
1353 1796 1434 1863 τὸ,
1464 1800 1799 1851 Κατευθυν-

1903 1803 1976 1853 ιν,
2008 1788 2173 1857 coepit
2201 1787 2354 1857 psalli
2389 1796 2511 1856 post
2552 1786 2684 1841 illud
2718 1805 2731 1839 :
2760 1787 3057 1858 Dirigatur,
3091 1786 3308 1856 quando
3342 1802 3482 1855 prae-

222 1884 378 1947 θήτω
410 1885 546 1954 (86),
579 1886 638 1938 ὲν
660 1884 741 1957 τῷ
769 1886 947 1959 καιρῷ
965 1887 1060 1941 τοῦ
1090 1888 1407 1956 εἰσάγεσθαι
1435 1888 1503 1943 τά
1532 1906 1799 1961 προηγια-

223 1978 400 2045 σμένα
428 1976 581 2048 δῶρα
610 1979 691 2041 εἰς
720 1980 780 2032 τὸ
808 1979 1193 2052 θυσιαστήριον
1220 1981 1330 2036 άπὸ
1353 1981 1449 2035 τοῦ
1473 1982 1798 2052 σκευοφυλα-

222 2070 344 2122 κξου
386 2071 525 2139 μετὰ
571 2070 633 2124 τὸ
672 2073 845 2125 εἰπεῖν
872 2074 964 2126 τὸν
992 2074 1163 2145 ἱερέα,
1200 2093 1219 2126 ι
1252 2074 1413 2129 Κατὰ
1452 2074 1551 2146 τὴν
1592 2074 1801 2145 δωρεὰν

223 2162 318 2215 τοῦ
344 2163 583 2233 Χριστοῦ
617 2180 734 2229 σου,
760 2184 779 2218 ι
812 2165 1014 2231 εύθέως
1040 2165 1268 2239 ἄρχεται
1300 2170 1329 2221 ὁ
1352 2167 1478 2231 λαός
1503 2183 1517 2197 ·
1554 2186 1573 2219 ι
1600 2167 1716 2221 Νῦν
1740 2169 1799 2220 αἰ

222 2254 485 2324 δυνάμεις
516 2255 625 2310 τῶν
650 2257 894 2328 οὐρανῶν
920 2260 1019 2313 σὺν
1056 2260 1188 2331 ἡμῖν
1215 2259 1391 2333 386
1424 2260 1669 2332 ἀοράτως
1706 2259 1803 2314 λα-

221 2348 545 2417 τρεύουσιν·
606 2349 714 2404 ἰδοὺ
763 2350 871 2422 γάρ
921 2351 1297 2424 εἰσπορεύεται
1346 2356 1375 2407 ὁ
1422 2352 1677 2423 βασιλεὺς
1700 2354 1800 2423 τῆς

222 2440 401 2510 δόξης.
425 2441 555 2496 Ἰδοὺ
602 2441 762 2496 θυσία
799 2445 1035 2515 μυστικὴ
1062 2444 1460 2515 τετελειωμένη
1488 2446 1801 2517 δορυφορεῖ-

222 2548 313 2585 ται
329 2534 377 2565 ⁸⁸
413 2533 554 2604 (87)·
582 2534 764 2588 πίστει
801 2536 897 2589 καὶ
926 2536 1075 2609 φόϐῳ
1106 2537 1511 2609 προσέλθωμεν,
1542 2540 1627 2595 ἵνα
1651 2540 1803 2609 μέτο-

223 2639 310 2692 χοι
336 2623 485 2692 ζωῆς
527 2626 742 2679 αἰωνίου
800 2625 1106 2697 γενώμεθα.
1142 2628 1455 2699 ’Δλληλούῖα
1482 2630 1551 2683 ⁸ο.
1584 2648 1603 2681 ι
1634 2629 1803 2682 Τοῦτο

222 2714 282 2766 δὲ
320 2716 383 2769 οὐ
435 2716 594 2784 μόνον
634 2717 693 2771 ἐν
737 2720 859 2781 ταῖς
890 2720 1167 2790 νηστείαις
1201 2720 1658 2791 προηγιασμένων
1689 2719 1799 2791 (88)

226 2806 601 2876 εἰσαγομένων
627 2808 672 2840 ⁸³
719 2807 1001 2877 ψάλλεται,
1034 2809 1172 2864 ἀλλὰ
1212 2811 1309 2865 καὶ
1352 2812 1412 2863 ὲν
1453 2809 1640 2873 ἄλλαις
1664 2810 1801 2881 ἡμι-

226 2912 370 2966 ραις,
403 2898 594 2961 ὁσάκις
631 2897 755 2952 ἆν⁵¹
793 2900 1215 2971 προηγιασμένα
1245 2900 1463 2971 γενηται
1485 2902 1553 2957 ⁸³.

295 2989 487 3061 Τούτῳ
533 2989 612 3060 τῷ
653 2989 762 3044 ἔτει
798 2992 1024 3060 γέγονεν
1067 2991 1175 3046 ἀπὸ
1224 2992 1394 3063 νόμου
1437 2992 1682 3063 νόμισμα
1714 2990 1803 3058 ἐξ·

224 3081 521 3151 ἁγραμμον
557 3082 667 3153 (89)
704 3083 1002 3155 ἀργυροῦν,
1042 3085 1138 3138 καὶ
1191 3084 1470 3155 βασιλικαὶ
1520 3086 1678 3157 ρόγαι
1724 3084 1803 3139 δι’

1900 1875 2234 1932 sanctiﬁcata
2279 1876 2420 1931 dona
2467 1876 2523 1929 in
2563 1876 2733 1931 altare
2781 1891 2847 1930 ex
2900 1875 3311 1946 scevopbylacio
3349 1874 3487 1929 infe-

1900 1976 2115 2031 runtur,
2138 1978 2421 2039 postquam
2434 1968 2569 2024 dixit
2581 1968 2842 2040 pontifex,
2854 1968 3047 2038 «juxta
3066 1969 3267 2024 donum
3283 1967 3485 2025 Christi

1901 2060 2001 2125 tui,
2034 2079 2056 2115 ι
2076 2062 2258 2116 statim
2276 2061 2463 2132 incipit
2478 2061 2743 2132 populus:
2769 2081 2787 2113 ‹
2809 2060 2967 2116 Nunc
2983 2060 3209 2115 virtutes
3225 2061 3485 2116 caalorum

1900 2153 2185 2208 nobiscum
2206 2154 2553 2209 invisibiliter
2579 2153 2835 2208 adorant.
2881 2152 3016 2208 Ecce
3050 2153 3349 2224 ingreditur
3373 2144 3487 2208 Rex

1902 2245 2101 2317 gloriae.
2124 2245 2264 2300 Ecce
2287 2244 2608 2300 sacriﬁcium
2633 2244 2918 2315 mysticum
2937 2243 3233 2315 perfectth
3258 2244 3483 2298 solemni

1901 2353 2098 2408 pompa
2144 2336 2390 2401 atfertur,
2425 2336 2480 2391 in
2526 2336 2632 2392 ﬁde
2668 2346 2724 2392 et
2768 2349 3005 2391 tremore
3050 2337 3393 2401 accedamus,
3426 2344 3489 2391 ut

1901 2429 2190 2499 participes
2211 2427 2512 2482 efﬁciamur
2530 2428 2654 2483 vitae
2672 2437 2909 2482 aeternae.
2927 2427 3174 2481 Alleluia.
3201 2447 3220 2479 ι
3250 2427 3360 2482 Hoc
3376 2443 3487 2483 non

1900 2522 2076 2576 solum
2098 2521 2157 2583 in
2183 2519 2404 2590 jejuniis
2427 2518 3000 2589 praesanctiﬁcatorum
3028 2519 3265 2584 canitur,
3298 2520 3393 2575 sed
3433 2532 3489 2575 et

1900 2614 2020 2669 aliis
2044 2622 2305 2684 praeterea
2324 2612 2539 2675 diebus,
2570 2611 3001 2683 quotiescunque
3038 2612 3491 2683 praesanctiﬁcata

1903 2705 2059 2761 ﬁunt.

1972 2996 2087 3051 Hoc
2102 3011 2263 3059 anno,
2284 2995 2400 3066 lege
2420 2996 2547 3060 lata,
2581 3010 2840 3050 nummus
2867 3002 3157 3065 argenteus
3171 3009 3261 3049 sex
3281 2993 3492 3063 scripu-

1904 3084 2078 3140 lorum
2110 3100 2274 3139 cusus
2294 3093 2397 3146 est,
2419 3100 2526 3154 quo
2558 3085 2763 3139 nummi
2780 3099 2977 3153 genere
3008 3083 3162 3138 facta:
3182 3091 3309 3137 sunt
3326 3082 3491 3152 largi-

226 3172 392 3224 αὒτοῦ
427 3173 682 3241 γεγόνασι
710 3175 806 3227 καὶ
832 3176 972 3229 κατὰ
1000 3174 1061 3229 τὸ
1087 3176 1258 3245 ἥμισυ
1284 3177 1384 3245 τῆς
1412 3177 1792 3247 ἀρχαιότητος.

1903 3178 2077 3232 tiones
2116 3177 2493 3247 imperatoria,
2526 3178 2751 3246 ipseque
2796 3178 2861 3230 ad
2914 3175 3195 3230 semissem
3242 3184 3489 3229 veterum

226 3259 334 3310 Καὶ
366 3258 596 3329 ἔξαρχος
621 3260 715 3314 τοῦ
739 3261 970 3332 Πέρσου,
998 3263 1330 3334 καλούμενος
1364 3267 1509 3335 Σαὴν
1538 3267 1673 3337 (90),
1693 3266 1799 3324 ἕως

1904 3283 2269 3322 nummorum.
2294 3266 2576 3321 Persarum
2606 3282 2734 3321 vero
2763 3266 2904 3335 regis
2918 3264 3205 3327 esarcbus,
3238 3262 3378 3316 Saen
3391 3275 3491 3316 vo-

226 3352 396 3423 αὺτῆς
428 3353 772 3425 Χαλκηδόνος
801 3352 965 3427 ἦλθεν
993 3356 1089 3412 καὶ
1120 3358 1212 3411 ἐπὶ
1236 3357 1306 3411 τὰ
1337 3356 1479 3429 μέρη
1512 3358 1799 3428 Χρυσοπό-

1907 3367 2080 3424 catus,
2131 3358 2198 3413 ad
2252 3358 2425 3427 ipsam
2473 3372 2645 3428 usque
2689 3356 3111 3419 Cbalcedonem,
3170 3362 3225 3407 et
3264 3353 3322 3406 in
3354 3351 3494 3408 ﬁnes

1523 3533 1852 3592 DUCANGll
1911 3534 2139 3593 NOTAE.

298 3686 411 3755 (84)
466 3686 755 3760 Σρρὄαρα.
795 3686 1049 3760 Σάλϐαρα
1081 3688 1393 3760 legendum,
1419 3696 1482 3743 ut
1520 3689 1658 3744 infra
1694 3690 1797 3744 sub

1974 3689 2084 3761 (87)
2104 3689 2561 3761 ίΔορυφορεῒται.
2594 3690 2669 3745 Ita
2702 3690 2824 3746 cod.
2857 3689 3027 3746 Vatic.
3055 3688 3347 3760 Perperam
3382 3689 3483 3743 ιιι».

227 3772 357 3829 anu.
384 3773 471 3810 xvi
502 3757 740 3829 Heraclii
768 3775 780 3811 :
816 3757 1094 3829 Σάλϐαρον
1131 3757 1404 3815 interdum
1436 3771 1592 3814 vocat
1617 3760 1797 3813 Theo-

1902 3759 2072 3816 derusr
2095 3760 2484 3830 δωροφορείται
2518 3761 2780 3815 ediderat.

271 3828 464 3909 banes,
497 3828 768 3909 interdum
795 3828 1145 3909 Σαρδαραζᾶ,
1176 3839 1243 3909 .ut
1264 3847 1376 3909 x_vn
1409 3829 1666 3909 Heraclii,
1703 3831 1794 3909 ubi

262 3900 316 3959 ὰ,
350 3898 439 3950 vel
473 3898 562 3972 aa,
600 3907 685 3952 est
714 3898 918 3972 nomen
944 3898 1241 3970 dignitatis,
1278 3902 1346 3956 de
1372 3916 1478 3970 qua
1503 3901 1709 3972 egimus
1740 3901 1793 3955 in

228 3977 461 4033 utroque
490 3968 785 4024 Glossario.

300 4037 415 4160 (85)
450 4037 580 4092 ’1νδ.
614 4035 683 4105 γ’,
716 4045 780 4093 ε’.
812 4038 869 4093 1η
900 4040 1047 4094 hunc
1093 4056 1293 4095 annum
1338 4058 1389 4094 ν.
1428 4039 1661 4095 Heraclii
1701 4041 1795 4097 de-

300 4110 359 4160 til.
408 4107 574 4160 irevis
606 4117 909 4160 temporum
955 4108 1228 4160 Exnositio
1280 4109 1463 4160 Melliti
1513 4128 1615 4160 ms.
1644 4127 1795 4160 auem

228 4110 359 4180 sinit
390 4107 574 4180 brevis
606 4117 909 4178 temporum
955 4108 1228 4179 Expositio
1280 4109 1463 4165 Melliti
1513 4128 1615 4164 ms.
1644 4127 1805 4180 quem

230 4178 277 4231 is
298 4178 374 4231 ait
397 4177 571 4231 fuisse
600 4177 801 4232 annum
835 4195 865 4233 a
908 4177 1095 4235 mundi
1121 4179 1345 4234 exordio
1388 4177 1803 4236 v.uocccxivm.

297 4248 412 4316 (86)
450 4252 935 4320 Katsoayroritw.
965 4248 1099 4305 Vide
1142 4250 1807 4320 Liturgiamprzesanctiﬁ-

229 4328 476 4390 calorum
502 4318 643 4390 apud
672 4318 910 4390 Goarum
935 4321 990 4373 in
1032 4318 1328 4390 Eucholog'.
1367 4337 1421 4390 p.
1456 4318 1552 4374 l9!
1585 4331 1641 4375 et
1674 4322 1801 4377 204.

232 4388 367 4461 Hinc
393 4389 617 4461 conﬁcit
645 4389 871 4461 Allatius
897 4391 952 4444 in
984 4388 1331 4461 Syntagmate
1370 4388 1583 4461 ‘dehac
1616 4391 1801 4461 missa,

230 4474 285 4511 ιι.
324 4458 417 4519 20,
458 4462 513 4511 in
549 4458 813 4527 ejusmodi
845 4458 1061 4529 liturgia
1089 4458 1360 4515 nonnulla.
1404 4460 1569 4515 fuisse
1597 4460 1800 4525 addita,

231 4532 475 4600 detracta
499 4538 555 4583 et
592 4531 872 4600 immutata
905 4548 935 4585 ιι
968 4531 1384 4585 recentioribus.
1416 4530 1600 4600 Neque
1633 4532 1800 4597 enim,

232 4608 291 4652 ut
330 4599 476 4672 idem
522 4599 726 4672 subdit,
757 4609 879 4669 post
914 4600 993 4663 τὸ,
1022 4601 1458 4672 κατευθυνθήτω,
1505 4599 1807 4670 sequuntur

231 4670 480 4742 proxime
530 4670 645 4742 haec
674 4672 837 4742 verba
876 4672 1193 4742 sacerdotis,
1240 4670 1383 4726 κατά
1428 4673 1525 4742 τὴν
1554 4672 1761 4742 δωρεάν
1786 4688 1802 4703 ·

232 4739 432 4811 sedet
485 4740 653 4793 multa
697 4740 1255 4811 aliainterjiciuntur.
1320 4739 1590 4802 Secundo.
1635 4739 1805 4811 'quod

232 4810 485 4878 psallitur
518 4825 547 4882 a
578 4810 781 4882 populo
811 4810 864 4864 in
894 4812 1082 4866 eadem
1114 4811 1348 4882 liturgia,
1384 4828 1492 4865 non
1537 4822 1620 4867 est
1667 4810 1806 4867 inte-

232 4895 413 5002 grum,
437 4880 534 4933 sed
560 4890 681 4948 post
697 4880 796 4949 τῆς
820 4882 977 4950 δόξης
999 4883 1175 4951 posito
1216 4880 1550 4951 ’Ᾱλληλούῖα,
1607 4893 1802 4938 caetera

271 4958 455 5002 esunt.
483 4949 691 5002 Tertio.
731 4951 782 5002 in
814 4954 1004 5002 eadem
1050 4952 1263 5002 lituraia
1300 4954 1549 5002 sacerdos
1573 4957 1802 5002 assumit

271 4958 455 5003 esunt.
483 4949 691 5011 Tertio,
731 4951 782 5003 in
814 4949 1014 5006 eadem
1050 4952 1263 5019 Iiturgia
1300 4949 1549 5007 sacerdos
1573 4957 1803 5008 assumit

234 5029 460 5093 sancta,
480 5030 536 5074 et
568 5021 621 5072 in
642 5020 813 5093 altare
847 5021 1124 5093 transfert,
1169 5033 1290 5092 post
1335 5025 1616 5077 decantata
1640 5040 1803 5093 supe-

234 5088 376 5162 riora
406 5089 500 5162 illa
543 5089 708 5162 verba
763 5107 791 5145 a
846 5092 1081 5162 populo,
1124 5088 1185 5147 et
1220 5103 1501 5162 postquam
1552 5088 1805 5149 sacerdos

235 5159 392 5221 dixit,
428 5158 577 5213 Sicut
604 5160 746 5228 ﬁlius
772 5158 1039 5233 prodigus.
1070 5162 1140 5216 At
1173 5158 1233 5215 in
1272 5158 1540 5233 Chronico
1572 5166 1804 5217 transfe-

237 5239 437 5355 mng:
484 5246 660 5297 sacra,
706 5248 830 5288 cum
884 5232 1115 5304 pOpulus
1163 5232 1441 5303 praafatam
1502 5236 1640 5289 oden
1715 5236 1806 5289 de-

239 5313 338 5353 can
430 5340 446 5355 .

239 5313 446 5355 (ἎΠυη.

1973 3831 2085 3899 (88)
2126 3828 2404 3895 Ἐντὰῑς
2440 3832 2749 3897 νηστείαις
2804 3828 3495 3901 προηγιασμένωνονρυιι-

1900 3899 2216 3970 dragesima:
2256 3901 2451 3955 diebus
2501 3902 2761 3970 (exceptis
2795 3901 3045 3955 Sahbatis
3089 3899 3145 3957 et
3181 3900 3491 3964 Dominicis,

1900 3971 2098 4041 quibus
2139 3971 2406 4041 jejunium
2456 3972 2671 4041 solvunt
2721 3970 2924 4034 Graeci,
2965 3981 3033 4041 et
3066 3970 3495 4041 Annuntiatione

1948 4041 2167 4110 eiparge,
2211 4041 2263 4093 in
2294 4040 2495 4108 quibus
2536 4040 2716 4110 τελεία
2766 4040 3051 4109 προσφορὰ
3089 4040 3391 4107 conﬁcitur)
3428 4055 3491 4093 es

1909 4108 2033 4163 can'.
2081 4108 2340 4163 Trullano
2381 4110 2481 4171 52,
2540 4109 2609 4161 τὰ
2662 4108 3080 4179 προηγιασμένα
3134 4110 3496 4166 conﬁciuntur

1907 4181 2050 4249 apud
2081 4180 2304 4262 graecos
2330 4196 2345 4232 :
2376 4180 2588 4262 caeteris
2633 4179 3006 4262 vero-diebus,
3042 4181 3212 4262 etiam
3242 4182 3324 4262 ,εν
3366 4182 3487 4262 ταῖς

1908 4251 2180 4320 νηστείαις
2226 4250 2334 4302 τῶν
2371 4250 2719 4301 Δεσποτικῶν
2762 4250 2987 4318 ἑορτῶν,
3032 4252 3065 4319 ἡ
3115 4251 3207 4303 τοῦ
3242 4250 3495 4329 Μεγάλου

1908 4319 2194 4390 Βασιλείου
2238 4318 2561 4390 Λειτουργία
2596 4318 2845 4390 τελεῖται,
2881 4329 2940 4390 ut
2970 4330 3054 4373 est
3097 4323 3151 4373 in
3184 4320 3386 4390 Typtco

1907 4390 2084 4444 Saba}.
2132 4389 2366 4455 Quinam
2413 4388 2579 4458 igitur
2620 4388 2693 4441 illi
2745 4389 2834 4441 alii
2881 4389 2998 4443 dies
3052 4388 3393 4449 exstiterint,
3440 4389 3495 4441 in

1905 4460 2102 4529 quibus
2127 4460 2243 4514 haec
2270 4460 2711 4529 przesanctiﬁcata
2742 4458 2881 4513 facta
2908 4459 3100 4513 scribit
3123 4470 3311 4514 auctor
3329 4458 3498 4512 Chro-

1903 4530 2032 4594 nici,
2066 4530 2249 4584 nescio
2297 4544 2366 4582 an
2398 4529 2592 4598 aliquis
2627 4529 2979 4595 indicaverit,
3023 4530 3126 4584 nisi
3164 4529 3230 4583 ad
3264 4546 3325 4583 ea
3365 4546 3499 4598 προ-

1902 4602 2215 4670 ηγιασμένα
2247 4601 2566 4669 respexerit,
2587 4616 2706 4668 quae
2728 4600 2793 4653 ad
2818 4599 3025 4669 aliquas
3054 4608 3221 4654 statas
3244 4615 3499 4670 ueremn-

1902 4671 2022 4725 nias
2070 4669 2446 4732 Servabantur,
2480 4672 2547 4725 de
2596 4671 2792 4740 quibus
2831 4671 3076 4740 quaedam
3125 4671 3402 4740 attigimus
3437 4669 3491 4722 in

1903 4740 2082 4796 Gloss.
2098 4741 2243 4795 med.
2275 4740 2489 4795 Graecit.
2509 4742 2563 4794 in
2587 4739 2687 4795 hac
2707 4739 3039 4795 voce.Porro
3061 4750 3182 4810 post
3198 4739 3497 4810 προηγιασ-

1906 4812 2103 4884 μένων,
2144 4812 2291 4865 addit
2323 4810 2637 4884 Holstenius
2667 4811 3049 4884 εἰσαγομένων.

1940 4884 2084 5004 _l(8.9)
2111 4884 2401 5004 Ιίνίξμισμα
2420 4881 2815 4952 ἐξάψαμμον.
2839 4879 2975 4935 Vide
2998 4880 3172 4937 Gloss.
3192 4880 3335 4936 med.
3358 4879 3505 4935 Grat-

1940 4969 1952 5004 l
1984 4991 1998 5004 .
2023 4969 2078 5004 tn
2157 4969 2368 5004 βάμμα.

1984 4991 1998 5005 .
2023 4969 2078 5005 ιιι
2111 4969 2132 5004 ι
2157 4969 2368 5005 nauita.

1906 4962 1998 5007 cit.
2023 4962 2078 5006 ιιι
2111 4962 2368 5036 ι’ράμμα.

1978 5023 2087 5093 (90)
2127 5025 2308 5086 Σαην.
2356 5020 2433 5093 lta
2483 5020 3088 5093 ΤὶιεοριιιιιιεεηΣαττον
3140 5030 3298 5093 vocat
3330 5019 3492 5093 Nice-

1906 5090 2661 5163 phOrusConstantinopoliL,
2689 5092 2777 5163 ubi
2803 5091 3128 5163 colloquium
3159 5090 3499 5159 imperatoris

1907 5161 1963 5217 et
2008 5163 2139 5217 Saiti
2194 5163 2441 5232 pluribus
2485 5162 2765 5232 describit.
2802 5161 2858 5215 ld
2904 5178 3065 5231 porro
3106 5162 3161 5215 in
3212 5176 3413 5215 annum
3446 5176 3498 5214 vt

1905 5233 2138 5289 Heraclii
2177 5229 2352 5302 rejicit
2387 5232 2528 5285 idem
2555 5229 2941 5301 Theophanes.

1530 5483 1761 5540 VARle
1796 5482 2201 5539 LECTIONES.

319 5662 365 5693 δδ
391 5662 653 5733 Σάρδοιρα
676 5662 738 5733 Ρ.

852 5665 897 5693 ³³
928 5665 1162 5736 τετάρτῃ
1195 5666 1253 5719 Ρ.

1368 5666 1409 5697 ⁵⁸
1438 5666 1529 5719 καὶ
1578 5666 1704 5719 ἀπὸ.
1740 5666 1846 5719 ἀπὸ
1875 5666 1934 5720 Ρ.

252 5730 297 5763 ⁸⁸
326 5723 639 5788 ἀλλαξλούῗα
676 5723 743 5786 νζ
815 5733 856 5765 ⁵¹
881 5723 1247 5806 εἰσαγομένων
1271 5755 1378 5791 υιιι.
1416 5737 1472 5791 ι».
1548 5737 1593 5768 ⁸³
1620 5756 1683 5791 ιν
1711 5754 1817 5792 υιιι.
1851 5735 1917 5803 R,
1943 5736 2094 5795 uncis
2125 5723 2349 5795 includit
2389 5735 2449 5793 Ρ.
2526 5737 2570 5768 ⁵³
2594 5723 2798 5803 γίνεται
2824 5724 2932 5788 PV.

2046 5666 2088 5697 "
2122 5668 2274 5731 ἔτους
2300 5666 2360 5721 Ρ.
2474 5666 2517 5699 ⁸⁸
2543 5665 2753 5735 vna:th
2777 5665 2841 5735 li.

2946 5664 2989 5696 ⁸³
3014 5662 3398 5734 δωροφορεῖται
3427 5659 3491 5715 Β.
