4096 6296
659 238 764 303 991

1850 246 2281 309 CHRONICON
2330 249 2732 312 PASCHALE.
3792 254 3876 314 99?.

654 356 1053 427 Chrysopoleos‘
1092 363 1146 412 et
1189 354 1418 413 Meconii
1469 357 1655 425 venit,
1711 374 1835 415 cum
1875 363 1929 417 in
1995 363 2243 433 opposita

2271 368 2317 425 Α
2344 362 2478 426 λεως
2500 364 2567 418 ⁵⁸.
2602 362 2712 415 Καὶ
2742 359 2837 415 τοῦ
2872 342 3159 433 Κηκωνίου
3178 361 3222 394 ⁸⁸
3251 359 3368 431 (9i)
3406 360 3503 415 καὶ
3536 362 3613 425 είς
3638 362 3729 433 τὴν
3757 366 3875 420 ἀντι.

656 450 862 505 civitati
893 452 1112 521 regione
1143 466 1174 505 a
1214 453 1417 522 populo
1444 452 1881 522 conspiceretur.
1917 454 2084 511 Donis
2121 472 2251 512 vero

658 554 721 592 ac
750 542 1071 595 muneribus
1113 543 1351 610 acceptis
1381 541 1449 597 ab
1487 543 1819 613 imperatore
1839 544 2114 611 lleraclio,
2151 546 2251 604 hac

658 627 726 680 de
750 642 915 682 causa
969 629 1186 701 navigio
1230 628 1661 685 Chalcedonensi
1729 634 1906 702 portui
1962 635 2252 704 appropin-

658 728 896 788 quante,
953 721 1177 784 recessit
1228 739 1243 775 :
1295 721 1598 791 pollicitus,
1651 723 1693 778 si
1742 725 1905 794 aliqui
1951 742 2013 779 ex
2050 726 2248 781 nostris

658 807 727 860 ad
758 806 1058 863 Chosroem
1112 809 1269 881 legati
1312 810 1700 878 mitterentur,
1752 829 1941 883 pacem
1984 814 2246 870 futuram.

660 895 915 966 Missique
963 915 993 953 e
1045 901 1245 954 nostris
1303 901 1462 971 legati
1518 910 1661 967 tres,
1700 902 1981 975 Olympius
2038 907 2249 963 scilicet

663 989 954 1057 praefectus
1001 992 1289 1060 praetorio,
1344 992 1606 1047 Leontius
1650 994 1940 1063 praefectus
1985 998 2141 1063 urbi,
2193 1006 2248 1053 et

659 1080 981 1135 Anastasius
1014 1081 1369 1136 sanctissima:
1408 1080 1613 1152 Magnae
1643 1084 1887 1139 ecclesia:
1930 1085 2245 1142 Constanti-

660 1172 986 1241 nopolitanae
1029 1174 1327 1244 presbyter,
1374 1174 1634 1229 litterasa
1663 1177 2003 1246 principibus
2046 1180 2246 1235 nostris

660 1266 889 1333 scriptas
933 1265 1000 1320 ad
1038 1264 1146 1320 Deo
1212 1266 1444 1327 invisum
1484 1266 1767 1325 Chosroen
1813 1270 2141 1338 deferentes,
2188 1272 2243 1327 in

667 1355 808 1409 hanc
835 1354 1005 1411 ferme
1032 1357 1356 1412 sententiam
1392 1372 1406 1411 :

738 1568 757 1601 ι
794 1549 895 1615 Qui
938 1551 1118 1605 omnia
1159 1554 1381 1615 creavit,
1428 1562 1483 1607 et
1523 1568 1619 1608 sua
1676 1553 1917 1625 potentia
1967 1554 2236 1617 continet.

666 1639 835 1705 Deus,
870 1658 967 1696 sua
1011 1644 1251 1700 bonitate
1298 1646 1518 1717 dignum
1548 1662 1746 1701 munus
1773 1648 2011 1703 humano
2052 1648 2237 1717 generi

662 1734 912 1799 contulit,
968 1736 1181 1803 imperii
1242 1712 1446 1791 scilicet
1493 1738 1909 1805 providentiam,
1959 1712 2078 1808 qna—
2115 1740 2239 1795 vita:
2271 1712 2312 1767 Β

661 1825 944 1890 securitas,
977 1827 1101 1881 etsi
1144 1827 1197 1880 in
1228 1827 1433 1897 aliquas
1461 1830 1809 1885 difﬁcultates
1861 1831 2100 1885 incidere
2138 1846 2239 1886 nos

660 1915 966 1986 contigerit,
995 1919 1203 1973 medela
1228 1920 1385 1977 nobis
1404 1932 1744 1990 procuratur.
1770 1922 1849 1977 Ad
1878 1923 1979 1977 hoc
1994 1924 2240 1978 divinum

658 2021 877 2070 munus,
908 2010 1114 2079 regiam
1158 2011 1365 2067 scilicet
1398 2014 1813 2083 providentiam,
1848 2025 2237 2085 respectantes,

658 2112 771 2166 pra:
807 2101 1018 2175 cunctis
1046 2102 1299 2156 omnibus
1344 2102 1665 2158 immensam
1722 2113 1956 2159 vestram
2001 2106 2240 2161 clemen-

659 2190 789 2245 tiam
816 2192 1197 2263 deprecamur,
1224 2196 1301 2250 uti
1324 2196 1538 2250 veniam
1570 2196 1730 2251 nobis
1758 2197 2009 2269 dignetur
2037 2200 2242 2269 imper-

660 2283 767 2350 tiri,
819 2286 862 2339 si
910 2296 1107 2357 prazter
1169 2287 1365 2357 prioris
1420 2288 1731 2358 reipublicae
1773 2299 1945 2345 status
1979 2292 2240 2347 rationem

659 2375 760 2430 hac
788 2379 1131 2449 suggestione
1175 2396 1301 2451 erga
1344 2390 1579 2436 vestram
1615 2383 1949 2451 majestatem
2004 2394 2240 2439 utamur.

657 2466 843 2538 Neque
872 2471 1015 2525 enim
1066 2472 1397 2541 ignoramus,
1438 2475 1726 2544 praeteritis
1753 2476 2090 2546 temporibus
2123 2492 2242 2532 eam

658 2559 961 2616 obtinuisse
1005 2564 1481 2627 consuetudinem.
1516 2576 1574 2621 ut
1603 2566 1749 2622 inter
1772 2576 2059 2638 utramque
2100 2584 2246 2623 rem—

658 2653 932 2721 publicam
970 2666 1147 2710 enatae
1181 2658 1587 2723 controversiae,
1622 2660 1690 2713 ab
1721 2660 2005 2731 utriusque
2038 2660 2245 2731 princi-

661 2744 820 2813 pibus
852 2786 867 2809 ,
899 2748 1108 2802 mutuis
1136 2748 1370 2806 invicem
1400 2750 1556 2805 factis
1586 2752 1988 2817 collationibus,
2022 2755 2245 2809 dirime-

660 2845 904 2892 rentur:
961 2854 1122 2908 quam
1179 2841 1399 2910 quidem
1464 2843 1677 2914 infregit
1744 2844 1974 2899 Romani
2033 2843 2245 2915 imperii

660 2927 943 2984 insidiator
970 2929 1159 2990 Focas.
1189 2932 1457 3003 Corrupto
1479 2935 1623 2989 enim
1650 2935 1704 2989 in
1735 2934 1966 2993 Thracia
1999 2936 2246 2991 Romano

2354 441 2525 524 πέρας
2549 453 2823 508 ὲϐλέπετο.
2856 453 2967 507 Καὶ
2996 452 3175 506 λαϐὼν
3195 453 3347 523 δῶρα
3377 454 3528 522 παρα
3549 453 3640 506 τοῦ
3658 454 3877 525 βασιλέως

2364 545 2682 617 Ἡρακλείου
2733 545 2799 598 δι’
2830 544 3083 598 ἑαυτοῦ³⁶
3112 542 3224 613 (92)
3260 545 3321 596 ὲν
3357 543 3563 609 πλοίοις
3610 547 3880 614 ἐγγίσαντος

2350 638 2427 708 τῷ
2467 637 2648 705 λιμένι
2682 638 3021 708 Χαλκηδόνος
3050 636 3425 707 ἀνεχώρησεν,
3458 638 3879 709 ἐπαγγειλάμενος

2350 730 2431 782 ὅτι
2460 729 2555 781 ἐὰν
2585 728 2908 798 πεμφθῶσιν
2934 729 2991 794 ἐξ
3017 729 3173 799 ἡμῶν
3204 729 3286 791 είς
3315 727 3614 800 πρεσϐείαν
3631 730 3753 799 πρὸς
3776 732 3880 784 X06-

2348 821 2510 894 δρόην
2527 822 2572 853 ⁸⁷
2622 822 2790 885 τινὲς,
2843 822 3033 892 εἰρήνη
3080 821 3309 889 γίνεται.
3371 821 3485 874 Καὶ
3527 821 3589 891 δὴ
3638 821 3880 894 ἐπέμφθη-

2350 914 2506 967 σαν⁵⁸
2558 913 2667 985 (95)
2713 913 2771 980 ἐξ
2824 914 2983 984 ἡμῶν
3036 912 3375 984 πρεσϐευταὶ
3430 914 3599 983 τρεῖς,
3647 914 3879 967 τουτέστιν

2360 1005 2653 1074 Ὀλύμπιος
2686 1006 2795 1075 (94)
2837 1005 3075 1076 ἔπαρχος
3124 1004 3505 1075 πραιτωρίων,
3536 1003 3626 1056 καὶ
3670 1005 3880 1068 Λεόντιος

2346 1098 2585 1171 ἔπαρχος
2620 1099 2849 1164 πόλεως,
2890 1100 2985 1153 καὶ
3017 1098 3371 1161 Ἀναστάσιος
3399 1096 3513 1166 (95)
3558 1096 3879 1167 πρεσϐύτερος

2344 1190 2445 1259 τῆς
2504 1189 2646 1244 κατά
2689 1189 3257 1244 Κωνσταντινούπολιν
3306 1188 3623 1257 ἁγιωτάτης
3664 1189 3879 1257 Μεγάλης

2345 1280 2663 1352 ἐκκλησίας,
2695 1280 3081 1351 ἐπιφερόμενοι
3125 1280 3223 1334 καὶ
3255 1278 3584 1349 ἀποκρίσεις
3622 1278 3878 1351 γραφείσας

2344 1374 2452 1427 ἀπὸ
2488 1374 2599 1428 τῶν
2633 1373 2910 1445 ἀρχόντων
2953 1373 3111 1444 ήμῶν
3139 1372 3278 1442 πρὸς
3318 1371 3415 1425 τὸν
3448 1371 3743 1425 θεόπτωτον
3765 1372 3877 1424 Χοσ-

2346 1464 2496 1535 ρόην.
2524 1457 2762 1518 ὧντινων
2788 1466 2821 1535 ἡ
2853 1463 3081 1534 δύναμίς
3104 1465 3249 1516 ἐστιν
3282 1460 3456 1531 αὕτηο

2418 1574 2438 1609 ι
2485 1556 2545 1609 Ὀ
2567 1555 2637 1609 τὰ
2667 1556 2845 1612 πάντα
2873 1555 3281 1625 δημιουργήσας
3306 1552 3408 1606 καὶ
3438 1554 3506 1622 τῇ
3548 1551 3651 1622 ίδίᾳ
3685 1551 3871 1619 δυνάμει

2344 1646 2580 1716 συνέχων
2606 1645 2737 1708 Θεὸς
2766 1645 2937 1715 δῶρον
2967 1644 3115 1709 ἀξιον
3139 1645 3237 1712 τῆς
3275 1642 3453 1698 αὑτοῦ
3486 1642 3793 1711 ἀγαθὼητος
3816 1640 3876 1710 τῷ

2342 1735 2486 1804 γένει
2514 1734 2623 1788 τῶν
2644 1734 2948 1805 ἀνθρώπων
2971 1736 3396 1806 ἐφιλοτιμήσατο
3416 1736 3515 1803 τῆς
3538 1732 3785 1803 βασιλείας
3799 1732 3875 1801 τήν

2341 1828 2615 1900 πρόνοιαν,
2647 1827 2713 1882 δι’
2731 1823 2800 1900 ἦς
2828 1828 3119 1898 ἀταράχως
3160 1827 3470 1896 ἀξιούμεϐα
3506 1826 3609 1895 ζῇν
3664 1824 3695 1894 ἦ
3724 1823 3875 1893 δυσχε-

2345 1921 2521 1993 ρείαις
2548 1921 2659 1974 τισὶ
2692 1919 3118 1989 περιπίπτοντες
3152 1920 3295 1973 ίασιν
3329 1918 3729 1988 ὲξευρίσκομεν.
3759 1916 3873 1985 Πρὸς

2340 2014 2497 2068 τοῦτο
2544 2013 2604 2065 τὸ
2651 2011 2830 2065 Θεῖκὸν
2864 2011 3290 2081 ἀποϐλέψαντες,
3344 2011 3448 2081 τὴν
3485 2007 3748 2081 βασιλικὴν
3772 2006 3870 2077 πρό

2340 2106 2488 2161 νοιάν
2505 2106 2802 2175 φαμεν,κα“ι
2822 2104 2929 2174 πρὸ
2955 2104 3063 2158 τῶν
3083 2104 3257 2159 ἄλλων
3287 2104 3550 2158 ἁπάντων
3573 2103 3665 2173 τήν
3681 2100 3870 2170 ὑπέρογ-

2342 2216 2436 2255 κον
2480 2198 2632 2269 ὑμῶν
2652 2197 2987 2268 ἡμερότητα,
3019 2196 3382 2266 δυσωπούμεν
3420 2192 3735 2265 συγγνώμης
3761 2192 3871 2259 ἡμᾶς

2342 2289 2591 2357 ἀξιῶσαι,
2642 2290 3018 2361 τολμήσαντας
3053 2287 3203 2359 παρὰ
3220 2287 3317 2358 τὴν
3349 2285 3545 2357 πρώην
3582 2279 3870 2350 πολιτευομέ-

2342 2402 2440 2455 νην
2470 2384 2803 2439 κατάστασιν
2824 2388 2891 2456 τῇ
2925 2383 3177 2457 παρούσῃ
3193 2382 3330 2454 πρὸς
3351 2382 3414 2436 τὸ
3440 2381 3696 2452 ὑμέτερον
3710 2375 3871 2447 κράτος

2344 2477 2588 2547 ἀναφορᾷ
2616 2477 2942 2548 χρήσασθαι.
2981 2478 3169 2546 ’Ίσμεν
3185 2476 3231 2507 ⁸³
3254 2475 3368 2546 γὰρ
3388 2474 3488 2543 τὴν
3513 2474 3571 2525 ἐν
3603 2468 3675 2540 τῷ
3697 2465 3864 2538 προλα-

2345 2570 2491 2624 ϐόντι
2531 2569 2708 2640 χρόνῳ
2753 2570 3107 2640 κρατήσασαν
3148 2567 3466 2638 συνήθειαν,
3501 2565 3622 2634 ἥτις
3660 2557 3871 2629 ήϐούλετο

2348 2662 2680 2732 φιλονεικίας
2711 2661 2857 2724 τινὸς
2889 2662 2934 2693 ⁶⁰
2969 2659 3172 2730 μεταξὺ
3193 2658 3304 2713 τῶν
3337 2657 3437 2713 δύο
3466 2651 3736 2710 πολιτειῶν
3766 2650 3870 2703 ἀνα-

2346 2750 2664 2820 κυπτούσης
2692 2749 2737 2781 ⁸³
2768 2750 2894 2813 τοὺς
2922 2749 3187 2821 ἑκατέρας
3214 2747 3399 2801 αὐτῶν
3434 2741 3785 2817 βασιλεύοντας
3802 2735 3869 2789 διὰ

2344 2840 2455 2893 τῶν
2488 2838 2624 2911 πρὸς
2660 2837 2927 2909 ἀλλήλους
2964 2837 3300 2909 δηλωμάτων
3352 2836 3425 2890 τὰ
3477 2826 3868 2904 φιλονεικούμενα

2348 2931 2606 2987 διαλύειν.
2653 2930 2818 2985 Ἀλλά
2840 2929 3045 2997 ταύτην
3066 2929 3164 3001 τὴν
3187 2929 3338 2993 τάξιν
3362 2926 3631 2999 παρέλυσε
3672 2917 3869 2981 Φωκᾶςὸ

661 3025 925 3089 exercitu,
962 3027 1200 3097 reginam
1236 3028 1377 3083 hanc
1409 3039 1647 3084 nostram
1683 3030 1872 3085 urbem
1904 3031 2150 3095 adortus,
2191 3041 2247 3085 et
2276 3069 2278 3093 .

2276 3051 2317 3108 C
2351 3021 2452 3092 τῆς
2524 3021 2843 3091 Ῥωμαῖκῆς
2906 3019 3183 3084 πολιτείας
3238 3018 3562 3108 γενόμενος
3592 3014 3633 3045 ⁶²
3666 3006 3867 3108 ,ἐπίϐουσ

663 3114 981 3172 Mauricium
1026 3118 1184 3174 nobis
1219 3120 1307 3189 pie
1336 3120 1718 3190 imperantem,
1772 3136 1835 3177 ac
1858 3121 2004 3175 illius
2051 3121 2248 3190 conju—

660 3223 803 3278 gem,
838 3209 1150 3280 liberosque
1207 3220 1262 3265 et
1316 3221 1597 3281 cognatos,
1644 3220 1701 3265 et
1746 3227 1814 3266 ex
1844 3210 2249 3281 magistratibus

660 3298 803 3353 haud
833 3314 1035 3369 paucos
1075 3300 1314 3355 sustulit.
1369 3299 1480 3355 Nec
1524 3300 1656 3355 satis
1693 3300 1768 3355 illi
1799 3300 1901 3355 fuit
1929 3309 2079 3354 tanta
2124 3314 2249 3371 per-

661 3399 905 3458 petrasse
956 3390 1231 3456 facinora,
1285 3391 1566 3446 immensa:
1624 3407 1839 3460 quoque
1893 3400 2088 3445 vestra:
2139 3391 2249 3445 cle-

660 3482 878 3536 mentiae
929 3482 1173 3537 debitum
1225 3484 1486 3538 honorem
1512 3483 1738 3538 minime
1794 3484 2061 3539 exhibuit.
2091 3483 2244 3539 Unde

660 3572 892 3635 accidit,
930 3581 992 3627 ut
1019 3582 1242 3642 propter
1269 3584 1491 3643 peccata
1520 3584 1704 3629 nostra
1751 3591 1779 3628 a
1829 3575 1981 3629 vobis
2016 3575 2243 3645 impete-

662 3680 863 3727 remur,
901 3680 1093 3734 resque
1129 3665 1499 3720 Romanorum
1537 3667 1605 3721 ad
1644 3667 1785 3721 banc
1805 3667 2242 3721 imminutionem

660 3765 717 3808 et
748 3755 1169 3810 debilitationem
1202 3756 1542 3812 devenirent.
1582 3756 1718 3813 Cum
1757 3773 1887 3827 ergo
1919 3758 2244 3829 intelligeret

662 3844 708 3898 is
737 3845 828 3913 qui
868 3861 1015 3900 nunc
1051 3846 1138 3915 pie
1175 3846 1440 3916 imperat,
1486 3863 1605 3917 quae
1638 3863 1670 3902 a
1710 3858 1865 3918 peste
1905 3849 1995 3902 illa
2031 3857 2243 3919 patrata

659 3948 864 3997 essent.
910 3954 1127 4008 unaque
1180 3949 1238 3995 et
1275 3948 1493 3995 aeternae
1544 3940 1821 3995 memoriae
1870 3940 2015 3995 illius
2066 3948 2239 4011 pater,

660 4029 1021 4084 decreverunt
1079 4029 1384 4085 Romanum
1440 4032 1726 4102 imperium
1787 4048 1853 4086 ex
1895 4032 2058 4087 tantis
2100 4032 2244 4088 illius

659 4121 921 4190 angustiis
946 4122 1001 4176 in
1031 4122 1335 4177 libertatem
1363 4139 1603 4178 asserere
1633 4142 1645 4178 :
1679 4124 1822 4194 quod
1851 4133 1906 4179 et
1934 4124 2241 4189 coniecere,

656 4212 906 4282 quamvis
929 4228 960 4267 a
988 4222 1163 4267 vestra
1184 4215 1466 4284 majestate
1488 4231 1597 4270 non
1626 4216 1838 4270 modice
1859 4215 2243 4271 labefactatum

2348 3114 2438 3177 λος
2462 3112 2595 3183 (96).
2648 3112 2753 3166 Τὸν
2806 3112 2917 3183 γὰρ
2959 3112 3018 3165 ἐν
3066 3111 3260 3185 Θρᾴκῃ
3300 3106 3607 3180 Ῥωμαϊκὸν
3658 3096 3870 3168 ὑποφθεί-

2352 3222 2453 3277 ρας
2476 3204 2522 3236 ⁸³
2552 3203 2782 3276 στρατὸν
2808 3203 3088 3273 αἰφνιδίως
3109 3203 3313 3273 ἐπέστη
3347 3204 3418 3273 τῇ
3457 3199 3583 3269 παρ’
3608 3196 3726 3267 ἡμῖν
3745 3190 3868 3259 βασι.

2348 3296 2579 3367 λευούσῃ
2636 3294 2811 3359 πόλει,
2854 3294 2949 3349 καὶ
3001 3293 3309 3365 Μαυρίκιον
3356 3293 3451 3345 τὸν
3489 3284 3712 3348 εὐσεϐῶς
3745 3278 3868 3351 ἡμῶν

2350 3366 2742 3459 βασιλεύσαντα
2788 3385 2883 3439 καὶ
2924 3384 3021 3455 τὴν
3070 3382 3241 3438 αὑτοῦ
3288 3385 3546 3453 γυναῖκα,
3597 3377 3671 3430 ἔτι
3707 3372 3755 3425 δὲ
3796 3366 3868 3459 καὶ

2347 3458 2514 3533 τέκνα
2548 3478 2643 3532 καὶ
2683 3480 2965 3546 συγγενεῖς
2990 3476 3085 3530 καὶ
3114 3476 3179 3529 ὲκ
3213 3475 3321 3529 τῶν
3371 3473 3642 3545 ἀρχόντων
3673 3465 3760 3519 οὐκ
3786 3458 3868 3513 ὀλί-

2348 3588 2479 3639 γους
2506 3568 2737 3623 ἀνεῖλεν.
2782 3568 2894 3621 Kal
2925 3568 3025 3621 οὐκ
3062 3566 3305 3639 ἠρκέσθη
3350 3568 3467 3629 τοῖς
3513 3552 3868 3639 πεπραγμένοις

2348 3638 2477 3732 παρ’
2515 3657 2682 3715 αὑτοῦ
2715 3657 2988 3722 τοσούτοις
3020 3638 3230 3721 κακοῖς,
3290 3655 3456 3726 387
3509 3649 3619 3705 ἀλλ’
3664 3641 3767 3698 οὐδὲ
3792 3638 3866 3732 τὴν

2348 3730 2663 3827 πρέπουσαν
2717 3755 2783 3824 τῇ
2839 3751 3130 3822 ὑπερόγκῳ
3183 3748 3340 3820 ὑμῶν
3398 3743 3689 3819 ήμερότητι
3738 3730 3867 3827 τιμὴν

2345 3824 2663 3919 ἀπένειμεν,
2697 3846 2838 3900 ὥστε
2886 3845 3071 3899 λοιπὸν
3100 3844 3159 3908 ἐξ
3188 3841 3476 3913 ἡμετέρων
3506 3824 3863 3919 ἀμαβιῶνλὸίμ

2353 3917 2629 4011 μηθέντας
2655 3938 2701 3971 ⁸⁵
2732 3939 2879 4008 ὑμᾶς
2908 3938 2988 4000 είς
3025 3935 3124 4007 τὴν
3154 3932 3424 4003 τοσαύτην
3458 3928 3730 3984 ἐλάττωσιν
3762 3917 3867 3983 ἀγα·

2351 4033 2467 4100 γεῖν
2518 4030 2588 4084 τὰ
2641 4032 2687 4063 ⁸³
2738 4031 2836 4099 τῆς
2895 4029 3212 4098 Ῥωμαῖκῆς
3264 4023 3541 4085 πολιτείας
3595 4014 3861 4100 πράγματα.

2363 4096 2650 4194 λΕγνωκὼς
2678 4122 2737 4176 δὲ
2777 4096 2846 4176 τά
2873 4096 3025 4192 παρά
3069 4096 3176 4173 τοῦν
3214 4117 3495 4187 λυμεῶνος
3526 4109 3713 4166 εκείνου
3744 4096 3863 4194 (“6:

2354 4192 2491 4286 μενα
2517 4216 2545 4267 ὁ
2594 4214 2688 4269 νῦν
2722 4213 2961 4278 εὐσεϐῶς
2993 4213 3151 4284 ήμῶν
3199 4209 3499 4282 βασιλεύων
3543 4201 3689 4258 καὶὸ
3733 4192 3862 4246 αὐτοῦ

2030 4369 2356 4429 DUCANGll
2385 4368 2613 4426 NOTAE.

730 4526 841 4596 (91)
878 4528 1203 4595 Μηκονίου.
1246 4528 1769 4595 Μήκωνα,1ηειιΙιιηι
1802 4528 2082 4583 finitimam
2106 4529 2234 4583 Delo
2267 4531 2311 4585 Ι)
2338 4547 2347 4583 4

1852 4528 2082 4583 iitimam
2106 4529 2234 4583 Delo
2267 4531 2311 4585 D
2338 4537 2393 4586 et
2425 4525 2686 4597 Georgius
2723 4522 3101 4597 monachusjn
3130 4520 3334 4597 Chron.
3366 4536 3469 4597 ms.

661 4608 935 4667 memorat
964 4597 1185 4652 Tzetzes
1227 4598 1279 4650 in
1316 4599 1717 4667 Lyc0phronem
1751 4617 1763 4651 :
1796 4599 1887 4652 sed
1921 4600 2058 4653 alius
2088 4600 2235 4655 locus

662 4674 747 4789 es:
777 4666 1084 4736 Μηκὼνιον,
1116 4666 1383 4737 siquidem
1414 4666 1556 4732 urbi,
1587 4677 1647 4723 ut
1686 4668 2029 4733 Chalcedon,
2066 4685 2239 4740 oppo-

662 4751 705 4788 ει
736 4752 817 4789 us.

662 4751 817 4790 ειιυε.

733 4806 846 4875 (92)
887 4806 965 4859 Δι’
1003 4808 1206 4861 αὑτοῦ.
1238 4808 1316 4861 Δι’
1347 4806 1538 4860 ἑαυτοῦ
1570 4807 1695 4876 legit
1724 4807 2052 4862 Holstenius.

756 4878 843 4948 95)
881 4878 1354 4945 Διεπέμςαθησαν.
1374 4877 1515 4948 Idem
1531 4877 1771 4931 Holsten.
1787 4877 1850 4948 δὴ
1862 4877 2237 4947 ἐπέμφθησαν.

756 4878 843 4943 95)
881 4878 1354 4945 Διεπέμφθησαν.
1374 4878 1515 4930 Idem
1531 4878 1771 4931 Holsten.
1787 4878 1850 4948 δὴ
1862 4878 1958 4930 ὲπέ
1967 4878 2111 4947 μφθη
2120 4895 2235 4932 σαν.

732 4878 844 5013 (94)
882 4948 1223 5013 Ὀλύμπιος.
1270 4948 1370 5014 Qui
1419 4946 1665 5018 ὕπαρχος
1715 4948 1822 5001 τῶν
1865 4948 2235 5018 πραιτωρίων,

662 5015 965 5091 Nicephoro
993 5015 1936 5091 ponstantinopol.Quemadmodum
1973 5015 2101 5091 vero
2136 5016 2239 5071 He-

663 5086 812 5140 raclii
856 5086 1015 5156 legati
1052 5103 1081 5139 a
1108 5088 1276 5151 Saito,
1319 5088 1514 5142 deinde
1547 5103 1578 5141 a
1605 5086 1848 5140 Chosroe
1881 5087 2109 5155 pessime
2151 5103 2242 5142 ac-

665 5156 805 5225 cepti
858 5156 999 5219 sint,
1046 5166 1099 5209 et
1154 5158 1205 5209 in
1249 5157 1546 5213 custodiam
1595 5157 1861 5226 conjecti,
1898 5157 2017 5210 silet
2053 5165 2242 5211 auctor

665 5226 917 5281 Chronici
947 5244 962 5280 :
996 5226 1239 5294 pluribus
1280 5242 1409 5282 vero
1445 5237 1669 5281 narrant
1716 5228 1858 5281 idem
1903 5226 2241 5281 Nicenhorus

2337 4653 2433 4737 τὴν
2467 4653 2776 4747 οίκονομίαν
2802 4663 2895 4717 τοῦ
2918 4653 3187 4745 μεγίστου
3215 4659 3407 4755 Δἱεροῦ,
3438 4653 3481 4727 ᾧ
3528 4653 3858 4755 Σοφίῗὲῗὶειῖιῖ

2336 4715 2845 4818 Ᾱὶῇίοξςέἓπώὒυμρν,
2875 4715 2985 4786 τῶν
3011 4715 3354 4818 πραγμὲτῶν
3390 4715 3859 4818 πέπισξέυίξξξῖξὶξξίξκ

2337 4786 3072 4877 ε-ῥίἒὶόιοίνοζᾶδεῂᾳιονετηξ
3112 4786 3182 4855 ad
3222 4800 3536 4877 C_h_osroem,
3568 4786 3832 4877 in

2336 4864 2627 4944 descripta,
2655 4864 3075 4943 Θεοφιλέστατος
3104 4869 3473 4942 πρεσϐύτερος
3506 4864 3594 4919 καὶ
3621 4864 3764 4922 σύγκε

3396 4590 3415 4606 Ἰ

2411 4565 3334 4668 (ςξῖξιῑρῑιδῑὲδῖξξῖνιιῑιξιςιᾱέδ
3358 4565 3861 4670 eammeam.)

2411 4685 2433 4719 ν
2467 4664 2776 4721 οἰκονομίαν
2802 4663 2895 4717 τοῦ
2929 4664 3187 4721 μεγίστου
3240 4662 3407 4721 ἱερου,
3438 4653 3481 4721 ᾧ
3528 4646 3727 4721 Σοφιαρ
3752 4640 3858 4721 θειρ.

3766 4844 3859 4900 λλος

2342 4948 2688 5030 inqiﬁiiawrl
2790 5013 2802 5030 1
2911 5013 2924 5030 ι
2963 5029 2970 5030 ,
2987 5013 3056 5030 In,
3077 5028 3102 5030 η
3126 5013 3145 5030 ιι
3161 5028 3178 5030 _
3266 4994 3702 5030 11-1-.-..ξ..-1οηί1
3748 4980 3859 5030 πολι·

2420 4999 2526 5086 (96)
2568 5013 2875 5086 Πολιτείας
2899 5013 3243 5086 ἐπίϐουλοςέ
3266 4999 3802 5086 Holsteninsjggikﬁ

2345 5054 3855 5153 τείέξ¹γέξιὲᾖὲζρὶἷἒτῖῐέἆιᾶὂξῗ⁵ὑὲἱῦἑῐῖρἷ⁷ῡπὸφθείρειν

2346 5157 2473 5229 legit
2505 5155 2855 5226 ὑποφθείρας.

1956 5400 2189 5457 ΥΑΒΙᾹΞ
2226 5395 2630 5455 LECTIONES.

736 5537 783 5572 “
807 5537 1325 5611 Κρυσουπόλεως
1396 5540 1443 5611 Ρδ
1473 5541 1759 5611 Μηκωνίου
1790 5542 1849 5595 Ρ.
1902 5539 1967 5611 Li"
2000 5541 2159 5595 αὐτοῦ
2184 5541 2241 5595 Ρ.
2314 5538 2357 5571 ⁸⁷
2386 5538 2626 5611 Χοσρόην
2766 5534 2834 5611 4⁵⁸
2858 5530 2948 5611 καί
2974 5526 3385 5611 ῥιεπέμφίξῃτξαν
3411 5525 3500 5611 Ρλ,
3622 5513 3849 5611 ξξμεξιμ

3729 5518 3751 5551 ν
3777 5491 3851 5561 μὶν

813 5580 858 5592 ..
901 5580 1205 5592 -..νη-νη-..
1268 5580 1282 5591 .
1309 5580 1325 5593 .
1473 5580 1546 5594 ....
1571 5580 1758 5595 ηψπ..-
1790 5580 1809 5595 .
1836 5580 1849 5594 .
2000 5580 2158 5595 ...υ-ν.
2186 5580 2199 5595 .
2229 5580 2241 5594 .
2386 5580 2490 5592 ...η
2610 5580 2622 5588 ν
2659 5580 2676 5589 -
2702 5580 2714 5587 -
3187 5580 3196 5598 .
3228 5580 3231 5581 ν
3270 5580 3279 5594 .

668 5611 776 5679 γὰρ
807 5580 893 5663 [LV
955 5608 1183 5682 “and;
1389 5610 1428 5642 ⁶¹
1458 5580 1866 5676 ἀνίκυπτούσας
1901 5608 1959 5664 l‘.
2031 5613 2075 5644 "
2106 5613 2389 5682 γενόμενος
2417 5580 2528 5664 cmi:
2555 5580 2610 5661 ιθ.
2684 5605 2729 5637 ⁸⁸
2758 5600 3074 5671 ὑποφθείρει
3097 5598 3155 5652 Ρ·
3232 5597 3277 5629 ⁸³⁸
3299 5593 3595 5669 ὁρμηθέντα
3628 5580 3676 5635 Ρ·

670 5678 779 5735 oni.
808 5681 872 5748 ιι,
904 5678 1056 5736 uncis
1083 5679 1299 5735 inclusit
1326 5678 1385 5732 Ρ.
