4096 6296
202 314 322 380 993

1398 311 1829 374 CHRONICON
1886 312 2168 374 PASCHA
2178 316 2282 376 LE.

3366 319 3470 384 996

202 430 548 497 ἀείμνηστος
571 424 780 497 πατὴρ,
812 422 1202 478 ἐϐουλεύσαντο
1226 423 1321 494 τῆς
1352 424 1620 493 τοσαύτης
1646 422 1791 475 ἐκεί-

1896 427 2225 482 iuvenirent.
2275 426 2403 481 Post
2445 436 2676 483 mortem
2705 443 2835 499 ergo
2865 430 3099 501 tyranni,
3130 442 3257 485 eum
3298 432 3471 505 impe-

202 538 308 573 νου
335 519 582 588 ἀνάγκης
616 516 977 589 ἐλευθερῶσαι
1007 516 1108 587 τὴν
1154 516 1466 585 Ῥωμαϊκὴν
1492 515 1785 568 πολιτείανο

200 612 355 683 ὅπερ
383 611 475 664 καὶ
498 608 769 681 ἔπραξαν,
800 607 1281 677 τεταπεινωμένην
1319 606 1534 675 ἐκείνην
1581 607 1646 659 ἐκ
1696 604 1789 657 τοῦ

202 703 491 772 ὑμετέρου
546 700 782 771 κράτους
834 700 1106 770 εὑρόντες.
1139 699 1249 751 Καὶ
1286 697 1424 768 μετά
1460 697 1553 750 τὸν
1579 695 1672 750 τοῦ
1700 714 1790 750 τυ-

203 796 415 863 ράννου
469 792 700 846 θάνατον
760 790 1116 862 βουληθέντος
1162 788 1257 842 τοῦ
1308 789 1466 860 ήμῶν
1529 788 1791 860 βασιλέως

199 885 343 946 τοὺς
369 884 537 947 ἰδίους
567 883 754 936 λαϐεῖν
787 884 1072 951 συγγενεῖς
1096 883 1191 935 καὶ
1223 882 1359 950 πρὸς
1385 881 1473 934 τὸν
1497 883 1693 933 οἰκεῖον
1731 880 1789 932 ὲν

216 976 321 1039 'A';
338 977 464 1046 ρικῇ
492 971 860 1038 ἐπαναζεῦξαι
890 973 1122 1045 πατέρα,
1162 972 1565 1043 προτρέψαντός
1594 972 1701 1042 (97)
1730 987 1788 1023 τε

203 1064 362 1133 ἡμᾶς
388 1065 450 1119 ὃν
506 1064 732 1134 θέλομεν
797 1064 1151 1130 ἐπιλέξασθαι
1193 1063 1439 1133 βασιλέα,
1477 1063 1629 1133 μόλις
1668 1064 1789 1126 ταῖς

204 1157 502 1226 αἰτήσεσιν
532 1156 693 1227 ήμῶν
726 1157 969 1219 πεισθεὶς
1002 1156 1328 1220 κατεδέξατο
1361 1156 1458 1226 τήν
1492 1155 1787 1226 βασιλείαν,

205 1244 307 1296 καὶ
337 1244 427 1297 διά
450 1246 549 1312 τήν
578 1245 890 1315 κρατοῦσαν
911 1247 969 1298 ὲν
1003 1248 1122 1308 ταῖς
1160 1245 1252 1297 δύο
1290 1244 1583 1308 πολιτείαις
1624 1262 1790 1315 ταρα-

203 1336 335 1405 χὴν,
378 1338 461 1389 ἔτι
493 1337 562 1403 ,δὲ
595 1338 640 1370 ⁸⁸
671 1337 767 1391 καὶ
802 1337 903 1407 τὴν
961 1337 1227 1407 ἐμφύλιον
1275 1337 1485 1401 στάσιν,
1525 1338 1626 1390 ούκ
1662 1336 1787 1407 ἔσχε

206 1430 427 1501 καιρὸν.
462 1430 599 1501 ὅπερ
639 1431 809 1503 ἐχρῆν
859 1430 1189 1501 πραχθῆναι,
1237 1428 1331 1483 τοῦ
1378 1429 1465 1483 διά
1494 1428 1789 1500 πρεσϐείας

202 1519 309 1589 τὴν
334 1519 695 1591 ὀφειλομένην
746 1518 915 1591 τιμήν
971 1518 1048 1590 τῷ
1106 1519 1398 1591 ὑπερόγκῳ
1446 1519 1636 1591 κράτει
1688 1518 1788 1588 τῆς

206 1612 489 1684 ὑμετέρας
548 1612 793 1684 γαλήνης
854 1615 1245 1683 προσαγαγεῖν.
1324 1611 1788 1681 Ἐϐουλευσάμεθα

202 1700 301 1756 οὖν
340 1704 593 1773 παριδεῖν
632 1703 693 1756 τὸ
725 1702 868 1767 ἔθος,
910 1696 1082 1774 οὗπερ
1130 1704 1388 1776 ἀνωτέρω
1413 1704 1783 1775 ἐμνήσθημεν,

1890 532 2037 577 rator
2058 530 2263 589 noster,
2291 520 2543 577 afﬁnibus
2594 538 2777 577 secum
2807 524 3118 594 assumptis,
3156 524 3208 578 in
3236 526 3473 582 Africam

1890 615 1956 669 ad
1984 624 2191 684 patrem
2224 630 2381 669 suum
2415 616 2611 670 reverti
2646 626 2931 679 statueret,
2962 628 3317 688 moneretque
3351 635 3472 683 nos,

1890 713 1949 757 ut
1982 720 2143 774 quem
2169 705 2429 760 vellemus
2458 705 2842 776 imperatorem
2870 707 3303 778 designaremus.
3334 726 3476 781 aegre

1890 799 2145 867 precibus
2176 800 2381 854 nostris
2402 799 2623 861 cedens,
2649 800 2935 870 imperium
2966 802 3181 855 tandem
3214 804 3493 873 suscepit.

1888 892 1959 944 At
2009 901 2233 961 propter
2280 894 2560 962 utriusque
2616 893 2925 963 reipublicae
2972 895 3473 965 perturbationem,

1890 984 2182 1054 civilesque
2224 996 2427 1048 motus,
2463 987 2615 1041 locus
2644 986 2744 1056 ipsi
2794 987 2938 1041 haud
2982 986 3083 1041 fuit
3118 1004 3216 1057 per
3247 987 3474 1058 legatos,

1892 1075 1968 1128 uti
2018 1092 2116 1145 par
2158 1086 2295 1137 erat,
2338 1078 2390 1131 id
2433 1077 2746 1147 praestandi,
2788 1094 2895 1147 quo
2930 1078 3173 1132 debitum
3214 1079 3475 1132 honorem

1896 1163 2247 1232 amplissimas
2295 1165 2593 1233 maiestatis
2629 1175 2822 1219 vestra:
2852 1166 3132 1219 serenitati
3166 1165 3471 1219 exhiberet.

1889 1253 2259 1311 Statueramus
2290 1258 2478 1328 igitur,
2514 1259 2715 1313 omisso
2740 1272 2891 1313 more
2918 1258 3073 1327 cujus
3102 1260 3474 1320 meminimus,

1886 1360 1988 1398 nos
2009 1344 2187 1414 pusilli
2214 1345 2459 1399 homines
2475 1360 2601 1416 erga
2628 1346 3060 1415 potentissimum
3091 1361 3267 1415 regem
3294 1346 3475 1414 preci-

1888 1430 1988 1484 bus
2008 1430 2105 1495 uti,
2124 1440 2180 1485 et
2198 1432 2405 1501 aliquos
2422 1449 2486 1487 ex
2518 1434 2676 1488 nobis
2709 1435 2919 1487 mittere
2942 1433 3033 1501 qui
3055 1434 3121 1487 ad
3140 1433 3360 1504 vestigia
3380 1450 3475 1489 ve-

1888 1530 1997 1576 stra
2015 1525 2447 1579 admitterentur.
2465 1524 2569 1579 Sed
2588 1541 2652 1580 ex
2672 1526 2737 1579 iis
2757 1542 2877 1595 qua:
2894 1525 3121 1579 subinde
3144 1540 3391 1588 evenere,
3418 1526 3474 1581 id

1888 1613 1954 1665 ad
1981 1612 2127 1665 hunc
2154 1626 2324 1681 usque
2348 1611 2490 1665 diem
2520 1612 2712 1681 exequi
2735 1612 2849 1665 ausi
2879 1628 2988 1665 non
3014 1627 3225 1667 sumus.
3260 1613 3330 1667 At
3348 1605 3474 1667 c'um

1890 1703 2030 1757 Saen
2049 1703 2437 1757 illustrissimus
2454 1703 2911 1773 Badmanzadago,
2931 1701 3267 1757 Persicarum
3289 1703 3475 1774 copia-

204 1795 303 1850 καὶ
341 1796 570 1868 βραχεῖς
595 1795 750 1859 ὄντες
800 1795 1077 1869 ἄνθρωποι
1116 1796 1249 1868 πρὸς
1291 1795 1645 1868 ἀρχιϐασιλέα
1675 1795 1783 1867 (98)

1893 1811 2010 1849 rum
2041 1797 2149 1851 dux
2178 1811 2465 1866 supremus
2486 1796 2552 1851 ad
2586 1796 2719 1850 fines
2742 1796 3100 1851 Chalcedonis
3122 1798 3459 1862 accessisset,

202 1887 534 1959 τηλικοῦτον
591 1891 656 1961 τῇ
705 1889 888 1959 δεήσει
946 1890 1278 1960 χρήσασθαι,
1335 1889 1643 1952 στέλλοντες
1696 1890 1787 1942 καί

203 1998 358 2044 τινας
388 1980 450 2046 ἐξ
478 1980 634 2051 ήμῶν
657 1980 969 2050 ὀφείλοντας
992 1981 1098 2033 τῶν
1134 1979 1416 2051 ὑμετέρων
1435 1980 1597 2051 ἰχνῶν
1619 1979 1787 2045 ἀξιω-

206 2073 391 2143 θῆναι.
432 2071 597 2125 Ἀλλά
628 2072 717 2126 διά
745 2072 813 2125 τά
858 2074 914 2126 ἐν
960 2073 1114 2143 μέσῳ
1147 2073 1431 2143 συμϐάντα
1457 2072 1614 2125 τοῦτο
1644 2073 1787 2143 πρᾶ-

207 2165 295 2231 ξαι
324 2164 491 2235 μέχρι
528 2161 625 2217 νῦν
647 2164 747 2216 ούκ
774 2164 1152 2235 ἐτολμήσαμεν
1178 2181 1191 2195 ·
1230 2164 1319 2218 ὅτε
1357 2165 1400 2197 ⁸⁷
1429 2164 1614 2236 μέντοι
1644 2163 1789 2235 Στήν

203 2258 233 2309 ὁ
254 2255 603 2320 ἐνδοξότατος
632 2254 1104 2325 Βαϐμανζαδαγὼ,
1136 2254 1231 2308 τοῦ
1262 2255 1532 2327 Περσικοῦ
1558 2255 1787 2327 στρατοῦ

204 2348 461 2419 εξαρχος,
491 2351 550 2403 ἐν
574 2350 688 2409 τοῖς
718 2348 909 2419 μέρεσι
938 2348 1280 2419 Χαλκηδόνος
1306 2350 1517 2418 γέγονε,
1546 2352 1639 2405 καὶ
1668 2368 1790 2404 συν-

202 2439 388 2511 τυχὼν
422 2439 500 2512 τῷ
529 2440 910 2511 εὐσεϐεστάτῳ
952 2440 1109 2511 ἡμῶν
1143 2442 1355 2512 βασιλεῖ
1382 2443 1479 2496 καὶ
1508 2445 1664 2515 ήμῖν,
1694 2442 1791 2496 καὶ

203 2534 271 2587 ἐκ
300 2534 530 2587 πάντων
560 2532 805 2605 αίτηθεὶς
825 2533 895 2586 τὰ
945 2533 1074 2603 περὶ
1116 2534 1216 2605 τῆς
1255 2536 1480 2606 εἰρήνης
1513 2534 1793 2606 διαλεχθῆ-

203 2641 317 2689 ναι,
356 2624 526 2687 αὐτὸς
558 2624 603 2655 ⁸⁸
635 2625 733 2694 μὲν
764 2620 920 2677 εἶπεν
954 2624 1029 2695 μὴ
1062 2625 1207 2695 ἔχειν
1229 2626 1491 2697 τοιαύτην
1518 2627 1788 2693 ἐξουσίαν,

201 2713 425 2767 δέεσθαι
453 2713 599 2766 δέτά
641 2713 685 2745 ⁸⁸
736 2713 865 2784 περὶ
903 2713 1091 2766 τούτου
1136 2714 1235 2784 τῆς
1284 2715 1440 2784 ὑμῶν
1486 2716 1792 2788 φιλανθρω-

204 2807 356 2867 πίας.
389 2806 528 2857 Νυνὶ
568 2805 625 2858 δὲ
661 2806 752 2858 κα)⁴
778 2804 1075 2876 ἀπόκρισιν
1124 2804 1331 2859 ἔστειλε
1361 2805 1496 2877 πρὸς
1527 2807 1674 2878 ήμᾶς
1701 2806 1792 2860 διά

202 2899 297 2952 τοῦ
329 2899 707 2969 Σπαδαδουάρ,
734 2899 1102 2969 ὑποσχόμενος
1114 2899 1400 2969 ἐνωμότως
1427 2901 1508 2953 ὅτι
1531 2900 1591 2953 τὸ
1619 2898 1789 2970 ὑπέρ-

201 3008 371 3059 ογκον
409 2990 567 3061 ὑμῶν
632 2991 831 3061 κράτος
863 2990 994 3053 τοὺς
1030 2988 1423 3060 στελλομένους
1456 2992 1585 3061 παρ’
1633 2990 1791 3061 ήμῶν

1888 1904 2009 1943 cum
2038 1890 2280 1959 piissimo
2308 1900 2494 1945 nostro
2521 1891 2844 1960 imperatore
2866 1890 3128 1959 nobisque
3152 1890 3471 1950 collocutus.

1888 1991 2105 2053 rogatus
2136 1993 2220 2037 est
2268 1981 2337 2035 ab
2364 1982 2619 2036 omnibus
2646 1991 2707 2036 ut
2753 1982 2821 2036 de
2872 1996 3005 2051 pace
3056 1989 3330 2035 tractaret.
3367 1980 3470 2047 Qui

1888 2074 2171 2140 respondit
2223 2074 2322 2128 sibi
2372 2075 2589 2144 quidem
2636 2074 2898 2143 ejusmodi
2947 2073 3171 2128 minime
3210 2073 3471 2126 indultam

1890 2181 2011 2221 esse
2059 2165 2417 2247 facultatem;
2448 2165 2867 2236 deprecaturum
2925 2171 3105 2219 tamen
3150 2180 3315 2232 super
3368 2163 3473 2218 hoc

1890 2258 2233 2314 clementiam
2257 2264 2513 2312 vestram.
2545 2257 2703 2311 Nunc
2738 2272 2870 2311 vero
2916 2263 2972 2311 et
3000 2270 3323 2325 responsum
3365 2257 3474 2310 ιιιί-

1889 2350 1960 2405 sit
1991 2349 2148 2403 nobis
2178 2365 2275 2419 per
2298 2347 2752 2419 Spadadovarem,
2784 2362 2906 2402 cum
2938 2355 3281 2401 sacramento
3309 2346 3473 2416 polli-

1888 2442 2057 2506 citus,
2099 2441 2489 2511 amplissimam
2535 2448 2773 2495 vestram
2824 2440 3199 2509 maiestatem,
3243 2452 3339 2492 eos
3373 2455 3472 2509 pro

1888 2533 2147 2601 dignitate
2176 2540 2548 2601 suscepturam
2597 2531 2690 2601 qui
2741 2547 2771 2585 a
2817 2530 2975 2585 nobis
3013 2530 3383 2595 mitterentur,
3415 2538 3472 2586 et

1890 2624 2066 2678 salvos
2119 2638 2183 2677 ac
2228 2622 2526 2677 incolumes
2571 2622 2639 2677 ad
2685 2637 2783 2676 nos
2825 2625 3196 2689 remissuram,
3248 2622 3407 2693 idque
3441 2638 3469 2676 a

1890 2715 2174 2770 clementia
2201 2724 2373 2769 vestra
2406 2723 2462 2769 ut
2491 2714 2694 2769 faceret
2718 2714 2819 2769 sibi
2852 2728 2971 2768 esse
2992 2714 3334 2782 imperatum.
3364 2713 3473 2767 Nos

1892 2806 2073 2877 itaque
2105 2806 2253 2860 hisce
2281 2805 2469 2860 conﬁsi
2498 2805 2798 2876 promissis,
2826 2805 3124 2874 praesertim
3154 2813 3335 2859 autem
3361 2804 3475 2857 Deo

1893 2907 1949 2953 et
1978 2908 2154 2953 vestra
2177 2897 2553 2967 amplitudine,
2587 2911 2771 2951 servos
2812 2904 3023 2950 vestros
3062 2895 3310 2949 misimus
3357 2894 3475 2965 glo-

1895 2990 2255 3044 riosissimum
2314 2987 2622 3059 Olympium
2669 3002 2733 3040 ex
2786 2985 3042 3049 consule,
3075 2984 3366 3054 patricium
3418 2992 3475 3039 et

201 3080 277 3144 ὡς
308 3082 526 3152 πρέπον
557 3082 705 3134 ἐστὶν
733 3082 949 3152 δέχεται
982 3083 1078 3136 καὶ
1110 3081 1338 3136 ἀπολύει
1363 3081 1623 3146 ἀϐλαϐεῖς
1652 3082 1788 3153 πρὸς

1895 3082 2213 3153 praefectum
2235 3078 2507 3151 praetorio,
2530 3090 2584 3134 et
2622 3076 3066 3150 gloriosissimum
3095 3074 3381 3130 Leontium
3407 3090 3475 3129 ex

202 3177 353 3245 ἡμᾶς
388 3173 749 3237 ὲπαναλῦσαι,
786 3176 883 3228 καὶ
927 3176 1011 3228 ὅτι
1042 3175 1195 3246 παρά
1225 3176 1324 3245 τῆς
1360 3175 1634 3246 ὑμετέρας
1670 3175 1789 3243 φιλ-

202 3270 529 3339 ανθρωπίας
583 3270 740 3323 τοῦτο
787 3270 996 3341 πρᾶξαι
1053 3269 1370 3341 ἐκελεύσθη.
1428 3270 1617 3341 Ἡμεῖς
1648 3270 1692 3301 "°
1731 3270 1790 3325 δὲ

205 3361 373 3415 πάλιν
436 3365 548 3426 τοῖς
608 3361 752 3416 οὕτω
812 3362 1330 3433 παρακολουθήσασι
1390 3362 1786 3435 θαρρήσαντες,

204 3450 313 3522 πρὸ
344 3452 571 3505 πάντων
605 3451 662 3504 δὲ
707 3449 786 3522 τῷ
816 3450 937 3519 Θεῷ
974 3449 1070 3505 καὶ
1108 3454 1173 3523 τῇ
1213 3450 1458 3523 ὑμετέρᾳ
1495 3451 1787 3522 μεγαλειό-

204 3561 353 3615 τητι,
388 3544 520 3607 τοὺς
548 3542 770 3607 δούλους
800 3543 956 3612 ὑμῶν
981 3543 1335 3613 ἀπελύσαμεν
1369 3541 1663 3614 Ὀλύμπιον
1700 3544 1792 3596 τὸν

205 3635 558 3703 ἐνδοξότατον
582 3634 694 3689 ἀπὸ
722 3636 967 3701 ὑπάτων,
984 3637 1269 3705 πατρίκιον
1296 3634 1390 3688 καὶ
1419 3634 1657 3707 ἔπαρχον
1686 3636 1793 3689 τῶν

205 3730 590 3799 πραιτωρίων,
618 3729 714 3782 καὶ
754 3730 1007 3783 Λεόντιον
1031 3730 1125 3781 τὸν
1150 3726 1490 3791 ἐνδοξότατον
1519 3729 1626 3782 ἀπὸ
1656 3730 1795 3784 ύπάο

204 3838 314 3874 των
352 3819 645 3890 πατρίκιον
669 3821 761 3873 καὶ
784 3820 1022 3891 ἔπαρχον
1048 3819 1278 3884 πόλεως,
1306 3822 1402 3875 καὶ
1442 3821 1795 3876 Ἀναστάσιον

204 3913 299 3965 τὸν
355 3912 779 3982 θεοφιλέστατον
830 3912 1201 3983 πρεσϐύτερον
1248 3912 1345 3966 καὶ
1378 3912 1673 3981 σύγκελλον
1726 3914 1794 3978 ’⁸,

206 4004 302 4069 οὓς
326 4005 690 4075 δυσωποῦμεν
720 4005 795 4069 ὡς
828 4005 1030 4076 πρέπει
1060 4004 1138 4076 τῷ
1162 4004 1456 4075 ὑπερόγκῳ
1485 4004 1639 4075 ὑμῶν
1661 4005 1800 4075 κρά-

205 4114 297 4150 τει
326 4098 591 4168 δεχθῆναι
625 4099 721 4152 καὶ
753 4099 1037 4169 συντόμως
1084 4098 1424 4151 ἐπαναλῦσαι
1467 4098 1606 4168 πρὸς
1653 4100 1800 4169 ἡμᾶς

207 4192 308 4258 τήν
338 4191 688 4262 ἀρέσκουσαν
720 4191 797 4262 τῷ
831 4190 949 4261 Θεῷ
976 4191 1200 4261 εἰρήνην
1247 4187 1344 4243 καὶ
1373 4189 1691 4260 πρέπουσαν
1721 4188 1800 4260 τῷ

208 4286 514 4356 φιλειρήνῳ
536 4284 690 4354 ὑμῶν
721 4284 911 4355 κράτει
939 4282 1323 4347 ἀποσώζοντας
1353 4283 1504 4352 ἡμῖν.
1555 4282 1801 4353 Δεόμεθα

208 4375 266 4429 δὲ
316 4378 419 4448 τῆς
446 4376 615 4447 388
647 4377 918 4447 ὑμετέρας
960 4375 1297 4447 ήμερότητος
1343 4374 1438 4428 καὶ
1479 4372 1801 4445 Ἠράκλειον

1892 3173 2137 3237 consule,
2161 3173 2447 3242 patricium
2470 3183 2525 3227 et
2539 3170 2852 3242 praefectum
2868 3168 3006 3232 urbi,
3030 3182 3093 3221 ac
3110 3166 3473 3221 venerabilem

1889 3266 2229 3322 Anastasium
2247 3266 2620 3336 presbyterum
2634 3272 2689 3317 et
2702 3260 3165 3333 syncellum,quos
3191 3268 3249 3312 ut
3265 3258 3478 3327 amplis-

1891 3361 2026 3415 sima
2044 3359 2297 3429 maiestas
2312 3366 2511 3419 vestra,
2529 3361 2688 3426 prout
2704 3370 2799 3425 par
2814 3360 2896 3408 est
2908 3351 3138 3421 excipiat
3153 3349 3473 3421 flagitamus,

1891 3464 1947 3509 et
1963 3453 2037 3507 uti
2051 3468 2213 3523 quam
2229 3451 2461 3522 primum
2480 3449 2593 3503 ﬁeri
2610 3448 2808 3518 poterit
2824 3460 2947 3500 cum
2964 3454 3113 3515 grata
3130 3444 3239 3498 Deo
3256 3458 3406 3513 pace.
3422 3452 3478 3496 et

1895 3559 2017 3614 quae
2068 3542 2346 3614 paciﬁeam
2397 3541 2734 3610 maiestatem
2788 3546 3023 3592 vestram
3068 3535 3247 3599 decet,
3299 3534 3478 3588 salvos

1894 3639 2054 3694 nobis
2081 3636 2389 3693 remittatis.
2418 3633 2778 3689 Obsecramus
2810 3630 2974 3685 etiam
3002 3627 3477 3682 mansuetudinem

1896 3742 2133 3789 vestram
2175 3738 2237 3784 ut
2266 3728 2573 3783 Heraclium
2610 3724 2917 3797 piissimum
2962 3731 3209 3776 nostrum
3242 3720 3480 3789 impera-

1900 3832 2071 3877 torem
2098 3822 2216 3876 loeo
2242 3820 2445 3890 proprii
2481 3817 2575 3871 ﬁlii
2606 3817 2825 3877 habeat,
2856 3821 3104 3885 paratum
3134 3812 3191 3865 in
3222 3809 3481 3864 omnibus

1899 3914 2178 3969 serenitati
2207 3922 2400 3966 vestra!
2433 3910 2639 3965 cultum
2666 3915 2722 3963 et
2755 3906 2991 3961 ofﬁcium
3019 3914 3297 3976 praestare.
3325 3900 3480 3967 Quod

1898 4006 2119 4076 quidem
2152 4005 2198 4059 si
2221 4002 2479 4067 feceritis,
2512 3999 2779 4072 geminam
2821 3997 2975 4053 vobis
3001 3996 3223 4067 gloriam
3258 4011 3482 4067 compa-

1902 4096 2112 4157 rabitis,
2162 4109 2286 4148 cum
2334 4108 2401 4146 ex
2447 4090 2769 4145 fortitudine
2814 4087 3027 4150 bellica,
3074 4096 3187 4139 tum
3221 4100 3288 4138 ex
3333 4086 3485 4154 pacis

1901 4187 2277 4244 concessione.
2308 4183 2416 4237 Nos
2440 4196 2604 4252 porro
2624 4180 2881 4249 deinceps
2907 4194 3005 4248 per
3032 4193 3310 4247 nunquam
3341 4178 3482 4231 obli-

1902 4277 2159 4333 viseenda
2181 4283 2360 4329 vestra
2399 4286 2626 4327 munera
2674 4270 2917 4324 fruemur
2958 4269 3161 4338 quiete,
3220 4267 3485 4336 uobisque

1905 4379 2159 4441 suppetet
2189 4367 2402 4422 occasio
2436 4380 2533 4435 pro
2564 4371 2759 4417 vestrae
2804 4362 2928 4415 vita:
2975 4357 3334 4415 diuturnitate
3377 4361 3486 4412 Deo

208 4468 300 4521 τὸν
348 4468 744 4522 εὐσεϐέστατον
788 4468 947 4539 ήμῶν
996 4467 1220 4537 βασιλέα
1265 4468 1487 4537 γνήσιον
1533 4467 1677 4538 ἔχειν
1722 4469 1792 4522 τέ‹

1908 4479 2099 4536 preces
2120 4460 2405 4523 efferendi,
2436 4458 2673 4529 quandiu
2700 4456 2864 4510 stabit
2908 4454 3150 4508 Romana
3180 4452 3487 4521 respublica

210 4577 357 4626 κνον,
393 4560 695 4631 προθύμως
720 4562 914 4632 ἔχοντα
952 4562 1011 4613 ἐν
1041 4562 1213 4615 ἅπασι
1243 4561 1343 4631 τήν
1386 4559 1682 4631 θεραπείαν
1706 4565 1805 4635 τῆς

1911 4570 2151 4617 vestrum
2194 4554 2519 4610 beneﬁcium
2560 4566 2841 4619 nunquam
2886 4546 3143 4603 oblivioni
3191 4546 3420 4602 daturis.

212 4618 489 4723 ὑμετέρας
532 4618 708 4707 ποιεῖν
751 4618 1020 4724 γαλήνης.
1065 4651 1247 4706 Ταῦτα
1273 4618 1320 4683 7"
1383 4618 1492 4723 ydlp
1546 4652 1657 4725 (99)
1715 4618 2044 4729 πράττοντες
2107 4648 2299 4718 διπλῆν
2362 4647 2575 4709 ἑαυτοῖς
2620 4618 2954 4712 περιποιεῖτε
3011 4639 3187 4704 δόξαν,
3250 4637 3345 4691 καὶ
3395 4618 3489 4688 ἐπὶ

1559 4785 1887 4846 DUCANGII
1924 4784 2158 4844 NOTAE.

282 4909 395 4981 (97)
434 4905 932 4981 "MMartoc._
942 4901 1101 4981 Quod
1132 4901 1198 4981 in
1224 4900 1413 4981 primis
1440 4902 1618 4957 ﬁrmat
1645 4904 1813 4979 Nice-_

209 4971 436 5050 phorus,
465 4971 713 5050 scribens
744 4974 1052 5050 Heracliam
1081 4972 1148 5026 ad
1178 4971 1798 5050 imperium__eapessen-

211 5042 339 5104 ilum
385 5048 639 5115 Crispum
674 5047 1039 5106 cohortatum,
1067 5058 1201 5115 cum
1223 5057 1334 5096 non
1362 5057 1435 5115 se
1464 5042 1608 5097 illius
1641 5060 1800 5099 usur-

211 5120 374 5189 pandi
403 5110 1073 5193 gratia.ven_isse_d_ieeret,
1250 5119 1308 5192 ut
1335 5110 1536 5193 δίδοτε
1573 5121 1802 5182 tyranno

212 5182 554 5257 eorum'quaa
584 5187 640 5241 in
676 5185 994 5240 Mauricium
1032 5198 1096 5238 ac
1137 5182 1618 5257 Mauricii_li_beros
1649 5199 1802 5257 com-

214 5251 465 5323 miserat,
493 5258 791 5312 facinorum
823 5269 1014 5325 poenas
1042 5259 1312 5325 repeteret
1338 5270 1351 5306 :
1374 5251 1683 5325 (Crispoque
1710 5254 1805 5307 ab-

214 5320 455 5391 nuente,
503 5329 721 5382 tandem
760 5320 1141 5395 imperatorem
1197 5320 1521 5395 Heraclitum
1542 5320 1805 5395 asenatu

216 5400 527 5469 populoque
558 5392 949 5469 proclamatum
977 5409 1120 5461 esse,
1159 5401 1215 5448 et
1242 5407 1274 5446 a
1305 5392 1610 5463 patriarcha
1647 5408 1797 5448 coro-

216 5478 425 5524 natum.

1975 4894 2550 4975 (98)_’Apz__t6qm1éa.
2580 4893 2791 4975 Quippe
2822 4904 2917 4943 rex
2942 4887 3374 4975 Hl’iersarumirez
3402 4902 3488 4975 re:

1906 4956 2702 5046 Quin"inscribebaturn‘luvo‘l-
2724 4956 2854 5015 "Cum
2915 4958 3312 5046 profinctiafum
3334 4997 3347 5020 ’
3386 4956 3486 5046 -Ῠθι

1906 5026 2069 5100 etiam
2099 5026 2375 5097 civitatum
2421 5026 2965 5103 maiorumrectores
3006 5026 3243 5103 βασιλεῖέ
3284 5026 3488 5096 pariter

1900 5096 2230 5175 dicerentur,
2279 5108 2371 5179 qui
2419 5096 2525 5160 iis-
2538 5101 2796 5179 omnibus
2852 5098 3153 5179 imperabat
3197 5096 3487 5179 Persarum

1901 5167 2017 5248 Eéi',
2047 5199 2110 5238 ea
2138 5167 2401 5237 de'ca'usa
2425 5174 2582 5248 regis
2627 5170 3007 5248 regumﬁtitulo
3044 5168 3203 5248 vulgo
3244 5167 3485 5248 donabaf

1903 5237 2016 5320 id};
2042 5237 2100 5307 ut
2132 5262 2217 5307 est
2249 5249 2391 5319 apud
2424 5237 2887 5320 Bri'ssoniu'm,n__De
2915 5254 3071 5320 regno
3102 5237 3406 5304 Persarum,
3431 5245 3489 5291 et

1903 5325 1958 5380 in
1987 5309 2484 5389 bissertat.'nostra
2515 5310 2937 5389 adJoinvillapi,
2972 5309 3064 5364 27.

1974 5393 2085 5465 (99)
2132 5394 2311 5447 Τοῦτο
2351 5386 2481 5459 γάρ.
2515 5384 2755 5439 ινιοὶδῑεῐι.
2784 5384 2971 5435 ταῦτα.

1566 5591 1799 5648 VARUE
1836 5591 2245 5651 LECTIONES.

289 5717 333 5747 “
356 5717 412 5769 δέ
434 5730 545 5769 om.
569 5712 628 5768 P.
740 5715 785 5747 ⁸⁷
811 5716 893 5768 ὅτι
941 5714 1003 5769 Ρ.
1108 5713 1152 5746 ⁸³
1181 5710 1344 5766 αὑτὸν
1372 5709 1430 5766 Β.

221 5786 268 5818 ⁷³
293 5787 446 5840 τοῦτο
469 5786 528 5840 Ρ.

740 5715 785 5747 ⁸⁷
811 5716 893 5768 ὅτι
941 5714 1003 5769 Ρ.

1516 5710 1559 5742 ⁶⁹
1593 5708 1662 5763 τὰ
1696 5723 1805 5763 om.
1852 5707 1916 5763 Il.

2030 5709 2075 5740 τ’
2112 5702 2751 5777 ἡμᾶς-θαρρήσαντας
2793 5697 2903 5753 RV.
3016 5696 3056 5728 τί
3088 5688 3374 5761 σύγγελλον
3420 5684 3483 5745 Ρ.
