4092 6296
554 327 661 393 999
1744 329 2181 392 CHRONICON
2234 331 2640 392 PASCHALE.

548 440 618 495 A.
672 438 737 494 c.
1806 498 1811 505 _
1839 438 1950 512 [οι.
1992 438 2137 512 ιριι.]
2167 447 2213 503 Α

620 529 687 585 Et
735 529 805 585 ab
839 529 959 601 ipso
985 531 1075 586 die
1125 548 1236 587 xxu
1295 531 1499 586 mensis
1540 530 1823 595 Januarii,

548 623 836 687 scribitur,
867 623 1089 695 Imperii
1116 625 1351 681 Heraclii
1393 623 1531 678 Novi
1562 625 1823 678 Constan-

549 716 648 768 tmi
677 733 817 770 anno
843 735 960 772 vm.

620 806 745 863 621.
789 826 865 864 ιιι.
917 811 1035 866 Ind.
1092 828 1167 866 ιιι.
1203 812 1330 867 Post
1380 826 1537 866 cons.
1589 810 1825 867 Heraclii

546 900 776 972 Augusti
817 902 885 957 Χ.

618 995 687 1049 Et
718 996 787 1051 ab
836 996 954 1066 ipso
991 997 1080 1052 die
1120 1014 1232 1052 xm
1286 998 1492 1053 mensis
1540 997 1818 1061 Januarii,

544 1087 819 1153 scribitur,
858 1087 1079 1158 Imperii
1121 1090 1361 1145 Heractii
1393 1088 1533 1145 Novi
1560 1088 1817 1146 Constan-

544 1180 642 1233 tini
672 1198 812 1235 anno
848 1199 919 1236 IX.

619 1272 744 1326 622.
787 1289 884 1328 χιι.
930 1274 1048 1329 Ind.
1100 1292 1155 1328 χ.
1201 1274 1334 1331 Post
1388 1291 1542 1332 cons.
1587 1274 1817 1330 Ileraclii

549 1364 784 1436 Augusti
816 1367 910 1421 XI.
1864 1369 1919 1424 2.

619 1458 687 1513 Et
723 1460 791 1515 ab
840 1460 959 1531 ipso
991 1461 1080 1516 die
1120 1479 1233 1517 xxu
1279 1462 1484 1517 mensis
1544 1462 1817 1527 Januarii,

545 1552 825 1618 scribitur,
860 1552 1079 1623 Imperii
1117 1554 1351 1609 Heraclii
1380 1555 1515 1609 Novi
1559 1555 1819 1609 Constan-

543 1647 640 1699 tini
665 1664 804 1701 anno
834 1665 887 1702 Χ.

609 1741 734 1795 6°25.
813 1759 931 1796 mu.
974 1742 1094 1798 Ind.
1145 1759 1219 1798 ιιι.
1266 1740 1399 1799 Post
1451 1758 1605 1798 cons.
1639 1742 1812 1796 llera-

541 1834 628 1889 clii
658 1838 884 1906 Augusti
917 1837 1033 1892 XII.
1860 1837 1914 1891 5ο

611 1928 677 1981 Et
708 1930 775 1985 ab
826 1931 945 2000 ipso
994 1932 1081 1986 die
1113 1948 1223 1986 χχιι
1274 1931 1482 1987 mensis
1533 1931 1812 1995 Januarii,
1844 1931 2128 1997 scribitur,

535 2022 754 2094 Imperii
788 2024 1029 2079 Heraclii
1068 2025 1205 2080 Novi
1234 2024 1569 2081 Constantini
1602 2042 1743 2079 anno
1774 2042 1845 2081 x1.

3688 334 3824 400 1000

2313 532 2425 586 Καὶ
2477 533 2587 586 ἀπὸ
2628 531 2715 602 κβ¹
2762 536 2858 586 καὶ
2916 533 3090 604 αὐτῆς
3130 532 3228 586 τοῦ
3277 531 3610 606 Ἰανουαρίου
3660 537 3829 605 μηνὸς

2241 627 2533 698 γράφεται·
2565 625 2680 694 Τῆς
2700 627 3029 695 ,βασιλείας
3063 628 3587 697 Ἡρακλείου,ζΝέου
3601 631 3828 684 ⁸¹Κων-

2240 716 2571 770 σταντίνου
2597 716 2732 783 ἔτος
2757 722 2831 784 η’.

2324 805 2444 859 Ἰνδ.
2479 805 2545 859 θ’.
2582 803 2673 861 ια’.
2723 807 2863 877 μετὰ
2904 807 2951 840 ⁸³
3006 807 3102 862 ὑπ.
3143 808 3469 878 Ἡρακλείου
3510 808 3830 878 Αὐγούστου

2238 897 2301 950 τὸ
2340 894 2393 952 ι’.

2264 1032 2277 1039 ,
2311 986 2420 1039 Καὶ
2440 988 2548 1041 ἀπὸ
2574 986 2658 1058 κβ’
2682 988 2776 1042 καὶ
2803 988 3097 1058 αὖτῆς’τοῦ
3138 990 3470 1061 Ἰανουαρίου
3504 990 3674 1062 μηνὸς
3689 992 3832 1060 γρά-

2241 1093 2423 1144 φεται·
2452 1077 2568 1146 Τῆς
2590 1077 2916 1146 βασιλείας
2943 1078 3290 1148 Ἡρακλείου
3320 1082 3476 1135 Νέου
3505 1086 3831 1137 Han-atar-

2238 1182 2407 1219 τινου
2435 1164 2567 1232 ἔτος
2590 1164 2658 1219 θ’.

2310 1258 2476 1329 390
2519 1258 2639 1313 Ἱνδ.
2693 1264 2744 1315 ι’.
2776 1259 2862 1330 ιβ’.
2918 1259 3057 1331 μετὰ
3108 1261 3204 1316 ὑπ.
3246 1259 3571 1331 Ἡρακλείου
3615 1261 3833 1330 Αὐγού-

2242 1368 2368 1404 στου
2402 1352 2523 1415 ἔτος
2543 1352 2590 1384 ⁸⁸
2623 1359 2710 1407 ια’.

2303 1443 2412 1494 Καὶ
2441 1441 2550 1494 ἀπὸ
2572 1442 2655 1512 κβ⁹
2684 1442 2778 1496 καὶ
2803 1444 2973 1515 αὐτῆς
2997 1442 3091 1497 τοῦ
3127 1444 3460 1515 Ἰανουαρίου
3488 1445 3659 1515 μηνὸς
3688 1445 3831 1515 γρά-

2239 1551 2418 1603 φεται·
2456 1536 2915 1603 Τῆςβασιλείας
2943 1538 3286 1606 Ἡρακλείου
3314 1537 3471 1592 Νέου
3499 1542 3826 1592 Κωνσταν-

2238 1632 2408 1683 τίνου
2430 1628 2565 1695 ἔτος
2586 1630 2631 1660 ⁸⁸
2657 1629 2712 1683 ι’.

2322 1722 2443 1775 Ἰνδ.
2498 1728 2587 1776 ια’.
2640 1728 2729 1791 ιγ’.
2786 1721 2925 1793 μετὰ
2980 1721 3078 1777 ὑπ.
3132 1720 3458 1792 Ἡρακλείου
3500 1721 3826 1790 Αὐγούστου

2161 1796 2204 1853 Β
2232 1816 2292 1870 τὸ
2324 1816 2408 1887 ιβ’.

2304 1908 2415 1961 Καὶ
2444 1907 2551 1961 ἀπὸ
2572 1905 2657 1978 κβ⁹
2683 1906 2779 1961 καὶ
2820 1906 2868 1939 ⁸⁸
2905 1906 3078 1978 αὐτῆς
3111 1906 3205 1959 τοῦ
3266 1906 3604 1977 Ἰανουαρίου
3650 1906 3826 1977 μηνὸς

2230 1999 2504 2071 γράφεται
2529 2016 2544 2030 ·
2587 1998 2703 2067 Τῆς
2733 2000 3060 2066 ,Βασιλείας
3097 1998 3443 2068 Ἡρακλείου
3469 1998 3628 2052 Νέου
3653 2002 3820 2052 Κων-

2228 2094 2559 2147 σταντίνου
2596 2093 2732 2160 ἔτος
2761 2092 2856 2147 ια’.

2300 2183 2458 2254 391
2485 2184 2677 2253 Τούτῳ
2699 2182 2776 2254 τῷ
2802 2180 3038 2253 ἐνιαυτῷ
3066 2182 3197 2253 μηνὶ
3229 2180 3455 2251 Δαισίῳ,
3483 2180 3632 2234 κατὰ
3678 2180 3820 2232 Ῥω.

2231 2275 2425 2344 μαίους
2459 2275 2678 2328 Ἰουνίου
2698 2281 2760 2340 ε’,
2791 2275 2982 2345 ἡμέρᾳ
3010 2274 3223 2346 πρώτῃ,
3241 2274 3393 2335 ὄντος
3422 2271 3519 2325 τοῦ
3545 2272 3823 2342 βασιλέως

1862 904 1913 958 1.
1973 903 2099 958 550.

605 2180 722 2237 Hoc
773 2199 952 2246 anno,
987 2200 1179 2239 mense
1227 2184 1422 2247 Desio,
1482 2183 1787 2237 secundum
1844 2180 2125 2236 Romanos

532 2274 683 2332 Junii
715 2294 749 2332 v
770 2320 785 2344 ,
818 2280 952 2332 feria
985 2297 1036 2343 ι,
1074 2295 1198 2332 cum
1235 2280 1532 2348 imperator
1558 2277 1844 2332 lleraclius
1878 2276 1931 2329 in
1959 2275 2129 2328 Thra-

533 2371 633 2425 cia:
690 2372 937 2440 partibus
997 2381 1310 2426 versaretur
1354 2388 1461 2425 una
1514 2387 1669 2449 cum.
1700 2368 2023 2440 proceribus
2056 2371 2101 2435 le

2240 2364 2562 2437 Ἡρακλείου
2594 2367 2675 2430 εἰς
2701 2368 2769 2419 τὰ
2798 2366 3009 2439 Θρᾴκια
3044 2367 3185 2438 μέρη
3228 2368 3368 2437 μετά
3396 2383 3561 2420 τινων
3611 2366 3820 2437 ἀρχόν-

534 2462 780 2528 civibus,
837 2474 999 2533 atque
1047 2464 1299 2530 clericis,
1350 2472 1513 2533 atque
1563 2463 1699 2517 adeo
1748 2477 1871 2515 cum
1913 2458 2106 2530 opiﬁci-

2224 2475 2333 2511 των
2376 2457 2470 2523 καί
2496 2476 2657 2512 τινων
2696 2460 2758 2511 οὺ
2802 2459 2965 2528 μόνον
3020 2458 3302 2530 κτητόρων
3355 2457 3452 2511 καὶ
3506 2458 3818 2528 κληρικῶν,

536 2556 673 2618 bus,
704 2554 956 2625 plurimis
994 2555 1157 2608 etiam
1201 2570 1269 2609 ex
1302 2564 1532 2625 utraque
1579 2553 1851 2617 factione,
1899 2567 1962 2607 ac
2006 2552 2106 2621 ple-

2226 2551 2364 2606 ἀλλὰ
2398 2552 2507 2623 γὰρ
2545 2553 2642 2605 καὶ
2668 2550 3136 2623 ἐργαστηριακῶν
3170 2552 3265 2603 καὶ¹
3291 2549 3547 2620 δημοτῶν
3582 2549 3648 2615 ἐξ
3683 2550 3822 2602 ἐκα-

532 2646 633 2710 be,
673 2644 911 2699 Avarum
944 2646 1203 2715 Chagano
1234 2645 1305 2700 ad
1342 2647 1587 2718 Longum
1618 2660 1834 2699 murum
1865 2659 1988 2698 cum
2043 2643 2106 2696 in-

2223 2643 2385 2714 τέρου
2430 2642 2629 2712 μέρους
2662 2641 2757 2694 καὶ
2791 2640 3031 2711 πλήθους
3072 2639 3235 2692 ἄλλου
3268 2639 3369 2692 οὐκ
3421 2638 3631 2708 ὀλίγου,
3676 2639 3821 2709 πλη-

532 2751 765 2808 numera
821 2735 1176 2790 multitudine
1228 2737 1391 2791 etiam
1453 2735 1782 2801 accedente,
1834 2733 2014 2805 quod,
2062 2746 2106 2787 ul

2226 2736 2514 2799 σιάσαντος
2536 2733 2613 2805 τῷ
2656 2732 2853 2805 μακρῷ
2885 2734 3057 2803 τείχει
3088 2731 3182 2785 τοῦ
3211 2732 3467 2796 Χαγάνου
3503 2732 3617 2785 τῶν
3644 2732 3818 2785 Ἀϐά-

532 2846 719 2884 rumor
754 2830 1112 2884 iucrebuerat
1137 2871 1151 2895 ,
1183 2830 1461 2886 Romanos
1509 2830 1654 2886 inter
1691 2846 1754 2885 ac
1786 2835 1990 2885 Avares
2018 2845 2106 2900 pa)

2227 2846 2336 2900 ρων
2370 2828 2445 2897 (9)
2474 2829 2614 2898 μετὰ
2644 2825 2875 2896 πλήθους
2901 2824 3154 2896 ἀπείρου,
3181 2823 3504 2895 μελλούσης,
3523 2823 3600 2887 ὡς
3622 2823 3818 2889 καθὼς

528 2931 676 2977 esset
726 2921 1097 2987 conficienda,
1141 2933 1252 2977 tum
1303 2924 1467 2978 etiam
1511 2923 1656 2994 quod
1704 2923 1978 2979 Heracleae
2008 2924 2106 2978 ludj

2221 2918 2523 2990 ἐφημίσθη,
2574 2917 2776 2989 μεταξὺ
2823 2916 3111 2987 Ῥωμαίων
3163 2916 3258 2970 καὶ
3329 2915 3581 2986 Ἀὄάρων
3646 2912 3853 3000 είρήε

528 3016 810 3071 circenses
841 3015 1156 3070 celebrandi
1200 3024 1420 3081 essent,
1461 3016 1563 3070 hac
1602 3015 1743 3070 fama
1773 3015 1947 3071 excita
1975 3015 2106 3069 mul-

2220 3028 2320 3080 νης
2342 3009 2388 3041 ⁸⁷
2412 3008 2684 3080 γίνεσθαι,
2716 3010 2808 3063 καὶ
2843 3008 3130 3079 μέλλοντος
3157 3006 3384 3061 ἱππικοῦ
3415 3008 3474 3060 ἐν
3508 3006 3818 3078 Ἡρακλείᾳ.

527 3107 705 3162 titudo
737 3106 948 3162 infinita
973 3147 987 3172 ,
1028 3122 1094 3161 ex
1120 3106 1299 3161 Felice
1326 3107 1462 3161 urbe
1490 3122 1709 3177 egressa
1738 3116 1839 3162 est.
1880 3106 1946 3161 Et
1974 3107 2106 3162 circa

2221 3103 2472 3171 ἄγεσθαι,
2496 3105 2562 3172 τῇ
2590 3104 2747 3174 φήμῃ
2773 3101 2947 3173 ταύτῃ
2977 3101 3322 3171 συναπαχθὲν
3347 3101 3396 3134 ⁸⁸
3420 3099 3629 3171 πλῆθος
3653 3101 3818 3153 ἄπει-

527 3201 717 3255 horam
746 3217 798 3255 ιν
834 3199 1006 3269 ipsius
1038 3198 1335 3255 Dominica:
1357 3241 1372 3266 ,
1409 3200 1646 3255 Avarum
1677 3199 1969 3270 Chaganus
2016 3198 2106 3253 ila-

2222 3168 2314 3270 ρον
2340 3168 2563 3269 ἐξῆλθεν
2588 3168 2784 3267 intrii;
2815 3168 3273 3264 πανευδαίμονος,
3305 3195 3401 3247 καὶ
3426 3168 3557 3265 περὶ
3587 3191 3739 3265 ὤραν
3769 3192 3814 3245 δ’

524 3293 665 3364 gello
699 3310 799 3347 suo
836 3294 1049 3363 signum
1082 3293 1275 3357 dedit,
1304 3294 1597 3364 statimque
1629 3308 1822 3347 omnes
1854 3292 1945 3362 qui
1991 3308 2106 3347 cum

2214 3291 2311 3360 τῆς
2358 3288 2645 3359 Κυριακῆς
2691 3287 2859 3356 αὐτῆς
2902 3286 2931 3338 ὁ
2979 3285 3231 3353 Χαγέινος
3276 3284 3387 3338 τῶν
3447 3283 3698 3352 Ἀὄάρων
3730 3281 3815 3353 τῷ

523 3386 616 3440 illo
645 3395 802 3440 erant
858 3386 1107 3456 Longum
1154 3401 1376 3441 murum
1427 3387 1635 3457 impetu
1688 3386 1831 3440 facto
1886 3385 2106 3457 ingressi

2214 3379 2524 3452 φραγελλίῳ
2554 3380 2600 3412 ⁶⁸⁹
2632 3378 2799 3432 αὑτοῦ
2829 3377 3069 3441 ἔνευσεν,
3098 3378 3192 3431 καὶ
3222 3376 3425 3439 πάντες
3448 3376 3499 3429 οἱ
3527 3377 3627 3429 σὺν
3654 3374 3814 3445 αὑτῷ

520 3487 682 3542 sunt,
717 3479 836 3547 ipso
868 3488 1021 3533 extra
1072 3495 1290 3533 murum
1338 3496 1461 3533 cum
1498 3479 1709 3548 aliquot
1758 3478 2116 3533 familiaribus

520 3581 779 3626 manente
801 3613 815 3637 ,
846 3588 970 3627 cum
993 3613 1008 3636 ,
1048 3581 1110 3626 ut
1143 3572 1344 3627 dixisse
1377 3573 1573 3637 fertur,
1603 3572 1764 3627 simul
1801 3582 1965 3642 atque
1993 3588 2115 3626 mu-

520 3681 643 3719 rum
677 3666 957 3736 ingressus
985 3676 1165 3731 esset,
1198 3668 1391 3721 urbem
1427 3682 1486 3722 se
1521 3667 1677 3722 facile
1716 3678 2109 3738 occupaturum

521 3754 625 3808 sibi
653 3755 1008 3825 persuaderet
1037 3775 1050 3810 :
1083 3757 1227 3827 quod
1278 3772 1411 3811 sane
1442 3757 1766 3823 accidisset,
1797 3758 1905 3813 nisi
1955 3758 2109 3812 illum

520 3841 898 3911 prohibuisset
926 3844 1091 3899 Deus.
1135 3845 1287 3900 Illius
1331 3856 1514 3901 tamen
1559 3847 1732 3918 copiae
1778 3848 1894 3919 ipsa
1925 3847 2111 3903 Domi-

517 3930 674 3995 nica,
709 3931 967 4003 ingressae
1003 3936 1148 3990 circa
1196 3953 1481 4008 vesperam
1535 3955 1710 4010 usque
1756 3941 1823 3997 ad
1872 3943 2109 3996 Auream

518 4032 764 4096 portam,
814 4036 1080 4097 quotquot
1108 4039 1261 4085 extra
1302 4031 1492 4086 urbem
1525 4044 1881 4103 repererunt,
1913 4034 1999 4088 vel
2046 4034 2102 4088 in

518 4115 849 4171 suburbanis
874 4158 887 4180 .
920 4129 972 4174 et
1026 4121 1290 4192 quidquid
1338 4124 1625 4179 hominum
1658 4126 1741 4180 vel
1781 4127 2099 4181 anim‘alium

515 4207 802 4263 inventum
840 4210 980 4273 fuit,
1013 4212 1069 4266 in
1124 4215 1359 4284 praedam
1388 4232 1639 4286 rapuere.
1695 4216 1927 4290 lngressi
1972 4229 2102 4275 sunt

511 4301 677 4353 etiam
709 4316 920 4358 sacram
954 4305 1127 4361 eadem
1163 4306 1490 4364 Sanctorum
1517 4311 1727 4366 Cosmae
1756 4319 1812 4367 et
1847 4311 2095 4366 Damiani

2212 3475 2560 3545 ὁρμήσαντες
2597 3472 2855 3544 είσῆλθαν
2897 3473 2943 3504 ’θ
2984 3471 3046 3524 τὺ
3101 3470 3312 3542 μακρὸν
3355 3472 3553 3540 τεῖχος,
3590 3468 3810 3520 ἐκείνου

2216 3564 2505 3633 μείναντος
2541 3561 2739 3629 ἔξωθεν
2760 3560 2855 3614 τοῦ
2878 3560 3090 3631 τείχους
3123 3560 3261 3631 μετὰ
3284 3576 3450 3612 τινων
3469 3557 3582 3608 τῶν
3608 3555 3807 3619 αὑτοῦ,
3826 3593 3839 3601 ρ

2210 3662 2305 3714 καὶ
2328 3658 2402 3723 ὡς
2426 3656 2611 3718 καθὼς
2645 3653 2799 3711 εἶπεν
2829 3658 2912 3710 ὅτι
2948 3657 3041 3711 καὶ
3079 3656 3141 3709 τὸ
3180 3658 3358 3725 τεῖχος
3384 3654 3675 3725 εἰσήρχετο
3706 3652 3808 3705 καὶ

2208 3754 2306 3817 τὴν
2338 3752 2494 3806 πόλιν
2529 3749 2971 3822 παρελάμϐανεν,
3022 3749 3071 3803 εί
3130 3748 3203 3819 μὴ
3250 3748 3332 3800 ὅτι
3374 3749 3403 3801 ὁ
3448 3746 3585 3808 Θεὸς
3635 3744 3807 3798 αὐτὸν

2210 3843 2510 3899 ἐκώλυσεν.
2545 3843 2694 3915 Πλὴν
2724 3843 2774 3895 οἱ
2805 3841 2973 3895 αὐτοῦ
3009 3839 3348 3903 εἰσελθόντες
3384 3837 3523 3909 αὑτῇ
3557 3840 3627 3908 τῇ
3681 3838 3804 3890 Κυ-

2213 3942 2374 4010 ριακῇ
2399 3938 2507 3991 ἀπὸ
2536 3936 2778 4008 ἑσπέρας
2807 3937 2851 3969 ⁸⁸
2876 3935 2979 3998 ἕως
3020 3926 3121 4005 τῆς
3162 3934 3389 4004 Χρυσῆς
3430 3931 3639 4002 πόρτας
3680 3928 3801 4001 (10)

2211 4034 2421 4094 πάντας
2459 4028 2828 4101 ὲπραίδευσαν
2854 4025 2946 4092 οὓς
2971 4021 3139 4099 ηὗρον
3163 4026 3268 4092 ἔξω
3292 4026 3391 4095 τῆς
3413 4024 3625 4085 πόλεως
3658 4023 3802 4093 μετά

2209 4123 2434 4177 καὶτῶν
2482 4125 2539 4177 ἐν
2590 4124 2703 4185 τοῖς
2758 4120 3104 4192 προαστείοις
3145 4119 3294 4182 ὅπως
3340 4114 3435 4171 οὖν
3458 4116 3801 4187 εὑρεθέντων

2208 4214 2516 4285 ἀνθρώπων
2560 4230 2621 4267 τε
2655 4212 2752 4266 καὶ
2788 4211 3000 4280 ἀλόγων
3028 4210 3408 4265 παντοδαπῶν.
3439 4209 3714 4279 Εἰσῆλθαν
3748 4210 3797 4241 ’³

2207 4306 2265 4360 δὲ
2302 4308 2400 4361 καὶ
2431 4307 2477 4338 ⁹³
2507 4307 2588 4370 εἰς
2618 4306 2746 4369 τοὺς
2780 4303 2996 4374 Ἀγίους
3041 4305 3271 4375 Κοσμᾶν
3294 4303 3408 4377 (Η)
3441 4302 3538 4358 καὶ
3581 4305 3799 4373 Δαμια-

1854 4490 2177 4548 DUCANGII
2217 4490 2451 4547 NOTAE.

582 4637 658 4717 (9)
715 4639 1017 4717 Xafa'roo
1057 4643 1175 4717 :ch
1240 4644 1518 4715 Ἀϐάρων.
1588 4649 1693 4703 Seu
1764 4650 2085 4705 llunnorum

2213 4653 2281 4706 ib.
2308 4668 2344 4711 ι,
2377 4658 2509 4704 sect.
2541 4648 2627 4714 15,
2657 4665 2715 4703 ιι.
2740 4648 2826 4703 16.

507 4713 653 4778 regis
705 4727 718 4792 ξ
778 4713 855 4792 sic
932 4715 1079 4792 enim
1133 4713 1599 4792 llunnosﬁhdictos
1644 4721 1830 4776 scribit
1889 4726 2084 4792 Georg.

506 4782 807 4861 monachus
833 4783 885 4836 in
925 4786 1130 4861 εδιτορ.
1156 4804 1255 4861 ms.
1284 4788 1487 4861 Scribit
1516 4790 1853 4861 Nicephorus
1881 4782 2087 4847 Callist.

506 4849 603 4903 lib.
642 4866 749 4914 xw,
787 4868 905 4933 cap.
1071 4856 1279 4933 Gothos
1309 4849 1699 4933 ae_Wandalos
1739 4873 1794 4917 et
1834 4864 2088 4933 Gepidas,

2261 4722 2372 4791 (Η)
2414 4723 2517 4786 Εις
2553 4721 2695 4786 τοὺς
2720 4720 2930 4790 ἁγίους
2958 4718 3229 4788 Κοσμᾶν,
3258 4728 3363 4791 etc.
3395 4718 3553 4783 Ibid.,
3586 4719 3684 4774 lib.
3715 4737 3787 4786 Iv,

2189 4790 2324 4850 seet.
2358 4793 2441 4857 15,
2474 4808 2530 4845 ιι.
2565 4792 2651 4855 10,
2689 4791 2777 4845 ubi
2810 4791 3073 4845 docemur
3104 4792 3245 4845 hanc
3270 4790 3441 4845 aedem
3474 4792 3572 4843 SS.
3606 4792 3790 4845 Anar-

2191 4879 2442 4936 gyrorum
2493 4861 2873 4936 sitam_fuiss_e
2920 4861 2974 4936 in
3020 4862 3363 4936 Biachernis,
3399 4864 3541 4936 quod
3596 4871 3652 4915 et
3699 4864 3789 4918 hic

2191 4932 2331 4990 mna
2370 4942 2611 4995 notatur,
2636 4933 2690 4987 id
2715 4932 2889 5003 estin
2921 4932 3343 5003 Blachernarum
3380 4932 3620 5003 regione,
3655 4949 3787 5002 pro-

2193 5006 2318 5060 inde
2347 5004 2578 5057 vicinam
2607 5005 2775 5058 fuisse
2794 5002 2895 5057 aedi
2921 5004 3165 5073 Deiparae
3196 5002 3605 5073 Blachernensi,
3633 5006 3813 5073 Quod;

2194 5052 2397 5130 aut;
2408 5052 2621 5129 ἱιίὲῖὶίἰιὲ
2634 5052 2709 5128 ἶτῖ
2718 5052 2738 5057 ⁷
2750 5052 2895 5145 libro
2922 5052 3317 5129 magna};
3331 5052 3783 5145 seizingigﬁat
3801 5052 3809 5125 i

2194 5161 2311 5201 rum
2348 5146 2405 5199 in
2444 5146 2546 5200 hac
2580 5145 2788 5201 scilicet
2816 5144 2931 5199 aede
2973 5155 3329 5213 patratorum,
3362 5157 3481 5213 cap.
3510 5145 3597 5203 18.
3630 5144 3692 5198 ιιι
3725 5154 3783 5200 et

2191 5217 2438 5281 clericos,
2484 5232 2593 5270 non
2628 5232 2758 5270 vero
2805 5217 3122 5279 monachos,
3156 5216 3210 5270 in
3257 5232 3321 5270 ea
3354 5229 3503 5269 sacra
3555 5216 3776 5271 iecisse.

2191 5291 2268 5342 Ac
2300 5297 2447 5342 certe
2488 5288 2770 5341 ecclesiam
2807 5284 2975 5340 fuisse
3006 5288 3325 5341 catholicam
3349 5322 3363 5346 ,
3403 5286 3457 5339 id
3500 5296 3584 5340 est
3627 5289 3777 5355 quod

2192 5361 2362 5413 nostri
2395 5359 2584 5413 dicunt
2625 5357 2961 5429 parochiam,
3009 5359 3094 5413 vel
3138 5357 3264 5413 inde
3291 5357 3562 5427 conjicere
3612 5356 3774 5423 licet,

504 4936 696 5004 omnes
728 4924 901 5004 iunius
926 4927 1159 5004 _lingu:e,
1203 4928 1441 4983 llonorio
1467 4940 1523 5004 et
1561 4933 1791 4988 Arcadio
1822 4924 2096 5004 imperati-'—

505 4990 683 5075 tibus,
728 4990 1053 5075 Panuhiuni'
1089 4990 1459 5075 transgressos
1508 5003 1561 5056 in
1602 5004 1815 5075 ﬁnibus
1864 4990 2094 5060 Romani

501 5062 794 5146 Orientalis
828 5064 1059 5146 imperii
1098 5062 1431 5146 consedisse,
1472 5088 1536 5128 ac
1586 5073 1823 5145 Gepidas
1851 5077 2092 5146 quidem,

501 5134 606 5218 qui,
643 5134 695 5185 in
732 5134 868 5190 duos
900 5134 1127 5208 populos
1156 5134 1547 5218 divisi__erant,
1600 5134 1988 5218 Longobardos
2028 5134 2084 5200 et

502 5206 728 5285 Avares,
777 5220 927 5286 oram
973 5206 1100 5286 eam
1147 5228 1268 5283 quae
1303 5214 1651 5286 Singidonem
1699 5206 1841 5271 inter
1882 5229 1937 5272 et
1969 5217 2086 5271 Sir-

500 5279 668 5327 mium
695 5279 857 5343 jacet,
889 5279 1196 5338 incoluisse.

570 5345 683 5413 (ίθ)
723 5346 842 5416 Τῆς
868 5350 1113 5421 Χρυσῆς
1136 5356 1377 5422 πόρτας.
1405 5355 1856 5427 Comtantinopol.
1887 5357 2081 5412 Christ.

1776 5513 2014 5568 VARIKE
2056 5512 2459 5570 LECTIONES.

535 5651 612 5740 ."I
639 5653 782 5746 Néo‘uT
814 5670 923 5709 om.
1087 5658 1141 5746 1’
1165 5658 1304 5729 μετὰ
1331 5674 1503 5746 usque
1525 5659 1689 5746 {\(Lty'
1717 5676 1826 5713 om.
1997 5659 2064 5746 ,ξ’
2090 5658 2206 5746 ἔτος
2232 5659 2386 5746 ςεὸῄξ)ἐ
2561 5659 2712 5746 ἔτρρς
2742 5660 2823 5746 Ρ.⁹
2882 5663 2927 5693 ⁸⁸
2959 5663 3073 5746 καί.
3100 5663 3414 5746 ἰῆς-..⁸⁷
3451 5664 3677 5746 ςρήιςην
3700 5662 3764 5746 P,

500 5726 720 5849 εἰρήνιης
741 5724 804 5791 ιτ,
833 5742 907 5779 ιιι.
949 5728 1011 5781 ιι.
1087 5730 1131 5761 ⁸⁸
1157 5724 1501 5799 ἁνναχθὲνῬ.
1577 5731 1622 5762 ⁸⁸
1653 5724 1965 5801 ἱρραγγελίῳ
1995 5728 2054 5784 Ρ.
2132 5732 2177 5763 ⁹⁰
2207 5731 2451 5801 εἰσῆλθον
2482 5730 2540 5784 Ρ.
2619 5733 2658 5762 ¹⁹¹
2692 5732 2930 5804 ἑσπέραν
2963 5734 3025 5788 ν.
3100 5724 3423 5807 η’ἐίσῆλθον
3458 5724 3516 5789 PI
3560 5724 3571 5735 ’
3595 5724 3643 5767 ’ί
3674 5724 3765 5788 καὶ

500 5813 607 5849 oui.
670 5801 703 5847 ’.
