4092 6296
317 344 469 414 1305
1530 327 1965 397 CHRONICON
2022 323 2427 386 PASCHALE.
3452 311 3590 381 ιοοθ

312 461 374 524 γ’
395 452 636 525 φόλλεων
664 448 1111 521 πιπρασκομένου
1141 442 1234 501 τοῦ
1266 440 1483 515 ψωμίου
1514 439 1677 502 αὐτὸς
1706 436 1754 509 η’
1784 434 1908 506 φόλ-

1973 430 2275 497 aleretur,
2315 444 2429 483 rem
2490 425 2605 496 ipse
2654 438 2721 479 eo
2767 422 3041 479 deducere
3103 420 3402 478 conabatur
3432 463 3448 490 ,
3508 425 3589 481 uti

316 516 464 599 λεων
495 542 630 598 αὐτὸ
658 516 1194 613 ἠϐουλήθηνποιῆσαι
1217 552 1231 568 ’
1262 534 1357 588 καὶ
1398 535 1427 589 ὁ
1467 530 1602 595 Θεὸς
1642 524 1912 583 κατέϐαλε

2012 536 2137 581 octo
2185 524 2341 579 folles
2384 522 2770 592 exigerentur:
2800 517 2895 573 sed
2943 516 3089 574 Deus
3140 517 3429 573 consilium
3470 519 3592 592 eius

316 638 425 707 ’τὴν
458 634 653 706 βουλὴν
683 632 871 687 αὐτοῦ.

612 652 653 706 ιν
683 632 871 687 αὑτοῦ.
2011 617 2228 674 evertit.

398 705 564 799 392
598 705 781 779 Καλὸν
810 724 866 776 δὲ
899 720 1263 793 διηγήσασθαι
1291 719 1441 781 ὅπως
1469 716 1565 770 καὶ
1588 714 1683 769 νῦν
1701 715 1729 768 ὁ
1756 714 1914 783 μόνος

2082 709 2274 781 Operm
2319 708 2553 780 pretium
2580 721 2742 777 porro
2775 705 2991 762 videtur
3042 721 3349 778 exponere,
3402 721 3595 776 quem-

322 797 615 880 ττολυέλεος
661 816 756 869 καὶ
803 812 1177 883 εὔσπλαγχνος
1225 811 1359 877 Θεὸς
1405 812 1473 881 τῇ
1535 806 1916 879 εὐπροσδέκτῳ

2024 802 2318 857 admodum
2376 811 2432 855 et
2468 816 2616 854 nunc
2646 800 2795 854 solus
2850 798 3163 855 misericors
3209 813 3273 853 ac
3310 797 3600 854 clementia

323 908 598 981 πρεσϐείᾳ
626 908 727 977 τῆς
760 906 1031 978 ἀχράντου
1060 903 1225 960 αὑτοῦ
1256 902 1462 976 μητρὸς
1493 901 1585 954 καὶ
1612 900 1753 954 κατὰ
1780 898 1917 969 ἀλήο

2015 896 2214 967 plenus
2260 894 2406 950 Deus
2438 909 2536 965 per
2563 891 3000 963 acceptissimam
3044 893 3380 946 intemeratae
3412 892 3602 947 matris

324 1003 484 1057 Θειαν
526 1000 824 1069 Δεσποίνης
883 998 1042 1071 ἡμῶν
1090 997 1352 1052 Θεοτόκου
1399 995 1494 1050 xui.
1530 992 1916 1064 Ἀειπαρθένου

2017 989 2216 1059 ipsius,
2251 996 2306 1042 et
2350 1002 2478 1041 vere
2511 985 2753 1041 Domina:
2795 994 2996 1040 nostrae
3046 983 3140 1039 Dei
3188 983 3512 1051 Genitricis,
3545 992 3604 1041 et

324 1094 553 1165 Μαρίας
586 1093 686 1166 τὴν
721 1090 984 1163 ταπεινὴν
1011 1090 1218 1160 ταύτην
1240 1088 1407 1143 αὐτοῦ
1439 1087 1592 1142 πόλιν
1618 1086 1822 1139 ἔσωσεν
1854 1086 1918 1137 ἐκ

2016 1096 2234 1150 semper
2280 1077 2520 1149 Virginis
2573 1075 2755 1131 Maria:
2807 1074 3290 1140 intercessionem,
3339 1073 3601 1129 humilem

321 1187 442 1241 τῶν
465 1185 605 1240 κατὰ
640 1186 960 1256 συμφωνίαν
994 1182 1393 1237 κυκλωσάντων
1438 1180 1608 1250 αὐτὴν
1634 1176 1919 1235 παναθέων

2018 1174 2161 1230 hanc
2193 1188 2348 1228 suam
2383 1171 2579 1226 urbem
2618 1186 2685 1225 ex
2730 1169 2910 1240 impiis
2958 1168 3205 1223 hostibus
3227 1210 3241 1233 ,
3276 1168 3408 1222 inita
3462 1167 3604 1223 invi-

322 1278 543 1350 ὲχθρῶν
579 1280 644 1348 τῇ
682 1278 920 1348 κραταιᾷ
950 1274 1117 1329 αὐτοῦ
1142 1273 1307 1345 χειρὶ,
1342 1271 1437 1327 καὶ
1460 1272 1551 1325 τὸν
1571 1273 1628 1325 ὲν
1659 1270 1800 1342 αὐτῇ
1826 1268 1920 1323 εὑ-

2020 1280 2140 1321 cem
2185 1262 2563 1333 coniuratione
2611 1260 2754 1315 hanc
2800 1259 3207 1322 obsidentibus,
3239 1268 3295 1315 et
3336 1260 3603 1331 cingenti-

326 1370 562 1443 ρεθέντα
609 1368 735 1422 λαὸν
790 1366 1134 1439 ὲλυτρώσατο
1175 1366 1279 1436 τῆς
1325 1362 1786 1437 προσδοκωμένης
1818 1377 1922 1432 μα-

2017 1359 2154 1425 bus,
2186 1355 2407 1428 potenti
2449 1370 2551 1410 sua
2584 1369 2778 1418 manu,
2812 1361 2866 1407 et
2894 1352 2986 1423 qui
3021 1360 3135 1406 tum
3172 1352 3226 1407 in
3259 1369 3319 1409 ea
3348 1362 3467 1409 erat
3504 1369 3603 1424 po-

326 1461 554 1533 χαίρας,
593 1460 976 1532 αἰχμαλωσίας
1020 1476 1079 1514 τε
1128 1459 1225 1513 καὶ
1278 1457 1617 1529 πικροτάτης
1651 1442 1917 1518 δουλείας,

2020 1452 2208 1524 pulum
2237 1450 2305 1506 ab
2352 1448 2675 1503 imminente
2721 1445 2927 1517 gladio,
2964 1445 3315 1516 captivitate,
3342 1457 3399 1502 et
3448 1462 3604 1502 acer-

324 1554 365 1606 ὂ
395 1555 437 1585 ³⁸
468 1553 643 1617 οὐδεὶς
680 1552 791 1605 τῶν
835 1552 1056 1606 πάντων
1087 1551 1386 1623 εὐπορήσει
1428 1547 1815 1619 διηγήσασθαι.
1860 1544 1921 1601 Ὀ

2021 1546 2244 1602 bissima
2290 1543 2557 1600 servitute
2603 1541 2917 1597 liberaverit
2954 1559 2968 1595 :
3004 1557 3124 1611 quae
3170 1542 3389 1611 quidem
3421 1542 3605 1597 omnia

326 1644 447 1718 γὰρ
480 1645 885 1716 ὲπικατάρατος
916 1643 1203 1714 Σαλϐἀρας
1230 1643 1365 1714 (19),
1397 1641 1625 1713 ἔξαρχος
1651 1638 1746 1693 τοῦ
1779 1639 1922 1711 Περ-

2023 1655 2185 1695 nemo
2229 1640 2362 1695 satis
2414 1637 2613 1709 poterit
2645 1651 2941 1707 eXponere.
2996 1635 3208 1691 Etenim
3242 1638 3607 1694 exsecrandus

331 1736 495 1792 σικοῦ
532 1736 766 1808 στρατοῦ
789 1776 806 1802 ,
837 1737 1213 1808 ἐκδεχόμενος,
1249 1735 1326 1798 ὡς
1381 1733 1577 1797 ἔοικεν,
1612 1732 1709 1785 καὶ
1739 1730 1921 1800 ἔργοις

1989 1800 1994 1808 _
2025 1734 2118 1790 ille
2152 1732 2436 1797 Salbaras,
2468 1731 2673 1787 Persici
2729 1731 3003 1787 exercitus
3051 1731 3161 1786 dux
3215 1742 3272 1787 et
3300 1733 3567 1787 exarchus
3590 1771 3605 1794 ,

328 1830 395 1883 δὲ
431 1793 741 1883 τελευταῖον
768 1793 1085 1901 άπεδείὶθὴ,
1112 1793 1212 1900 τὴν
1250 1793 1344 1881 τοῦ
1372 1793 1642 1882 παναθέου
1666 1793 1920 1894 Χαγάνου

2026 1843 2151 1883 cum
2184 1834 2566 1899 exspectaret,
2594 1836 2656 1881 ut
2701 1841 2832 1881 vero
2874 1826 3051 1880 simile
3099 1836 3209 1891 est,
3238 1834 3295 1881 et
3339 1842 3405 1881 ex
3451 1824 3610 1880 factis

328 1923 450 1977 τῶν
494 1921 740 1994 ’Δϐάρων
765 1922 1073 1986 ἔπέλευσιν,
1110 1920 1220 1993 πρὸ
1243 1920 1514 1974 πλείστων
1541 1918 1746 1973 τούτων
1783 1920 1923 1989 ἡμε-

2027 1921 2248 1976 demum
2297 1920 2584 1991 apparuit,
2645 1920 2757 1975 Deo
2826 1919 2990 1975 invisi
3053 1919 3292 1974 Avarum
3366 1918 3608 1991 Chagani

339 2013 461 2083 ρῶν
494 2013 786 2083 γενόμενος
840 2013 899 2066 ἐν
942 2011 1251 2083 Χαλκηδόνι
1301 2011 1483 2065 πάντα
1524 2010 1593 2065 τά
1620 2026 1680 2063 τε
1716 2008 1759 2041 ¹⁶
1788 2026 1925 2080 προ-

2026 2013 2356 2080 ndventum,
2389 2013 2609 2068 interim
2650 2013 2957 2083 complures
2984 2023 3112 2068 ante
3160 2014 3278 2068 dies
3320 2012 3513 2068 castris
3541 2013 3611 2068 ad

332 2105 532 2159 ἁστεια
553 2103 651 2158 καὶ
675 2103 915 2158 παλάτια
936 2104 1032 2159 καὶ
1055 2104 1180 2169 τοὺς
1200 2103 1527 2175 εὐκτηρίους
1548 2102 1731 2165 οἴκους
1748 2100 1927 2165 ἀθέως

2028 2106 2432 2163 Chalcedonem
2464 2106 2659 2178 positis
2682 2147 2698 2173 ,
2728 2108 3041 2162 suburbana
3087 2108 3302 2167 omnia,
3331 2116 3388 2162 et
3430 2122 3613 2162 sacras

337 2197 662 2268 ἐνέπρησεν.
692 2196 787 2251 καὶ
811 2196 1024 2268 ἔμεινεν
1046 2196 1231 2252 λοιπὸν
1264 2196 1363 2268 τὴν
1388 2196 1599 2250 ἐκείνου
1622 2193 1926 2267 παρουσίαν

2029 2201 2176 2257 aedes
2205 2199 2459 2257 incendio
2492 2200 2752 2272 sacrilege
2781 2200 3121 2269 absumpsit:
3156 2200 3339 2269 ibique
3367 2199 3612 2266 mansit,

339 2288 719 2360 ἐκδεχόμενος.
751 2289 831 2361 Τῇ
863 2286 957 2343 οὖν
987 2289 1065 2343 κθ¹
1088 2288 1183 2342 τοῦ
1220 2289 1441 2343 Ἰουνίου
1468 2290 1638 2361 μηνὸς
1660 2291 1759 2360 τῆς
1794 2302 1933 2358 παρ-

2032 2294 2177 2349 illius
2208 2293 2503 2348 adventum
2528 2293 2893 2363 praestolatus.
2922 2292 3107 2362 Itaque
3131 2308 3256 2346 χχιι
3279 2291 3425 2347 Junii
3461 2307 3617 2348 men-

339 2384 513 2452 ούσης
550 2382 611 2435 ιδ’
638 2382 990 2448 ίνδικτιῶνος,
1020 2384 1300 2436 τουτέστιν
1349 2386 1413 2455 τῇ
1447 2384 1632 2457 ἡμέρᾳ
1660 2385 1761 2455 τῆς
1800 2399 1929 2436 συν-

2033 2388 2143 2452 sis,
2196 2386 2484 2458 praesentis
2538 2402 2630 2443 xlv
2685 2385 3030 2452 indietionis,
3079 2386 3168 2441 die
3215 2385 3424 2441 scilicet
3476 2383 3616 2440 festo

344 2472 519 2536 αξεως
540 2473 651 2526 τῶν
675 2472 846 2541 ἁγίων
882 2472 977 2526 καὶ
1019 2471 1244 2537 ἐνδόξων
1272 2474 1587 2543 κορυφαίων
1617 2472 1931 2528 ἀποστόλων

2033 2490 2347 2535 sanctorum
2375 2488 2430 2533 et
2456 2479 2749 2534 illustrium
2797 2477 3212 2549 coryphaaorum
3246 2476 3618 2547 apostolorum

343 2565 555 2636 Πέτρου
596 2566 691 2618 καὶ
725 2565 960 2627 Παύλου,
989 2564 1255 2619 κατέλαϐε
1303 2568 1644 2639 πρόκουρσον
1683 2564 1780 2620 τοῦ
1809 2566 1931 2619 θεο-

2034 2570 2182 2626 Petri
2238 2580 2296 2626 et
2342 2570 2523 2636 Pauli,
2575 2570 2809 2625 accessit
2865 2569 3041 2640 prima
3082 2569 3232 2624 acies
3282 2568 3395 2623 Deo
3444 2567 3616 2623 odiosi

352 2660 586 2729 μισὴτου
615 2657 890 2726 Χαγάνου,
939 2657 1015 2721 ὡς
1047 2657 1174 2730 ἄχρι
1204 2657 1458 2728 χιλιάδων
1490 2658 1808 2730 τριάκοντα,
1843 2656 1933 2710 διὰ

2036 2663 2306 2734 Chagani,
2340 2663 2557 2735 triginta
2604 2663 2826 2719 circiter
2873 2660 3156 2717 hominum
3202 2660 3473 2726 millium;
3522 2675 3621 2730 per

348 2749 690 2821 δηλωμάτων
717 2750 1053 2821 φημίσαντος
1076 2752 1137 2804 τό
1157 2769 1216 2805 τε
1239 2750 1466 2822 Μακρὸν
1487 2753 1665 2821 τεῖχος
1696 2749 1935 2804 καταλα-

2022 2758 2261 2827 nuntios
2310 2755 2707 2827 promulgantis
2757 2770 2817 2811 se
2875 2769 3039 2825 quam
3079 2754 3318 2825 primum
3374 2752 3620 2824 Longum

351 2842 469 2895 ϐεἶν
494 2842 589 2897 καὶ
616 2841 683 2896 τὰ
718 2842 864 2895 ἔνδον
889 2841 1077 2908 αὐτοῦ,
1108 2842 1248 2896 ὥστε
1283 2844 1410 2905 τοὺς
1444 2842 1767 2914 εὑρεθέντας
1797 2840 1929 2906 ἔξω-

2037 2866 2255 2905 murum
2285 2859 2679 2921 occupaturum
2700 2890 2714 2914 ,
2747 2858 2803 2904 et
2838 2848 3104 2919 quidquid
3136 2848 3279 2902 intra
3308 2847 3462 2902 illum
3497 2854 3618 2900 est:

352 2930 448 2984 θεν
482 2932 580 3001 τῆς
610 2930 815 2994 πόλεως
848 2932 1121 3000 ὲφίππους
1144 2932 1559 3001 γενναιοτάτους
1594 2931 1934 3003 στρατιώτας

2040 2941 2113 2998 ita
2144 2950 2206 2997 ut
2231 2950 2500 3013 quotquot
2513 2956 2581 2997 ex
2613 2940 2890 3011 equitibus
2921 2955 2986 2996 ac
3018 2938 3335 2995 fortissimis
3361 2937 3625 2993 militibus

352 3024 501 3076 κατὰ
528 3024 628 3092 τὴν
658 3022 827 3095 αύτὴν
860 3022 1093 3094 ἡμέραν,
1124 3023 1412 3095 Κυριακὴν
1447 3019 1631 3089 οὖσαν,
1665 3023 1812 3077 ἔνδον
1844 3039 1935 3093 γε-

2041 3036 2133 3106 qui
2164 3036 2431 3091 hactenus
2457 3044 2613 3091 extra
2645 3035 2839 3089 urbem
2869 3041 3059 3097 erant,
3094 3033 3201 3088 hoe
3233 3031 3355 3102 ipso
3387 3031 3497 3096 die,
3530 3031 3623 3101 qui

353 3114 543 3168 νέσθαι
574 3114 668 3168 τοῦ
698 3114 818 3169 νέου
861 3116 1217 3170 Θεοδοσιακοῦ
1266 3118 1478 3188 τείχους
1513 3117 1625 3187 (Ξυ)
1654 3116 1858 3187 ταύτης
1892 3116 1933 3149 ³⁷
1963 3156 1969 3192 γ

2007 3134 2098 3203 εἰη
2127 3132 2460 3188 Dominieam
2488 3128 2713 3197 incidite,
2751 3131 2891 3183 intra
2934 3141 3140 3181 novum
3188 3124 3623 3181 Theodosiacum

353 3206 457 3277 τῆς
491 3206 765 3277 βασιλίδος
792 3207 1019 3271 πόλεως,
1053 3208 1148 3262 καλ⁸
1176 3207 1391 3278 ἔμεινεν
1420 3209 1482 3262 τὸ
1509 3208 1642 3262 αὐτὸ
1675 3211 1941 3281 πρόκουρο

2042 3237 2259 3277 murum
2290 3221 2455 3289 hujus
2484 3218 2702 3274 urbium
2735 3217 2937 3287 regina:
2963 3229 3024 3269 se
3073 3212 3364 3269 confestim
3413 3210 3626 3281 recipe-

361 3314 453 3352 σον
477 3299 570 3352 ἐπὶ
595 3298 664 3352 τὰ
694 3298 837 3371 μέρη
868 3298 1232 3365 Μελαντιάδος
1257 3300 1392 3373 (21),
1431 3301 1633 3370 ὀλίγων
1670 3302 1729 3368 ἐξ
1757 3301 1942 3356 αὐτῶν

2043 3323 2187 3371 rent.
2248 3313 2553 3383 Mansitque
2586 3311 2762 3381 prima
2817 3310 2920 3363 ista
2964 3308 3111 3363 acies
3162 3306 3306 3361 circa
3346 3300 3627 3359 Melanth-

362 3389 745 3476 ἐκτρεχόντων
768 3387 933 3459 μέχρι
961 3388 1055 3443 τοῦ
1085 3389 1301 3462 τείχους
1326 3392 1391 3444 ὲκ
1410 3390 1819 3463 διαλειμμάτων
1847 3393 1945 3446 καὶ

2045 3408 2202 3469 dem,
2232 3404 2421 3476 paucis
2449 3419 2515 3459 ex
2555 3403 2622 3458 iis
2678 3416 2848 3471 usque
2876 3400 2942 3454 ad
2975 3413 3163 3454 muros
3212 3411 3311 3467 per
3343 3393 3623 3450 intervalla

368 3473 444 3547 μὴ
464 3474 892 3547 συγχωρούντων
906 3478 1029 3532 τινὰ
1048 3478 1294 3552 ἐξιέναιῆ
1314 3480 1453 3545 ὅλως
1472 3480 1684 3551 ἀλόγων
1700 3482 1943 3548 δαπάνας

2045 3499 2501 3564 excurrentibus,
2528 3506 2586 3552 et
2622 3509 2948 3565 quemquam
2985 3493 3170 3557 exire,
3216 3489 3304 3545 vel
3346 3489 3414 3545 ad
3459 3502 3627 3558 equo-

364 3565 671 3635 συλλέγειν.
688 3566 778 3621 Ἐν
809 3567 887 3640 τῷ
909 3568 1059 3641 μέσῳ
1079 3570 1136 3622 δὲ
1155 3570 1315 3642 ἄχρις
1331 3571 1555 3645 ἡμερῶν
1582 3573 1715 3627 δέκα
1746 3573 1946 3645 ἐφεξῆς

2047 3606 2167 3644 rum
2211 3588 2617 3660 pabulationem
2668 3584 2961 3655 quidquam
3020 3582 3274 3652 colligere
3326 3578 3628 3650 prohiben-

365 3659 809 3732 ἰιαδραμουσῶν,
863 3662 961 3716 καὶ
1007 3663 1237 3735 μηδενὸς
1282 3665 1393 3718 τῶν
1417 3665 1630 3738 ἐχθρῶν
1678 3666 1946 3737 σύνεγγυς

2049 3659 2224 3738 tibus.
2270 3682 2483 3751 Elapsis
2536 3679 2745 3734 interea
2790 3677 2985 3732 diebus
3036 3675 3263 3737 decem,
3293 3672 3514 3727 nemine
3559 3686 3626 3725 ex

366 3752 465 3806 τοῦ
516 3753 732 3824 τείχους
776 3754 1059 3825 φανέντος,
1094 3756 1329 3828 ἐξῆλθαν
1349 3758 1391 3790 ¹⁸
1429 3759 1761 3831 στρατιῶται
1806 3760 1947 3829 μετὰ

2050 3773 2300 3830 hostibus
2328 3772 2396 3827 ad
2427 3769 2629 3826 mrenia
2661 3776 2991 3838 apparente,
3025 3763 3229 3836 egressi
3272 3762 3475 3818 milites
3502 3775 3627 3816 cum

369 3845 745 3918 παλλικαρίων
768 3848 861 3901 καὶ⁵
880 3848 924 3880 ¹⁹
956 3849 1211 3913 πολιτῶν,
1234 3850 1542 3921 ὀφείλοντες
1577 3851 1652 3916 ὡς
1674 3852 1783 3907 ἀπὸ
1812 3852 1947 3906 δέκα

2050 3866 2335 3921 calonibus
2367 3872 2423 3918 et
2450 3862 2698 3925 eivibus',
2727 3859 2807 3914 uti
2853 3859 2920 3914 ad
2950 3858 3226 3914 decimum
3273 3856 3345 3910 ab
3386 3855 3521 3908 urbe
3550 3854 3630 3907 Ia-

372 3937 567 4007 μιλίων
600 3938 813 4009 θερίσαι
839 3940 998 4010 ὀλίγα
1033 3943 1373 4014 γεννήματα,
1404 3945 1499 3996 καὶ
1531 3944 1730 4014 συνέϐη
1774 3945 1949 3997 ἀπαν-

2050 3957 2232 4027 pidem
2272 3962 2543 4029 metet-ent
2573 3952 2823 4021 exiguam
2873 3959 3147 4019 segetem,
3185 3946 3238 4000 in
3274 3947 3461 4001 hostes
3492 3946 3631 4000 inci-

370 4030 604 4101 τηθῆναι
638 4032 819 4096 αὐτοῖς
844 4033 973 4096 τοὺς
996 4033 1225 4105 ἐχθροὺς
1245 4038 1339 4087 καὶ
1354 4034 1507 4088 ἔνθεν
1528 4035 1781 4090 κάκεῖθέν
1798 4054 1949 4101 τινας

2052 4047 2216 4109 dere,
2249 4045 2456 4113 aliquot
2506 4058 2571 4096 ex
2617 4040 2685 4095 iis
2733 4041 2924 4103 caesis,
2974 4038 3300 4109 quibusdam
3350 4037 3529 4107 [etiam
3566 4052 3632 4091 ex

373 4121 675 4185 διαπεσεῖν,
704 4124 1030 4195 συσχεθῆναι
1058 4126 1114 4179 δὲ
1138 4127 1231 4179 καί
1266 4144 1421 4191 τινας
1453 4129 1517 4181 ἔκ
1542 4128 1651 4181 τῶν
1680 4127 1950 4182 παλλικα-

2053 4137 2288 4192 militum
2318 4133 2602 4189 calonibus
2631 4140 2687 4185 et
2716 4147 2780 4186 ex
2808 4132 3019 4186 civibus
3049 4131 3140 4199 qui
3174 4145 3298 4184 cum
3335 4128 3401 4182 iis
3429 4126 3632 4199 egressi

373 4210 527 4279 ρίων,
562 4210 670 4263 τῶν
706 4214 1056 4284 στρατιωτῶν
1085 4217 1177 4268 καὶ
1203 4215 1312 4269 τῶν
1340 4216 1575 4269 πολιτῶν
1602 4217 1710 4271 τῶν
1736 4220 1779 4249 ²⁰
1804 4218 1952 4284 ἐξελ·

2054 4230 2305 4290 fuerant,
2358 4225 2553 4295 captis.
2610 4223 2729 4279 Nisi
2776 4232 2958 4277 tamen
3012 4222 3214 4276 milites
3262 4222 3316 4275 in
3354 4220 3636 4275 calonibus

373 4305 575 4359 θόντων
606 4309 704 4360 σὺν
744 4308 948 4372 αὐτοῖς.
980 4310 1041 4363 Ei
1065 4310 1140 4381 μὴ
1167 4311 1277 4382 γὰρ
1300 4311 1498 4382 συνέϐη
1529 4313 1655 4375 τοὺς
1684 4312 1953 4383 στρατιώ-

2057 4323 2171 4379 suis
2199 4317 2559 4377 defendendis
2610 4316 2845 4371 fuissent
2892 4313 3177 4383 occupati,
3213 4327 3470 4383 magnum
3505 4310 3638 4365 satis

374 4414 473 4460 τας
504 4399 949 4471 περισπασθῆναι
984 4403 1062 4465 είς
1088 4403 1147 4455 τὸ
1191 4404 1476 4473 ἐκδικῆσαι
1505 4404 1578 4457 τά
1616 4405 1727 4459 [δια
1757 4403 1955 4460 παλλι-

2057 4430 2121 4469 ex
2156 4411 2410 4467 hostibus
2446 4421 2735 4463 numerum
2782 4419 2849 4458 eo
2883 4403 2973 4458 die
3000 4402 3427 4457 interfecissent.
3461 4398 3637 4456 Crete-

374 4490 546 4561 κάρια
573 4490 667 4543 καὶ
704 4492 831 4556 τοὺς
879 4493 1124 4558 πολίτας,
1164 4495 1340 4547 ἱκανοὶ
1388 4495 1707 4565 ἐφονεύοντο
1742 4499 1806 4551 ὲκ
1850 4498 1957 4551 τῶν
1988 4499 1990 4505 “

2020 4500 2181 4560 ’τυηι
2232 4517 2341 4555 non
2392 4498 2561 4553 multo
2594 4505 2717 4566 post
2754 4494 2976 4549 circiter
3027 4492 3173 4549 mille
3216 4507 3285 4546 ex
3344 4490 3636 4556 hostibus,

375 4579 587 4651 ἐχθρῶν
633 4582 753 4634 κατ’
801 4584 1016 4657 εκείνην
1044 4585 1142 4657 τὴν
1179 4589 1413 4660 ἡμέραν.
1470 4590 1605 4645 Μετ’
1632 4592 1694 4644 οὐ
1729 4591 1866 4643 πολὺ
1896 4590 1953 4643 δὲ

2063 4599 2167 4652 hoc
2197 4596 2315 4665 ipso
2349 4591 2471 4655 die,
2501 4590 2653 4660 juxta
2697 4585 3064 4641 venerandam
3111 4584 3281 4639 adem
3315 4582 3639 4636 Sanctorum

374 4670 538 4724 τινῶν
570 4671 784 4748 ἐχθρῶν
815 4674 944 4746 ἄχρι
978 4679 1109 4746 μιᾶς
1140 4680 1378 4749 χιλιάδος
1412 4682 1676 4739 ἐλθόντων
1724 4686 1954 4758 πλησίον

2064 4686 2490 4742 Maccabmorum
2519 4680 2659 4735 ultra
2690 4678 2868 4732 sinum
2904 4677 2960 4730 in
2992 4674 3178 4745 Sycis,
3218 4671 3603 4727 accedentibus
3623 4708 3639 4731 ,

374 4762 471 4815 τοῦ
522 4763 822 4835 σεϐασμίου
868 4767 1021 4823 οἴκου
1063 4770 1174 4825 τῶν
1213 4773 1384 4841 ἁγίων
1419 4776 1800 4833 Μακκαϐαίων
1834 4779 1949 4850 (‘22)

2061 4796 2126 4835 ac
2168 4790 2291 4833 sese
2343 4772 2522 4828 Persis
2572 4771 2828 4827 visendos
2869 4768 3279 4841 praebentibus,
3312 4766 3403 4837 qui
3450 4776 3641 4817 versus

1712 4933 2038 4991 DUCANGII
2074 4934 2305 4992 ΝΟΤᾸΞ.

440 5060 565 5139 ‘(i9)
615 5061 811 5139 '_(_)_T£_rp
838 5062 1273 5139 ἐπικμεᾴρατος
1318 5070 1655 5137 Σαλϐάρας.
1711 5072 1813 5138 Qui
1868 5075 1950 5127 in—
2050 5082 2056 5127 1

1119 5084 1273 5139 mch
1318 5070 1655 5137 Σαλϐάρας.
1711 5072 1813 5138 Qui
1868 5075 1950 5127 in-
2050 5073 2255 5127 ratione
2286 5071 2354 5126 ad
2388 5064 2735 5139 Procopium.

381 5130 598 5214 tertium
627 5130 923 5214 Σάλϐαρος.
963 5130 1168 5214 Bellum
1328 5130 1621 5214 Avaricum
1653 5130 1954 5214 ad~murus

2072 5212 2092 5214 _
2125 5143 2237 5214 (20')
2285 5130 2736 5214 _§sod’oaiax_o§
2824 5137 3083 5209 τείχους.
3184 5130 3640 5200 Coustautiuopol.

384 5202 532 5255 urbis
560 5201 1170 5273 Constantinopolitanm
1198 5207 1336 5262 libro
1364 5210 1546 5271 unico,
1596 5227 1660 5265 ac
1706 5213 1956 5266 versibus
2054 5201 2253 5267 Clz‘risi.
2284 5212 2380 5265 lib.
2415 5227 2453 5274 ι,
2488 5218 2624 5265 sect.
2662 5210 2750 5264 10.

386 5273 715 5358 hexametris
748 5275 1669 5358 complexus..est‘Geurg.-}’isid_es,
1700 5283 1855 5349 cujus
1888 5283 1955 5336 li-

1782 5298 1855 5358 jus
1888 5283 1955 5336 Ii-
2281 5278 2727 5358 Melaniddqc.
2756 5277 2887 5358 Ibid
2928 5276 3186 5358 ser-Elii,

386 5343 490 5404 bri,
519 5351 578 5396 ut
605 5350 663 5397 et
697 5343 965 5422 triumpis
985 5345 1121 5422 pelio
1150 5343 1370 5402 Persico'
1385 5349 1626 5422 rlieraclii
1662 5343 1957 5406 editionem

2132 5343 2244 5422 (22)
2275 5351 2456 5405 Οἵκου
2479 5343 2599 5403 τῶν
2622 5343 2812 5418 ἁγίων
2835 5348 3255 5404 Μωδὶλιτόαίων.
3286 5345 3422 5401 Ibid.
3454 5343 3546 5399 lib.
3566 5359 3641 5411 tv,

386 5413 949 5482 apparaveratClaud.
985 5415 1280 5483 Maltrctus,
1319 5421 1396 5474 uti
1429 5420 1474 5474 is
1514 5430 1699 5475 monet
1725 5422 1780 5475 in
1811 5422 1958 5476 Prae-
2059 5413 2193 5477 seet.
2227 5413 2281 5487 ι,
2324 5437 2381 5476 n.
2404 5422 2493 5476 20.

1661 5574 1894 5633 VARIA-I
1935 5577 2339 5633 LECTIONES.

467 5708 506 5785 ’ξ
537 5707 866 5785 δἐίξάίάίςΑΡ
891 5711 1026 5785 sola.
1117 5710 1160 5741 ¹⁶
1182 5728 1239 5763 τε
1263 5721 1318 5765 et
1350 5713 1443 5785 καὶ
1483 5711 1723 5768 παλὰτια
1750 5728 1859 5768 om.
1893 5711 1953 5769 P.
2034 5714 2074 5746 ”
2106 5711 2197 5765 τοῦ
2233 5710 2435 5782 ταύτης
2470 5711 2527 5768 P.
2609 5712 2650 5745 ⁸⁸
2677 5712 2895 5785 ἐξῆλθον
2934 5711 2990 5767 P.
3072 5713 3113 5745 ι’
3145 5711 3238 5765 καὶ
3261 5725 3368 5766 om.
3403 5709 3467 5778 li,
3494 5708 3653 5767 uncis

393 5776 611 5833 inclusit
638 5777 697 5834 P.
775 5780 821 5813 '°
847 5782 952 5834 τῶν
979 5780 1207 5836 alterum
1239 5798 1347 5837 om.
1381 5782 1440 5838 P.
