4092 6296
494 322 647 430 non

1654 318 1662 328 '
1705 334 2140 400 CHRONICON
2192 328 2602 396 PASCHALE.

3659 312 3791 378 1012

492 427 742 528 lprofecti
764 455 967 513 essent,
1002 447 1199 503 adduci
1229 447 1488 530 prtecepit
1508 448 1798 519 Chaganus
1831 448 1887 503 in
1910 461 2102 501 eorum

2212 462 2323 510 σιος
2369 432 2407 500 δ’
2447 443 2786 509 ἐνδοξότατος
2824 438 3131 512 πατρίκιος.
3164 433 3273 489 Καὶ
3323 431 3389 503 δὴ
3441 427 3792 530 ἀπελθόν-των

496 546 865 617 ;conspectum
912 547 1021 594 tres
1062 538 1258 594 Persas
1308 538 1533 595 sericeis
1575 539 1819 595 vestibus
1862 538 2101 604 indutos,

496 627 603 702 ξηιλί
632 630 699 685 ad
722 631 899 702 ipsum
921 631 1072 686 missi
1100 631 1321 686 fuerant
1348 647 1378 686 a
1413 632 1656 697 Salbara,
1687 646 1827 701 quos
1842 630 1945 686 sibi
1964 631 2105 686 assi-

495 690 644 793 gdere
671 690 854 792 jussit,
897 723 1102 778 nostris
1135 723 1345 778 interea
1401 722 1593 795 legatis
1624 690 1900 777 stantibus
1937 740 1951 776 :
1988 731 2105 778 tum

496 800 634 869 'hazc
662 814 826 868 verba
861 812 985 868 fecit
1012 832 1023 867 :
1055 832 1073 864 ι
1111 813 1253 868 Ecce
1277 814 1345 868 ad
1371 828 1458 868 me
1483 810 1809 883 legationem
1836 810 2106 868 miserunt

513 905 724 967 Persae,
787 905 887 958 tria
940 905 1223 959 hominum
1272 906 1441 960 millia
1493 907 1548 961 in
1603 905 1909 963 subsidium
1967 904 2104 959 mihi

516 997 646 1053 dare
690 998 881 1068 parati.
916 998 970 1052 Si
1021 999 1180 1071 igitur
1227 1011 1493 1072 quotquot
1546 1002 1600 1057 in
1650 1004 1786 1057 urbe
1813 1002 1945 1057 estis
1981 1015 2103 1054 cum

515 1106 645 1161 sago
687 1092 949 1146 duntaxat
999 1107 1062 1146 ac
1106 1093 1320 1148 indusio
1361 1111 1428 1149 ex
1471 1110 1536 1150 ea
1594 1096 1859 1151 excedere
1900 1095 2103 1157 velitis,

514 1194 672 1254 pacta
694 1201 756 1238 ac
787 1184 964 1241 fmdus
990 1202 1111 1240 cum
1146 1187 1371 1242 Salbaro
1401 1188 1650 1243 ineamus
1675 1206 1688 1243 :
1723 1188 1930 1243 amicus
1959 1186 2104 1241 enim

514 1292 673 1332 meus
704 1286 809 1341 est,
848 1279 918 1333 ad
962 1279 1223 1350 illumque
1274 1281 1522 1346 transite,
1557 1296 1734 1350 neque
1770 1280 1878 1334 ulla
1918 1280 1965 1335 is
2008 1294 2106 1333 vos

514 1368 714 1439 injuria
751 1370 971 1425 afﬁciet.
1007 1370 1136 1425 Mihi
1163 1387 1293 1427 vero
1326 1373 1514 1427 urbem
1541 1387 1603 1427 ac
1627 1372 1873 1427 fortunas
1899 1380 2106 1425 vestras

515 1460 794 1527 dimittite,
850 1463 997 1517 nulla
1040 1465 1243 1534 quippe
1286 1464 1440 1520 vobis
1472 1465 1574 1520 alia
1615 1472 1866 1536 superest
1914 1463 2106 1518 salutis

464 1600 472 1609 .
516 1557 869 1627 expedienda:
904 1559 990 1614 via
1023 1578 1035 1614 :
1068 1561 1172 1615 nisi
1204 1560 1343 1615 forte
1371 1576 1467 1616 vos
1511 1561 1625 1616 fieri
1661 1561 1838 1632 pisces
1889 1546 2113 1616 contin-V

516 1657 625 1720 gat,
648 1665 757 1719 quo
782 1665 879 1719 per
895 1666 1044 1706 mare
1071 1653 1340 1713 evadatis.
1366 1653 1450 1708 vel
1478 1668 1630 1717 aves,
1658 1668 1767 1723 quo
1792 1653 2019 1708 evoletis
2050 1646 2104 1706 in

515 1755 720 1795 aerem.
752 1742 834 1795 En
867 1756 1015 1806 ecce,
1052 1752 1111 1797 ut
1145 1742 1219 1797 illi
1244 1751 1514 1806 asserunt,
1548 1743 1649 1813 ipsi
1682 1743 1881 1798 Persae.
1911 1742 2017 1797 Sed
2051 1751 2105 1797 et

515 1845 694 1901 neque
747 1831 1043 1902 imperator
1096 1842 1272 1888 vester
1322 1833 1601 1888 Persidem
1653 1842 1737 1889 est
1788 1833 2100 1904 ingressus,

514 1936 692 1992 neque
718 1926 861 1979 ullus
893 1925 982 1979 hic
1012 1935 1193 1981 vester
1221 1935 1363 1980 astat
1389 1928 1681 1982 exercitus.
1718 1947 1735 1978 ι
1764 1926 1867 1981 Cui
1902 1925 2106 1997 glorio-

513 2014 763 2070 sissimus
792 2016 1057 2089 Georgius
1091 2036 1104 2073 :
1160 2036 1179 2069 ι
1218 2018 1329 2085 Isti,
1364 2019 1571 2090 inquit,
1600 2020 1925 2091 impostores
1954 2028 2102 2087 sunt,

512 2121 619 2161 nec
650 2108 945 2178 quidquam
999 2110 1112 2165 veri
1147 2110 1354 2166 dicunt.
1387 2112 1586 2167 Noster
1628 2114 1776 2168 enim
1833 2114 1922 2169 hic
1951 2114 2107 2170 adest

514 2199 808 2265 exercitus,
859 2216 923 2256 ac
967 2202 1248 2272 piissimus
1290 2204 1546 2275 princeps
1588 2213 1777 2261 noster
1815 2206 1871 2260 in
1913 2222 2104 2262 eorum

512 2290 813 2359 provinciis
838 2303 1110 2358 versatur,
1134 2295 1341 2365 hasque
1366 2296 1613 2351 devastat
1635 2298 1878 2353 omnino.
1912 2317 1930 2351 ι
1965 2299 2105 2353 Tum

515 2383 668 2437 hisce
705 2383 866 2439 dictis
898 2394 1078 2441 motus
1118 2403 1261 2442 unus
1290 2403 1355 2442 ex
1402 2388 1611 2453 Persis,
1658 2390 2105 2461 gloriosissimum

515 2472 810 2545 Georgium
846 2474 1086 2548 Chagani
1136 2479 1359 2534 nomine
1391 2480 1658 2535 conviciis
1708 2481 1963 2551 impetiit.
2007 2481 2109 2536 Cui

514 2562 624 2629 ille,
656 2586 674 2617 ι
714 2565 952 2633 Minime,
978 2568 1169 2631 ait,tua
1200 2579 1322 2624 sunt
1360 2570 1413 2624 in
1438 2586 1524 2625 me
1547 2571 1811 2639 convicia,
1843 2573 1937 2628 sed
1968 2572 2110 2628 Cha-

514 2657 663 2728 gani.
696 2677 713 2709 ι
743 2658 877 2715 lllud
908 2661 1068 2714 etiam
1099 2662 1443 2732 ingesserunt
1471 2663 1747 2734 Chagano,
1778 2665 1868 2734 qui
1890 2665 1955 2719 ad
1983 2681 2107 2719 eum

512 2749 668 2805 missi
713 2750 929 2808 fuerant
967 2755 1340 2826 gloriosissimi
1375 2772 1675 2826 proceres:
1719 2776 1736 2807 ι
1792 2757 1954 2826 Atqui
1982 2756 2108 2811 licet

516 2847 682 2895 tanta:
719 2840 831 2895 sint
878 2842 1023 2898 vires
1070 2852 1202 2909 tua},
1245 2842 1532 2900 Persarum
1585 2847 1747 2901 etiam
1790 2846 1993 2901 auxilio
2022 2846 2110 2899 in—

515 2930 688 3003 diges.
729 2951 747 2983 ι
782 2931 923 2988 Tum
945 2934 1254 3006 Chaganus,
1290 2957 1308 2989 ι
1349 2936 1405 2992 Si
1455 2937 1640 3005 velim,
1685 2938 1882 3008 inquit,
1906 2939 1943 2993 ii
1975 2938 2109 2993 mihi

517 3024 762 3080 subsidio
795 3026 1036 3094 venient,
1071 3028 1231 3084 amici
1280 3030 1425 3085 enim
1472 3032 1578 3085 mei
1615 3040 1761 3086 sunt.
1814 3048 1833 3083 ι
1872 3030 2111 3086 Rursum

2206 537 2388 592 αὐτῶν
2420 538 2629 608 ἢγαγεν
2659 536 2736 600 είς
2770 534 2891 604 ὄψιν
2919 531 3100 588 αὐτῶν
3132 532 3161 584 6
3186 526 3437 595 Χαγάνος
3461 525 3615 593 τρεῖς
3647 521 3788 591 Πέρο

2208 645 2309 692 σας
2338 628 2642 698 φοροῦντας
2681 625 2997 696 όλοσήρικα,
3035 618 3393 691 πεμφθέντας
3437 614 3580 684 πρὸς
3628 610 3794 664 αὑτὸν

2206 722 2269 774 ὲκ
2298 719 2393 774 τοῦ
2444 720 2720 791 Σαλὸἀρα.
2773 718 2882 773 Kal
2935 713 3179 774 ἐκείνους
3224 710 3322 781 μὲν
3372 702 3790 778 παρεσκεύασεν

2206 815 2539 884 καθεσθῆναι
2558 813 2652 866 ἐπὶ
2678 809 2866 874 αὐτοῦ,
2892 808 3018 870 τοὺς
3037 805 3095 859 δὲ
3109 801 3418 874 ἡμετέρους
3442 793 3792 869 πρεσϐευτὰς

2207 903 2574 976 παρίστασθαι
2621 901 2703 935 δι·
2751 900 2848 953 καὶ
2892 893 3066 959 εἶπεν,
3094 894 3175 947 ὅτι
3227 910 3245 943 ι
3283 888 3415 943 Ἰδοὺ
3481 888 3531 940 oi
3582 885 3793 955 Πέρσαι

2207 975 2585 1070 ἐπρέσϐευσαν
2614 993 2751 1065 πρὸς
2780 991 2902 1062 ἐμὲ,
2940 987 3173 1057 ἑτοίμως
3221 982 3438 1070 ἔχοντες
3466 975 3652 1032 δοῦναί
3696 991 3794 1070 μοι

2207 1068 2355 1162 τρεῖς
2382 1088 2630 1159 χιλιάδας
2666 1087 2748 1148 είς
2789 1082 3129 1154 συμμαχίαν.
3169 1076 3296 1131 Ἐάν
3349 1069 3442 1127 οὖν
3478 1070 3661 1162 θέλετε
3694 1068 3795 1121 λα-

2207 1160 2323 1232 ϐεῖν
2340 1179 2570 1241 ἕκαστος
2591 1175 2702 1229 τῶν
2717 1174 2776 1227 ὲν
2791 1176 2858 1245 τῇ
2887 1172 3042 1225 πόλει
3068 1169 3207 1240 πρὸς
3234 1167 3395 1234 σάγιν
3414 1162 3510 1216 καὶ
3539 1160 3795 1230 κάμισιν,

2208 1271 2469 1342 ποιοῦμεν
2522 1268 2753 1339 σιγίλλιν
2774 1267 2820 1301 ⁸¹
2861 1265 3000 1338 πρὸς
3044 1263 3137 1317 τὸν
3193 1258 3483 1328 meam
3516 1254 3599 1287 “'
3640 1251 3797 1321 φίλος

2204 1365 2314 1436 γάρ
2348 1362 2450 1432 μού
2494 1364 2666 1423 ἐστιν,
2718 1359 2815 1413 καὶ
2856 1356 3138 1426 περάσατε
3158 1352 3206 1384 ⁸⁸
3236 1349 3399 1422 395
3431 1348 3570 1419 πρὸς
3603 1343 3794 1436 dativi.

2206 1434 2300 1513 καί
2350 1456 2454 1509 οὐκ
2497 1454 2676 1507 ἀδικεῖ
2723 1452 2891 1522 ὑμᾶς.
2936 1449 3033 1502 καὶ
3080 1443 3282 1499 ἐάσατέ
3304 1442 3352 1474 ⁸⁵
3384 1457 3475 1512 μοι
3506 1438 3608 1507 τὴν
3636 1434 3797 1488 πόλιν

2206 1548 2305 1604 καὶ
2317 1546 2417 1610 τὰς
2436 1543 2764 1604 ὑποστάσεις
2781 1540 2956 1612 ὑμῶν’
2970 1539 3146 1599 ἄλλως
3168 1535 3279 1605 γὰρ
3305 1533 3449 1601 ὑμᾶς
3462 1530 3564 1582 οὐκ
3581 1528 3663 1581 ενι
3678 1526 3793 1597 (‘57)

2211 1636 2471 1708 σωθῆναι,
2508 1635 2583 1706 μὴ
2615 1633 2796 1705 ἰχθύες
2822 1632 2974 1703 έχετε
2996 1628 3255 1698 γενέσθαι
3279 1625 3375 1680 καὶ
3402 1622 3492 1677 διὰ
3513 1619 3797 1688 θαλάσσης

2209 1728 2486 1791 ἀπελθεῖν,
2530 1726 2563 1797 ἢ
2601 1722 2871 1795 πτερωτοὶ
2903 1721 3000 1775 καὶ
3029 1719 3109 1782 είς
3141 1717 3231 1771 τὸν
3263 1714 3495 1788 οὐρανὸν
3524 1710 3794 1766 ἀνελθεῖν.

2136 1790 2178 1845 Β
2222 1821 2354 1875 Ἰδοὺ
2383 1819 2511 1890 γάρ,
2549 1790 2624 1881 ως
2654 1790 2904 1884 λέγουσιν
2932 1810 3090 1866 αὐτοὶ
3132 1811 3181 1863 oi
3219 1806 3451 1880 Πέρσαι,
3485 1804 3661 1859 οὺδὲό
3695 1802 3797 1871 βα-

2214 1912 2395 1976 σιλεὺς
2412 1911 2566 1982 ὑμῶν
2582 1911 2639 1962 ἐν
2654 1905 2876 1979 Περσίδι
2893 1902 3164 1975 εἰσῆλθεν,
3182 1900 3301 1953 οὐδὲ
3326 1900 3355 1952 6
3379 1898 3615 1970 στρατὸς
3638 1893 3796 1964 ὑμῶν

2213 2002 2643 2074 καταλαμϐάνει.
2667 2018 2685 2050 ι
2720 1994 2855 2052 Είπε
2883 1996 2941 2050 δὲ
2972 1993 3122 2064 αὐτῷ
3175 1990 3461 2063 Γεώργιος
3505 1990 3535 2042 6
3584 1984 3797 2049 ἐνδοξό-

2211 2114 2394 2161 τατος,
2424 2096 2507 2148 ὅτι
2549 2113 2566 2145 ι
2595 2086 2755 2146 υῦτοι
2799 2087 3049 2142 ὲπιθέται
3082 2084 3218 2138 είσὶν
3248 2083 3343 2137 καὶ
3371 2081 3503 2152 μίαν
3535 2077 3799 2149 ἀλήθειαν

2212 2191 2274 2245 οὐ
2304 2189 2591 2244 λαλοῦσιν·
2632 2184 2757 2239 ἐπεὶ
2789 2183 2818 2235 6
2868 2178 3099 2250 στρατὸς
3132 2176 3294 2249 ἡμῶν
3339 2173 3576 2229 ἐνταῦθα
3621 2187 3799 2225 κατα-

2213 2281 2502 2354 λαμϐάνει,
2533 2277 2629 2332 καὶ
2649 2277 2678 2329 6
2707 2272 3097 2334 εὐσεδέστατος
3127 2267 3286 2340 ἡμῶν
3306 2265 3572 2329 δεσπότης
3600 2264 3681 2354 είς
3700 2260 3804 2354 την

2214 2347 2398 2447 χώραν
2418 2370 2599 2425 αὐτῶν
2628 2370 2775 2422 ἐστιν
2801 2362 3164 2434 ὲξολοθρεύων
3187 2360 3379 2430 αὐτήν.
3418 2376 3438 2410 ι
3484 2356 3544 2408 '0
3591 2347 3674 2417 εἷς
3708 2348 3805 2447 οὖν

2213 2445 2324 2520 τῶν
2343 2462 2571 2537 Περσῶν
2591 2458 2923 2521 διακνισθεὶς
2951 2454 3173 2525 ὕϐρισεν
3197 2454 3293 2506 ἐπὶ
3318 2450 3412 2504 τοῦ
3428 2448 3684 2517 Χαγάνου
3710 2445 3805 2498 τόν

2215 2555 2508 2627 εἰρημένον
2536 2550 2875 2618 ἐνδοξότατον
2906 2544 3203 2619 Γέώργιον.
3248 2543 3360 2597 Καὶ
3389 2540 3554 2604 αὐτὸς
3592 2544 3807 2594 αντα-πο

2216 2646 2410 2719 εκρίθη
2431 2644 2601 2717 αὐτῷ,
2627 2646 2709 2698 ὅτι
2745 2642 2846 2695 «Σύ
2882 2658 2951 2712 με
2981 2640 3080 2710 οὐχ
3127 2636 3373 2709 ὑϐρίζεις
3410 2632 3529 2689 ἀλλ’
3558 2634 3587 2685 6
3614 2630 3806 2699 Χαγάςι

2217 2757 2326 2803 νος.
2350 2759 2370 2790 ιο
2414 2734 2588 2791 Εἶπαν
2633 2737 2692 2790 δὲ
2722 2736 2818 2789 καὶ
2851 2733 3012 2788 τοῦτο
3045 2731 3125 2803 τῷ
3158 2730 3399 2800 Χαγάνῳ
3444 2728 3495 2780 οί
3534 2725 3676 2796 πρὸς
3707 2725 3808 2777 αὑ-

2220 2835 2313 2888 τὸν
2341 2833 2650 2899 ἐξελθόντες
2694 2829 3028 2895 ἐνδοξότατοι
3060 2827 3343 2898 ἄρχοντες,
3378 2823 3462 2876 ὅτι
3501 2841 3521 2875 ι
3547 2817 3807 2873 Τοσαῦτα

2221 2926 2403 2998 πλήθη
2436 2924 2595 2996 ἔχων,
2630 2922 2882 2995 βοηθείας
2912 2919 3139 2988 Περσῶν
3165 2918 3281 2988 δέῃ.
3311 2933 3329 2966 ι
3365 2914 3478 2968 Kal
3506 2906 3686 2973 εἶπεν.
3722 2910 3807 2963 ὅτι

2225 3041 2243 3074 ι
2286 3019 2411 3074 Ἐὰν
2445 3018 2678 3089 θελήσω,
2706 3014 3010 3087 παρέχουσί
3045 3029 3136 3083 μοι
3168 3012 3248 3075 είς
3274 3005 3594 3079 συμμαχίαν
3614 3018 3629 3032 ·
3660 3001 3810 3073 φίλοι

516 3129 650 3169 vero
682 3131 936 3186 proceres
987 3119 1159 3174 nostri
1207 3119 1511 3177 dixerunt:
1560 3140 1578 3173 ι
1636 3118 1989 3192 Nequaquam
2026 3122 2108 3177 di-

2218 3114 2329 3186 γάρ
2364 3110 2465 3185 μού
2498 3113 2658 3165 εἰσιν.
2700 3128 2718 3162 ι
2754 3108 2865 3162 Kal
2891 3106 3053 3161 πάλιν
3086 3097 3240 3156 εἷπον
3272 3097 3422 3169 αὐτῷ
3436 3098 3517 3202 ,οί
3546 3096 3809 3200 ἄρχοντες

517 3207 800 3264 mittemus
819 3211 1007 3266 urbem
1039 3221 1279 3267 nostram
1302 3233 1316 3269 :
1342 3213 1435 3269 sed
1461 3214 1547 3268 hic
1562 3221 1960 3284 exspectamus,
1986 3214 2108 3268 dum

2224 3206 2402 3277 ἡμῶν,
2424 3206 2507 3258 ὅτι
2534 3221 2553 3255 ι
2573 3202 2766 3272 Ἡμεῖς
2796 3198 2895 3271 τὴν
2916 3196 3071 3251 πόλιν
3102 3193 3365 3248 οὐδέποτε
3396 3188 3578 3259 ἐῶμεν
3596 3203 3630 3284 ⁸-
3645 3188 3810 3284 qusi;

521 3307 703 3353 tecum
725 3300 792 3356 de
809 3301 893 3356 his
908 3318 1029 3372 qua:
1043 3303 1109 3357 ad
1131 3319 1242 3359 rem
1267 3316 1592 3375 praesentem
1613 3306 1926 3362 conducunt
1943 3306 2114 3361 collo-

517 3405 792 3460 quamur:
828 3392 875 3447 si
928 3408 1059 3464 ergo
1103 3394 1171 3449 de
1222 3410 1357 3463 pace
1414 3394 1697 3450 nobiscum
1747 3396 1888 3450 nolis
1930 3410 2113 3466 agere,

518 3497 622 3537 nos
649 3483 881 3538 dimitte.
915 3503 933 3535 ι
967 3482 1184 3554 ilusque
1218 3494 1331 3539 tum
1360 3485 1451 3539 ille
1476 3485 1701 3541 dimisit.
1724 3486 1926 3541 Eadem
1954 3501 2117 3556 porro

520 3575 635 3642 ipsa
667 3582 848 3638 nocte,
879 3589 1001 3642 qua:
1036 3571 1369 3627 Dominicam
1417 3573 1697 3642 praecedit.
1735 3573 1992 3645 singulari
2017 3573 2115 3628 be-

519 3665 668 3734 nigni
700 3679 766 3719 ac
791 3664 1157 3719 misericordis
1182 3663 1276 3718 Dei
1310 3665 1671 3735 providentia,
1703 3666 1770 3720 ad
1798 3665 2114 3738 Chaganum

520 3752 671 3807 missi
705 3752 739 3807 ii
787 3753 969 3825 legati,
1009 3755 1139 3810 dum
1176 3771 1274 3826 per
1304 3756 1503 3812 Chelas
1550 3756 1929 3829 Chrysopolim
1963 3759 2117 3829 traji-

521 3843 695 3908 ciunt,
728 3843 784 3897 in
831 3852 1045 3901 nostras
1084 3862 1251 3902 naves
1280 3847 1563 3915 incidunt,
1604 3865 1724 3919 qua:
1756 3850 2018 3920 quosdam
2050 3866 2115 3906 ex

522 3935 994 4007 orphanotrophio
1038 3938 1342 4004 vehebant,
1391 3955 1643 4011 unusque
1680 3956 1747 3995 ex
1794 3941 1900 3996 illis
1934 3940 2116 3997 Persis

521 4026 899 4096 deprehensus
926 4038 1011 4084 est
1039 4044 1098 4084 se
1128 4029 1305 4100 ipsum
1339 4030 1391 4085 in
1428 4032 1709 4103 scapham.
1743 4048 1904 4103 quam
1940 4031 2114 4088 Scan-

522 4117 671 4173 dalin
706 4129 923 4185 vocant,
967 4137 1200 4191 pronum
1251 4123 1304 4177 in
1346 4122 1549 4179 faciem
1581 4124 1866 4195 abiecisse,
1899 4132 2113 4197 stragu-

520 4208 694 4280 lisque
720 4226 843 4267 sese
890 4214 1192 4282 operuisse,
1235 4214 1310 4270 ita
1332 4215 1708 4287 Chrysopolim
1731 4216 1981 4287 trajicere
2019 4232 2113 4272 co—

518 4311 730 4357 natum.
771 4302 841 4360 At
873 4317 1037 4361 nauta
1066 4309 1161 4378 qui
1193 4308 1247 4363 in
1280 4310 1400 4364 navi
1436 4320 1570 4375 erat,
1601 4326 1832 4381 eamque
1872 4313 2110 4381 regebat,

520 4395 625 4451 hoc
653 4396 1064 4465 animadverso,
1115 4400 1182 4455 iis
1225 4402 1316 4472 qui
1347 4403 1913 4474 ex'orphanotrophio
1935 4415 2110 4465 erant,

2222 3276 2331 3369 γάρ
2354 3295 2760 3368 προσδοκῶντες
2791 3292 2820 3345 ὅ
2847 3308 2900 3343 τι
2937 3288 3148 3360 καίριόν
3174 3304 3227 3339 τι
3264 3281 3536 3352 λαλοῦμεν
3571 3276 3807 3348 ἐξήλθα-

2226 3407 2328 3460 μεν
2358 3389 2402 3420 ⁸⁸
2428 3386 2567 3458 πρὸς
2594 3384 2675 3439 σέ.
2721 3382 2847 3436 Ἐὰν
2873 3376 2968 3435 οὖν
3005 3377 3081 3450 μὴ
3129 3376 3290 3447 θέλῃς
3310 3373 3379 3428 τὰ
3419 3370 3559 3442 πρὸς
3579 3369 3812 3438 εἰρήνην

2227 3481 2347 3555 μεθ’
2373 3483 2407 3552 ἡ
2417 3480 2535 3552 μῶν
2562 3478 2815 3547 λαλῆσαι,
2851 3473 3123 3527 ἀπόλυσον
3150 3470 3318 3540 ἡμᾶς.
3348 3486 3369 3519 ι
3396 3466 3506 3519 Kal
3536 3461 3814 3555 άπέλυσεν

2223 3552 2441 3638 αὐτούς.
2471 3571 2585 3626 Kal
2609 3573 2677 3640 τῇ
2701 3567 2858 3622 νυκτὶ
2889 3565 3094 3625 εὐθέως
3116 3566 3184 3633 τῇ
3216 3560 3309 3617 ἐπὶ
3341 3554 3628 3628 Κυριακὴν
3665 3552 3814 3607 κατὰ

2221 3662 2583 3738 δημιουργίαν
2635 3658 2729 3713 τοῦ
2764 3656 2970 3726 ἀγαθοῦ
3028 3653 3124 3708 καὶ
3176 3647 3618 3738 φιλοικτίρμονας
3654 3640 3812 3738 ’Θεοῦ

2222 3731 2558 3828 περιέπεσαν
2582 3750 2738 3804 αὐτοὶ
2765 3748 2815 3801 οἱ
2862 3747 3072 3819 Πέρσαι
3108 3743 3159 3796 οἱ
3187 3736 3633 3813 πρεσϐεύσαντες
3672 3731 3812 3804 πρὸς

2221 3827 2312 3903 τὸν
2333 3846 2585 3915 Χαγάνον
2619 3844 2683 3898 ὲν
2705 3838 2789 3912 τῷ.
2805 3838 3106 3907 άντιπερᾷν
3135 3833 3336 3896 uincit;
3366 3830 3457 3885 διὰ
3476 3828 3673 3884 Χαλῶν
3696 3827 3813 3896 (38)

2222 3941 2317 3995 ἐπὶ
2344 3934 2685 4010 Χρυσόπολιν
2715 3935 2793 3996 είς
2816 3928 3121 4003 ἡμετέρους
3148 3924 3449 3998 καράδους,
3476 3925 3533 3975 ὲν
3561 3915 3642 3983 οἷς
3668 3915 3812 4010 ᾖσάν

2221 4049 2363 4095 τινες
2384 4007 2480 4083 διαὶ
2507 4026 2616 4081 τῶν
2645 4024 2740 4079 τοῦ
2772 4020 3236 4095 ὀρφανοτροφείου
3270 4015 3385 4088 (59)
3410 4031 3423 4045 ·
3449 4013 3542 4067 καὶ
3574 4015 3603 4066 6
3636 4007 3720 4072 εἷς
3749 4011 3812 4075 ἐξ

2220 4122 2402 4180 αὐτῶν
2421 4120 2530 4175 τῶν
2569 4116 2798 4189 Περσῶν
2835 4114 3045 4187 ηὑρέθη
3074 4110 3252 4183 βαλὼν
3299 4107 3494 4164 ἑαυτὸν
3518 4107 3599 4169 είς
3630 4104 3810 4175 καρά-

2220 4215 2307 4269 ϐιν
2339 4214 2385 4245 ⁸⁷
2415 4209 2710 4281 λεγόμενον
2737 4205 2991 4260 σανδάλιν
3016 4204 3110 4257 ἐπὶ
3133 4202 3257 4272 ὄψιν
3280 4200 3376 4253 καὶ
3402 4196 3589 4252 ἐπάνω
3609 4195 3680 4249 τὰ
3700 4211 3807 4247 κα-

2219 4307 2503 4371 ταλέκτια,
2532 4304 2627 4360 καὶ
2652 4301 2826 4365 οὕτως
2857 4297 3169 4369 άντιπερῶν
3211 4294 3307 4349 ἐπὶ
3338 4289 3709 4364 Χρυσόπολιν.
3744 4288 3809 4342 '0

2220 4402 2277 4455 δὲ
2303 4400 2506 4469 ναύτης
2529 4399 2558 4451 6
2582 4396 2660 4450 ὣν
2693 4395 2751 4448 ἐν
2776 4392 2926 4464 αὐτῷ
2942 4390 2988 4423 ⁸⁸
3017 4390 3096 4461 τῷ
3138 4387 3391 4460 καραὸίῳ
3428 4384 3524 4438 καὶ
3563 4381 3809 4435 ἐλαύνων

520 4484 574 4538 id
612 4487 801 4543 dextra
846 4490 1045 4557 innuit,
1088 4492 1179 4563 qui
1220 4493 1510 4549 confestim
1559 4495 1799 4551 reductis
1826 4510 1893 4551 ae
1931 4496 2108 4553 suble-

2222 4493 2440 4549 ἔνευσεν
2474 4489 2690 4559 εὐφυῶς
2735 4489 2848 4550 τοῖς
2875 4484 2971 4539 τοῦ
3014 4479 3497 4555 ὀρφανοτροφείου,
3523 4476 3615 4530 καὶ
3635 4477 3808 4529 ἐπαν-

1885 4668 2208 4726 DUCANGII
2247 4668 2482 4726 NOTIE.

560 4819 709 4901 .(3_7)
748 4822 907 4901 ξῌνι.
940 4821 1208 4901 llolsten.,
1236 4825 1509 4901 icr£._Sed
1542 4828 1938 4898 posterioribus
1958 4828 2113 4885 ϐιω-

525 4891 716 4963 οἰελένι
747 4892 890 4947 idem
929 4895 1072 4949 valet
1106 4896 1252 4963 quod
1280 4894 1417 4950 ἐστί.

566 5031 577 5042 ,
601 4961 712 5033 (58)
867 4965 1099 5042 ζηλῶν.
1241 4982 1363 5042 mox
1399 4966 1537 5042 infra
1566 4982 1579 5018 :
1614 4967 1765 5042 locus
1791 4985 1958 5042 porro
1983 4969 2111 5042 olim

466 5038 471 5044 '
526 5030 708 5087 dictus
726 5032 924 5102 Χηλαὶ,
953 5052 983 5089 a
1009 5038 1369 5091 similitudine
1399 5037 1688 5102 forcipum,
1711 5030 1827 5094 sive
1855 5040 2112 5094 brachio—

528 5117 649 5178 ru_m
693 5103 893 5178 quibus
939 5117 1192 5175 portuum
1228 5108 1399 5162 moles
1452 5103 1718 5178 scalarque
1759 5109 1963 5165 similes
1994 5125 2116 5165 esse

528 5171 728 5227 solent.
784 5171 957 5239 Quam
1006 5185 1189 5232 autem
1240 5179 1484 5233 celebres
1527 5171 1713 5233 essent
1763 5180 1848 5234 hae
1903 5179 2107 5244 Chelaa,

526 5257 907 5323 quarumprae‘
936 5248 1441 5323 caeteris_tnetninit
1488 5248 1774 5323 Dionysius
1819 5247 2109 5323 Byzantius

528 5311 587 5365 in
617 5311 829 5388 Anaplo
871 5314 1117 5388 Bospori,
1148 5318 1427 5373 declarant
1452 5311 1766 5388 piscatores,
1798 5311 1891 5388 qu'i
1925 5336 1991 5373 ex
2030 5330 2109 5375 tot

528 5397 639 5437 ora:
671 5381 994 5455 Bosporicat'
1021 5381 1336 5444 nominibus
1366 5381 1467 5444 vix-
1481 5389 1707 5458 paucula
1733 5381 1982 5459 quaedam
2018 5407 2105 5444 re-

2214 4827 2473 4891 tinentes,
2502 4825 2742 4881 medium
2782 4823 2936 4879 sinus
2978 4820 3183 4875 ﬂuxum
3216 4815 3435 4871 Estiaco
3470 4822 3525 4891 et
3556 4812 3809 4891 Hermae

2214 4878 2931 4966 promontoriisﬂclausum,
2973 4891 3284 4966 etiamnum
3300 4883 3612 4966 _appella!_tt
3660 4878 3809 4962 Che-

2213 4951 2311 5033 las,
2357 4975 2465 5022 etc.
2498 4965 2626 5022 Haec
2657 4981 2720 5035 ex
2752 4951 2928 5035 Gyllio
2973 4962 3150 5035 lib._u_
3170 4956 3262 5035 _De
3291 4951 3527 5035 βοὲροτο
3551 4951 3799 5035 ΤΙιταΞὶο,

2370 5020 2460 5100 Π]
2517 5020 2619 5091 ubi
2668 5034 2757 5108 ille
2800 5020 3019 5108 dplura._
3047 5028 3234 5108 Χηλῆς
3292 5020 3801 5108 anetilalaa‘atdéou

2216 5090 2499 5179 ᾧρᾌυρίου,
2550 5090 2610 5160 in
2637 5090 3278 5179 eadeniorajiosp'ur'ica
3310 5090 3561 5179 meminit
3594 5090 3811 5161 Pachy~

2216 5164 2645 5243 .‘xiere‘s,1ib.u,
2680 5192 2801 5245 cap.
2838 5174 2937 5247 ts;
2967 5173 3061 5227 lib.
3093 5164 3216 5247 sui.
3258 5183 3380 5247 cap;
3412 5164 3533 5247 24-,
3718 5232 3730 5240 .

2291 5231 2420 5320 (5‘97),
2470 5231 3032 5320 Ὀρφᾷνοὶροξρείου.
3101 5231 3553 5304 Constantinopol.
3600 5231 3807 5287 Christ.

2218 5315 2313 5375 lib.
2341 5335 2420 5384 tv,
2446 5315 2584 5374 sect.
2617 5317 2671 5384 9,
2705 5332 2762 5371 n.
2801 5315 2890 5371 19.

620 5620 623 5623 λ
1839 5563 2070 5620 νΛῐὶΙιλΕ
2108 5561 2517 5620 LECTIONES.

596 5638 646 5723 ii"
682 5676 1040 5754 nepiaraaOat
1218 5679 1301 5754 _"_‘_
1326 5681 1574 5754 σύγγιλιν
1594 5681 1656 5754 P.
1734 5682 1780 5714 “
1799 5680 2084 5754 βάρϐαρον
2116 5678 2471 5749 Ρ,Σάλ6αρον
2497 5677 2560 5731 Β.
2640 5676 2684 5707 ll
2716 5675 2983 5745 περάσετε
3008 5672 3067 5727 P.
3150 5669 3193 5701 ⁸⁵
3223 5667 3416 5721 ἐάσετε
3442 5661 3500 5716 P.
3579 5658 3625 5689 ⁵⁸
3649 5656 3817 5725 ἐξῆλο

536 5742 706 5814 θῶμεν
733 5742 794 5799 Ρ.
874 5749 914 5779 ⁸⁷
941 5748 1192 5816 ναράϐιῖν
1216 5750 1323 5805 PV.
1403 5742 1454 5783 δέ
1479 5752 1624 5804 αὖτῶ
1654 5767 1762 5805 om.
1798 5752 1861 5807 Β.
