4092 6296
470 264 611 331 1010

1663 274 1921 340 CIIRON
1930 274 2101 334 ICON
2146 269 2549 333 PASCHALE.

3610 252 3747 323 1020

466 377 699 435 scendit.
724 376 859 432 Nam
884 394 1009 433 xxiv
1033 377 1311 435 Februarii
1343 382 1601 450 praeteriti
1626 384 1855 451 mensis,
1879 382 2051 453 prima

2174 379 2359 451 ῑισεὸὴς
2394 378 2511 450 μετ’
2545 376 2748 448 ἠχοῦς·
2785 373 3123 445 ἐπέστρεψεν
3165 373 3196 426 ό
3249 372 3409 436 πόνος
3438 370 3609 425 αὐτοῦ
3652 370 3748 424 ἐπὶ

466 468 782 534 indictione,
828 467 1093 523 seditione
1143 469 1197 523 in
1251 484 1377 524 eum
1419 481 1564 526 mota
1610 472 1679 527 ab
1726 472 1898 543 ipsius
1944 473 2054 527 lilio

467 557 827 630 primogenito
854 557 1051 628 Syroe,
1081 559 1537 628 quemadmodum
1576 560 1630 614 in
1662 560 1766 615 alia
1805 560 2053 632 jussione

468 648 624 703 vobis
669 649 1043 720 exposuimus,
1091 649 1379 705 Persarum
1426 652 1682 706 omnibus
1733 653 2053 723 proceribus

468 757 536 797 ac
564 742 823 799 universo
855 743 1099 799 exercitii
1135 744 1416 814 copiisque
1449 762 1514 800 ex
1541 745 1708 800 variis
1736 746 2051 816 regionibus

470 835 779 900 conductis,
803 837 872 892 ab
902 837 1235 892 exsecrando
1266 836 1508 893 Chosroe
1550 839 1617 894 ad
1648 847 1832 909 partes
1863 838 2051 900 Sirone,

471 941 596 980 cum
626 925 979 998 Gurdanaspa
1004 927 1205 982 Persici
1236 931 1513 984 exercitus
1538 931 1690 1000 prius
1716 931 1855 984 duce
1879 940 2057 984 trans-

471 1018 749 1083 euntibus,
784 1019 925 1074 idem
963 1020 1071 1073 Deo
1118 1021 1327 1075 invisus
1362 1020 1658 1085 Chosroes,
1699 1022 1827 1077 dum
1878 1022 2058 1093 fugam

472 1108 786 1174 meditatur,
832 1118 1023 1179 captus
1060 1110 1383 1181 vinctusque
1414 1112 1468 1165 in
1519 1129 1723 1167 novum
1753 1112 2058 1176 castellum,

472 1199 542 1252 ab
572 1199 807 1269 ipsomet
830 1202 899 1256 ad
933 1203 1303 1257 recondendas
1332 1205 1734 1275 servandasque
1766 1205 1835 1259 ab
1855 1219 1921 1257 eo
1950 1202 2061 1257 col-

474 1286 641 1344 lectas
672 1293 928 1360 pecunias
968 1303 1305 1349 exstructum
1330 1296 1614 1365 conjectus
1642 1305 1746 1352 est.
1789 1315 1807 1348 ι

2160 470 2258 544 τὴν
2307 471 2552 541 κεφαλὴν
2603 466 2802 523 αὐτοῦ’
2853 467 2947 521 καὶ
2993 468 3086 520 ἐπὶ
3136 466 3237 538 τὴν
3284 464 3531 537 κορυφὴν
3581 462 3747 517 αὐτοῦ

2160 565 2366 635 κατέϐη
2392 567 2425 635 ἡ
2454 562 2637 617 ἀδικία
2674 562 2863 616 αὑτοῦ.
2897 562 2976 632 Τῇ
3004 560 3115 629 γὰρ
3146 559 3225 613 κδ’
3258 557 3354 611 τοῦ
3385 555 3748 627 παρελθόντος

2158 656 2530 728 Φεϐρουαρίου
2568 655 2738 726 μηνὸς
2782 655 2883 723 τῆς
2914 651 3277 721 ἐνισταμένης
3309 647 3536 721 πρόκτης
3567 648 3749 699 ἐπινε-

2162 749 2403 819 μήσεως,
2434 749 2534 817 τῆς
2569 746 2817 818 ταραχῆς
2848 744 2997 816 αὑτῷ
3034 743 3337 813 γενομένης
3367 740 3474 794 ὑπὸ
3502 735 3750 809 ἓιροίου

2150 839 2247 893 τοῦ
2294 838 2642 910 πρωτοτόκου
2682 836 2849 891 αὑτοῦ
2880 835 3024 898 υἱοῦ,
3045 833 3237 910 ’καθὼς
3269 833 3338 886 δι’
3366 831 3563 902 ἑτέρας
3593 828 3754 899 ἡμῶν

2154 932 2458 995 κελεύσεως
2484 931 2841 1001 ἐσημάναμεν
2867 930 3017 999 ὑμῖν,
3049 929 3144 981 καλ⁵
3179 928 3399 981 πάντων
3428 924 3540 978 τῶν
3572 924 3755 975 ἐκεῖσε

2160 1023 2390 1093 Περσῶν
2425 1022 2709 1094 ἀρχόντων
2755 1037 2815 1073 τε
2863 1021 2960 1073 καὶ
3007 1017 3440 1088 στρατευμάτων
3474 1014 3616 1083 μετά
3661 1012 3758 1065 καὶ

2166 1119 2365 1182 παντὸς
2404 1117 2499 1173 τοῦ
2549 1117 2784 1188 στρατοῦ
2818 1114 2915 1168 τοῦ
2944 1113 3056 1168 ἀπὺ
3086 1113 3363 1183 διαφόρων
3397 1110 3580 1166 τόπων
3632 1123 3757 1162 συν-

2165 1209 2423 1279 αχθέντος
2448 1210 2556 1262 ἀπὸ
2582 1208 2677 1263 τοῦ
2708 1206 3019 1277 καταράτου
3052 1203 3387 1276 Χοσδρόουθτ
3420 1198 3760 1273 συνδραμόν-

2166 1316 2273 1352 των
2305 1297 2384 1369 τῷ
2412 1298 2570 1370 μέρει
2604 1297 2845 1369 Σειροίου
2893 1296 3029 1367 μετὶ
3076 1295 3172 1348 καὶ
3212 1291 3607 1366 Γουρδανάσπα
3652 1287 3752 1343 τοῦ

473 1381 606 1451 πρὶν
650 1382 881 1455 ἐξάρχου
926 1384 1021 1437 τοῦ
1068 1387 1341 1458 Περσικοῦ
1394 1387 1650 1459 στρατοῦ,
1693 1386 2054 1458 ἐπετήδευσεν
2098 1389 2305 1453 ἐκεῖνος
2340 1392 2367 1442 ὁ
2407 1389 2733 1460 θεομίσητος
2786 1388 3035 1459 Χοσρόης
3076 1388 3223 1455 φυγῇ
3268 1382 3602 1456 χρήσασθαι.
3640 1379 3749 1436 καὶ

475 1472 757 1541 συσχεθεὶς
802 1474 1025 1549 δέσμιος
1058 1476 1261 1549 ἐϐλήθη
1292 1481 1350 1532 ὲν
1379 1479 1456 1551 τῷ
1498 1480 1603 1551 νέῳ
1656 1476 1958 1549 καστελλίῳ
1983 1476 2060 1547 τῷ
2085 1480 2361 1545 κτισθέντι
2393 1482 2524 1552 παρ’
2556 1480 2722 1535 αὑτοῦ
2781 1480 2873 1532 ἐπὶ
2908 1478 3279 1552 παραφυλαχῇ
3305 1477 3414 1531 τῶν
3479 1475 3612 1547 παρ’
3656 1475 3761 1527 αὐ⁹

474 1563 571 1617 τοῦ
611 1566 993 1636 συναχθέντων
1026 1572 1353 1642 χρημάτων.

552 1680 570 1711 i
612 1676 717 1714 xxv
767 1672 950 1717 autem
1006 1665 1249 1734 ejusdem
1301 1667 1505 1722 mensis
1554 1668 1858 1732 Februarii,
1893 1667 2061 1738 Syroe

2242 1678 2261 1712 ι
2288 1660 2399 1713 Καὶ
2415 1662 2480 1732 τῇ
2499 1658 2580 1714 κε’
2604 1660 2698 1714 τοῦ
2727 1658 2893 1714 αὐτοῦ
2922 1657 3292 1729 Φεϐρουαρὶου
3313 1655 3482 1727 μηνὸς
3512 1655 3761 1726 Σειροίου

474 1760 737 1809 coronato
787 1762 843 1808 et
897 1771 1022 1827 rege
1079 1756 1361 1813 Persarum
1406 1760 1747 1829 inaugurato,
1780 1778 1844 1815 ac
1890 1776 2060 1814 xxviii

477 1842 723 1912 ejusdem
776 1846 1000 1913 mensis,
1037 1863 1163 1901 cum
1210 1850 1322 1904 Deo
1368 1866 1569 1906 exosus
1601 1852 2062 1920 Chosroesquar-

479 1944 593 1989 tum
619 1936 728 2004 jam
778 1937 923 1992 diem
953 1938 1006 1992 in
1036 1940 1285 2004 vinculis,
1314 1944 1570 1997 omnibus
1596 1945 1937 1999 excruciatus
1963 1944 2063 1998 do-

478 2022 705 2088 loribus,
743 2026 1047 2095 exegisset,
1094 2029 1364 2099 ingratum
1424 2032 1572 2085 illum
1626 2042 1681 2087 et
1732 2034 2063 2102 perduellem

480 2114 597 2175 Dei.
629 2119 1034 2189 superbumque
1059 2138 1122 2177 ac
1164 2123 1542 2193 blaspliemum
1584 2127 1868 2181 Cliosroen
1906 2143 2064 2181 acer-

478 2206 707 2264 bissimo
742 2213 928 2267 mortis
954 2229 1155 2283 genere
1185 2213 1383 2287 Syroes
1406 2218 1645 2283 sustulit,
1669 2219 1745 2273 uti
1780 2220 1948 2274 sciret
1971 2218 2066 2274 Je-

485 2313 607 2352 suni
640 2315 704 2353 ex
728 2300 893 2356 Maria
925 2314 1134 2370 natum,
1161 2317 1216 2361 et
1240 2324 1268 2361 a
1289 2308 1492 2364 Iudaeis
1514 2311 1854 2371 crucifixum,
1878 2328 2069 2381 quem-

479 2391 771 2446 admodum
802 2394 916 2464 ipsc
955 2397 1265 2468 scripserat,
1299 2411 1353 2455 et
1384 2418 1545 2471 quem
1581 2403 1845 2458 conviciis
1890 2403 2069 2458 inces-

481 2491 646 2546 serat,
673 2487 1102 2557 omnipotentcm
1139 2506 1260 2547 esse
1300 2492 1488 2561 Deum,
1520 2495 1705 2566 illique
1742 2497 2066 2563 retribuere,

483 2583 645 2645 prout
672 2592 702 2630 a
738 2578 899 2634 nobis
933 2580 1032 2650 ipsi
1074 2584 1398 2653 rescriptum
1424 2585 1620 2641 fuerat.
1660 2587 1829 2642 Etille
1849 2588 2071 2658 quidem

482 2664 577 2719 Dei
623 2667 916 2735 perduellis
971 2672 1024 2725 in
1066 2673 1168 2728 hac
1199 2675 1305 2728 vita
1348 2676 1529 2744 periit.
1579 2677 1727 2732 Abiit
1764 2687 1944 2733 autem
1976 2694 2072 2747 per

482 2756 625 2810 viain
664 2758 816 2814 Judie
861 2761 1156 2831 lscariotaa,
1189 2766 1278 2835 qui
1312 2768 1380 2822 ab
1425 2768 1799 2839 omnipotente
1830 2770 1940 2825 Deo
1972 2786 2073 2824 no.

485 2856 568 2900 tro
595 2849 841 2904 audierat
874 2871 887 2907 :
932 2853 1136 2909 Bonum
1176 2866 1292 2912 erat
1339 2861 1540 2914 homini
1575 2861 1655 2915 illi
1694 2863 1740 2915 si
1772 2872 1928 2917 natus
1971 2879 2073 2917 non

483 2939 684 3007 fuisset.
730 2942 878 2997 Abiit
928 2946 982 2999 in
1010 2947 1187 3017 ignem
1244 2966 1352 3005 non
1402 2954 1877 3025 exstinguendum,
1914 2971 2073 3025 para-

488 3040 602 3087 tum
637 3031 850 3092 Satanae.
881 3047 935 3093 et
964 3041 1265 3111 aequalibus
1292 3044 1432 3115 ejus.
1855 3058 1859 3063 '

561 3235 580 3267 σ
621 3217 680 3272 lii
728 3218 832 3273 alia
872 3230 1056 3278 autem
1104 3240 1135 3278 a
1174 3224 1335 3281 nobis
1379 3226 1502 3282 data
1531 3229 1682 3283 vobis
1710 3230 1979 3299 iussione,
2006 3246 2073 3285 ex

484 3312 684 3366 castris
726 3315 930 3369 nostris
957 3316 1023 3370 ad
1058 3315 1327 3383 Canzaca,
1358 3336 1480 3389 quae
1511 3321 1867 3377 continebant
1892 3330 2011 3377 acta
2043 3338 2074 3377 a

490 3421 599 3459 xm
644 3404 896 3462 Octobris
939 3425 1111 3478 usque
1172 3411 1239 3465 ad
1284 3429 1354 3465 xv
1399 3412 1575 3467 Martii
1633 3414 2073 3484 significavimus,

488 3514 599 3565 quo
628 3508 784 3566 pacto
819 3500 984 3563 Deus,
1035 3511 1090 3555 et
1129 3502 1353 3558 Domina
1400 3515 1585 3560 nostra
1619 3505 1864 3576 Deipara,
1895 3508 2075 3573 nobis,

489 3586 820 3658 Christoque
876 3592 1092 3647 dilectis
1141 3595 1314 3665 c0piis
1367 3598 1566 3652 nostris
1618 3599 1970 3663 succurrerit,
2024 3610 2079 3656 et

490 3682 767 3749 quomodo
809 3683 862 3736 in
899 3685 1017 3753 ipso
1047 3698 1342 3755 consiiectu
1374 3699 1564 3744 nostro
1596 3691 1705 3745 Deo
1734 3707 1931 3747 exosus
1960 3703 2014 3748 et
2047 3709 2079 3749 e

494 3769 701 3823 tumulo
746 3772 1094 3830 refodiendus
1121 3775 1392 3834 Chosroes
1421 3796 1451 3834 a
1486 3778 1972 3851 Dastagerchosare
2012 3783 2080 3838 ad

494 3860 906 3930 Ctesiphontem
941 3881 1111 3936 usque
1157 3868 1337 3939 fugam
1372 3872 1690 3941 capesserit,
1735 3888 1943 3943 suaque
1982 3891 2079 3945 pa-

447 3948 622 4007 \latia
651 3954 897 4010 amiserit
924 3973 1047 4011 cum
1075 3959 1224 4030 regni
1254 3958 1456 4017 Persici
1499 3964 1812 4033 provinciis,
1842 3982 1905 4021 ac
1924 3967 2082 4022 deni-

492 4059 601 4112 que
640 4043 740 4099 hac
766 4045 975 4101 ratione
1016 4063 1358 4105 commovere
1382 4052 1645 4107 adversus
1675 4053 1823 4107 illum
1858 4053 2082 4109 seditio-

494 4150 618 4187 ncm
653 4133 835 4190 Siroes
883 4140 1141 4207 potuerit.
1186 4140 1314 4196 Post
1345 4144 1601 4214 scriptam
1644 4160 1773 4200 vero
1807 4145 1947 4200 hanc
1982 4161 2083 4200 no-

495 4232 662 4280 stram
690 4228 1017 4297 jussioncin,
1052 4247 1282 4302 eamque
1307 4234 1525 4290 missam
1565 4252 1632 4290 xv
1670 4224 1757 4291 die
1795 4237 2086 4306 priesentis

2166 1753 2487 1822 στεφθέντος
2522 1754 2617 1807 καὶ
2642 1750 3108 1822 ἀναγορευθέντος
3131 1749 3177 1781 ⁸⁸
3208 1746 3474 1818 βασιλέως
3503 1746 3755 1817 Περσῶν,

2165 1846 2259 1899 καὶ
2289 1848 2354 1916 τῇ
2384 1852 2467 1916 κη’
2489 1843 2585 1897 τοῦ
2611 1843 2798 1914 399
2828 1841 2995 1896 αὐτοῦ
3031 1840 3219 1912 μηνὸς,
3260 1838 3401 1910 μετά
3431 1837 3494 1891 τὸ
3526 1837 3773 1907 ποιῆσαι

2163 1939 2255 1992 τὸν
2283 1938 2606 2010 θεομίσητον
2626 1937 2874 2009 Χοςρόην
2904 1936 3001 1998 τὰς
3028 1935 3069 1989 δ’
3093 1933 3309 2004 ἡμέρας
3342 1929 3760 2001 σιδηροδέσμιον

2166 2031 2225 2082 ὲν
2256 2030 2407 2103 πάσῃ
2436 2029 2621 2101 ὀδύνῃ,
2653 2028 2833 2082 ἀνεῖλε
2860 2026 2952 2080 τὸν
2983 2026 3148 2079 αὑτὸν
3174 2025 3470 2095 ἀγνώμονα
3507 2023 3605 2075 καὶ
3636 2021 3759 2073 θεο-

2170 2123 2342 2192 μάχον
2388 2123 2484 2175 καὶ
2530 2121 2884 2193 ὑπερήφανον
2932 2118 3028 2171 καὶ
3079 2117 3398 2188 βλάσφημον
3441 2112 3764 2184 πικροτάτῳ

2168 2213 2383 2285 θανάτῳ
2415 2213 2549 2285 (50),
2606 2215 2694 2268 ἵνα
2725 2213 2839 2284 γνῷ
2865 2214 2947 2266 ὅτι
2979 2210 3188 2284 Ἰησοῦς
3215 2212 3242 2264 ό
3271 2206 3485 2277 τεχθεὶς
3537 2208 3602 2259 ὲκ
3635 2207 3763 2259 Μαι

2173 2309 2313 2381 ρίας,
2343 2309 2372 2362 ό
2401 2309 2736 2379 σταυρωθεὶς
2777 2307 2883 2360 ὑπὸ
2912 2306 3025 2359 τῶν
3055 2302 3349 2367 Ἰουδαίων,
3384 2298 3567 2363 καθὼς
3594 2299 3763 2360 αὐτὸς

2167 2397 2235 2471 ἦν
2251 2400 2491 2472 γράψας,
2508 2403 2588 2462 εἰς
2608 2400 2668 2454 ὃν
2687 2399 2932 2468 ἐϐλασφή
2944 2415 3105 2468 μησε,
3128 2396 3260 2458 Θεὸς
3280 2391 3691 2460 παντοδύναμός
3713 2390 3760 2420 ⁸⁹

2172 2495 2344 2557 ἐστιν,
2376 2493 2473 2547 καὶ
2504 2493 2788 2547 ἀπέδωκεν
2816 2492 2965 2563 αὐτῷ
2991 2492 3134 2545 κατά
3161 2488 3228 2542 τά
3264 2486 3395 2557 παρ’
3428 2484 3584 2555 ἡμῶν
3612 2498 3761 2551 γρα-

2172 2586 2341 2655 φέντα
2382 2584 2552 2655 αὐτῷ.
2586 2585 2699 2639 Καὶ
2733 2586 2791 2638 ὲν
2818 2583 2896 2653 τῷ
2936 2583 3036 2653 μὲν
3078 2581 3179 2651 βίῳ
3210 2578 3386 2648 τούτῳ
3431 2574 3608 2636 οὕτως
3652 2574 3764 2627 ἀπ-

2170 2680 2339 2733 ώλετο
2356 2679 2387 2731 ό
2406 2678 2673 2749 θεομάχος
2706 2678 2933 2738 ἐκεῖνος.
2958 2670 3197 2743 Ἀπῆλθε
3220 2669 3277 2723 δὲ
3315 2668 3414 2739 τὴν
3442 2666 3561 2720 ὁδὸν
3583 2664 3763 2718 Ἰοὺδα

2171 2770 2269 2825 τοῦ
2320 2768 2672 2839 Ἰσκαριώτου
2716 2766 2810 2822 τοῦ
2859 2765 3193 2826 ἀκούσαντος
3222 2760 3332 2814 ἀπὸ
3362 2758 3458 2812 τοῦ
3490 2756 3764 2811 παντοδυ-

2173 2862 2348 2934 νάμου
2376 2861 2534 2933 ἡμῶν
2570 2858 2728 2925 Θεοῦ,
2746 2860 2828 2912 ὄτι
2853 2856 3061 2911 Καλὸν
3082 2852 3158 2924 ἦν
3180 2853 3261 2920 τῷ
3288 2849 3579 2919 ἀνθρώπῳ
3598 2845 3763 2900 ἐκεί-

2174 2972 2259 3021 νῳ
2279 2952 2365 3023 μὴ
2392 2950 2776 3022 γεννηθῆναι,
2811 2950 2891 3012 εις
2920 2948 2984 3000 τὸ
3020 2946 3134 3018 πῦρ
3167 2945 3231 2999 τὸ
3256 2942 3671 2998 ἀκατάοδεστον
3698 2938 3768 2992 τὺ

2176 3044 2578 3117 ἡτοιμασμένον
2606 3042 2684 3114 τῷ
2717 3041 2935 3113 Σατανᾷ
2975 3039 3071 3094 καὶ
3110 3040 3226 3101 τοῖς
3254 3034 3427 3101 ἀξίοις
3456 3032 3622 3089 αὒτοῦ
3654 3033 3766 3087 ἀπο

2176 3138 2358 3193 ἦλθεν.

2174 3157 2402 3282 ηλῖε
2428 3229 2485 3283 δὲ
2514 3226 2617 3297 τῆς
2654 3226 2851 3297 ἐτέρας
2879 3223 3036 3295 ἡμῶν
3066 3221 3371 3284 κελεύσεως
3402 3220 3501 3289 τῆς
3529 3216 3770 3286 γενομέ-

2178 3341 2276 3393 νης
2306 3322 2434 3394 παρ’
2463 3321 2622 3391 ἡμῶν
2656 3318 2792 3390 πρὸς
2821 3304 2966 3388 ὑμᾶς
2997 3316 3105 3370 ἀπὸ
3138 3313 3229 3368 τοῦ
3279 3310 3558 3381 ἀπλήκτου
3605 3306 3771 3376 ἡμῶν

2178 3412 2272 3467 τοῦ
2321 3413 2549 3483 πλησίον
2595 3409 2692 3464 τοῦ
2740 3408 3065 3474 Κανξάκων,
3097 3406 3197 3476 τῆς
3245 3400 3613 3472 περιεχούσης
3662 3397 3771 3466 τὴν

2180 3506 2395 3577 κίνησιν
2437 3505 2535 3576 τὴν
2580 3503 2687 3558 ἀπὸ
2717 3502 2816 3571 τῆς
2865 3500 2929 3565 ιζ’
2962 3498 3056 3553 τοῦ
3082 3495 3416 3566 Ὀκτωὸρίου
3443 3492 3615 3563 μηνὸς
3650 3488 3769 3559 (5|)

2184 3599 2347 3670 μέχρι
2389 3597 2491 3665 τῆς
2529 3603 2590 3650 ιε’
2615 3595 2711 3649 τοῦ
2744 3592 2991 3663 Μαρτίου
3034 3590 3223 3660 μηνὸς,
3256 3585 3610 3656 ὲσημάναμεν
3642 3582 3705 3634 τὸ
3720 3581 3771 3612 ’⁸

2182 3688 2301 3750 πῶς
2342 3689 2369 3740 ὁ
2402 3686 2534 3749 Θεὸς
2564 3686 2660 3740 καὶ
2687 3686 2721 3754 ἡ
2752 3683 3025 3738 Δέσποινα
3060 3678 3219 3751 ἡμῶν
3257 3680 3291 3747 ὴ
3325 3673 3589 3737 Θεοτόκος
3637 3688 3768 3725 συν-

2184 3775 2421 3849 έπραξεν
2451 3780 2582 3849 ἡμῖν
2606 3794 2666 3830 τε
2698 3776 2793 3829 καὶ
2819 3776 2930 3837 τοῖς
2960 3770 3326 3842 φιλοχρίστοις
3352 3764 3513 3836 ἡμῶν
3541 3765 3772 3832 ἐκστρα-

2183 3870 2274 3925 τεύ
2282 3888 2446 3942 μασιν
2462 3868 2565 3922 ὑπὲ
2573 3886 2605 3939 ρ
2619 3867 2826 3921 ἔννοιαν
2848 3862 3222 3935 ἀνθρωπίνην,
3235 3858 3331 3912 καὶ
3346 3856 3408 3910 τδ
3426 3856 3543 3917 πῶς
3562 3853 3769 3923 ἔφυγεν

2184 3964 2411 4018 ἐνώπιον
2442 3961 2598 4033 ἡμῶν
2626 3963 2655 4014 ὁ
2689 3959 3015 4029 θεομίσητος
3050 3955 3147 4009 καὶ
3176 3951 3494 4017 ἀνάσκαψος
3521 3945 3774 4015 Χοσρόης

2185 4057 2294 4113 ἀπὸ
2339 4055 2435 4109 τοῦ
2468 4049 2926 4122 Δασταγερχοσάρ
2967 4047 3061 4102 ἐπὶ
3095 4041 3491 4115 Κτησιφῶντα,
3522 4038 3617 4092 καὶ
3650 4034 3773 4097 πῶς

2185 4148 2465 4204 ἀπώλοντο
2497 4147 2566 4200 τὰ
2602 4143 2838 4199 παλάτια
2874 4139 3041 4195 αὐτοῦ
3076 4136 3214 4210 μετὰ
3243 4132 3453 4189 πολλῶν
3488 4127 3773 4201 ἐπαρχιῶν

2186 4240 2288 4311 τῆς
2315 4238 2591 4311 Περσικῆς
2622 4235 2922 4298 πολιτείας,
2953 4232 3051 4286 καὶ
3080 4232 3164 4286 ὃτι
3189 4228 3278 4281 διὰ
3300 4225 3393 4280 τοῦ
3418 4223 3625 4295 τρόπον
3650 4218 3775 4311 τού-ς

497 4316 702 4372 mensis
761 4316 955 4384 Martii,
998 4321 1238 4392 dumque
1285 4322 1565 4381 Cliosrocii
1617 4326 1759 4381 inter
1789 4336 1845 4381 et
1890 4327 2071 4381 Siroer

2189 4306 2285 4385 του
2315 4306 2558 4399 ἠδυνήθή
2589 4324 2874 4396 Σειρόης⁹¹
2908 4318 3244 4393 ποιήσασθαι
3274 4315 3371 4387 τὴν
3399 4313 3616 4381 κίνησιν
3653 4306 3773 4399 κατ’

498 4409 845 4477 postmodum
884 4427 1005 4481 qua:
1052 4414 1384 4486 contigerint
1434 4416 1717 4487 explorare
1765 4418 2082 4490 satagimus,

500 4498 683 4553 missis
708 4499 922 4577 injvaria
939 4504 1076 4571 loca,
1092 4515 1255 4577 atque
1274 4507 1341 4561 ad
1359 4507 1627 4574 Siarsura,
1644 4525 1871 4580 parvum
1888 4511 2084 4576 Zabas,

502 4590 729 4648 Clialcas
757 4603 813 4649 et
832 4593 1071 4665 Jesdem,
1101 4608 1327 4670 utraque
1352 4600 1458 4665 via,
1500 4610 1615 4656 tum
1655 4617 1719 4657 ex
1752 4602 2085 4658 felicissimis

2190 4397 2381 4478 αὐτοῦ.
2407 4397 2567 4474 Μετὰ
2594 4417 2652 4471 δὲ
2681 4415 2742 4470 τὸ
2771 4415 2995 4484 ποιῆσαι
3024 4412 3173 4482 ἡμᾶς
3212 4408 3310 4477 τὴν
3350 4403 3600 4459 κέλευσιν
3630 4397 3775 4454 ὲκεί-

2192 4530 2291 4586 νην
2336 4512 2432 4566 καὶ
2479 4510 2682 4564 στεῖλαι
2709 4506 2880 4577 αὐτὴν
2906 4507 2973 4576 τῇ
3013 4510 3073 4557 ιε’
3098 4500 3193 4556 τοῦ
3230 4497 3499 4570 παρόντος
3526 4489 3776 4586 Μαρτίου

2195 4582 2385 4679 μήνδς,
2418 4605 2476 4660 ὲν
2522 4601 2600 4672 τῷ
2647 4597 2956 4674 φροντίζειν
2978 4595 3073 4651 τοῦ
3108 4591 3313 4665 γνῶναι
3339 4589 3487 4662 ἡμᾶς
3514 4586 3706 4640 ἕνεκεν
3730 4582 3777 4612 ⁹¹

1855 4785 2178 4844 DUCANGII
2208 4786 2441 4843 ΝΟΤᾸΞ.

589 4934 1079 5005 (50.)Πικροτὰτῳ
1108 4937 1360 5005 θανάτῳ.
1403 4939 1537 4995 Cibo
1586 4940 1734 4995 omni
1785 4941 2085 5005 subtracto,

509 5020 573 5081 ac
606 5004 724 5059 auri
755 5015 810 5059 et
835 5004 1055 5081 argenti
1088 5004 1505 5080 lapillorum1ue
1532 5010 1582 5065 vi
1611 5011 1845 5066 maxima
1866 5052 1881 5076 ,
1922 5004 2087 5081 quam

513 5076 1160 5151 hactenuscollegerat;
1182 5095 1369 5151 coram
1400 5076 1706 5151 proposita,
1756 5081 1821 5135 iis
1860 5076 2088 5136 vocibus

513 5144 905 5223 insultantibus
935 5144 1247 5223 proceribus
1276 5168 1287 5203 :
1326 5144 1528 5223 Fruere
1569 5153 1634 5205 iis
1679 5152 1921 5223 agedum,
1956 5168 2087 5221 quo-

516 5232 635 5268 rum
664 5215 858 5292 insanit
881 5215 1124 5292 cupidine
1152 5220 1416 5292 migrasti,
1452 5237 1667 5292 qumque
1695 5215 1890 5292 (iniusti
1911 5215 2090 5292 tanto-

516 5300 639 5355 pere
668 5303 733 5340 ac
756 5285 1030 5359 collegisti.
1066 5285 1306 5346 Tandem
1347 5285 1489 5347 fame
1519 5285 1768 5356 euectus,
1814 5291 1881 5345 ab
1909 5290 1973 5344 iis
2003 5290 2087 5344 iii-

2190 4939 2447 4995 terfectus
2473 4944 2576 4991 est.
2623 4935 2699 4989 Ita
2732 4932 3093 5002 Nicephorus.
3153 4927 3288 5002 Rem
3318 4928 3482 5002 etiam
3519 4922 3779 5002 pluribus

2188 4994 2831 5086 narraiithlieophaiics,
2859 4994 3070 5086 pugil,
3101 5009 3157 5086 et
3182 5000 3244 5086 ξ)
3258 5014 3420 5086 meon
3439 4994 3777 5086 JLOEQEP-e-Ei:

2260 5081 2340 5151 (5|
2356 5083 2373 5146 )
2390 5077 2536 5151 ᾍπό
2563 5064 2770 5151 τῇς-ιζ’
2789 5064 3277 5151 τοῦ.’0)ξτω6ςρί‹ξγ
3296 5066 3513 5139 μηνός.
3535 5064 3781 5151 ξιίἐρειιῐη

2187 5134 2383 5205 ειἸιοὸ
2406 5134 2636 5202 Heraclii
2652 5134 2812 5199 'forte
2835 5141 3063 5214 epistola
3083 5134 3343 5214 pluribus
3373 5145 3561 5214 narrat
3582 5134 3773 5214 Theo-

2187 5221 2398 5290 plianes
2428 5218 2530 5274 sub
2572 5232 2702 5271 ann.
2746 5204 3138 5269 xvii'lleraclii
3169 5228 3182 5265 :
3217 5218 3273 5265 et
3306 5225 3370 5264 ex
3402 5221 3469 5263 eo
3507 5204 3782 5276 Georgius

2188 5290 2510 5345 monachus.

1819 5462 2053 5519 VARle
2080 5460 2483 5518 LECTIONES.

592 5594 637 5627 "
658 5596 917 5671 _Xospriou
947 5594 985 5649 Ρ
1008 5562 1130 5671 et)?
1162 5614 1191 5653 ιι
1225 5608 1552 5655 curicctorc.
1631 5601 1673 5633 ⁸⁸
1699 5598 2155 5671 ἀνηγορευθέντος
2179 5595 2237 5650 P.
2322 5597 2375 5666 ,⁸⁸
2412 5590 2803 5655 παντοδύνατός
2833 5589 2890 5645 P.
2995 5588 3042 5620 ’°
3072 5587 3131 5641 τὸ
3162 5601 3248 5642 οιιι
3308 5585 3370 5639 Ρ.
3446 5581 3489 5614 ’⁸
3528 5578 3777 5651 Σειροίης

522 5661 568 5720 P
593 5666 729 5721 sola.
795 5661 849 5698 ’⁸³
882 5668 1044 5723 ἓνεκα
1070 5665 1129 5722 Ρ.
