  <div class='ocr_page' id='page_1' title='image "/cluster/home/n/w/nwhite01/storage/ocr_20150623/92/hvd.32044019208032/516.png"; bbox 0 0 4092 6296; ppageno 0'>
   <div class='ocr_carea' id='block_1_1' title="bbox 341 352 475 421">
    <p class='ocr_par' dir='ltr' id='par_1_1' title="bbox 341 352 475 421">
     <span class='ocr_line' id='line_1_1' title="bbox 341 352 475 421; baseline -0.03 1"><span class='ocrx_word' id='word_1_1' title='bbox 341 352 475 421; x_wconf 78' lang='grc'><strong>1021</strong></span> 
     </span>
    </p>
   </div>
   <div class='ocr_carea' id='block_1_2' title="bbox 1505 362 2406 431">
    <p class='ocr_par' dir='ltr' id='par_1_2' title="bbox 1505 362 2406 431">
     <span class='ocr_line' id='line_1_2' title="bbox 1505 362 2406 431; baseline 0.008 -9"><span class='ocrx_word' id='word_1_2' title='bbox 1505 362 1944 425; x_wconf 79' lang='lat' dir='ltr'><strong>CHRONICON</strong></span> <span class='ocrx_word' id='word_1_3' title='bbox 1996 363 2406 431; x_wconf 73' lang='lat' dir='ltr'><strong>PASCHALE.</strong></span> 
     </span>
    </p>
   </div>
   <div class='ocr_carea' id='block_1_3' title="bbox 3481 368 3623 436">
    <p class='ocr_par' dir='ltr' id='par_1_3' title="bbox 3481 368 3623 436">
     <span class='ocr_line' id='line_1_3' title="bbox 3481 368 3623 436; baseline 0 0"><span class='ocrx_word' id='word_1_4' title='bbox 3481 368 3623 436; x_wconf 75' lang='lat'><strong>1022</strong></span> 
     </span>
    </p>
   </div>
   <div class='ocr_carea' id='block_1_4' title="bbox 336 463 1915 554">
    <p class='ocr_par' dir='ltr' id='par_1_4' title="bbox 336 463 1915 543">
     <span class='ocr_line' id='line_1_4' title="bbox 336 463 1915 543; baseline 0.004 -24"><span class='ocrx_word' id='word_1_5' title='bbox 336 468 612 538; x_wconf 67' lang='grc' dir='ltr'>Χοσδνόου</span> <span class='ocrx_word' id='word_1_6' title='bbox 628 466 677 500; x_wconf 77' lang='grc'><strong>⁸³</strong></span> <span class='ocrx_word' id='word_1_7' title='bbox 710 464 804 520; x_wconf 77' lang='grc' dir='ltr'>καὶ</span> <span class='ocrx_word' id='word_1_8' title='bbox 828 463 1074 539; x_wconf 84' lang='grc' dir='ltr'>Σειροίου</span> <span class='ocrx_word' id='word_1_9' title='bbox 1122 466 1191 521; x_wconf 81' lang='grc' dir='ltr'>τὰ</span> <span class='ocrx_word' id='word_1_10' title='bbox 1238 471 1803 543; x_wconf 84' lang='grc' dir='ltr'>παρακολουθήσαντα</span> <span class='ocrx_word' id='word_1_11' title='bbox 1841 475 1915 526; x_wconf 77' lang='grc' dir='ltr'>κα⁴</span> 
     </span>
    </p>
   </div>
   <div class='ocr_carea' id='block_1_5' title="bbox 2016 463 3625 554">
    <p class='ocr_par' dir='ltr' id='par_1_5' title="bbox 2036 470 3625 554">
     <span class='ocr_line' id='line_1_5' title="bbox 2036 470 3625 554; baseline 0.006 -26"><span class='ocrx_word' id='word_1_12' title='bbox 2036 479 2230 533; x_wconf 85' lang='lat' dir='ltr'><strong>castris</strong></span> <span class='ocrx_word' id='word_1_13' title='bbox 2265 480 2488 545; x_wconf 88' lang='lat' dir='ltr'><strong>nostris,</strong></span> <span class='ocrx_word' id='word_1_14' title='bbox 2528 488 2642 535; x_wconf 90' lang='lat' dir='ltr'><strong>tum</strong></span> <span class='ocrx_word' id='word_1_15' title='bbox 2679 494 2747 536; x_wconf 89' lang='lat' dir='ltr'><strong>ex</strong></span> <span class='ocrx_word' id='word_1_16' title='bbox 2784 480 3074 538; x_wconf 90' lang='lat' dir='ltr'><strong>Saracenis</strong></span> <span class='ocrx_word' id='word_1_17' title='bbox 3109 470 3201 552; x_wconf 90' lang='lat' dir='ltr'><strong>pio</strong></span> <span class='ocrx_word' id='word_1_18' title='bbox 3229 491 3419 537; x_wconf 90' lang='lat' dir='ltr'><strong>nostro</strong></span> <span class='ocrx_word' id='word_1_19' title='bbox 3452 483 3625 554; x_wconf 82' lang='lat' dir='ltr'><strong>impe&#39;</strong></span> 
     </span>
    </p>
   </div>
   <div class='ocr_carea' id='block_1_6' title="bbox 340 558 1926 637">
    <p class='ocr_par' dir='ltr' id='par_1_6' title="bbox 340 558 1926 637">
     <span class='ocr_line' id='line_1_6' title="bbox 340 558 1926 637; baseline 0.003 -23"><span class='ocrx_word' id='word_1_20' title='bbox 340 559 558 630; x_wconf 73' lang='grc' dir='ltr'>πέμψαι</span> <span class='ocrx_word' id='word_1_21' title='bbox 587 560 738 629; x_wconf 73' lang='grc' dir='ltr'>ἡμᾶς</span> <span class='ocrx_word' id='word_1_22' title='bbox 766 558 825 611; x_wconf 83' lang='grc' dir='ltr'><strong>ἐν</strong></span> <span class='ocrx_word' id='word_1_23' title='bbox 848 558 1128 630; x_wconf 75' lang='grc' dir='ltr'><strong>διαφόροις</strong></span> <span class='ocrx_word' id='word_1_24' title='bbox 1152 559 1362 624; x_wconf 88' lang='grc' dir='ltr'>τόποις.</span> <span class='ocrx_word' id='word_1_25' title='bbox 1387 562 1482 616; x_wconf 79' lang='grc' dir='ltr'>καὶ</span> <span class='ocrx_word' id='word_1_26' title='bbox 1510 563 1615 627; x_wconf 83' lang='grc' dir='ltr'><strong>ἐως</strong></span> <span class='ocrx_word' id='word_1_27' title='bbox 1642 563 1737 618; x_wconf 74' lang='grc' dir='ltr'><strong>τοῦ</strong></span> <span class='ocrx_word' id='word_1_28' title='bbox 1760 567 1926 637; x_wconf 85' lang='grc' dir='ltr'>Σιαρ-</span> 
     </span>
    </p>
   </div>
   <div class='ocr_carea' id='block_1_7' title="bbox 339 653 1924 730">
    <p class='ocr_par' dir='ltr' id='par_1_7' title="bbox 339 653 1924 730">
     <span class='ocr_line' id='line_1_7' title="bbox 339 653 1924 730; baseline 0.004 -22"><span class='ocrx_word' id='word_1_29' title='bbox 339 654 553 725; x_wconf 78' lang='grc' dir='ltr'>σούρων</span> <span class='ocrx_word' id='word_1_30' title='bbox 594 653 708 723; x_wconf 79' lang='lat'><strong>(5‘2)</strong></span> <span class='ocrx_word' id='word_1_31' title='bbox 766 654 862 707; x_wconf 75' lang='grc' dir='ltr'>καὶ</span> <span class='ocrx_word' id='word_1_32' title='bbox 908 653 1014 718; x_wconf 74' lang='grc' dir='ltr'>ἕως</span> <span class='ocrx_word' id='word_1_33' title='bbox 1056 654 1155 709; x_wconf 78' lang='grc' dir='ltr'><strong>τοῦ</strong></span> <span class='ocrx_word' id='word_1_34' title='bbox 1203 657 1402 727; x_wconf 83' lang='grc' dir='ltr'><strong>μικροῦ</strong></span> <span class='ocrx_word' id='word_1_35' title='bbox 1452 658 1603 714; x_wconf 87' lang='grc' dir='ltr'><strong>Ζάϐα</strong></span> <span class='ocrx_word' id='word_1_36' title='bbox 1650 660 1784 730; x_wconf 78' lang='grc'><strong>(55),</strong></span> <span class='ocrx_word' id='word_1_37' title='bbox 1830 661 1924 715; x_wconf 77' lang='grc' dir='ltr'>τοῦ</span> 
     </span>
    </p>
   </div>
   <div class='ocr_carea' id='block_1_8' title="bbox 336 744 1926 820">
    <p class='ocr_par' dir='ltr' id='par_1_8' title="bbox 336 744 1926 820">
     <span class='ocr_line' id='line_1_8' title="bbox 336 744 1926 820; baseline 0.004 -20"><span class='ocrx_word' id='word_1_38' title='bbox 336 744 565 816; x_wconf 72' lang='grc' dir='ltr'>Καλχὰς</span> <span class='ocrx_word' id='word_1_39' title='bbox 578 745 647 810; x_wconf 70' lang='grc'><strong>’⁵,</strong></span> <span class='ocrx_word' id='word_1_40' title='bbox 692 744 790 799; x_wconf 80' lang='grc' dir='ltr'><strong>τοῦ</strong></span> <span class='ocrx_word' id='word_1_41' title='bbox 815 746 1043 817; x_wconf 80' lang='grc' dir='ltr'>Ἰεσδέμ,</span> <span class='ocrx_word' id='word_1_42' title='bbox 1079 750 1139 800; x_wconf 90' lang='grc' dir='ltr'><strong>ἐν</strong></span> <span class='ocrx_word' id='word_1_43' title='bbox 1167 749 1511 820; x_wconf 78' lang='grc' dir='ltr'><strong>ἀμφοτέραις</strong></span> <span class='ocrx_word' id='word_1_44' title='bbox 1538 754 1662 815; x_wconf 76' lang='grc' dir='ltr'>ταῖς</span> <span class='ocrx_word' id='word_1_45' title='bbox 1688 752 1829 816; x_wconf 75' lang='grc' dir='ltr'>ὁδοῖς</span> <span class='ocrx_word' id='word_1_46' title='bbox 1861 752 1926 808; x_wconf 80' lang='grc' dir='ltr'>εκ</span> 
     </span>
    </p>
   </div>
   <div class='ocr_carea' id='block_1_9' title="bbox 334 824 1925 912">
    <p class='ocr_par' dir='ltr' id='par_1_9' title="bbox 334 824 1925 912">
     <span class='ocr_line' id='line_1_9' title="bbox 334 824 1925 912; baseline 0.004 -20"><span class='ocrx_word' id='word_1_47' title='bbox 334 855 398 892; x_wconf 83' lang='grc' dir='ltr'><strong>τε</strong></span> <span class='ocrx_word' id='word_1_48' title='bbox 427 824 535 892; x_wconf 69' lang='grc' dir='ltr'><strong>τῶν</strong></span> <span class='ocrx_word' id='word_1_49' title='bbox 569 838 983 909; x_wconf 76' lang='grc' dir='ltr'><strong>εὐτυχεστάτων</strong></span> <span class='ocrx_word' id='word_1_50' title='bbox 1016 838 1173 910; x_wconf 82' lang='grc' dir='ltr'>ἡμῶν</span> <span class='ocrx_word' id='word_1_51' title='bbox 1202 841 1701 912; x_wconf 81' lang='grc' dir='ltr'>ἐκστρατευμάτων</span> <span class='ocrx_word' id='word_1_52' title='bbox 1730 845 1825 898; x_wconf 73' lang='grc' dir='ltr'>καὶ</span> <span class='ocrx_word' id='word_1_53' title='bbox 1860 846 1925 899; x_wconf 90' lang='grc' dir='ltr'><strong>ἐκ</strong></span> 
     </span>
    </p>
   </div>
   <div class='ocr_carea' id='block_1_10' title="bbox 333 930 1924 1007">
    <p class='ocr_par' dir='ltr' id='par_1_10' title="bbox 333 930 1924 1007">
     <span class='ocr_line' id='line_1_10' title="bbox 333 930 1924 1007; baseline 0.005 -24"><span class='ocrx_word' id='word_1_54' title='bbox 333 932 447 984; x_wconf 80' lang='grc' dir='ltr'><strong>τῶν</strong></span> <span class='ocrx_word' id='word_1_55' title='bbox 492 930 832 1003; x_wconf 86' lang='grc' dir='ltr'>Σαρακηνῶν</span> <span class='ocrx_word' id='word_1_56' title='bbox 861 931 971 985; x_wconf 83' lang='grc' dir='ltr'><strong>τῶν</strong></span> <span class='ocrx_word' id='word_1_57' title='bbox 1001 932 1172 987; x_wconf 76' lang='grc' dir='ltr'>όντων</span> <span class='ocrx_word' id='word_1_58' title='bbox 1206 933 1312 986; x_wconf 76' lang='grc' dir='ltr'><strong>ὑπὸ</strong></span> <span class='ocrx_word' id='word_1_59' title='bbox 1358 935 1462 1005; x_wconf 76' lang='grc' dir='ltr'>τὴν</span> <span class='ocrx_word' id='word_1_60' title='bbox 1510 936 1855 1007; x_wconf 78' lang='grc' dir='ltr'>φιλόχριστον</span> <span class='ocrx_word' id='word_1_61' title='bbox 1877 938 1924 971; x_wconf 82' lang='grc'><em>’⁸</em></span> 
     </span>
    </p>
   </div>
   <div class='ocr_carea' id='block_1_11' title="bbox 332 1024 1926 1100">
    <p class='ocr_par' dir='ltr' id='par_1_11' title="bbox 332 1024 1926 1100">
     <span class='ocr_line' id='line_1_11' title="bbox 332 1024 1926 1100; baseline -0.001 -18"><span class='ocrx_word' id='word_1_62' title='bbox 332 1027 496 1097; x_wconf 80' lang='grc' dir='ltr'>ήμῶν</span> <span class='ocrx_word' id='word_1_63' title='bbox 543 1025 846 1090; x_wconf 72' lang='grc' dir='ltr'>πολιτείαν,</span> <span class='ocrx_word' id='word_1_64' title='bbox 873 1024 963 1079; x_wconf 71' lang='grc' dir='ltr'><strong>διὰ</strong></span> <span class='ocrx_word' id='word_1_65' title='bbox 1008 1025 1092 1089; x_wconf 75' lang='grc' dir='ltr'><strong>τδ,</strong></span> <span class='ocrx_word' id='word_1_66' title='bbox 1122 1024 1199 1089; x_wconf 85' lang='grc' dir='ltr'>ὡς</span> <span class='ocrx_word' id='word_1_67' title='bbox 1246 1026 1485 1098; x_wconf 74' lang='grc' dir='ltr'>εἴρηται,</span> <span class='ocrx_word' id='word_1_68' title='bbox 1520 1029 1726 1096; x_wconf 84' lang='grc' dir='ltr'>γνῶναι</span> <span class='ocrx_word' id='word_1_69' title='bbox 1773 1030 1926 1100; x_wconf 77' lang='grc' dir='ltr'>ἡμᾶς</span> 
     </span>
    </p>
   </div>
   <div class='ocr_carea' id='block_1_12' title="bbox 334 1119 1926 1193">
    <p class='ocr_par' dir='ltr' id='par_1_12' title="bbox 334 1119 1926 1193">
     <span class='ocr_line' id='line_1_12' title="bbox 334 1119 1926 1193; baseline 0.001 -19"><span class='ocrx_word' id='word_1_70' title='bbox 334 1120 581 1191; x_wconf 82' lang='grc' dir='ltr'>ἀκριϐῶς</span> <span class='ocrx_word' id='word_1_71' title='bbox 609 1119 681 1173; x_wconf 85' lang='grc' dir='ltr'><strong>τά</strong></span> <span class='ocrx_word' id='word_1_72' title='bbox 706 1121 885 1173; x_wconf 82' lang='grc' dir='ltr'>ἐκεῖσε</span> <span class='ocrx_word' id='word_1_73' title='bbox 913 1119 1225 1190; x_wconf 77' lang='grc' dir='ltr'><strong>κινηθέντα,</strong></span> <span class='ocrx_word' id='word_1_74' title='bbox 1247 1123 1315 1192; x_wconf 76' lang='grc' dir='ltr'>τῇ</span> <span class='ocrx_word' id='word_1_75' title='bbox 1348 1122 1427 1175; x_wconf 84' lang='grc' dir='ltr'>κδ’</span> <span class='ocrx_word' id='word_1_76' title='bbox 1447 1121 1543 1175; x_wconf 79' lang='grc' dir='ltr'><strong>τοῦ</strong></span> <span class='ocrx_word' id='word_1_77' title='bbox 1581 1122 1749 1176; x_wconf 79' lang='grc' dir='ltr'>αὐτοῦ</span> <span class='ocrx_word' id='word_1_78' title='bbox 1773 1123 1926 1193; x_wconf 71' lang='grc' dir='ltr'>Μαρο</span> 
     </span>
    </p>
   </div>
   <div class='ocr_carea' id='block_1_13' title="bbox 333 1211 1923 1284">
    <p class='ocr_par' dir='ltr' id='par_1_13' title="bbox 333 1211 1923 1284">
     <span class='ocr_line' id='line_1_13' title="bbox 333 1211 1923 1284; baseline 0.001 -18"><span class='ocrx_word' id='word_1_79' title='bbox 333 1213 451 1266; x_wconf 82' lang='grc' dir='ltr'>τίου</span> <span class='ocrx_word' id='word_1_80' title='bbox 484 1212 656 1283; x_wconf 79' lang='grc' dir='ltr'>μηνὸς</span> <span class='ocrx_word' id='word_1_81' title='bbox 682 1213 923 1284; x_wconf 67' lang='grc' dir='ltr'>ἤνεγκαν</span> <span class='ocrx_word' id='word_1_82' title='bbox 938 1211 986 1244; x_wconf 79' lang='grc'><strong>’⁸</strong></span> <span class='ocrx_word' id='word_1_83' title='bbox 1013 1212 1154 1283; x_wconf 72' lang='grc' dir='ltr'>πρὸς</span> <span class='ocrx_word' id='word_1_84' title='bbox 1186 1215 1340 1284; x_wconf 72' lang='grc' dir='ltr'>ἡμᾶς</span> <span class='ocrx_word' id='word_1_85' title='bbox 1375 1215 1455 1275; x_wconf 87' lang='grc' dir='ltr'><strong>είς</strong></span> <span class='ocrx_word' id='word_1_86' title='bbox 1480 1214 1542 1267; x_wconf 74' lang='grc' dir='ltr'>τὸ</span> <span class='ocrx_word' id='word_1_87' title='bbox 1573 1214 1854 1283; x_wconf 79' lang='grc' dir='ltr'>ἄπληκτον</span> <span class='ocrx_word' id='word_1_88' title='bbox 1875 1214 1923 1247; x_wconf 74' lang='grc' dir='ltr'><strong>’τ</strong></span> 
     </span>
    </p>
   </div>
   <div class='ocr_carea' id='block_1_14' title="bbox 334 1304 1926 1378">
    <p class='ocr_par' dir='ltr' id='par_1_14' title="bbox 334 1304 1926 1378">
     <span class='ocr_line' id='line_1_14' title="bbox 334 1304 1926 1378; baseline 0.003 -20"><span class='ocrx_word' id='word_1_89' title='bbox 334 1306 494 1376; x_wconf 75' lang='grc' dir='ltr'>ἡμῶν</span> <span class='ocrx_word' id='word_1_90' title='bbox 514 1305 575 1359; x_wconf 82' lang='grc' dir='ltr'>τὸ</span> <span class='ocrx_word' id='word_1_91' title='bbox 596 1305 825 1375; x_wconf 82' lang='grc' dir='ltr'>πλησίον</span> <span class='ocrx_word' id='word_1_92' title='bbox 846 1304 941 1358; x_wconf 83' lang='grc' dir='ltr'><strong>τοῦ</strong></span> <span class='ocrx_word' id='word_1_93' title='bbox 968 1305 1275 1370; x_wconf 77' lang='grc' dir='ltr'>Κανζάκων</span> <span class='ocrx_word' id='word_1_94' title='bbox 1297 1306 1410 1376; x_wconf 67' lang='grc'><strong>(54)</strong></span> <span class='ocrx_word' id='word_1_95' title='bbox 1437 1308 1485 1361; x_wconf 81' lang='grc' dir='ltr'>οἱ</span> <span class='ocrx_word' id='word_1_96' title='bbox 1518 1308 1621 1378; x_wconf 83' lang='grc' dir='ltr'>τῆς</span> <span class='ocrx_word' id='word_1_97' title='bbox 1651 1308 1926 1373; x_wconf 83' lang='grc' dir='ltr'>σκοΰλκας</span> 
     </span>
    </p>
   </div>
   <div class='ocr_carea' id='block_1_15' title="bbox 332 1397 1923 1470">
    <p class='ocr_par' dir='ltr' id='par_1_15' title="bbox 332 1397 1923 1470">
     <span class='ocr_line' id='line_1_15' title="bbox 332 1397 1923 1470; baseline 0.001 -17"><span class='ocrx_word' id='word_1_98' title='bbox 332 1400 430 1453; x_wconf 77' lang='grc' dir='ltr'><strong>ενα</strong></span> <span class='ocrx_word' id='word_1_99' title='bbox 464 1398 688 1469; x_wconf 79' lang='grc' dir='ltr'><strong>Πέρσην</strong></span> <span class='ocrx_word' id='word_1_100' title='bbox 736 1398 830 1452; x_wconf 77' lang='grc' dir='ltr'>καὶ</span> <span class='ocrx_word' id='word_1_101' title='bbox 861 1397 959 1452; x_wconf 72' lang='grc' dir='ltr'>ἕνα</span> <span class='ocrx_word' id='word_1_102' title='bbox 988 1398 1301 1470; x_wconf 77' lang='grc' dir='ltr'>Ἀρμένιον,</span> <span class='ocrx_word' id='word_1_103' title='bbox 1337 1400 1538 1463; x_wconf 77' lang='grc' dir='ltr'>οἵτινες</span> <span class='ocrx_word' id='word_1_104' title='bbox 1571 1400 1855 1454; x_wconf 79' lang='grc' dir='ltr'>ἐπέδωκαν</span> <span class='ocrx_word' id='word_1_105' title='bbox 1875 1401 1923 1434; x_wconf 81' lang='grc'><strong>’⁸</strong></span> 
     </span>
    </p>
   </div>
   <div class='ocr_carea' id='block_1_16' title="bbox 332 1488 1923 1563">
    <p class='ocr_par' dir='ltr' id='par_1_16' title="bbox 332 1488 1923 1563">
     <span class='ocr_line' id='line_1_16' title="bbox 332 1488 1923 1563; baseline 0.001 -20"><span class='ocrx_word' id='word_1_106' title='bbox 332 1493 467 1560; x_wconf 77' lang='grc' dir='ltr'>ἡμῖν</span> <span class='ocrx_word' id='word_1_107' title='bbox 500 1488 917 1561; x_wconf 77' lang='grc' dir='ltr'>ὑπομνηστικδν</span> <span class='ocrx_word' id='word_1_108' title='bbox 952 1490 1249 1561; x_wconf 85' lang='grc' dir='ltr'>γενόμενον</span> <span class='ocrx_word' id='word_1_109' title='bbox 1282 1491 1417 1562; x_wconf 80' lang='grc' dir='ltr'>πρὸς</span> <span class='ocrx_word' id='word_1_110' title='bbox 1454 1492 1604 1563; x_wconf 76' lang='grc' dir='ltr'>ἡμᾶς</span> <span class='ocrx_word' id='word_1_111' title='bbox 1643 1491 1752 1545; x_wconf 89' lang='grc' dir='ltr'><strong>ἀπό</strong></span> <span class='ocrx_word' id='word_1_112' title='bbox 1774 1508 1923 1555; x_wconf 88' lang='grc' dir='ltr'>τινος</span> 
     </span>
    </p>
   </div>
   <div class='ocr_carea' id='block_1_17' title="bbox 332 1583 1923 1656">
    <p class='ocr_par' dir='ltr' id='par_1_17' title="bbox 332 1583 1923 1656">
     <span class='ocr_line' id='line_1_17' title="bbox 332 1583 1923 1656; baseline 0.001 -18"><span class='ocrx_word' id='word_1_113' title='bbox 332 1584 671 1655; x_wconf 81' lang='grc' dir='ltr'>ἀδσηκρῆτις</span> <span class='ocrx_word' id='word_1_114' title='bbox 688 1585 735 1616; x_wconf 76' lang='grc'><strong>’⁸</strong></span> <span class='ocrx_word' id='word_1_115' title='bbox 780 1584 1031 1654; x_wconf 81' lang='grc' dir='ltr'>Περσῶν,</span> <span class='ocrx_word' id='word_1_116' title='bbox 1065 1583 1284 1653; x_wconf 76' lang='grc' dir='ltr'>ἔχοντος</span> <span class='ocrx_word' id='word_1_117' title='bbox 1331 1585 1502 1655; x_wconf 77' lang='grc' dir='ltr'>ὄνομα</span> <span class='ocrx_word' id='word_1_118' title='bbox 1539 1586 1779 1656; x_wconf 85' lang='grc' dir='ltr'>Χοσδάη,</span> <span class='ocrx_word' id='word_1_119' title='bbox 1825 1585 1923 1640; x_wconf 78' lang='grc' dir='ltr'>καὶ</span> 
     </span>
    </p>
   </div>
   <div class='ocr_carea' id='block_1_18' title="bbox 331 1674 1923 1748">
    <p class='ocr_par' dir='ltr' id='par_1_18' title="bbox 331 1674 1923 1748">
     <span class='ocr_line' id='line_1_18' title="bbox 331 1674 1923 1748; baseline 0 -18"><span class='ocrx_word' id='word_1_120' title='bbox 331 1675 552 1745; x_wconf 77' lang='grc' dir='ltr'>ἀξίωμα</span> <span class='ocrx_word' id='word_1_121' title='bbox 576 1674 810 1728; x_wconf 79' lang='grc' dir='ltr'>Ῥασνᾶν</span> <span class='ocrx_word' id='word_1_122' title='bbox 832 1675 871 1737; x_wconf 76' lang='grc'>⁸,</span> <span class='ocrx_word' id='word_1_123' title='bbox 904 1675 1184 1745; x_wconf 81' lang='grc' dir='ltr'>περιέχον,</span> <span class='ocrx_word' id='word_1_124' title='bbox 1204 1676 1287 1729; x_wconf 84' lang='grc' dir='ltr'>ὅτι</span> <span class='ocrx_word' id='word_1_125' title='bbox 1304 1676 1324 1706; x_wconf 78' lang='grc'><em>³</em></span> <span class='ocrx_word' id='word_1_126' title='bbox 1350 1676 1594 1748; x_wconf 87' lang='grc' dir='ltr'>Σειροίου</span> <span class='ocrx_word' id='word_1_127' title='bbox 1624 1678 1923 1748; x_wconf 80' lang='grc' dir='ltr'>ἀναγορευ-</span> 
     </span>
    </p>
   </div>
   <div class='ocr_carea' id='block_1_19' title="bbox 333 1765 1913 1841">
    <p class='ocr_par' dir='ltr' id='par_1_19' title="bbox 333 1765 1913 1841">
     <span class='ocr_line' id='line_1_19' title="bbox 333 1765 1913 1841; baseline 0.003 -22"><span class='ocrx_word' id='word_1_128' title='bbox 333 1766 521 1830; x_wconf 78' lang='grc' dir='ltr'>θέντος</span> <span class='ocrx_word' id='word_1_129' title='bbox 554 1765 820 1836; x_wconf 84' lang='grc' dir='ltr'>βασιλέως</span> <span class='ocrx_word' id='word_1_130' title='bbox 866 1766 1093 1834; x_wconf 83' lang='grc' dir='ltr'>Περσῶν</span> <span class='ocrx_word' id='word_1_131' title='bbox 1126 1766 1403 1821; x_wconf 84' lang='grc' dir='ltr'>ἀπέλυσεν</span> <span class='ocrx_word' id='word_1_132' title='bbox 1437 1768 1600 1823; x_wconf 81' lang='grc' dir='ltr'>αὑτὸν</span> <span class='ocrx_word' id='word_1_133' title='bbox 1645 1769 1785 1841; x_wconf 85' lang='grc' dir='ltr'><strong>μετά</strong></span> <span class='ocrx_word' id='word_1_134' title='bbox 1817 1769 1913 1823; x_wconf 79' lang='grc' dir='ltr'>καὶ</span> 
     </span>
    </p>
   </div>
   <div class='ocr_carea' id='block_1_20' title="bbox 330 1858 1910 1933">
    <p class='ocr_par' dir='ltr' id='par_1_20' title="bbox 330 1858 1910 1933">
     <span class='ocr_line' id='line_1_20' title="bbox 330 1858 1910 1933; baseline 0.003 -20"><span class='ocrx_word' id='word_1_135' title='bbox 330 1858 513 1913; x_wconf 85' lang='grc' dir='ltr'>ἄλλων</span> <span class='ocrx_word' id='word_1_136' title='bbox 542 1858 823 1929; x_wconf 78' lang='grc' dir='ltr'>ἀρχόντων</span> <span class='ocrx_word' id='word_1_137' title='bbox 856 1858 994 1929; x_wconf 78' lang='grc' dir='ltr'>πρὸς</span> <span class='ocrx_word' id='word_1_138' title='bbox 1026 1861 1176 1930; x_wconf 77' lang='grc' dir='ltr'>ἡμᾶς</span> <span class='ocrx_word' id='word_1_139' title='bbox 1217 1861 1310 1915; x_wconf 73' lang='grc' dir='ltr'>καὶ</span> <span class='ocrx_word' id='word_1_140' title='bbox 1340 1861 1755 1933; x_wconf 80' lang='grc' dir='ltr'>ὑπομνηστικοῦ</span> <span class='ocrx_word' id='word_1_141' title='bbox 1805 1863 1910 1917; x_wconf 76' lang='grc' dir='ltr'>αι’)-</span> 
     </span>
    </p>
   </div>
   <div class='ocr_carea' id='block_1_21' title="bbox 329 1951 1915 2025">
    <p class='ocr_par' dir='ltr' id='par_1_21' title="bbox 329 1951 1915 2025">
     <span class='ocr_line' id='line_1_21' title="bbox 329 1951 1915 2025; baseline 0.003 -20"><span class='ocrx_word' id='word_1_142' title='bbox 329 1951 423 2005; x_wconf 77' lang='grc' dir='ltr'>τοῦ</span> <span class='ocrx_word' id='word_1_143' title='bbox 451 1952 697 2023; x_wconf 82' lang='grc' dir='ltr'>Σειροίου</span> <span class='ocrx_word' id='word_1_144' title='bbox 732 1952 1028 2024; x_wconf 82' lang='grc' dir='ltr'>γενομένου</span> <span class='ocrx_word' id='word_1_145' title='bbox 1062 1953 1199 2025; x_wconf 80' lang='grc' dir='ltr'>πρὸς</span> <span class='ocrx_word' id='word_1_146' title='bbox 1226 1956 1396 2025; x_wconf 78' lang='grc' dir='ltr'>ἡμᾶς,</span> <span class='ocrx_word' id='word_1_147' title='bbox 1434 1955 1531 2009; x_wconf 71' lang='grc' dir='ltr'>καὶ</span> <span class='ocrx_word' id='word_1_148' title='bbox 1559 1956 1643 2009; x_wconf 81' lang='grc' dir='ltr'>ὅτι</span> <span class='ocrx_word' id='word_1_149' title='bbox 1669 1956 1915 2010; x_wconf 85' lang='grc' dir='ltr'>καταλα-</span> 
     </span>
    </p>
   </div>
   <div class='ocr_carea' id='block_1_22' title="bbox 329 2044 1915 2119">
    <p class='ocr_par' dir='ltr' id='par_1_22' title="bbox 329 2044 1915 2119">
     <span class='ocr_line' id='line_1_22' title="bbox 329 2044 1915 2119; baseline 0.003 -22"><span class='ocrx_word' id='word_1_150' title='bbox 329 2044 440 2097; x_wconf 83' lang='grc' dir='ltr'>ϐὼν</span> <span class='ocrx_word' id='word_1_151' title='bbox 462 2045 545 2109; x_wconf 82' lang='grc' dir='ltr'><strong>είς</strong></span> <span class='ocrx_word' id='word_1_152' title='bbox 568 2044 630 2097; x_wconf 71' lang='grc' dir='ltr'><strong>τὸ</strong></span> <span class='ocrx_word' id='word_1_153' title='bbox 658 2045 877 2115; x_wconf 82' lang='grc' dir='ltr'>Ἀρμαν</span> <span class='ocrx_word' id='word_1_154' title='bbox 918 2044 1031 2114; x_wconf 82' lang='lat'><strong>(55)</strong></span> <span class='ocrx_word' id='word_1_155' title='bbox 1070 2046 1309 2099; x_wconf 80' lang='grc' dir='ltr'>συνεῖδεν</span> <span class='ocrx_word' id='word_1_156' title='bbox 1334 2044 1429 2099; x_wconf 78' lang='grc' dir='ltr'><strong>τοῦ</strong></span> <span class='ocrx_word' id='word_1_157' title='bbox 1462 2046 1735 2101; x_wconf 80' lang='grc' dir='ltr'>ἀπολῦσαι</span> <span class='ocrx_word' id='word_1_158' title='bbox 1776 2049 1915 2119; x_wconf 81' lang='grc' dir='ltr'>πρὸς</span> 
     </span>
    </p>
   </div>
   <div class='ocr_carea' id='block_1_23' title="bbox 328 2136 1920 2211">
    <p class='ocr_par' dir='ltr' id='par_1_23' title="bbox 328 2136 1920 2211">
     <span class='ocr_line' id='line_1_23' title="bbox 328 2136 1920 2211; baseline 0 -19"><span class='ocrx_word' id='word_1_159' title='bbox 328 2138 477 2207; x_wconf 74' lang='grc' dir='ltr'>ἡμᾶς</span> <span class='ocrx_word' id='word_1_160' title='bbox 499 2137 629 2200; x_wconf 82' lang='grc' dir='ltr'>τοὺς</span> <span class='ocrx_word' id='word_1_161' title='bbox 651 2136 1091 2209; x_wconf 80' lang='grc' dir='ltr'>προειρημένους</span> <span class='ocrx_word' id='word_1_162' title='bbox 1116 2137 1208 2191; x_wconf 75' lang='grc' dir='ltr'>δύο</span> <span class='ocrx_word' id='word_1_163' title='bbox 1226 2138 1425 2209; x_wconf 84' lang='grc' dir='ltr'>ἄνδρας</span> <span class='ocrx_word' id='word_1_164' title='bbox 1447 2140 1537 2192; x_wconf 73' lang='grc' dir='ltr'>ἐπὶ</span> <span class='ocrx_word' id='word_1_165' title='bbox 1562 2138 1641 2209; x_wconf 82' lang='grc' dir='ltr'>τῷ</span> <span class='ocrx_word' id='word_1_166' title='bbox 1664 2157 1730 2193; x_wconf 84' lang='grc' dir='ltr'>πε</span> <span class='ocrx_word' id='word_1_167' title='bbox 1740 2140 1920 2211; x_wconf 70' lang='grc' dir='ltr'>μερθῆ-</span> 
     </span>
    </p>
   </div>
   <div class='ocr_carea' id='block_1_24' title="bbox 328 2225 1917 2295">
    <p class='ocr_par' dir='ltr' id='par_1_24' title="bbox 328 2225 1917 2295">
     <span class='ocr_line' id='line_1_24' title="bbox 328 2225 1917 2295; baseline 0.002 -16"><span class='ocrx_word' id='word_1_168' title='bbox 328 2225 416 2279; x_wconf 91' lang='grc' dir='ltr'><strong>ναί</strong></span> <span class='ocrx_word' id='word_1_169' title='bbox 453 2243 609 2291; x_wconf 88' lang='grc' dir='ltr'>τινας</span> <span class='ocrx_word' id='word_1_170' title='bbox 642 2227 771 2289; x_wconf 76' lang='grc' dir='ltr'>τοὺς</span> <span class='ocrx_word' id='word_1_171' title='bbox 811 2225 1125 2295; x_wconf 78' lang='grc' dir='ltr'>ὀφείλοντας</span> <span class='ocrx_word' id='word_1_172' title='bbox 1168 2226 1426 2290; x_wconf 82' lang='grc' dir='ltr'>ἀϐλαϐεῖς</span> <span class='ocrx_word' id='word_1_173' title='bbox 1456 2228 1720 2283; x_wconf 83' lang='grc' dir='ltr'>διασῶσαι</span> <span class='ocrx_word' id='word_1_174' title='bbox 1751 2230 1917 2284; x_wconf 78' lang='grc' dir='ltr'>αὑτὸν</span> 
     </span>
    </p>
   </div>
   <div class='ocr_carea' id='block_1_25' title="bbox 326 2314 1919 2388">
    <p class='ocr_par' dir='ltr' id='par_1_25' title="bbox 326 2314 1919 2388">
     <span class='ocr_line' id='line_1_25' title="bbox 326 2314 1919 2388; baseline 0.002 -18"><span class='ocrx_word' id='word_1_175' title='bbox 326 2317 424 2370; x_wconf 76' lang='grc' dir='ltr'>καὶ</span> <span class='ocrx_word' id='word_1_176' title='bbox 451 2316 580 2380; x_wconf 76' lang='grc' dir='ltr'>τοὺς</span> <span class='ocrx_word' id='word_1_177' title='bbox 612 2316 728 2386; x_wconf 84' lang='grc' dir='ltr'>μετ’</span> <span class='ocrx_word' id='word_1_178' title='bbox 763 2314 1058 2379; x_wconf 77' lang='grc' dir='ltr'><strong>αὐτοῦ.⁹ας</strong></span> <span class='ocrx_word' id='word_1_179' title='bbox 1082 2316 1140 2369; x_wconf 87' lang='grc' dir='ltr'><strong>δέ</strong></span> <span class='ocrx_word' id='word_1_180' title='bbox 1166 2317 1413 2387; x_wconf 85' lang='grc' dir='ltr'>ἐγνώσθη</span> <span class='ocrx_word' id='word_1_181' title='bbox 1442 2319 1579 2388; x_wconf 80' lang='grc' dir='ltr'>ἡμῖν</span> <span class='ocrx_word' id='word_1_182' title='bbox 1600 2317 1689 2371; x_wconf 84' lang='grc' dir='ltr'><strong>διὰ</strong></span> <span class='ocrx_word' id='word_1_183' title='bbox 1709 2318 1769 2372; x_wconf 82' lang='grc' dir='ltr'><strong>τὺ</strong></span> <span class='ocrx_word' id='word_1_184' title='bbox 1791 2318 1919 2373; x_wconf 85' lang='grc' dir='ltr'>θεω-</span> 
     </span>
    </p>
   </div>
   <div class='ocr_carea' id='block_1_26' title="bbox 329 2406 1917 2480">
    <p class='ocr_par' dir='ltr' id='par_1_26' title="bbox 329 2406 1917 2480">
     <span class='ocr_line' id='line_1_26' title="bbox 329 2406 1917 2480; baseline 0.002 -19"><span class='ocrx_word' id='word_1_185' title='bbox 329 2409 495 2479; x_wconf 81' lang='grc' dir='ltr'>ρῆσαι</span> <span class='ocrx_word' id='word_1_186' title='bbox 518 2408 681 2461; x_wconf 76' lang='grc' dir='ltr'>αὐτὸν</span> <span class='ocrx_word' id='word_1_187' title='bbox 712 2407 884 2462; x_wconf 82' lang='grc' dir='ltr'>πολλὰ</span> <span class='ocrx_word' id='word_1_188' title='bbox 910 2406 1247 2479; x_wconf 86' lang='grc' dir='ltr'>σκηνώματα</span> <span class='ocrx_word' id='word_1_189' title='bbox 1295 2408 1476 2480; x_wconf 61' lang='grc' dir='ltr'><strong>ἀοο</strong></span> <span class='ocrx_word' id='word_1_190' title='bbox 1514 2408 1742 2478; x_wconf 83' lang='grc' dir='ltr'>Περσῶν</span> <span class='ocrx_word' id='word_1_191' title='bbox 1774 2410 1917 2464; x_wconf 80' lang='grc' dir='ltr'>κατὰ</span> 
     </span>
    </p>
   </div>
   <div class='ocr_carea' id='block_1_27' title="bbox 325 2497 1918 2572">
    <p class='ocr_par' dir='ltr' id='par_1_27' title="bbox 325 2497 1918 2572">
     <span class='ocr_line' id='line_1_27' title="bbox 325 2497 1918 2572; baseline -0.001 -18"><span class='ocrx_word' id='word_1_192' title='bbox 325 2500 428 2572; x_wconf 70' lang='grc' dir='ltr'>τὴν</span> <span class='ocrx_word' id='word_1_193' title='bbox 454 2498 576 2554; x_wconf 72' lang='grc' dir='ltr'>ὁδὸν</span> <span class='ocrx_word' id='word_1_194' title='bbox 603 2498 960 2571; x_wconf 78' lang='grc' dir='ltr'>ἀναιρεθέντα</span> <span class='ocrx_word' id='word_1_195' title='bbox 1010 2497 1117 2551; x_wconf 80' lang='grc' dir='ltr'>ἀπὸ</span> <span class='ocrx_word' id='word_1_196' title='bbox 1160 2497 1255 2551; x_wconf 77' lang='grc' dir='ltr'><strong>τοῦ</strong></span> <span class='ocrx_word' id='word_1_197' title='bbox 1306 2498 1709 2568; x_wconf 79' lang='grc' dir='ltr'>εὐτυχεστάτου</span> <span class='ocrx_word' id='word_1_198' title='bbox 1755 2499 1918 2569; x_wconf 77' lang='grc' dir='ltr'>ημῶν</span> 
     </span>
    </p>
   </div>
   <div class='ocr_carea' id='block_1_28' title="bbox 328 2590 1916 2665">
    <p class='ocr_par' dir='ltr' id='par_1_28' title="bbox 328 2590 1916 2665">
     <span class='ocr_line' id='line_1_28' title="bbox 328 2590 1916 2665; baseline 0 -19"><span class='ocrx_word' id='word_1_199' title='bbox 328 2592 601 2665; x_wconf 80' lang='grc' dir='ltr'>στρατοῦ⁸</span> <span class='ocrx_word' id='word_1_200' title='bbox 629 2592 737 2646; x_wconf 75' lang='grc' dir='ltr'><strong>ἀπὺ</strong></span> <span class='ocrx_word' id='word_1_201' title='bbox 782 2590 879 2647; x_wconf 82' lang='grc' dir='ltr'><strong>τοῦ</strong></span> <span class='ocrx_word' id='word_1_202' title='bbox 922 2590 1153 2662; x_wconf 82' lang='grc' dir='ltr'>Ναρϐἀν</span> <span class='ocrx_word' id='word_1_203' title='bbox 1200 2592 1330 2662; x_wconf 75' lang='grc' dir='ltr'>περὶ</span> <span class='ocrx_word' id='word_1_204' title='bbox 1373 2591 1441 2645; x_wconf 76' lang='grc' dir='ltr'><strong>τὰ</strong></span> <span class='ocrx_word' id='word_1_205' title='bbox 1470 2608 1519 2663; x_wconf 62' lang='grc' dir='ltr'>,γ</span> <span class='ocrx_word' id='word_1_206' title='bbox 1558 2592 1916 2664; x_wconf 86' lang='grc' dir='ltr'>σκηνώματα,</span> 
     </span>
    </p>
   </div>
   <div class='ocr_carea' id='block_1_29' title="bbox 326 2683 1918 2756">
    <p class='ocr_par' dir='ltr' id='par_1_29' title="bbox 326 2683 1918 2756">
     <span class='ocr_line' id='line_1_29' title="bbox 326 2683 1918 2756; baseline -0.002 -16"><span class='ocrx_word' id='word_1_207' title='bbox 326 2686 423 2741; x_wconf 78' lang='grc' dir='ltr'>καὶ</span> <span class='ocrx_word' id='word_1_208' title='bbox 450 2686 535 2739; x_wconf 85' lang='grc' dir='ltr'>ὃτι</span> <span class='ocrx_word' id='word_1_209' title='bbox 569 2686 633 2738; x_wconf 88' lang='grc' dir='ltr'><strong>ἐκ</strong></span> <span class='ocrx_word' id='word_1_210' title='bbox 653 2683 845 2738; x_wconf 80' lang='grc' dir='ltr'>τούτου</span> <span class='ocrx_word' id='word_1_211' title='bbox 873 2684 1151 2747; x_wconf 85' lang='grc' dir='ltr'>δειλιάσας</span> <span class='ocrx_word' id='word_1_212' title='bbox 1177 2684 1419 2756; x_wconf 82' lang='grc' dir='ltr'>ἐφοϐήθη</span> <span class='ocrx_word' id='word_1_213' title='bbox 1455 2683 1627 2754; x_wconf 75' lang='grc' dir='ltr'>χωρὶς</span> <span class='ocrx_word' id='word_1_214' title='bbox 1659 2683 1769 2736; x_wconf 81' lang='grc' dir='ltr'><strong>τῶν</strong></span> <span class='ocrx_word' id='word_1_215' title='bbox 1800 2684 1918 2737; x_wconf 88' lang='grc' dir='ltr'>δια-</span> 
     </span>
    </p>
   </div>
   <div class='ocr_carea' id='block_1_30' title="bbox 327 2773 1917 2848">
    <p class='ocr_par' dir='ltr' id='par_1_30' title="bbox 327 2773 1917 2848">
     <span class='ocr_line' id='line_1_30' title="bbox 327 2773 1917 2848; baseline -0.001 -17"><span class='ocrx_word' id='word_1_216' title='bbox 327 2778 557 2832; x_wconf 84' lang='grc' dir='ltr'>σωστῶν</span> <span class='ocrx_word' id='word_1_217' title='bbox 582 2776 908 2830; x_wconf 84' lang='grc' dir='ltr'>καταλαϐεῖν</span> <span class='ocrx_word' id='word_1_218' title='bbox 940 2778 1077 2848; x_wconf 83' lang='grc' dir='ltr'>πρὸς</span> <span class='ocrx_word' id='word_1_219' title='bbox 1102 2777 1268 2847; x_wconf 76' lang='grc' dir='ltr'>ἡμᾶς.</span> <span class='ocrx_word' id='word_1_220' title='bbox 1304 2776 1415 2830; x_wconf 79' lang='grc' dir='ltr'><strong>Καὶ</strong></span> <span class='ocrx_word' id='word_1_221' title='bbox 1434 2778 1501 2847; x_wconf 75' lang='grc' dir='ltr'>τῇ</span> <span class='ocrx_word' id='word_1_222' title='bbox 1529 2782 1608 2829; x_wconf 84' lang='grc' dir='ltr'>κε’</span> <span class='ocrx_word' id='word_1_223' title='bbox 1625 2773 1721 2829; x_wconf 79' lang='grc' dir='ltr'>τοῦ</span> <span class='ocrx_word' id='word_1_224' title='bbox 1748 2775 1917 2830; x_wconf 76' lang='grc' dir='ltr'>αὑτοῦ</span> 
     </span>
    </p>
   </div>
   <div class='ocr_carea' id='block_1_31' title="bbox 325 2865 1919 2939">
    <p class='ocr_par' dir='ltr' id='par_1_31' title="bbox 325 2865 1919 2939">
     <span class='ocr_line' id='line_1_31' title="bbox 325 2865 1919 2939; baseline -0.001 -17"><span class='ocrx_word' id='word_1_225' title='bbox 325 2867 575 2939; x_wconf 83' lang='grc' dir='ltr'>Μαρτίου</span> <span class='ocrx_word' id='word_1_226' title='bbox 608 2867 778 2939; x_wconf 79' lang='grc' dir='ltr'>μηνὸς</span> <span class='ocrx_word' id='word_1_227' title='bbox 806 2865 1161 2936; x_wconf 81' lang='grc' dir='ltr'>ἀπελύσαμεν</span> <span class='ocrx_word' id='word_1_228' title='bbox 1205 2865 1344 2938; x_wconf 81' lang='grc' dir='ltr'>πρὸς</span> <span class='ocrx_word' id='word_1_229' title='bbox 1390 2865 1590 2930; x_wconf 77' lang='grc' dir='ltr'>αὐτοὺς</span> <span class='ocrx_word' id='word_1_230' title='bbox 1616 2866 1803 2919; x_wconf 82' lang='grc' dir='ltr'>Ἠλίαν</span> <span class='ocrx_word' id='word_1_231' title='bbox 1826 2866 1919 2921; x_wconf 80' lang='grc' dir='ltr'><strong>τὸν</strong></span> 
     </span>
    </p>
   </div>
   <div class='ocr_carea' id='block_1_32' title="bbox 327 2957 1919 3031">
    <p class='ocr_par' dir='ltr' id='par_1_32' title="bbox 327 2957 1919 3031">
     <span class='ocr_line' id='line_1_32' title="bbox 327 2957 1919 3031; baseline 0.001 -18"><span class='ocrx_word' id='word_1_232' title='bbox 327 2960 689 3025; x_wconf 68' lang='grc' dir='ltr'>ἐνδοξότατον</span> <span class='ocrx_word' id='word_1_233' title='bbox 723 2957 1101 3031; x_wconf 79' lang='grc' dir='ltr'>στρατηλάτην</span> <span class='ocrx_word' id='word_1_234' title='bbox 1126 2959 1219 3013; x_wconf 80' lang='grc' dir='ltr'><strong>τὸν</strong></span> <span class='ocrx_word' id='word_1_235' title='bbox 1244 2957 1477 3029; x_wconf 81' lang='grc' dir='ltr'>ἐπίκλην</span> <span class='ocrx_word' id='word_1_236' title='bbox 1515 2958 1790 3031; x_wconf 81' lang='grc' dir='ltr'>Βαρσοκά,</span> <span class='ocrx_word' id='word_1_237' title='bbox 1822 2961 1919 3015; x_wconf 74' lang='grc' dir='ltr'>καὶ</span> 
     </span>
    </p>
   </div>
   <div class='ocr_carea' id='block_1_33' title="bbox 323 3050 1918 3123">
    <p class='ocr_par' dir='ltr' id='par_1_33' title="bbox 323 3050 1918 3123">
     <span class='ocr_line' id='line_1_33' title="bbox 323 3050 1918 3123; baseline 0 -17"><span class='ocrx_word' id='word_1_238' title='bbox 323 3052 581 3106; x_wconf 79' lang='grc' dir='ltr'>Θεόδοτον</span> <span class='ocrx_word' id='word_1_239' title='bbox 608 3052 699 3106; x_wconf 83' lang='grc' dir='ltr'>τὸν</span> <span class='ocrx_word' id='word_1_240' title='bbox 732 3051 1324 3121; x_wconf 83' lang='grc' dir='ltr'>μεγαλοπρεπέστατον</span> <span class='ocrx_word' id='word_1_241' title='bbox 1364 3050 1735 3123; x_wconf 86' lang='grc' dir='ltr'>δρουγγάριον</span> <span class='ocrx_word' id='word_1_242' title='bbox 1775 3050 1918 3122; x_wconf 86' lang='grc' dir='ltr'><strong>μετά</strong></span> 
     </span>
    </p>
   </div>
   <div class='ocr_carea' id='block_1_34' title="bbox 2029 570 3623 645">
    <p class='ocr_par' dir='ltr' id='par_1_34' title="bbox 2029 570 3623 645">
     <span class='ocr_line' id='line_1_34' title="bbox 2029 570 3623 645; baseline 0.006 -24"><span class='ocrx_word' id='word_1_243' title='bbox 2029 570 2112 623; x_wconf 93' lang='lat' dir='ltr'><strong>rio</strong></span> <span class='ocrx_word' id='word_1_244' title='bbox 2152 570 2449 639; x_wconf 75' lang='lat' dir='ltr'><strong>subjectis,</strong></span> <span class='ocrx_word' id='word_1_245' title='bbox 2511 580 2571 628; x_wconf 88' lang='lat' dir='ltr'><strong>ut</strong></span> <span class='ocrx_word' id='word_1_246' title='bbox 2621 574 3081 644; x_wconf 90' lang='lat' dir='ltr'><strong>quemadmodum</strong></span> <span class='ocrx_word' id='word_1_247' title='bbox 3143 574 3353 645; x_wconf 65' lang='lat' dir='ltr'><strong>praefati</strong></span> <span class='ocrx_word' id='word_1_248' title='bbox 3410 590 3623 639; x_wconf 86' lang='lat' dir='ltr'><strong>sumus,</strong></span> 
     </span>
    </p>
   </div>
   <div class='ocr_carea' id='block_1_35' title="bbox 2028 664 3623 735">
    <p class='ocr_par' dir='ltr' id='par_1_35' title="bbox 2028 664 3623 735">
     <span class='ocr_line' id='line_1_35' title="bbox 2028 664 3623 735; baseline 0.004 -19"><span class='ocrx_word' id='word_1_249' title='bbox 2028 673 2209 718; x_wconf 91' lang='lat' dir='ltr'><strong>motus</strong></span> <span class='ocrx_word' id='word_1_250' title='bbox 2233 664 2325 735; x_wconf 90' lang='lat' dir='ltr'><strong>qui</strong></span> <span class='ocrx_word' id='word_1_251' title='bbox 2367 664 2437 720; x_wconf 91' lang='lat' dir='ltr'><strong>ibi</strong></span> <span class='ocrx_word' id='word_1_252' title='bbox 2491 673 2639 731; x_wconf 87' lang='lat' dir='ltr'><strong>sunt,</strong></span> <span class='ocrx_word' id='word_1_253' title='bbox 2687 674 2842 721; x_wconf 88' lang='lat' dir='ltr'><strong>certo</strong></span> <span class='ocrx_word' id='word_1_254' title='bbox 2878 666 3228 731; x_wconf 87' lang='lat' dir='ltr'><strong>resciremus,</strong></span> <span class='ocrx_word' id='word_1_255' title='bbox 3271 666 3623 723; x_wconf 87' lang='lat' dir='ltr'><strong>adduxerunt</strong></span> 
     </span>
    </p>
   </div>
   <div class='ocr_carea' id='block_1_36' title="bbox 2028 755 3620 815">
    <p class='ocr_par' dir='ltr' id='par_1_36' title="bbox 2028 755 3620 815">
     <span class='ocr_line' id='line_1_36' title="bbox 2028 755 3620 815; baseline 0.004 -7"><span class='ocrx_word' id='word_1_256' title='bbox 2028 755 2096 809; x_wconf 88' lang='lat' dir='ltr'><strong>ad</strong></span> <span class='ocrx_word' id='word_1_257' title='bbox 2147 771 2249 811; x_wconf 90' lang='lat' dir='ltr'><strong>nos</strong></span> <span class='ocrx_word' id='word_1_258' title='bbox 2290 758 2637 813; x_wconf 73' lang='lat' dir='ltr'><strong>excubitores</strong></span> <span class='ocrx_word' id='word_1_259' title='bbox 2688 759 2744 813; x_wconf 90' lang='lat' dir='ltr'><strong>in</strong></span> <span class='ocrx_word' id='word_1_260' title='bbox 2789 769 2964 815; x_wconf 92' lang='lat' dir='ltr'><strong>castra</strong></span> <span class='ocrx_word' id='word_1_261' title='bbox 3006 760 3075 815; x_wconf 93' lang='lat' dir='ltr'><strong>ad</strong></span> <span class='ocrx_word' id='word_1_262' title='bbox 3123 760 3369 815; x_wconf 75' lang='lat' dir='ltr'><strong>Canzaca</strong></span> <span class='ocrx_word' id='word_1_263' title='bbox 3400 759 3620 815; x_wconf 77' lang='lat' dir='ltr'><strong>Persam</strong></span> 
     </span>
    </p>
   </div>
   <div class='ocr_carea' id='block_1_37' title="bbox 2029 850 3622 923">
    <p class='ocr_par' dir='ltr' id='par_1_37' title="bbox 2029 850 3622 923">
     <span class='ocr_line' id='line_1_37' title="bbox 2029 850 3622 923; baseline 0.004 -22"><span class='ocrx_word' id='word_1_264' title='bbox 2029 864 2219 914; x_wconf 88' lang='lat' dir='ltr'><strong>unum,</strong></span> <span class='ocrx_word' id='word_1_265' title='bbox 2250 859 2307 905; x_wconf 91' lang='lat' dir='ltr'><strong>et</strong></span> <span class='ocrx_word' id='word_1_266' title='bbox 2326 850 2556 905; x_wconf 87' lang='lat' dir='ltr'><strong>alterum</strong></span> <span class='ocrx_word' id='word_1_267' title='bbox 2583 851 2929 918; x_wconf 83' lang='lat' dir='ltr'><strong>Armenium,</strong></span> <span class='ocrx_word' id='word_1_268' title='bbox 2953 868 2983 907; x_wconf 89' lang='lat' dir='ltr'><strong>a</strong></span> <span class='ocrx_word' id='word_1_269' title='bbox 3018 853 3217 923; x_wconf 85' lang='lat' dir='ltr'><strong>quibus</strong></span> <span class='ocrx_word' id='word_1_270' title='bbox 3239 862 3489 923; x_wconf 89' lang='lat' dir='ltr'><strong>porrecta</strong></span> <span class='ocrx_word' id='word_1_271' title='bbox 3518 867 3622 907; x_wconf 91' lang='lat' dir='ltr'><strong>no-</strong></span> 
     </span>
    </p>
   </div>
   <div class='ocr_carea' id='block_1_38' title="bbox 2027 941 3619 1015">
    <p class='ocr_par' dir='ltr' id='par_1_38' title="bbox 2027 941 3619 1015">
     <span class='ocr_line' id='line_1_38' title="bbox 2027 941 3619 1015; baseline 0.001 -19"><span class='ocrx_word' id='word_1_272' title='bbox 2027 941 2111 997; x_wconf 87' lang='lat' dir='ltr'><strong>bis</strong></span> <span class='ocrx_word' id='word_1_273' title='bbox 2149 951 2234 997; x_wconf 90' lang='lat' dir='ltr'><strong>est</strong></span> <span class='ocrx_word' id='word_1_274' title='bbox 2281 943 2509 1012; x_wconf 89' lang='lat' dir='ltr'><strong>epistola</strong></span> <span class='ocrx_word' id='word_1_275' title='bbox 2539 960 2569 998; x_wconf 92' lang='lat' dir='ltr'><strong>a</strong></span> <span class='ocrx_word' id='word_1_276' title='bbox 2600 945 2835 1015; x_wconf 91' lang='lat' dir='ltr'><strong>quodam</strong></span> <span class='ocrx_word' id='word_1_277' title='bbox 2878 944 3168 1002; x_wconf 84' lang='lat' dir='ltr'><strong>Persarum</strong></span> <span class='ocrx_word' id='word_1_278' title='bbox 3206 944 3506 1001; x_wconf 84' lang='lat' dir='ltr'><strong>secretario</strong></span> <span class='ocrx_word' id='word_1_279' title='bbox 3532 945 3619 998; x_wconf 90' lang='lat' dir='ltr'><strong>cui</strong></span> 
     </span>
    </p>
   </div>
   <div class='ocr_carea' id='block_1_39' title="bbox 2027 1032 3621 1102">
    <p class='ocr_par' dir='ltr' id='par_1_39' title="bbox 2027 1032 3621 1102">
     <span class='ocr_line' id='line_1_39' title="bbox 2027 1032 3621 1102; baseline 0.001 -19"><span class='ocrx_word' id='word_1_280' title='bbox 2027 1044 2229 1085; x_wconf 87' lang='lat' dir='ltr'><strong>nomen</strong></span> <span class='ocrx_word' id='word_1_281' title='bbox 2256 1040 2342 1086; x_wconf 89' lang='lat' dir='ltr'><strong>est</strong></span> <span class='ocrx_word' id='word_1_282' title='bbox 2367 1032 2600 1089; x_wconf 64' lang='lat' dir='ltr'><strong>Chosda:</strong></span> <span class='ocrx_word' id='word_1_283' title='bbox 2621 1041 2677 1089; x_wconf 93' lang='lat' dir='ltr'><strong>et</strong></span> <span class='ocrx_word' id='word_1_284' title='bbox 2704 1033 3142 1099; x_wconf 80' lang='lat' dir='ltr'><strong>Axiamaranam,</strong></span> <span class='ocrx_word' id='word_1_285' title='bbox 3170 1034 3237 1088; x_wconf 85' lang='lat' dir='ltr'><strong>ad</strong></span> <span class='ocrx_word' id='word_1_286' title='bbox 3270 1049 3372 1089; x_wconf 89' lang='lat' dir='ltr'><strong>nos</strong></span> <span class='ocrx_word' id='word_1_287' title='bbox 3394 1032 3621 1102; x_wconf 91' lang='lat' dir='ltr'><strong>scripta,</strong></span> 
     </span>
    </p>
   </div>
   <div class='ocr_carea' id='block_1_40' title="bbox 2025 1122 3617 1196">
    <p class='ocr_par' dir='ltr' id='par_1_40' title="bbox 2025 1122 3617 1196">
     <span class='ocr_line' id='line_1_40' title="bbox 2025 1122 3617 1196; baseline -0.001 -19"><span class='ocrx_word' id='word_1_288' title='bbox 2025 1138 2132 1193; x_wconf 91' lang='lat' dir='ltr'><strong>qua</strong></span> <span class='ocrx_word' id='word_1_289' title='bbox 2180 1124 2409 1178; x_wconf 88' lang='lat' dir='ltr'><strong>missum</strong></span> <span class='ocrx_word' id='word_1_290' title='bbox 2457 1139 2518 1179; x_wconf 88' lang='lat' dir='ltr'><strong>se</strong></span> <span class='ocrx_word' id='word_1_291' title='bbox 2563 1124 2907 1195; x_wconf 88' lang='lat' dir='ltr'><strong>signiﬁcabat</strong></span> <span class='ocrx_word' id='word_1_292' title='bbox 2955 1139 2985 1179; x_wconf 90' lang='lat' dir='ltr'><strong>a</strong></span> <span class='ocrx_word' id='word_1_293' title='bbox 3041 1123 3211 1196; x_wconf 87' lang='lat' dir='ltr'><strong>Syroe</strong></span> <span class='ocrx_word' id='word_1_294' title='bbox 3238 1125 3293 1178; x_wconf 90' lang='lat' dir='ltr'><strong>in</strong></span> <span class='ocrx_word' id='word_1_295' title='bbox 3328 1122 3617 1178; x_wconf 82' lang='lat' dir='ltr'><strong>Persarum</strong></span> 
     </span>
    </p>
   </div>
   <div class='ocr_carea' id='block_1_41' title="bbox 2025 1212 3620 1289">
    <p class='ocr_par' dir='ltr' id='par_1_41' title="bbox 2025 1212 3620 1289">
     <span class='ocr_line' id='line_1_41' title="bbox 2025 1212 3620 1289; baseline -0.004 -15"><span class='ocrx_word' id='word_1_296' title='bbox 2025 1233 2208 1289; x_wconf 84' lang='lat' dir='ltr'><strong>regem</strong></span> <span class='ocrx_word' id='word_1_297' title='bbox 2251 1220 2621 1289; x_wconf 86' lang='lat' dir='ltr'><strong>proclamato,</strong></span> <span class='ocrx_word' id='word_1_298' title='bbox 2652 1235 2776 1275; x_wconf 88' lang='lat' dir='ltr'><strong>cum</strong></span> <span class='ocrx_word' id='word_1_299' title='bbox 2819 1219 2940 1274; x_wconf 88' lang='lat' dir='ltr'><strong>aliis</strong></span> <span class='ocrx_word' id='word_1_300' title='bbox 2978 1216 3316 1289; x_wconf 82' lang='lat' dir='ltr'><strong>proceribus,</strong></span> <span class='ocrx_word' id='word_1_301' title='bbox 3354 1223 3410 1269; x_wconf 91' lang='lat' dir='ltr'><strong>et</strong></span> <span class='ocrx_word' id='word_1_302' title='bbox 3447 1212 3620 1283; x_wconf 83' lang='lat' dir='ltr'><strong>ipsius</strong></span> 
     </span>
    </p>
   </div>
   <div class='ocr_carea' id='block_1_42' title="bbox 2025 1309 3620 1382">
    <p class='ocr_par' dir='ltr' id='par_1_42' title="bbox 2025 1309 3620 1382">
     <span class='ocr_line' id='line_1_42' title="bbox 2025 1309 3620 1382; baseline -0.003 -17"><span class='ocrx_word' id='word_1_303' title='bbox 2025 1309 2200 1367; x_wconf 89' lang='lat' dir='ltr'><strong>Sirois</strong></span> <span class='ocrx_word' id='word_1_304' title='bbox 2235 1312 2301 1367; x_wconf 90' lang='lat' dir='ltr'><strong>ad</strong></span> <span class='ocrx_word' id='word_1_305' title='bbox 2355 1328 2457 1368; x_wconf 89' lang='lat' dir='ltr'><strong>nos</strong></span> <span class='ocrx_word' id='word_1_306' title='bbox 2500 1313 2734 1369; x_wconf 73' lang='lat' dir='ltr'><strong>litteris:</strong></span> <span class='ocrx_word' id='word_1_307' title='bbox 2766 1328 3001 1382; x_wconf 88' lang='lat' dir='ltr'><strong>cumque</strong></span> <span class='ocrx_word' id='word_1_308' title='bbox 3054 1310 3120 1365; x_wconf 89' lang='lat' dir='ltr'><strong>ad</strong></span> <span class='ocrx_word' id='word_1_309' title='bbox 3170 1309 3373 1363; x_wconf 81' lang='lat' dir='ltr'><strong>Arman</strong></span> <span class='ocrx_word' id='word_1_310' title='bbox 3426 1322 3620 1377; x_wconf 87' lang='lat' dir='ltr'><strong>perve-</strong></span> 
     </span>
    </p>
   </div>
   <div class='ocr_carea' id='block_1_43' title="bbox 2024 1400 3619 1468">
    <p class='ocr_par' dir='ltr' id='par_1_43' title="bbox 2024 1400 3619 1468">
     <span class='ocr_line' id='line_1_43' title="bbox 2024 1400 3619 1468; baseline -0.003 -11"><span class='ocrx_word' id='word_1_311' title='bbox 2024 1404 2217 1468; x_wconf 86' lang='lat' dir='ltr'><strong>nisset,</strong></span> <span class='ocrx_word' id='word_1_312' title='bbox 2258 1405 2434 1460; x_wconf 90' lang='lat' dir='ltr'><strong>visum</strong></span> <span class='ocrx_word' id='word_1_313' title='bbox 2484 1406 2587 1461; x_wconf 87' lang='lat' dir='ltr'><strong>sibi</strong></span> <span class='ocrx_word' id='word_1_314' title='bbox 2627 1421 2748 1461; x_wconf 92' lang='lat' dir='ltr'><strong>esse</strong></span> <span class='ocrx_word' id='word_1_315' title='bbox 2794 1413 2853 1459; x_wconf 86' lang='lat' dir='ltr'><strong>ut</strong></span> <span class='ocrx_word' id='word_1_316' title='bbox 2884 1406 3021 1460; x_wconf 90' lang='lat' dir='ltr'><strong>duos</strong></span> <span class='ocrx_word' id='word_1_317' title='bbox 3069 1404 3203 1458; x_wconf 90' lang='lat' dir='ltr'><strong>istos</strong></span> <span class='ocrx_word' id='word_1_318' title='bbox 3232 1402 3379 1455; x_wconf 92' lang='lat' dir='ltr'><strong>viros</strong></span> <span class='ocrx_word' id='word_1_319' title='bbox 3419 1400 3485 1453; x_wconf 87' lang='lat' dir='ltr'><strong>ad</strong></span> <span class='ocrx_word' id='word_1_320' title='bbox 3517 1414 3619 1453; x_wconf 91' lang='lat' dir='ltr'><strong>nos</strong></span> 
     </span>
    </p>
   </div>
   <div class='ocr_carea' id='block_1_44' title="bbox 2024 1491 3617 1568">
    <p class='ocr_par' dir='ltr' id='par_1_44' title="bbox 2024 1491 3617 1568">
     <span class='ocr_line' id='line_1_44' title="bbox 2024 1491 3617 1568; baseline -0.004 -18"><span class='ocrx_word' id='word_1_321' title='bbox 2024 1496 2289 1565; x_wconf 81' lang='lat' dir='ltr'><strong>mitteret,</strong></span> <span class='ocrx_word' id='word_1_322' title='bbox 2309 1514 2420 1568; x_wconf 88' lang='lat' dir='ltr'><strong>quo</strong></span> <span class='ocrx_word' id='word_1_323' title='bbox 2448 1498 2689 1553; x_wconf 78' lang='lat' dir='ltr'><strong>vicissim</strong></span> <span class='ocrx_word' id='word_1_324' title='bbox 2726 1512 2893 1568; x_wconf 88' lang='lat' dir='ltr'><strong>seque</strong></span> <span class='ocrx_word' id='word_1_325' title='bbox 2921 1513 2985 1551; x_wconf 91' lang='lat' dir='ltr'><strong>ac</strong></span> <span class='ocrx_word' id='word_1_326' title='bbox 3019 1495 3199 1551; x_wconf 90' lang='lat' dir='ltr'><strong>socios</strong></span> <span class='ocrx_word' id='word_1_327' title='bbox 3220 1502 3365 1548; x_wconf 91' lang='lat' dir='ltr'><strong>tutos</strong></span> <span class='ocrx_word' id='word_1_328' title='bbox 3404 1491 3617 1546; x_wconf 88' lang='lat' dir='ltr'><strong>incolu-</strong></span> 
     </span>
    </p>
   </div>
   <div class='ocr_carea' id='block_1_45' title="bbox 2024 1582 3614 1659">
    <p class='ocr_par' dir='ltr' id='par_1_45' title="bbox 2024 1582 3614 1659">
     <span class='ocr_line' id='line_1_45' title="bbox 2024 1582 3614 1659; baseline -0.004 -18"><span class='ocrx_word' id='word_1_329' title='bbox 2024 1603 2249 1659; x_wconf 87' lang='lat' dir='ltr'><strong>mesque</strong></span> <span class='ocrx_word' id='word_1_330' title='bbox 2281 1588 2637 1653; x_wconf 84' lang='lat' dir='ltr'><strong>deducerent,</strong></span> <span class='ocrx_word' id='word_1_331' title='bbox 2674 1604 2703 1643; x_wconf 90' lang='lat' dir='ltr'><strong>a</strong></span> <span class='ocrx_word' id='word_1_332' title='bbox 2738 1588 2898 1643; x_wconf 92' lang='lat' dir='ltr'><strong>nobis</strong></span> <span class='ocrx_word' id='word_1_333' title='bbox 2935 1586 3303 1641; x_wconf 87' lang='lat' dir='ltr'><strong>mitterentur.</strong></span> <span class='ocrx_word' id='word_1_334' title='bbox 3336 1582 3405 1638; x_wconf 79' lang='lat' dir='ltr'><strong>Ut</strong></span> <span class='ocrx_word' id='word_1_335' title='bbox 3432 1591 3614 1636; x_wconf 88' lang='lat' dir='ltr'><strong>autem</strong></span> 
     </span>
    </p>
   </div>
   <div class='ocr_carea' id='block_1_46' title="bbox 2022 1673 3617 1748">
    <p class='ocr_par' dir='ltr' id='par_1_46' title="bbox 2022 1673 3617 1748">
     <span class='ocr_line' id='line_1_46' title="bbox 2022 1673 3617 1748; baseline -0.004 -14"><span class='ocrx_word' id='word_1_336' title='bbox 2022 1679 2175 1734; x_wconf 91' lang='lat' dir='ltr'><strong>illum</strong></span> <span class='ocrx_word' id='word_1_337' title='bbox 2217 1680 2320 1736; x_wconf 90' lang='lat' dir='ltr'><strong>sibi</strong></span> <span class='ocrx_word' id='word_1_338' title='bbox 2360 1682 2553 1737; x_wconf 89' lang='lat' dir='ltr'><strong>timere</strong></span> <span class='ocrx_word' id='word_1_339' title='bbox 2601 1682 2991 1745; x_wconf 82' lang='lat' dir='ltr'><strong>intelleximus,</strong></span> <span class='ocrx_word' id='word_1_340' title='bbox 3024 1697 3090 1737; x_wconf 83' lang='lat' dir='ltr'><strong>ex</strong></span> <span class='ocrx_word' id='word_1_341' title='bbox 3129 1694 3195 1733; x_wconf 89' lang='lat' dir='ltr'><strong>eo</strong></span> <span class='ocrx_word' id='word_1_342' title='bbox 3232 1676 3377 1748; x_wconf 88' lang='lat' dir='ltr'><strong>quod</strong></span> <span class='ocrx_word' id='word_1_343' title='bbox 3425 1675 3480 1729; x_wconf 93' lang='lat' dir='ltr'><strong>in</strong></span> <span class='ocrx_word' id='word_1_344' title='bbox 3526 1673 3617 1728; x_wconf 88' lang='lat' dir='ltr'><strong>iti-</strong></span> 
     </span>
    </p>
   </div>
   <div class='ocr_carea' id='block_1_47' title="bbox 2022 1763 3614 1839">
    <p class='ocr_par' dir='ltr' id='par_1_47' title="bbox 2022 1763 3614 1839">
     <span class='ocr_line' id='line_1_47' title="bbox 2022 1763 3614 1839; baseline 0.003 -17"><span class='ocrx_word' id='word_1_345' title='bbox 2022 1783 2157 1824; x_wconf 88' lang='lat' dir='ltr'><strong>nere</strong></span> <span class='ocrx_word' id='word_1_346' title='bbox 2208 1771 2377 1826; x_wconf 87' lang='lat' dir='ltr'><strong>multa</strong></span> <span class='ocrx_word' id='word_1_347' title='bbox 2422 1771 2713 1827; x_wconf 85' lang='lat' dir='ltr'><strong>Persarum</strong></span> <span class='ocrx_word' id='word_1_348' title='bbox 2766 1772 3069 1836; x_wconf 86' lang='lat' dir='ltr'><strong>cadavera,</strong></span> <span class='ocrx_word' id='word_1_349' title='bbox 3116 1784 3289 1839; x_wconf 88' lang='lat' dir='ltr'><strong>eaque</strong></span> <span class='ocrx_word' id='word_1_350' title='bbox 3336 1780 3507 1836; x_wconf 88' lang='lat' dir='ltr'><strong>usque</strong></span> <span class='ocrx_word' id='word_1_351' title='bbox 3544 1763 3614 1818; x_wconf 76' lang='lat' dir='ltr'><strong>ad</strong></span> 
     </span>
    </p>
   </div>
   <div class='ocr_carea' id='block_1_48' title="bbox 2016 1859 3615 1932">
    <p class='ocr_par' dir='ltr' id='par_1_48' title="bbox 2016 1859 3615 1932">
     <span class='ocr_line' id='line_1_48' title="bbox 2016 1859 3615 1932; baseline -0.001 -18"><span class='ocrx_word' id='word_1_352' title='bbox 2016 1862 2120 1916; x_wconf 85' lang='lat' dir='ltr'><strong>tria</strong></span> <span class='ocrx_word' id='word_1_353' title='bbox 2159 1863 2378 1919; x_wconf 78' lang='lat' dir='ltr'><strong>circiter</strong></span> <span class='ocrx_word' id='word_1_354' title='bbox 2410 1864 2599 1932; x_wconf 87' lang='lat' dir='ltr'><strong>millia,</strong></span> <span class='ocrx_word' id='word_1_355' title='bbox 2648 1882 2678 1919; x_wconf 91' lang='lat' dir='ltr'><strong>a</strong></span> <span class='ocrx_word' id='word_1_356' title='bbox 2714 1864 3040 1919; x_wconf 83' lang='lat' dir='ltr'><strong>felicissimis</strong></span> <span class='ocrx_word' id='word_1_357' title='bbox 3074 1864 3245 1932; x_wconf 82' lang='lat' dir='ltr'><strong>cepiis</strong></span> <span class='ocrx_word' id='word_1_358' title='bbox 3291 1860 3499 1915; x_wconf 85' lang='lat' dir='ltr'><strong>nostris</strong></span> <span class='ocrx_word' id='word_1_359' title='bbox 3529 1859 3615 1912; x_wconf 89' lang='lat' dir='ltr'><strong>in-</strong></span> 
     </span>
    </p>
   </div>
   <div class='ocr_carea' id='block_1_49' title="bbox 2018 1949 3613 2024">
    <p class='ocr_par' dir='ltr' id='par_1_49' title="bbox 2018 1949 3613 2024">
     <span class='ocr_line' id='line_1_49' title="bbox 2018 1949 3613 2024; baseline -0.003 -15"><span class='ocrx_word' id='word_1_360' title='bbox 2018 1954 2370 2010; x_wconf 78' lang='lat' dir='ltr'><strong>terfectorum</strong></span> <span class='ocrx_word' id='word_1_361' title='bbox 2405 1972 2598 2011; x_wconf 90' lang='lat' dir='ltr'><strong>versus</strong></span> <span class='ocrx_word' id='word_1_362' title='bbox 2624 1956 2840 2012; x_wconf 87' lang='lat' dir='ltr'><strong>Narban</strong></span> <span class='ocrx_word' id='word_1_363' title='bbox 2887 1955 3121 2021; x_wconf 82' lang='lat' dir='ltr'><strong>videret,</strong></span> <span class='ocrx_word' id='word_1_364' title='bbox 3150 1955 3358 2024; x_wconf 84' lang='lat' dir='ltr'><strong>absque</strong></span> <span class='ocrx_word' id='word_1_365' title='bbox 3402 1949 3613 2006; x_wconf 86' lang='lat' dir='ltr'><strong>condu-</strong></span> 
     </span>
    </p>
   </div>
   <div class='ocr_carea' id='block_1_50' title="bbox 2017 2042 3613 2115">
    <p class='ocr_par' dir='ltr' id='par_1_50' title="bbox 2017 2042 3613 2115">
     <span class='ocr_line' id='line_1_50' title="bbox 2017 2042 3613 2115; baseline -0.004 -13"><span class='ocrx_word' id='word_1_366' title='bbox 2017 2048 2260 2103; x_wconf 90' lang='lat' dir='ltr'><strong>ctoribus</strong></span> <span class='ocrx_word' id='word_1_367' title='bbox 2283 2064 2383 2103; x_wconf 91' lang='lat' dir='ltr'><strong>nos</strong></span> <span class='ocrx_word' id='word_1_368' title='bbox 2409 2049 2704 2104; x_wconf 90' lang='lat' dir='ltr'><strong>convenire</strong></span> <span class='ocrx_word' id='word_1_369' title='bbox 2726 2056 3040 2103; x_wconf 85' lang='lat' dir='ltr'><strong>vereretur:</strong></span> <span class='ocrx_word' id='word_1_370' title='bbox 3068 2064 3175 2101; x_wconf 88' lang='lat' dir='ltr'><strong>xxv</strong></span> <span class='ocrx_word' id='word_1_371' title='bbox 3197 2043 3443 2115; x_wconf 86' lang='lat' dir='ltr'><strong>ejusdem</strong></span> <span class='ocrx_word' id='word_1_372' title='bbox 3474 2042 3613 2097; x_wconf 79' lang='lat' dir='ltr'><strong>Mar-</strong></span> 
     </span>
    </p>
   </div>
   <div class='ocr_carea' id='block_1_51' title="bbox 2018 2136 3606 2212">
    <p class='ocr_par' dir='ltr' id='par_1_51' title="bbox 2018 2136 3606 2212">
     <span class='ocr_line' id='line_1_51' title="bbox 2018 2136 3606 2212; baseline -0.004 -18"><span class='ocrx_word' id='word_1_373' title='bbox 2018 2139 2076 2194; x_wconf 93' lang='lat' dir='ltr'><strong>tii</strong></span> <span class='ocrx_word' id='word_1_374' title='bbox 2120 2141 2324 2195; x_wconf 83' lang='lat' dir='ltr'><strong>mensis</strong></span> <span class='ocrx_word' id='word_1_375' title='bbox 2366 2140 2433 2195; x_wconf 88' lang='lat' dir='ltr'><strong>ad</strong></span> <span class='ocrx_word' id='word_1_376' title='bbox 2484 2141 2604 2195; x_wconf 85' lang='lat' dir='ltr'><strong>illos</strong></span> <span class='ocrx_word' id='word_1_377' title='bbox 2648 2141 2898 2195; x_wconf 89' lang='lat' dir='ltr'><strong>misimus</strong></span> <span class='ocrx_word' id='word_1_378' title='bbox 2949 2139 3401 2212; x_wconf 84' lang='lat' dir='ltr'><strong>gloriosissimum</strong></span> <span class='ocrx_word' id='word_1_379' title='bbox 3440 2136 3606 2205; x_wconf 87' lang='lat' dir='ltr'><strong>magi-</strong></span> 
     </span>
    </p>
   </div>
   <div class='ocr_carea' id='block_1_52' title="bbox 2018 2227 3609 2299">
    <p class='ocr_par' dir='ltr' id='par_1_52' title="bbox 2018 2227 3609 2299">
     <span class='ocr_line' id='line_1_52' title="bbox 2018 2227 3609 2299; baseline -0.003 -17"><span class='ocrx_word' id='word_1_380' title='bbox 2018 2238 2190 2283; x_wconf 84' lang='lat' dir='ltr'><strong>strum</strong></span> <span class='ocrx_word' id='word_1_381' title='bbox 2250 2229 2483 2283; x_wconf 89' lang='lat' dir='ltr'><strong>militum</strong></span> <span class='ocrx_word' id='word_1_382' title='bbox 2543 2228 2748 2293; x_wconf 80' lang='lat' dir='ltr'><strong>Eliam,</strong></span> <span class='ocrx_word' id='word_1_383' title='bbox 2806 2237 3171 2299; x_wconf 86' lang='lat' dir='ltr'><strong>cognomento</strong></span> <span class='ocrx_word' id='word_1_384' title='bbox 3230 2227 3496 2289; x_wconf 84' lang='lat' dir='ltr'><strong>llarsoca,</strong></span> <span class='ocrx_word' id='word_1_385' title='bbox 3552 2232 3609 2278; x_wconf 88' lang='lat' dir='ltr'><strong>et</strong></span> 
     </span>
    </p>
   </div>
   <div class='ocr_carea' id='block_1_53' title="bbox 2017 2317 3607 2391">
    <p class='ocr_par' dir='ltr' id='par_1_53' title="bbox 2017 2317 3607 2391">
     <span class='ocr_line' id='line_1_53' title="bbox 2017 2317 3607 2391; baseline -0.004 -16"><span class='ocrx_word' id='word_1_386' title='bbox 2017 2320 2619 2391; x_wconf 87' lang='lat' dir='ltr'><strong>magniﬁcentissimum</strong></span> <span class='ocrx_word' id='word_1_387' title='bbox 2660 2319 3010 2379; x_wconf 86' lang='lat' dir='ltr'><strong>Theodorum</strong></span> <span class='ocrx_word' id='word_1_388' title='bbox 3061 2317 3445 2389; x_wconf 83' lang='lat' dir='ltr'><strong>Drungarium,</strong></span> <span class='ocrx_word' id='word_1_389' title='bbox 3481 2330 3607 2370; x_wconf 90' lang='lat' dir='ltr'><strong>cum</strong></span> 
     </span>
    </p>
   </div>
   <div class='ocr_carea' id='block_1_54' title="bbox 2017 2408 3607 2484">
    <p class='ocr_par' dir='ltr' id='par_1_54' title="bbox 2017 2408 3607 2484">
     <span class='ocr_line' id='line_1_54' title="bbox 2017 2408 3607 2484; baseline -0.005 -15"><span class='ocrx_word' id='word_1_390' title='bbox 2017 2413 2225 2469; x_wconf 89' lang='lat' dir='ltr'><strong>delecta</strong></span> <span class='ocrx_word' id='word_1_391' title='bbox 2264 2414 2574 2484; x_wconf 72' lang='lat' dir='ltr'><strong>iuventute,</strong></span> <span class='ocrx_word' id='word_1_392' title='bbox 2607 2430 2671 2468; x_wconf 82' lang='lat' dir='ltr'><strong>ac</strong></span> <span class='ocrx_word' id='word_1_393' title='bbox 2717 2430 2787 2468; x_wconf 86' lang='lat' dir='ltr'><strong>xx</strong></span> <span class='ocrx_word' id='word_1_394' title='bbox 2834 2412 2991 2482; x_wconf 88' lang='lat' dir='ltr'><strong>equis</strong></span> <span class='ocrx_word' id='word_1_395' title='bbox 3038 2410 3327 2465; x_wconf 82' lang='lat' dir='ltr'><strong>dcxtrariis</strong></span> <span class='ocrx_word' id='word_1_396' title='bbox 3359 2409 3489 2463; x_wconf 87' lang='lat' dir='ltr'><strong>sella</strong></span> <span class='ocrx_word' id='word_1_397' title='bbox 3521 2408 3607 2461; x_wconf 87' lang='lat' dir='ltr'><strong>in-</strong></span> 
     </span>
    </p>
   </div>
   <div class='ocr_carea' id='block_1_55' title="bbox 2018 2501 3606 2577">
    <p class='ocr_par' dir='ltr' id='par_1_55' title="bbox 2018 2501 3606 2577">
     <span class='ocr_line' id='line_1_55' title="bbox 2018 2501 3606 2577; baseline -0.004 -16"><span class='ocrx_word' id='word_1_398' title='bbox 2018 2508 2263 2569; x_wconf 83' lang='lat' dir='ltr'><strong>structis,</strong></span> <span class='ocrx_word' id='word_1_399' title='bbox 2295 2508 2387 2577; x_wconf 92' lang='lat' dir='ltr'><strong>qui</strong></span> <span class='ocrx_word' id='word_1_400' title='bbox 2423 2507 2528 2561; x_wconf 91' lang='lat' dir='ltr'><strong>illis</strong></span> <span class='ocrx_word' id='word_1_401' title='bbox 2555 2514 2930 2569; x_wconf 85' lang='lat' dir='ltr'><strong>occurrerent,</strong></span> <span class='ocrx_word' id='word_1_402' title='bbox 2960 2519 3164 2573; x_wconf 87' lang='lat' dir='ltr'><strong>eosque</strong></span> <span class='ocrx_word' id='word_1_403' title='bbox 3200 2502 3265 2557; x_wconf 85' lang='lat' dir='ltr'><strong>ad</strong></span> <span class='ocrx_word' id='word_1_404' title='bbox 3304 2517 3403 2556; x_wconf 88' lang='lat' dir='ltr'><strong>nos</strong></span> <span class='ocrx_word' id='word_1_405' title='bbox 3432 2501 3606 2556; x_wconf 86' lang='lat' dir='ltr'><strong>dedu-</strong></span> 
     </span>
    </p>
   </div>
   <div class='ocr_carea' id='block_1_56' title="bbox 2018 2594 3604 2666">
    <p class='ocr_par' dir='ltr' id='par_1_56' title="bbox 2018 2594 3604 2666">
     <span class='ocr_line' id='line_1_56' title="bbox 2018 2594 3604 2666; baseline -0.006 -12"><span class='ocrx_word' id='word_1_406' title='bbox 2018 2608 2227 2654; x_wconf 86' lang='lat' dir='ltr'><strong>cerent.</strong></span> <span class='ocrx_word' id='word_1_407' title='bbox 2266 2598 2474 2653; x_wconf 89' lang='lat' dir='ltr'><strong>Placuit</strong></span> <span class='ocrx_word' id='word_1_408' title='bbox 2525 2599 2688 2653; x_wconf 90' lang='lat' dir='ltr'><strong>etiam</strong></span> <span class='ocrx_word' id='word_1_409' title='bbox 2741 2597 2827 2653; x_wconf 87' lang='lat' dir='ltr'><strong>his</strong></span> <span class='ocrx_word' id='word_1_410' title='bbox 2878 2596 3173 2666; x_wconf 72' lang='lat' dir='ltr'><strong>adiungere</strong></span> <span class='ocrx_word' id='word_1_411' title='bbox 3214 2594 3604 2663; x_wconf 85' lang='lat' dir='ltr'><strong>Gusdanapsan</strong></span> 
     </span>
    </p>
   </div>
   <div class='ocr_carea' id='block_1_57' title="bbox 2018 2685 3604 2761">
    <p class='ocr_par' dir='ltr' id='par_1_57' title="bbox 2018 2685 3604 2761">
     <span class='ocr_line' id='line_1_57' title="bbox 2018 2685 3604 2761; baseline -0.007 -14"><span class='ocrx_word' id='word_1_412' title='bbox 2018 2693 2184 2748; x_wconf 84' lang='lat' dir='ltr'><strong>Rusei</strong></span> <span class='ocrx_word' id='word_1_413' title='bbox 2233 2692 2423 2757; x_wconf 89' lang='lat' dir='ltr'><strong>ﬁlium,</strong></span> <span class='ocrx_word' id='word_1_414' title='bbox 2457 2692 2797 2746; x_wconf 89' lang='lat' dir='ltr'><strong>Persicarum</strong></span> <span class='ocrx_word' id='word_1_415' title='bbox 2847 2691 3125 2761; x_wconf 87' lang='lat' dir='ltr'><strong>copiarum</strong></span> <span class='ocrx_word' id='word_1_416' title='bbox 3173 2687 3473 2749; x_wconf 88' lang='lat' dir='ltr'><strong>tribunum,</strong></span> <span class='ocrx_word' id='word_1_417' title='bbox 3514 2685 3604 2753; x_wconf 83' lang='lat' dir='ltr'><strong>qui</strong></span> 
     </span>
    </p>
   </div>
   <div class='ocr_carea' id='block_1_58' title="bbox 2018 2779 3606 2850">
    <p class='ocr_par' dir='ltr' id='par_1_58' title="bbox 2018 2779 3606 2850">
     <span class='ocr_line' id='line_1_58' title="bbox 2018 2779 3606 2850; baseline -0.008 -9"><span class='ocrx_word' id='word_1_418' title='bbox 2018 2785 2084 2841; x_wconf 88' lang='lat' dir='ltr'><strong>ad</strong></span> <span class='ocrx_word' id='word_1_419' title='bbox 2114 2801 2215 2840; x_wconf 90' lang='lat' dir='ltr'><strong>nos</strong></span> <span class='ocrx_word' id='word_1_420' title='bbox 2250 2795 2492 2850; x_wconf 84' lang='lat' dir='ltr'><strong>venerat,</strong></span> <span class='ocrx_word' id='word_1_421' title='bbox 2540 2801 2664 2841; x_wconf 91' lang='lat' dir='ltr'><strong>cum</strong></span> <span class='ocrx_word' id='word_1_422' title='bbox 2709 2784 2853 2839; x_wconf 91' lang='lat' dir='ltr'><strong>inter</strong></span> <span class='ocrx_word' id='word_1_423' title='bbox 2894 2782 3088 2838; x_wconf 90' lang='lat' dir='ltr'><strong>Siroen</strong></span> <span class='ocrx_word' id='word_1_424' title='bbox 3115 2790 3169 2836; x_wconf 89' lang='lat' dir='ltr'><strong>et</strong></span> <span class='ocrx_word' id='word_1_425' title='bbox 3208 2779 3487 2834; x_wconf 89' lang='lat' dir='ltr'><strong>Chosroen</strong></span> <span class='ocrx_word' id='word_1_426' title='bbox 3517 2787 3606 2830; x_wconf 74' lang='grc' dir='ltr'><strong>ιιι-Δ</strong></span> 
     </span>
    </p>
   </div>
   <div class='ocr_carea' id='block_1_59' title="bbox 2019 2868 3607 2950">
    <p class='ocr_par' dir='ltr' id='par_1_59' title="bbox 2019 2868 3607 2950">
     <span class='ocr_line' id='line_1_59' title="bbox 2019 2868 3607 2950; baseline -0.008 -15"><span class='ocrx_word' id='word_1_427' title='bbox 2019 2880 2224 2935; x_wconf 90' lang='lat' dir='ltr'><strong>multus</strong></span> <span class='ocrx_word' id='word_1_428' title='bbox 2272 2880 2510 2950; x_wconf 91' lang='lat' dir='ltr'><strong>primum</strong></span> <span class='ocrx_word' id='word_1_429' title='bbox 2553 2879 2779 2945; x_wconf 82' lang='lat' dir='ltr'><strong>exarsit,</strong></span> <span class='ocrx_word' id='word_1_430' title='bbox 2823 2894 2928 2932; x_wconf 88' lang='lat' dir='ltr'><strong>xxx</strong></span> <span class='ocrx_word' id='word_1_431' title='bbox 2978 2891 3139 2947; x_wconf 91' lang='lat' dir='ltr'><strong>porro</strong></span> <span class='ocrx_word' id='word_1_432' title='bbox 3177 2871 3351 2926; x_wconf 81' lang='lat' dir='ltr'><strong>Martii</strong></span> <span class='ocrx_word' id='word_1_433' title='bbox 3402 2868 3607 2924; x_wconf 89' lang='lat' dir='ltr'><strong>mensis</strong></span> 
     </span>
    </p>
   </div>
   <div class='ocr_carea' id='block_1_60' title="bbox 2019 2966 3604 3042">
    <p class='ocr_par' dir='ltr' id='par_1_60' title="bbox 2019 2966 3604 3042">
     <span class='ocr_line' id='line_1_60' title="bbox 2019 2966 3604 3042; baseline -0.009 -14"><span class='ocrx_word' id='word_1_434' title='bbox 2019 2973 2147 3028; x_wconf 88' lang='lat' dir='ltr'><strong>dum</strong></span> <span class='ocrx_word' id='word_1_435' title='bbox 2177 2972 2231 3026; x_wconf 81' lang='lat' dir='ltr'><strong>iu</strong></span> <span class='ocrx_word' id='word_1_436' title='bbox 2271 2972 2402 3042; x_wconf 87' lang='lat' dir='ltr'><strong>ipsis</strong></span> <span class='ocrx_word' id='word_1_437' title='bbox 2437 2972 2640 3026; x_wconf 83' lang='lat' dir='ltr'><strong>nostris</strong></span> <span class='ocrx_word' id='word_1_438' title='bbox 2666 2969 2862 3026; x_wconf 87' lang='lat' dir='ltr'><strong>castris</strong></span> <span class='ocrx_word' id='word_1_439' title='bbox 2886 2970 3040 3038; x_wconf 79' lang='lat' dir='ltr'><strong>juxta</strong></span> <span class='ocrx_word' id='word_1_440' title='bbox 3080 2966 3325 3021; x_wconf 83' lang='lat' dir='ltr'><strong>Canzaca</strong></span> <span class='ocrx_word' id='word_1_441' title='bbox 3354 2975 3604 3017; x_wconf 87' lang='lat' dir='ltr'><strong>versare-</strong></span> 
     </span>
    </p>
   </div>
   <div class='ocr_carea' id='block_1_61' title="bbox 2018 3058 3602 3128">
    <p class='ocr_par' dir='ltr' id='par_1_61' title="bbox 2018 3058 3602 3128">
     <span class='ocr_line' id='line_1_61' title="bbox 2018 3058 3602 3128; baseline -0.01 -9"><span class='ocrx_word' id='word_1_442' title='bbox 2018 3079 2143 3119; x_wconf 90' lang='lat' dir='ltr'><strong>mur</strong></span> <span class='ocrx_word' id='word_1_443' title='bbox 2172 3064 2239 3119; x_wconf 90' lang='lat' dir='ltr'><strong>ab</strong></span> <span class='ocrx_word' id='word_1_444' title='bbox 2287 3062 2420 3128; x_wconf 81' lang='lat' dir='ltr'><strong>Elia,</strong></span> <span class='ocrx_word' id='word_1_445' title='bbox 2462 3061 2749 3116; x_wconf 81' lang='lat' dir='ltr'><strong>Theodoro</strong></span> <span class='ocrx_word' id='word_1_446' title='bbox 2788 3068 2843 3114; x_wconf 89' lang='lat' dir='ltr'><strong>et</strong></span> <span class='ocrx_word' id='word_1_447' title='bbox 2882 3058 3235 3127; x_wconf 83' lang='lat' dir='ltr'><strong>GusdanaSpa</strong></span> <span class='ocrx_word' id='word_1_448' title='bbox 3284 3067 3602 3124; x_wconf 89' lang='lat' dir='ltr'><strong>responsum</strong></span> 
     </span>
    </p>
   </div>
   <div class='ocr_carea' id='block_1_62' title="bbox 323 3142 1915 3230">
    <p class='ocr_par' dir='ltr' id='par_1_62' title="bbox 323 3142 1915 3216">
     <span class='ocr_line' id='line_1_62' title="bbox 323 3142 1915 3216; baseline -0.001 -19"><span class='ocrx_word' id='word_1_449' title='bbox 323 3145 608 3216; x_wconf 83' lang='grc' dir='ltr'>νεωτέρων</span> <span class='ocrx_word' id='word_1_450' title='bbox 638 3144 733 3197; x_wconf 75' lang='grc' dir='ltr'>καὶ</span> <span class='ocrx_word' id='word_1_451' title='bbox 753 3149 802 3197; x_wconf 82' lang='grc' dir='ltr'>κ’</span> <span class='ocrx_word' id='word_1_452' title='bbox 835 3144 1022 3197; x_wconf 79' lang='grc' dir='ltr'>ἵππων</span> <span class='ocrx_word' id='word_1_453' title='bbox 1050 3142 1394 3213; x_wconf 83' lang='grc' dir='ltr'>ἀδιστράτων</span> <span class='ocrx_word' id='word_1_454' title='bbox 1427 3142 1729 3215; x_wconf 90' lang='grc' dir='ltr'>σελλαρίων</span> <span class='ocrx_word' id='word_1_455' title='bbox 1763 3143 1915 3212; x_wconf 85' lang='grc' dir='ltr'>ὀφει-</span> 
     </span>
    </p>
   </div>
   <div class='ocr_carea' id='block_1_63' title="bbox 2016 3142 3605 3230">
    <p class='ocr_par' dir='ltr' id='par_1_63' title="bbox 2019 3142 3605 3223">
     <span class='ocr_line' id='line_1_63' title="bbox 2019 3142 3605 3223; baseline -0.008 -15"><span class='ocrx_word' id='word_1_456' title='bbox 2019 3154 2345 3223; x_wconf 90' lang='lat' dir='ltr'><strong>accepimus,</strong></span> <span class='ocrx_word' id='word_1_457' title='bbox 2374 3168 2484 3223; x_wconf 91' lang='lat' dir='ltr'><strong>quo</strong></span> <span class='ocrx_word' id='word_1_458' title='bbox 2513 3152 2671 3207; x_wconf 90' lang='lat' dir='ltr'><strong>nobis</strong></span> <span class='ocrx_word' id='word_1_459' title='bbox 2704 3150 3083 3222; x_wconf 81' lang='lat' dir='ltr'><strong>signiﬁcabant</strong></span> <span class='ocrx_word' id='word_1_460' title='bbox 3123 3163 3181 3201; x_wconf 92' lang='lat' dir='ltr'><strong>se</strong></span> <span class='ocrx_word' id='word_1_461' title='bbox 3228 3147 3281 3200; x_wconf 91' lang='lat' dir='ltr'><strong>in</strong></span> <span class='ocrx_word' id='word_1_462' title='bbox 3313 3142 3605 3199; x_wconf 88' lang='lat' dir='ltr'><strong>altissimas</strong></span> 
     </span>
    </p>
   </div>
   <div class='ocr_carea' id='block_1_64' title="bbox 322 3234 1913 3307">
    <p class='ocr_par' dir='ltr' id='par_1_64' title="bbox 322 3234 1913 3307">
     <span class='ocr_line' id='line_1_64' title="bbox 322 3234 1913 3307; baseline 0.001 -18"><span class='ocrx_word' id='word_1_463' title='bbox 322 3237 527 3289; x_wconf 80' lang='grc' dir='ltr'>λόντων</span> <span class='ocrx_word' id='word_1_464' title='bbox 549 3235 931 3307; x_wconf 70' lang='grc' dir='ltr'>ἀπαπηθῆναι</span> <span class='ocrx_word' id='word_1_465' title='bbox 952 3236 1049 3289; x_wconf 75' lang='grc' dir='ltr'>καὶ</span> <span class='ocrx_word' id='word_1_466' title='bbox 1066 3234 1333 3289; x_wconf 85' lang='grc' dir='ltr'>διασῶσαι</span> <span class='ocrx_word' id='word_1_467' title='bbox 1358 3236 1557 3299; x_wconf 74' lang='grc' dir='ltr'>αὐτοὺς</span> <span class='ocrx_word' id='word_1_468' title='bbox 1580 3235 1720 3306; x_wconf 83' lang='grc' dir='ltr'>πρὸς</span> <span class='ocrx_word' id='word_1_469' title='bbox 1742 3237 1913 3306; x_wconf 74' lang='grc' dir='ltr'>ἡμᾶς.</span> 
     </span>
    </p>
   </div>
   <div class='ocr_carea' id='block_1_65' title="bbox 322 3327 1914 3399">
    <p class='ocr_par' dir='ltr' id='par_1_65' title="bbox 322 3327 1914 3399">
     <span class='ocr_line' id='line_1_65' title="bbox 322 3327 1914 3399; baseline -0.001 -15"><span class='ocrx_word' id='word_1_470' title='bbox 322 3328 459 3384; x_wconf 83' lang='grc' dir='ltr'>Μετ’</span> <span class='ocrx_word' id='word_1_471' title='bbox 492 3329 674 3384; x_wconf 80' lang='grc' dir='ltr'>αὐτῶν</span> <span class='ocrx_word' id='word_1_472' title='bbox 720 3328 777 3383; x_wconf 79' lang='grc' dir='ltr'>δὲ</span> <span class='ocrx_word' id='word_1_473' title='bbox 827 3329 1157 3399; x_wconf 88' lang='grc' dir='ltr'>συνείδαμεν</span> <span class='ocrx_word' id='word_1_474' title='bbox 1204 3327 1421 3398; x_wconf 76' lang='grc' dir='ltr'>πέμψαι</span> <span class='ocrx_word' id='word_1_475' title='bbox 1469 3328 1565 3382; x_wconf 76' lang='grc' dir='ltr'>καὶ</span> <span class='ocrx_word' id='word_1_476' title='bbox 1607 3328 1914 3383; x_wconf 81' lang='grc' dir='ltr'>Γουσδανά-</span> 
     </span>
    </p>
   </div>
   <div class='ocr_carea' id='block_1_66' title="bbox 324 3420 1913 3493">
    <p class='ocr_par' dir='ltr' id='par_1_66' title="bbox 324 3420 1913 3493">
     <span class='ocr_line' id='line_1_66' title="bbox 324 3420 1913 3493; baseline 0.001 -19"><span class='ocrx_word' id='word_1_477' title='bbox 324 3438 470 3475; x_wconf 80' lang='grc' dir='ltr'>σπαν</span> <span class='ocrx_word' id='word_1_478' title='bbox 499 3422 615 3491; x_wconf 87' lang='grc'><strong>(56)</strong></span> <span class='ocrx_word' id='word_1_479' title='bbox 660 3420 751 3475; x_wconf 82' lang='grc' dir='ltr'>τὸν</span> <span class='ocrx_word' id='word_1_480' title='bbox 781 3420 966 3486; x_wconf 77' lang='grc' dir='ltr'>Ῥαζεί</span> <span class='ocrx_word' id='word_1_481' title='bbox 1021 3420 1115 3475; x_wconf 78' lang='grc' dir='ltr'><strong>τὸν</strong></span> <span class='ocrx_word' id='word_1_482' title='bbox 1166 3420 1447 3491; x_wconf 79' lang='grc' dir='ltr'>χιλίαρχον</span> <span class='ocrx_word' id='word_1_483' title='bbox 1491 3420 1587 3474; x_wconf 79' lang='grc' dir='ltr'><strong>τοῦ</strong></span> <span class='ocrx_word' id='word_1_484' title='bbox 1640 3420 1913 3493; x_wconf 82' lang='grc' dir='ltr'>Περσικοῦ</span> 
     </span>
    </p>
   </div>
   <div class='ocr_carea' id='block_1_67' title="bbox 324 3511 1915 3586">
    <p class='ocr_par' dir='ltr' id='par_1_67' title="bbox 324 3511 1915 3586">
     <span class='ocr_line' id='line_1_67' title="bbox 324 3511 1915 3586; baseline -0.001 -19"><span class='ocrx_word' id='word_1_485' title='bbox 324 3514 560 3583; x_wconf 70' lang='grc' dir='ltr'>στρατοῦ</span> <span class='ocrx_word' id='word_1_486' title='bbox 598 3515 691 3567; x_wconf 79' lang='grc' dir='ltr'>τὸν</span> <span class='ocrx_word' id='word_1_487' title='bbox 735 3514 961 3568; x_wconf 77' lang='grc' dir='ltr'>ἐλθόντα</span> <span class='ocrx_word' id='word_1_488' title='bbox 990 3514 1128 3586; x_wconf 75' lang='grc' dir='ltr'>πρὸς</span> <span class='ocrx_word' id='word_1_489' title='bbox 1159 3515 1327 3585; x_wconf 80' lang='grc' dir='ltr'>ἡμᾶς,</span> <span class='ocrx_word' id='word_1_490' title='bbox 1363 3514 1452 3567; x_wconf 86' lang='grc' dir='ltr'>ὅτε</span> <span class='ocrx_word' id='word_1_491' title='bbox 1479 3512 1513 3584; x_wconf 75' lang='grc' dir='ltr'><strong>ἡ</strong></span> <span class='ocrx_word' id='word_1_492' title='bbox 1544 3511 1759 3585; x_wconf 80' lang='grc' dir='ltr'>ταραχὴ</span> <span class='ocrx_word' id='word_1_493' title='bbox 1792 3514 1915 3581; x_wconf 87' lang='grc' dir='ltr'>ἐγέ-</span> 
     </span>
    </p>
   </div>
   <div class='ocr_carea' id='block_1_68' title="bbox 320 3604 1911 3678">
    <p class='ocr_par' dir='ltr' id='par_1_68' title="bbox 320 3604 1911 3678">
     <span class='ocr_line' id='line_1_68' title="bbox 320 3604 1911 3678; baseline 0.001 -19"><span class='ocrx_word' id='word_1_494' title='bbox 320 3623 444 3660; x_wconf 86' lang='grc' dir='ltr'>νετο</span> <span class='ocrx_word' id='word_1_495' title='bbox 475 3607 614 3678; x_wconf 84' lang='grc' dir='ltr'><strong>μετά</strong></span> <span class='ocrx_word' id='word_1_496' title='bbox 651 3606 746 3660; x_wconf 77' lang='grc' dir='ltr'>τοῦ</span> <span class='ocrx_word' id='word_1_497' title='bbox 782 3604 1025 3677; x_wconf 83' lang='grc' dir='ltr'>Σειροίου</span> <span class='ocrx_word' id='word_1_498' title='bbox 1062 3606 1160 3660; x_wconf 80' lang='grc' dir='ltr'>καὶ</span> <span class='ocrx_word' id='word_1_499' title='bbox 1194 3605 1461 3677; x_wconf 85' lang='grc' dir='ltr'>Χοσρόου.</span> <span class='ocrx_word' id='word_1_500' title='bbox 1505 3606 1615 3659; x_wconf 76' lang='lat' dir='ltr'><strong>Kal</strong></span> <span class='ocrx_word' id='word_1_501' title='bbox 1645 3609 1711 3676; x_wconf 78' lang='grc' dir='ltr'>τῇ</span> <span class='ocrx_word' id='word_1_502' title='bbox 1743 3606 1787 3659; x_wconf 86' lang='grc' dir='ltr'>λ’</span> <span class='ocrx_word' id='word_1_503' title='bbox 1816 3604 1911 3660; x_wconf 77' lang='grc' dir='ltr'><strong>τοῦ</strong></span> 
     </span>
    </p>
   </div>
   <div class='ocr_carea' id='block_1_69' title="bbox 319 3697 1914 3769">
    <p class='ocr_par' dir='ltr' id='par_1_69' title="bbox 319 3697 1914 3769">
     <span class='ocr_line' id='line_1_69' title="bbox 319 3697 1914 3769; baseline 0 -18"><span class='ocrx_word' id='word_1_504' title='bbox 319 3698 571 3768; x_wconf 78' lang='grc' dir='ltr'>Μαρτίου</span> <span class='ocrx_word' id='word_1_505' title='bbox 624 3698 796 3769; x_wconf 78' lang='grc' dir='ltr'>μηνὸς</span> <span class='ocrx_word' id='word_1_506' title='bbox 848 3697 1153 3769; x_wconf 73' lang='grc' dir='ltr'>ἐδεξάμεθα</span> <span class='ocrx_word' id='word_1_507' title='bbox 1202 3697 1499 3768; x_wconf 85' lang='grc' dir='ltr'>ἀπόκρισιν</span> <span class='ocrx_word' id='word_1_508' title='bbox 1536 3699 1594 3751; x_wconf 85' lang='grc' dir='ltr'><strong>ἐν</strong></span> <span class='ocrx_word' id='word_1_509' title='bbox 1638 3697 1787 3769; x_wconf 73' lang='grc' dir='ltr'>αὐτῷ</span> <span class='ocrx_word' id='word_1_510' title='bbox 1835 3697 1914 3769; x_wconf 87' lang='grc' dir='ltr'><strong>τῷ</strong></span> 
     </span>
    </p>
   </div>
   <div class='ocr_carea' id='block_1_70' title="bbox 321 3787 1914 3863">
    <p class='ocr_par' dir='ltr' id='par_1_70' title="bbox 321 3787 1914 3863">
     <span class='ocr_line' id='line_1_70' title="bbox 321 3787 1914 3863; baseline -0.001 -18"><span class='ocrx_word' id='word_1_511' title='bbox 321 3790 593 3863; x_wconf 84' lang='grc' dir='ltr'>ἀπλήκτῳ</span> <span class='ocrx_word' id='word_1_512' title='bbox 644 3791 801 3861; x_wconf 78' lang='grc' dir='ltr'>ἡμῶν</span> <span class='ocrx_word' id='word_1_513' title='bbox 855 3789 936 3861; x_wconf 80' lang='grc' dir='ltr'>τῷ</span> <span class='ocrx_word' id='word_1_514' title='bbox 983 3788 1213 3859; x_wconf 87' lang='grc' dir='ltr'>πλησίον</span> <span class='ocrx_word' id='word_1_515' title='bbox 1260 3787 1399 3843; x_wconf 71' lang='grc' dir='ltr'>τοῦδ</span> <span class='ocrx_word' id='word_1_516' title='bbox 1448 3787 1754 3854; x_wconf 79' lang='grc' dir='ltr'>Κανξάκων</span> <span class='ocrx_word' id='word_1_517' title='bbox 1805 3789 1914 3844; x_wconf 84' lang='grc' dir='ltr'>ἀπὸ</span> 
     </span>
    </p>
   </div>
   <div class='ocr_carea' id='block_1_71' title="bbox 333 3879 1913 3951">
    <p class='ocr_par' dir='ltr' id='par_1_71' title="bbox 333 3879 1913 3951">
     <span class='ocr_line' id='line_1_71' title="bbox 333 3879 1913 3951; baseline -0.001 -15"><span class='ocrx_word' id='word_1_518' title='bbox 333 3883 493 3936; x_wconf 81' lang='grc' dir='ltr'>Ἠλία</span> <span class='ocrx_word' id='word_1_519' title='bbox 521 3883 617 3936; x_wconf 77' lang='grc' dir='ltr'>καὶ</span> <span class='ocrx_word' id='word_1_520' title='bbox 644 3881 901 3936; x_wconf 85' lang='grc' dir='ltr'>Θεοδότου</span> <span class='ocrx_word' id='word_1_521' title='bbox 925 3881 1021 3935; x_wconf 70' lang='grc' dir='ltr'>καὶ</span> <span class='ocrx_word' id='word_1_522' title='bbox 1040 3883 1061 3914; x_wconf 85' lang='grc'><strong><em>⁵</em></strong></span> <span class='ocrx_word' id='word_1_523' title='bbox 1084 3879 1499 3945; x_wconf 80' lang='grc' dir='ltr'>Γουσδανάσπα,</span> <span class='ocrx_word' id='word_1_524' title='bbox 1528 3880 1605 3943; x_wconf 86' lang='grc' dir='ltr'><strong>ώς</strong></span> <span class='ocrx_word' id='word_1_525' title='bbox 1628 3882 1712 3935; x_wconf 84' lang='grc' dir='ltr'>ὅτι</span> <span class='ocrx_word' id='word_1_526' title='bbox 1737 3880 1913 3951; x_wconf 84' lang='grc' dir='ltr'>μέγαν</span> 
     </span>
    </p>
   </div>
   <div class='ocr_carea' id='block_1_72' title="bbox 320 3965 1915 4043">
    <p class='ocr_par' dir='ltr' id='par_1_72' title="bbox 320 3965 1915 4043">
     <span class='ocr_line' id='line_1_72' title="bbox 320 3965 1915 4043; baseline 0 -19"><span class='ocrx_word' id='word_1_527' title='bbox 320 3972 574 4043; x_wconf 81' lang='grc' dir='ltr'>χειμῶνα</span> <span class='ocrx_word' id='word_1_528' title='bbox 611 3965 771 4042; x_wconf 74' lang='grc' dir='ltr'>εὗρον</span> <span class='ocrx_word' id='word_1_529' title='bbox 805 3973 887 4034; x_wconf 85' lang='grc' dir='ltr'><strong>είς</strong></span> <span class='ocrx_word' id='word_1_530' title='bbox 913 3970 975 4024; x_wconf 84' lang='grc' dir='ltr'>τὸ</span> <span class='ocrx_word' id='word_1_531' title='bbox 1002 3969 1128 4042; x_wconf 80' lang='grc' dir='ltr'>ὅρος</span> <span class='ocrx_word' id='word_1_532' title='bbox 1159 3968 1254 4023; x_wconf 82' lang='grc' dir='ltr'>τοῦ</span> <span class='ocrx_word' id='word_1_533' title='bbox 1288 3971 1461 4040; x_wconf 81' lang='grc' dir='ltr'>Ζᾶρα,</span> <span class='ocrx_word' id='word_1_534' title='bbox 1488 3969 1583 4023; x_wconf 73' lang='grc' dir='ltr'>καὶ</span> <span class='ocrx_word' id='word_1_535' title='bbox 1612 3969 1695 4023; x_wconf 81' lang='grc' dir='ltr'>ὅτι</span> <span class='ocrx_word' id='word_1_536' title='bbox 1727 3969 1915 4035; x_wconf 82' lang='grc' dir='ltr'>ἐξέλα-</span> 
     </span>
    </p>
   </div>
   <div class='ocr_carea' id='block_1_73' title="bbox 318 4061 1912 4133">
    <p class='ocr_par' dir='ltr' id='par_1_73' title="bbox 318 4061 1912 4133">
     <span class='ocr_line' id='line_1_73' title="bbox 318 4061 1912 4133; baseline -0.003 -14"><span class='ocrx_word' id='word_1_537' title='bbox 318 4066 453 4119; x_wconf 79' lang='grc' dir='ltr'>ϐον⁶</span> <span class='ocrx_word' id='word_1_538' title='bbox 496 4066 561 4118; x_wconf 85' lang='grc' dir='ltr'><strong>ἐκ</strong></span> <span class='ocrx_word' id='word_1_539' title='bbox 612 4064 723 4117; x_wconf 84' lang='grc' dir='ltr'>τῶν</span> <span class='ocrx_word' id='word_1_540' title='bbox 768 4062 1098 4118; x_wconf 85' lang='grc' dir='ltr'>καστελλίων</span> <span class='ocrx_word' id='word_1_541' title='bbox 1141 4061 1390 4133; x_wconf 75' lang='grc' dir='ltr'>Πέρσαςτ</span> <span class='ocrx_word' id='word_1_542' title='bbox 1439 4061 1535 4115; x_wconf 77' lang='grc' dir='ltr'>καὶ</span> <span class='ocrx_word' id='word_1_543' title='bbox 1579 4061 1771 4131; x_wconf 84' lang='grc' dir='ltr'>ἀλογα,</span> <span class='ocrx_word' id='word_1_544' title='bbox 1816 4062 1912 4115; x_wconf 70' lang='grc' dir='ltr'>καὶ</span> 
     </span>
    </p>
   </div>
   <div class='ocr_carea' id='block_1_74' title="bbox 318 4152 1911 4227">
    <p class='ocr_par' dir='ltr' id='par_1_74' title="bbox 318 4152 1911 4227">
     <span class='ocr_line' id='line_1_74' title="bbox 318 4152 1911 4227; baseline -0.003 -15"><span class='ocrx_word' id='word_1_545' title='bbox 318 4158 462 4213; x_wconf 79' lang='grc' dir='ltr'>οὕτω</span> <span class='ocrx_word' id='word_1_546' title='bbox 510 4158 771 4211; x_wconf 83' lang='grc' dir='ltr'>κόπτουσι</span> <span class='ocrx_word' id='word_1_547' title='bbox 817 4158 943 4221; x_wconf 81' lang='grc' dir='ltr'>τοὺς</span> <span class='ocrx_word' id='word_1_548' title='bbox 987 4156 1192 4227; x_wconf 84' lang='grc' dir='ltr'>χιόνας,</span> <span class='ocrx_word' id='word_1_549' title='bbox 1219 4153 1313 4209; x_wconf 78' lang='grc' dir='ltr'><strong>καὶ</strong></span> <span class='ocrx_word' id='word_1_550' title='bbox 1341 4155 1422 4209; x_wconf 85' lang='grc' dir='ltr'>ὅτι</span> <span class='ocrx_word' id='word_1_551' title='bbox 1449 4152 1697 4225; x_wconf 77' lang='grc' dir='ltr'>ἐγνώσθη</span> <span class='ocrx_word' id='word_1_552' title='bbox 1728 4154 1911 4219; x_wconf 77' lang='grc' dir='ltr'>αὐτοῖς</span> 
     </span>
    </p>
   </div>
   <div class='ocr_carea' id='block_1_75' title="bbox 2014 3236 3601 3307">
    <p class='ocr_par' dir='ltr' id='par_1_75' title="bbox 2014 3236 3601 3307">
     <span class='ocr_line' id='line_1_75' title="bbox 2014 3236 3601 3307; baseline -0.008 -7"><span class='ocrx_word' id='word_1_553' title='bbox 2014 3246 2171 3300; x_wconf 87' lang='lat' dir='ltr'><strong>nives</strong></span> <span class='ocrx_word' id='word_1_554' title='bbox 2208 3246 2261 3297; x_wconf 93' lang='lat' dir='ltr'><strong>in</strong></span> <span class='ocrx_word' id='word_1_555' title='bbox 2294 3254 2481 3298; x_wconf 87' lang='lat' dir='ltr'><strong>monte</strong></span> <span class='ocrx_word' id='word_1_556' title='bbox 2534 3244 2669 3297; x_wconf 87' lang='lat' dir='ltr'><strong>Zara</strong></span> <span class='ocrx_word' id='word_1_557' title='bbox 2715 3242 2993 3305; x_wconf 86' lang='lat' dir='ltr'><strong>incidisse,</strong></span> <span class='ocrx_word' id='word_1_558' title='bbox 3026 3240 3364 3307; x_wconf 83' lang='lat' dir='ltr'><strong>missumque</strong></span> <span class='ocrx_word' id='word_1_559' title='bbox 3398 3236 3499 3290; x_wconf 90' lang='lat' dir='ltr'><strong>sibi</strong></span> <span class='ocrx_word' id='word_1_560' title='bbox 3536 3249 3601 3289; x_wconf 88' lang='lat' dir='ltr'><strong>ex</strong></span> 
     </span>
    </p>
   </div>
   <div class='ocr_carea' id='block_1_76' title="bbox 2011 3325 3603 3398">
    <p class='ocr_par' dir='ltr' id='par_1_76' title="bbox 2011 3325 3603 3398">
     <span class='ocr_line' id='line_1_76' title="bbox 2011 3325 3603 3398; baseline -0.006 -9"><span class='ocrx_word' id='word_1_561' title='bbox 2011 3334 2251 3390; x_wconf 83' lang='lat' dir='ltr'><strong>castellis</strong></span> <span class='ocrx_word' id='word_1_562' title='bbox 2300 3332 2543 3398; x_wconf 82' lang='lat' dir='ltr'><strong>Persam,</strong></span> <span class='ocrx_word' id='word_1_563' title='bbox 2572 3348 2697 3387; x_wconf 93' lang='lat' dir='ltr'><strong>cum</strong></span> <span class='ocrx_word' id='word_1_564' title='bbox 2723 3330 3051 3386; x_wconf 83' lang='lat' dir='ltr'><strong>animalibus</strong></span> <span class='ocrx_word' id='word_1_565' title='bbox 3077 3344 3175 3384; x_wconf 89' lang='lat' dir='ltr'><strong>seu</strong></span> <span class='ocrx_word' id='word_1_566' title='bbox 3206 3327 3383 3397; x_wconf 87' lang='lat' dir='ltr'><strong>equis,</strong></span> <span class='ocrx_word' id='word_1_567' title='bbox 3416 3325 3603 3395; x_wconf 88' lang='lat' dir='ltr'><strong>sicque</strong></span> 
     </span>
    </p>
   </div>
   <div class='ocr_carea' id='block_1_77' title="bbox 2014 3416 3600 3494">
    <p class='ocr_par' dir='ltr' id='par_1_77' title="bbox 2014 3416 3600 3494">
     <span class='ocr_line' id='line_1_77' title="bbox 2014 3416 3600 3494; baseline -0.005 -15"><span class='ocrx_word' id='word_1_568' title='bbox 2014 3425 2173 3479; x_wconf 89' lang='lat' dir='ltr'><strong>nives</strong></span> <span class='ocrx_word' id='word_1_569' title='bbox 2221 3423 2541 3478; x_wconf 83' lang='lat' dir='ltr'><strong>discidisse:</strong></span> <span class='ocrx_word' id='word_1_570' title='bbox 2576 3422 2782 3494; x_wconf 87' lang='lat' dir='ltr'><strong>legatos</strong></span> <span class='ocrx_word' id='word_1_571' title='bbox 2820 3436 2951 3475; x_wconf 86' lang='lat' dir='ltr'><strong>vero</strong></span> <span class='ocrx_word' id='word_1_572' title='bbox 2980 3435 3009 3474; x_wconf 91' lang='lat' dir='ltr'><strong>a</strong></span> <span class='ocrx_word' id='word_1_573' title='bbox 3039 3419 3193 3473; x_wconf 89' lang='lat' dir='ltr'><strong>Siroe</strong></span> <span class='ocrx_word' id='word_1_574' title='bbox 3227 3432 3353 3487; x_wconf 75' lang='lat' dir='ltr'><strong>rege</strong></span> <span class='ocrx_word' id='word_1_575' title='bbox 3383 3416 3600 3479; x_wconf 89' lang='lat' dir='ltr'><strong>missos,</strong></span> 
     </span>
    </p>
   </div>
   <div class='ocr_carea' id='block_1_78' title="bbox 2011 3509 3602 3588">
    <p class='ocr_par' dir='ltr' id='par_1_78' title="bbox 2011 3509 3602 3588">
     <span class='ocr_line' id='line_1_78' title="bbox 2011 3509 3602 3588; baseline -0.007 -14"><span class='ocrx_word' id='word_1_576' title='bbox 2011 3518 2164 3574; x_wconf 81' lang='lat' dir='ltr'><strong>hisce</strong></span> <span class='ocrx_word' id='word_1_577' title='bbox 2222 3516 2502 3588; x_wconf 75' lang='lat' dir='ltr'><strong>proximos</strong></span> <span class='ocrx_word' id='word_1_578' title='bbox 2537 3530 2660 3570; x_wconf 88' lang='lat' dir='ltr'><strong>esse</strong></span> <span class='ocrx_word' id='word_1_579' title='bbox 2720 3515 2811 3569; x_wconf 89' lang='lat' dir='ltr'><strong>ubi</strong></span> <span class='ocrx_word' id='word_1_580' title='bbox 2874 3523 2987 3568; x_wconf 89' lang='lat' dir='ltr'><strong>tum</strong></span> <span class='ocrx_word' id='word_1_581' title='bbox 3028 3511 3300 3582; x_wconf 79' lang='lat' dir='ltr'><strong>degebant</strong></span> <span class='ocrx_word' id='word_1_582' title='bbox 3352 3509 3602 3579; x_wconf 80' lang='lat' dir='ltr'><strong>partibus</strong></span> 
     </span>
    </p>
   </div>
   <div class='ocr_carea' id='block_1_79' title="bbox 2011 3606 3600 3681">
    <p class='ocr_par' dir='ltr' id='par_1_79' title="bbox 2011 3606 3600 3681">
     <span class='ocr_line' id='line_1_79' title="bbox 2011 3606 3600 3681; baseline -0.008 -14"><span class='ocrx_word' id='word_1_583' title='bbox 2011 3626 2071 3667; x_wconf 88' lang='lat' dir='ltr'><strong>se</strong></span> <span class='ocrx_word' id='word_1_584' title='bbox 2100 3610 2394 3681; x_wconf 89' lang='lat' dir='ltr'><strong>accepisse,</strong></span> <span class='ocrx_word' id='word_1_585' title='bbox 2427 3609 2520 3663; x_wconf 83' lang='lat' dir='ltr'><strong>sed</strong></span> <span class='ocrx_word' id='word_1_586' title='bbox 2552 3618 2775 3678; x_wconf 88' lang='lat' dir='ltr'><strong>propter</strong></span> <span class='ocrx_word' id='word_1_587' title='bbox 2799 3606 3122 3661; x_wconf 88' lang='lat' dir='ltr'><strong>immodicas</strong></span> <span class='ocrx_word' id='word_1_588' title='bbox 3151 3606 3326 3665; x_wconf 86' lang='lat' dir='ltr'><strong>nives.</strong></span> <span class='ocrx_word' id='word_1_589' title='bbox 3354 3611 3600 3657; x_wconf 89' lang='lat' dir='ltr'><strong>montem</strong></span> 
     </span>
    </p>
   </div>
   <div class='ocr_carea' id='block_1_80' title="bbox 2012 3692 3601 3766">
    <p class='ocr_par' dir='ltr' id='par_1_80' title="bbox 2012 3692 3601 3766">
     <span class='ocr_line' id='line_1_80' title="bbox 2012 3692 3601 3766; baseline -0.006 -14"><span class='ocrx_word' id='word_1_590' title='bbox 2012 3700 2204 3752; x_wconf 89' lang='lat' dir='ltr'><strong>Zaram</strong></span> <span class='ocrx_word' id='word_1_591' title='bbox 2238 3711 2501 3766; x_wconf 88' lang='lat' dir='ltr'><strong>superare</strong></span> <span class='ocrx_word' id='word_1_592' title='bbox 2522 3711 2631 3750; x_wconf 91' lang='lat' dir='ltr'><strong>non</strong></span> <span class='ocrx_word' id='word_1_593' title='bbox 2660 3695 2926 3765; x_wconf 87' lang='lat' dir='ltr'><strong>potuisse.</strong></span> <span class='ocrx_word' id='word_1_594' title='bbox 2962 3694 3120 3751; x_wconf 76' lang='lat' dir='ltr'><strong>Unde</strong></span> <span class='ocrx_word' id='word_1_595' title='bbox 3149 3692 3383 3747; x_wconf 82' lang='lat' dir='ltr'><strong>maxime</strong></span> <span class='ocrx_word' id='word_1_596' title='bbox 3410 3707 3601 3762; x_wconf 86' lang='lat' dir='ltr'><strong>perec-</strong></span> 
     </span>
    </p>
   </div>
   <div class='ocr_carea' id='block_1_81' title="bbox 2010 3786 3598 3863">
    <p class='ocr_par' dir='ltr' id='par_1_81' title="bbox 2010 3786 3598 3863">
     <span class='ocr_line' id='line_1_81' title="bbox 2010 3786 3598 3863; baseline -0.006 -17"><span class='ocrx_word' id='word_1_597' title='bbox 2010 3792 2212 3863; x_wconf 89' lang='lat' dir='ltr'><strong>pimus,</strong></span> <span class='ocrx_word' id='word_1_598' title='bbox 2243 3807 2344 3846; x_wconf 91' lang='lat' dir='ltr'><strong>nos</strong></span> <span class='ocrx_word' id='word_1_599' title='bbox 2393 3807 2500 3845; x_wconf 84' lang='lat' dir='ltr'><strong>una</strong></span> <span class='ocrx_word' id='word_1_600' title='bbox 2546 3806 2669 3845; x_wconf 91' lang='lat' dir='ltr'><strong>cum</strong></span> <span class='ocrx_word' id='word_1_601' title='bbox 2703 3789 2904 3845; x_wconf 89' lang='lat' dir='ltr'><strong>Christi</strong></span> <span class='ocrx_word' id='word_1_602' title='bbox 2941 3787 3253 3843; x_wconf 89' lang='lat' dir='ltr'><strong>amantibus</strong></span> <span class='ocrx_word' id='word_1_603' title='bbox 3296 3786 3468 3856; x_wconf 88' lang='lat' dir='ltr'><strong>copiis</strong></span> <span class='ocrx_word' id='word_1_604' title='bbox 3496 3801 3598 3838; x_wconf 85' lang='lat' dir='ltr'><strong>no-</strong></span> 
     </span>
    </p>
   </div>
   <div class='ocr_carea' id='block_1_82' title="bbox 2011 3876 3600 3948">
    <p class='ocr_par' dir='ltr' id='par_1_82' title="bbox 2011 3876 3600 3948">
     <span class='ocr_line' id='line_1_82' title="bbox 2011 3876 3600 3948; baseline -0.006 -9"><span class='ocrx_word' id='word_1_605' title='bbox 2011 3884 2160 3948; x_wconf 91' lang='lat' dir='ltr'><strong>stris,</strong></span> <span class='ocrx_word' id='word_1_606' title='bbox 2192 3884 2287 3938; x_wconf 89' lang='lat' dir='ltr'><strong>Dei</strong></span> <span class='ocrx_word' id='word_1_607' title='bbox 2316 3883 2663 3938; x_wconf 87' lang='lat' dir='ltr'><strong>clementiam</strong></span> <span class='ocrx_word' id='word_1_608' title='bbox 2702 3890 2758 3938; x_wconf 91' lang='lat' dir='ltr'><strong>et</strong></span> <span class='ocrx_word' id='word_1_609' title='bbox 2807 3882 3106 3936; x_wconf 90' lang='lat' dir='ltr'><strong>bonitatem</strong></span> <span class='ocrx_word' id='word_1_610' title='bbox 3161 3878 3389 3933; x_wconf 89' lang='lat' dir='ltr'><strong>omnino</strong></span> <span class='ocrx_word' id='word_1_611' title='bbox 3426 3876 3600 3933; x_wconf 86' lang='lat' dir='ltr'><strong>dedu-</strong></span> 
     </span>
    </p>
   </div>
   <div class='ocr_carea' id='block_1_83' title="bbox 2011 3968 3596 4044">
    <p class='ocr_par' dir='ltr' id='par_1_83' title="bbox 2011 3968 3596 4044">
     <span class='ocr_line' id='line_1_83' title="bbox 2011 3968 3596 4044; baseline -0.004 -13"><span class='ocrx_word' id='word_1_612' title='bbox 2011 3991 2137 4031; x_wconf 83' lang='lat' dir='ltr'><strong>cere</strong></span> <span class='ocrx_word' id='word_1_613' title='bbox 2170 3984 2426 4044; x_wconf 89' lang='lat' dir='ltr'><strong>tutosque</strong></span> <span class='ocrx_word' id='word_1_614' title='bbox 2474 3989 2537 4028; x_wconf 91' lang='lat' dir='ltr'><strong>ac</strong></span> <span class='ocrx_word' id='word_1_615' title='bbox 2570 3974 2874 4028; x_wconf 90' lang='lat' dir='ltr'><strong>incolumes</strong></span> <span class='ocrx_word' id='word_1_616' title='bbox 2918 3968 3407 4027; x_wconf 57' lang='lat' dir='ltr'><strong>servare.&#39;Etenim</strong></span> <span class='ocrx_word' id='word_1_617' title='bbox 3440 3971 3482 4025; x_wconf 93' lang='lat' dir='ltr'><strong>si</strong></span> <span class='ocrx_word' id='word_1_618' title='bbox 3511 3973 3596 4025; x_wconf 85' lang='lat' dir='ltr'><strong>vel</strong></span> 
     </span>
    </p>
   </div>
   <div class='ocr_carea' id='block_1_84' title="bbox 2017 4054 3597 4133">
    <p class='ocr_par' dir='ltr' id='par_1_84' title="bbox 2017 4054 3597 4133">
     <span class='ocr_line' id='line_1_84' title="bbox 2017 4054 3597 4133; baseline -0.003 -17"><span class='ocrx_word' id='word_1_619' title='bbox 2017 4077 2222 4133; x_wconf 88' lang='lat' dir='ltr'><strong>paucos</strong></span> <span class='ocrx_word' id='word_1_620' title='bbox 2248 4062 2367 4116; x_wconf 85' lang='lat' dir='ltr'><strong>dies</strong></span> <span class='ocrx_word' id='word_1_621' title='bbox 2400 4060 2639 4115; x_wconf 89' lang='lat' dir='ltr'><strong>cunctati</strong></span> <span class='ocrx_word' id='word_1_622' title='bbox 2673 4061 2739 4115; x_wconf 87' lang='lat' dir='ltr'><strong>ad</strong></span> <span class='ocrx_word' id='word_1_623' title='bbox 2770 4054 3011 4114; x_wconf 69' lang='lat' dir='ltr'><strong>montem</strong></span> <span class='ocrx_word' id='word_1_624' title='bbox 3055 4059 3247 4113; x_wconf 87' lang='lat' dir='ltr'><strong>Zaram</strong></span> <span class='ocrx_word' id='word_1_625' title='bbox 3281 4058 3597 4124; x_wconf 81' lang='lat' dir='ltr'><strong>fuissemus,</strong></span> 
     </span>
    </p>
   </div>
   <div class='ocr_carea' id='block_1_85' title="bbox 2017 4148 3595 4222">
    <p class='ocr_par' dir='ltr' id='par_1_85' title="bbox 2017 4148 3595 4222">
     <span class='ocr_line' id='line_1_85' title="bbox 2017 4148 3595 4222; baseline -0.003 -14"><span class='ocrx_word' id='word_1_626' title='bbox 2017 4168 2081 4208; x_wconf 89' lang='lat' dir='ltr'><strong>ac</strong></span> <span class='ocrx_word' id='word_1_627' title='bbox 2121 4152 2319 4207; x_wconf 85' lang='lat' dir='ltr'><strong>deinde</strong></span> <span class='ocrx_word' id='word_1_628' title='bbox 2371 4149 2637 4222; x_wconf 77' lang='lat' dir='ltr'><strong>ejusmodi</strong></span> <span class='ocrx_word' id='word_1_629' title='bbox 2695 4149 2851 4205; x_wconf 87' lang='lat' dir='ltr'><strong>nives</strong></span> <span class='ocrx_word' id='word_1_630' title='bbox 2899 4150 3201 4205; x_wconf 60' lang='lat' dir='ltr'><strong>immodica</strong></span> <span class='ocrx_word' id='word_1_631' title='bbox 3244 4148 3595 4213; x_wconf 88' lang='lat' dir='ltr'><strong>decidissent,</strong></span> 
     </span>
    </p>
   </div>
   <div class='ocr_carea' id='block_1_86' title="bbox 1630 4338 2229 4396">
    <p class='ocr_par' dir='ltr' id='par_1_86' title="bbox 1630 4338 2229 4396">
     <span class='ocr_line' id='line_1_86' title="bbox 1630 4338 2229 4396; baseline 0.003 -3"><span class='ocrx_word' id='word_1_632' title='bbox 1630 4338 1952 4396; x_wconf 74' lang='lat' dir='ltr'><strong>DUCANGII</strong></span> <span class='ocrx_word' id='word_1_633' title='bbox 1990 4338 2229 4396; x_wconf 64' lang='lat' dir='ltr'><strong>NOTE.</strong></span> 
     </span>
    </p>
   </div>
   <div class='ocr_carea' id='block_1_87' title="bbox 387 4487 1915 4568">
    <p class='ocr_par' dir='ltr' id='par_1_87' title="bbox 387 4491 1896 4568">
     <span class='ocr_line' id='line_1_87' title="bbox 387 4491 1896 4568; baseline -0.005 -14"><span class='ocrx_word' id='word_1_634' title='bbox 387 4500 504 4568; x_wconf 72' lang='lat'><strong>(52)</strong></span> <span class='ocrx_word' id='word_1_635' title='bbox 544 4498 947 4568; x_wconf 80' lang='grc' dir='ltr'>Σιαρσούρων.</span> <span class='ocrx_word' id='word_1_636' title='bbox 981 4496 1302 4567; x_wconf 85' lang='lat' dir='ltr'><strong>Theophani</strong></span> <span class='ocrx_word' id='word_1_637' title='bbox 1340 4510 1471 4549; x_wconf 91' lang='lat' dir='ltr'><strong>ann.</strong></span> <span class='ocrx_word' id='word_1_638' title='bbox 1503 4508 1652 4561; x_wconf 85' lang='lat' dir='ltr'><strong>xvn,</strong></span> <span class='ocrx_word' id='word_1_639' title='bbox 1688 4491 1896 4565; x_wconf 71' lang='lat' dir='ltr'><strong>p.270,</strong></span> 
     </span>
    </p>
   </div>
   <div class='ocr_carea' id='block_1_88' title="bbox 2016 4487 3594 4568">
    <p class='ocr_par' dir='ltr' id='par_1_88' title="bbox 2016 4487 3594 4568">
     <span class='ocr_line' id='line_1_88' title="bbox 2016 4487 3594 4568; baseline -0.005 -20"><span class='ocrx_word' id='word_1_640' title='bbox 2016 4492 2281 4568; x_wconf 65' lang='lat' dir='ltr'><strong>ghronico</strong></span> <span class='ocrx_word' id='word_1_641' title='bbox 2306 4508 2409 4549; x_wconf 86' lang='lat' dir='ltr'><strong>ms.</strong></span> <span class='ocrx_word' id='word_1_642' title='bbox 2436 4490 2687 4556; x_wconf 82' lang='grc' dir='ltr'>Γάζακον</span> <span class='ocrx_word' id='word_1_643' title='bbox 2714 4504 2845 4544; x_wconf 89' lang='lat' dir='ltr'><strong>vero</strong></span> <span class='ocrx_word' id='word_1_644' title='bbox 2872 4497 3033 4568; x_wconf 75' lang='lat' dir='ltr'><strong>vocat</strong></span> <span class='ocrx_word' id='word_1_645' title='bbox 3060 4487 3313 4568; x_wconf 78' lang='lat' dir='ltr'><strong>Theoph.</strong></span> <span class='ocrx_word' id='word_1_646' title='bbox 3335 4496 3405 4568; x_wconf 81' lang='lat' dir='ltr'><strong>_e_t</strong></span> <span class='ocrx_word' id='word_1_647' title='bbox 3433 4502 3498 4541; x_wconf 84' lang='lat' dir='ltr'><strong>ex</strong></span> <span class='ocrx_word' id='word_1_648' title='bbox 3525 4503 3594 4568; x_wconf 65' lang='lat' dir='ltr'><strong>eo</strong></span> 
     </span>
    </p>
   </div>
   <div class='ocr_carea' id='block_1_89' title="bbox 318 4567 917 4639">
    <p class='ocr_par' dir='ltr' id='par_1_89' title="bbox 318 4567 917 4639">
     <span class='ocr_line' id='line_1_89' title="bbox 318 4567 917 4639; baseline -0.008 -14"><span class='ocrx_word' id='word_1_649' title='bbox 318 4569 656 4639; x_wconf 78' lang='grc' dir='ltr'>Ζιάρζουρος</span> <span class='ocrx_word' id='word_1_650' title='bbox 697 4567 917 4639; x_wconf 73' lang='lat' dir='ltr'><strong>dicitur.</strong></span> 
     </span>
    </p>
   </div>
   <div class='ocr_carea' id='block_1_90' title="bbox 388 4631 1907 4709">
    <p class='ocr_par' dir='ltr' id='par_1_90' title="bbox 388 4631 1907 4709">
     <span class='ocr_line' id='line_1_90' title="bbox 388 4631 1907 4709; baseline -0.003 -18"><span class='ocrx_word' id='word_1_651' title='bbox 388 4631 504 4709; x_wconf 71' lang='lat'><strong>(53)</strong></span> <span class='ocrx_word' id='word_1_652' title='bbox 541 4631 767 4707; x_wconf 69' lang='grc' dir='ltr'>Μικροῦ</span> <span class='ocrx_word' id='word_1_653' title='bbox 798 4636 1223 4709; x_wconf 39' lang='grc' dir='ltr'>Ζᾴὸαηϐεοτε.</span> <span class='ocrx_word' id='word_1_654' title='bbox 1276 4634 1759 4709; x_wconf 77' lang='lat' dir='ltr'><strong>monachus__rns.,</strong></span> <span class='ocrx_word' id='word_1_655' title='bbox 1810 4631 1907 4687; x_wconf 72' lang='grc' dir='ltr'>καὶ</span> 
     </span>
    </p>
   </div>
   <div class='ocr_carea' id='block_1_91' title="bbox 319 4704 1902 4778">
    <p class='ocr_par' dir='ltr' id='par_1_91' title="bbox 319 4704 1902 4778">
     <span class='ocr_line' id='line_1_91' title="bbox 319 4704 1902 4778; baseline -0.003 -15"><span class='ocrx_word' id='word_1_656' title='bbox 319 4704 573 4778; x_wconf 76' lang='grc' dir='ltr'>περάσας</span> <span class='ocrx_word' id='word_1_657' title='bbox 600 4710 629 4761; x_wconf 85' lang='grc' dir='ltr'>ὁ</span> <span class='ocrx_word' id='word_1_658' title='bbox 654 4704 930 4778; x_wconf 66' lang='grc' dir='ltr'>’βασιλεὺς</span> <span class='ocrx_word' id='word_1_659' title='bbox 965 4708 1055 4778; x_wconf 72' lang='grc' dir='ltr'><strong>τδν</strong></span> <span class='ocrx_word' id='word_1_660' title='bbox 1090 4704 1264 4775; x_wconf 74' lang='grc' dir='ltr'>μέγαν</span> <span class='ocrx_word' id='word_1_661' title='bbox 1293 4704 1537 4778; x_wconf 74' lang='grc' dir='ltr'>ποταμὸν</span> <span class='ocrx_word' id='word_1_662' title='bbox 1567 4704 1902 4778; x_wconf 41' lang='grc' dir='ltr'>Ζάϐανεςιε.</span> 
     </span>
    </p>
   </div>
   <div class='ocr_carea' id='block_1_92' title="bbox 320 4772 1887 4856">
    <p class='ocr_par' dir='ltr' id='par_1_92' title="bbox 320 4772 1887 4856">
     <span class='ocr_line' id='line_1_92' title="bbox 320 4772 1887 4856; baseline -0.003 -23"><span class='ocrx_word' id='word_1_663' title='bbox 320 4772 463 4856; x_wconf 68' lang='lat' dir='ltr'><strong>infra</strong></span> <span class='ocrx_word' id='word_1_664' title='bbox 496 4797 511 4833; x_wconf 91' lang='lat'><strong>:</strong></span> <span class='ocrx_word' id='word_1_665' title='bbox 544 4772 849 4856; x_wconf 70' lang='grc' dir='ltr'>ἐκράτησεν</span> <span class='ocrx_word' id='word_1_666' title='bbox 870 4776 978 4856; x_wconf 39' lang='grc' dir='ltr'>’τὰς</span> <span class='ocrx_word' id='word_1_667' title='bbox 1000 4776 1042 4856; x_wconf 81' lang='grc' dir='ltr'>δ’</span> <span class='ocrx_word' id='word_1_668' title='bbox 1064 4772 1313 4856; x_wconf 60' lang='grc' dir='ltr'>γξφῦρας</span> <span class='ocrx_word' id='word_1_669' title='bbox 1344 4772 1680 4856; x_wconf 48' lang='grc' dir='ltr'>τοῦ’·μικροῦ</span> <span class='ocrx_word' id='word_1_670' title='bbox 1712 4772 1887 4829; x_wconf 74' lang='grc' dir='ltr'>Ζᾶϐα.</span> 
     </span>
    </p>
   </div>
   <div class='ocr_carea' id='block_1_93' title="bbox 320 4845 1902 4919">
    <p class='ocr_par' dir='ltr' id='par_1_93' title="bbox 320 4845 1902 4919">
     <span class='ocr_line' id='line_1_93' title="bbox 320 4845 1902 4919; baseline -0.004 -17"><span class='ocrx_word' id='word_1_671' title='bbox 320 4848 535 4919; x_wconf 78' lang='lat' dir='ltr'><strong>Quippe</strong></span> <span class='ocrx_word' id='word_1_672' title='bbox 559 4845 819 4903; x_wconf 77' lang='lat' dir='ltr'><strong>exstitere</strong></span> <span class='ocrx_word' id='word_1_673' title='bbox 851 4846 961 4919; x_wconf 80' lang='lat' dir='ltr'><strong>duo</strong></span> <span class='ocrx_word' id='word_1_674' title='bbox 1000 4846 1054 4900; x_wconf 91' lang='lat' dir='ltr'><strong>in</strong></span> <span class='ocrx_word' id='word_1_675' title='bbox 1086 4846 1319 4919; x_wconf 68' lang='lat' dir='ltr'><strong>Perside</strong></span> <span class='ocrx_word' id='word_1_676' title='bbox 1340 4845 1501 4919; x_wconf 88' lang='lat' dir='ltr'><strong>_lluvii</strong></span> <span class='ocrx_word' id='word_1_677' title='bbox 1531 4845 1636 4919; x_wconf 82' lang='lat' dir='ltr'><strong>hac</strong></span> <span class='ocrx_word' id='word_1_678' title='bbox 1666 4859 1902 4919; x_wconf 76' lang='lat' dir='ltr'><strong>nomen-</strong></span> 
     </span>
    </p>
   </div>
   <div class='ocr_carea' id='block_1_94' title="bbox 318 4913 1905 4988">
    <p class='ocr_par' dir='ltr' id='par_1_94' title="bbox 318 4913 1905 4988">
     <span class='ocr_line' id='line_1_94' title="bbox 318 4913 1905 4988; baseline -0.001 -15"><span class='ocrx_word' id='word_1_679' title='bbox 318 4913 565 4988; x_wconf 73' lang='lat' dir='ltr'><strong>clatura,</strong></span> <span class='ocrx_word' id='word_1_680' title='bbox 597 4932 828 4988; x_wconf 89' lang='lat' dir='ltr'><strong>quorum</strong></span> <span class='ocrx_word' id='word_1_681' title='bbox 863 4916 1008 4988; x_wconf 67' lang='lat' dir='ltr'><strong>alter</strong></span> <span class='ocrx_word' id='word_1_682' title='bbox 1032 4915 1206 4988; x_wconf 81' lang='grc' dir='ltr'>μέγας</span> <span class='ocrx_word' id='word_1_683' title='bbox 1247 4916 1463 4988; x_wconf 80' lang='grc' dir='ltr'>Ζάϐαν,</span> <span class='ocrx_word' id='word_1_684' title='bbox 1514 4915 1658 4988; x_wconf 61' lang='lat' dir='ltr'><strong>alter</strong></span> <span class='ocrx_word' id='word_1_685' title='bbox 1707 4913 1905 4988; x_wconf 65' lang='grc' dir='ltr'>μικρὸς</span> 
     </span>
    </p>
   </div>
   <div class='ocr_carea' id='block_1_95' title="bbox 319 4984 1895 5059">
    <p class='ocr_par' dir='ltr' id='par_1_95' title="bbox 319 4984 1895 5059">
     <span class='ocr_line' id='line_1_95' title="bbox 319 4984 1895 5059; baseline -0.003 -17"><span class='ocrx_word' id='word_1_686' title='bbox 319 4987 503 5043; x_wconf 83' lang='grc' dir='ltr'>Ζάϐαν</span> <span class='ocrx_word' id='word_1_687' title='bbox 530 4984 923 5059; x_wconf 69' lang='lat' dir='ltr'><strong>appellabatur.</strong></span> <span class='ocrx_word' id='word_1_688' title='bbox 966 4984 1263 5059; x_wconf 75' lang='lat' dir='ltr'><strong>Utriusque</strong></span> <span class='ocrx_word' id='word_1_689' title='bbox 1306 4984 1557 5040; x_wconf 89' lang='lat' dir='ltr'><strong>meminit</strong></span> <span class='ocrx_word' id='word_1_690' title='bbox 1598 4984 1895 5059; x_wconf 74' lang='lat' dir='ltr'><strong>Theopha-</strong></span> 
     </span>
    </p>
   </div>
   <div class='ocr_carea' id='block_1_96' title="bbox 318 5054 1896 5128">
    <p class='ocr_par' dir='ltr' id='par_1_96' title="bbox 318 5054 1896 5128">
     <span class='ocr_line' id='line_1_96' title="bbox 318 5054 1896 5128; baseline -0.003 -15"><span class='ocrx_word' id='word_1_691' title='bbox 318 5075 441 5123; x_wconf 89' lang='lat' dir='ltr'><strong>nes,</strong></span> <span class='ocrx_word' id='word_1_692' title='bbox 482 5068 539 5113; x_wconf 89' lang='lat' dir='ltr'><strong>et</strong></span> <span class='ocrx_word' id='word_1_693' title='bbox 566 5054 640 5113; x_wconf 72' lang='lat' dir='ltr'><strong>ex</strong></span> <span class='ocrx_word' id='word_1_694' title='bbox 671 5072 738 5113; x_wconf 90' lang='lat' dir='ltr'><strong>eo</strong></span> <span class='ocrx_word' id='word_1_695' title='bbox 767 5054 1022 5128; x_wconf 5' lang='lat' dir='ltr'><strong>Symeonp</strong></span> <span class='ocrx_word' id='word_1_696' title='bbox 1046 5054 1344 5126; x_wconf 83' lang='lat' dir='ltr'><strong>LogOtheta</strong></span> <span class='ocrx_word' id='word_1_697' title='bbox 1390 5070 1536 5128; x_wconf 82' lang='lat' dir='ltr'><strong>anno</strong></span> <span class='ocrx_word' id='word_1_698' title='bbox 1559 5071 1672 5128; x_wconf 62' lang='lat' dir='ltr'><strong>XVI]</strong></span> <span class='ocrx_word' id='word_1_699' title='bbox 1726 5054 1896 5128; x_wconf 75' lang='lat' dir='ltr'><strong>Hera-</strong></span> 
     </span>
    </p>
   </div>
   <div class='ocr_carea' id='block_1_97' title="bbox 318 5124 1892 5253">
    <p class='ocr_par' dir='ltr' id='par_1_97' title="bbox 318 5124 1892 5253">
     <span class='ocr_line' id='line_1_97' title="bbox 318 5124 1892 5198; baseline -0.003 -15"><span class='ocrx_word' id='word_1_700' title='bbox 318 5129 431 5183; x_wconf 89' lang='lat' dir='ltr'><strong>clii.</strong></span> <span class='ocrx_word' id='word_1_701' title='bbox 462 5129 599 5184; x_wconf 84' lang='lat' dir='ltr'><strong>Vide</strong></span> <span class='ocrx_word' id='word_1_702' title='bbox 626 5124 885 5198; x_wconf 62' lang='lat' dir='ltr'><strong>praterea</strong></span> <span class='ocrx_word' id='word_1_703' title='bbox 916 5124 1226 5182; x_wconf 81' lang='lat' dir='ltr'><strong>Cedrenum</strong></span> <span class='ocrx_word' id='word_1_704' title='bbox 1250 5168 1265 5193; x_wconf 91' lang='lat'><strong>,</strong></span> <span class='ocrx_word' id='word_1_705' title='bbox 1294 5142 1349 5197; x_wconf 91' lang='lat' dir='ltr'><strong>p.</strong></span> <span class='ocrx_word' id='word_1_706' title='bbox 1378 5126 1507 5193; x_wconf 76' lang='grc'>417,</span> <span class='ocrx_word' id='word_1_707' title='bbox 1539 5133 1595 5181; x_wconf 90' lang='lat' dir='ltr'><strong>et</strong></span> <span class='ocrx_word' id='word_1_708' title='bbox 1626 5124 1892 5182; x_wconf 89' lang='lat' dir='ltr'><strong>Ortelium</strong></span> 
     </span>
     <span class='ocr_line' id='line_1_98' title="bbox 318 5197 671 5253; baseline 0 0"><span class='ocrx_word' id='word_1_709' title='bbox 318 5197 376 5253; x_wconf 85' lang='lat' dir='ltr'><strong>in</strong></span> <span class='ocrx_word' id='word_1_710' title='bbox 412 5197 671 5253; x_wconf 73' lang='lat' dir='ltr'><strong>Zabatus.</strong></span> 
     </span>
    </p>
   </div>
   <div class='ocr_carea' id='block_1_98' title="bbox 317 5208 671 5255">
    <p class='ocr_par' dir='ltr' id='par_1_98' title="bbox 317 5208 671 5255">
     <span class='ocr_line' id='line_1_99' title="bbox 317 5208 671 5255; baseline -0.006 0"><span class='ocrx_word' id='word_1_711' title='bbox 317 5208 376 5255; x_wconf 82' lang='lat' dir='ltr'><strong>tn</strong></span> <span class='ocrx_word' id='word_1_712' title='bbox 412 5208 671 5253; x_wconf 62' lang='lat' dir='ltr'><strong>latratus.</strong></span> 
     </span>
    </p>
   </div>
   <div class='ocr_carea' id='block_1_99' title="bbox 390 5263 1892 5340">
    <p class='ocr_par' dir='ltr' id='par_1_99' title="bbox 390 5263 1892 5340">
     <span class='ocr_line' id='line_1_100' title="bbox 390 5263 1892 5340; baseline -0.005 -15"><span class='ocrx_word' id='word_1_713' title='bbox 390 5269 507 5340; x_wconf 74' lang='grc'><strong>(54)</strong></span> <span class='ocrx_word' id='word_1_714' title='bbox 544 5266 884 5332; x_wconf 79' lang='grc' dir='ltr'><strong>Κανζὰκων.</strong></span> <span class='ocrx_word' id='word_1_715' title='bbox 928 5266 1210 5333; x_wconf 78' lang='grc' dir='ltr'>Γαύζακον</span> <span class='ocrx_word' id='word_1_716' title='bbox 1244 5266 1444 5338; x_wconf 85' lang='lat' dir='ltr'><strong>Georg.</strong></span> <span class='ocrx_word' id='word_1_717' title='bbox 1495 5265 1797 5321; x_wconf 89' lang='lat' dir='ltr'><strong>monachus</strong></span> <span class='ocrx_word' id='word_1_718' title='bbox 1836 5263 1892 5318; x_wconf 92' lang='lat' dir='ltr'><strong>in</strong></span> 
     </span>
    </p>
   </div>
   <div class='ocr_carea' id='block_1_100' title="bbox 2007 4558 3593 4631">
    <p class='ocr_par' dir='ltr' id='par_1_100' title="bbox 2007 4558 3593 4631">
     <span class='ocr_line' id='line_1_101' title="bbox 2007 4558 3593 4631; baseline -0.006 -13"><span class='ocrx_word' id='word_1_719' title='bbox 2007 4563 2292 4619; x_wconf 88' lang='lat' dir='ltr'><strong>Cedrenus</strong></span> <span class='ocrx_word' id='word_1_720' title='bbox 2323 4578 2470 4617; x_wconf 91' lang='lat' dir='ltr'><strong>anno</strong></span> <span class='ocrx_word' id='word_1_721' title='bbox 2500 4577 2597 4617; x_wconf 88' lang='lat' dir='ltr'><strong>xm</strong></span> <span class='ocrx_word' id='word_1_722' title='bbox 2628 4568 2685 4615; x_wconf 92' lang='lat' dir='ltr'><strong>et</strong></span> <span class='ocrx_word' id='word_1_723' title='bbox 2712 4577 2856 4627; x_wconf 85' lang='lat' dir='ltr'><strong>xvn,</strong></span> <span class='ocrx_word' id='word_1_724' title='bbox 2911 4559 3070 4615; x_wconf 86' lang='grc' dir='ltr'>πόλιν</span> <span class='ocrx_word' id='word_1_725' title='bbox 3114 4561 3174 4615; x_wconf 87' lang='grc' dir='ltr'><strong>ἐν</strong></span> <span class='ocrx_word' id='word_1_726' title='bbox 3221 4561 3286 4631; x_wconf 77' lang='grc' dir='ltr'>τῇ</span> <span class='ocrx_word' id='word_1_727' title='bbox 3335 4558 3593 4630; x_wconf 76' lang='grc' dir='ltr'>’Δνατολῇ</span> 
     </span>
    </p>
   </div>
   <div class='ocr_carea' id='block_1_101' title="bbox 1968 4631 2807 4713">
    <p class='ocr_par' dir='ltr' id='par_1_101' title="bbox 1968 4631 2807 4713">
     <span class='ocr_line' id='line_1_102' title="bbox 1968 4631 2807 4713; baseline -0.002 -26"><span class='ocrx_word' id='word_1_728' title='bbox 1968 4674 1971 4677; x_wconf 51' lang='grc' dir='ltr'><strong>ι</strong></span> <span class='ocrx_word' id='word_1_729' title='bbox 2004 4633 2303 4713; x_wconf 45' lang='lat' dir='ltr'><strong>Tuidich</strong></span> <span class='ocrx_word' id='word_1_730' title='bbox 2323 4631 2546 4713; x_wconf 79' lang='lat' dir='ltr'><strong>Sim_eo_n</strong></span> <span class='ocrx_word' id='word_1_731' title='bbox 2574 4631 2807 4713; x_wconf 61' lang='lat' dir='ltr'><strong>Logoth:</strong></span> 
     </span>
    </p>
   </div>
   <div class='ocr_carea' id='block_1_102' title="bbox 2077 4698 3593 4772">
    <p class='ocr_par' dir='ltr' id='par_1_102' title="bbox 2077 4698 3593 4772">
     <span class='ocr_line' id='line_1_103' title="bbox 2077 4698 3593 4772; baseline -0.003 -15"><span class='ocrx_word' id='word_1_732' title='bbox 2077 4704 2192 4772; x_wconf 85' lang='grc'><strong>(55)</strong></span> <span class='ocrx_word' id='word_1_733' title='bbox 2217 4698 2340 4769; x_wconf 71' lang='grc' dir='ltr'><strong>Ἐἰς</strong></span> <span class='ocrx_word' id='word_1_734' title='bbox 2388 4704 2455 4757; x_wconf 83' lang='grc' dir='ltr'>τὸ</span> <span class='ocrx_word' id='word_1_735' title='bbox 2497 4698 2733 4771; x_wconf 81' lang='grc' dir='ltr'><strong>Ἀρμᾶν.</strong></span> <span class='ocrx_word' id='word_1_736' title='bbox 2788 4701 2935 4757; x_wconf 87' lang='lat' dir='ltr'><strong>Idem</strong></span> <span class='ocrx_word' id='word_1_737' title='bbox 2982 4698 3204 4772; x_wconf 79' lang='lat' dir='ltr'><strong>videtur</strong></span> <span class='ocrx_word' id='word_1_738' title='bbox 3256 4698 3399 4772; x_wconf 78' lang='lat' dir='ltr'><strong>quod</strong></span> <span class='ocrx_word' id='word_1_739' title='bbox 3454 4698 3593 4752; x_wconf 81' lang='lat' dir='ltr'><strong>infra</strong></span> 
     </span>
    </p>
   </div>
   <div class='ocr_carea' id='block_1_103' title="bbox 1946 4769 3593 4845">
    <p class='ocr_par' dir='ltr' id='par_1_103' title="bbox 1946 4769 3593 4845">
     <span class='ocr_line' id='line_1_104' title="bbox 1946 4769 3593 4845; baseline -0.003 -17"><span class='ocrx_word' id='word_1_740' title='bbox 1946 4782 1958 4795; x_wconf 87' lang='lat'><strong><em>&#39;</em></strong></span> <span class='ocrx_word' id='word_1_741' title='bbox 2004 4769 2233 4845; x_wconf 57' lang='lat' dir='ltr'><strong>Eadev</strong></span> <span class='ocrx_word' id='word_1_742' title='bbox 2266 4774 2470 4830; x_wconf 89' lang='lat' dir='ltr'><strong>dicitur</strong></span> <span class='ocrx_word' id='word_1_743' title='bbox 2498 4791 2511 4826; x_wconf 93' lang='lat'><strong>:</strong></span> <span class='ocrx_word' id='word_1_744' title='bbox 2552 4769 2753 4827; x_wconf 72' lang='lat' dir='ltr'><strong>ﬂuvius</strong></span> <span class='ocrx_word' id='word_1_745' title='bbox 2787 4772 2950 4845; x_wconf 11' lang='lat' dir='ltr'><strong>forte;</strong></span> <span class='ocrx_word' id='word_1_746' title='bbox 2972 4770 3179 4845; x_wconf 58' lang='lat' dir='ltr'><strong>‘Ap§d_§</strong></span> <span class='ocrx_word' id='word_1_747' title='bbox 3222 4769 3527 4845; x_wconf 66' lang='lat' dir='ltr'><strong>appellatus</strong></span> <span class='ocrx_word' id='word_1_748' title='bbox 3562 4788 3593 4823; x_wconf 70' lang='grc' dir='ltr'><strong>ει</strong></span> 
     </span>
    </p>
   </div>
   <div class='ocr_carea' id='block_1_104' title="bbox 2006 4838 3594 4915">
    <p class='ocr_par' dir='ltr' id='par_1_104' title="bbox 2006 4838 3594 4915">
     <span class='ocr_line' id='line_1_105' title="bbox 2006 4838 3594 4915; baseline -0.003 -18"><span class='ocrx_word' id='word_1_749' title='bbox 2006 4838 2341 4915; x_wconf 62' lang='lat' dir='ltr'><strong>Theophane</strong></span> <span class='ocrx_word' id='word_1_750' title='bbox 2366 4861 2497 4915; x_wconf 89' lang='lat' dir='ltr'><strong>ann.</strong></span> <span class='ocrx_word' id='word_1_751' title='bbox 2534 4860 2682 4915; x_wconf 66' lang='lat' dir='ltr'><strong>xv&quot;,</strong></span> <span class='ocrx_word' id='word_1_752' title='bbox 2700 4859 2827 4915; x_wconf 89' lang='lat' dir='ltr'><strong>pag.</strong></span> <span class='ocrx_word' id='word_1_753' title='bbox 2855 4842 2982 4907; x_wconf 75' lang='grc'><strong>270,</strong></span> <span class='ocrx_word' id='word_1_754' title='bbox 3008 4838 3103 4911; x_wconf 87' lang='lat' dir='ltr'><strong>qui</strong></span> <span class='ocrx_word' id='word_1_755' title='bbox 3130 4840 3360 4911; x_wconf 77' lang='grc' dir='ltr'>Ναρϐἀς</span> <span class='ocrx_word' id='word_1_756' title='bbox 3392 4838 3594 4895; x_wconf 89' lang='lat' dir='ltr'><strong>dicitur</strong></span> 
     </span>
    </p>
   </div>
   <div class='ocr_carea' id='block_1_105' title="bbox 2007 4912 3001 4986">
    <p class='ocr_par' dir='ltr' id='par_1_105' title="bbox 2007 4912 3001 4986">
     <span class='ocr_line' id='line_1_106' title="bbox 2007 4912 3001 4986; baseline -0.001 -19"><span class='ocrx_word' id='word_1_757' title='bbox 2007 4912 2261 4986; x_wconf 58' lang='lat' dir='ltr'><strong>Syme&#39;oni</strong></span> <span class='ocrx_word' id='word_1_758' title='bbox 2296 4914 2525 4986; x_wconf 89' lang='lat' dir='ltr'><strong>Logotb.</strong></span> <span class='ocrx_word' id='word_1_759' title='bbox 2560 4914 2615 4968; x_wconf 91' lang='lat' dir='ltr'><strong>in</strong></span> <span class='ocrx_word' id='word_1_760' title='bbox 2649 4912 2859 4986; x_wconf 65' lang='lat' dir='ltr'><strong>Chron.</strong></span> <span class='ocrx_word' id='word_1_761' title='bbox 2894 4927 3001 4986; x_wconf 69' lang='lat' dir='ltr'><strong>ms.</strong></span> 
     </span>
    </p>
   </div>
   <div class='ocr_carea' id='block_1_106' title="bbox 2077 4978 3593 5049">
    <p class='ocr_par' dir='ltr' id='par_1_106' title="bbox 2077 4978 3593 5049">
     <span class='ocr_line' id='line_1_107' title="bbox 2077 4978 3593 5049; baseline -0.009 -9"><span class='ocrx_word' id='word_1_762' title='bbox 2077 4985 2191 5049; x_wconf 83' lang='lat'><strong>(56)</strong></span> <span class='ocrx_word' id='word_1_763' title='bbox 2231 4978 2706 5039; x_wconf 61' lang='grc' dir='ltr'>Γουῧδάνασπα.</span> <span class='ocrx_word' id='word_1_764' title='bbox 2759 4982 2862 5048; x_wconf 85' lang='lat' dir='ltr'><strong>Qui</strong></span> <span class='ocrx_word' id='word_1_765' title='bbox 2907 4978 3312 5044; x_wconf 84' lang='grc' dir='ltr'>Γουνδαϐούνας</span> <span class='ocrx_word' id='word_1_766' title='bbox 3338 4988 3393 5034; x_wconf 83' lang='lat' dir='ltr'><strong>et</strong></span> <span class='ocrx_word' id='word_1_767' title='bbox 3427 4979 3593 5032; x_wconf 88' lang='grc' dir='ltr'>Γουν-</span> 
     </span>
    </p>
   </div>
   <div class='ocr_carea' id='block_1_107' title="bbox 2002 5049 3590 5122">
    <p class='ocr_par' dir='ltr' id='par_1_107' title="bbox 2002 5049 3590 5122">
     <span class='ocr_line' id='line_1_108' title="bbox 2002 5049 3590 5122; baseline -0.003 -13"><span class='ocrx_word' id='word_1_768' title='bbox 2002 5054 2274 5119; x_wconf 81' lang='grc' dir='ltr'>δαϐουζᾶς</span> <span class='ocrx_word' id='word_1_769' title='bbox 2300 5054 2503 5110; x_wconf 89' lang='lat' dir='ltr'><strong>dicitur</strong></span> <span class='ocrx_word' id='word_1_770' title='bbox 2534 5052 2856 5122; x_wconf 83' lang='lat' dir='ltr'><strong>Theophani</strong></span> <span class='ocrx_word' id='word_1_771' title='bbox 2904 5066 3049 5106; x_wconf 90' lang='lat' dir='ltr'><strong>anno</strong></span> <span class='ocrx_word' id='word_1_772' title='bbox 3087 5067 3196 5107; x_wconf 87' lang='lat' dir='ltr'><strong>xvu</strong></span> <span class='ocrx_word' id='word_1_773' title='bbox 3225 5091 3241 5116; x_wconf 92' lang='lat'><strong>,</strong></span> <span class='ocrx_word' id='word_1_774' title='bbox 3290 5066 3428 5122; x_wconf 89' lang='lat' dir='ltr'><strong>pag._</strong></span> <span class='ocrx_word' id='word_1_775' title='bbox 3460 5049 3590 5122; x_wconf 62' lang='lat'><strong>370,</strong></span> 
     </span>
    </p>
   </div>
   <div class='ocr_carea' id='block_1_108' title="bbox 2005 5119 3590 5191">
    <p class='ocr_par' dir='ltr' id='par_1_108' title="bbox 2005 5119 3590 5191">
     <span class='ocr_line' id='line_1_109' title="bbox 2005 5119 3590 5191; baseline -0.005 -11"><span class='ocrx_word' id='word_1_776' title='bbox 2005 5126 2097 5181; x_wconf 93' lang='lat' dir='ltr'><strong>ubi</strong></span> <span class='ocrx_word' id='word_1_777' title='bbox 2149 5125 2347 5180; x_wconf 89' lang='lat' dir='ltr'><strong>similia</strong></span> <span class='ocrx_word' id='word_1_778' title='bbox 2396 5124 2583 5188; x_wconf 81' lang='lat' dir='ltr'><strong>refert,</strong></span> <span class='ocrx_word' id='word_1_779' title='bbox 2632 5119 2884 5177; x_wconf 80' lang='lat' dir='ltr'><strong>Cédreno</strong></span> <span class='ocrx_word' id='word_1_780' title='bbox 2931 5138 3064 5179; x_wconf 91' lang='lat' dir='ltr'><strong>vero</strong></span> <span class='ocrx_word' id='word_1_781' title='bbox 3126 5119 3590 5191; x_wconf 80' lang='grc' dir='ltr'>Γουνουφοῦνδος,</span> 
     </span>
    </p>
   </div>
   <div class='ocr_carea' id='block_1_109' title="bbox 2004 5194 2286 5268">
    <p class='ocr_par' dir='ltr' id='par_1_109' title="bbox 2004 5194 2286 5268">
     <span class='ocr_line' id='line_1_110' title="bbox 2004 5194 2286 5268; baseline 0.004 -18"><span class='ocrx_word' id='word_1_782' title='bbox 2004 5212 2127 5268; x_wconf 83' lang='lat' dir='ltr'><strong>pag.</strong></span> <span class='ocrx_word' id='word_1_783' title='bbox 2160 5194 2286 5251; x_wconf 73' lang='grc'><strong>419.</strong></span> 
     </span>
    </p>
   </div>
   <div class='ocr_carea' id='block_1_110' title="bbox 1640 5438 2317 5496">
    <p class='ocr_par' dir='ltr' id='par_1_110' title="bbox 1640 5438 2317 5496">
     <span class='ocr_line' id='line_1_111' title="bbox 1640 5438 2317 5496; baseline -0.001 -1"><span class='ocrx_word' id='word_1_784' title='bbox 1640 5439 1869 5495; x_wconf 66' lang='lat' dir='ltr'><strong>VARI/1‘3</strong></span> <span class='ocrx_word' id='word_1_785' title='bbox 1909 5438 2317 5496; x_wconf 78' lang='lat' dir='ltr'><strong>LECTIONES.</strong></span> 
     </span>
    </p>
   </div>
   <div class='ocr_carea' id='block_1_111' title="bbox 394 5582 1570 5657">
    <p class='ocr_par' dir='ltr' id='par_1_111' title="bbox 394 5582 1570 5657">
     <span class='ocr_line' id='line_1_112' title="bbox 394 5582 1570 5657; baseline -0.003 -14"><span class='ocrx_word' id='word_1_786' title='bbox 394 5585 699 5657; x_wconf 69' lang='lat' dir='ltr'><strong>&quot;Xoapdov</strong></span> <span class='ocrx_word' id='word_1_787' title='bbox 721 5584 783 5651; x_wconf 90' lang='lat' dir='ltr'><strong>P,</strong></span> <span class='ocrx_word' id='word_1_788' title='bbox 812 5599 968 5657; x_wconf 81' lang='lat' dir='ltr'><strong>eraso</strong></span> <span class='ocrx_word' id='word_1_789' title='bbox 982 5582 1025 5657; x_wconf 68' lang='lat'><strong><em>§</em></strong></span> <span class='ocrx_word' id='word_1_790' title='bbox 1046 5582 1111 5637; x_wconf 75' lang='grc' dir='ltr'><strong>γ.</strong></span> <span class='ocrx_word' id='word_1_791' title='bbox 1161 5584 1475 5657; x_wconf 30' lang='grc' dir='ltr'><strong>,νξ-ὶςαλχάς</strong></span> <span class='ocrx_word' id='word_1_792' title='bbox 1509 5584 1570 5639; x_wconf 86' lang='lat' dir='ltr'><strong>P.</strong></span> 
     </span>
    </p>
   </div>
   <div class='ocr_carea' id='block_1_112' title="bbox 317 5651 1043 5726">
    <p class='ocr_par' dir='ltr' id='par_1_112' title="bbox 317 5651 1043 5726">
     <span class='ocr_line' id='line_1_113' title="bbox 317 5651 1043 5726; baseline -0.018 -9"><span class='ocrx_word' id='word_1_793' title='bbox 317 5676 423 5717; x_wconf 77' lang='grc' dir='ltr'><strong>καν</strong></span> <span class='ocrx_word' id='word_1_794' title='bbox 443 5658 505 5713; x_wconf 82' lang='lat' dir='ltr'><strong>P.</strong></span> <span class='ocrx_word' id='word_1_795' title='bbox 575 5651 956 5726; x_wconf 49' lang='grc' dir='ltr'>δ’,ἀσηκρῆτις</span> <span class='ocrx_word' id='word_1_796' title='bbox 982 5651 1043 5726; x_wconf 79' lang='lat' dir='ltr'><strong>P.</strong></span> 
     </span>
    </p>
   </div>
   <div class='ocr_carea' id='block_1_113' title="bbox 318 5725 1560 5801">
    <p class='ocr_par' dir='ltr' id='par_1_113' title="bbox 318 5725 1560 5801">
     <span class='ocr_line' id='line_1_114' title="bbox 318 5725 1560 5801; baseline -0.005 -16"><span class='ocrx_word' id='word_1_797' title='bbox 318 5741 441 5801; x_wconf 72' lang='lat' dir='ltr'><strong>post</strong></span> <span class='ocrx_word' id='word_1_798' title='bbox 467 5725 1149 5801; x_wconf 42' lang='grc' dir='ltr'>εὐτυχεστάτουυδμιιριοῐλς</span> <span class='ocrx_word' id='word_1_799' title='bbox 1180 5725 1560 5795; x_wconf 72' lang='grc' dir='ltr'>στρατοπέδου.</span> 
     </span>
    </p>
   </div>
   <div class='ocr_carea' id='block_1_114' title="bbox 319 5786 1153 5869">
    <p class='ocr_par' dir='ltr' id='par_1_114' title="bbox 319 5786 1153 5869">
     <span class='ocr_line' id='line_1_115' title="bbox 319 5786 1153 5869; baseline -0.012 -15"><span class='ocrx_word' id='word_1_800' title='bbox 319 5786 690 5869; x_wconf 67' lang='grc' dir='ltr'><strong>ἓξέϐα).).ον”1’.</strong></span> <span class='ocrx_word' id='word_1_801' title='bbox 805 5798 821 5825; x_wconf 79' lang='grc'>⁷</span> <span class='ocrx_word' id='word_1_802' title='bbox 852 5786 1065 5864; x_wconf 70' lang='grc' dir='ltr'>Ιιέρσαν</span> <span class='ocrx_word' id='word_1_803' title='bbox 1095 5791 1153 5845; x_wconf 84' lang='grc' dir='ltr'><strong>Ρ.</strong></span> 
     </span>
    </p>
   </div>
   <div class='ocr_carea' id='block_1_115' title="bbox 1680 5580 2207 5653">
    <p class='ocr_par' dir='ltr' id='par_1_115' title="bbox 1680 5580 2207 5653">
     <span class='ocr_line' id='line_1_116' title="bbox 1680 5580 2207 5653; baseline 0 -18"><span class='ocrx_word' id='word_1_804' title='bbox 1680 5584 1729 5614; x_wconf 69' lang='grc'><strong>’³</strong></span> <span class='ocrx_word' id='word_1_805' title='bbox 1761 5582 2111 5653; x_wconf 75' lang='grc' dir='ltr'>φιλοχρίστην</span> <span class='ocrx_word' id='word_1_806' title='bbox 2150 5580 2207 5635; x_wconf 80' lang='grc' dir='ltr'><strong>Ρ.</strong></span> 
     </span>
    </p>
   </div>
   <div class='ocr_carea' id='block_1_116' title="bbox 1159 5649 2307 5778">
    <p class='ocr_par' dir='ltr' id='par_1_116' title="bbox 1159 5649 2307 5778">
     <span class='ocr_line' id='line_1_117' title="bbox 1159 5649 2307 5726; baseline -0.003 -19"><span class='ocrx_word' id='word_1_807' title='bbox 1159 5652 1174 5681; x_wconf 89' lang='grc'>¹</span> <span class='ocrx_word' id='word_1_808' title='bbox 1216 5649 1667 5726; x_wconf 62' lang='grc' dir='ltr'>Ἀξιωῇαρασνὰν</span> <span class='ocrx_word' id='word_1_809' title='bbox 1702 5649 1782 5715; x_wconf 52' lang='grc' dir='ltr'>νζ</span> <span class='ocrx_word' id='word_1_810' title='bbox 1811 5649 2221 5721; x_wconf 73' lang='grc' dir='ltr'>Ἀξιαμαράναν</span> <span class='ocrx_word' id='word_1_811' title='bbox 2249 5649 2307 5704; x_wconf 75' lang='grc'><strong>1).</strong></span> 
     </span>
     <span class='ocr_line' id='line_1_118' title="bbox 1180 5721 2307 5778; baseline -0.001 -3"><span class='ocrx_word' id='word_1_812' title='bbox 1180 5727 1560 5778; x_wconf 77' lang='grc' dir='ltr'>στρατοπέδου.</span> <span class='ocrx_word' id='word_1_813' title='bbox 1678 5724 1696 5755; x_wconf 70' lang='grc'>⁵</span> <span class='ocrx_word' id='word_1_814' title='bbox 1728 5724 1818 5776; x_wconf 73' lang='grc' dir='ltr'>τοῦ</span> <span class='ocrx_word' id='word_1_815' title='bbox 1845 5738 1955 5778; x_wconf 89' lang='lat' dir='ltr'><strong>om.</strong></span> <span class='ocrx_word' id='word_1_816' title='bbox 1995 5721 2055 5777; x_wconf 79' lang='grc' dir='ltr'><strong>Ρ.</strong></span> <span class='ocrx_word' id='word_1_817' title='bbox 2171 5722 2189 5751; x_wconf 86' lang='grc'><strong><em>⁵</em></strong></span> <span class='ocrx_word' id='word_1_818' title='bbox 2216 5723 2307 5775; x_wconf 70' lang='grc' dir='ltr'>καὶ</span> 
     </span>
    </p>
   </div>
   <div class='ocr_carea' id='block_1_117' title="bbox 2312 5574 3586 5649">
    <p class='ocr_par' dir='ltr' id='par_1_117' title="bbox 2312 5574 3586 5649">
     <span class='ocr_line' id='line_1_119' title="bbox 2312 5574 3586 5649; baseline 0.003 -19"><span class='ocrx_word' id='word_1_819' title='bbox 2312 5581 2357 5612; x_wconf 71' lang='grc'><strong>⁵⁸</strong></span> <span class='ocrx_word' id='word_1_820' title='bbox 2392 5581 2621 5649; x_wconf 67' lang='grc' dir='ltr'>ἤνεγκεν</span> <span class='ocrx_word' id='word_1_821' title='bbox 2653 5580 2711 5634; x_wconf 79' lang='grc' dir='ltr'><strong>Ρ.</strong></span> <span class='ocrx_word' id='word_1_822' title='bbox 2805 5581 2849 5612; x_wconf 77' lang='grc'><strong>⁸⁷</strong></span> <span class='ocrx_word' id='word_1_823' title='bbox 2872 5578 3143 5649; x_wconf 78' lang='grc' dir='ltr'>ἀπλεκτον</span> <span class='ocrx_word' id='word_1_824' title='bbox 3167 5576 3227 5630; x_wconf 76' lang='grc' dir='ltr'>γ.</span> <span class='ocrx_word' id='word_1_825' title='bbox 3304 5576 3357 5649; x_wconf 63' lang='grc' dir='ltr'><strong>’ξ</strong></span> <span class='ocrx_word' id='word_1_826' title='bbox 3374 5574 3586 5649; x_wconf 59' lang='grc' dir='ltr'>ἀπέδω·</span> 
     </span>
    </p>
   </div>
   <div class='ocr_carea' id='block_1_118' title="bbox 2422 5644 3582 5720">
    <p class='ocr_par' dir='ltr' id='par_1_118' title="bbox 2422 5644 3582 5720">
     <span class='ocr_line' id='line_1_120' title="bbox 2422 5644 3582 5720; baseline -0.004 -16"><span class='ocrx_word' id='word_1_827' title='bbox 2422 5644 2441 5683; x_wconf 54' lang='grc' dir='ltr'><strong>ί</strong></span> <span class='ocrx_word' id='word_1_828' title='bbox 2479 5644 2562 5704; x_wconf 71' lang='grc' dir='ltr'><strong>ὅτι</strong></span> <span class='ocrx_word' id='word_1_829' title='bbox 2591 5667 2703 5706; x_wconf 86' lang='lat' dir='ltr'><strong>0m.</strong></span> <span class='ocrx_word' id='word_1_830' title='bbox 2728 5650 2793 5705; x_wconf 69' lang='grc' dir='ltr'><strong>Ὺ.</strong></span> <span class='ocrx_word' id='word_1_831' title='bbox 2820 5666 2821 5669; x_wconf 80' lang='lat'>‘</span> <span class='ocrx_word' id='word_1_832' title='bbox 2873 5651 2893 5681; x_wconf 86' lang='grc'>³</span> <span class='ocrx_word' id='word_1_833' title='bbox 2925 5648 3156 5720; x_wconf 77' lang='grc' dir='ltr'>στρατοῦ</span> <span class='ocrx_word' id='word_1_834' title='bbox 3178 5662 3309 5720; x_wconf 41' lang='lat' dir='ltr'><strong>om.</strong></span> <span class='ocrx_word' id='word_1_835' title='bbox 3329 5646 3403 5720; x_wconf 55' lang='lat' dir='ltr'><strong>ii,</strong></span> <span class='ocrx_word' id='word_1_836' title='bbox 3430 5644 3483 5698; x_wconf 86' lang='lat' dir='ltr'><strong>in</strong></span> <span class='ocrx_word' id='word_1_837' title='bbox 3510 5663 3582 5720; x_wconf 59' lang='lat' dir='ltr'><strong>in.</strong></span> 
     </span>
    </p>
   </div>
   <div class='ocr_carea' id='block_1_119' title="bbox 2171 5714 3579 5789">
    <p class='ocr_par' dir='ltr' id='par_1_119' title="bbox 2171 5714 3579 5789">
     <span class='ocr_line' id='line_1_121' title="bbox 2171 5714 3579 5789; baseline -0.006 -14"><span class='ocrx_word' id='word_1_838' title='bbox 2171 5722 2189 5751; x_wconf 86' lang='lat'>&#39;</span> <span class='ocrx_word' id='word_1_839' title='bbox 2216 5723 2310 5775; x_wconf 72' lang='grc' dir='ltr'>καὶ</span> <span class='ocrx_word' id='word_1_840' title='bbox 2350 5737 2461 5776; x_wconf 90' lang='lat' dir='ltr'><strong>om.</strong></span> <span class='ocrx_word' id='word_1_841' title='bbox 2497 5722 2561 5789; x_wconf 73' lang='lat' dir='ltr'><strong>ll,</strong></span> <span class='ocrx_word' id='word_1_842' title='bbox 2594 5721 2749 5777; x_wconf 87' lang='lat' dir='ltr'><strong>uncis</strong></span> <span class='ocrx_word' id='word_1_843' title='bbox 2791 5714 3010 5775; x_wconf 77' lang='lat' dir='ltr'><strong>inclusit</strong></span> <span class='ocrx_word' id='word_1_844' title='bbox 3036 5719 3092 5774; x_wconf 72' lang='grc' dir='ltr'>ιι.</span> <span class='ocrx_word' id='word_1_845' title='bbox 3171 5719 3190 5749; x_wconf 79' lang='grc'><strong><em>⁸</em></strong></span> <span class='ocrx_word' id='word_1_846' title='bbox 3224 5714 3579 5781; x_wconf 67' lang='grc' dir='ltr'>ἐξέϐαλονσν,</span> 
     </span>
    </p>
   </div>
  </div>
