4092 6296
483 281 637 361 ,οῇ

1690 281 2126 347 CHRONICON
2178 283 2583 346 PASCHALE.

3623 286 3761 356 102i

493 406 644 455 tanta
673 397 729 453 in
753 395 862 454 illis
886 395 1022 454 locis
1057 410 1290 452 annonae
1332 395 1486 466 copia
1515 393 1826 460 deﬁciente,
1867 395 1922 449 in
1955 408 2068 447 ma-

2183 390 2473 462 πλησιάσαι
2499 395 2557 448 ὲν
2584 395 2694 458 τοῖς
2725 393 2952 468 μέρεσιν
2985 397 3218 461 ἐκείνοις
3255 398 3386 461 τοὺς
3415 395 3762 469 πρεσϐευτὰς

490 507 626 562 gnas
653 505 877 561 prorsus
922 488 1267 545 diﬂicultates
1314 489 1588 544 incidisset
1641 497 1828 544 noster
1855 486 2064 542 exerci-

492 592 598 638 tus.
650 582 726 637 Ex
776 597 886 652 quo
917 582 1064 636 enim
1114 596 1180 636 ex
1231 580 1495 637 Siarsuris
1543 592 1721 637 castra
1771 580 2063 646 movimus.

491 672 700 727 scilicet
729 688 760 726 a
789 688 910 726 xxxv
938 670 1219 726 Februarii
1249 671 1472 733 mensis.
1500 688 1670 742 usque
1695 673 1761 726 ad
1791 690 1899 728 xxx
1926 672 2066 736 Mare

491 763 550 816 tii
587 763 808 826 mensis,
837 762 1060 832 uingere
1087 777 1197 816 non
1228 763 1406 818 desiit.
1435 763 1656 828 Verum,
1689 765 1800 819 Deo
1821 765 2063 835 iuvante,

490 872 616 910 cum
645 856 699 909 in
721 855 1090 910 Canzacorum
1122 857 1396 927 regionem
1422 857 1783 921 venissemus,
1815 874 2065 930 magnam

449 954 825 1018 geonuneatus
853 947 1066 1014 copiam
1109 947 1437 1014 invenimus,
1473 958 1583 1002 tum
1614 951 1918 1014 hominum,
1951 959 2065 1006 tum

491 1052 792 1106 equorum:
823 1040 917 1094 sed
961 1049 1018 1094 et
1063 1041 1119 1094 in
1152 1041 1266 1110 ipsa
1291 1041 1663 1098 Canzacorum
1701 1044 1835 1100 urbe
1863 1045 2066 1099 mansi-

491 1145 630 1192 mus,
680 1139 759 1184 sat
812 1132 1009 1202 ampla,
1039 1149 1268 1202 quaeque
1306 1135 1496 1189 domos
1543 1144 1624 1189 ter
1657 1136 1802 1190 mille
1829 1137 2069 1206 compleo

478 1217 678 1280 .etitur,
719 1229 828 1274 tum
863 1221 1030 1276 etiam
1071 1223 1122 1276 in
1156 1223 1348 1278 vicinis
1382 1225 1531 1286 locis,
1569 1227 1642 1280 ita
1677 1235 1737 1282 ut
1764 1228 2070 1297 complures

467 1305 609 1360 dies
665 1325 772 1362 uno
825 1310 878 1364 in
934 1312 1053 1366 loco
1106 1316 1304 1369 morari
1350 1317 1510 1370 nobis
1539 1318 1771 1379 licuerit.
1806 1318 2070 1389 praecepi-

493 1414 722 1468 musque
759 1401 931 1472 copiis
969 1406 1170 1459 nostris
1208 1405 1772 1476 Cbrisli'amantibus,
1809 1420 1868 1466 ut
1901 1415 2070 1481 equos

494 1503 624 1546 suos
651 1489 709 1546 in
743 1493 896 1550 urbis
935 1495 1081 1551 aedes
1114 1509 1336 1566 propter
1368 1500 1519 1555 nives
1553 1501 1874 1572 ingruentes
1899 1504 2072 1559 dedu-

494 1591 704 1645 cerent,
740 1584 813 1638 ita
845 1595 904 1640 ut
931 1602 996 1640 ex
1029 1589 1294 1644 militibus
1325 1590 1518 1662 singuli
1542 1607 1740 1662 equum
1771 1594 1991 1650 unicum
2015 1596 2070 1650 in

495 1671 688 1724 castris
739 1685 1060 1731 servarent:
1112 1678 1355 1746 proxime
1399 1681 1543 1735 enim
1595 1682 1736 1740 banc
1781 1684 1968 1739 urbem
2009 1701 2071 1741 ea

497 1770 645 1816 sunt.
679 1761 1020 1821 Barismanas
1058 1769 1204 1823 enim
1228 1771 1377 1825 urbis
1403 1771 1794 1838 Canzacorum,
1818 1775 2073 1846 civesque

498 1850 642 1906 illius
686 1870 896 1920 omnes,
930 1866 988 1911 ut
1018 1869 1258 1916 montem
1299 1861 1490 1917 Zaram
1547 1879 1644 1920 nos
1668 1880 1955 1936 superasse
1990 1869 2076 1922 in-

502 1943 776 2011 tellexere,
831 1961 1200 2018 recesserunt,
1238 1969 1302 2010 ac
1352 1955 1407 2009 in
1459 1967 1676 2012 montes
1719 1968 1776 2013 et
1805 1959 1859 2012 in
1891 1961 2075 2014 muni-

501 2033 638 2089 tiora
669 2038 886 2092 castella
926 2041 1308 2114 confugerunt.
1356 2045 1426 2101 Ut
1459 2063 1589 2103 vero
1624 2050 1759 2105 duos
1785 2051 1906 2106 illos
1931 2053 2076 2108 viros

499 2137 530 2176 α
570 2122 737 2193 Syroe
787 2127 1072 2184 Persarum
1107 2149 1228 2204 rege
1263 2135 1456 2208 missos
1493 2139 1818 2208 recepimus,
1845 2143 2077 2208 alterum

497 2228 567 2290 ex
616 2215 701 2282 iis,
735 2217 952 2275 Persam
985 2224 1212 2288 scilicet,
1242 2242 1349 2281 una
1397 2243 1519 2283 cum
1553 2230 1674 2286 aliis
1708 2234 1774 2288 ad
1806 2235 2078 2290 Barisma-

501 2322 628 2362 nem
655 2309 1044 2379 Canzacorum,
1073 2317 1164 2387 qui
1194 2335 1223 2372 a
1263 2337 1330 2373 χι.
1357 2320 1677 2379 milliaribus
1701 2327 1910 2393 aberat,
1941 2338 1997 2383 et
2022 2331 2078 2390 in

503 2401 782 2455 munitum
830 2406 1114 2462 castellum
1164 2424 1222 2464 se
1271 2411 1589 2480 recluserat,
1630 2417 1896 2485 misimus,
1939 2420 2080 2480 datis

502 2490 570 2549 ad
603 2492 754 2548 illum
780 2496 1011 2563 .litteris,
1048 2501 1249 2570 quibus
1279 2506 1660 2575 mandabatur,
1695 2511 1772 2564 uti
1801 2528 1971 2582 equos
2004 2531 2079 2576 vn

504 2599 604 2654 pro
647 2585 856 2656 legatis,
885 2601 1120 2658 pararet,
1153 2609 1260 2664 quo
1299 2598 1557 2667 expedite
1598 2616 1663 2656 ac
1693 2603 1808 2660 sive
1839 2606 1946 2659 ullo
1975 2607 2081 2661 im-

491 2674 820 2742 pedimento
855 2680 922 2734 ad
963 2681 1156 2738 Siroen
1189 2701 1371 2758 regem
1402 2701 1626 2758 possent
1651 2694 1942 2763 proficisci.
1977 2697 2082 2752 Ba-

505 2764 774 2823 rismanas
805 2787 955 2836 vero,
991 2777 1229 2846 acceptis
1258 2779 1328 2832 ab
1360 2780 1687 2851 imperatore
1720 2786 1899 2842 missis
1937 2788 2084 2859 lega-

508 2857 598 2924 tis,
637 2863 948 2932 nostrisque
1002 2869 1173 2923 sacris
1205 2871 1424 2937 litteris,
1458 2884 1513 2929 et
1548 2877 1639 2945 qui
1685 2886 1796 2931 tum
1827 2894 1951 2934 cum
1991 2857 2084 2938 illo

504 2950 754 3018 aderant,
784 2971 885 3010 nos
906 2965 962 3011 et
986 2958 1178 3015 Siroen
1209 2960 1500 3020 Persarum
1527 2984 1729 3040 regem,
1763 2987 1860 3041 per
1887 2975 2086 3030 nmltas

508 3041 691 3110 horas,
732 3044 926 3104 faustis
967 3052 1446 3112 acclamationibus
1494 3059 1852 3132 laudibusque
1892 3081 2081 3135 prose—
2109 3079 2154 3142 α

506 3134 618 3188 cuti
650 3145 799 3191 sunt.
835 3141 872 3192 Α
927 3140 1100 3212 legato
1149 3145 1350 3216 quippe
1401 3150 1491 3203 illo
1524 3149 1702 3217 Persa,
1751 3134 2082 3223 perduellem

507 3225 601 3280 Dei
627 3226 903 3285 Chosroen
950 3235 1196 3302 periisse,
1230 3255 1521 3312 regemque
1555 3242 1745 3299 Siroen
1779 3248 2083 3316 proclama—

511 3326 623 3373 tum
669 3325 932 3380 certiores
967 3338 1124 3382 erant
1163 3330 1312 3386 facti.
1343 3334 1647 3406 Rescripsit
1689 3339 1886 3395 deinde
1925 3342 2086 3403 nobis

509 3407 652 3463 idem
708 3407 1068 3483 Barismanas,
1095 3435 1264 3489 equos
1295 3439 1373 3489 se,
1411 3426 1552 3482 sicut
1603 3444 1633 3483 a
1670 3431 1827 3486 nobis
1859 3433 2084 3488 manda-

513 3509 624 3555 tum
668 3504 862 3573 fuerat,
917 3510 1263 3582 instruxisse,
1305 3527 1517 3573 etcum
1568 3521 1790 3578 alteram
1843 3535 2084 3581 nostram

506 3591 822 3676 iussionem.
849 3604 1138 3670 acceperit,
1187 3621 1292 3673 qua
1333 3608 1630 3678 legatorum
1675 3614 1942 3670 adventus
1981 3618 2086 3674 sibi

513 3683 930 3753 signiﬁcaretur,
958 3707 1017 3746 se
1048 3699 1448 3766 quamprimum
1487 3703 1554 3757 ad
1583 3718 1684 3758 nos
1713 3721 2083 3777 accessurum,

513 3775 774 3844 equisque
805 3780 1091 3837 confestim
1118 3786 1386 3852 adductis,
1421 3789 1593 3846 oﬂicia
1629 3809 1725 3848 sua
1759 3775 2087 3867 servitiaque

517 3864 702 3938 omnia
745 3869 1136 3953 prmstiturum.
1171 3876 1306 3930 Cum
1347 3879 1508 3951 igitur
1537 3882 1588 3936 in
1621 3883 1812 3941 iisdem
1847 3888 1912 3943 ad
1942 3864 2086 3944 Gan-

515 3971 641 4012 zaca
669 3959 862 4029 positis
881 3966 1073 4021 castris
1095 3983 1340 4025 essemus
1361 3976 1556 4030 morati
1577 3992 1746 4046 usque
1764 3980 1830 4034 ad
1853 3998 1912 4037 ut
1936 3999 2089 4038 men-

466 4057 472 4062 '
513 4047 592 4101 sis
621 4047 822 4119 Aprilis
848 4053 1012 4128 diem,
1043 4059 1134 4128 qui
1164 4059 1217 4113 in
1257 4061 1592 4120 Dominicam
1623 4068 1832 4137 incidit,
1868 4074 2090 4129 advenit

515 4138 780 4198 l‘baiacus
807 4147 914 4216 regi
960 4148 1006 4201 A
1033 4150 1288 4219 Secretis,
1319 4155 1408 4224 qui
1440 4164 1496 4210 et
1530 4157 1748 4215 Rharna
1773 4148 2086 4233 vocabatur,

514 4231 657 4286 circa
703 4234 890 4290 horam
926 4240 1240 4308 secundam,
1277 4245 1639 4316 eamdemque
1666 4249 1767 4304 hac
1807 4251 1921 4320 ipsa
1957 4231 2091 4310 hora

513 4328 849 4398 mcepimus,
884 4330 1078 4386 litteris
1124 4349 1154 4387 a
1207 4335 1404 4391 Cabata
1463 4337 1618 4394 Siroe
1666 4342 2091 4403 clementissimo

2166 485 2294 547 τοὺς
2342 484 2692 555 πεμφθέντας
2736 487 2844 541 ἀπὸ
2890 489 3133 560 Σειροίου
3180 489 3278 544 τοῦ
3317 490 3606 560 βασιλέως,
3634 492 3763 546 ἀλλ’

2167 576 2250 630 ὅτι
2293 577 2358 629 ἐκ
2383 576 2476 630 τοῦ
2509 578 2684 657 μέγαν
2724 580 2968 650 χειμῶνα
2997 582 3251 649 γενέσθαι
3283 582 3387 636 οὐκ
3414 583 3764 653 ἠδυνήθησαν

2169 665 2473 735 ὑπερϐῆναι
2503 669 2562 720 τὸ
2593 668 2720 738 ὅρος
2743 669 2836 722 τοῦ
2866 672 3036 740 Ζᾶρα.
3068 673 3178 726 Καὶ
3206 674 3270 726 ἐκ
3295 671 3487 728 τούτου
3516 671 3764 743 ἔγνωμεν

2167 757 2328 826 ἡμεῖς
2367 758 2462 812 καὶ
2495 759 2696 823 πάντες
2723 761 2772 813 al
2799 760 2908 815 τῶν
2941 763 3302 834 φιλοχρίστων
3328 764 3490 835 ἡμῶν
3523 767 3764 835 ἐκστραο

2166 849 2456 919 τευμάτων
2489 852 2584 905 ἐπὶ
2614 852 2676 906 τὸ
2705 852 2868 907 πλέον
2895 855 2978 908 ὅτι
3005 857 3038 925 ἡ
3071 855 3166 908 τοῦ
3199 855 3336 910 Θεοῦ
3383 857 3645 926 εὐμένεια
3670 872 3765 923 καὶ

2168 941 2441 1011 ἁγαθότης
2471 943 2754 1013 ὡδήγησεν
2785 945 2933 1015 ἡμᾶς
2966 948 3060 1000 καὶ
3101 948 3286 1018 ὁδηγεῖ
3335 949 3432 1004 καὶ
3481 949 3762 1013 διασώζει.

2169 1030 2232 1091 El
2265 1031 2374 1103 γὰρ
2408 1033 2608 1104 συνέϐη
2640 1036 2786 1104 ἡμᾶς
2811 1037 2997 1105 ὀλίγας
3023 1040 3238 1108 ἡμέρας
3267 1039 3610 1111 ἐμϐραδῦναι
3628 1043 3649 1074 ⁸
3673 1042 3767 1098 ἐπὶ

2169 1123 2236 1176 τὰ
2277 1124 2418 1196 μέρη
2463 1126 2556 1179 τοῦ
2585 1129 2760 1198 lips,
2796 1128 2892 1182 καὶ
2922 1123 3023 1182 εἷθ’
3051 1128 3197 1183 οὕτω
3242 1131 3500 1199 γενέσθαι
3526 1133 3622 1184 τὸν
3646 1149 3766 1202 χείρ

2173 1213 2352 1284 μῶνα,
2385 1217 2639 1272 δαπανῶν
2668 1219 2938 1274 τοσούτων
2985 1219 3061 1292 μὴ
3089 1221 3503 1292 εὑρισκομένων
3547 1227 3608 1278 ἐν
3653 1228 3769 1288 τοῖς

2170 1305 2356 1368 τόποις
2391 1307 2642 1374 ἐκείνοις,
2674 1311 2757 1371 είς
2788 1310 3034 1382 μεγάλην
3067 1311 3276 1382 βλάϐην
3303 1309 3450 1382 εἶχεν
3491 1314 3671 1367 ἐλθεῖν
3699 1315 3767 1368 τὰ

2172 1397 2542 1468 εὐτυχέστατα
2563 1401 3399 1474 ήμῶν·ἐκστρατεύματα.Ἐξότε
3414 1407 3435 1438 ⁹
3458 1406 3567 1478 γὰρ
3587 1409 3769 1476 ἐκινή-

2174 1507 2349 1562 σαμεν
2381 1493 2446 1546 ἐκ
2476 1492 2570 1546 τοῦ
2599 1495 2968 1567 Σιαρσούρων,
2991 1498 3274 1550 τουτέστιν
3297 1497 3406 1552 ἀπὸ
3434 1498 3534 1566 τῆς
3563 1497 3642 1551 κδ’
3667 1497 3767 1552 τοῦ

2173 1584 2540 1656 Φεϐρουαρίου
2570 1586 2760 1658 μηνὸς,
2795 1588 2955 1658 μέχρι
2985 1589 3085 1658 τῆς
3123 1588 3164 1641 λ’
3193 1588 3284 1643 τοῦ
3315 1590 3566 1659 Μαρτίου
3596 1592 3768 1659 μηνὸς

2177 1678 2277 1730 οὐκ
2306 1677 2565 1740 ἐνέδωκεν
2603 1677 2878 1748 χιονίζειν.
2903 1679 3066 1733 Ἀλλὰ
3101 1680 3188 1733 διὰ
3214 1679 3307 1732 τοῦ
3338 1680 3472 1734 Θεοῦ
3517 1681 3769 1744 ἐλθόντες

2175 1770 2269 1820 ἐπὶ
2301 1769 2369 1822 τὰ
2392 1770 2536 1842 μέρη
2557 1769 2649 1824 τοῦ
2680 1773 2985 1836 Κανζὰκων
3014 1772 3264 1844 ηὖραμεν
3291 1774 3538 1836 δαπάνας
3566 1773 3768 1837 πολλὰς

2175 1859 2272 1912 καὶ
2295 1859 2601 1931 ἀνθρώπων
2628 1863 2723 1915 καὶ
2746 1862 2977 1931 ἀλόγων,
3010 1865 3106 1916 καὶ
3129 1865 3188 1916 ἐν
3217 1864 3354 1935 αὐτῇ
3391 1867 3456 1934 τῇ
3488 1864 3644 1918 πόλει
3666 1864 3766 1916 τοῦ

2176 1950 2482 2014 Κανζάκων
2512 1954 2832 2024 ἐμείναμεν,
2859 1953 3040 2025 τελείᾳ
3080 1953 3218 2028 οὔσῃ
3254 1956 3350 2010 xa‘t
3398 1956 3604 2026 ἐχούσῃ
3636 1955 3770 2026 περὶ

2176 2041 2303 2104 τοὺς
2330 2043 2662 2114 τρισχιλίους
2698 2043 2905 2109 οἴκους,
2940 2045 3036 2099 καὶ
3079 2048 3140 2100 ἐν
3171 2049 3284 2110 τοῖς
3330 2046 3491 2118 πέριξ
3521 2047 3768 2117 χωρίοις,

2177 2131 2318 2188 ὥστε
2349 2134 2645 2206 δυνηθῆναι
2683 2137 2832 2206 ἡμᾶς
2861 2137 3128 2201 τοσαύτας
3159 2137 3376 2209 ἡμέρας
3423 2142 3481 2194 ἐν
3511 2140 3594 2194 ἐνὶ
3617 2142 3778 2211 τόπῳ

2179 2227 2498 2298 ἐπιποιῆσαι
2536 2227 2670 2298 (57)ο
2707 2231 2800 2284 καὶ
2828 2230 3202 2301 ἐκελεύσαμεν
3231 2234 3342 2294 τοῖς
3383 2233 3494 2285 τῶν
3523 2233 3775 2303 φιλοχρί-

2182 2337 2322 2373 στων
2357 2320 2514 2391 ήμῶν
2541 2323 2841 2394 ἐκστρατευ
2850 2323 3035 2391 μάτων
3069 2323 3158 2378 ἵνα
3186 2324 3253 2377 τὰ
3279 2324 3448 2390 ἄλογα
3481 2325 3662 2378 αὐτῶν
3687 2327 3770 2390 είς

2179 2413 2306 2474 τοὺς
2341 2412 2524 2475 οἴκους
2569 2413 2669 2482 τῆς
2726 2413 2934 2477 πόλεως
2983 2413 3187 2484 βάΑωσι
3236 2415 3327 2468 διὰ
3354 2415 3446 2470 τὸν
3475 2417 3774 2484 γενόμενον

2178 2500 2426 2574 χειμῶνα
2455 2502 2549 2554 καὶ
2591 2501 2680 2556 ἵνα
2719 2501 2853 2573 πρὸς
2903 2503 2999 2558 ἓνα
3028 2504 3195 2557 ἵππον
3225 2499 3307 2576 εἷς
3337 2504 3570 2568 ἕκαστος
3590 2506 3634 2536 ¹⁰
3667 2506 3770 2558 αὑ·-

2182 2594 2291 2646 τῶν
2317 2592 2417 2665 ἔχῃ
2438 2595 2478 2624 ¹¹
2509 2594 2590 2658 είς
2620 2594 2682 2647 τὸ
2713 2594 2994 2666 ἄπληκτον
3029 2596 3190 2665 ἡμῶν
3213 2612 3227 2626 ⁸
3264 2596 3495 2667 πλησίον
3534 2597 3645 2667 γὰρ
3671 2597 3770 2650 cui-

2181 2687 2281 2757 τῆς
2313 2687 2409 2755 τῆς
2445 2685 2649 2749 πόλεώς
2675 2686 2820 2740 ἐστιν
2852 2687 2914 2738 τὸ
2946 2689 3196 2755 φωσᾶτον
3223 2687 3380 2758 ἡμῶν
3404 2704 3416 2716 ·
3453 2689 3481 2741 ὁ
3513 2688 3627 2758 γὰρ
3665 2685 3772 2740 Βα-

2185 2779 2454 2848 ρισμανᾶς
2473 2778 2515 2808 "
2548 2777 2650 2847 τῆς
2677 2777 2884 2842 πόλεως
2916 2776 3012 2831 τοῦ
3043 2777 3350 2844 Κανιςάκων
3381 2779 3475 2830 καὶ
3497 2777 3772 2841 πάντεςοί

2185 2871 2448 2940 κτήτορες
2501 2868 2695 2938 αὐτῆς.
2739 2868 2904 2940 ἡνίκα
2951 2866 3230 2938 ἔμαθαν¹³
3261 2869 3569 2939 ὑπερϐῆναι
3618 2869 3772 2940 ἡμᾶς

2185 2961 2266 3022 εἰς
2295 2959 2355 3012 τὸ
2383 2960 2508 3031 ὅρος
2545 2960 2638 3012 τοῦ
2668 2960 2844 3030 Ζᾶρα,
2881 2959 3239 3031 ἀνεχώρησαν
3278 2960 3374 3014 καὶ
3411 2962 3491 3024 εἰς
3523 2960 3772 3030 ὀρεινοὺς

2185 3051 2360 3125 ήοι
2392 3052 2591 3115 τόπους
2619 3051 2874 3121 ἀπῆλθαν
2898 3051 2943 3082 ⁸⁸
2973 3054 3052 3114 εἰς
3099 3051 3418 3124 ὀχυρώτερα
3453 3051 3772 3107 διαστέλλια.

2202 3145 2395 3198 Ἦνίκα
2421 3144 2478 3196 δέ
2507 3141 2810 3215 ἐδεξάμεθα
2839 3144 2969 3208 τοὺς
2996 3145 3091 3198 δύο
3116 3143 3440 3213 ἀνθρώπους
3469 3143 3596 3204 τοὺς
3631 3160 3776 3213 πεμ-

2193 3238 2426 3309 φθέντας
2455 3236 2564 3291 ἀπὸ
2593 3237 2834 3307 Σειροίου
2860 3236 2954 3290 τοῦ
2986 3236 3249 3308 βασιλέως
3276 3237 3523 3308 Περσῶν,
3549 3236 3646 3290 τὸν
3675 3235 3774 3290 ἕνα

2191 3331 2250 3394 ἐξ
2292 3329 2492 3393 αὐτῶν,
2522 3329 2802 3382 τουτέστιν
2835 3329 2926 3383 τὸν
2975 3329 3215 3400 Πέρσην,
3246 3327 3602 3393 ἀπελύσαμεν
3631 3328 3778 3400 μετὰ

2194 3422 2288 3474 καὶ
2333 3421 2536 3492 ἐτέρων
2566 3419 2869 3492 ἀνθρώπων
2915 3419 3055 3491 πρὸς
3097 3419 3188 3474 τὸν
3232 3419 3584 3490 Βαρισμανᾶν
3609 3419 3653 3449 ¹⁸
3677 3418 3773 3472 τοῦ

2194 3513 2518 3578 Κανζὰκων,
2564 3513 2672 3568 ἀπὸ
2707 3519 2760 3583 μ’
2794 3511 2990 3583 μιλίων
3017 3513 3146 3566 ὄντα
3185 3512 3282 3566 καὶ
3315 3515 3394 3574 είς
3418 3510 3775 3565 καστέλλιν¹⁵

2192 3605 2410 3676 ὀχυρὸν,
2449 3605 2547 3659 καὶ
2593 3606 2930 3676 ἐποιήσαμεν
2977 3604 3114 3678 πρὸς
3157 3603 3319 3658 αὐτὸν
3366 3604 3776 3675 ὑπομνηστικδν

2196 3697 2282 3752 ίνα
2309 3698 2412 3750 κᾶν
2438 3695 2481 3766 ξ’
2499 3697 2539 3728 ³⁷
2568 3697 2738 3764 ἄλογα
2765 3695 2909 3768 λόγῳ
2939 3695 3046 3750 τῶν
3074 3695 3424 3766 πρεσϐευτῶν
3448 3695 3775 3765 εὐτρεπίσῃ,

2196 3788 2273 3850 είς
2300 3788 2361 3840 τὸ
2390 3789 2446 3840 ἐν
2471 3785 2723 3858 συντόμῳ
2745 3785 2841 3840 καὶ
2861 3785 3271 3854 ἀνεμποδίστως
3293 3783 3547 3839 ἀπελθεῖν
3575 3784 3776 3847 αὐτοὺς

2195 3881 2332 3951 πρὸς
2364 3879 2588 3952 Σειρόην
2612 3879 2654 3910 ¹⁸
2683 3876 2902 3948 βασιλέα
2933 3876 3179 3948 Περσῶν.
3201 3876 3310 3930 Καὶ
3331 3875 3628 3950 δεξάμενος
3647 3876 3775 3938 τοὺς

2195 3969 2544 4040 πεμφθέντας
2576 3967 2706 4038 παρ’
2730 3967 2887 4040 ἡμῶν
2909 3968 2942 4020 ὁ
2967 3967 3317 4039 Βαρισμανᾶς
3339 3967 3433 4019 καὶ
3450 3966 3512 4020 τὸ
3536 3964 3782 4040 τοιοῦτον

2197 4066 2230 4136 ὴ
2237 4062 2355 4135 μῶν
2384 4060 2808 4132 ὖπομνηστικὸν,
2828 4060 2920 4115 ἐπὶ
2942 4057 3140 4120 πολλὰς
3159 4056 3307 4128 ὥρας
3330 4057 3659 4128 εὐφήμησαν
3682 4056 3780 4132 καί

2197 4156 2344 4226 ἡμᾶς
2391 4154 2483 4207 καὶ
2530 4149 3034 4229 Σειρόηνλβασιλέα
3082 4147 3309 4221 Περσῶν
3357 4149 3451 4202 καὶ
3477 4147 3643 4212 αὐτὸς
3681 4149 3776 4202 καὶ

2198 4246 2398 4307 πάντες
2425 4245 2475 4297 οἱ
2505 4242 2820 4315 εὑρεθέντες
2855 4243 3057 4294 ἐκεῖσε.
3076 4239 3632 4312 Ἐπληροφορήθησαν
3665 4238 3775 4310 γὰρ

2199 4339 2261 4389 ἐκ
2294 4335 2388 4388 τοῦ
2423 4333 2721 4396 πευθέντος
2751 4333 2960 4402 Πέρσου
2987 4331 3095 4385 ἀπὸ
3114 4330 3210 4384 τοῦ
3247 4330 3610 4403 πρεσϐευτοῦ,
3633 4332 3719 4384 ὅτι
3747 4333 3777 4385 ὀ

516 4418 802 4477 Persarum
841 4439 985 4500 rege,
1033 4442 1153 4495 quae
1185 4427 1305 4497 ejus
1334 4431 1804 4500 inaugurationem
1835 4439 2081 4494 contine-

2191 4429 2454 4498 θεομάχος
2476 4426 2725 4497 Χοσρόης
2745 4423 3014 4489 ἀπώλετο,
3040 4426 3135 4479 καὶ
3153 4425 3236 4478 ὅτι
3260 4423 3516 4493 βασιλεὺς
3548 4423 3779 4493 Περσῶν

515 4511 668 4575 baut,
703 4513 1006 4597 quibusque
1059 4517 1368 4584 nobiscum,
1405 4531 1460 4574 et
1500 4536 1622 4575 cum
1672 4525 1865 4594 quovis
1911 4525 2090 4584 homi-

518 4619 670 4669 num,
698 4621 889 4675 pacem
938 4608 1138 4664 habere
1171 4609 1308 4666 velle
1353 4611 1708 4682 signiﬁcabat,
1751 4617 1820 4672 ab
1867 4618 1958 4673 illo
1996 4636 2092 4676 ac-

517 4697 711 4766 ceptis.
742 4696 929 4755 Visum
958 4716 1088 4772 ergo
1115 4702 1273 4757 nobis
1313 4715 1395 4759 est
1424 4705 1835 4762 clementissimi
1869 4708 2088 4767 Cabata:

521 4786 692 4842 Sirois
732 4788 1032 4847 litterarum
1065 4795 1341 4865 exemplar
1365 4795 1493 4851 huic
1531 4806 1729 4853 nostra:
1757 4799 1824 4853 ad
1848 4815 1944 4855 vos
1971 4801 2094 4872 jus-

520 4875 658 4931 sioni
685 4879 1033 4952 subjungere,
1067 4889 1125 4936 ut
1153 4891 1208 4938 et
1251 4883 1378 4954 quid
1424 4883 1491 4938 ad
1524 4884 1640 4939 illas
1667 4885 1864 4942 deinde
1894 4889 2090 4943 rescri-

505 4969 810 5044 pserimus.
843 4971 887 5030 A
933 4975 1164 5044 septimo
1192 4975 1356 5048 igitur
1399 4977 1606 5032 mensis
1641 4978 1841 5048 Aprilis
1883 4979 1991 5045 die,
2032 4981 2089 5036 in
2125 5054 2132 5062 ἰ

2193 4522 2415 4593 Σειρόης
2452 4521 2689 4588 ἐγένετο,
2718 4519 2814 4573 καὶ
2837 4517 3180 4588 ἀντέγραψεν
3209 4518 3340 4589 ἡμῖν
3365 4517 3394 4570 ὁ
3421 4517 3582 4580 αὐτὸς
3615 4517 3780 4588 Bapt-

2187 4610 2430 4686 ’.σμανᾶῇ
2459 4614 2542 4666 ὅτι
2576 4611 2710 4684 πρὸς
2729 4611 2798 4666 τὰ
2823 4612 2951 4682 παρ’
2979 4611 3138 4682 ἡμῶν
3163 4609 3592 4679 ἐγκελευσθέντα
3627 4608 3781 4677 αὐτῷ

2193 4706 2262 4759 τὰ
2288 4706 2460 4773 ἄλογα
2480 4704 2590 4757 τῶν
2609 4701 2958 4774 πρεσϐευτῶν
2986 4704 3138 4754 ἐνευτ
3150 4699 3293 4771 ρεπῆ
3313 4701 3476 4764 ποιεῖ,
3501 4698 3597 4752 καὶ
3619 4698 3781 4767 ἡνίκα

2193 4799 2411 4871 δέξηται
2458 4797 2720 4867 δευτέραν
2743 4797 2774 4864 ἡ
2786 4793 2902 4864 μῶν
2933 4793 3184 4846 κέλευσιν
3214 4788 3781 4890 περιέχρυσανααταῖ

2193 4889 2380 4945 λαϐεῖν
2402 4889 2527 4952 τοὺς
2559 4884 3095 4960 πρεσϐευτὰς,·πρὸς
3125 4883 3274 4954 ἡμᾶς
3303 4879 3465 4943 αὐτὸς
3491 4879 3557 4932 δι’
3584 4879 3781 4932 ἑαυτοῦ

2194 4983 2223 5034 ὁ
2278 4980 2627 5050 Βαρισμανᾶς
2674 4977 2892 5047 ἔρχεται
2946 4975 3130 5044 φέρων
3183 4971 3253 5029 τὰ
3302 4969 3532 5032 τοιαῦτα
3585 4968 3783 5039 ἄλογα,

1860 5163 2190 5220 DUCANGll
2220 5163 2451 5220 ΝΟΤᾹΞ.

599 5289 711 5362 (57)
746 5291 1148 5378 Ἑπιποιῆσαι.
1179 5297 1380 5354 Eadem
1408 5313 1539 5354 voce
1568 5298 1713 5355 haud
1749 5297 1930 5354 minus
1961 5298 2081 5352 trita

2183 5299 2284 5353 itur
2316 5311 2532 5352 rursum
2565 5295 2723 5350 intra.

1821 5468 2053 5525 VABUE
2095 5467 2504 5526 LECTIONES.

633 5581 1003 5653 “_sv69a8tiva.t
1049 5581 1154 5638 PV.
1265 5585 1286 5615 ³
1322 5583 1427 5648 ἔξω
1455 5601 1513 5637 τε
1551 5582 1617 5653 V,
1650 5582 1846 5650 ἔξωθεν
1880 5582 1938 5635 Ρ.

527 5671 628 5717 νας
658 5651 743 5724 ιι,
783 5650 822 5684 ’⁸
856 5653 1062 5722 ἔμαθον
1090 5653 1148 5710 ιι.
1232 5654 1273 5686 ⁸³
1305 5653 1545 5724 ἀπῆλθον
1574 5652 1634 5708 Ρ.
1715 5655 1758 5684 ⁸⁵
1789 5650 2130 5724 βαρισμανῆν
2163 5650 2222 5706 Ρ.

537 5724 691 5796 ροίην
718 5721 756 5775 Ρ
780 5721 911 5779 sola.

2042 5581 2084 5612 ³ο
2117 5581 2346 5634 ἕκαστον
2393 5578 2450 5631 P.
2561 5577 2598 5606 “
2625 5577 2742 5646 ἔχῃ.
2795 5577 2908 5647 ἔχει
2961 5575 3075 5647 VR,
3127 5575 3241 5647 ἐκεῖ
3383 5644 3418 5647 __
3444 5576 3484 5647 ‘f
3517 5575 3790 5647 βριασμάο

2313 5651 2355 5683 ³⁸
2387 5644 2682 5702 καστέλλον
2697 5644 2768 5713 ⁷1),
2807 5644 3114 5702 διαστέλλων
3141 5645 3204 5700 ιι.
3307 5644 3346 5676 ⁸⁷
3375 5644 3418 5708 ξ’
3449 5644 3524 5698 ιη
3555 5644 3564 5646 “
3603 5644 3644 5677 ιε
3674 5647 3766 5722 sui
