4092 6296
351 355 488 426 1133

365 553 1906 576 W—

1556 363 1919 424 CI—IRONICI
1965 365 2382 432 PASCIIALIS.

3467 367 3604 432 1134

1913 557 2150 566 —————-—-———
2162 559 2374 567 —.___
2387 557 2728 569 —_———

1789 746 2165 832 XXIII.

1507 936 1594 991 DE
1635 936 1715 990 PA
1727 937 1994 992 SCIIATE
2033 935 2445 994 JUDA‘ZOIKUM.

419 1096 550 1150 Post
576 1097 799 1170 biduum
835 1097 1035 1154 Pascha
1069 1099 1196 1165 ﬁet,
1227 1097 1281 1154 id
1331 1106 1413 1152 est
1434 1141 1446 1164 ,
1481 1113 1782 1170 congruum
1821 1097 1922 1150 fuit
1955 1100 1995 1154 A
2023 1097 2210 1160 holus,
2247 1097 2591 1170 mortem.Si
2622 1111 2752 1167 ergo
2784 1111 2929 1151 mors
2958 1114 2987 1150 a
3020 1108 3305 1168 serpente,
3363 1100 3511 1170 virga
3547 1102 3603 1155 In

349 1167 558 1224 Pascha
611 1168 919 1224 Judzeorum
971 1170 1023 1224 in
1069 1170 1432 1239 aequinoctio,
1478 1169 1527 1222 id
1579 1180 1695 1234 est,
1749 1169 1800 1221 in
1845 1185 1920 1221 vn

347 1239 833 1308 Kalend.Aprilis;
867 1249 925 1310 ut
955 1239 1006 1292 in
1039 1239 1367 1310 aequinoctio
1423 1239 1740 1310 novissimo,
1762 1254 1922 1292 mun-

347 1310 401 1364 di
434 1311 718 1380 renovatio
741 1317 795 1363 et
819 1308 1120 1380 redemptio
1157 1326 1254 1380 per
1291 1324 1482 1380 necem
1513 1308 1752 1372 Christi;
1797 1310 1922 1376 quia

349 1380 407 1433 in
437 1379 762 1446 aequinoctio
808 1379 996 1433 mundi
1027 1380 1127 1434 fuit
1159 1379 1430 1433 contritio
1463 1389 1518 1433 et
1563 1380 1921 1446 compositio,

347 1464 419 1518 ne
471 1450 656 1518 dispar
707 1450 806 1502 sibi
866 1450 1095 1503 invicem
1160 1451 1314 1504 ﬁeret
1366 1458 1594 1518 utraque
1647 1449 1919 1502 foririatio.

348 1517 572 1573 Deinde
599 1519 784 1572 eadem
830 1519 1107 1589 longitudo
1141 1519 1278 1573 facta
1321 1529 1405 1589 est
1453 1517 1519 1571 ex
1548 1519 1787 1587 potentia
1831 1520 1922 1572 Dei

347 1590 524 1643 tribus
550 1589 740 1657 primis
768 1588 958 1643 diebus
987 1599 1042 1644 et
1069 1590 1339 1644 noctibus.
1375 1588 1476 1641 Sed
1509 1590 1654 1642 addit
1684 1591 1762 1642 sol
1797 1605 1925 1643 cur-

349 1675 471 1712 sum
504 1660 714 1713 dierum
744 1661 964 1723 quando
1014 1661 1190 1714 illuxit
1255 1660 1307 1713 in
1366 1660 1568 1713 uumdo
1624 1662 1761 1712 uul-0
1812 1661 1921 1712 die.

349 1727 502 1783 Luna
535 1731 809 1784 contrario
858 1730 1094 1800 dempsit
1141 1745 1361 1785 cursum
1411 1731 1672 1800 noctium.
1711 1729 1922 1784 Etenim

349 1801 417 1853 ad
449 1800 861 1854 venerationem
911 1811 965 1854 et
989 1799 1262 1858 honorem
1292 1799 1602 1868 :equinoctii
1637 1800 1921 1854 novissimi

347 1869 653 1942 etPascha:
682 1870 881 1942 Christi
915 1872 1236 1942 praesignata
1260 1880 1344 1926 est
1372 1879 1426 1924 et
1455 1871 1594 1942 I'acta
1622 1879 1707 1942 est
1735 1871 1922 1924 mundi

349 1940 521 2009 prima
553 1941 887 1994 constructio
935 1941 986 1994 in
1035 1940 1360 2011 aequinoctio
1391 1940 1587 2010 primo.
1636 1941 1694 1993 In
1751 1942 1922 2010 aequi-

346 2011 531 2064 noctio
559 2025 786 2080 ῳιυίιιιᾳ
811 2011 1007 2064 solutio
1036 2012 1174 2066 facta
1209 2023 1293 2066 est
1319 2021 1373 2066 et
1403 2011 1707 2080 redemptio
1760 2013 1922 2064 Israel

348 2081 418 2133 de
447 2083 708 2134 servitute
731 2079 1141 2150 ASgyptiorum,
1176 2091 1235 2136 ut
1269 2083 1322 2136 in
1367 2082 1558 2135 eodem
1592 2079 1922 2150 aequinoctio

347 2161 473 2218 post
501 2167 574 2204 xu
610 2150 836 2221 Kalend.
866 2151 1039 2220 April.
1076 2153 1335 2221 praecepit
1361 2152 1482 2206 ﬁliis
1513 2151 1672 2205 Israel
1717 2151 1921 2206 Pascha

348 2221 648 2301 celebrare.
691 2220 847 2303 Quod
897 2231 981 2275 est
1029 2220 1188 2303 typus
1239 2220 1462 2303 Paschce
1495 2221 1696 2276 Christi
1753 2222 1920 2303 futuri

346 2304 445 2363 per
475 2290 658 2343 omnia
690 2291 744 2363 in
772 2289 934 2346 ﬁnem
965 2308 1030 2345 ex
1054 2289 1236 2347 initio.
1273 2293 1453 2363 'I‘ypus
1494 2306 1726 2361 namque
1762 2291 1923 2346 Chri-

348 2359 418 2412 sti
445 2376 618 2429 agnus
649 2361 741 2428 qui
786 2363 998 2416 occisus
1031 2373 1133 2416 est.
1189 2364 1255 2416 Et
1291 2359 1654 2416 manducatur
1679 2363 1922 2430 quotidie.

345 2444 595 2502 agnus_a
626 2446 699 2484 vu
748 2431 912 2495 viris,
957 2433 1057 2486 hoc
1085 2443 1203 2502 est,
1237 2449 1266 2486 a
1297 2448 1370 2487 vu
1429 2432 1685 2502 gradibus
1731 2431 1922 2485 Eccle-

347 2488 464 2573 siie.
500 2499 736 2554 Tantum
777 2488 960 2573 autem
1011 2488 1326 2573 mysterium
1377 2488 1470 2556 DEi
1500 2501 1738 2573 scitote.
1784 2502 1919 2567 Qui-

345 2566 470 2622 dem
507 2585 614 2623 non
645 2580 728 2624 est
756 2571 951 2624 mirum
985 2572 1027 2625 si
1065 2566 1605 2642 accideritjudicium
1631 2566 1832 2642 481,
1875 2573 1916 2625 si

345 2642 664 2694 convenerit
689 2642 1073 2709 aequinoctium
1093 2684 1107 2706 ,
1134 2643 1277 2710 quod
1311 2653 1396 2696 est
1425 2659 1516 2695 vni
1550 2641 1668 2694 Kal.
1701 2643 1916 2710 Aprilis,

345 2719 515 2781 sexta
537 2709 687 2781 feria,
728 2712 850 2764 luna
885 2727 1021 2771 xuu,
1051 2723 1104 2766 et
1137 2709 1482 2767 Rcsurrectio
1516 2713 1644 2765 luna
1678 2709 1764 2766 xvi
1800 2723 1920 2781 post

347 2795 423 2852 xtl
475 2779 591 2832 Kal.
625 2780 858 2852 Aprilis,
903 2782 1046 2850 quod
1094 2793 1178 2837 est
1223 2782 1609 2852 aequinoctium
1664 2779 1914 2848 vernale,

346 2849 452 2903 hoc
482 2859 568 2903 est
602 2851 811 2904 initium
847 2849 972 2904 anni
1007 2853 1162 2918 solis,
1190 2863 1241 2908 et
1276 2849 1399 2906 ante
1430 2853 1533 2906 hoc
1563 2852 1776 2906 initium
1808 2870 1915 2906 non

344 2918 545 2972 facitur
583 2919 785 2975 Pascha
815 2923 955 2990 apud
991 2922 1244 2977 Hebraeos
1275 2932 1330 2977 et
1353 2922 1566 2976 Graecos
1587 2932 1641 2975 et
1673 2922 1914 2988 Latinos,

345 2991 452 3061 nisi
486 2990 538 3061 in
568 3006 754 3045 errore
782 2994 926 3060 quod
959 2993 1074 3046 dies
1107 2993 1414 3058 Dominica,
1450 2995 1505 3048 in
1529 3009 1632 3061 qua
1666 2994 1804 3047 facta
1836 3007 1920 3050 est

345 3059 468 3132 lux,
503 3060 604 3114 fuit
654 3070 779 3115 ante
802 3059 882 3117 xu
921 3063 1034 3115 Kal.
1091 3064 1290 3132 Aprilis
1313 3106 1326 3124 ,
1362 3064 1504 3131 quod
1537 3059 1619 3115 est
1653 3064 1705 3116 in
1758 3077 1918 3119 nocte

345 3145 383 3200 tt
421 3129 568 3185 feria:
604 3133 657 3183 in
691 3147 835 3185 anno
864 3134 1061 3194 crucis,
1093 3129 1154 3186 xi
1176 3142 1355 3186 autem
1380 3129 1502 3187 Kal.
1534 3134 1703 3200 April.
1743 3151 1803 3188 tu
1837 3137 1915 3189 fe-

342 3199 424 3272 ria
449 3239 462 3261 ,
491 3211 546 3254 et
576 3219 609 3254 x
635 3201 751 3254 Kal.
779 3202 949 3271 April.
989 3219 1069 3256 nu
1113 3204 1246 3256 I'eria
1266 3247 1279 3265 ,
1336 3205 1387 3256 in
1420 3219 1527 3272 quo
1551 3199 1755 3258 dictum
1787 3215 1869 3258 est
1901 3225 1913 3260 :

343 3265 484 3342 Post
518 3273 732 3324 biduum
776 3265 982 3326 Pascha
1017 3273 1124 3342 ﬁet.
1166 3273 1372 3327 Deinde
1421 3265 1772 3328 consentiunt
1827 3277 1914 3330 alii

342 3341 490 3414 quod
537 3342 728 3414 itabat
764 3352 885 3412 post
935 3341 1157 3414 biduum
1190 3385 1203 3405 ,
1244 3343 1295 3397 id
1343 3353 1458 3405 est,
1499 3345 1915 3414 completionem

343 3420 398 3464 et
445 3411 807 3482 integritatem
860 3414 1088 3466 duorum
1125 3413 1594 3467 'I‘cstamcntorum
1625 3411 1830 3469 Pascha
1864 3426 1918 3471 et

345 3489 697 3535 trausceusus
725 3483 790 3535 ad
821 3499 1043 3552 regnum
1079 3485 1168 3536 Dei
1197 3527 1211 3548 ,
1248 3485 1610 3538 conveniente
1645 3485 1699 3538 in
1733 3501 1784 3539 vt
1837 3487 1916 3540 Ie-

342 3552 425 3604 ria
460 3554 788 3620 zequinoctio
812 3593 825 3610 .
879 3558 1003 3606 luna
1036 3569 1149 3607 xun
1172 3593 1186 3616 ,
1217 3566 1271 3609 et
1325 3555 1666 3609 solemnitate
1717 3555 1917 3610 Resur—

343 3621 625 3694 rectiouis,
664 3622 717 3674 in
751 3624 838 3677 die
866 3624 1141 3678 Dominica
1167 3635 1348 3680 autent
1382 3625 1545 3680 totius
1569 3626 1782 3694 generis
1812 3627 1918 3681 Im-

345 3692 489 3743 mani
510 3708 620 3764 ,Aex
649 3709 756 3760 quo
787 3709 984 3764 genere
1018 3695 1163 3764 virga
1205 3697 1272 3750 de
1322 3695 1501 3750 radice
1532 3692 1685 3750 Jésse
1735 3697 1868 3751 exiit
1901 3717 1912 3750 :

342 3775 472 3836 quae
497 3762 643 3830 virga
672 3762 900 3816 redemit
923 3764 1086 3818 Israel
1109 3762 1178 3819 de
1208 3766 1473 3836 zEgypto;
1501 3781 1621 3832 quae
1654 3783 1914 3836 conversa

341 3840 430 3882 est
462 3830 515 3882 in
543 3843 875 3908 serpentem,
903 3842 962 3908 ut
988 3830 1631 3908 liberarentur'Israelitze
1658 3838 1725 3890 ab
1755 3835 1917 3908 )Egy-

343 3909 471 3968 p10.
507 3901 599 3969 qui
645 3917 872 3972 serpens
915 3905 1121 3959 homini
1153 3907 1450 3976 persuasit,
1488 3907 1589 3960 hoc
1645 3915 1759 3972 est,
1797 3901 1915 3961 dia-

415 4035 434 4065 ¹
470 4035 633 4089 Forte
662 4044 745 4092 est
771 4039 1056 4109 glossema.

2026 1180 2335 1237 serpentem
2357 1209 2371 1228 .
2400 1167 2652 1221 Christus
2685 1170 2738 1221 iu
2776 1178 3035 1225 mortem.
3065 1167 3292 1237 serpens
3339 1167 3608 1226 exaltatur

2027 1239 2080 1291 in
2119 1255 2242 1293 aere
2269 1279 2281 1301 ,
2331 1250 2389 1292 ut
2437 1249 2653 1292 sanaret
2700 1239 2924 1292 vulnera
2962 1255 3252 1308 corporum
3307 1241 3606 1309 respicien-

2029 1309 2162 1361 tium
2196 1309 2248 1361 in
2296 1318 2604 1379 serpentem
2641 1325 2850 1362 aeneum
2872 1349 2887 1373 ,
2922 1319 2979 1363 ut
3009 1311 3243 1364 solveret
3291 1311 3605 1365 servitutem

2027 1379 2389 1450 Israelitarum
2448 1380 2824 1433 I‘amulantium
2861 1379 2913 1432 in
2952 1380 3200 1450 Egypto.
3239 1380 3328 1432 Sic.
3361 1380 3607 1435 homines

2027 1449 2194 1519 Moysi
2225 1466 2254 1502 a
2287 1451 2632 1520 serpentibus
2666 1451 3000 1520 sanabantur
3027 1449 3067 1504 a
3088 1451 3313 1504 venenis
3341 1451 3605 1504 intuendo

2026 1536 2281 1588 magnum
2313 1519 2731 1574 saeramentum.
2769 1519 2909 1585 Quid
2939 1529 3022 1573 est
3056 1522 3318 1574 intuendo
3360 1522 3539 1574 sanari
3574 1538 3607 1575 a

2026 1601 2300 1657 serpente,
2342 1591 2446 1643 nisi
2487 1591 2760 1644 credendo
2807 1591 2858 1643 in
2893 1599 3165 1644 mortuum
3197 1591 3498 1650 Christum,
3521 1607 3602 1645 sa-

2027 1663 2141 1730 uari
2175 1676 2211 1724 a_
2232 1670 2406 1714 morte
2440 1671 2806 1730 peccatorum,
2847 1669 2907 1715 ut
2945 1660 3264 1715 liberaretur
3286 1661 3515 1730 populus
3536 1664 3605 1716 ab

2027 1729 2256 1800 IEgypto
2303 1747 2401 1800 per
2441 1729 2662 1800 ’virgam
2711 1731 2766 1783 in
2813 1738 3124 1801 serpentem
3175 1729 3495 1801 conversam
3549 1741 3608 1787 et

2024 1798 2221 1869 aguiuu
2277 1798 2329 1854 in
2387 1798 2590 1854 Pascha
2639 1798 2921 1863 occisum,
2951 1801 3050 1854 hoc
3076 1811 3188 1862 cst,
3236 1798 3512 1855 Christum
3549 1803 3606 1856 in

2025 1879 2277 1923 mortem.
2337 1871 2413 1924 Ita
2468 1872 2728 1925 liberatur
2776 1880 2948 1924 totum
3003 1871 3300 1925 humanum
3353 1888 3526 1940 genus
3571 1891 3603 1926 a

2024 1939 2229 1994 Pascha
2266 1941 2572 2006 Passionis;
2611 1941 2701 2010 qui
2750 1949 2831 1994 est
2888 1957 3050 1994 verus
3091 1957 3315 2008 serpens
3345 1939 3604 1996 occidens

2025 2019 2334 2079 serpentem
2362 2012 2633 2065 diabolum
2652 2053 2665 2074 ,
2698 2019 2751 2064 et
2807 2012 3073 2082 devorans
3103 2013 3281 2082 virgas
3323 2027 3604 2082 magorum

2024 2090 2079 2132 et
2131 2082 2574 2151 philosophorum
2639 2091 2694 2135 et
2753 2081 3124 2134 ministrorum
3187 2081 3606 2148 diaboli.’Quid

2024 2161 2205 2204 autem
2258 2169 2518 2206 conversa
2567 2153 2712 2219 virga
2779 2153 2831 2204 in
2896 2161 3245 2220 serpentem,
3302 2161 3359 2205 et
3405 2153 3602 2220 praeci—

2025 2221 2208 2292 piente
2257 2221 2368 2276 Deo
2397 2238 2517 2276 eam
2566 2231 2782 2285 tenere,
2831 2223 3050 2290 expavit
3099 2221 3309 2292 Moyses
3338 2231 3392 2275 et
3423 2222 3602 2292 fugit;

2024 2291 2280 2358 qmmiam
2312 2294 2668 2346 mortilicatus
2705 2301 2788 2345 est
2812 2292 3062 2346 Christus
3087 2333 3101 2355 ,
3163 2291 3502 2362 e’xpaverunt
3549 2303 3606 2347 et

2023 2362 2282 2432 fugerunt
2348 2362 2618 2431 discipuli.
2672 2362 2912 2415 Caudam
2969 2362 3360 2432 apprehende,
3418 2371 3604 2431 poste-

2027 2435 2167 2503 riora
2207 2433 2576 2503 apprehende,
2605 2441 2656 2485 ct
2691 2441 2749 2485 ut
2773 2433 2921 2493 illud.
2949 2432 3247 2502 posteriora
3273 2446 3397 2503 mea
3448 2432 3602 2487 vide-

2024 2502 2124 2554 bis.
2161 2501 2344 2556 Primo
2373 2503 2545 2557 factus
2596 2512 2680 2557 est
2705 2501 2964 2556 Christus
2999 2518 3242 2571 serpens.
3294 2501 3402 2556 Sed
3431 2503 3605 2557 cauda

2025 2579 2233 2626 retenta
2265 2575 2400 2627 facta
2431 2584 2513 2626 est
2542 2573 2709 2643 virga.
2758 2573 2940 2627 Primo
2980 2574 3196 2628 occisus
3243 2581 3362 2636 est,
3416 2582 3604 2640 postea

2023 2644 2334 2697 resurrexit.
2368 2643 2549 2698 Cauda
2597 2653 2834 2706 retenta,
2872 2644 3019 2698 visus
3047 2650 3132 2696 est
3151 2643 3371 2711 Cephae,
3408 2643 3608 2697 deinde

2022 2712 2168 2782 visus
2209 2723 2293 2766 est
2333 2731 2406 2767 xi.
2439 2715 2506 2767 Et
2536 2714 2644 2782 jam
2677 2715 2730 2766 in
2763 2713 2932 2768 cauda
2962 2713 3230 2781 serpentis
3267 2713 3607 2782 signiﬁcatur

2022 2781 2144 2836 ﬁnis
2166 2785 2366 2848 saeculi,
2397 2781 2854 2852 quia’tuortalitas
2873 2785 3088 2854 generis
3115 2781 3335 2854 humani
3363 2783 3606 2854 ambulat

2022 2866 2120 2919 per
2143 2861 2369 2907 mortem
2390 2855 2607 2909 diabolo
2630 2855 2826 2908 illatam
2850 2872 2863 2920 ;
2887 2853 2983 2909 Sed
3017 2854 3074 2907 in
3103 2853 3208 2907 ﬁne
3235 2853 3442 2916 saeculi,
3462 2853 3606 2907 sicut

2021 2938 2049 2973 a
2083 2924 2250 2976 cauda
2289 2925 2528 2979 redimus
2551 2926 2618 2980 ad
2646 2941 2866 2978 manum
2897 2923 2990 2978 Dei
3009 2965 3026 2989 ,
3065 2933 3120 2977 et
3144 2923 3411 2977 elﬁcimur
3435 2924 3603 2977 stabi-

2021 2992 2172 3064 litum
2209 3010 2432 3064 regnum
2480 2996 2595 3048 Dei.
2631 2996 2755 3048 I’ost
2795 2996 2910 3048 haec
2941 3003 3122 3048 autem
3157 2994 3338 3048 omnia
3368 2993 3606 3048 breviter

2019 3062 2293 3134 dicamus,
2356 3065 2497 3134 quod
2534 3081 2810 3134 nunquam
2852 3067 3054 3119 factum
3084 3073 3167 3119 est
3197 3064 3424 3134 Pascha
3457 3065 3602 3130 apud

2019 3130 2235 3204 Judteos
2269 3130 2395 3188 ante
2428 3152 2500 3188 xu
2522 3135 2637 3189 Kal.
2670 3130 2916 3204 ‘Aprilisﬁ;
2950 3135 3074 3202 quia
3105 3135 3231 3187 luna
3260 3143 3384 3204 nata
3412 3133 3469 3204 in
3505 3151 3601 3187 vm

2021 3200 2146 3273 Idus
2193 3203 2398 3268 Martii,
2449 3223 2566 3259 xnn
2619 3215 2705 3259 est
2731 3200 2796 3258 in
2842 3200 2916 3259 xit
2954 3200 3069 3258 Kal.
3109 3204 3332 3273 Aprilis.
3363 3203 3603 3258 Observa

2021 3272 2183 3340 igitur
2215 3289 2461 3345 _cursum
2509 3279 2752 3330 lunarem
2802 3279 2955 3345 juxta
3000 3276 3241 3345 regulam
3290 3273 3603 3345 Griecorum

2019 3359 2172 3397 more
2191 3343 2588 3414 Egyptiorum,
2619 3355 2675 3400 et
2712 3343 2818 3400 non
2851 3343 3152 3400 secundum
3174 3343 3602 3414 epactas,idest,

2019 3413 2355 3486 adjectiones
2390 3419 2608 3472 lunares
2639 3435 2652 3470 :
2687 3418 2812 3486 quia
2853 3416 2928 3470 ibi
2956 3415 3279 3486 pervenitur
3309 3428 3337 3486 a
3372 3429 3452 3468 uu
3475 3413 3604 3486 luna

2020 3485 2087 3538 δά
2119 3501 2244 3551 XVI;
2288 3487 2375 3542 hic
2413 3498 2594 3542 autem
2625 3483 2792 3541 adxv
2815 3530 2830 3554 ,
2861 3483 3014 3555 juxta
3043 3483 3488 3554 compositionem
3511 3483 3603 3536 Jo-

2020 3556 2311 3624 sephi,qui
2346 3558 2552 3627 primus
2573 3559 2872 3614 conscribit
2909 3557 3172 3627 circulum
3211 3573 3244 3610 x
3276 3563 3332 3627 et
3370 3569 3598 3627 \'Ill__all-

2019 3641 2252 3698 norum,
2286 3624 2602 3693 Athanasii,
2648 3626 3190 3698 TheophiIiLCyriIli
3214 3666 3227 3690 ,
3268 3624 3604 3698 Dionysiique

2019 3697 2217 3766 Exigui
2251 3699 2300 3762 ‘,
2334 3716 2505 3768 usque
2543 3700 2670 3752 dum
2703 3695 2931 3768 scripsit,
2969 3695 3242 3752 Victorius
3278 3695 3462 3748 Hilarii
3486 3710 3600 3768 Apa-

2022 3784 2105 3836 pne
2125 3763 2283 3840 urbis
2313 3763 2497 3824 Romae
2535 3771 2774 3840 episcopi
2795 3763 2860 3839 (il
2896 3767 3050 3840 Tunc
3069 3775 3424 3840 cessaverunt
3471 3763 3600 3816 Ale-

2022 3839 2271 3910 xandrini
2326 3837 2690 3910 disputatores
2725 3837 2812 3894 iet‘
2837 3837 3162 3894 Antiocheui
3214 3837 3448 3892 circulos
3479 3842 3601 3903 post

2023 3909 2156 3962 alios
2184 3909 2548 3964 conscribere.

361 4238 3579 4260 mw

1788 4405 2146 4492 XXIV.

1382 4599 1805 4654 ARGUMENTA
1845 4596 2342 4662 AEGYPTIORUM,

445 4757 652 4805 ριῖοιιιηι
692 4757 910 4796 MEMISIT
965 4756 1226 4795 DIONYSIL’S
1277 4756 1501 4794 EXIGUIVS
1552 4756 1599 4793 ΙΝ
1655 4754 1899 4792 FI‘ISTOLA

2061 4753 2354 4790 ramosam
2376 4779 2390 4802 ,

410 4899 606 4968 Incipit
633 4896 916 4968 calculatio
944 4896 1214 4968 quomodo
1250 4896 1487 4963 reperire
1539 4895 1903 4968 possitquota

335 4969 471 5024 feria
520 4965 680 5021 anuis
727 4966 951 5036 singulis
989 4983 1107 5019 xuu
1158 4967 1282 5017 luna
1345 4967 1646 5036 paschalis,
1679 4965 1728 5036 id
1785 4974 1901 5025 est,

333 5041 494 5110 primi
529 5038 714 5092 circuli
745 5037 1124 5110 decennovalis
1162 5050 1306 5088 anno
1361 5035 1570 5110 primo,
1621 5035 1746 5110 quia
1777 5051 1902 5110 _uo_n

2447 4752 2512 4789 ΕΤ
2561 4750 2835 4790 VICTORIUS
2876 4749 2927 4787 IN
2978 4749 3175 4788 CANONE
3214 4749 3476 4788 PASCHALI.

2008 4895 2147 5016 pties
2206 4911 2256 4958 ι,
2291 4911 2364 4948 vn
2405 4906 2707 4949 remanent.
2758 4895 2926 4965 Igitur
2977 4893 3133 4947 tertia
3179 4894 3310 4948 feria
3358 4895 3590 4949 incurrit

2032 4981 2136 5016 una
2167 4965 2436 5016 paschalis
2495 4980 2647 5016 xnn.
2681 4974 2738 5016 et
2781 4964 3094 5016 Dominicus
3144 4964 3266 5016 festi
3318 4966 3586 5016 paschalis

2032 4981 2045 5016 ι

2050 4981 2136 5017 ina
2167 4965 2436 5033 paschalis
2495 4980 2647 5027 xun,
2681 4974 2738 5019 et
2781 4964 3094 5018 Dominicus
3144 4964 3266 5019 festi
3318 4966 3586 5034 paschalis

2010 5034 2128 5087 dies
2159 5037 2284 5087 luna
2311 5052 2486 5088 xvnu.
2530 5036 2662 5089 Item
2698 5034 2906 5104 praefati
2953 5034 3142 5088 circuli
3180 5051 3356 5088 annus
3385 5051 3586 5090 secun-

334 5104 502 5165 habct
531 5119 746 5177 epactas
777 5108 992 5160 lunares
1024 5123 1118 5173 pro
1149 5122 1214 5158 eo
1243 5107 1385 5174 quod
1425 5121 1546 5158 cum
1599 5105 1723 5160 noni
1759 5105 1905 5177 deei-
1940 5107 1982 5162 ι)
2011 5104 2140 5177 dus,
2168 5122 2197 5177 a
2235 5121 2343 5174 quo
2385 5114 2608 5177 sumunt
2639 5105 2926 5177 exordium
2956 5113 3160 5173 epactaa
3187 5123 3269 5177 ῃ,
3297 5115 3354 5177 et
3398 5106 3590 5177 in_cidit

333 5183 406 5234 mi
443 5176 717 5232 inferioris
755 5177 881 5231 anni
914 5193 1078 5238 xvul,
1116 5184 1170 5228 et
1199 5191 1323 5228 suas
1355 5191 1407 5227 χι
1444 5186 1690 5242 epactas,
1725 5176 1907 5229 addito

333 5252 500 5304 etiam
535 5249 604 5302 ab
649 5247 914 5318 JEgyptiis
957 5247 1044 5300 die
1093 5258 1233 5306 uno,
1284 5246 1653 5318 Iicruntuxxx,
1691 5245 1741 5298 id
1793 5255 1904 5318 est,

333 5319 459 5373 luna
519 5315 739 5372 mensis
757 5315 933 5371 unius
978 5318 1216 5385 integra,
1272 5325 1330 5369 ct
1375 5315 1512 5368 nihil
1561 5324 1804 5368 remanet
1841 5315 1909 5368 de

331 5391 564 5459 epactis.
602 5389 668 5442 Et
705 5392 829 5458 quia
868 5388 922 5440 in
962 5388 1168 5455 Aprilio
1201 5400 1388 5459 mense
1413 5386 1617 5459 ;in_cidit
1664 5400 1729 5436 eo
1764 5399 1908 5438 anno

331 5457 462 5514 luna
494 5459 766 5530 paschalis
817 5474 966 5518 xun,
1001 5469 1125 5530 tene
1156 5457 1433 5530 regulares
1487 5457 1539 5530 in
1594 5470 1666 5530 eo_
1689 5470 1906 5523 semper

332 5525 512 5584 xxxv:
550 5529 819 5583 Subtrahe
877 5544 1016 5590 xxx,
1059 5527 1112 5580 id
1166 5525 1278 5589 est,
1327 5528 1438 5594 ipsa
1489 5528 1613 5578 luua
1655 5525 1898 5592 integra,

332 5609 619 5654 remanent.
661 5615 712 5652 v.
745 5599 945 5664 Quinta
976 5598 1060 5652 die
1091 5615 1119 5650 a
1166 5595 1420 5650 Kalendis
1446 5635 1460 5657 ,
1509 5596 1611 5648 hoc
1649 5595 1900 5664 cst.7No—

331 5672 418 5723 nis
473 5669 709 5738 Aprilis,
763 5667 1000 5721 occurrit
1050 5668 1176 5720 luna
1238 5682 1352 5720 xun
1413 5667 1701 5734 paschalis.
1753 5663 1901 5738 Tene

331 5756 495 5806 supra
523 5736 782 5806 scriptos
814 5756 860 5791 v.
925 5738 1076 5791 Adde
1128 5745 1182 5787 ct
1235 5746 1625 5790 concurrentes
1656 5736 1902 5800 ejusdem

331 5812 461 5863 anili
515 5827 544 5860 v
610 5808 770 5861 Fiunt
821 5826 871 5860 x.
907 5807 1016 5861 llos
1060 5807 1260 5876 partire
1307 5823 1402 5876 per
1433 5823 1533 5870 vn,
1577 5807 1627 5860 id
1681 5817 1759 5861 cst
1813 5821 1903 5860 sc-

2011 5173 2063 5226 in
2092 5173 2282 5228 eodem
2321 5190 2467 5228 anno
2513 5175 2639 5228 luna
2690 5174 2960 5244 paschalis
3013 5190 3133 5244 xuu
3187 5175 3381 5229 Martii.
3435 5175 3586 5229 Tene

2009 5261 2173 5298 xxxvr
2229 5246 2503 5314 regulares
2561 5246 2616 5298 in
2653 5243 2720 5298 eo
2771 5258 3006 5314 semper.
3052 5243 3325 5300 Subtrahe
3364 5254 3586 5314 epactas

2008 5330 2100 5394 xi,
2129 5323 2586 5394 remaneanxxv.
2636 5314 2901 5368 Vicesima
2935 5316 3138 5394 quinta
3171 5316 3258 5394 die
3306 5315 3510 5394 mensis
3554 5329 3585 5368 a

2006 5383 2263 5438 Kalendis
2297 5383 2504 5447 Martii,
2535 5400 2642 5453 qua
2682 5393 2766 5438 est
2793 5400 2891 5438 vm
2935 5383 3161 5440 Kalend.
3215 5385 3447 5453 Aprilis,
3489 5399 3586 5438 oc—

2005 5455 2178 5508 currit
2215 5455 2339 5507 luna
2369 5455 2666 5523 paschalis.
2704 5455 2757 5508 id
2781 5465 2864 5508 est
2895 5471 3031 5509 xnn.
3065 5456 3216 5509 Tene
3255 5471 3418 5521 supra
3449 5455 3586 5507 scri-

2007 5535 2130 5592 ptos
2156 5541 2280 5577 xxv.
2309 5525 2460 5578 Adde
2489 5535 2881 5579 concurrentes
2903 5526 3145 5594 ejusdem
3172 5525 3300 5578 anni
3329 5540 3378 5578 VI
3399 5565 3413 5586 ,
3447 5523 3586 5578 ﬁunt

2011 5611 2157 5648 xxxi.
2194 5595 2343 5648 Adde
2372 5609 2587 5662 semper
2619 5595 2673 5648 in
2723 5596 2830 5648 line
2865 5596 3025 5664 hujus
3060 5596 3262 5649 mensis
3311 5594 3588 5664 regulares

2008 5680 2111 5718 nn.
2145 5665 2252 5718 llos
2299 5664 2501 5732 partire
2547 5680 2646 5734 per
2689 5681 2798 5723 vn,
2842 5665 2893 5719 id
2930 5675 3014 5719 est
3067 5665 3266 5734 septies
3307 5666 3583 5734 quinque,

2012 5751 2174 5793 xxxv.
2207 5736 2446 5788 occurrit
2476 5733 2600 5788 luna
2639 5736 2910 5804 paschalis
2941 5752 3057 5789 xuu
3077 5733 3143 5788 et
3163 5734 3439 5788 Dominica
3470 5733 3588 5787 dies

2014 5805 2135 5858 I'esti
2171 5806 2439 5874 paschalis
2476 5806 2599 5859 luna
2635 5822 2720 5860 xv.
2767 5806 3188 5859 lterunrmense
3237 5805 3404 5874 Aprili
3442 5820 3589 5874 saepe
