4092 6296
173 373 320 441 1153

427 525 442 540 .
477 484 745 539 Amenon.

427 594 441 608 .
485 555 790 609 Metalarus.

430 665 444 678 .
481 626 708 678 Daorus.

427 735 441 750 .
481 695 854 751 Aedoraclius.

428 807 443 822 .
486 765 735 834 Ampliis.

429 879 440 890 .
482 834 742 890 Otiortes.

388 487 422 541 4

387 559 421 611 5

390 628 422 680 ti

389 697 420 751 7

388 766 423 820 8

389 837 422 891 9

360 909 446 961 10.
483 905 805 959 Xixuthrus.

245 978 362 1033 Hos
391 985 578 1031 auctor
608 975 864 1029 Clironici
907 973 1078 1046 nostri
1109 981 1266 1045 putat
1297 973 1476 1046 fuisse
1506 975 1751 1046 gigantes

171 1049 318 1108 illos,
351 1048 420 1102 de
449 1047 645 1116 quibus
665 1046 861 1100 divinae
896 1044 1125 1100 Littera!
1148 1044 1466 1111 meminere,
1507 1044 1597 1100 sed
1625 1056 1751 1099 ante

172 1119 442 1175 diluvium
470 1117 646 1170 claros
675 1126 807 1170 tunc
834 1117 979 1185 apud
1009 1130 1217 1170 omnes.

251 1189 367 1243 νυ.
431 1186 580 1250 Quod
626 1189 792 1238 multa
849 1187 1058 1239 malitia
1105 1196 1233 1239 esset
1275 1185 1542 1238 hominum
1595 1203 1753 1255 super

176 1270 400 1313 terram.
433 1256 655 1311 Occulta
702 1256 909 1310 Enochi
967 1256 1212 1310 referunt
1269 1257 1514 1326 gigantes
1555 1268 1752 1325 prreter

175 1331 280 1384 alia
304 1327 566 1382 veneficia
597 1326 799 1380 scelera
827 1336 884 1381 et
910 1327 1106 1396 flagitia
1136 1327 1404 1380 humanas
1433 1342 1626 1380 carnes
1655 1328 1750 1380 de-

212 1409 452 1462 ustasse,
487 1407 541 1450 et
566 1397 1046 1466 anthropophagos
1068 1397 1254 1451 fuisse.
1303 1397 1455 1448 Μετὰ
1482 1396 1536 1448 δὲ
1579 1396 1752 1450 ταῦτα

212 1417 452 1462 uStasse,
487 1417 541 1450 et
566 1417 1046 1466 autnropopnagos
1068 1417 1254 1451 misse.
1303 1417 1455 1448 tne-ca
1482 1417 1536 1448 οε
1579 1417 1750 1450 ταυτα

175 1417 418 1540 ξρξαντο
452 1469 499 1519 οἱ
524 1468 778 1534 γίγαντες
803 1467 1115 1520 κατεσθίειν
1145 1468 1244 1528 τὰς
1273 1467 1480 1536 σάρκας
1503 1465 1612 1518 τῶν
1651 1469 1750 1519 ἀν-

176 1541 448 1606 θρώπων’
505 1538 660 1606 plura
706 1548 989 1591 enumerat
1039 1537 1097 1590 S.
1153 1537 1480 1606 Methodius
1524 1546 1746 1606 martyr,

213 1571 415 1609 γιυιιιων
505 1571 660 1606 γιυια
706 1571 989 1591 υιιυιιιυιιιι
1039 1571 1097 1590 υ.
1153 1571 1462 1591 ιῖιῡιιιυυιυσ
1524 1571 1628 1590 IIICI
1647 1571 1714 1606 ιιι
1733 1577 1746 1598 ν

175 1605 342 1680 quem
375 1605 680 1680 nonnemo
711 1607 913 1680 frustra
958 1607 1156 1680 refutat
1187 1616 1408 1680 propter
1436 1605 1751 1673 ἀλογιστέαν

176 1677 569 1746 chronologiae.
621 1677 1198 1740 Animadvertendum,
1231 1677 1284 1730 in
1313 1687 1615 1746 temporum
1661 1693 1751 1730 ra-

175 1760 330 1804 tione
376 1750 586 1802 nullum
633 1762 752 1801 esse
783 1762 1023 1801 errorem
1056 1749 1198 1817 apud
1247 1747 1601 1811 Methodium,
1656 1747 1750 1801 sed

176 1820 325 1889 apud
369 1827 740 1889 enarratorem
777 1818 894 1885 ejus
922 1819 1293 1889 Comestoreni
1343 1817 1548 1889 (etqui
1603 1817 1749 1889 illum

177 1887 504 1959 sequuntur)
536 1887 648 1959 qui,
675 1888 1203 1959 pessimeititellecta
1232 1887 1500 1959 Myethodiir
1531 1888 1748 1940 ratioci-

181 1957 432 2025 natione,
467 1957 546 2012 tot
594 1958 853 2011 eliiliades
893 1958 1068 2019 tinxit,
1103 1967 1236 2026 quot
1268 1957 1575 2012 Metliodius
1606 1973 1750 2010 nun-

180 2045 347 2099 quam
395 2029 668 2098 cogitavit.
695 2027 979 2099 Altecitabo
1027 2027 1142 2096 ipsa
1184 2029 1346 2082 verba
1381 2027 1656 2091 Methodii,
1698 2039 1753 2081 et

181 2095 510 2170 subiungam
533 2099 663 2152 falsa
684 2095 1015 2170 Gomestoris
1043 2095 1384 2170 glossemata.
1415 2117 1432 2149 ε
1458 2099 1752 2170 Sciendum

182 2168 422 2240 namque
452 2178 534 2224 est
566 2169 664 2238 (δ),
710 2169 887 2240 inquit
934 2168 1262 2240 Methodius,
1287 2175 1552 2223 exeuntes
1581 2169 1753 2222 Adam

179 2250 234 2294 et
289 2238 456 2294 Evam
504 2240 571 2293 de
606 2238 855 2306 paradiso
897 2239 1132 2308 virgines
1157 2238 1348 2292 fuisse.
1378 2242 1539 2292 Anno
1569 2248 1752 2292 autem

181 2311 463 2365 tricesimo
497 2308 833 2378 expulsionis
858 2324 1052 2363 eorum
1080 2308 1146 2361 de
1173 2309 1423 2378 paradiso
1447 2315 1757 2379 genuerunt

181 2380 605 2450 primogenitum
635 2388 689 2432 et
717 2394 960 2433 sororem
991 2379 1110 2447 ejus
1140 2379 1426 2432 Deboram.
1471 2383 1630 2450 Anno
1657 2394 1757 2450 au-

185 2456 295 2504 tem
339 2449 617 2505 tricesimo
657 2450 956 2503 centesimo
1008 2450 1134 2502 vitae
1189 2450 1319 2502 Adae
1371 2449 1568 2502 occidit
1622 2449 1756 2502 Cain

184 2520 413 2575 fratrem
458 2534 615 2574 suum
659 2519 815 2584 Abel,
869 2528 923 2572 et
969 2517 1215 2573 fecerunt
1267 2519 1543 2588 planctum
1595 2534 1760 2588 super

183 2605 331 2644 eum.
365 2591 540 2644 Adam
566 2603 784 2659 quoque
813 2598 868 2642 et
897 2587 1006 2640 Eva
1035 2588 1196 2642 annis
1225 2587 1464 2643 centum.
1488 2587 1760 2644 Ducente-

184 2662 326 2716 simo
355 2670 540 2714 autem
591 2661 866 2714 tricesimo
894 2673 1038 2712 anno
1091 2659 1251 2728 primi
1299 2660 1586 2714 millenarii
1618 2660 1761 2728 quod

189 2739 274 2784 est
319 2730 560 2800 primum
605 2730 893 2801 saeculum,
920 2736 1082 2782 natus
1113 2738 1197 2782 est
1230 2729 1363 2783 Setli
1408 2730 1488 2785 vir
1513 2731 1662 2801 gigas
1706 2733 1763 2783 in

185 2800 605 2855 similitudinem
637 2800 786 2852 Adae.

264 2889 283 2920 ι
316 2869 767 2940 Quingentesimo
793 2883 922 2922 vero
950 2883 1096 2922 anno
1126 2867 1179 2920 in
1223 2867 1413 2940 eadem
1441 2869 1610 2937 prima
1641 2869 1759 2922 chi-

183 2940 353 3005 liade,
389 2938 489 2995 lilii
509 2941 644 2993 Cain
685 2940 1051 2992 abutebantur
1081 2938 1342 2992 uxoribus
1382 2939 1609 2992 fratrum
1641 2957 1766 2993 suo-

189 3028 312 3065 rum
343 3013 398 3064 in
424 3010 873 3065 fornicationibus
904 3008 1108 3062 nimiis.
1145 3009 1552 3062 Sexcentesimo
1586 3019 1767 3063 autem

187 3097 332 3134 anno
363 3082 534 3151 ipsius
555 3079 859 3151 millenarii,
895 3079 996 3131 viri
1039 3092 1235 3151 magno
1258 3089 1446 3151 stupro
1476 3082 1676 3132 amoris
1714 3087 1770 3132 et

187 3149 596 3215 fornicationis,
646 3158 701 3204 et
749 3149 978 3203 istorum
1041 3150 1299 3202 mulieres
1341 3149 1589 3218 collapsa}
1644 3158 1770 3202 sunt

187 3223 272 3276 vel
304 3221 537 3286 diffusae,
573 3229 625 3274 et
661 3220 715 3272 in
744 3219 1015 3274 vesaniam
1046 3233 1218 3271 versae
1256 3228 1401 3281 sunt,
1442 3229 1547 3273 etc.
1580 3219 1768 3273 Octin-

189 3292 495 3361 gentesimo
525 3305 655 3361 vero
693 3304 837 3344 anno
859 3290 1000 3361 vitte
1019 3287 1149 3342 Adm
1192 3288 1471 3361 dilatatam
1494 3298 1773 3361 est‘super

194 3358 396 3415 terram
438 3360 811 3415 fornicationis
857 3358 1324 3427 inquinamentum
1359 3373 1390 3412 a
1435 3358 1557 3412 liliis
1587 3358 1770 3413 fratri-

191 3431 332 3485 cidae
360 3430 517 3485 Cain.
578 3430 817 3484 Mortuus
863 3439 946 3482 est
995 3439 1175 3482 autem
1216 3431 1384 3482 Adam
1420 3444 1565 3483 anno
1632 3445 1772 3482 nou-

227 3502 498 3555 entesimo
519 3509 573 3555 et
598 3501 870 3554 tricesimo
890 3500 1013 3554 vitae
1033 3514 1144 3553 suae
1168 3499 1221 3552 in
1247 3503 1422 3568 primo
1445 3501 1769 3554 millenario.

218 3573 263 3624 5t
310 3583 442 3625 tunc
469 3571 739 3626 distincta:
773 3579 901 3624 sunt
929 3570 1308 3637 generationes
1339 3571 1407 3623 ab
1431 3571 1682 3631 invicem,
1715 3580 1775 3624 ut

192 3651 326 3712 puta
358 3643 638 3712 generatio
680 3641 810 3694 Setb
852 3657 882 3693 a
916 3640 1236 3712 cognatione
1273 3639 1425 3694 Cain.
1458 3641 1524 3712 Et
1552 3641 1776 3694 abstulit

198 3711 335 3764 Setb
368 3710 520 3765 suam
562 3712 938 3780 cognationem
969 3725 1187 3763 sursum
1215 3710 1272 3780 in
1298 3711 1584 3779 quemdam
1617 3726 1775 3765 mon-

195 3790 329 3845 tem,
353 3782 444 3850 qui
473 3789 591 3836 erat
624 3778 900 3850 proximus
923 3779 1190 3848 paradiso.
1225 3778 1392 3833 Porro
1421 3781 1555 3834 Cain
1586 3789 1640 3834 et
1673 3783 1776 3835 hu-

139 3853 145 3860 '
193 3850 285 3918 jus
315 3853 566 3921 cognatio
616 3853 668 3903 in
719 3866 930 3921 campo
961 3850 1296 3913 habitabant,
1339 3852 1392 3903 in
1428 3865 1536 3919 quo
1588 3859 1643 3905 et
1675 3867 1776 3907 ne-

199 3919 428 3975 landum
463 3921 643 3975 fratris
678 3919 1028 3975 homicidium
1066 3921 1412 3988 perpetravit.
1446 3939 1463 3969 ι

273 3991 696 4055 Animadvertis,
746 3991 1101 4058 lector,juste
1132 4005 1162 4042 a
1219 3990 1494 4045 Metliodio
1543 4005 1778 4060 expensa

200 4076 473 4115 annorum
527 4071 801 4130 tempora,
846 4060 1182 4130 septuaginta
1235 4061 1452 4115 Patrum
1493 4075 1778 4115 numerum

199 4141 412 4185 secuto.
446 4131 551 4187 Sed
584 4130 773 4186 Petrus
815 4132 902 4185 ille
933 4131 1218 4184 Comestor
1258 4146 1350 4184 sus
1401 4131 1576 4200 deque
1617 4133 1780 4186 vertit

201 4202 409 4264 omnia,
441 4217 564 4256 cum
589 4202 676 4255 illa
709 4200 961 4272 Methodii
995 4201 1157 4272 verba
1188 4202 1435 4270 exposuit
1463 4218 1477 4254 :
1511 4204 1780 4272 quingen-

201 4272 400 4326 tesimo
432 4287 584 4343 anno
613 4273 801 4343 prima:
834 4271 1105 4335 cbiliadis,
1137 4272 1190 4324 id
1219 4280 1322 4335 est,
1355 4271 1529 4340 inquit
1560 4271 1780 4343 Petrus,

202 4341 591 4422 postnprimam
615 4341 931 4422 cniliadem,
951 4344 1094 4410 quod
1126 4358 1153 4394 a
1176 4353 1354 4422 mente
1385 4341 1640 4422 etnverbis
1672 4343 1783 4397 Me-

203 4411 376 4466 thodii
404 4421 613 4466 tantum
644 4414 815 4483 abest,
839 4421 1098 4481 quantum
1125 4427 1154 4483 a
1180 4411 1418 4483 Gadibus
1436 4412 1665 4483 Ganges,
1691 4422 1784 4467 aut

203 4484 405 4537 caelum
436 4499 465 4536 a
500 4491 660 4536 terra.
714 4482 1016 4551 Methodius
1054 4482 1198 4535 enim
1231 4482 1459 4551 primam
1493 4482 1783 4537 cbiliadctn

1371 364 1676 426 ΜΑΤΤᾹΞΙ
1720 365 2011 428 RADERI
2039 365 2274 427 ΝΟΤᾸΞ.

1777 487 1821 542 Α
1851 480 1978 534 dum
2011 480 2144 534 ordo
2185 478 2320 548 ipse‘
2351 485 2406 531 et
2445 474 2688 530 Graecum
2737 473 3014 548 exemplar
3050 472 3274 548 docent;
3315 490 3425 548 non

3286 355 3424 424 1154

1858 551 2128 604 tricesimo
2179 544 2620 618 quadragesimo,
2676 545 2751 599 uti
2800 544 3175 618 librarii,_non
3215 545 3429 600 Metho-

1852 622 1950 684 dii,
1973 615 2296 674 manifestus
2316 615 2488 686 error)
2516 615 3052 686 secundiimillenarii
3071 623 3430 686 surrexerunt

1853 691 1956 744 viri
1996 691 2150 745 malae
2179 691 2310 744 artis
2342 684 2653 742 inventores
2681 685 2878 754 iniqui,
2912 692 2968 738 et
3008 684 3430 754 omninequitia

1853 761 1999 830 pleni
2025 777 2090 814 ex
2120 761 2242 814 filiis
2267 759 2422 822 Cain,
2456 768 2514 810 ut
2537 757 2738 830 Jfgobetli
2758 753 3016 830 Tholucel
3046 755 3136 830 lilii
3171 753 3428 830 Lameeh,

1851 826 1944 897 qui
1970 831 2073 884 fuit
2103 846 2298 895 cacus,
2331 831 2424 898 qui
2458 837 2513 882 et
2549 828 2682 882 Cain
2728 827 3032 889 interfecit;
3075 826 3137 898 in
3168 840 3300 892 quos
3331 829 3432 879 do-

1853 896 2094 956 minatus
2138 896 2402 963 diabolus,
2437 900 2704 952 convertit
2743 912 2837 951 eos
2887 907 3074 967 postea
3115 896 3180 967 in
3212 910 3430 950 onmem

1853 980 2026 1024 artem
2057 972 2340 1042 magicam,
2381 981 2436 1024 et
2466 985 2684 1023 onmem
2718 965 2955 1038 speciem
2987 965 3248 1020 musicam
3281 983 3436 1019 com-

1891 1041 2110 1094 onendi.

1891 1056 2110 1094 oneum.

1851 1056 2133 1192 p__tA1itio
2193 1121 2373 1165 autem
2425 1108 2860 1192 quingentesimo
2884 1106 3113 1192 secundi
3146 1107 3434 1188 millenarii

1853 1183 2033 1236 adhuc
2063 1182 2226 1235 etiam
2256 1178 2578 1234 exarserunt
2618 1182 2670 1232 in
2700 1178 2986 1232 nefandam
3023 1178 3435 1231 fornicationem

1855 1268 2047 1306 omnes
2081 1251 2332 1305 homines
2375 1253 2429 1304 in
2474 1253 2667 1304 castris
2704 1250 2861 1306 Cain.
2900 1263 3029 1314 eic.;
3063 1250 3436 1317 septingente-

1854 1322 1993 1375 simo
2024 1330 2204 1376 autem
2239 1324 2307 1375 ab
2354 1337 2500 1376 anno
2533 1321 2793 1389 temporis
2821 1320 3028 1383 Jarctli,
3071 1319 3281 1372 scilicet
3315 1320 3438 1372 vitae

1853 1407 1986 1454 sum,
2013 1393 2062 1446 in
2093 1393 2327 1446 secunda
2351 1393 2605 1454 chiliade,
2639 1391 2944 1458 composuit
2973 1391 3241 1460 malignus
3263 1398 3318 1442 et
3350 1391 3438 1442 in-

1853 1462 2026 1516 festus
2059 1463 2302 1516 diabolus
2326 1464 2524 1516 bellum
2575 1461 2948 1515 fornicationis
2980 1461 3274 1528 adjuugere
3313 1461 3440 1515 filiis

1853 1532 2008 1598 Setli,
2046 1543 2105 1586 ut
2157 1540 2610 1601 cuneiipisceretit
2668 1533 2802 1585 filias
2829 1532 2978 1592 Cain,
3015 1540 3070 1584 et
3099 1530 3306 1598 profusi
3339 1547 3439 1599 ap-

1853 1613 2158 1673 paruerunt
2207 1605 2448 1673 gigantes
2499 1618 2664 1671 super
2707 1611 2912 1673 terram
2954 1602 3020 1654 de
3067 1601 3220 1673 Setli,
3251 1602 3339 1668 qui
3383 1602 3438 1655 in

1852 1671 2060 1742 peccati
2100 1671 2314 1727 foveam
2357 1673 2488 1742 lapsi
2526 1673 2846 1726 atrocissimi
2893 1671 3130 1742 fuerunt.
3171 1672 3236 1724 Et
3271 1673 3439 1742 iratus

1855 1741 2120 1797 Dominus
2157 1743 2297 1796 Deus
2345 1741 2735 1812 iniexpletione
2767 1742 2993 1797 secundi
3035 1741 3320 1794 millenarii
3356 1743 3439 1796 fa-

1782 1840 1824 1896 B
1854 1822 2000 1896 ctum
2031 1814 2396 1896 estdiluvium
2429 1829 2715 1896 aquarum,
2750 1833 2768 1864 ι
2808 1825 2912 1896 etc.

1925 1885 2123 1954 Legisti
2167 1885 2406 1937 secunda
2447 1884 2680 1937 'cliiliade
2711 1884 2924 1952 expleta
2959 1883 3172 1954 factum
3199 1898 3318 1936 esse
3359 1883 3442 1937 di-

1852 1953 2094 2018 luvium,
2137 1954 2241 2008 hoc
2285 1967 2386 2017 est,
2437 1955 2520 2006 bis
2565 1954 2854 2006 millesimo
2899 1953 3272 2010 ducentesimo
3305 1969 3438 2022 qua-

1855 2025 2159 2094 dragesimo
2199 2025 2437 2078 secundo
2470 2022 2784 2094 [MMCCLXH],
2823 2034 2882 2077 ut
2915 2023 3054 2092 apud
3087 2023 3441 2091 Septuaginta

1856 2094 2021 2149 hodie
2059 2095 2276 2164 legitur,
2334 2106 2387 2148 et
2431 2097 2558 2164 olim
2591 2095 2888 2163 legebatur,
2938 2104 2991 2147 et
3038 2095 3441 2163 clironograplii

1854 2161 2287 2234 praestantissimi
2351 2161 2613 2228 scribu'nt,
2650 2161 2963 2233 quanquam
3007 2165 3219 2217 Hebrzei
3256 2161 3316 2216 et
3343 2161 3440 2218 lio-

1856 2235 1945 2290 die
2002 2235 2172 2288 Latini
2233 2236 2413 2304 legant
2463 2251 2676 2288 unam.
2727 2234 3035 2288 Mctlii‘idius
3077 2249 3206 2303 ergo
3259 2235 3442 2288 minus

1856 2305 2048 2377 potius
2068 2321 2227 2374 quam
2262 2307 2380 2377 plus
2406 2321 2503 2374 pro
2531 2305 3011 2377 GI‘EBCtB‘ECCIeSitB
3046 2305 3445 2377 consuetudine

1859 2375 1916 2430 et
1951 2376 2161 2429 ratione
2191 2376 2364 2444 ponit,
2404 2391 2528 2428 cum
2571 2375 2625 2427 in
2670 2375 2878 2443 expleta
2921 2377 3157 2429 secunda
3189 2375 3440 2438 cliiliade,

1861 2447 1968 2500 hoc
2015 2456 2099 2500 est
2129 2446 2210 2499 bis
2255 2445 2562 2510 millesimo,
2609 2446 2872 2499 accidisse
2919 2445 3183 2498 diluvium
3233 2445 3442 2500 scribit.

1862 2515 2138 2585 lnterpres
2174 2515 2433 2569 Methodii
2481 2515 2630 2568 rudis
2660 2521 2714 2568 et
2765 2515 3198 2580 barbarusrfuit;
3230 2517 3446 2569 numeri

1860 2585 2278 2641 mendosissime
2338 2586 2489 2648 editi,
2542 2587 2772 2639 fortasse
2823 2589 2986 2639 etiam
3034 2586 3102 2639 ab
3150 2589 3448 2654 interprete

1863 2672 1973 2710 non
2017 2655 2297 2710 intellecti.
2329 2655 2532 2709 Auctor
2558 2655 2862 2710 Metliodius
2906 2657 2987 2708 vir
3029 2656 3266 2726 ingentis
3299 2658 3448 2726 inge-

1866 2727 1964 2790 nii,
2001 2726 2284 2796 doctrinae,
2315 2726 2643 2796 sanctitatis,
2677 2728 2792 2795 qui,
2826 2734 2983 2796 teste
3016 2727 3202 2786 Suida,
3235 2724 3448 2796 Olympi

1865 2796 2028 2860 filius,
2057 2795 2352 2866 Patarisdin
2413 2795 2569 2865 Lycia
2605 2806 2787 2858 natus,
2821 2795 2944 2866 Tyri
2993 2796 3096 2850 fuit
3138 2795 3447 2866 episeOpus,

1867 2877 1924 2920 et
1967 2865 2127 2919 Decio
2177 2881 2240 2920 ac
2270 2864 2555 2919 Valeriano
2609 2866 2662 2919 in
2693 2864 3034 2921 Christianos
3079 2864 3448 2930 saevientibus,

1867 2952 1968 3006 pro
1999 2935 2221 3006 Christo
2249 2933 2506 2989 Chalcide
2541 2937 2815 3006 occubuit.
2847 2938 3125 2991 Laudatur
3153 2954 3181 2990 a
3227 2936 3284 2989 l).
3324 2937 3452 2991 llic-

1869 3004 2116 3070 ronymo,
2153 3004 2366 3070 Photio,
2397 3006 2582 3059 Suida.
2617 3005 2674 3059 ln
2723 3008 2871 3061 hunc
2918 3007 3177 3061 Metliodii
3209 3007 3451 3062 libellum

1871 3065 2048 3144 capita
2095 3065 2710 3146 quinque'conscripsit
2756 3077 2867 3144 jam
2917 3078 3047 3131 olim
3098 3076 3456 3146 Wolfgangus

1871 3146 2116 3214 Aitinger
2156 3148 2415 3215 Augustae
2459 3145 2666 3199 Vindel.
2714 3149 2967 3208 clericus,
3015 3156 3072 3201 ut
3103 3148 3218 3216 ipse
3256 3145 3316 3200 in
3347 3145 3454 3201 line

1876 3216 1997 3269 libri
2031 3231 2188 3268 suum
2250 3230 2449 3285 nomen
2481 3217 2751 3285 ascripsit.
2807 3218 2911 3272 Sed
2943 3218 3010 3272 de
3059 3220 3236 3271 causis
3265 3217 3455 3271 diluvii

1877 3299 2076 3356 omnes
2117 3293 2225 3338 tam
2259 3284 2432 3340 Graeci
2458 3284 2640 3354 quam
2668 3287 2843 3341 Latini
2886 3288 3024 3351 fuse,
3061 3295 3120 3340 ut
3152 3288 3236 3341 liic
3274 3302 3459 3356 opera:

1878 3371 1988 3425 non
2036 3355 2108 3409 sit
2139 3356 2364 3410 verbum
2411 3356 2631 3410 addere.
2673 3358 2757 3411 An
2807 3372 2966 3425 porro
2996 3357 3207 3412 libellus
3253 3355 3340 3410 hic
3388 3358 3460 3410 sit

1877 3424 2139 3480 Methodii
2205 3440 2493 3495 germanus
2544 3437 2753 3495 partus,
2808 3424 2918 3481 non
2966 3429 3201 3497 disputo,
3246 3435 3458 3481 tantum

1881 3497 1948 3551 de
1972 3496 2156 3565 iniqua
2182 3497 2514 3552 Comestoris
2564 3498 3010 3566 interpretatione
3052 3496 3278 3567 questus
3311 3514 3456 3562 sum,

1889 3582 1994 3636 qua
2022 3568 2157 3621 alios
2182 3567 2344 3622 etiam
2380 3567 2435 3619 in
2469 3582 2709 3621 errorem
2739 3569 2972 3622 induxit.

1957 3636 2091 3691 Vlll.
2120 3640 2162 3690 Α
2193 3637 2388 3691 diluvio
2419 3653 2582 3707 usque
2611 3639 2682 3691 ad
2708 3638 3022 3692 molitionem
3060 3640 3222 3692 turris
3250 3655 3463 3692 censen-

1885 3718 1972 3762 tur
1997 3709 2129 3762 anni
2177 3723 2353 3762 ocux.
2409 3707 2745 3778 Nicepliorus
2784 3713 2921 3763 duos
2954 3710 3120 3763 addit.
3167 3709 3293 3763 Post
3322 3709 3464 3762 dilu-

1881 3779 2052 3843 vium,
2090 3778 2286 3842 inquit,
2321 3793 2466 3831 anno
2509 3780 2749 3833 secundo
2781 3779 2976 3834 Senius
3007 3780 3148 3833 ﬁlius
3170 3780 3280 3833 Noe
3302 3788 3465 3833 natus

1883 3864 2056 3904 annos
2105 3859 2327 3920 centum
2381 3850 2568 3919 genuit
2607 3849 2920 3919 Arphaxad.
2971 3851 3076 3904 Sed
3124 3849 3466 3920 Nicepliorus

1882 3934 1994 3973 non
2027 3928 2242 3974 constat
2289 3919 2414 3989 sibi,
2461 3934 2585 3972 cum
2621 3935 2784 3989 supra
2823 3921 3022 3975 dixerit
3053 3919 3277 3975 Semuni
3319 3935 3467 3974 anno

1884 3991 2320 4058 quingentesimo
2351 3988 2546 4042 Noetbi
2592 3988 2780 4043 natum
2810 4005 2951 4054 esse,
2980 4000 3034 4045 et
3064 3991 3467 4045 sexcentesimo

1885 4059 2088 4114 factum
2114 4059 2398 4119 diluvium,
2426 4075 2533 4128 quo
2558 4074 2702 4112 anno
2729 4059 2923 4115 Semus
2950 4064 3061 4128 egit
3081 4061 3466 4115 centesimum.

1884 4129 2004 4183 Non
2033 4143 2162 4199 ergo
2197 4128 2386 4198 genuit
2412 4144 2558 4183 anno
2594 4130 2896 4184 centesimo
2928 4131 3336 4199 Arpbaxadum,
3370 4131 3466 4184 sed

1887 4199 2189 4253 centesimo
2217 4199 2479 4260 secundo,
2522 4199 2614 4268 qui
2646 4214 2822 4254 annus
2852 4213 2936 4255 est
2969 4216 3141 4255 ncnxr.
3177 4201 3471 4254 Enimvero

1888 4285 1954 4322 ex
1979 4269 2159 4323 Contii
2201 4269 2486 4323 tralatione
2535 4270 2702 4324 codex
2729 4269 2975 4340 Graecus
3007 4271 3296 4340 Nicephori
3320 4270 3472 4338 juste

1891 4340 2304 4410 liabetcentum
2352 4354 2547 4392 annos.
2594 4339 2750 4410 Μετὰ
2789 4340 2882 4393 τὸν
2929 4339 3310 4410 κατακλὺσμὸν
3338 4340 3472 4410 νΣὴμ.

1891 4407 2141 4490 υἱὸίΝὼε
2170 4409 2521 4490 γελνέμενοςρθ
2551 4409 2688 4490 ὲτιῶν
2711 4413 2873 4490 γεννᾷ
2898 4411 2987 4464 τὸν
3013 4407 3302 4490 ’Δρςραξάᾶ
3323 4407 3471 4490 Iliad:

1891 4480 2055 4533 modo
2086 4495 2186 4534 ms.
2214 4480 2494 4534 Athanasii
2520 4481 2686 4536 codex
2719 4480 2902 4550 ipsum
2929 4480 3288 4536 centesimum
3322 4480 3472 4535 ειρωί

203 4531 465 4623 ἐιῖῥὲἱὶἐιῖ
496 4531 668 4606 sane;
714 4531 1031 4608 sunt};
1058 4531 1460 4620 tenearis
1499 4531 1788 4609 ὦῖῆὲὦῖιὶό
1820 4531 1866 4587 Ῑ)
1893 4531 2096 4623 animi.
2127 4531 2315 4623 ponit;
2346 4531 3472 4623 *(linigera)?in;'cth'ii'.'.'.;.";.da‘aé

204 4624 422 4695 finitos.
469 4623 556 4676 Illa
588 4637 716 4694 ergo
747 4623 908 4695 verba
942 4623 1394 4695 (quingentesimo
1428 4638 1571 4695 anno
1597 4625 1788 4693 prima:

206 4693 479 4763 ehiliadis)
517 4693 670 4746 sunt
698 4693 978 4764 referenda
1031 4693 1117 4751 ad
1148 4694 1642 4764 quingentesimum
1685 4709 1786 4764 an-

204 4779 341 4817 num
374 4761 498 4817 vit-.e
531 4761 743 4826 Adami,
776 4779 886 4818 non
927 4766 993 4819 ad
1038 4761 1386 4820 millesimum
1415 4763 1786 4834 quingentesi—

207 4851 358 4906 mum
417 4842 556 4906 post
597 4834 883 4906 Adamum.
926 4835 1182 4906 Sequitur
1224 4835 1371 4888 enim
1416 4835 1682 4906 Adatnum
1730 4834 1787 4887 in

205 4904 386 4973 primo
425 4903 770 4966 ’millenario,
827 4919 938 4958 non
977 4903 1100 4976 post
1140 4906 1373 4974 primum
1424 4905 1787 4976 millenarium

208 4989 332 5029 esse
364 4985 662 5039 mortuum,
686 4984 932 5028 mortuus
961 4974 1044 5030 est
1074 4975 1218 5029 enim
1245 4989 1389 5028 anno
1422 4974 1548 5028 930.
1587 4975 1787 5030 Defue-

209 5053 339 5116 runt
377 5046 558 5099 adhuc
590 5046 658 5116 ad
706 5045 934 5113 primam
977 5046 1260 5100 chiliadem
1308 5046 1522 5114 plenam
1568 5055 1790 5116 septua-

208 5114 357 5185 ginta
395 5116 544 5168 anni.
585 5113 871 5185 Subjtingit
902 5126 1086 5185 postea
1128 5113 1449 5170 Methodius.

281 5185 707 5256 Quadragesimo
731 5196 912 5239 autem
942 5201 1085 5240 anno
1103 5187 1433 5255 temporibus
1451 5185 1636 5240 Jareth
1665 5201 1794 5256 per-

209 5256 409 5326 transit
475 5256 711 5324 primum
757 5256 1111 5310 millenarium
1158 5271 1252 5310 seu
1290 5259 1462 5326 prima
1496 5257 1792 5325 generatio.

210 5325 572 5398 Rectissime;
614 5342 739 5380 nam
791 5326 1031 5381 Malaleel
1064 5342 1208 5380 anno
1251 5325 1438 5380 mundi
1467 5326 1571 5381 960
1603 5328 1795 5398 genuit

208 5396 494 5460 Jaredum,
531 5396 712 5450 Jaredi
783 5412 910 5467 ergo
959 5399 1370 5467 quadragesimo
1425 5396 1797 5452 aetatis—anno

212 5467 534 5535 pertransiit
569 5469 739 5538 prima
778 5469 968 5522 cliilias
994 5484 1280 5522 annorum.

687 5582 934 5652 Sequitur
962 5584 1016 5636 in
1045 5581 1326 5636 Melhodio.

293 5692 312 5724 ‹
336 5674 499 5729 Anno
515 5684 695 5729 autem
729 5674 1263 5744 quadringentesimo
1291 5675 1473 5729 .lareth
1501 5675 1594 5745 (ita
1619 5674 1781 5745 legen.

288 5837 364 5909 (8)
401 5838 476 5893 Ex
507 5837 727 5906 antiquo
758 5834 1066 5906 interprete.

1897 4621 2032 4692 duos
2051 4635 2242 4692 annos:
2272 4619 2408 4674 Cum
2457 4635 2520 4674 ex
2554 4622 2690 4676 Gen.
2725 4639 2847 4692 cap.
2879 4640 2956 4685 χι,
2993 4623 3202 4692 Moyses
3242 4621 3471 4676 affirmet

1895 4690 2114 4763 quidem
2151 4705 2181 4763 a
2210 4688 2394 4763 Senio,
2438 4682 2856 4763 annosecundo
2884 4682 3007 4763 post
3039 4682 3300 4747 diluvium
3324 4691 3476 4759 geni-
3560 4731 3564 4735 ρ

1897 4769 2010 4834 tum
2034 4761 2440 4834 Arphaxadum,
2458 4763 2553 4816 sed
2583 4762 2804 4818 Setnum
2829 4761 2936 4818 non
2956 4764 3031 4816 ait
3050 4765 3223 4834 egisse
3247 4771 3472 4834 tumicn,

1895 4832 1991 4904 sed
2038 4831 2398 4904 centesimum
2447 4841 2680 4898 tantum,
2720 4850 3033 4904 quanquam
3076 4831 3222 4887 mtuo
3263 4849 3325 4886 nc
3359 4833 3476 4888 Noe

1896 4901 2086 4973 fuisse;
2120 4901 2382 4956 diluvium
2422 4914 2648 4958 narrent
2702 4901 3156 4966 sacrm—Littera,
3189 4920 3296 4973 quo
3332 4919 3478 4957 anno

1891 4972 2006 5041 jam
2054 4969 2250 5026 Semus
2298 4980 2416 5042 erat
2456 4983 2674 5027 centum
2725 4990 3030 5038 annorum,
3079 4969 3220 5042 ergo
3256 4975 3479 5028 biennio

1898 5051 2020 5113 post
2047 5057 2141 5096 cn.
2172 5043 2254 5095 An
2309 5041 2504 5107 Moses,
2537 5044 2797 5114 neglectis
2829 5045 3043 5099 duobus
3075 5041 3252 5111 annis,
3286 5056 3478 5098 rotun-

1897 5115 2025 5169 dum
2047 5128 2334 5166 numerum
2365 5122 2448 5166 est
2476 5117 2733 5168 secutus?

1974 5184 2109 5237 Illud
2140 5184 2243 5237 hoc
2300 5182 2400 5254 loci
2429 5183 2565 5254 galba
2603 5185 2899 5240 notandum
2930 5199 3162 5254 gemma,
3197 5188 3394 5239 Lucam
3425 5185 3478 5238 in

1901 5253 2106 5309 Christi
2165 5253 2496 5325 genealogiag
2542 5257 2893 5321 recensenda,
2937 5253 3076 5310 ﬁcum
3136 5257 3482 5325 septuaginta

1905 5332 2113 5394 septem
2142 5322 2323 5394 patres
2354 5322 2567 5394 familia:
2596 5335 2867 5388 numerat,
2908 5336 3154 5380 secutum
3187 5322 3306 5380 esse
3337 5322 3482 5378 LXX

1909 5392 2199 5466 Séniorum
2239 5392 2613 5466 gScripturain,
2663 5400 2879 5464 quando
2937 5395 3245 5466 Arphaxadi
3311 5395 3481 5466 filium

1904 5465 2127 5535 scripsit
2159 5464 2402 5536 Cainam,
2441 5465 2533 5532 qui
2564 5463 2752 5520 nec’in
2784 5463 3030 5522 Hebraeis
3059 5477 3243 5536 postea
3274 5463 3482 5518 codici-

1903 5534 2027 5598 bus,
2080 5549 2180 5588 nec
2201 5534 2429 5605 vulgatis
2482 5536 2812 5594 editionibus
2859 5534 3071 5592 Latinis
3101 5545 3346 5605 repertus
3374 5543 3479 5605 est.

1902 5622 2064 5675 quam
2089 5604 2512 5658 controversiam
2544 5622 2666 5660 cum
2699 5609 3006 5663 divinarum
3039 5603 3364 5675 Litterarum
3398 5603 3483 5655 in-

1903 5674 2171 5746 terpretes
2205 5681 2455 5740 tractant,
2485 5675 2678 5731 mirum
2721 5689 2982 5749 quantum
3014 5679 3154 5732 inter
3180 5691 3238 5730 se
3267 5674 3481 5729 dissen-
