4092 6296
651 335 786 403 1159

1764 327 2124 390 ΜΛΤΤΠᾹΞΙ
2168 326 2461 387 RADERI
2492 325 2728 386 NOTAE.

3744 327 3854 397 1160

642 450 846 517 Martyr
887 462 1024 500 enim
1076 446 1190 515 ipsa
1242 443 1512 517 piaculum
1559 445 1851 517 detestata,
1899 443 2128 517 gratiam
2173 451 2221 495 et
2252 447 2297 504 Α
2325 442 2505 517 lunam
2524 440 2688 517 primi
2707 439 2929 517 mensis,
2955 446 3028 501 et,
3055 439 3346 517 quodinde
3366 437 3855 517 sequitur,‘l_5Apt-t-

643 514 837 575 donum
877 519 930 570 id
992 514 1240 569 cohibuit.
1294 514 1723 583 Haudquaquam
1767 514 1904 565 enim
1966 515 2046 582 fas
2093 529 2220 577 esse,

645 602 822 643 tacens
853 589 992 641 enim
1020 586 1246 648 dicebat,
1279 597 1336 637 ut
1363 588 1614 638 mundum
1644 584 1915 636 immundo
1955 584 2224 652 continge-

645 673 809 713 retur.
852 658 960 712 Hoc
978 666 1093 726 post
1128 672 1290 724 quam
1327 655 1505 726 diebus
1541 653 1782 726 plurimis
1829 653 1943 726 fieri
1989 653 2224 720 cognovit

645 733 940 801 episcopus,
969 724 1154 794 oppido
1181 742 1344 801 quant
1363 725 1591 801 graviter
1616 725 1755 801 tulit,
1774 724 2053 801 uariasque
2071 739 2225 801 quras

647 793 700 852 iit
725 793 902 852 animo
926 793 1161 866 ipsesuo.
1181 797 1225 849 si
1247 793 1408 864 ipsius
1423 794 1578 866 culpa
1605 793 1838 866 Ecclesia
1857 794 2226 866 commoditate

649 880 797 923 tanta
818 863 991 921 orbari
1013 866 1237 927 deberet,
1255 863 1523 919 uolutauit.
1543 864 1773 916 Proinde
1798 865 1867 916 ad
1886 863 2149 932 lacrymas
2177 872 2224 915 et

646 957 824 1004 preces
848 953 1142 1001 conversus,
1171 936 1279 989 Deo
1306 935 1638 1004 supplicauit,
1672 943 1727 986 ut
1758 950 1867 986 rem
1891 944 1998 985 tam
2011 949 2223 1001 gravem

648 1003 902 1081 auferret,
929 1018 976 1060 et
1022 1006 1297 1081 [actiejus
1341 1023 1560 1081 causam
1614 1003 2222 1081 latentem“ostenderet.

651 1073 788 1133 De'us
826 1096 944 1132 vero
987 1073 1083 1130 rite
1126 1073 1566 1128 abominatiouem
1597 1073 2010 1132 eamamoliens,
2048 1083 2094 1124 et
2139 1073 2224 1124 in-

647 1153 854 1203 scitiam
882 1147 1238 1201 misericordia
1282 1145 1508 1214 legitime
1548 1160 1880 1213 prosequens,
1923 1143 2149 1195 antistiti
2172 1144 2227 1195 in.

647 1222 840 1273 somnis
865 1219 1027 1270 lancis
1059 1217 1322 1284 piaculum
1357 1215 1679 1284 manifestat.
1706 1213 1803 1268 Ille
1824 1214 2003 1284 statim
2033 1229 2226 1280 argen-

648 1303 787 1344 team
845 1283 1080 1356 phialam
1137 1286 1394 1347 subducit,
1442 1283 1756 1351 et'priorem
1810 1283 1958 1336 illam
1993 1299 2225 1356 (ereum;

645 1355 860 1428 perinde
893 1370 1050 1426 atque
1079 1373 1268 1426 pttram
1304 1366 1350 1407 et
1375 1355 1806 1428 quasigvirginem
1838 1364 2000 1428 atque
2027 1355 2226 1428 imma-

647 1423 880 1484 culatum
922 1423 1216 1481 ministram
1263 1425 1426 1477 cultui
1454 1423 1695 1494 religioso
1727 1425 1971 1477 restituit.
2017 1423 2082 1476 Et
2114 1439 2226 1476 ecce

649 1502 760 1560 tibi,
782 1502 1055 1566 derepente
1081 1505 1399 1564 unguentum
1436 1511 1618 1566 rursus
1643 1496 1883 1566 scaturit,
1915 1503 1962 1546 et
1996 1495 2226 1546 miracu-

651 1574 819 1624 lorum
856 1564 996 1622 lu'tea:
1037 1569 1204 1620 denuo
1245 1567 1492 1618 exundat.
1543 1564 1821 1617 Piaculum
1869 1574 2043 1616 autem
2085 1580 2228 1616 ease-

650 1643 907 1694 cranduut
948 1639 1226 1704 manifesto
1275 1636 1325 1686 in
1378 1644 1619 1702 apertum
1671 1635 1996 1702 producitur,
2031 1643 2080 1685 et
2125 1650 2225 1686 non

651 1712 806 1765 aliter
839 1726 997 1780 quam
1039 1708 1091 1759 in
1125 1705 1633 1780 publicis-columnis
1651 1706 1870 1780 incisum
1894 1704 2224 1780 proponitur,

2326 512 2394 565 lis
2421 513 2488 565 14
2522 507 2702 563 lunam
2737 509 2962 573 mensis,
2996 507 3101 578 qua
3133 509 3364 578 primum
3397 507 3595 562 Pascha
3625 507 3716 563 fuit
3739 507 3856 565 ciale-

2325 582 2564 636 bratum.
2599 580 2799 634 Eodem
2825 581 2971 633 enim
3004 580 3164 633 modo
3198 580 3265 633 M
3285 579 3410 632 luna
3439 579 3576 632 sicut
3601 579 3662 631 19
3694 585 3857 647 (ιυρτὶ-

2326 660 2446 712 tur,
2497 651 2599 704 nisi
2647 649 2792 716 quod
2838 664 2934 718 pro
2963 651 2996 704 9
3051 650 3252 718 Aprilis
3296 664 3490 718 ponam
3521 650 3603 702 15.
3640 648 3857 704 Maximus

2325 721 2627 775 monachus
2657 719 2974 774 brevissime
3013 735 3128 773 rem
3175 721 3353 774 docet.
3384 718 3456 773 Ut
3499 735 3682 772 novam
3710 720 3856 775 lunam

2324 793 2410 845 vel
2440 793 2557 862 ejus
2600 800 2815 844 aetatem
2845 805 3172 858 pernoscas,
3218 790 3356 844 adde
3399 796 3602 858 epacta:
3627 791 3732 862 dies
3759 791 3804 844 11
3834 807 3858 844 a

2325 870 2444 924 Kal.
2497 869 2693 924 Martii.
2749 868 3028 924 Summam
3081 869 3262 923 divide
3306 884 3402 938 per
3454 869 3524 921 ‘29
3550 861 3860 936 et%(noster

2326 941 2690 1020 chronologus
2725 957 2824 1020 per
2970 939 3250 1020 partitur);
3297 953 3726 1020 annor_ttm__ergo
3751 940 3859 1020 3858_

2326 1022 2515 1080 epacta
2541 1009 2678 1073 es’t',
2705 1009 2818 1064 sive
2847 1011 2944 1075 '50;
2970 1011 3086 1063 dies
3106 1025 3136 1062 a
3158 1009 3415 1063 Kalendis
3437 1009 3632 1062 Martiis
3651 1013 3860 1077 usquead

2326 1091 2360 1144 9
2378 1091 2574 1160 Aprilis
2595 1092 2683 1154 40,
2710 1105 2919 1144 summa
2941 1089 3041 1155 70;
3071 1089 3116 1141 si
3141 1090 3206 1143 70
3231 1089 3441 1141 dividas
3462 1104 3556 1157 per
3578 1088 3643 1141 29
3661 1082 3709 1153 ὲ,
3730 1089 3861 1160 relin-

2326 1159 2570 1231 quuntur
2602 1161 2687 1214 It.
2733 1160 2902 1214 Cadet
2946 1175 3074 1231 ergo
3119 1159 3735 1231 exMaximisententia
3770 1159 3862 1231 inti

2325 1229 2525 1300 Aprilis
2570 1231 2694 1284 Iuna
2741 1231 2799 1282 11
2853 1247 2865 1282 :
2899 1230 2992 1284 sed
3017 1229 3074 1283 'si
3109 1229 3415 1282 dividamus
3452 1230 3518 1282 70
3543 1245 3660 1300 ipe:
3691 1230 3766 1288 50.
3800 1229 3859 1282 uti

2327 1297 2689 1371 clironologus
2725 1308 2931 1365 noster,
2969 1307 3175 1353 restant
3229 1309 3436 1371 tantum
3494 1297 3860 1371 IO._Tredecim

2326 1383 2509 1426 autem
2553 1369 2764 1440 priores
2790 1379 2948 1424 vocat
2994 1371 3090 1432 τὰς
3160 1371 3267 1439 πρὸ
3299 1369 3403 1421 τῶν
3435 1369 3742 1440 φωστήρων,
3769 1370 3860 1423 dies

2327 1439 2765 1505 antelurninaria,
2797 1442 2910 1495 sive
2935 1440 3053 1494 dies
3093 1440 3183 1508 qui
3221 1448 3342 1508 post
3374 1439 3742 1508 aequinoctium
3770 1439 3860 1506 ple-

2327 1512 2594 1566 nilunium
2620 1512 2952 1580 praecedunt,
2998 1521 3287 1579 sequentes
3313 1519 3522 1577 septem
3549 1508 3862 1580 προσελήνους

2328 1582 2693 1645 antelunares,
2711 1581 2852 1650 quod
2880 1581 3116 1650 proxime
3140 1581 3320 1633 lunam
3343 1581 3558 1648 plenam
3582 1581 3857 1650 prtecedant.

2327 1653 2502 1720 Atque
2538 1653 2653 1706 haec
2681 1648 2747 1706 de
2780 1648 3087 1712 nee—menia,
3120 1660 3176 1703 et
3207 1651 3328 1703 luna
3361 1653 3427 1703 10
3458 1661 3616 1720 atque.
3641 1649 3717 1720 lli.
3741 1648 3860 1701 Nunc

2330 1719 2519 1775 feriant
2553 1722 2709 1792 primi
2739 1720 2955 1776 Pascha:
2992 1722 3092 1774 hoc
3111 1720 3282 1792 modo
3305 1721 3530 1792 quaerit.
3557 1719 3764 1792 Epochze
3785 1733 3860 1770 an-

651 1775 867 1850 urbique
892 1778 1058 1849 gloria
1104 1794 1197 1828 sua
1217 1776 1482 1857 redditur.
1640 1793 1721 1856 res
1757 1775 1842 1827 ubi
1891 1776 1960 1826 ad
1994 1777 2227 1860 impera-

2331 1808 2524 1845 norntn
2554 1775 2772 1846 additur
2792 1791 3082 1860 quadrans,
3109 1791 3212 1844 hoc
3231 1775 3336 1848 est:
3361 1792 3489 1844 anni
3520 1775 3744 1846 bissexti.
3765 1804 3858 1860 eunt

651 1845 976 1912 toris'aur'es,
1017 1865 1109 1916 per
1145 1847 1416 1914 primaria:
1453 1847 1589 1898 sedis
1634 1847 1929 1914 episcopum
1971 1845 2229 1914 (Joannes

649 1921 695 1976 is
717 1921 945 1988 Jejunus
969 1921 1102 1984 erat)
1132 1916 1296 1988 relata
1318 1928 1412 1988 est,
1433 1917 1672 1984 princeps
1702 1921 1766 1988 ab
1789 1917 1976 1988 eodeni
1994 1916 2230 1982 episcopo

649 1998 718 2045 ad
754 1985 864 2044 reos
890 1989 1110 2058 capitali
1142 1985 1398 2054 supplic-io
1432 1987 1806 2058 persequendos
1867 1985 2122 2058 excitatus
2155 1993 2231 2037 est

652 2063 798 2130 (nam
835 2063 878 2113 is
912 2057 1285 2130 resipiscentia
1329 2066 1490 2130 atque
1527 2057 1841 2130 ptenitentia
1868 2057 2073 2130 crimen
2107 2069 2230 2107 cor-

649 2126 824 2202 rigere
860 2126 1085 2195 ινοιιιίιίις
1128 2127 1390 2202 judicium
1413 2127 1576 2202 igitur
1602 2126 1892 2202 maximum
1924 2126 2143 2202 cogitur,
2182 2135 2230 2202 et

650 2196 1011 2268 mule/icorum
1067 2197 1346 2268 multitudo
1409 2198 1586 2265 ingens
1642 2196 2124 2268 produciturauui
2176 2197 2230 2247 in

650 2266 858 2338 gravent
905 2284 1164 2322 carcerem
1205 2267 1446 2338 conjecti,
1479 2269 1548 2319 ad
1561 2266 1762 2338 supplit
1777 2267 1852 2329 ia,
1885 2266 2084 2338 debitas
2110 2282 2230 2338 per-

649 2334 871 2393 soluturi
906 2340 1113 2404 pinnas,
1142 2337 1328 2389 traditi
1374 2345 1513 2388 sunt.
1550 2336 1696 2388 Inter
1726 2352 1852 2403 quos
1881 2334 2139 2388 Paulinus
2176 2336 2230 2388 in

649 2412 832 2478 palum
862 2425 1069 2462 summa
1120 2416 1271 2475 parte
1309 2406 1540 2478 hiantem
1585 2416 1758 2478 actus,
1807 2407 2028 2478 turpiter
2067 2407 2229 2478 vitam

649 2474 786 2548 ﬁniit
825 2496 842 2532 :
875 2497 992 2532 cum
1021 2474 1173 2548 prius
1191 2477 1345 2548 arctis
1380 2476 1487 2548 ﬁlii
1512 2477 1592 2548 sui
1619 2485 1880 2544 spectator
1912 2477 2111 2548 fuisset.
2145 2474 2231 2548 Si:

651 2545 858 2620 quidem
890 2559 937 2602 et
962 2545 1096 2601 hunc
1121 2546 1326 2620 abunde
1363 2547 1537 2620 impite
1566 2547 1868 2620 impostura:
1906 2555 1952 2596 et
1986 2545 2232 2620 maleficii

650 2615 906 2688 portentis
954 2620 1238 2688 imbuerat.
1281 2615 1448 2677 Atque
1492 2616 1589 2688 hoc
1626 2617 1704 2688 ita
1735 2627 1956 2688 gestum.
1993 2615 2231 2688 Joannes

650 2685 867 2757 quoque
908 2688 1048 2757 apud
1099 2685 1407 2757 Cedreitunt
1459 2686 1760 2757 patriarcha
1817 2685 2233 2757 Lecanontantis

653 2755 791 2822 fuit,
811 2767 869 2810 nt
888 2755 1169 2813 Cedrenus
1201 2757 1255 2807 in
1278 2755 1582 2824 TIIL‘OphlIO
1617 2756 1875 2823 scriptum
1902 2755 2134 2823 reliquit,
2177 2765 2233 2809 et

651 2828 869 2883 Nicetes
894 2830 960 2883 de
982 2826 1294 2880 Andronico
1318 2825 1782 2895 lingastrimythos
1821 2825 2113 2895 consuluit.
2140 2827 2230 2892 qui

653 2915 721 2952 ex
760 2899 900 2968 pelvi
936 2897 1389 2968 vaticinabantur.
1413 2894 1973 2968 ’ALegatunlieh-ius,
2027 2894 2227 2968 Μαρία

652 2965 787 3034 αιδᾱ.
837 2969 928 3023 lib.
994 2985 1068 3031 tv,
1119 2983 1168 3020 c.
1213 2967 1267 3031 2,
1315 2982 1368 3035 q.
1407 2965 1460 3029 6,
1495 2976 1628 3020 sect.
1683 2966 1737 3031 4,
1778 2973 1833 3019 et
1864 2966 2142 3034 superiore
2166 2971 2233 3020 de

652 3040 868 3094 cvatbo.

685 3057 971 3163 )zlllleml’ico
998 3123 1162 3177 porro
1190 3116 1245 3160 et
1281 3105 1526 3161 fabuloso
1573 3106 1772 3160 szeculo
1818 3105 2228 3174 faliularumque

651 3180 861 3246 origine
893 3190 948 3233 et
981 3182 1208 3232 deorum
1241 3177 1392 3230 cultu
1434 3192 1627 3230 omnes
1672 3179 1784 3230 fere
1822 3177 2226 3246 chronographi

651 3259 706 3303 et
739 3249 1051 3319 mythologi.

720 3337 909 3392 XVIII.
939 3337 1161 3402 Quando
1187 3337 1387 3390 decima
1417 3336 1574 3404 primi
1599 3335 1788 3388 mensis
1813 3335 2074 3388 inciderit.
2105 3334 2228 3389 Tria

651 3409 923 3464 doccthic
969 3408 1416 3476 chronograpbus
1466 3421 1532 3459 ex
1583 3406 1888 3476 matheseos
1923 3405 2226 3476 disciplina,

651 3479 884 3548 primum
916 3494 1021 3546 qua
1049 3479 1132 3531 via
1162 3475 1286 3548 luna
1319 3477 1528 3548 decima
1575 3475 1736 3543 primi
1771 3475 1973 3528 mensis
2004 3476 2232 3548 investi-

652 3546 825 3620 ganda
872 3549 962 3610 sit.
1015 3547 1216 3620 deinde
1261 3547 1476 3620 decima
1527 3555 1739 3620 quarta,
1793 3556 2068 3620 postremo
2116 3546 2231 3614 ipsa

652 3613 810 3680 feria,
837 3633 940 3686 qua
982 3618 1216 3684 primum
1261 3616 1466 3669 Pascha
1495 3615 1827 3686 celebratum
1873 3613 2229 3686 est._Fuuda-

654 3689 822 3741 tuenti
849 3684 966 3741 loco
996 3695 1250 3754 tanquam
1275 3687 1437 3738 Iixunt
1469 3693 1524 3737 et
1546 3685 1853 3738 confessum
1881 3684 2053 3753 ponit,
2082 3699 2230 3738 more

651 3757 982 3818 Graecorum,
1012 3771 1043 3808 a
1073 3756 1292 3809 conditu
1323 3755 1510 3808 mundi
1535 3769 1704 3822 usque
1744 3755 1808 3807 ad
1839 3756 2074 3823 primum
2130 3756 2230 3808 I’a-

659 3828 791 3879 scha
824 3829 1042 3880 ﬂuxisse
1073 3841 1247 3889 annos
1275 3827 1432 3879 5858.
1468 3824 1615 3877 lianc
1667 3840 1931 3876 annorum
1966 3826 2229 3893 epochatn

651 3897 840 3951 dividit
895 3911 993 3966 per
1043 3895 1640 3958 enneadecaeteridem,
1671 3895 2228 3966 Asivernoventdecim

649 3964 918 4021 annorum
953 3965 1387 4026 conversionem,
1423 3980 1585 4033 quam
1635 3964 1839 4017 alumni
1889 3965 2232 4018 mathemati-

651 4051 838 4091 corum
871 4038 1080 4107 cyclutn
1117 4037 1257 4090 lunae
1305 4035 1853 4107 novemdecennalem
1888 4045 2228 4104 nuncupant,

649 4110 791 4176 quod
841 4106 963 4177 po’st
992 4107 1366 4161 novetndecim
1396 4121 1569 4160 annos
1602 4106 1669 4159 ad
1707 4106 1939 4177 primum
1973 4107 2228 4177 redeant,

650 4175 790 4232 sicut
826 4175 881 4231 in
913 4177 1136 4245 periodo
1164 4177 1294 4230 solis
1321 4186 1441 4246 post
1469 4177 1561 4239 ‘28,
1613 4186 1666 4231 et
1701 4175 2233 4246 indictionisqepine-

650 4249 789 4328 mesi
813 4244 1047 4328 postull‘i.
1078 4247 1239 4328 Jubet
1271 4244 1431 4328 porro
1460 4246 1830 4328 novemdecim
1863 4245 1986 4328 duci
2020 4244 2226 4328 in’ZOQ,

649 4320 791 4386 quod
813 4315 1056 4383 inztribus
1072 4315 1310 4370 millibus
1331 4325 1386 4370 et
1401 4317 1728 4386 octingentis
1748 4315 2231 4370 enneadecaeteris

649 4389 933 4441 exhauriat
985 4387 1331 4440 millesimum
1392 4396 1446 4440 et
1513 4386 1872 4440 centesimum
1939 4401 2226 4439 numerum

2332 1872 2526 1930 quarto
2571 1877 2785 1931 quoque
2810 1857 2960 1914 anno
2994 1861 3340 1914 intercaletur
3376 1876 3518 1913 unus
3548 1861 3658 1913 dies
3673 1869 3781 1931 Apost
3806 1857 3860 1931 il

2332 1928 2494 1986 Febr.
2520 1928 2614 1986 llis
2636 1928 2910 1986 adduntur
2935 1931 3051 1985 dies
3073 1931 3199 1984 anni
3240 1932 3532 1986 currentis.
3566 1929 3771 1996 denique
3788 1928 3857 1980 alii

2332 2004 2549 2072 quidam
2591 2002 2803 2056 numeri
2839 2017 3063 2054 summa!
3111 2001 3386 2072 adduntur
3437 2001 3518 2054 vel
3553 2001 3860 2072 detrahuntur

2331 2070 2553 2142 propter
2574 2073 2829 2126 feriarum
2853 2072 3109 2125 radicem.
3130 2070 3268 2141 Ergo
3300 2080 3490 2124 noster
3512 2070 3860 2142 auctaeferiatu

2332 2139 2490 2211 primi
2541 2143 2761 2196 Pascha:
2803 2142 3059 2194 celebrati
3084 2143 3186 2194 hoc
3211 2139 3383 2194 iuodo
3413 2143 3644 2210 indagat.
3677 2139 3863 2211 Etim-Ita:

2331 2208 2468 2267 5858
2497 2214 2647 2267 addit
2677 2213 3032 2281 quadrantem
3082 2228 3146 2264 ex
3190 2212 3349 2264 attnis
3386 2208 3636 2264 bisseitis
3673 2208 3862 2281 959.Al_t

2332 2283 2656 2351 aaquinoctio
2688 2277 2814 2336 vero
2842 2283 2984 2350 quod
3036 2281 3138 2335 fuit
3182 2282 3243 2334 '21
3303 2281 3502 2340 Martii,
3542 2295 3700 2348 usque
3737 2277 3862 2351 adi?)

2331 2349 2550 2422 Aprilis,
2582 2356 2683 2406 hoc
2723 2362 2804 2407 est
2842 2349 2908 2405 14
2958 2353 3161 2414 lunam,
3197 2353 3311 2406 dies
3344 2352 3549 2404 ﬂuxere
3581 2352 3665 2412 2-1,
3705 2349 3862 2418 quibus

2331 2425 2467 2476 adde
2495 2434 2604 2477 tres
2625 2423 2969 2476 antelunares
2995 2423 3396 2489 praecedentes;
3425 2422 3612 2491 collige
3641 2433 3862 2491 summam

2333 2510 2395 2547 ex
2425 2494 2678 2547 omnibus
2702 2493 2875 2558 4824;
2901 2494 3100 2562 partire
3127 2508 3226 2560 per
3256 2494 3308 2550 7.
3341 2489 3676 2562 relinquetur
3700 2492 3717 2543 l
3741 2508 3752 2553 ;
3776 2489 3864 2541 ha-c

2335 2573 2418 2618 est
2458 2563 2590 2617 feria
2619 2564 2814 2633 prima,
2853 2561 2966 2633 sive
2993 2562 3110 2615 dies
3143 2563 3476 2633 Dominicns.
3517 2561 3740 2633 Primum
3764 2571 3864 2633 ergo

2333 2634 2536 2687 Pascha
2564 2629 2636 2687 ex
2659 2633 2830 2686 nostri
2859 2632 3140 2701 scriptoris
3169 2632 3584 2686 ratiocinatione
3613 2632 3692 2683 die
3717 2629 3863 2681 Domi-

2333 2705 2477 2765 nico,
2511 2720 2630 2772 qua
2652 2703 2785 2756 feria
2817 2703 2988 2772 prima
3025 2712 3126 2766 est,
3153 2703 3488 2757 celebratum
3516 2702 3808 2755 ostenditur.

2403 2775 2479 2827 Ita
2521 2775 2657 2828 inira
2694 2775 2849 2827 docet
2878 2779 3121 2827 sanctum
3149 2773 3417 2827 Joannem
3447 2773 3724 2842 Baptistatn
3751 2781 3865 2821 anno

2333 2845 2518 2897 mundi
2557 2845 2714 2906 5507.
2738 2843 2884 2897 Junii
2914 2843 2983 2894 94
3008 2842 3095 2896 die
3127 2845 3265 2896 Innm
3297 2853 3487 2896 natum
3525 2841 3661 2902 ease.
3693 2841 3863 2909 Ilpacue

2336 2915 2426 2967 uni
2461 2915 2642 2976 addit,
2675 2914 2790 2967 dies
2824 2913 3023 2982 Aprilis
3051 2914 3120 2968 59
3140 2953 3154 2975 ,
3189 2913 3309 2966 Maii
3339 2914 3430 2979 51,
3464 2913 3604 2966 Junii
3635 2913 3726 2975 ‘34;
3753 2909 3863 2982 unde.

2333 2984 2660 3053 colliguntur
2694 2986 2780 3044 86,
2817 2980 2938 3052 qua:
2987 2983 3158 3037 divisa
3208 2999 3304 3052 per
3337 2985 3367 3036 '7
3405 2985 3703 3052 producunt
3738 2980 3864 3031 l2—

2332 3056 2385 3107 2.
2423 3056 2488 3110 12
2541 3054 2892 3123 multiplicata
2939 3070 3037 3124 per
3089 3055 3138 3117 7,
3179 3065 3446 3123 generant
3497 3054 3585 3119 84,
3627 3057 3864 3106 remanent

2257 3132 2302 3190 C
2332 3129 2460 3187 duo,
2496 3142 2616 3195 qua:
2655 3125 3170 3195 t'et-iantrsecundam
3202 3125 3462 3178 indicant.

2412 3193 2529 3250 Pari
2567 3197 2726 3248 modo
2749 3194 2941 3264 probat
2967 3195 3037 3247 25
3066 3194 3236 3248 Martii
3275 3195 3446 3247 Deum
3475 3210 3504 3248 a
3531 3193 3734 3263 Virgine
3761 3204 3863 3241 cou-

2334 3275 2579 3336 ceptum.
2613 3265 2832 3336 Epactte
2861 3264 2927 3336 l5
2951 3265 3089 3318 adde
3125 3267 3206 3326 15,
3231 3274 3285 3336 et
3313 3266 3449 3336 alias
3477 3267 3509 3318 7
3529 3276 3580 3317 et
3605 3267 3864 3336 ἅψωμαι-

2333 3334 2421 3389 tur
2446 3337 2531 3389 10.
2558 3335 2743 3402 Ahjice
2773 3335 3008 3402 triginta.
3035 3335 3395 3388 remanebunt
3429 3335 3516 3390 10.
3547 3334 3745 3389 Decima
3766 3343 3864 3402 ergo

2332 3407 2458 3460 luna
2485 3401 2668 3460 incidit
2689 3405 2824 3458 in‘25
2848 3401 3052 3468 Martii,
3072 3408 3373 3473 quojussus
3390 3417 3476 3475 est
3505 3401 3862 3475 agntts_parari.

2332 3477 2473 3545 Ergo
2511 3477 2574 3530 15
2604 3477 2703 3529 1ιιὶι
2732 3475 3015 3528 neomenia
3049 3470 3139 3539 25,
3163 3470 3370 3529 decima
3411 3470 3559 3538 Iuna',
3586 3475 3652 3526 29
3680 3470 3862 3545 Pascha.

2335 3540 2532 3600 I'lailetn
2579 3547 2788 3599 ratione
2838 3546 3078 3614 disputat
3121 3547 3187 3598 de
3239 3545 3400 3599 natali
3453 3547 3542 3600 die
3586 3542 3786 3602 Christi,
3815 3540 3866 3590 tle

2330 3617 2602 3670 baptismo
2631 3626 2684 3669 et
2717 3619 2767 3668 in
2804 3619 2999 3669 C(elunt
3035 3630 3283 3668 ascensu.

2431 3686 2542 3739 LIX.
2583 3685 2944 3739 Prometheus.
2992 3685 3256 3739 I‘Iusebius
3303 3683 3568 3755 Pamphili
3611 3684 3695 3737 lib.
3728 3691 3862 3755 pos".

2331 3755 2719 3810 Chronicorum
2769 3755 3174 3821 Prometheum,
3214 3752 3594 3824 Eptmetheum
3626 3765 3675 3807 et
3712 3752 3863 3806 Atlan-

2333 3836 2462 3888 tem,
2496 3831 2718 3896 Argum,
2748 3825 2825 3886 lo.
2857 3828 3136 3897 ponit”!
3193 3841 3338 3897 anno
3367 3827 3519 3897 regni
3546 3827 3862 3897 Assyriorum.

2332 3898 2434 3949 sub
2467 3893 2715 3966 quintum
2748 3893 3185 3966 annumMoysis
3229 3896 3363 3960 nati,
3414 3893 3713 3966 quanquam
3753 3893 3862 3944 idem

2331 3968 2490 4020 docet
2522 3969 2589 4020 ab
2620 3965 2739 4036 aliis
2767 3975 2926 4020 aetate
2955 3965 3229 4036 Cecropis,
3265 3981 3293 4019 a
3324 3965 3600 4020 nonnullis
3625 3981 3685 4018 Lx
3713 3969 3865 4036 autat.

2332 4037 2490 4089 annis
2511 4047 2637 4090 ante
2662 4035 2956 4105 Cecropem
2988 4031 3208 4100 vixisse,
3231 4045 3420 4090 noster
3445 4037 3616 4090 multo
3639 4031 3864 4105 posterius

2331 4115 2387 4160 et
2412 4108 2631 4167 rectius,
2662 4108 2728 4159 ad
2757 4106 3008 4175 Triopam
3036 4122 3253 4176 quoque
3283 4107 3372 4160 alii
3401 4107 3660 4161 referunt.

2402 4176 2520 4229 ΧΧ.
2549 4176 2962 4230 Nomenclatura
2995 4176 3284 4230 consulum.

2403 4246 2681 4310 Ordinem,
2706 4247 3018 4300 varietatem
3038 4257 3093 4300 et
3121 4258 3404 4300 auctorum
3431 4248 3668 4302 diversas
3689 4239 3863 4312 opinio-

2332 4332 2433 4370 nes
2461 4318 2513 4370 in
2543 4316 2802 4371 Romanis
2833 4317 2983 4370 fastis
3016 4318 3168 4370 multi
3198 4319 3575 4386 prodiderunt.
3606 4315 3864 4386 Ttrprzcler

2335 4389 2588 4458 antiquos
2619 4386 2807 4440 Fastos
2839 4387 3170 4458 Capitolinos
3199 4383 3278 4458 ac
3299 4389 3610 4458 Dionysium
3664 4383 3864 4458 Halicar-

649 4459 892 4527 epochaa.
925 4457 1326 4526 Relinquantur
1354 4458 1443 4511 58.
1479 4455 1721 4526 Triginta
1755 4464 1877 4508 octo
1903 4470 2015 4527 non
2038 4455 2229 4527 dividit
2260 4468 2305 4522 ι)
2332 4449 2483 4510 ηθεεξ
2510 4457 2804 4515 Victorem.
2836 4449 3224 4521 Marcellinum,
3253 4449 3653 4518 Cassiodorum,
3681 4449 3863 4527 consule

648 4525 745 4596 per
770 4528 1018 4598 dyadem,
1051 4529 1146 4582 sed
1182 4527 1489 4589 monadem,
1522 4525 1592 4580 ut
1615 4535 1929 4598 remaneant
1961 4525 2043 4578 19.
2080 4526 2230 4598 Alio-

648 4600 738 4666 qui
785 4596 930 4651 tbtus
972 4612 1235 4650 numerus
1287 4598 1356 4650 58
1407 4597 1808 4658 exhaurirctur,
1864 4605 1918 4666 et
1965 4611 2087 4649 cum
2142 4596 2232 4650 illo

649 4665 809 4720 simul
841 4683 1038 4720 aureus
1078 4682 1360 4728 numerus,
1393 4668 1483 4736 qui
1522 4680 1799 4734 nunquam
1832 4665 2103 4718 tollendus
2125 4675 2229 4718 est.

649 4736 703 4789 Si
745 4753 874 4806 ergo
923 4739 988 4791 19
1029 4737 1297 4790 ducantur
1364 4736 1420 4791 in
1495 4737 1812 4797 monadem,
1851 4736 2119 4789 exsistunt
2153 4737 2232 4806 l9

649 4805 983 4875 totidemque
1012 4808 1412 4875 relinquuntur.
1433 4807 1645 4858 Aureus
1662 4821 1789 4874 ergo
1808 4820 2068 4858 numerus
2089 4805 2233 4858 illitis

650 4877 778 4928 anni
809 4877 948 4930 3858
969 4887 1044 4930 est
1082 4879 1170 4930 19.
1202 4876 1339 4930 Huic
1369 4892 1534 4930 aureo
1559 4891 1786 4928 numero
1821 4875 1882 4926 19
1911 4877 2226 4944 respondet,

649 4962 717 5000 ex
769 4947 1447 5016 cltronologidelinitione,
1505 4947 1748 5016 epacta‘,
1807 4959 1901 4997 seu
1957 4947 2225 5016 tricesima

650 5017 726 5076 (in
767 5016 1012 5070 Retuano
1046 5015 1228 5070 tamen
1263 5017 1508 5086 antiquo,
1538 5015 1758 5085 ponitur
1787 5024 1975 5086 epacta
2011 5015 2100 5080 29)
2137 5016 2222 5069 cui

649 5087 692 5139 si
724 5086 890 5140 addas
926 5087 986 5140 51
1029 5088 1146 5140 dies
1182 5085 1738 5155 Martii,’colligentur
1769 5085 1884 5138 dies
1913 5087 1970 5137 6|
2000 5102 2014 5147 ;
2049 5087 2224 5155 abjice

647 5173 716 5208 ex
746 5158 803 5209 6|
832 5157 1044 5224 quoties
1073 5159 1384 5211 continetur
1411 5157 1648 5226 triginta,
1670 5156 2017 5226 remanebitl
2046 5173 2060 5220 ;
2097 5173 2224 5225 ergo

649 5227 695 5280 is
728 5235 813 5280 est
843 5229 905 5280 51
940 5226 1137 5280 Martii.
1184 5229 1282 5281 hoc
1313 5237 1424 5290 est,
1468 5225 1685 5282 tiltitnus
1718 5225 1925 5285 Martii,
1965 5229 2053 5293 qui
2091 5228 2222 5280 mihi

647 5297 896 5366 designat
952 5299 1293 5366 neotneniatn
1356 5307 1479 5366 post
1537 5312 1765 5350 vernum
1814 5295 2222 5366 :1:(]llltt0Clilllll.

645 5359 870 5421 Crescat
912 5367 1020 5435 jam
1045 5365 1196 5436 iluna
1248 5359 1594 5436 per-primos
1634 5359 1998 5436 novenr'dies
2024 5365 2225 5434 Aprilis

646 5449 771 5489 cum
815 5434 1004 5491 ultitno
1041 5434 1496 5500 Martii,’habebts
1524 5452 1670 5491 nono
1716 5434 1912 5504 Aprilis
1959 5437 2223 5490 decimam

2333 4529 2634 4599 Sigonium,
2669 4527 3083 4599 Cuspinianum,
3111 4527 3456 4599 Panvinium,
3487 4528 3752 4599 (Sontium.
3783 4520 3863 4571 lla-

2330 4592 2542 4651 roiiinm
2566 4616 2580 4661 ;
2606 4597 2672 4650 de
2701 4592 2971 4665 Scaligero
2999 4598 3135 4651 nihil
3166 4599 3308 4662 dico,
3343 4615 3465 4654 cum
3503 4592 3863 4650 emendationrs

2330 4668 2448 4737 ejus
2479 4678 2780 4737 temporum
2811 4669 2878 4721 ab
2906 4667 3144 4721 Ecclesia
3170 4669 3280 4722 sint
3307 4669 3640 4737 proscripta.

2400 4737 2540 4790 XXI.
2573 4736 2723 4790 Elius
2764 4737 3041 4791 Thesbites.
3084 4737 3177 4793 Hae
3221 4736 3680 4792 sanctissitnorum
3712 4741 3859 4784 vatum

2329 4808 2456 4860 vitae
2496 4807 2843 4878 reperiuntur
2873 4808 2925 4859 in
2973 4808 3229 4862 Dorothei
3276 4810 3525 4878 Synopsi,
3559 4815 3612 4860 et
3635 4800 3862 4871 copiosius

2333 4893 2363 4930 a
2426 4876 2676 4949 l’erionio
2717 4878 3019 4949 descriptae.
3079 4876 3462 4949 Epiphaniuni,
3515 4891 3670 4948 quem
3712 4881 3862 4925 uoster

2333 4957 2522 5001 auctor
2554 4947 2751 5009 laudat,
2787 4948 3109 5002 desideravi.

2403 5017 2510 5071 I'Ias
2546 5033 2644 5087 ego
2691 5017 3200 5072 Anin'iadvcrsiones
3243 5018 3310 5072 ad
3345 5018 3506 5073 ﬁnem
3567 5031 3724 5087 usque
3762 5024 3860 5087 pqr-

2333 5083 2646 5151 tcxuisset‘n,
2677 5089 2780 5140 ιιιδί
2826 5090 3092 5156 majorum
3126 5092 3420 5143 auctoritas
3445 5106 3604 5158 opera
3637 5083 3740 5158 mea
3767 5083 3858 5158 alis

2330 5158 2385 5209 in
2436 5159 2664 5227 negotiis
2705 5168 3012 5229 usaesset,
3060 5169 3410 5228 utereturque
3458 5156 3629 5213 hodie.
3684 5156 3768 5208 llic
3794 5157 3858 5229 est

2332 5236 2504 5280 status
2530 5239 2584 5280 et
2629 5228 2868 5280 conditio
2897 5231 3197 5294 sociorum,
3246 5240 3304 5282 ut
3333 5241 3386 5283 et
3416 5230 3694 5291 inchoare,
3724 5234 3769 5276 et
3793 5228 3857 5271 ιιι-

2332 5298 2524 5350 choata
2561 5297 2864 5365 relinquere.
2913 5315 3010 5366 pro
3041 5316 3140 5353 usu
3194 5310 3248 5353 et
3292 5301 3680 5354 necessitudine
3712 5301 3856 5348 rerqu

2330 5383 2609 5440 cogamur,
2633 5368 3087 5437 ostendamusque
3109 5386 3172 5423 ex
3193 5371 3340 5424 omni
3365 5367 3854 5440 generestudiortun.

2330 5438 2488 5490 nobis
2515 5437 2565 5490 id
2593 5439 2824 5490 maxime
2843 5440 3201 5510 rstudendum,
3233 5450 3290 5494 ut
3314 5437 3534 5510 obsequi
3563 5440 3850 5494 studeamus-
