4092 6296
250 325 3469 366 W

1499 504 1670 550 ANNO
1713 505 1930 550 DOMINI
1982 503 2202 547 DCXXX

663 721 2002 937 GEORGIUS
2189 714 3080 931 PISIDA

1213 1082 1554 1140 DlACONUS
1597 1079 2496 1138 CONSTANTINOPOLITANUS.

1810 1288 1878 1300 -η

298 1451 606 1525 Prodici-unt
643 1455 848 1525 scripta‘
869 1455 1062 1525 Pisidia
1085 1469 1198 1525 quae
1238 1455 1362 1524 infra
1407 1464 1753 1525 recensentur,
1777 1457 1829 1506 in
1857 1455 2093 1525 Historia
2138 1457 2417 1525 Dymnum;
2435 1470 2558 1525 novo
2579 1452 3059 1525 Appendicehopers
3081 1455 3243 1525 ipsinus
3266 1450 3466 1525 Pisidfz

245 1514 499 1585 Theodosii
527 1515 714 1564 diacmii
737 1514 791 1566 et
816 1519 1013 1585 Coﬁppi
1038 1514 1248 1585 Africani
1270 1514 1767 1585 corripleeteute,_Gr.
1803 1527 1857 1585 et
1879 1521 1983 1568 Lat.
2008 1533 2119 1568 cum
2143 1514 2289 1585 notis,
2315 1519 2496 1585 edita_a
2527 1514 2675 1585 l’et'ro
2699 1514 3141 1585 Franc._lfoggiuio.
3171 1514 3378 1585 Bomiel
3387 1515 3474 1563 7'17

244 1582 325 1645 3|.
356 1575 531 1645 Pisidae
551 1587 717 1645 autem
747 1575 1010 1640 peculiaris
1055 1582 1217 1627 editor
1242 1575 1437 1645 εει]όῆ
1464 1578 1606 1645 Maria
1635 1575 1856 1645 puerei,
1883 1588 1940 1645 ut
1963 1589 2100 1642 patet
2123 1594 2186 1645 ex
2232 1575 2563 1645 inscriptione
2593 1594 2603 1628 :
2631 1576 2828 1645 Georgii
2873 1575 3064 1645 Pisidas
3083 1579 3145 1629 de
3163 1575 3472 1645 expeditione

244 1638 460 1710 heraclia"
480 1645 649 1710 contra
671 1638 852 1710 Persas
869 1654 1098 1690 acroases
1141 1648 1239 1690 tres
1252 1653 1277 1710 ί
1291 1640 1514 1710 ejusdem
1557 1641 1774 1710 B_ellunt__
1790 1638 2084 1710 Avaricum;
2102 1639 2321 1703 ejusdem
2358 1638 2564 1710 (iniimus
2603 1638 2904 1710 deartuatus;
2923 1641 3140 1702 ejusdem
3163 1638 3234 1708 ,ιιι
3259 1645 3475 1710 sanctum

245 1700 569 1767 transportati
591 1700 782 1767 Domini
826 1711 979 1767 nostri
1018 1700 1447 1767 resurrectioitegn;
1468 1703 1708 1767 ejusdem~
1730 1703 2042 1753 Heracliadis
2066 1700 2298 1754 'ac'roases
2340 1700 2485 1767 dum;
2509 1703 2728 1767 ejusdem
2751 1700 3106 1767 Ileaaeriieron.
3129 1700 3233 1751 sive
3255 1701 3316 1766 de
3333 1710 3476 1767 opere

245 1771 323 1829 {ex
344 1759 810 1829 dierunt;_ejusdem
827 1761 889 1813 de
915 1762 1128 1829 ponitote
1157 1761 1302 1829 pitw;
1329 1758 1458 1829 idem
1479 1758 1649 1829 ξονιινςι
1673 1765 1938 1821 Severum;
1959 1767 2180 1829 ejusdem
2219 1758 2489 1829 eucomimit
2516 1762 2565 1812 in
2606 1762 2916 1829 Aiiusuisiuni
2944 1771 3214 1829 martyrem
3226 1758 3477 1829 iejus'dem

244 1821 872 1891 eriprunifi‘agmenta.
901 1827 1020 1891 Quae
1036 1823 1204 1891 omniq
1221 1821 1448 1891 versibus
1467 1824 1715 1891 descripta
1741 1838 1803 1891 ea:
1841 1839 1957 1891 mss.
1979 1821 2215 1891 'collegit.
2233 1825 2511 1891 Δςοξιειριιιυὲι
2533 1834 2578 1876 et
2605 1824 2764 1891 Latine
2787 1824 2929 1875 vertit
2964 1821 3182 1891 uotisque
3201 1821 3472 1891 illustrem

245 1885 361 1957 (οε.
385 1885 514 1933 Mar.
547 1883 1369 1957 lv‘loreiitiiius.:+8cr.ipta
1397 1885 1575 1957 Pisidae
1612 1883 1860 1946 historica,
1883 1890 1930 1955 id
1975 1883 2330 1957 esthls‘i’peditio
2353 1885 2577 1957 Persica,
2600 1886 2787 1957 Bellum
2828 1883 3182 1957 ᾼυανὲσωηέρι
3196 1883 3476 1957 lleraclius.

243 1943 640 2019 abllmm‘anucle
666 1948 890 2019 liekkero
916 1951 1168 2019 recognita
1191 1943 1323 2019 edita
1347 1957 1460 2019 sunt
1483 1947 1535 2019 in
1553 1961 1684 2019 nova
1713 1943 2011 2019 recensione.
2056 1943 2628 2019 Scriptorumjlistorim‘
2652 1947 2941 2019 Byzantina),
2965 1945 3174 1998 consilio
3196 1947 3251 1996 Β.
3276 1946 3333 1995 G.
3360 1943 3472 1992 Nie-

243 2006 406 2056 πδώ
427 2008 482 2058 C.
515 2007 574 2058 ιε’.
597 2006 841 2069 instituta,
865 2006 1162 2060 auctoritate
1183 2010 1460 2059 Academiae
1483 2009 1764 2059 litterarum
1788 2009 1955 2072 ltegiie
1978 2006 2249 2060 Borussicze
2269 2010 2568 2059 continuata.
2593 2006 2774 2060 Bonna:
2805 2006 2938 2058 ιδδγζ

1047 2346 1544 2440 JOSEPHI
1662 2350 2073 2438 ΜΑΒΗΕ
2184 2348 2670 2454 QUERCII

1690 2560 2060 2605 FLORENTINI

852 2714 946 2773 DE
987 2709 1320 2778 GEORGIO
1368 2712 1613 2773 PlSIDA
1675 2711 2001 2784 EJUSQUE
2056 2712 2395 2773 SCRIPTIS
2450 2715 2468 2773 l

1247 2714 1320 2773 ΙΟ
1368 2712 1613 2773 ΡΙΒΙΒΑ
1675 2711 2001 2784 EJUSQUE
2056 2712 2395 2773 SCRIPTIS
2450 2714 2863 2775 PRi‘EFATlO.

1815 2911 1879 2922 .—

302 3051 591 3122 Georgius.
623 3054 714 3124 qui
746 3064 931 3124 postea
969 3054 1235 3111 diaconus
1267 3055 1582 3126 Cpolitanns
1606 3054 1729 3117 fuit,
1757 3071 1787 3109 a
1812 3052 2032 3117 Pisidia.
2073 3069 2192 3124 quae
2217 3061 2331 3107 erat
2373 3053 2511 3108 Asia:
2559 3054 2787 3107 minoris
2839 3052 2987 3124 regio
3035 3050 3175 3106 inter
3231 3050 3476 3122 Lydiam,

236 3138 528 3211 Phrygiam
559 3151 613 3195 et
633 3142 847 3196 Cariam
883 3144 1200 3207 constituta,
1239 3144 1430 3198 habuit
1456 3143 1741 3214 originem,
1786 3144 1930 3197 unde
1960 3151 2322 3212 cognomento
2353 3140 2530 3195 Pisida
2583 3141 2760 3194 dictus
2788 3150 2891 3194 est.
2928 3140 3136 3203 Plures,
3181 3155 3280 3193 nec
3323 3139 3474 3208 parvi

235 3229 460 3298 quidem
489 3229 728 3284 nominis
757 3231 920 3285 urbes
957 3247 988 3286 a
1015 3231 1293 3286 veteribus
1323 3230 1647 3302 geographis
1677 3240 2053 3283 memorantur
2077 3229 2131 3282 in
2164 3228 2364 3283 Pisidia
2398 3247 2410 3281 :
2461 3229 2556 3282 sed
2582 3244 2704 3282 cum
2746 3228 2935 3281 nullibi
2967 3227 3229 3297 Georgius
3249 3226 3476 3296 patriam

236 3315 539 3387 prodiderit
559 3330 736 3379 suam,
759 3317 828 3370 ab
860 3317 977 3386 ipsa
1004 3317 1185 3388 potius
1225 3321 1446 3388 regione
1477 3315 1660 3370 Pisida
1685 3331 1844 3386 quam
1867 3316 2024 3371 aliter
2042 3317 2111 3370 ab
2146 3317 2325 3386 aliqua
2359 3317 2580 3373 civitate
2606 3315 2970 3370 nominandus
2993 3315 3174 3369 venit:
3206 3314 3260 3368 id
3294 3323 3476 3368 autem

234 3401 581 3474 cognominis
619 3403 985 3459 diversimode
1030 3405 1294 3474 scriptum
1339 3404 1394 3457 in
1448 3418 1580 3457 mss.
1616 3403 1850 3458 codicibt

1859 3418 1896 3456 IS
1937 3403 2233 3468 invenitur,
2285 3404 2558 3468 Πισσίδου,
2603 3403 2842 3466 Πισίδου,
2883 3402 3153 3466 Πισιδίου,
3204 3400 3475 3470 Πησίδου,

235 3487 476 3559 Πησίδη,
523 3490 828 3556 Πισσιδους,
872 3491 1148 3555 Πισίδους,
1181 3506 1244 3546 ac
1283 3490 1592 3560 Stephanus
1619 3490 1837 3560 quidem

1873 3489 2196 3562 Byzantinus
2233 3491 2307 3546 De
2342 3493 2552 3546 urbibus
2575 3508 2690 3555 eos,
2715 3491 2806 3562 qui
2839 3507 2870 3547 e
2898 3490 3097 3544 Pisidia
3131 3489 3236 3544 orti
3267 3496 3469 3551 essent,

235 3576 472 3640 Πισίδας
507 3585 563 3631 et
598 3579 836 3641 Πισιδείς
887 3580 1146 3650 appellari
1181 3579 1439 3643 ostendit,
1488 3579 1634 3648 quod
1666 3579 1840 3634 Lucas
1868 3577 2180 3632 llolsteuius
2210 3579 2261 3632 in
2292 3580 2406 3633 suis
2435 3579 2500 3633 ad
2527 3579 2778 3633 eumdem
2805 3576 3142 3648 Stephanum
3164 3575 3474 3646 castigatio-

234 3663 408 3718 nibus
442 3665 800 3722 conlirmavit.
836 3667 1078 3722 referens
1101 3669 1244 3738 apud
1265 3669 1528 3739 Pyrrhum
1554 3667 1826 3738 Ligorium
1857 3676 2073 3721 exstare
2105 3683 2412 3731 nummum,
2450 3669 2503 3722 in
2533 3684 2641 3738 quo
2663 3667 2902 3722 Minerva
2933 3667 3071 3721 duos
3092 3666 3278 3720 leones
3301 3672 3474 3728 tenet,

233 3768 369 3808 eum
395 3754 690 3824 epigraphe
723 3757 1086 3810 ΠΙΣΙΔΔΙΩΝ.
1128 3757 1186 3811 1η
1219 3758 1488 3811 Strabone
1515 3766 1699 3810 autem
1733 3755 1826 3809 lib.

1859 3770 1891 3819 l,
1921 3770 1974 3824 p.
2018 3755 2086 3809 60
2112 3755 2274 3809 etiam
2312 3756 2609 3820 Πισιδικοε,
2651 3755 2740 3825 qui
2773 3769 2804 3808 e
2838 3754 3036 3808 Pisidia
3069 3763 3274 3818 essent,
3305 3751 3475 3806 deno-

233 3839 539 3895 minantur.
576 3843 644 3896 At
677 3858 707 3896 a
739 3843 1018 3898 Clemente
1050 3841 1206 3898 Alex.
1243 3851 1374 3906 tom,
1409 3845 1448 3908 l,
1483 3859 1535 3913 p.
1561 3843 1648 3908 6|,
1673 3841 1963 3898 Cleanthes
1995 3842 2352 3912 philosophus
2395 3843 2632 3908 Stoicus,
2679 3842 2821 3912 quod
2844 3858 2873 3896 e
2909 3841 3130 3904 Pisidia,
3179 3848 3240 3892 ut
3286 3848 3476 3893 noster

235 3926 528 3997 Georgius,
561 3940 706 3983 esset
730 3931 1014 3994 oriundus,
1049 3930 1313 3993 Πισαδεύς
1347 3931 1689 4000 appellatur;
1718 3930 1946 3998 proinde
1964 3946 2072 3983 non
2115 3940 2261 3985 recte
2307 3931 2626 4003 Sylburgius
2667 3945 2723 3986 et
2769 3932 3044 4002 Menagius
3087 3938 3348 3998 putarunt
3401 3927 3475 3982 ibi

234 4013 471 4078 ’Asssii;
509 4032 606 4086 pro
648 4017 915 4081 Πισαδεύς
949 4019 1206 4072 substitui
1233 4018 1453 4082 debere,
1487 4017 1734 4086 quamvis
1765 4025 1978 4070 certum
2007 4019 2080 4071 sit
2113 4034 2181 4072 ex
2213 4019 2353 4073 Asso
2391 4021 2561 4090 Lyciae
2590 4022 2722 4073 urbe
2747 4029 2927 4073 ortuin
2967 4033 3088 4073 esse
3117 4017 3471 4072 Cleanthem:

235 4102 435 4156 maluit
463 4104 608 4158 enim
638 4103 892 4160 Clemens
919 4121 1043 4159 eum
1067 4121 1096 4159 a
1129 4105 1409 4175 provincia
1448 4102 1732 4156 Pisadeum
1767 4117 1926 4171 quam
1953 4122 1979 4158 a
2016 4109 2187 4176 patria
2219 4109 2351 4162 urbe
2384 4111 2601 4162 Asseum
2633 4125 2852 4163 vocare.
2889 4111 3158 4163 Czeterum
3206 4123 3313 4160 una
3359 4121 3475 4159 om-

236 4189 395 4244 nium
438 4191 788 4247 consentiens
816 4209 919 4247 vox
956 4201 1060 4255 est,
1094 4193 1304 4248 Pisidas
1351 4191 1520 4246 fuisse
1547 4190 1821 4260 quondam
1877 4190 2114 4262 Solymos
2159 4206 2538 4265 nuncupatos;
2593 4213 2655 4250 ac
2705 4197 2816 4250 suis
2865 4211 3082 4266 quoque
3139 4192 3476 4264 temporibus

235 4280 504 4349 quosdam
540 4279 594 4333 in
623 4280 777 4350 Lycia
806 4281 1078 4336 habitasse
1107 4282 1335 4351 p0pulos
1366 4279 1848 4351 βαρϐαρικώτερον

1895 4281 2206 4351 Τζελύμους
2255 4283 2357 4335 ὑπὸ
2399 4283 2504 4335 τῶν
2551 4285 2830 4356 ἐγχωρίων
2869 4283 3258 4352 καλουμένους,
3307 4288 3473 4335 testa.

237 4378 356 4423 tum
388 4368 610 4437 reliquit
636 4370 952 4424 Eustathius
981 4368 1271 4424 Comment.
1302 4370 1358 4421 in
1395 4367 1558 4422 Iliad.
1598 4367 1676 4432 ΙΙ,
1706 4367 1832 4428 876,
1863 4369 1986 4422 edit.
2025 4369 2207 4435 Polit.,
2240 4389 2291 4442 p.
2323 4372 2463 4437 809.;
2499 4372 2593 4426 sed
2619 4389 2739 4441 qua:
2767 4381 2912 4426 recta
2935 4381 3078 4426 esset
3108 4371 3268 4440 hujus
3299 4367 3476 4440 gentis

235 4455 555 4526 appellatio,
587 4456 800 4511 videtur
830 4457 1105 4512 deﬁniisse
1129 4457 1270 4512 idem
1297 4457 1615 4511 Eustathius
1639 4456 1693 4510 in
1734 4455 2047 4527 Dionysium
2078 4457 2434 4530 Periegetam,
2469 4478 2520 4515 v.
2550 4460 2673 4526 858,
2702 4461 2888 4515 dicens
2925 4479 2938 4514 :
2977 4459 3238 4512 Πισιδέων
3271 4455 3471 4519 πεδίον,

235 4541 334 4606 οὓς
384 4545 478 4596 καὶ
510 4543 784 4613 Σολύμους
806 4545 950 4608 τινές
977 4562 1132 4614 φασι,
1177 4544 1408 4615 λιπαρὸν
1433 4543 1674 4613 λέτει....
1715 4543 1822 4597 ἀπὸ
1851 4543 2064 4598 Πισίδου
2092 4546 2147 4599 δέ
2178 4565 2320 4610 τινος
2363 4548 2732 4617 ὀνομασθῆναι
2763 4547 3010 4616 λέγονται
3052 4548 3100 4600 οἱ
3146 4544 3358 4598 Πισίδαι
3405 4545 3476 4598 δι’

237 4633 358 4696 ἑνὸς
391 4633 431 4687 Tr
465 4634 842 4704 ἐκφερόμενοι.
891 4635 986 4688 καὶ
1026 4634 1155 4688 ποτὲ
1201 4634 1300 4703 μὲν
1323 4635 1380 4686 ὲν
1409 4633 1660 4704 συστολῇ,
1693 4631 1826 4686 ποτὲ

1864 4632 1922 4684 δὲ
1953 4633 2012 4684 ἐν
2055 4632 2274 4684 ἐκτάσει
2299 4632 2398 4702 τὴν
2437 4633 2730 4702 ἄρχουσαν.
2769 4631 3060 4702 Perperam
3106 4631 3266 4701 igitur
3301 4629 3475 4684 Geor-

238 4721 388 4791 gium
423 4728 668 4776 nostrum
695 4722 782 4776 alii
814 4720 1070 4784 Pisidam,
1101 4721 1192 4774 alii
1227 4721 1485 4784 Pisidem,
1531 4719 1792 4775 Pisidiam
1840 4717 1950 4781 alii,
1998 4727 2051 4772 et
2089 4718 2181 4772 alii
2228 4717 2565 4773 Pisidensem
2594 4720 2676 4775 vel
2712 4720 2973 4774 Pisidiam
3008 4719 3319 4788 appellant;
3372 4732 3475 4772 nos

238 4807 477 4863 Pisidam
511 4809 597 4863 vel
628 4810 862 4865 Pisidem
891 4809 1312 4863 nominabimus.
1344 4808 1574 4864 Vivebat
1639 4808 1730 4862 ille
1780 4806 1961 4862 clarus
1995 4807 2141 4859 circa
2178 4821 2382 4859 annum
2421 4805 2624 4861 Christi
2684 4807 2810 4869 650,
2867 4806 3205 4875 temporibus
3251 4819 3326 4876 [ρ.
3385 4804 3476 4876 IV]

239 4893 415 4967 Sergii
445 4897 766 4966 patriarchae
801 4906 859 4952 et
888 4896 1120 4952 Heraclii
1143 4895 1508 4966 imperatoris,
1528 4895 1684 4966 cujus
1715 4895 1790 4949 rei
1824 4893 1985 4948 [idem
2008 4891 2216 4947 faciunt
2261 4893 2539 4947 indubiam
2571 4895 2690 4963 ejus
2720 4895 2942 4964 scripta,
2975 4893 3028 4945 in
3062 4892 3258 4961 quibus
3287 4891 3476 4945 laudes

237 4982 291 5037 in
323 5000 421 5039 eos
449 4999 624 5055 usque
653 4985 719 5039 ad
757 4985 1062 5039 satietatem
1092 4984 1317 5054 aggerit.
1352 4981 1646 5053 Utriusque
1678 4983 1838 5054 plane
1883 4980 2112 5051 gratiam
2161 4980 2348 5036 iniisse
2397 4981 2688 5036 dicendum
2738 4991 2824 5036 est
2876 4995 3022 5043 eum,
3070 4979 3162 5049 qui
3209 4995 3239 5034 e
3273 4979 3475 5035 Pisidia

237 5081 395 5126 ortus
442 5072 496 5126 in
547 5088 738 5144 magna
761 5071 992 5126 ecclesia
1023 5070 1305 5140 Cpolitaua
1335 5070 1626 5140 dignitates
1662 5082 1850 5140 postea
1892 5082 2222 5128 consecutus
2273 5082 2374 5128 est.
2408 5072 2534 5127 Fuit
2576 5073 2724 5126 enim
2779 5073 2833 5126 in
2865 5072 2981 5126 aede
3010 5061 3210 5126 sanetae
3254 5070 3475 5141 Sophia:

236 5159 524 5226 diaconus,
565 5169 622 5214 et
667 5161 1047 5231 scev0phylax,
1100 5158 1300 5228 quibus
1331 5157 1504 5213 titulis
1552 5159 1791 5234 occurrit
1819 5159 2109 5234 insignitus
2160 5166 2216 5218 in
2278 5163 2402 5218 cod.
2448 5162 2570 5218 Vat.
2634 5163 2791 5216 “26.
2849 5161 3118 5230 Equidem
3167 5162 3281 5216 scio
3328 5161 3472 5214 circa

240 5245 358 5302 haec
401 5257 647 5316 tempora
696 5247 902 5302 clerum
954 5246 1298 5316 Cpolitauum
1339 5253 1550 5300 tantum
1603 5233 1946 5314 excrevisse,
1984 5261 2047 5306 ut
2076 5251 2357 5307 lleraclius
2387 5267 2484 5306 sua
2519 5250 2802 5304 sanctione
2826 5251 2880 5304 in
2913 5249 3144 5304 Novellis
3169 5251 3223 5312 2,
3261 5249 3315 5312 4,
3347 5263 3472 5302 cuin

240 5332 503 5388 diaconos
528 5342 642 5388 tum
672 5333 806 5389 alios
829 5332 1051 5388 ordines
1083 5334 1138 5387 in
1165 5333 1492 5387 immensum
1521 5345 1732 5401 auctos,
1763 5337 1950 5407 utjam
1975 5339 2054 5394 eis
2091 5339 2380 5410 assignate
2416 5338 2634 5402 στάσεις
2669 5338 2754 5392 vel
2796 5339 2956 5394 sedes
2991 5339 3076 5392 vix
3132 5337 3470 5399 sufficerent,

240 5420 306 5474 ad
336 5430 548 5475 certum
582 5435 867 5475 numerum
898 5422 1143 5492 redigere
1171 5421 1494 5476 decreverit.
1537 5423 1718 5489 Quare
1749 5425 1979 5481 mirarer
2011 5427 2194 5482 minus
2219 5425 2509 5498 Georgium
2541 5425 2774 5481 Pisidam
2806 5427 2859 5481 in
2887 5427 3114 5482 ecclesia
3143 5425 3332 5496 majori
3383 5440 3471 5476 re-

243 5519 459 5578 ceptum
506 5507 695 5571 fuisse,
746 5508 790 5560 si
831 5507 972 5562 inter
1018 5509 1277 5564 diaconos
1321 5511 1701 5566 tantummodo
1751 5511 1947 5570 luisset
1983 5524 2316 5586 cooptatus:
2355 5515 2450 5570 sed
2490 5530 2612 5569 cum
2653 5516 3014 5587 secvophylax
3066 5514 3233 5568 etiam
3290 5511 3472 5574 fuerit,

243 5598 504 5669 majorem
540 5595 700 5667 plane
731 5595 904 5665 injicit
949 5595 1108 5652 nobis
1135 5596 1203 5654 de
1239 5611 1298 5654 se
1330 5597 1662 5668 opinionem.
1705 5596 1839 5656 Nam
1887 5603 2243 5676 σκευοφύλαξ,
2275 5603 2604 5658 cimeliorum
2632 5604 2715 5661 vel
2748 5621 2988 5660 vasorum
3017 5602 3246 5657 ecclesia:
3279 5610 3470 5664 custos,

444 5691 724 5752 PATROL.
753 5689 870 5751 Gn.
903 5689 1079 5752 XCII.
3071 5695 3141 5755 37
