4092 6296
708 306 845 374 1l63
1916 307 2067 368 IOS.
2101 304 2364 368 MARUE
2395 305 2709 379 QUERCII
3756 318 3853 383 11M

707 430 868 484 tertia
894 436 1012 482 erat
1047 435 1169 497 post
1192 441 1446 498 magnum
1482 438 1826 480 teconomum
1867 433 1922 477 et
1969 437 2224 493 magnum
2254 422 2594 478 sacellarium
2629 423 2866 494 dignitas
2898 423 3040 479 inter
3067 423 3524 492 ὲξωκατακοίλους
3558 429 3636 485 vel
3673 435 3857 502 majores

699 516 951 572 ecclesia:
988 516 1272 580 officiales,
1310 516 1577 584 ἄρχοντας
1625 527 1843 580 quoque
1898 520 2184 580 praptcrea
2231 511 2558 578 appellatos,
2589 521 2648 565 ut
2684 511 2871 567 videre
2899 521 2982 567 est
3016 513 3071 567 in
3111 513 3321 570 Codino
3348 515 3420 569 De
3457 516 3583 586 ofﬁc.
3618 518 3712 584 CP,
3733 522 3805 577 lib.
3827 542 3856 588 ι,

702 603 797 674 qui
822 605 877 658 in
906 603 1022 674 ipsa
1037 604 1266 658 ecclesia
1295 602 1430 657 etin
1460 601 1690 670 publicis
1709 600 2057 654 cmtsessibus
2093 596 2417 666 patriarcha:
2468 614 2684 668 semper
2732 599 3084 664 assistebant,
3129 611 3185 656 et
3213 602 3494 674 episcopos
3517 605 3738 676 ipsosque
3770 628 3857 666 me-

704 691 989 760 tropolitas
1038 689 1432 758 praecedebant.
1474 687 1892 757 Scevopbylaeis
1945 686 2129 739 munia
2189 693 2437 738 recenset
2481 685 2712 740 Allatius
2757 684 2832 739 De
2883 688 3158 759 utriusque
3193 687 3338 744 Eccl.
3376 707 3514 746 com.
3544 692 3628 747 lib.
3655 711 3721 757 Ill,
3746 697 3856 750 c.8:

715 779 773 832 '0
820 779 994 848 μέγας
1030 777 1368 848 σκευοφόλαξ
1429 761 1709 847 στήκεται,
1756 778 1884 828 ὅταν
1933 775 2238 840 λειτουργεί
2278 774 2306 823 ὁ
2361 775 2670 846 ἀρχιερεὺς,
2715 774 3025 846 ἔμπροσθεν
3083 775 3178 830 τοῦ
3231 780 3638 848 σκευοφυλακίω
3667 799 3679 812 ο
3710 784 3786 836 καὶ
3823 787 3861 838 εί

701 881 756 918 τι
786 865 829 917 δ’
865 867 933 920 ἂν
964 865 1287 935 χρειασθοῦν
1314 867 1378 918 ὲκ
1398 863 1492 916 τοῦ
1525 863 1976 931 σκευοφυλακίου,
2002 860 2166 922 αὐτὸς
2199 858 2460 924 ἁποδίδει,
2495 861 2612 930 ἦτοι
2649 861 2864 925 σκεῦος,
2891 861 3097 932 βιδλίον
3129 864 3294 934 ἱερὸν,
3319 867 3516 936 κηροὺς
3539 869 3623 920 καὶ
3652 869 3858 938 ἀλλαγὰς,

703 953 1026 1022 ὐποκρατῶν
1058 953 1239 1006 καὶτὸ
1273 950 1701 1018 σκευοφυλὰκιον
1731 952 1828 1019 τῆς
1859 948 2164 1017 ἐπισκοπῆς
2199 947 2294 999 καλ.
2337 949 2444 1000 πᾶν
2494 949 2686 1011 σκεῦος
2729 949 2833 1017 τῆς
2889 950 3188 1021 ἐκκλησίας
3221 968 3236 982 ο
3284 952 3420 1021 ἔχων
3451 954 3504 1005 δὲ
3541 957 3626 1007 καὶ
3662 957 3744 1020 τὰς
3787 975 3863 1029 χη-

705 1042 1006 1112 ρευομένας
1059 1039 1352 1111 εκκλησίας
1405 1043 1482 1102 είς
1513 1039 1624 1110 τὴν.
1658 1038 1822 1094 αὑτοῦ
1880 1036 2188 1104 ἐπίσκεψιν,
2254 1036 2347 1087 καὶ
2387 1035 2455 1088 τὰ
2490 1037 2612 1105 ἱερὰ
2667 1036 2846 1089 αὐτῶν
2872 1039 3071 1091 πάντα·
3112 1037 3228 1090 ἐστι
3260 1038 3317 1092 δὲ
3349 1041 3439 1094 καὶ
3470 1042 3546 1104 είς
3575 1042 3662 1105 τὰς
3683 1044 3862 1112 κρίσεις,

703 1133 987 1202 φυλάττων
1016 1134 1110 1187 καὶ
1135 1135 1202 1186 τὰ
1225 1133 1408 1186 δίκαια
1447 1133 1558 1185 τῶν
1580 1131 1979 1203 είσερχομένων
2000 1130 2079 1191 είς
2110 1127 2208 1198 τὴν
2238 1122 2534 1191 ἐκκλησίαν
2558 1122 2645 1176 διὰ
2676 1125 2800 1186 τοὺς
2825 1124 3122 1196 κληρικοὺς
3148 1127 3308 1198 μέχρι
3336 1128 3429 1180 τοῦ
3457 1129 3706 1198 διανέμειν
3726 1132 3864 1196 αὐτοῖς

700 1221 896 1276 ταῦτα.
935 1221 1041 1276 Sed
1081 1237 1205 1276 cum
1248 1221 1433 1290 plures
1465 1229 1594 1275 tunc
1624 1226 1809 1274 essent
1847 1219 1902 1272 in
1937 1217 2170 1272 ecclesia
2203 1211 2474 1277 Sophiana
2513 1210 2930 1280 scevopbylaces
2979 1213 3234 1282 (quatuor
3272 1214 3416 1268 enim
3466 1226 3612 1269 erant
3650 1233 3709 1270 ex
3740 1219 3867 1288 ipsius

701 1306 936 1363 lieraclii
969 1308 1281 1377 prmscripto
1312 1307 1632 1379 presbyteri,
1662 1306 1876 1360 diaconi
1910 1319 2024 1368 sex,
2054 1305 2284 1356 lectores
2313 1301 2460 1366 duo).
2500 1313 2609 1351 non
2659 1298 2950 1352 admodum
2995 1299 3154 1355 facile
3189 1302 3312 1370 quis
3353 1303 3604 1357 concedet
3639 1303 3865 1376 Georgium

699 1406 946 1451 nostrum
967 1396 1107 1450 inter
1130 1413 1244 1461 eos,
1285 1397 1376 1465 qui
1403 1396 1591 1450 eadem
1622 1394 1885 1463 dignitate
1930 1392 2111 1447 donali
2157 1397 2359 1451 essent,
2403 1386 2606 1455 primas
2643 1385 2898 1446 tenuisse,
2925 1396 2980 1438 et
3009 1404 3255 1457 magnum
3282 1389 3722 1459 scaaopliylacema
3751 1393 3866 1446 nobis

699 1484 853 1537 nullo
901 1484 1045 1537 bono
1093 1483 1216 1552 jure
1245 1483 1424 1538 vocari
1456 1482 1770 1536 contendet.
1803 1481 2136 1550 Argumenta
2180 1477 2338 1546 plane
2361 1489 2469 1526 non
2503 1481 2824 1541 suppetunt,
2877 1472 3075 1540 quibus
3123 1475 3516 1546 scevopbylacii
3561 1477 3864 1545 praefecturam

700 1569 932 1641 Georgio
963 1585 1206 1624 asserere
1238 1568 1526 1639 possimus,
1567 1567 1659 1621 sed
1695 1567 2064 1636 suspicionem
2107 1564 2274 1618 movit
2305 1571 2417 1615 tum
2463 1559 2578 1628 ipse
2606 1559 2812 1625 titulus,
2851 1569 2965 1613 tum
2994 1575 3057 1614 ea
3090 1576 3198 1630 qua
3233 1561 3483 1633 Sergium
3521 1573 3572 1617 et
3621 1563 3864 1620 lleraclium

701 1657 1001 1728 attingebat
1036 1673 1248 1712 summa
1300 1655 1668 1711 necessitudo.
1717 1655 1852 1708 Nam
1900 1653 2151 1723 Sergium
2201 1650 2418 1744 quidem
2474 1647 2546 1700 ita
2577 1661 2722 1715 saepe
2770 1646 2972 1744 l‘audat,
3024 1656 3084 1701 ut
3132 1648 3181 1702 ei
3227 1649 3396 1702 multa
3429 1648 3867 1705 familiaritatecon—

695 1745 918 1814 junctus
971 1744 1234 1799 videatur.
1294 1744 1658 1798 Hexaemeron
1686 1741 1734 1796 ei
1761 1742 1924 1804 dicat,
1961 1741 2122 1810 idque
2152 1738 2333 1809 operis
2363 1735 2481 1804 ipso
2521 1735 2801 1788 monente‘
2824 1750 2884 1788 se
2933 1735 3243 1804 suscepisse
3292 1736 3620 1791 demonstrat
3655 1739 3801 1802 statim
3827 1740 3866 1792 in

702 1831 990 1903 principio,
1027 1850 1078 1886 ν.
1108 1834 1220 1888 5‘2:
1263 1833 1421 1886 Ἥκω
1443 1832 1624 1902 φέρων
1664 1848 1745 1884 σοι
1793 1830 1890 1900 τῆς
1929 1830 2138 1899 ἐρήμου
2187 1824 2318 1894 καρδ

2250 1824 2411 1894 ιρδίας
2460 1824 2708 1892 καρποὺς
2757 1823 3177 1894 γεωργηθέντας
3233 1825 3299 1877 ὲκ
3331 1825 3431 1895 τῆς
3483 1826 3577 1893 σῆς
3604 1825 3780 1895 δρόσον.
3818 1825 3866 1880 Et

618 1983 621 1987 I
701 1921 862 1989 paulo
886 1931 1027 1990 post.
1057 1936 1109 1973 γ.
1140 1920 1229 1982 49,
1262 1920 1382 1989 ejus
1414 1919 1600 1973 favore
1627 1919 1825 1971 fretum
1852 1926 1908 1970 et
1930 1917 2216 1970 incitatum
2246 1911 2480 1967 stimulis
2507 1925 2646 1980 opus
2677 1912 2896 1982 aggredi
2953 1920 3186 1966 testatur
3218 1931 3230 1967 :
3261 1911 3340 1984 [p.
3383 1913 3473 1984 v.1
3505 1913 3639 1983 Πρὸς
3665 1915 3739 1966 τὸν
3771 1931 3865 1966 σκο-

701 2004 800 2055 πὸν
836 2003 896 2056 τὸ
922 2001 1142 2072 πνεῦμα
1184 2003 1462 2064 συντείνας
1487 2001 1594 2071 ἔχω
1619 2003 1730 2062 τοῖς
1763 2003 1875 2062 σοῖς
1902 1997 2176 2062 πεποιθὼς
2220 2013 2317 2066 μυο

2247 1999 2502 2060 ιυστικοῖς
2537 1998 2832 2060 ἀκοντίοις.
2876 1997 2934 2052 ln
2969 1998 3073 2052 fine
3103 2007 3285 2053 autem
3314 2015 3367 2053 v.
3407 1999 3540 2054 1879
3575 2003 3863 2069 patriarcbam

700 2089 879 2160 ipsum
911 2107 1007 2160 pro
1028 2091 1204 2144 salute
1238 2090 1582 2159 imperatoris
1615 2096 1671 2141 et
1703 2087 1853 2158 regni
1879 2086 2134 2140 felicitate
2161 2087 2358 2139 multas
2384 2086 2667 2155 lacrymas,
2696 2100 2994 2155 precesque
3023 2087 3090 2139 ad
3116 2087 3281 2140 Deum
3313 2086 3622 2141 fundentem
3651 2102 3702 2142 se
3723 2087 3870 2142 vidisse

699 2181 935 2232 affirmat
969 2197 982 2232 :
1035 2179 1280 2248 ἔγνωμεν
1314 2178 1498 2238 αὑτὸν,
1545 2177 1647 2229 κᾶν
1674 2176 1822 2229 δοκεῖ
1855 2174 2158 2244 λεληθέναι.
2196 2173 2315 2239 Quit

2250 2173 2337 2227 uid
2393 2173 2567 2226 simile
2611 2174 2852 2226 occurrit
2891 2174 2947 2227 in
2991 2172 3230 2227 Abaricis
3279 2174 3568 2246 legendum
3597 2192 3611 2230 :
3637 2175 3700 2228 ibi
3745 2176 3866 2236 enim,

699 2283 752 2319 ν.
792 2267 918 2327 955,
959 2265 1206 2338 Sergium
1233 2275 1424 2319 contra
1468 2264 1736 2317 Barbaros
1765 2263 2016 2327 lacrytnis
2039 2271 2094 2316 et
2125 2261 2378 2331 suspiriis
2403 2260 2750 2315 dimicantem
2783 2271 3134 2329 repraesentat
3179 2261 3472 2332 Georgius,
3513 2263 3654 2332 quasi
3682 2263 3870 2316 omnium

699 2365 884 2403 rerum
914 2350 1029 2419 ipse
1060 2359 1206 2404 esset
1234 2348 1516 2410 conscius,
1549 2364 1670 2417 qua:
1696 2363 1726 2401 a
1761 2348 2065 2416 patriarcha
2097 2349 2442 2416 gerebantur.
2474 2347 2630 2412 Quod
2662 2358 2840 2402 autem
2869 2350 2934 2403 ad
2969 2349 3273 2403 Heraclium
3297 2361 3529 2420 spectat.
3568 2353 3725 2420 aliqua
3763 2365 3872 2404 certe

698 2434 754 2490 in
793 2437 1200 2491 existimatione
1256 2436 1398 2505 apud
1441 2450 1566 2488 eum
1623 2435 1790 2488 fuisse
1830 2433 2119 2504 Georgium
2171 2434 2547 2489 demonstrant
2602 2439 2854 2489 Acroases
2903 2436 2954 2488 in
3003 2451 3127 2490 eum
3169 2437 3390 2506 scriptae
3417 2438 3573 2507 eique
3602 2439 3874 2492 confidenter

697 2523 913 2578 oblatae.
949 2523 1198 2576 ltaienim
1242 2539 1454 2575 acroas.
1495 2525 1546 2585 1,
1592 2522 1659 2575 57
1712 2520 1789 2574 De
1838 2521 2023 2590 exped.
2053 2520 2313 2588 imperato

2257 2530 2434 2576 torem
2485 2524 2780 2592 alloquitur
2815 2539 2828 2574 :
2872 2523 3007 2577 Μετ’
3063 2524 3350 2594 εὐμενείας
3400 2528 3525 2589 τοὺς
3569 2527 3718 2596 ἐμοὺς
3757 2526 3873 2595 δέχου

696 2610 884 2678 λόγους
905 2627 918 2640 ·
951 2610 1227 2680 ἐλεύθεροι
1254 2611 1362 2680 γάρ
1390 2613 1527 2661 εἰσιν
1571 2607 2038 2678 ὲκθωπευμάτων,
2061 2605 2137 2660 "ex
2188 2607 2282 2660 σοῦ
2337 2610 2600 2678 μαθόντες
2630 2610 2705 2680 μὴ
2729 2611 2906 2663 λαλεῖν
2934 2612 3243 2681 ὑποκρίσει.
3285 2611 3442 2677 Quod
3495 2629 3619 2668 sane
3649 2617 3875 2667 confirmat

697 2715 905 2752 acroas.
938 2699 992 2764 5,
1015 2699 1138 2764 574,
1168 2698 1356 2752 dicens
1381 2716 1393 2750 :
1437 2698 1526 2750 Σοὶ
1555 2697 1705 2750 τόνδε
1735 2695 1966 2748 πλεκτὸν
1998 2695 2258 2762 στέφανον
2283 2698 2306 2747 ὲ

2283 2697 2342 2760 ἐξ
2365 2698 2644 2768 ἀκηράτου
2669 2697 2932 2768 λειμῶνος
2957 2699 3084 2768 ἄρτι
3115 2699 3217 2768 τῆς
3257 2700 3520 2768 ἀληθείας
3553 2702 3710 2772 φέρω.
3738 2700 3784 2754 Id
3803 2716 3875 2753 au-

699 2797 806 2841 tem
839 2798 985 2842 recte
1026 2787 1319 2841 admodum
1371 2785 1673 2840 allirmabat
1696 2783 1938 2837 lleraclio
1963 2783 2176 2837 Pisida:
2203 2799 2312 2836 non
2343 2785 2488 2838 enim
2518 2785 2604 2839 ille
2639 2785 2707 2838 de
2740 2786 2902 2839 rebus
2924 2787 3082 2857 longe
3111 2789 3346 2856 peractis
3377 2797 3435 2841 et
3464 2805 3492 2841 a
3521 2803 3577 2843 se
3607 2788 3758 2842 nntlto
3779 2798 3877 2840 tent-

697 2873 847 2943 poris
872 2873 956 2927 vel
980 2873 1082 2927 loci
1111 2873 1398 2927 intervallo
1424 2873 1666 2937 semotis,
1699 2871 1794 2925 sed
1815 2871 1883 2925 de
1912 2871 1980 2925 iis
2013 2886 2242 2940 quorum
2275 2871 2389 2940 ipse
2424 2871 2604 2926 fuerat
2647 2872 2923 2944 αὐτόπτης
2973 2884 3028 2928 et
3077 2875 3328 2930 oculatus
3373 2877 3550 2942 testis,
3595 2875 3872 2946 loquebatur.

695 2961 907 3030 Quippe
935 2962 1160 3020 dubium
1192 2962 1418 3015 omnino
1448 2976 1560 3013 non
1603 2968 1686 3013 est
1713 2974 1840 3012 eum
1871 2957 2040 3014 fuisse
2078 2959 2333 3013 comitem
2363 2960 2594 3016 lleraalii
2641 2964 2698 3020 in
2742 2964 2916 3033 prima
2962 2963 3309 3033 expeditione
3348 2976 3543 3020 contra
3593 2965 3762 3019 Persas
3788 2983 3799 3017 ε
3823 2964 3874 3016 ita

692 3049 844 3126 enim
869 3064 932 3103 ea
963 3065 1083 3119 qua:
1113 3057 1231 3102 acta
1262 3057 1391 3102 sunt
1418 3054 1621 3110 narrat,
1659 3047 1744 3101 vel
1775 3045 1960 3116 potius
2000 3045 2284 3111 describit,
2333 3057 2390 3101 ul
2431 3049 2660 3119 singulis
2714 3049 3049 3114 interfuisse,
3100 3050 3282 3105 statim
3332 3052 3538 3123 legenti
3585 3061 3763 3122 pateat.
3796 3048 3875 3104 Sed

695 3152 821 3192 eum
855 3137 1031 3208 ianIII
1059 3137 1250 3191 audire
1273 3137 1429 3202 juvat
1450 3135 1516 3189 de
1549 3150 1607 3188 se
1633 3133 1965 3204 loquentem.
1995 3134 2085 3208 Ait
2117 3135 2263 3188 enim
2310 3152 2516 3188 acroas.
2573 3135 2628 3200 2,
2679 3136 2802 3200 122,
2851 3137 2973 3191 belli
3009 3138 3267 3207 praeludia
3299 3139 3638 3208 inspexisse:
3673 3140 3813 3200 Πόθος
3835 3136 3876 3188 δέ

698 3223 790 3295 μοί
823 3200 905 3287 τις
941 3223 1128 3277 ἐνθάδε
1156 3200 1498 3293 προσήρχετο
1531 3220 1659 3273 ἰδεῖν
1691 3200 1759 3272 τὰ
1806 3222 2015 3290 τερπνὰ
2041 3200 2140 3289 τῆς
2169 3222 2314 3292 μάχη

2262 3239 2347 3292 (ης
2379 3224 2670 3294 προαύλια.
2717 3227 2972 3294 Apertius
3019 3235 3200 3279 autem
3252 3241 3407 3280 suam
3457 3229 3594 3282 inter
3619 3243 3752 3282 arma
3774 3239 3878 3297 pre-

695 3312 929 3366 scntiam
956 3313 1219 3376 declarat,
1251 3327 1458 3363 acroas.
1493 3311 1544 3372 5,
1577 3308 1698 3373 151,
1733 3308 1922 3362 dicens
1949 3309 2149 3362 milites
2187 3325 2284 3378 pro
2318 3311 2660 3380 imperatoris
2715 3313 2892 3367 salute
2949 3314 3400 3384 collacrymantes
3454 3317 3668 3376 vidisse,
3712 3329 3880 3383 unaque

695 3401 858 3454 simul
882 3416 1004 3454 cum
1028 3399 1132 3453 illis
1164 3398 1380 3452 ﬂevisse
1417 3415 1428 3451 :
1483 3395 1725 3460 Τούτοις,
1752 3396 2034 3468 κράτιστε,
2060 3397 2154 3449 καὶ
2180 3398 2311 3467 συνή

2261 3397 2452 3470 θήσθην
2496 3401 2723 3462 εἰκότως
2757 3401 2941 3463 καλῶς
2967 3401 3250 3470 φρονοῦσι,
3284 3404 3379 3455 καὶ
3407 3405 3715 3474 συνήλγησα
3737 3403 3877 3460 πλέον,

693 3490 762 3558 τῇ
803 3488 1095 3557 ταυτότητι
1149 3486 1439 3555 συγχυθεὶς
1470 3484 1578 3537 τῶν
1625 3483 1898 3554 δακρύων.
1940 3484 2012 3537 Αι
2044 3483 2098 3536 in
2139 3484 2309 3537 eaden

2265 3499 2330 3536 :m
2359 3487 2593 3551 acroasi,
2616 3503 2668 3539 v.
2693 3485 2815 3551 545,
2845 3487 3152 3541 lleraclium
3187 3488 3264 3559 [p.
3299 3487 3392 3560 Vl]
3427 3491 3622 3560 ipsum,
3649 3491 3730 3561 qui
3745 3490 3881 3561 primo

695 3574 842 3629 bello
879 3575 990 3644 jam
1024 3572 1278 3628 confecto
1317 3589 1348 3627 e
1397 3570 1617 3625 Perside
1645 3571 1698 3624 in
1738 3570 1925 3624 urbem
1954 3580 2073 3624 erat
2098 3586 2436 3636 reversurus,
2471 3573 2539 3628 de
2571 3576 2837 3643 susceptis
2870 3575 3147 3630 laboribus
3188 3577 3516 3646 gaudentem
3559 3580 3668 3634 suis
3706 3577 3881 3631 auribus

695 3663 969 3716 audivisse
994 3661 1081 3714 sie’
1105 3659 1273 3714 refert
1305 3675 1318 3712 :
1367 3657 1542 3721 Αὐτὸς
1589 3657 1698 3728 γὰρ
1737 3658 1868 3729 ἡμῖν
1910 3657 2223 3728 ἐξαριθμῶν
2251 3676 2311 3711 πε

2265 3659 2511 3722 πολλάκις
2555 3661 2650 3714 τοῦ
2701 3661 2796 3714 σοῦ
2858 3661 2974 3731 βίου
3020 3663 3082 3714 τὸ
3127 3664 3346 3735 μέτρον,
3399 3667 3656 3738 ὲτράνους
3675 3663 3881 3734 ὅτιβιοὺς

696 3750 889 3820 χρόνον
921 3746 1170 3800 τοσοῦτον
1198 3748 1261 3800 ἐν’
1285 3747 1532 3818 ῥᾳθυμίᾳ
1573 3745 1744 3816 ἔζησα
1775 3745 1977 3807 ταύτας
2008 3745 2086 3816 τῷ
2119 3745 2238 3815 Θεῷ
2272 3761 2312 3796 τε

2272 3743 2368 3804 τὰς
2398 3743 2632 3814 ἡμέρας.
2659 3741 2717 3796 In
2742 3745 2848 3798 line
2874 3745 3090 3799 tandem
3125 3747 3366 3815 ejusdem
3408 3745 3879 3810 acroaseos,v.555.

695 3835 903 3908 hydrae,
950 3835 1056 3889 hoc
1103 3844 1186 3888 est
1217 3849 1417 3888 erroris
1447 3835 1554 3888 late
1602 3834 1748 3904 apud
1794 3832 1989 3887 Persas
2032 3833 2320 3902 serpentis,
2366 3847 2531 3884 unum
2575 3842 2734 3901 caput
2768 3847 2827 3887 se
2851 3833 3050 3888 vidisse
3098 3843 3366 3892 testatur:
3407 3838 3506 3891 Ὃν
3531 3837 3624 3891 νῦν
3652 3836 3883 3908 βλέποντες

698 3923 930 3992 είσάγαν
977 3921 1332 3992 Θαυμάζομεν
1394 3921 1691 3992 Ἡρακλέος
1735 3921 1970 3990 τυχόντα
1996 3922 2090 3974 καὶ
2117 3937 2314 3989 σεσωσι

2264 3919 2479 3989 σμένον.
2516 3918 2702 3988 Itaque
2735 3919 2778 3972 si
2809 3917 3010 3985 Pisida,
3040 3930 3100 3974 ut
3127 3932 3210 3975 est
3239 3931 3512 3991 apertum,
3545 3922 3817 3978 [leraizlium
3842 3921 3880 3971 in

695 4009 919 4065 Perside
957 4009 1311 4064 dimicantem
1347 4009 1638 4063 cou'titatus
1667 4017 1774 4073 est,
1807 4024 2045 4078 eumque
2072 4024 2186 4063 sua:
2207 4007 2426 4078 pietatis
2456 4007 2781 4076 virtutisque
2811 4016 3004 4062 testem
3039 4010 3241 4065 habere
3265 4011 3567 4081 imperator
3589 4027 3692 4066 non
3725 4020 3796 4065 est
3811 4007 3883 4062 de-

693 4098 970 4170 dignatus,
999 4097 1144 4166 quali
1174 4096 1227 4150 in
1263 4096 1436 4166 pretio
1474 4095 1616 4165 apud
1650 4093 1830 4164 ipsum
1862 4110 2068 4165 regem,
2106 4111 2321 4150 necnon
2353 4095 2408 4149 in
2449 4103 2558 4150 tota
2605 4097 2728 4150 aula
2778 4097 3066 4167 Byzantina
3116 4098 3298 4163 fuerit,
3341 4101 3478 4155 satis
3523 4101 3668 4162 inde.
3709 4099 3882 4168 opinor,

693 4185 895 4240 elucet.
929 4185 1117 4253 Neque
1148 4183 1298 4238 enim
1340 4191 1398 4236 ut
1423 4183 1705 4253 gregarius
1735 4181 1893 4236 miles
1913 4185 2107 4236 ducem
2138 4198 2322 4250 suum,
2357 4183 2454 4238 sed
2478 4191 2538 4237 ut
2563 4193 2721 4254 poeta
2745 4185 3049 4255 principem
3080 4202 3145 4239 ac
3173 4187 3457 4242 dominum
3479 4196 3696 4242 secutus
3727 4193 3815 4244 est,
3841 4188 3886 4235 ut

693 4274 905 4344 quaeab
943 4273 1062 4344 ipso
1093 4282 1414 4337 gererentur
1460 4271 1754 4338 inspiceret
1797 4280 1854 4324 et
1883 4271 2090 4340 scripto
2129 4273 2434 4326 mandaret.
2483 4271 2603 4337 Quo
2634 4271 2758 4341 quis
2780 4271 2983 4327 factum
3015 4273 3245 4328 fortasse
3278 4275 3489 4342 credat,
3530 4292 3680 4346 aeque
3703 4275 3884 4328 charum

693 4363 865 4420 fuisse
899 4361 1151 4416 Heraclio
1187 4361 1423 4416 Pisidam
1449 4375 1514 4414 ac
1543 4360 1671 4414 olim
1710 4359 1811 4414 fuit
1840 4358 2080 4429 Scipioni
2116 4359 2372 4417 Africano
2395 4362 2625 4428 Ennius,
2657 4378 2818 4432 quem
2851 4371 3030 4420 morte
3061 4365 3207 4420 obita
3238 4365 3292 4419 in
3335 4367 3592 4436 sepulcro
3619 4365 3885 4435 Scipionum

689 4465 814 4508 esse
841 4450 1196 4505 constitutum
1242 4463 1275 4503 e
1340 4462 1614 4502 marmore
1651 4445 1817 4500 tradit
1845 4445 2037 4501 Cicero
2066 4444 2174 4500 Pro
2198 4447 2412 4505 Archia.
2445 4452 2714 4506 Nimirum
2749 4452 2793 4505 si
2825 4467 3014 4507 verum
3047 4463 3152 4520 est,
3173 4455 3318 4523 quod
3360 4466 3502 4510 teste
3536 4456 3722 4509 Allatio
3747 4452 3884 4506 θέσιν.

689 4538 755 4590 de
786 4537 1021 4608 Georgii:
1049 4536 1280 4592 atlirmat
1313 4535 1657 4590 llamartolus
1687 4535 1744 4588 in
1777 4535 2050 4589 (Zbronico
2078 4536 2260 4592 adhuc
2283 4537 2486 4593 inedito
2509 4548 2560 4594 et
2599 4556 2668 4594 cx
2721 4538 3035 4595 l-lamartolo
3087 4540 3394 4608 Cedrenus,
3444 4542 3692 4597 Heraclio
3728 4544 3773 4594 in
3807 4539 3886 4592 hoc

690 4624 891 4680 bellum
922 4625 1234 4696 profecturo
1263 4631 1318 4679 et
1353 4623 1410 4678 in
1437 4623 1669 4678 ecclesia
1693 4623 1882 4694 Magna
1905 4637 2063 4692 opem
2093 4640 2124 4678 a
2150 4623 2258 4680 Deo
2289 4637 2477 4680 contra
2503 4627 2686 4683 hostes
2719 4629 2928 4698 petenti
2962 4628 3138 4681 fausta
3168 4637 3521 4698 apprccatum
3573 4644 3694 4684 esse
3740 4639 3886 4682 coram

690 4712 946 4770 omnibus
978 4713 1242 4776 Pisidam,
1267 4728 1378 4771 non
1410 4712 1680 4766 immerito
1712 4711 1841 4765 inde
1879 4711 2054 4784 colligi
2088 4728 2250 4782 posse
2300 4724 2557 4784 putamus
2595 4731 2742 4779 eum,
2784 4715 2876 4784 qui
2927 4714 3129 4786 ingenii
3169 4715 3326 4770 laude
3373 4717 3609 4772 clareret
3643 4726 3696 4771 et
3746 4715 3887 4781 aliquo

690 4801 918 4880 honoris
959 4801 1120 4856 titulo
1146 4800 1496 4871 praefulgeret
1525 4797 1836 4880 insignitus,
1872 4797 2015 4853 inter
2051 4801 2282 4854 comites
2327 4801 2671 4870 imperatoris
2711 4804 2822 4872 jam
2865 4812 2997 4857 tunc
3054 4804 3223 4858 fuisse
3266 4804 3546 4860 allectum.
3589 4805 3704 4876 Ipse
3722 4813 3886 4858 autem.

688 4888 834 4962 quod
867 4895 1052 4944 nusset
1078 4896 1282 4958 quanta
1311 4894 1461 4942 esset
1499 4885 1585 4941 sui
1639 4885 1878 4940 nominis
1920 4887 2344 4949 commendatio,
2407 4890 2620 4959 poetica
2670 4890 2906 4960 quadam
2941 4891 3183 4957 licentia,
3211 4891 3316 4946 nisi
3348 4893 3508 4946 malis
3530 4893 3712 4947 divino
3740 4890 3888 4944 furore

687 4975 955 5048 percitus.
989 4976 1148 5032 bonis
1184 4975 1462 5030 ominibus
1511 4972 1821 5028 Heraclium
1860 4973 2117 5044 prosequi
2148 4989 2258 5028 non
2292 4975 2582 5032 dubitavit.
2613 4980 2704 5034 Ait
2727 4982 2872 5034 enim
2889 4977 3194 5037 Cedrenus.
3217 4995 3270 5048 p.
3307 4979 3446 5035 420:
3501 4981 3562 5034 '0
3594 4980 3651 5034 δὲ
3681 4976 3889 5049 βασιλεὺς

688 5065 1009 5137 βουλόμενος
1033 5063 1169 5137 πρὸς
1203 5063 1442 5137 Περσίδα
1468 5064 1758 5136 lupam...
1790 5061 2048 5116 εἰσελθὼν
2084 5063 2163 5126 εἰς
2195 5062 2296 5132 τὴν
2329 5064 2576 5135 μεγάλην
2591 5065 2891 5138 ἐκκλησίαν
2922 5066 3129 5135 μέλανα
3154 5066 3478 5136 ὑποδήματα
3511 5065 3890 5138 περισαλόμενος

686 5154 782 5208 καὶ
829 5154 1040 5226 πρηνὴς
1085 5154 1265 5205 πεσὼν
1296 5150 1595 5223 ηὖξατο....
1623 5149 1682 5202 ὃν
1709 5148 1835 5204 ἰδὼν
1857 5149 2176 5220 Γεώργιοςό
2198 5150 2422 5220 Πισίδης
2473 5152 2678 5222 ταύτης
2705 5153 3088 5217 ταπεινώσεως
3145 5153 3271 5224 ἔφη·
3322 5150 3392 5206 Ὦ
3438 5154 3684 5224 βασιλεῦ,
3717 5150 3892 5223 μελαμ·

685 5240 858 5310 ὕαιφὲς
893 5241 1106 5294 πέδιλον
1151 5239 1353 5305 είλίξα.⁶
1402 5237 1540 5291 πόδα
1589 5236 1792 5307 βάψαις
1828 5238 2057 5309 ἐρυθρὸν
2087 5239 2301 5307 Περσικι

2274 5239 2374 5292 κῶν
2408 5241 2466 5306 ἐξ
2498 5240 2767 5310 αἱμάτων.
2809 5240 2885 5294 Ex
2913 5240 3112 5309 quibus
3135 5241 3374 5311 quinque
3403 5241 3602 5296 iambis
3635 5242 3763 5296 duos
3794 5246 3890 5290 tan-

684 5338 801 5383 tum
832 5343 990 5384 suum
1019 5327 1090 5382 ad
1121 5326 1398 5396 ingenimn
1425 5323 1700 5379 etlinxisse
1731 5325 2040 5380 Cedrcnum
2071 5325 2232 5394 plane
2262 5325 2502 5379 ducebar
2529 5326 2596 5380 ad
2629 5327 3039 5396 suspicandum.
3074 5323 3269 5380 Verum
3293 5341 3414 5381 cum
3441 5325 3770 5381 celeberrimi
3804 5322 3892 5376 sint

685 5430 744 5476 et
770 5421 1016 5477 omnium
1051 5417 1419 5473 recentiorum
1445 5415 1760 5472 Graecorum
1785 5430 1880 5471 ore
1909 5415 2110 5485 vulgati
2139 5415 2214 5468 illi
2249 5415 2358 5469 duo
2387 5413 2608 5477 senarii,
2637 5422 2898 5483 praeterea
2926 5414 3089 5467 etiam
3120 5413 3176 5468 in
3210 5414 3332 5468 cod.
3388 5413 3649 5468 Vaticano
3693 5411 3812 5466 “9.6
3848 5417 3894 5461 ct

681 5507 740 5565 in
767 5508 892 5562 aliis
918 5506 1203 5564 corticibus
1217 5503 1451 5560 seorsim
1478 5503 1666 5572 scripti
1688 5518 1751 5557 ac
1771 5503 1986 5573 repetiti
2013 5501 2090 5574 [p.
2116 5501 2232 5574 VII]
2265 5503 2531 5573 lcgantur,
2563 5501 2708 5570 quod
2741 5515 2807 5554 ex
2831 5502 3034 5556 nostris
3061 5501 3500 5558 adnotationibus
3528 5503 3585 5556 in
3606 5501 3892 5571 Fragmenta

683 5595 879 5649 Pisidas
918 5610 974 5651 \L.
997 5593 1075 5647 20
1098 5598 1350 5661 apparet,
1385 5599 1445 5642 ut
1475 5589 1654 5644 fictam
1693 5589 1944 5644 fabellam
1992 5589 2134 5644 banc
2169 5590 2235 5644 de
2283 5588 2513 5658 Georgio
2552 5596 2607 5641 et
2651 5586 2897 5641 lleraclio
2939 5587 3398 5643 narratiunculam
3437 5603 3663 5658 prorsus
3701 5588 3895 5656 rejieere

683 5693 798 5740 non
836 5683 1124 5738 audebam.
1164 5680 1351 5750 Neque
1379 5678 1525 5734 enim
1556 5679 1872 5748 ignorabam
1904 5694 2060 5732 usum
2089 5678 2140 5732 in
2176 5678 2297 5732 aula
2327 5676 2623 5746 Byzantina
2663 5675 2936 5743 quondam
2977 5675 3286 5739 invaluisse,
3332 5686 3392 5731 ut
3427 5685 3602 5746 poeta:
3639 5691 3760 5746 suas
3797 5672 3893 5726 elu-

682 5772 1034 5827 cubratidnes
1057 5785 1238 5826 coram
1261 5766 1396 5838 ipsis
1427 5765 1654 5837 regibus
1687 5775 1744 5822 et
1773 5764 2097 5836 patriarchis
2131 5767 2296 5822 recita

2274 5776 2442 5830 arent,
2483 5777 2686 5832 easque
2727 5763 3020 5832 ἀκροάσεις
3072 5765 3499 5834 (ausculmtiones
3547 5766 3772 5834 diceres)
3809 5776 3890 5829 ap-
