4092 6296
252 308 390 377 1165
1633 322 1868 383 PREFI

1859 323 2044 385 ATIO.
3342 333 3475 397 1166

250 426 535 514 pellarent,
564 424 706 496 quod
737 424 937 514 popqu
965 426 1218 482 audiente
1247 429 1464 499 publice
1488 437 1544 484 et
1569 430 1745 499 palam
1768 432 2093 503 legerentur.
2126 432 2343 490 Testem
2373 434 2645 490 adhibebo
2666 434 2894 491 Paulqu
2940 436 3331 509 Silentiarium,
3375 444 3469 514 qui

250 529 364 568 suae
403 513 470 568 de
505 516 622 568 atde
643 512 913 585 Sophiana
944 516 1322 587 descriptionis
1350 518 1579 587 primam
1606 519 1890 587 partemin
1922 521 2072 591 regio
2093 521 2290 590 palatio
2313 536 2496 576 coram
2544 522 2852 579 Justiniano
2882 524 3225 594 imperatore.
3274 512 3473 585 Secun-

248 600 369 654 dam
414 612 593 656 autem
627 603 679 657 in
716 604 997 674 episcopio
1026 622 1207 659 coram
1238 604 1498 687 Eutychio
1525 605 1830 674 patriarcha
1860 608 2124 672 recitavit,
2158 617 2217 661 ut
2245 624 2311 663 ex
2343 610 2535 665 iambis
2578 619 2633 664 et
2663 612 2832 665 titulis
2869 615 3142 681 poematia
3194 616 3469 687 inscriptis

250 688 309 744 fit
338 691 703 746 manifestum.
753 691 905 758 Quod
936 703 1117 748 autem
1142 682 1311 763 magis
1339 694 1517 747 adhuc
1539 692 1790 747 Cedreno
1817 693 1976 747 (idem
2004 697 2295 751 conciliare
2324 698 2591 761 videatur,
2626 714 2744 752 mos
2773 699 2863 753 ille
2901 708 2984 755 est
3015 702 3143 755 olim
3190 706 3343 774 Cpoli
3365 682 3476 761 vre-

248 788 438 848 ceptus
481 780 548 833 de
605 782 965 836 acclamandis
1012 792 1274 852 perpetuo
1317 780 1757 851 imperatoribus,
1798 784 1941 848 quod
1993 798 2236 854 persaepe
2278 786 2438 840 etiam
2489 788 2652 845 ﬁebat
2704 788 2921 851 iambis,
2960 800 3021 844 ut
3054 791 3239 847 videre
3287 804 3372 847 est
3418 796 3475 849 in

248 869 604 924 Constantino
646 869 1106 941 Porphyrogenito
1144 871 1221 925 De
1280 886 1553 925 cwremon.
1604 870 1743 923 aula:
1778 867 2001 935 Byzant.
2033 867 2100 920 ab
2128 868 2283 923 Joan.
2315 869 2550 924 Henrico
2575 870 2798 924 Lcichio
2826 881 2881 925 et
2902 872 3056 926 Joan.
3088 873 3203 928 Jac.
3252 875 3474 931 Reiskio

248 956 621 1025 superioribus
649 959 805 1013 annis
842 960 1010 1015 edito.
1047 959 1120 1015 lbi
1154 960 1320 1025 enim,
1348 976 1405 1029 p.
1442 959 1525 1023 l6,
1556 958 1752 1027 legitur
1790 955 1935 1025 quod
1963 956 2291 1024 imperatore
2336 952 2529 1027 magna
2572 973 2769 1027 pompa
2803 960 3132 1028 procedente
3181 963 3233 1015 in
3284 974 3472 1018 sancta

244 1049 302 1095 et
356 1059 545 1115 magna
576 1045 853 1101 Dominica
898 1047 963 1101 ad
1013 1062 1186 1112 sacra,
1233 1047 1528 1102 factionum
1560 1043 1976 1099 acclamationes
2010 1041 2163 1104 fiunt,
2196 1049 2253 1097 et
2280 1042 2503 1098 Venetae
2540 1044 2785 1119 notarius
2832 1046 3010 1109 adest,
3039 1049 3131 1100 καὶ
3183 1049 3265 1101 δεῖ
3309 1049 3474 1103 αὐτὸν

251 1134 568 1200 περιπατεῖν
616 1132 836 1185 ὄπισθεν
870 1133 978 1186 τῶν
1024 1134 1299 1187 δεσποτῶν
1334 1133 1582 1202 πλησίον,
1616 1132 1710 1183 καὶ
1757 1131 1937 1197 λέγειν
1968 1129 2091 1190 τοὺς
2142 1128 2285 1181 κατὰ
2332 1129 2503 1182 τύπον
2554 1131 2804 1200 ἰάμϐους,
2856 1133 3053 1189 deinde
3086 1136 3311 1205 ἄρχεται
3345 1139 3473 1208 ιαμ-

251 1211 421 1277 δίςςιν
464 1221 494 1271 ὁ
542 1218 635 1270 τοῦ
678 1219 875 1289 μέρους
925 1220 1030 1274 τῶν
1080 1221 1365 1290 Πρασίνων
1422 1221 1693 1290 μαῖστωρ,
1754 1217 1891 1271 Tum
1932 1219 1961 1269 ὁ
2006 1215 2102 1269 τοῦ
2152 1218 2351 1287 μέρους
2403 1217 2512 1270 τῶν
2544 1218 2783 1272 Βενέτων
2810 1222 3059 1291 μαῖστωρ
3088 1224 3312 1293 ἄρχεται
3347 1227 3477 1293 lupa»

250 1299 444 1362 δέξειν.
508 1305 683 1361 donec
740 1308 767 1359 ὁ
817 1307 912 1358 τοῦ
970 1308 1173 1376 μέρους
1224 1309 1333 1359 τῶν
1380 1305 1667 1374 Πρασίνων
1722 1306 1968 1373 νοτάριος
2019 1303 2245 1374 ἄρχεται
2307 1304 2401 1357 καὶ
2453 1306 2616 1369 αὐτὸς
2672 1308 2945 1375 ἰαμϐίζειν
3003 1310 3108 1373 ἕως
3169 1311 3260 1365 τοῦ
3317 1312 3473 1379 ἁγίου

250 1387 507 1455 φρέατος.
558 1392 615 1447 Id
662 1402 842 1447 autem
884 1392 939 1445 in
980 1392 1235 1446 omnibus
1266 1391 1599 1446 solemnibus
1628 1392 1842 1460 pompis
1892 1390 2008 1444 ﬁeri
2045 1392 2263 1444 solitum
2317 1391 2521 1461 passim
2581 1394 2818 1448 ostendit
2863 1395 3006 1449 idem
3058 1396 3471 1454 Constantinus.

255 1474 411 1529 Unde
435 1481 677 1544 quamvis
701 1481 834 1534 satis
871 1488 1129 1549 appareat
1178 1478 1387 1532 iambos
1417 1478 1508 1547 qui
1547 1493 1578 1531 a
1608 1477 1903 1531 factionum
1936 1479 2205 1549 magistris
2252 1479 2641 1541 recitabantur,
2676 1481 2932 1552 hymnum
2957 1484 3039 1537 vel
3071 1486 3473 1541 cantiunculam

248 1560 441 1623 fuisse.
479 1580 583 1633 qua
617 1567 718 1637 ipsi
750 1568 976 1621 alternis
1001 1565 1215 1623 vicibus
1251 1565 1425 1619 fausta
1476 1565 1904 1634 adprecarentur
1948 1566 2277 1635 imperatori,
2329 1566 2500 1621 nihilo
2540 1575 2722 1622 tamen
2770 1569 2951 1624 minus
2994 1571 3117 1626 inde
3167 1572 3226 1626 iit
3276 1575 3474 1643 proba-
3538 1596 3557 1603 ί

247 1648 417 1705 bilius
445 1651 676 1711 Pisidam
709 1656 903 1710 iambis
928 1671 958 1709 a
996 1654 1249 1711 Cedreno
1274 1654 1507 1709 laudatis
1534 1653 1841 1708 lleraclium
1873 1656 1926 1708 in
1947 1670 2142 1725 magno
2170 1655 2371 1723 templo
2393 1666 2636 1709 orantem
2660 1656 2727 1710 de
2760 1657 3056 1727 improviso
3083 1660 3366 1716 salutasse.

323 1737 526 1794 Verum
556 1744 927 1814 qualecunque
948 1746 1018 1800 sit
1039 1744 1343 1815 sapientum
1367 1744 1607 1798 virorum
1643 1742 1744 1795 hac
1771 1742 1837 1796 de
1864 1758 1923 1796 re
1951 1743 2237 1812 judicium,
2260 1742 2311 1796 id
2341 1758 2507 1796 unum
2532 1758 2600 1796 ex
2634 1744 2898 1798 hactenus
2927 1748 3225 1815 praemissis
3254 1749 3469 1821 colligo,

246 1826 512 1893 Pisidam,
539 1833 584 1885 si
615 1849 721 1887 non
746 1842 807 1889 ut
828 1850 1081 1905 magnum
1107 1833 1570 1903 scevopbylacem,
1600 1841 1747 1886 certe
1778 1840 1838 1885 ut
1864 1847 2031 1884 unum
2060 1845 2129 1885 ex
2161 1830 2405 1885 diaconis
2436 1832 2936 1900 scevoplivlacibus,
2970 1835 3112 1902 apud
3143 1834 3388 1905 Sergium
3418 1848 3475 1892 et

246 1915 560 1972 Heracliam
581 1920 737 1988 plane
767 1923 1062 1992 gratiosum
1088 1921 1364 1976 hominem
1396 1919 1690 1983 exstitisse,
1716 1927 1903 1987 utpote
1929 1918 2019 1987 qui
2046 1918 2276 1971 multum
2306 1917 2535 1988 polleret
2560 1918 2777 1988 ingenio
2802 1928 2859 1973 et
2886 1920 3159 1974 scribendi
3196 1922 3471 1977 facultate.

248 2001 363 2059 Sed
390 2020 498 2059 non
540 2007 795 2061 audiendi
817 2019 944 2063 sunt
969 2009 1192 2063 omnino
1219 2009 1308 2078 qui
1338 2024 1463 2062 eum
1498 2007 1660 2061 modo
1688 2006 2159 2075 chartophylacem
2187 2007 2346 2059 modo
2393 2004 2819 2059 referendarium
2852 2004 3076 2060 faciunt.
3114 2006 3309 2063 Suidas
3352 2010 3474 2077 qui-

246 2089 380 2144 dem
403 2091 458 2145 in
481 2109 537 2145 v.
568 2092 837 2162 Γεώργιος
865 2096 1150 2150 diaconum
1172 2106 1226 2149 et
1244 2094 1738 2163 chartophvlacem,
1767 2090 2103 2162 Nicephorus
2133 2091 2388 2147 Callistus
2417 2100 2595 2145 autem
2630 2091 2775 2148 Hist.
2806 2092 2891 2158 l8,
2922 2092 3010 2157 48,
3046 2093 3473 2150 referendarium

250 2193 380 2232 eum
421 2181 673 2250 appellat.
705 2182 939 2237 Maxima
962 2184 1125 2236 etiam
1152 2183 1403 2237 codicum
1426 2196 1557 2236 mss.
1585 2190 1668 2235 est
1693 2180 2050 2233 inconstantia
2079 2180 2131 2233 in
2165 2180 2320 2234 titulo
2348 2187 2399 2231 et
2425 2180 2685 2249 dignitate
2708 2180 3043 2250 designanda
3085 2180 3281 2238 Pisidae
3308 2205 3319 2236 ε
3344 2199 3471 2238 nam

249 2264 307 2319 in
336 2268 614 2323 codicibus
646 2270 896 2324 biblioth.
929 2272 1102 2341 Regia-
1128 2271 1450 2325 Parisiensis
1481 2278 1535 2325 et
1565 2270 1620 2323 in
1648 2268 1970 2338 quibusdam
1997 2267 2157 2320 etiam
2196 2266 2473 2321 Vaticanis
2498 2268 2756 2322 diaconus
2786 2269 3161 2324 tantummodo
3204 2280 3470 2335 vocatur;

248 2364 309 2410 et
334 2356 388 2410 iu
418 2359 540 2414 cod.
574 2357 982 2414 Vindobonensi
1003 2361 1107 2415 209
1136 2361 1277 2430 apud
1308 2359 1678 2422 Lambecium,
1710 2358 1803 2411 lib.
1832 2372 1886 2419 v,
1912 2371 1964 2424 p.
2002 2356 2087 2418 l9,
2114 2354 2374 2409 diaconus
2394 2364 2447 2409 et
2471 2355 2871 2411 referendarius
2895 2396 2910 2421 ,
2950 2367 3004 2411 et
3036 2358 3132 2412 lib.
3164 2376 3242 2424 vi,
3266 2361 3469 2430 p.162,

249 2443 516 2501 diaconus
541 2456 595 2501 et
624 2448 1010 2518 chartOpbylas
1037 2448 1313 2518 ;itemque
1340 2447 1392 2501 in
1425 2446 1675 2501 biblioth.
1716 2441 2068 2497 Taurineusis
2111 2442 2232 2495 cod.
2263 2442 2386 2506 504,
2418 2443 2836 2512 chartophylax;
2866 2454 2921 2497 et
2951 2444 3004 2497 in
3033 2446 3219 2499 codice
3255 2447 3357 2500 360
3382 2463 3472 2501 re-

248 2530 595 2588 ferendarius
624 2535 838 2589 dicitur.
872 2533 1158 2603 Perpcram
1191 2545 1371 2589 autem
1398 2532 1749 2588 doctissimus
1784 2528 2063 2583 Fabricius
2100 2528 2194 2583 lib.
2229 2545 2327 2593 vn,
2364 2545 2417 2598 p.
2451 2529 2575 2594 691,
2600 2539 2890 2600 utrumque
2919 2532 3133 2586 titulum
3164 2536 3469 2603 conjunxit,

230 2629 312 2673 ~et
342 2620 626 2692 Gecrgium
659 2633 900 2677 nostrum
928 2624 1401 2694 cbartophylaeem
1434 2631 1490 2675 et
1510 2617 1935 2674 refcrendarium
1980 2616 2314 2671 declaravit:
2347 2632 2472 2670 nam
2499 2632 2834 2687 quaecunque
2869 2617 3030 2672 fuerit
3070 2620 3189 2688 ejus
3216 2621 3468 2692 dignitas,

251 2715 408 2759 certe
438 2723 537 2762 una
565 2710 726 2764 simul
752 2710 1139 2780 chartophylax
1171 2718 1226 2763 et
1254 2708 1657 2764 referendarius
1686 2721 1807 2760 esse
1839 2721 1946 2759 non
1980 2706 2176 2775 potuit,
2229 2706 2373 2773 quod
2420 2706 2856 2776 cbartophylacis
2878 2716 2933 2760 et
2963 2707 3311 2763 referendarii
3358 2709 3470 2764 duo

250 2803 464 2849 essent
480 2811 699 2851 munera
723 2799 775 2851 in
797 2798 1022 2852 ecclesia
1055 2798 1333 2867 Cpolitaua
1369 2798 1643 2858 distincta.
1676 2810 1796 2864 qua:
1826 2809 1936 2847 non
1967 2808 2111 2847 unus
2143 2791 2318 2845 obiret
2345 2790 2424 2861 [p.
2451 2792 2610 2863 Vlll],
2646 2793 2739 2847 sed
2769 2808 2889 2862 qua:
2919 2794 3114 2848 viritim
3142 2796 3196 2849 in
3224 2796 3332 2850 duo
3373 2813 3469 2852 ca-

249 2881 373 2951 pita
404 2881 872 2939 distribuerentur.
908 2883 1099 2938 Melius
1120 2884 1346 2939 Allatius
1380 2883 1696 2939 testimonio
1727 2882 1907 2936 Suidae
1939 2880 2130 2942 fretus,
2155 2888 2209 2933 et
2228 2878 2471 2933 Oudinus
2501 2880 2754 2933 Allatium
2783 2891 3022 2942 secutus,
3070 2883 3359 2937 diaconum
3412 2892 3469 2938 et

250 2970 724 3038 chartopbylacem
756 2971 1046 3042 Georgium
1072 2971 1441 3026 nominarunt.
1473 2971 1543 3026 At
1573 2971 1892 3026 Guillelmus
1931 2967 2073 3023 Cave
2108 2967 2289 3021 minus
2319 2975 2569 3020 accurate
2605 2968 2879 3029 scribens.
2909 2983 2962 3022 et
2993 2969 3047 3021 in
3079 2978 3190 3023 toto
3232 2971 3466 3025 articulo

250 3055 324 3107 de
377 3053 555 3108 Pisida
601 3059 833 3114 texendo
885 3058 1110 3127 turpiter
1170 3058 1525 3122 alluciuatus,
1572 3073 1697 3112 eum
1748 3057 1874 3112 fecit
1927 3066 1985 3111 et
2025 3056 2299 3109 rhetorem
2354 3062 2411 3107 et
2447 3056 2926 3124 cbartopbylacem
2980 3056 3185 3125 Magnae
3222 3058 3468 3114 ecclesia)

245 3138 572 3208 Cpolitanze,
603 3143 796 3199 deinde
828 3145 991 3199 etiam
1021 3144 1414 3213 metropolitam
1446 3144 1558 3197 sive
1596 3143 2063 3213 archiepiscOpum
2102 3139 2590 3193 Nicomediensem.
2640 3141 2697 3194 Si
2737 3156 2836 3210 pro
2878 3143 3096 3197 rhetore
3137 3154 3346 3212 poetam
3382 3146 3468 3199 di-

245 3227 428 3281 xisset
457 3227 714 3295 Pisidam,
742 3232 887 3285 nulla
923 3240 1068 3285 esset
1103 3231 1512 3286 controversia:
1542 3240 1599 3285 at
1628 3232 1773 3284 nulla
1802 3232 1923 3299 ejus
1968 3238 2181 3284 exstant
2218 3242 2383 3295 opera
2428 3227 2705 3280 rhetorum
2746 3243 2897 3282 more
2937 3230 3157 3298 scripta,
3192 3245 3295 3285 nec
3338 3231 3468 3300 quid

244 3313 433 3370 simile
478 3332 715 3385 unquam
748 3320 1053 3373 elaborasse
1106 3318 1362 3373 traditum
1417 3327 1520 3382 est,
1573 3320 1665 3374 sed
1699 3319 1971 3373 rhetorem
2018 3326 2072 3370 et
2111 3312 2579 3381 arrhiepiscolium
2639 3313 3104 3369 Nicomediensetn
3153 3316 3281 3371 fecit
3323 3318 3470 3372 Cave

242 3402 446 3456 eodem
476 3419 662 3459 errore
685 3405 899 3472 ductus,
931 3422 1039 3475 quo
1068 3415 1194 3460 ante
1237 3423 1361 3461 eum
1388 3404 1477 3460 alii
1507 3406 1719 3475 decepti
1754 3416 1900 3471 sunt,
1926 3404 2209 3472 Georgium
2231 3401 2462 3457 Pisidam
2490 3417 2613 3453 cum
2643 3399 2869 3471 Georgio
2904 3403 3299 3459 Nicomediensi
3332 3421 3468 3459 con-

242 3490 565 3556 fundentes,
601 3493 743 3561 quod
800 3492 1134 3548 invenissent
1168 3503 1456 3563 utrumque
1499 3494 1745 3564 pluribus
1792 3498 1849 3546 in
1895 3491 2171 3546 codicibus
2213 3500 2268 3543 et
2314 3488 2603 3558 Georgium
2661 3495 2716 3542 et
2765 3489 3232 3560 chartopbylacem
3279 3492 3468 3562 appel-

242 3575 418 3630 latum
442 3595 457 3643 ;
487 3578 731 3646 quamvis
754 3594 936 3643 nemo,
970 3579 1115 3648 quod
1146 3581 1329 3643 sciam,
1358 3581 1590 3634 Pisidam
1616 3580 1887 3634 rhetorem
1915 3576 2212 3630 nominavit
2238 3584 2433 3645 prater
2467 3575 2629 3635 Cave,
2652 3574 2766 3644 qui,
2800 3584 2859 3628 ut
2886 3576 3120 3643 videtur,
3152 3578 3335 3634 fucum
3363 3580 3468 3636 sibi

242 3664 367 3718 fieri
402 3681 594 3734 passus
615 3675 701 3720 est
728 3666 813 3720 vel
841 3683 871 3720 a
897 3668 1083 3721 codice
1108 3668 1354 3722 biblioth.
1387 3667 1607 3720 Antonii
1636 3665 1858 3737 Augusti

1852 3666 1942 3730 iui,
1973 3666 2028 3719 in
2062 3681 2168 3735 quo
2191 3665 2364 3719 oratio
2389 3666 2468 3725 εἰς
2491 3664 2549 3739 τὸ
2573 3664 2937 3734 Εἱστήκεισαν
2960 3668 3109 3737 παρὰ
3139 3668 3217 3737 τῷ
3254 3670 3468 3740 σταυρῷ

242 3752 348 3805 τοῦ
382 3752 580 3822 Ἰησοῦ,
618 3755 719 3808 sub
748 3753 961 3823 Georgii
993 3755 1229 3810 rhetoris
1255 3755 1492 3824 episcopi
1522 3754 1848 3808 Nicomediae
1876 3754 2093 3806 nomine
2121 3753 2415 3822 legebatur,
2445 3751 2529 3805 vel
2575 3766 2605 3805 a
2644 3752 2920 3805 codicibus
2960 3752 3470 3812 Vindoboncnsibus

242 3840 397 3908 apud
438 3841 808 3907 Lambecium,
841 3842 934 3896 lib.
959 3860 1012 3906 v,
1038 3858 1091 3911 p.
1128 3841 1228 3895 144
1257 3850 1314 3894 et
1340 3842 1467 3906 277,
1492 3851 1546 3896 et
1576 3841 1669 3895 lib.
1702 3855 1816 3904 vni,
1844 3854 1897 3908 p.
1925 3839 2049 3903 222,
2076 3840 2128 3893 in
2156 3840 2354 3908 quibus
2378 3839 2631 3896 omnibus
2659 3840 2744 3892 illa
2775 3840 2963 3894 eadem
2989 3843 3162 3895 oratio
3188 3844 3337 3897 venit
3366 3846 3467 3899 sub

242 3928 477 3982 nomine
531 3929 801 4000 Γεωργεου
850 3928 1282 4000 ἁρχιεπισκόπου
1324 3928 1684 3998 Νικομηδείας
1712 3926 1802 3979 τοῦ
1835 3929 1858 3994 ῤ

1851 3927 2085 3997 5ήτορος.,
2130 3925 2263 3978 Cum
2292 3934 2470 3979 autem
2502 3940 2565 3979 ex
2592 3926 2805 3979 duobus
2856 3926 3100 3996 Georgiis
3149 3945 3314 3982 unum
3350 3929 3467 3999 ipse

243 4016 435 4071 facere
468 4018 633 4071 semel
668 4018 965 4082 statuisset,
993 4016 1226 4071 rhetoris
1269 4016 1479 4070 titulum
1510 4014 1902 4070 Nicomediensi
1956 4013 2211 4065 tributum
2235 4013 2301 4066 ad
2333 4013 2566 4066 Pisidam
2598 4012 2891 4066 transferre
2929 4014 3152 4068 minime
3178 4016 3465 4071 dubitavit.

239 4103 520 4159 Caeterum
550 4105 733 4159 multa;
764 4114 892 4159 sum
916 4113 1057 4159 ηοιω
1087 4104 1286 4173 quibus
1318 4102 1496 4157 biduo
1519 4100 1730 4169 Georgii
1765 4100 1905 4153 inter
1924 4115 1982 4153 se
2011 4100 2164 4163 facile
2186 4100 2590 4171 distinguantur
2616 4118 2629 4153 :
2654 4117 2777 4154 nam
2804 4101 3004 4167 Pisida,
3040 4113 3097 4157 ut
3122 4104 3325 4158 dictum
3358 4116 3466 4169 est,

242 4192 351 4245 sub
380 4189 628 4246 Heraclio
657 4192 872 4247 vivebat
892 4208 955 4246 ac
985 4191 1085 4245 fuit
1118 4192 1381 4245 diaconus
1412 4199 1467 4241 et
1496 4187 1854 4257 scevophylax
1893 4194 1948 4238 et
1993 4196 2172 4254 poeta,
2218 4188 2648 4243 Nicomediensis
2679 4198 2883 4252 autem,
2932 4205 2998 4244 ex
3028 4206 3136 4259 quo
3178 4200 3379 4246 temere
3411 4202 3468 4247 et

242 4274 543 4332 Lauibecio
581 4278 927 4344 reclamante,
970 4278 1065 4331 lib.
1118 4293 1157 4342 ι,
1205 4291 1259 4345 p.
1308 4273 1428 4337 155,
1466 4283 1522 4327 et
1555 4273 1646 4326 lib.
1685 4289 1755 4337 Iv,
1784 4289 1836 4342 p.
1877 4274 1936 4326 21
1987 4273 2352 4330 Nicomediam
2400 4276 2689 4345 quemdam
2737 4276 2987 4332 conﬂavit
3028 4277 3358 4333 Possevinus
3412 4281 3466 4333 in

243 4365 563 4432 Appendice
599 4365 899 4434 Apparatus
925 4365 1085 4426 sacri,
1128 4371 1373 4431 tempore
1398 4358 1572 4413 Photii
1603 4360 1803 4427 floruit,
1839 4376 1903 4416 ex
1944 4363 2163 4418 rhetore
2192 4374 2250 4418 et
2278 4366 2564 4429 monacho,
2599 4366 2642 4419 si
2703 4366 2837 4420 fides
2887 4366 3195 4421 adhibenda
3238 4377 3323 4421 est
3369 4382 3468 4423 co-

244 4450 433 4505 dicum
463 4451 631 4505 titulis
658 4451 727 4505 ab
760 4448 954 4504 Allatio
996 4450 1050 4503 in
1092 4448 1282 4504 eadem
1313 4444 1542 4500 diatriba
1574 4444 1649 4498 De
1683 4444 1913 4517 Georgiis
1935 4450 2134 4513 relatis,
2178 4451 2615 4521 archiepiscopus
2658 4451 2985 4508 Nicomediae
3026 4463 3213 4523 postea
3268 4454 3463 4509 factus.

243 4536 609 4592 Combelisius
632 4538 875 4592 omnium
907 4538 1115 4605 primus
1140 4534 1359 4590 videtur
1384 4533 1646 4601 deceptus
1668 4532 1721 4586 in
1754 4542 1901 4588 recte
1929 4536 2307 4607 diguosccndis
2336 4538 2549 4592 duobus
2583 4540 2731 4592 hisce
2763 4540 3006 4609 Georgiis
3040 4557 3053 4591 ε
3090 4540 3188 4593 sed
3220 4554 3466 4595 errorem

246 4624 339 4679 ille
373 4638 531 4677 suum
561 4624 779 4694 agnovit
816 4639 881 4679 ac
906 4624 1085 4678 fassus
1115 4630 1197 4678 est
1227 4622 1282 4675 in
1313 4620 1453 4674 Bibl.
1486 4621 1802 4685 concionat.,
1831 4622 1883 4675 in
1914 4638 2015 4690 qua
2044 4637 2321 4677 sermones
2354 4622 2567 4694 Georgii
2615 4625 3067 4686 Nicomediensis,
3103 4642 3238 4695 quos
3281 4628 3468 4682 Graece

243 4721 305 4767 et
341 4711 559 4774 Latine,
594 4722 724 4765 tom.
758 4713 777 4763 ι
816 4712 1059 4766 Auctarii
1104 4711 1221 4765 novi
1251 4710 1492 4772 dederat,
1526 4708 1812 4778 plerosque
1840 4725 1906 4763 ex
1934 4711 2273 4779 interpolata,
2307 4712 2595 4767 nonnullos
2623 4714 2785 4767 etiam
2812 4730 2875 4768 ex
2906 4729 3046 4768 nova
3076 4730 3174 4769 sua
3212 4716 3465 4770 versione

247 4799 474 4853 exhibet
498 4805 708 4851 tantum
731 4796 942 4851 Latine.
971 4796 1081 4851 Sed
1106 4813 1175 4851 ne
1195 4795 1321 4865 quid
1351 4797 1613 4849 intactum
1642 4794 1741 4849 hac
1765 4794 1820 4848 in
1846 4812 1902 4849 re
1938 4796 2238 4852 definienda
2275 4797 2663 4865 relinquamus,
2707 4801 2915 4869 juvabit
2954 4800 3141 4855 audire
3186 4801 3464 4862 Allatium,

248 4886 347 4955 qui
377 4885 447 4940 de
476 4883 706 4954 Georgio
734 4894 921 4939 nostro
944 4882 1192 4937 scribens
1238 4882 1458 4939 disertis
1497 4882 1677 4936 verbis
1710 4881 1825 4936 ait:
1866 4882 1947 4936 An
1991 4894 2164 4953 postea
2216 4885 2273 4936 in
2313 4885 2667 4953 episcopatum
2701 4888 3146 4941 Nicomediensem
3198 4900 3465 4957 promotus

247 4972 389 5025 idem
415 4989 534 5026 cum
563 4970 779 5041 Georgio
812 4970 1199 5024 Nicontediensi
1231 4972 1406 5040 fuerit,
1448 4970 1530 5023 cui
1559 4969 1729 5038 plures
1778 4986 1871 5023 nec
1910 4970 2239 5025 illaudabiles
2277 4973 2537 5024 orationes
2578 4976 2911 5042 panegyrij
2954 4976 3274 5037 tribuuntur,
3327 4993 3467 5047 quas

246 5059 482 5114 Allatius
509 5060 706 5114 ibidem
728 5059 795 5113 de
813 5056 1041 5128 Georgio
1072 5056 1468 5111 Nicomediensi
1493 5071 1656 5126 agens
1675 5068 1976 5119 enumerat,
2008 5059 2061 5110 in
2082 5059 2294 5111 dubium
2312 5073 2401 5110 nec
2427 5048 2679 5110 iiitmerito
2702 5061 2830 5112 verti
2855 5062 3062 5129 poterit.
3092 5062 3266 5129 Alium
3290 5074 3478 5119 tamen.

247 5148 388 5202 hunc
413 5166 447 5202 a
474 5146 693 5218 Georgio
730 5145 1130 5207 Nicomediensi,
1163 5146 1250 5214 qui
1284 5144 1599 5213 temporibus
1626 5143 1801 5199 Pliotii
1826 5144 2015 5197 Photio
2040 5146 2144 5213 ipsi
2169 5161 2381 5213 operam
2411 5152 2634 5196 navarat
2666 5160 2816 5199 suam
2862 5148 2918 5199 in
2952 5148 3216 5204 Pltotiana
3243 5154 3475 5220 synodo,

250 5251 513 5289 annorum
544 5236 658 5303 ipsa
687 5235 861 5301 spatia
887 5233 1092 5286 abunde
1111 5231 1331 5300 probant
1358 5247 1377 5284 :
1407 5249 1439 5285 a
1473 5230 1653 5301 Sergio
1693 5233 1829 5284 enim
1852 5232 2175 5299 patriarcha,
2210 5230 2292 5282 cui
2330 5228 2507 5281 Pisida
2544 5228 2897 5285 Hexaemeron
2925 5250 3051 5301 opus
3080 5235 3364 5304 inscripsit,
3393 5236 3464 5287 ad

251 5322 518 5377 Photiana
543 5333 776 5393 tempora
799 5323 925 5377 anni
947 5322 1155 5375 ducenti
1179 5331 1228 5375 et
1258 5321 1641 5391 quinquaginta
1683 5319 1799 5387 plus
1847 5319 2017 5371 minus
2046 5317 2385 5369 intercedunt.
2448 5314 2506 5367 Si
2566 5314 2972 5385 Nicontediensis
3026 5323 3290 5389 episcopus
3341 5321 3459 5387 fuit,

254 5410 390 5464 alius
408 5427 531 5482 ergo
556 5410 621 5463 ab
650 5412 746 5465 hoc
766 5412 975 5464 omnino
1004 5411 1122 5464 erit.
1154 5411 1217 5463 Et
1249 5409 1410 5481 fuisse
1435 5410 1749 5475 episcopum,
1786 5405 1875 5458 illo
1914 5407 2093 5474 forsan
2119 5419 2219 5455 non
2248 5401 2383 5454 male
2422 5401 2634 5453 suaderi
2676 5416 2944 5468 possumus
2978 5421 2996 5455 :
3040 5421 3165 5457 nam
3208 5406 3377 5470 oratio
3409 5406 3461 5455 in

252 5499 407 5552 verba
441 5498 661 5552 Joannis
699 5517 717 5549 ι
745 5496 963 5561 Stabant
992 5498 1152 5566 juxta
1176 5514 1380 5551 crucem
1415 5495 1538 5549 Iesu
1567 5503 1734 5547 mater
1760 5493 1901 5545 illius
1920 5484 1968 5543 'et
1997 5507 2142 5543 soror
2179 5489 2384 5550 matris,
2422 5507 2439 5537 ι
2472 5488 2621 5556 cujus
2654 5488 2858 5541 initium
2878 5500 2950 5542 est
2974 5491 3107 5562 πρὸς
3129 5491 3466 5561 ὑψηλοτάτην

254 5583 541 5656 περιωπὴν
566 5585 741 5656 suae
771 5583 946 5651 λόγος,
972 5584 1029 5637 in
1060 5600 1183 5638 mss.
1235 5583 1495 5636 codicibus
1526 5580 1747 5649 Georgio
1776 5578 2158 5632 Nicomediensi
2187 5577 2440 5642 ascripta,
2507 5575 2559 5626 in
2584 5577 2753 5628 codice
2778 5577 2883 5630 alio
2915 5595 3014 5641 ms,
3043 5594 3194 5647 quem
3239 5579 3351 5631 Chii
3386 5579 3466 5629 vi-

254 5672 377 5725 dere
415 5672 657 5741 contigit,
680 5672 734 5725 in
763 5688 864 5741 quo
893 5671 1074 5737 eadem
1096 5672 1267 5726 oratio
1294 5671 1457 5741 fusior
1484 5683 1548 5722 ac
1582 5667 1743 5722 multo
1772 5666 1996 5733 amplior
2022 5665 2226 5734 legitur,
2262 5662 2456 5716 Pisidia
2494 5678 2771 5739 cegnomen
2813 5663 3029 5734 Georgio
3085 5664 3467 5717 Nicomedicnsi

256 5762 500 5831 adjangit
532 5776 549 5816 :
585 5762 657 5815 sic
689 5762 825 5824 enim
875 5762 1084 5832 legitur,
1145 5761 1183 5814 Γ
1187 5756 1419 5831 ἐωργίου
1450 5754 1841 5828 μητροπολίτου
1868 5754 1872 5804 Ι

1868 5752 2234 5827 Νικομηδείᾳς
2256 5750 2345 5807 τοῦ
2373 5749 2616 5812 Πισσξδηο
2647 5752 2976 5805 cascriotoris
3009 5752 3231 5819 lapsum,
3257 5768 3341 5827 rut
3366 5752 3466 5803 ista
