4092 6296
694 313 828 380 1167
1896 322 2040 384 IOS.
2080 322 2343 383 MARUE
2376 318 2691 396 QUERCII
3731 335 3834 402 1168

688 442 793 479 non
814 423 1129 493 placuerint,
1164 430 1217 475 in
1261 426 1437 478 codice
1471 441 1581 480 esse
1626 424 1704 496 [ιι.
1734 424 1845 498 IX],
1882 439 1931 481 et
1965 430 2220 498 puerilem
2272 432 2629 496 oscitantiam,
2673 430 2853 501 qualia
2902 432 3071 486 multa
3125 434 3179 486 in
3221 433 3383 510 titulis
3422 438 3709 508 prwﬁgendis
3749 445 3834 512 ﬁeri

684 522 891 575 amant,
922 512 1190 582 fatebitur.
1227 512 1346 565 Non
1364 522 1544 567 contra
1577 516 1690 577 ibo;
1733 517 1839 568 into
1872 517 2080 586 lapsum
2109 519 2350 570 concedo.
2398 519 2709 581 Πισσιδείας
2747 536 2992 589 namque,
3041 537 3156 574 cum
3199 501 3255 574 in
3301 501 3586 591 exemplari.
3614 536 3663 579 ut
3700 501 3829 584 veriti

684 604 965 658 millimum
1000 612 1093 667 est,
1127 602 1403 672 legeretur,
1438 607 1493 656 in
1514 604 1773 658 Pissidem
1799 606 1869 659 ad
1893 621 2064 674 pauca
2089 607 2317 658 intentus
2339 608 2628 676 exscriptor
2656 609 3050 661 transmutavit.
3075 608 3414 679 Diversusque
3440 622 3507 664 est
3528 613 3667 667 etiam
3690 618 3742 668 ab
3758 619 3837 671 alio

682 692 906 761 Georgio
942 690 1152 743 Pisidia:
1178 691 1435 759 episcopo,
1480 692 1630 760 cuius
1676 694 1984 745 memoriam
2030 692 2328 748 Crwcorum
2370 695 2496 764 fasti
2541 696 2625 747 die
2673 696 2739 749 l9
2787 696 2988 763 Aprilis
3034 697 3313 762 celebrant,
3360 700 3494 768 fastu
3532 717 3589 753 ac
3624 708 3837 771 tyrannide

682 779 1142 834 Iconomachorum
1176 788 1426 848 martyre,
1469 796 1584 833 cum
1611 781 1705 835 ,ltic
1720 780 2011 835 Antiocltice
2048 780 2298 834 Pissideni

2225 797 2334 835 eme
2355 782 2510 851 fuerit
2545 784 2762 836 antistes
2787 798 2805 835 :
2852 778 3018 845 Οὗτος
3052 785 3079 835 ὁ
3114 786 3267 851 ἅγιος
3314 787 3402 839 ἐπὶ
3452 787 3553 839 τῶν
3595 789 3767 859 χρόνων
3789 787 3839 860 ἦν

680 867 792 920 τῶν
836 866 1229 936 εἰκονομάχων,
1280 868 1344 920 ὲκ
1382 865 1614 937 βρέφους
1648 868 1727 936 τῷ
1767 869 1884 937 Θεῷ
1924 868 2363 936 ἀνατεθειμένος,
2414 867 2511 919 καὶ
2563 867 2651 918 διὰ
2694 867 2793 938 τὴν
2846 868 3293 939 ὑπερϐάλλουσαν
3339 871 3497 924 αὑτοῦ
3544 874 3717 943 ἀρετὴν
3753 875 3834 927 ἐπί-

683 970 886 1016 σκοπος
921 955 1303 1023 χειροτονεῖται
1336 953 1664 1022 Ἀντιοχείας
1692 954 1790 1023 τῆς
1839 955 2169 1017 Πισσιδείας.
2212 953 2275 1007 In

2233 953 2275 1005 ’n
2303 968 2359 1005 re
2390 962 2566 1005 tamen
2594 952 2959 1007 obscurissima
2993 971 3096 1007 non
3120 956 3318 1009 diutius
3344 948 3703 1012 immorandum
3744 960 3849 1012 mihi

683 1058 793 1095 esse
824 1057 1023 1095 censeo.
1058 1040 1135 1094 lta
1162 1041 1428 1103 Allatius;
1472 1042 1566 1110 qui
1601 1057 1705 1110 qua
1733 1042 1801 1095 de
1819 1057 1979 1095 causa
2012 1034 2125 1094 rem
2154 1041 2443 1094 obscuram
2477 1049 2654 1099 vocet.
2683 1056 2845 1109 quam
2885 1041 3003 1111 ipse
3054 1044 3190 1097 adeo
3242 1044 3536 1099 luculenter
3575 1046 3833 1116 explanavit,

683 1130 894 1199 ignoro.
927 1128 1083 1183 Patet
1103 1127 1248 1182 enim
1282 1126 1573 1198 Georgium
1612 1126 1848 1181 Pisidam
1882 1143 1912 1181 a
1938 1126 2337 1181 Nicomediensi
2368 1142 2489 1180 esse
2522 1128 2818 1191 diversum,
2865 1138 2923 1184 et
2955 1145 3058 1199 pro
3093 1146 3202 1184 uno
3235 1147 3264 1185 a
3301 1130 3611 1200 quibusdam
3651 1144 3832 1189 tannm-

681 1217 846 1272 modo
867 1217 1043 1271 doctis
1071 1217 1201 1271 viris
1225 1216 1395 1270 fuisse
1419 1225 1726 1285 acceptum,
1756 1217 1900 1285 quod
1930 1223 2156 1283 uterque
2186 1216 2239 1267 in
2262 1215 2540 1268 codicibus
2561 1224 2617 1268 et
2642 1214 2909 1285 Georgius
2959 1224 3014 1271 et
3065 1218 3452 1288 chartophylax
3499 1218 3833 1273 inscriberetur.

679 1306 751 1359 At
778 1318 877 1358 nos
905 1304 1015 1373 jam
1044 1304 1282 1365 tandem,
1315 1319 1384 1357 ne
1417 1303 1523 1356 ulla
1563 1304 1798 1372 amplius
1826 1302 2108 1356 dubitandi
2132 1300 2454 1363 sitoccasio,
2499 1301 2939 1369 t'hartopbylacis
2986 1303 3202 1354 titulum
3251 1306 3481 1375 Georgio
3512 1302 3835 1358 Nicomediensi

682 1392 1074 1461 relinquamus,
1105 1390 1397 1460 Georgium
1422 1396 1602 1444 autem
1632 1389 1865 1443 Pisidam
1906 1389 2344 1459 scevOpbylaci-m
2376 1385 2740 1450 nominamus,
2766 1389 3090 1442 auctoritate
3131 1389 3251 1442 freti
3284 1392 3486 1445 codicis
3519 1392 3837 1458 \’aticani,quo

682 1480 844 1549 plane
870 1480 924 1532 in
952 1486 1033 1532 tot
1063 1477 1410 1532 bibliothecis
1437 1491 1543 1530 non
1574 1485 1751 1530 exstat
1772 1477 1911 1530 alter
1940 1476 2024 1529 vel
2055 1475 2333 1544 antiquius
2368 1473 2451 1527 vel
2479 1473 2703 1526 nitidius
2732 1475 2984 1543 scriptus,
3021 1487 3081 1528 ut
3129 1476 3270 1530 infra
3320 1481 3423 1531 erit
3467 1479 3737 1533 dicendum.
3763 1476 3835 1528 lli-

681 1570 832 1622 nime
855 1578 1035 1621 autem
1070 1566 1233 1634 hujus
1268 1565 1471 1618 codicis
1502 1564 1905 1630 auctoritatem,
1940 1580 2102 1633 quam
2143 1579 2243 1617 nos
2287 1562 2618 1632 sequendam
2650 1562 2919 1629 ducimus,
2974 1566 3156 1620 Suida:
3205 1576 3260 1621 et
3298 1568 3579 1638 Nicephori
3611 1568 3835 1621 labefactat

681 1654 999 1711 auctoritas.
1031 1652 1122 1722 qui
1147 1651 1435 1722 Georgium
1463 1652 1545 1705 vel
1573 1652 2048 1721 chartOphylacem
2081 1652 2165 1705 vel
2195 1649 2621 1705 referendarium
2649 1651 2901 1705 dixerunt
2932 1670 2943 1704 :
2977 1670 3100 1707 nam
3145 1653 3329 1709 Suidte
3374 1658 3541 1712 lexico
3578 1657 3709 1725 plura
3747 1670 3834 1709 esse

632 1802 633 1805 η
681 1740 861 1795 addita
892 1755 922 1792 a
954 1738 1346 1793 recentioribus
1371 1737 1572 1792 Graecis
1595 1747 1804 1791 certum
1832 1747 1935 1803 est,
1964 1736 2303 1806 Nicephorus
2332 1748 2511 1792 autem
2547 1738 2682 1792 adeo
2716 1740 3054 1809 negligenter
3080 1742 3316 1811 loquitur
3341 1745 3410 1799 de
3440 1743 3605 1797 Pisida
3628 1743 3761 1813 (quod
3786 1758 3835 1797 ex

680 1845 734 1883 ν.
766 1827 872 1882 535
904 1825 1086 1879 Poem.
1117 1834 1298 1876 contra
1332 1822 1581 1877 Severum
1617 1832 1673 1877 et
1700 1840 1765 1877 ex
1798 1822 2108 1894 Fragment.
2141 1840 2194 1877 v.
2225 1825 2341 1887 lSl,
2367 1828 2535 1895 patet)
2562 1836 2619 1879 ut
2646 1828 2967 1896 neutiquam
3003 1828 3252 1882 videatur
3275 1830 3645 1885 attendendus.

748 1913 949 1967 Verum
977 1928 1099 1965 cum
1130 1911 1341 1964 nullum
1366 1918 1537 1964 exstet
1562 1909 1841 1979 antiquius
1874 1915 1940 1963 de
1973 1910 2162 1964 Pisidae
2191 1911 2407 1979 Scriptis
2436 1911 2804 1966 testimonium
2833 1927 2995 1981 quam
3031 1914 3173 1983 quod
3214 1916 3269 1969 in
3316 1918 3502 1970 eodem
3540 1915 3690 1970 Suida
3721 1916 3829 1969 inve-

680 2001 851 2063 nitur,
879 1999 1161 2069 prmstabit
1196 1999 1301 2053 hoc
1328 1999 1504 2067 ipsum
1540 1998 1838 2068 legentium
1867 1997 2038 2051 oculis
2069 1998 2264 2051 sistere
2295 2008 2348 2051 et
2374 1999 2535 2066 paulo
2573 2002 2834 2054 attentius
2869 2002 3216 2056 considerare
3247 2020 3260 2056 :
3299 2003 3541 2070 quamvis
3572 2004 3703 2056 enim
3732 2002 3833 2055 Alla-

682 2089 810 2152 tius,
844 2087 1109 2142 Kusterus
1147 2097 1201 2141 et
1251 2084 1531 2141 Fabricius
1564 2074 1789 2154 singula
1839 2085 2004 2138 verba
2026 2083 2203 2138 Suidze
2246 2084 2474 2138 multum
2498 2097 2751 2140 accurate
2779 2089 3189 2156 perpenderint,
3220 2090 3475 2143 nonnulla
3514 2098 3677 2143 tamen
3706 2089 3839 2143 adhuc

678 2183 956 2239 observari
990 2184 1145 2238 nobis
1188 2182 1486 2252 continget.
1523 2180 1692 2235 Verba
1727 2181 1842 2234 haec
1877 2188 2005 2233 sunt
2037 2194 2049 2230 :
2092 2180 2294 2250 Γεώργι

2218 2197 2360 2249 ργιος
2393 2180 2641 2242 διάκονος
2679 2183 2778 2248 τῆς
2820 2184 3063 2254 μεγάλης
3089 2184 3382 2254 ἐκκλησίας
3407 2187 3499 2237 καὶ
3531 2184 3834 2255 χαρτοφύλαξ,

612 2284 619 2290 ·
679 2270 739 2323 τὸ
767 2269 996 2338 ἐπίκλην
1033 2268 1279 2336 Πισὶδης,
1328 2267 1629 2336 ὲξαήμερον
1662 2268 1726 2319 δι’
1751 2265 1964 2336 ἰάμϐων
2017 2265 2097 2326 είς
2139 2264 2242 2334 ἔπη
2290 2266 2583 2334 τρισχίλια,
2631 2268 2709 2330 είς
2752 2269 3077 2338 Ἡράκλειον
3117 2273 3205 2323 τὸν
3257 2270 3501 2339 βασιλέα,
3546 2273 3634 2324 καὶ
3673 2273 3741 2333 είς
3772 2272 3837 2321 τὸν

678 2356 822 2411 κατὰ
854 2355 1078 2426 Περσῶν
1107 2355 1362 2424 πόλεμον,
1390 2352 1468 2405 ἔτι
1502 2368 1562 2404 τε
1587 2353 1856 2424 Ἀσαρικά
1886 2368 1900 2382 ·
1938 2351 2312 2421 καταλογάδην
2338 2350 2611 2421 ἐγκώμιον
2632 2355 2711 2415 εἰς
2740 2354 2831 2407 τὸν
2875 2356 3124 2427 μάρτυρα
3165 2357 3533 2411 ’Ᾱναστάσιον.
3570 2357 3717 2427 Igitur
3754 2371 3841 2424 qua

678 2452 820 2499 teste
848 2443 1014 2497 Suida
1044 2442 1263 2509 scripsit
1319 2450 1504 2494 noster
1556 2439 1838 2510 Georgius,
1884 2440 1998 2493 hzec
2043 2446 2171 2493 sunt
2219 2457 2230 2491 :
2298 2439 2342 2492 l.
2379 2439 2754 2504 Hexaemeron,
2791 2444 2844 2497 2.
2878 2446 2933 2498 in
2976 2443 3294 2507 Heracliam,
3319 2445 3370 2498 ὅ.
3410 2445 3485 2498 De
3512 2445 3632 2498 bello
3660 2444 3838 2503 Persico,

677 2528 731 2583 4.
760 2530 1005 2592 Abarica,
1019 2538 1075 2582 et
1091 2529 1143 2581 5.
1162 2527 1470 2581 Encomium
1487 2525 1751 2579 Anastasii
1771 2528 2017 2596 martyris
2036 2542 2053 2578 :
2070 2538 2230 2594 atque
2255 2525 2303 2581 id
2319 2528 2533 2596 quidem
2553 2546 2657 2583 non
2670 2532 2801 2585 satis
2826 2544 2971 2586 recte
2992 2532 3272 2586 deﬁnitum
3289 2544 3415 2588 esta
3431 2534 3587 2587 Suida
3606 2575 3617 2586 .
3638 2534 3720 2586 alia
3730 2532 3841 2583 enim

678 2618 921 2689 ejusdem
950 2617 1187 2671 auctoris
1211 2616 1469 2685 opuscula
1489 2615 1643 2669 nobis
1660 2615 1903 2668 invenire
1923 2613 2163 2684 contigit,
2191 2631 2310 2684 quae
2337 2636 2364 2672 a
2391 2621 2553 2676 Suida
2576 2640 2682 2677 non
2696 2632 3080 2688 memorantur,
3105 2623 3343 2694 velquod
3367 2640 3553 2680 eorum
3573 2620 3840 2695 ipsenullam

680 2707 1209 2766 habueritnotitiam,
1231 2707 1309 2760 vel
1328 2706 1554 2775 qnod,ut
1570 2716 1745 2759 tamen
1762 2704 1938 2758 minus
1956 2720 2082 2758 vero
2099 2720 2218 2760 esse
2232 2708 2406 2764 simile
2423 2714 2579 2767 nobis
2595 2716 2823 2780 videtur,
2844 2731 2906 2770 ea
2922 2731 3041 2771 esse
3064 2718 3460 2771 contemnenda
3475 2711 3840 2787 putaverit.Acl.

681 2798 758 2852 De
774 2796 1115 2861 Ilexaemero,
1147 2795 1289 2865 quod
1318 2795 1777 2864 allirmatlongum
1789 2792 1952 2846 fuisse
1969 2808 2180 2863 poema,
2196 2799 2335 2863 quod
2356 2800 2525 2855 tribus
2542 2803 2687 2856 mille
2703 2805 2928 2858 senariis
2940 2812 3232 2865 constaret,
3256 2805 3555 2859 dubitarem
3572 2802 3776 2860 omnino,
3788 2813 3840 2851 an

680 2885 733 2940 id
754 2901 994 2955 unquam
1024 2900 1212 2938 verum
1240 2899 1361 2938 esse
1384 2884 1642 2952 potuerit,
1674 2897 1795 2937 cum
1834 2882 2021 2935 nullibi
2051 2893 2305 2953 appareat
2338 2884 2705 2942 Hexaemeron
2736 2906 2853 2945 esse
2891 2889 3159 2954 mutilum,
3184 2900 3238 2944 et
3267 2906 3330 2943 ex
3354 2893 3601 2946 omnibus
3617 2886 3842 2942 codicibuz

680 2972 963 3043 diligenter
997 2972 1239 3026 excussis
1264 2981 1423 3040 atque
1453 2969 1686 3023 evolutis
1726 2968 1811 3022 vix
1864 2968 1971 3022 duo
2000 2970 2163 3023 millia
2196 2970 2497 3026 iamborum
2527 2976 2683 3029 nobis
2710 2977 2958 3047 colligere
2985 2976 3218 3030 licuerit.
3251 2976 3436 3042 Quare
3469 2988 3546 3032 tot
3573 2972 3740 3029 versus
3778 2974 3840 3023 in-

681 3061 959 3116 tercidisse
984 3062 1307 3131 persuadere
1337 3060 1465 3112 mihi
1493 3074 1599 3111 non
1627 3068 1886 3126 poteram,
1916 3072 1978 3110 ac
2003 3060 2179 3126 potius
2208 3060 2462 3114 mendum
2492 3061 2543 3114 iu
2564 3062 2742 3119 Suida:
2772 3072 2973 3118 textum
3006 3063 3288 3133 irrepsisse
3314 3080 3525 3119 mecum
3549 3066 3653 3130 ipse
3682 3060 3842 3129 cogita-

681 3149 826 3214 bam,
853 3158 915 3203 ut
947 3164 1046 3219 pro
1078 3148 1354 3218 τρισχίλια
1384 3144 1461 3217 [p.
1493 3143 1565 3217 X]
1603 3144 1887 3214 legendum
1910 3153 2055 3198 esset
2085 3146 2297 3217 δισχίλκ

2230 3146 2340 3200 λια.
2377 3146 2597 3216 Verum,
2635 3152 2682 3206 si
2740 3153 2915 3220 placet
2965 3153 3226 3220 quosdam
3280 3152 3443 3206 etiam
3495 3148 3763 3203 versiculos
3796 3157 3843 3195 ex

679 3235 783 3291 hoc
823 3243 1068 3306 poemate
1097 3235 1312 3288 avulsus
1341 3232 1658 3293 desiderari,
1688 3245 1794 3283 non
1824 3232 2032 3300 negabo
2061 3249 2073 3283 :
2110 3249 2232 3288 cum
2265 3236 2409 3289 enim
2447 3246 2618 3292 totum
2657 3249 2867 3294 constet
2899 3241 3081 3294 multis
3110 3241 3260 3309 quasi
3295 3239 3574 3309 particulis
3618 3247 3669 3290 et
3711 3246 3845 3288 mem-

678 3322 812 3387 bris,
851 3322 925 3374 nil
956 3321 1112 3391 plane
1142 3320 1349 3374 facilius
1379 3334 1538 3389 quam
1574 3326 1633 3371 ut
1662 3317 2054 3385 exscriptorum
2092 3319 2297 3375 incuria
2322 3339 2429 3378 una
2463 3326 2548 3379 vel
2573 3327 2739 3380 altera
2771 3328 2994 3396 perierit
3029 3337 3083 3381 et
3108 3324 3376 3381 efﬂuxerit
3413 3343 3477 3381 ex
3530 3325 3630 3378 illis
3679 3319 3845 3376 deseri.

678 3411 976 3482 ptionibus,
1004 3426 1139 3479 quas
1172 3410 1239 3463 de
1271 3410 1508 3477 lapidum
1554 3406 1967 3475 plantarumque
1988 3416 2040 3460 et
2084 3410 2394 3464 animalium
2429 3413 2777 3480 qualitatibus
2802 3414 3029 3468 fortasse
3066 3414 3357 3467 exhibebat
3387 3421 3594 3467 auctor.
3626 3410 3677 3464 ld
3703 3414 3845 3461 autem

677 3501 894 3555 codices
917 3501 1018 3569 ipsi
1041 3498 1368 3553 conﬁrmare
1397 3497 1669 3555 videntur,
1698 3495 1752 3548 in
1787 3496 1985 3565 quibus
2014 3497 2284 3559 omnibus,
2321 3499 2363 3552 si
2393 3516 2557 3554 unum
2588 3500 2909 3555 Vaticanum
2946 3500 3083 3554 H26
3124 3499 3381 3570 excipias,
3435 3512 3705 3570 perperam
3743 3492 3848 3549 scri-

680 3596 854 3656 ptum,
892 3586 1276 3655 interpolatum
1319 3598 1383 3637 ac
1420 3582 1671 3636 mutilum
1712 3581 2078 3636 Hexaemeron
2118 3583 2513 3651 deprehendes.
2559 3585 2611 3637 Ξ.
2640 3587 2727 3637 ‘In
2770 3587 3072 3640 Heraclmm
3109 3588 3263 3654 imp.,
3293 3602 3415 3655 qum
3449 3586 3640 3640 Suidas
3664 3590 3849 3637 testatur

679 3676 960 3745 scripsisse
974 3674 1226 3734 Pisidam,
1246 3680 1374 3726 sunt
1396 3668 1553 3741 plane
1571 3685 1820 3725 acroases
1837 3678 1965 3735 tres,
1988 3686 2105 3739 qua:
2118 3669 2295 3737 statim
2318 3667 2370 3720 in
2391 3668 2653 3737 principio
2670 3669 2894 3738 hujusce
2911 3671 3040 3724 tomi
3058 3680 3344 3725 occurrent
3360 3672 3465 3725 sub
3480 3672 3578 3724 hoc
3595 3668 3735 3723 titulo
3750 3683 3762 3717 :
3780 3664 3848 3722 EE;

678 3764 777 3833 τὴν
827 3763 968 3816 κατὰ
1012 3760 1237 3831 Περσῶν
1289 3758 1647 3831 ἐκστρατείαν
1684 3758 2006 3827 Ἡρακλείου
2031 3757 2123 3811 τοῦ
2149 3755 2294 3826 βασιλ

2230 3755 2430 3818 πλέως.
2473 3755 2585 3809 Huc
2613 3771 2750 3825 opus
2776 3772 2880 3810 una
2910 3772 3033 3811 eum
3067 3757 3208 3822 aliis,
3239 3773 3360 3826 quae
3391 3757 3643 3825 deinceps
3664 3770 3692 3808 a
3720 3749 3846 3805 Suitla

679 3849 987 3912 laudantur,
1031 3847 1370 3903 intercidisse
1402 3846 1644 3901 omnium
1676 3845 1885 3915 primus
1914 3845 2206 3899 arbitratus
2236 3852 2320 3897 est
2346 3843 2623 3905 Kusterus,
2656 3858 2719 3897 ac
2749 3853 2868 3911 post
2893 3859 3016 3897 eum
3040 3844 3205 3907 Cave,
3241 3846 3333 3913 qui
3370 3846 3535 3899 etiam
3567 3845 3630 3898 de
3654 3856 3744 3894 suo
3772 3850 3847 3890 no-

680 3939 763 3994 bis
791 3937 1031 3992 obtrudit
1056 3949 1305 3990 acroases
1330 3934 1397 3989 de
1426 3933 1674 3989 Heraclio
1703 3941 1926 4004 agentes
1955 3930 2251 3985 Historiam
2279 3947 2453 3985 rerum
2484 3930 2549 3983 ab
2581 3929 2823 3984 Heraclio
2846 3940 3109 4000 gestarum
3138 3941 3186 3984 et
3219 3932 3341 3985 belli
3372 3931 3574 3985 Persici
3592 3926 3848 3984 continere.

679 4024 895 4081 Utinam
925 4023 1203 4077 historiam
1232 4022 1413 4092 potius
1459 4037 1620 4091 quam
1649 4021 1867 4090 jejunus
1904 4019 2201 4073 versiculos
2237 4015 2545 4085 scripsisset
2574 4015 2771 4077 Pisida,
2805 4033 2869 4070 ex
2901 4018 3098 4085 quibus
3127 4034 3270 4087 saepe
3310 4019 3556 4073 divinare
3599 4016 3682 4070 vix
3711 4008 3852 4076 possis

677 4113 806 4181 quid
838 4110 951 4181 ipse
972 4108 1186 4165 sentiat.
1217 4108 1464 4164 Oudinns
1494 4107 1678 4161 omnia
1708 4106 1900 4160 Pisidas
1937 4119 2100 4173 opera
2134 4120 2164 4157 a
2207 4102 2375 4156 Suida
2435 4113 2728 4157 memorata
2766 4110 2983 4157 exstare
3034 4105 3087 4157 in
3151 4106 3481 4163 bibliotheca
3537 4103 3770 4158 Vaticana
3801 4109 3850 4148 ex

674 4197 907 4253 Maltreti
945 4196 1260 4266 prtefatione
1290 4196 1345 4249 in
1374 4195 1698 4264 Procopium
1732 4193 2016 4254 didicerat,
2049 4191 2142 4245 sed
2170 4191 2282 4259 ipse
2306 4203 2519 4257 quoque
2547 4205 2671 4241 cum
2718 4189 2862 4244 Cave
2893 4192 2943 4242 in
2988 4190 3231 4245 errorem
3283 4193 3552 4247 adductus
3601 4185 3849 4243 Historiam

673 4287 737 4339 de
775 4286 924 4338 rebus
960 4282 1196 4337 Heraclii
1231 4283 1388 4336 nobis
1426 4280 1707 4350 reliquisse
1732 4278 1963 4333 Pisidam
1994 4276 2335 4331 existimavit.
2370 4276 2517 4339 lude,
2549 4284 2607 4328 nt
2632 4275 2828 4340 sentio,
2863 4292 3050 4331 eorum
3084 4287 3238 4333 ortus
3261 4289 3343 4334 est
3386 4296 3562 4343 error,
3587 4276 3719 4348 quod
3750 4278 3849 4324 an“:

671 4371 979 4427 Maltretum
1005 4387 1070 4426 ex
1090 4371 1276 4424 Suida:
1309 4379 1457 4423 textu
1488 4383 1596 4422 non
1632 4370 1763 4421 satis
1796 4366 2046 4434 liqueret,
2083 4377 2202 4432 qum
2235 4372 2417 4416 noster
2455 4363 2716 4433 Georgius
2748 4372 2923 4418 metro
2938 4365 3159 4419 astricta
3192 4372 3248 4420 et
3280 4383 3401 4436 quae
3435 4367 3617 4420 soluta
3644 4358 3847 4415 oratione

670 4464 872 4531 scripta
904 4461 1137 4530 posteris
1172 4458 1505 4519 tradidisset,
1542 4466 1601 4509 ut
1636 4471 1757 4508 mox
1795 4454 2059 4507 dicemus.
2102 4453 2153 4505 5.
2193 4451 2272 4505 De
2298 4451 2430 4505 bello
2462 4451 2674 4505 Persico
2703 4452 2846 4520 quod
2881 4453 3029 4507 addit
3059 4453 3254 4508 Suidas
3296 4454 3587 4524 scripsisse
3633 4446 3847 4505 Pisidam.

669 4550 736 4602 ad
766 4548 1007 4619 geminas
1040 4557 1297 4600 acroases
1323 4543 1663 4598 referendum
1680 4550 1783 4601 est,
1812 4555 1947 4609 quas
1978 4539 2164 4608 grandi
2196 4554 2258 4592 ac
2288 4539 2448 4593 nimis
2480 4538 2692 4608 turgido
2725 4538 3069 4593 lleracliarlos
3102 4542 3258 4594 titulo
3302 4541 3590 4611 insignitas
3634 4534 3724 4589 sub
3756 4545 3849 4583 III!-

671 4650 829 4689 mero
858 4651 890 4685 v
921 4649 1146 4702 operum
1178 4630 1370 4685 Pisidae
1396 4630 1487 4684 hic
1515 4628 1780 4683 invenies.
1827 4626 2053 4680 Allatius
2085 4625 2449 4679 Heracliadcm
2477 4641 2643 4678 unum
2673 4640 2792 4679 esse
2819 4642 2955 4694 opus
2980 4642 3103 4681 cum
3142 4628 3422 4696 superiore
3443 4637 3712 4695 perperam
3742 4630 3850 4671 ceu-

669 4722 812 4783 suit;
850 4728 906 4774 et
934 4722 1090 4790 plane
1116 4719 1313 4774 mirum
1346 4718 1559 4789 videtur
1596 4716 1806 4768 tantum
1836 4715 2012 4765 virum
2043 4712 2214 4781 decipi
2262 4714 2522 4782 potuisse,
2554 4715 2642 4782 qui
2678 4713 2754 4766 De
2787 4714 3021 4782 Georgiis
3049 4724 3234 4784 ageret
3258 4730 3322 4767 ex
3358 4714 3622 4782 professo,
3670 4705 3752 4776 qui
3784 4702 3849 4790 ille

628 4872 631 4873 ν
669 4810 848 4863 Pisida
875 4789 983 4863 tam
1018 4809 1221 4863 diserte
1251 4794 1489 4874 scripsit,
1524 4801 1618 4870 qui
1646 4800 1986 4855 bibliotheca:
2021 4798 2291 4855 Vaticana:
2319 4802 2418 4854 fuit
2448 4800 2733 4870 praefectus
2764 4802 3141 4874 meritissimus
3167 4814 3230 4852 ac
3255 4801 3386 4853 nulli
3414 4801 3573 4869 plane
3616 4789 3847 4874 secundus

669 4897 760 4966 qui
796 4897 1034 4961 tandem,
1062 4894 1205 4964 quod
1245 4892 1332 4946 vel
1360 4870 1652 4945 maximum
1681 4896 1783 4949 est,
1817 4886 2151 4955 praefectura:
2184 4884 2344 4952 hujus
2389 4899 2613 4937 munere
2650 4894 2758 4938 tam
2814 4872 3155 4939 laudabiliter
3196 4882 3417 4936 functus
3457 4891 3542 4935 est
3596 4888 3709 4948 post
3742 4870 3845 4966 llol:

667 4956 925 5043 stenium,
957 4998 987 5035 a
1017 4956 1125 5051 quo
1157 4979 1436 5035 Maltrelus
1465 4974 1635 5044 ipsius
1670 4972 1859 5025 Pisidae
1884 4972 2139 5042 opuscula
2175 4984 2476 5042 acceperat.
2515 4972 2711 5027 Verum
2745 4974 2967 5026 omnino
3004 4970 3296 5025 dicendum
3332 4977 3417 5022 est
3462 4968 3729 5025 Allatium.
3770 4956 3844 5029 qul

666 5085 858 5125 omnes
887 5071 1007 5137 ejus
1034 5067 1375 5124 bibliothecae
1406 5063 1686 5116 thesauros
1718 5060 2086 5129 investigarat,
2119 5060 2265 5119 hunc
2296 5070 2496 5124 tamen,
2530 5061 2714 5114 nescio
2739 5076 2847 5130 quo
2894 5072 3042 5121 casu,
3095 5058 3313 5111 latuisse
3363 5056 3626 5116 codicem,
3664 5068 3723 5107 ex
3757 5059 3847 5117 quo

665 5160 1238 5230 pritnumllolszepius
1263 5172 1327 5211 ac
1352 5167 1448 5208 nos
1486 5150 1682 5204 deinde
1710 5148 1923 5219 Georgii
1962 5152 2161 5220 scripta
2193 5150 2631 5217 deprompsimus
2660 5165 2673 5200 :
2716 5162 2894 5216 neque
2922 5147 3069 5200 enim
3110 5143 3260 5198 ullibi
3294 5142 3439 5197 illius
3486 5140 3683 5197 codicis
3717 5149 3845 5192 men-

665 5251 869 5306 tionem
911 5251 1055 5307 facit.
1110 5254 1154 5307 ς.
1179 5248 1267 5302 Ad
1301 5244 1526 5299 Abarica
1570 5242 1712 5310 quod
1745 5251 2007 5310 spectata
2042 5242 2204 5297 Suida
2235 5252 2428 5311 quarto
2458 5241 2575 5296 loco
2608 5240 2842 5303 laudata,
2877 5255 2907 5293 a
2948 5239 3103 5293 nobis
3141 5247 3319 5291 autem
3351 5237 3403 5290 in
3439 5233 3673 5290 secundo
3701 5244 3836 5297 repu-

661 5338 788 5400 sita,
818 5347 1024 5389 certum
1054 5346 1137 5389 est
1164 5347 1319 5401 teque
1344 5345 1407 5384 ac
1434 5329 1534 5383 alia
1566 5327 1686 5390 tria,
1720 5328 1787 5382 de
1826 5327 2023 5397 quibus
2050 5329 2279 5399 egimus,
2302 5348 2479 5402 opera
2512 5332 2704 5389 iambis
2732 5332 2931 5401 scripta
2961 5345 3100 5385 esse.
3144 5328 3245 5394 Qui
3273 5328 3578 5383 enim‘cum
3625 5327 3756 5378 Cave
3799 5324 3843 5371 ei

661 5428 1016 5482 Utuiinohzee
1045 5424 1224 5477 omnia
1275 5436 1432 5491 prosa
1480 5418 1734 5474 elfudisse
1775 5417 2010 5473 Pisidam
2044 5426 2324 5489 putarunt,
2370 5417 2593 5471 oumino
2642 5416 2759 5470 falsi
2812 5425 2959 5477 sunt,
3019 5418 3162 5484 quod
3215 5415 3269 5468 in
3319 5413 3498 5468 Suidze
3543 5406 3843 5465 editionibus

662 5516 933 5585 prioribus
968 5526 1227 5566 exe-usum
1262 5508 1519 5578 legissent
1578 5505 1657 5557 ἐτι
1687 5521 1746 5557 τε
1776 5506 2042 5575 ’Δὸαρικὰ
2090 5507 2278 5559 καταλε

2226 5504 2483 5573 ιλογάϐην.
2525 5504 2631 5558 Sed
2688 5518 2874 5558 vocem
2933 5500 3307 5568 καταλογάδην
3337 5500 3403 5553 ad
3444 5495 3713 5567 sequentia
3739 5503 3842 5585 esse

662 5581 999 5655 referendam
1029 5596 1261 5667 primum
1293 5599 1440 5648 recte
1460 5590 1690 5658 coniecit
1720 5589 1983 5647 Knsterus
2021 5607 2087 5647 ex
2116 5608 2219 5646 ms.
2260 5594 2571 5656 Parisiensi.
2609 5610 2672 5650 ac
2720 5595 2918 5649 deinde
2955 5610 2984 5647 a
3016 5593 3262 5647 Maltreto
3286 5593 3509 5647 edoctus
3531 5581 3843 5644 confirmavit

660 5691 972 5754 Fabricius;
1020 5702 1189 5757 quare
1242 5693 1422 5738 textus
1474 5678 1573 5733 ille
1628 5694 1849 5746 prorsus
1897 5682 1969 5735 ita
2014 5690 2099 5737 est
2151 5682 2276 5737 intel

2223 5683 2654 5753 ,erpungendns:
2700 5683 2779 5734 ἔτι
2830 5697 2891 5733 τε
2934 5679 3222 5748 ἰκὸαρικά.
3276 5676 3656 5743 Καταλογάὸην
3686 5670 3839 5738 ἐγκώ-

664 5798 806 5851 μιον,
852 5790 959 5836 εις,
1008 5778 1140 5834 Nam
1186 5773 1327 5846 quod
1374 5784 1473 5841 pro
1511 5767 1700 5837 quinto
1736 5784 1902 5837 opere
1955 5770 2147 5830 Pisid'J:
2182 5778 2435 5843 proponit
2463 5774 2677 5834 Suidas,
2734 5772 3041 5825 Encomium
3092 5770 3359 5823 Anastasii
3414 5777 3675 5852 martyris,
3731 5769 3839 5812 Ve"?
