4092 6296
270 361 411 429 1169
1514 370 1517 373 ’
1648 354 1886 416 PRAEFl

1906 354 2063 416 1'10.
3386 332 3522 403 11το

266 472 642 543 καταλογάδην
683 490 839 544 prosa
896 471 1162 542 scriptum
1212 478 1316 534 est,
1365 484 1429 524 ac
1481 484 1609 524 vere
1657 484 1820 524 etiam
1856 469 1924 524 de
1970 465 2255 522 Anastasio
2284 463 2448 520 Persa
2482 464 2614 537 agit,
2663 479 2773 520 non
2807 462 2876 519 de
2902 460 3085 532 aliqua
3116 456 3429 521 Athanasio,
3464 468 3529 512 ut
3566 492 3567 495 η

266 563 632 633 suspicionem
666 561 835 619 movit
864 560 1129 615 Kusterus
1168 574 1232 614 ex
1267 574 1371 613 ms.
1402 558 1696 612 Parisiensi
1727 557 1882 613 Suida

1915 599 1931 621 ,
1988 557 2044 610 in
2080 570 2190 625 quo
2218 570 2317 624 pro
2378 555 2459 616 εἰς
2500 554 2595 606 τὸν
2617 553 2992 636 ’Δναστάσιονι
3017 548 3121 621 legi
3167 548 3401 603 aﬂirmat
3445 546 3525 608 sic;

266 652 362 705 τὸν
394 650 569 721 μέγαν
590 650 930 710 Ἀθανάσιον,
959 664 1082 718 quas
1113 663 1245 703 sane
1276 648 1441 703 lectio
1471 647 1701 718 vulgata:
1730 662 1877 715 nequ

961 664 1082 718 quas
1113 663 1245 703 sane
1276 648 1441 703 lectio
1471 647 1701 718 vulgata:
1730 660 2079 715 nequaquam
2109 652 2194 698 est
2222 640 2577 713 praeferenda.

341 737 424 810 [p.
457 737 551 809 Xl]
581 738 701 793 .lam
741 753 873 792 vero
900 737 968 791 de
997 737 1255 791 omnibus
1292 734 1554 805 operibus
1580 733 1795 798 Pisidae,
1831 749 1897 788 ac
1938 735 2006 787 de
2038 731 2230 787 ordine
2251 746 2361 800 quo
2406 729 2495 785 illa
2542 727 2751 784 edenda
2798 741 2922 782 esse
2970 723 3306 788 censuimus,
3356 735 3532 792 pauca

265 825 520 882 dicamus
556 849 566 881 :
601 826 777 881 iusius
810 826 959 880 enim
988 825 1043 879 in
1084 823 1308 879 monitis
1343 823 1712 894 peculiaribus
1734 823 1803 877 ad
1825 820 2251 890 unumquodque
2277 819 2585 890 poemation
2614 816 2853 889 praeﬁxis
2883 816 2999 871 haec
3024 819 3355 884 pertractata
3377 817 3526 864 sunt.

268 911 443 983 Igitur
478 930 601 985 quae
645 915 913 968 hactenus
941 911 1170 985 reperiri
1203 920 1502 983 potuerunt
1528 911 1728 983 (siqua
1758 920 1938 966 tamen
1965 910 2087 965 alia.
2123 915 2322 979 prmter
2360 922 2425 962 ea
2454 922 2575 977 quae
2614 904 2943 977 proferimus
2994 903 3046 957 in
3101 901 3277 956 lucem
3317 897 3535 968 scripsit

264 1000 552 1073 Georgius)
586 1003 703 1059 haec
730 1010 879 1056 sunt.

338 1094 395 1149 1.
437 1096 531 1159 Εἰς
562 1095 662 1165 τὴν
685 1097 830 1150 κατὰ
862 1090 1088 1165 Περσῶν
1118 1088 1477 1163 ἐκστρατείαν
1517 1085 1845 1160 Ἡρακλείου
1878 1085 1954 1139 soi

1921 1084 1974 1139 οὔ
2019 1084 2284 1156 βασιλέως
2302 1100 2318 1115 ο
2350 1083 2423 1139 De
2441 1082 2766 1147 expeditione
2794 1080 3033 1136 Heraclii
3054 1080 3183 1147 imp.
3202 1085 3385 1131 contra
3406 1073 3537 1131 Per-

273 1205 381 1254 sas,
421 1199 533 1248 tres
566 1202 696 1246 sunt
727 1198 999 1256 acreases,
1034 1188 1173 1243 1098
1204 1186 1414 1241 iambos
1436 1188 1802 1248 continentes,
1835 1182 1892 1236 in
1916 1170 2129 1251 quibus
2154 1180 2329 1234 virtus
2355 1188 2412 1234 et
2443 1178 2632 1247 religio
2667 1175 2898 1231 lleraclii
2930 1172 3234 1229 immodicis
3270 1171 3385 1226 fere
3423 1172 3541 1226 lau-

271 1280 432 1339 dibus
447 1285 802 1349 extolluntur,
827 1284 967 1354 quod
1001 1282 1089 1337 ille
1111 1289 1268 1336 actus
1284 1279 1544 1335 Chosroae
1574 1279 1715 1349 regis
1742 1276 2021 1348 impietate
2037 1274 2337 1347 etperlidia
2361 1273 2413 1327 in
2437 1272 2716 1329 Persidem
2744 1287 2895 1326 arma
2924 1269 3157 1325 moverit
3181 1286 3192 1322 :
3226 1268 3401 1339 Κόρυς
3431 1265 3543 1338 γὰρ

272 1368 379 1422 οὐκ
398 1369 467 1444 ἦν
497 1374 775 1445 Περσικῆς
806 1373 1133 1441 ἀπληστίας,
1166 1371 1285 1425 ἀλλ’
1314 1371 1580 1438 ἐξέτειναν
1608 1369 1708 1433 τὰς
1734 1368 1887 1439 ὁρέξε

1928 1385 1943 1431 ;
1973 1369 2050 1433 εἰς
2088 1367 2283 1437 φόνους
2305 1411 2319 1429 ,
2354 1376 2413 1421 ut
2441 1366 2518 1420 ait
2545 1380 2757 1419 acroas.
2805 1364 2850 1427 l,
2892 1381 2947 1418 v.
2984 1364 3105 1419 106.
3156 1361 3342 1432 Itaque
3371 1358 3544 1415 Hera-

274 1460 416 1515 clius
430 1463 694 1520 Pascbate
713 1466 991 1521 celebrato
1020 1476 1075 1521 et
1105 1466 1412 1522 Servatoris
1439 1466 1675 1537 imagine
1698 1464 1944 1519 munitus
1971 1479 2168 1517 navem
2198 1460 2542 1522 conscendit,
2567 1459 2636 1514 ab
2658 1458 2833 1513 Hermi
2866 1456 3245 1530 promontorio
3274 1453 3457 1519 solvit,
3481 1466 3545 1508 ac

275 1565 599 1626 tempestate
629 1562 864 1632 primum
897 1562 1135 1631 jactatus
1176 1561 1230 1616 in
1258 1562 1504 1617 Ciliciam
1552 1558 1795 1630 appellit.
1832 1558 1908 1612 lbi
1945 1557 2134 1612 habito
2162 1556 2396 1610 militum
2427 1554 2641 1609 delectu
2672 1566 2865 1606 omnes
2890 1550 2955 1605 ad
2983 1564 3130 1604 arma
3173 1548 3414 1609 instruit,
3444 1544 3545 1600 in-

277 1658 515 1702 structos
540 1652 593 1708 in
622 1653 812 1710 Persas
846 1654 1109 1723 impellit,
1148 1655 1218 1711 de
1264 1655 1466 1725 quibus
1514 1654 1697 1709 statim
1744 1652 1914 1707 relata
1946 1651 2174 1707 victoria
2204 1651 2351 1706 intus
2383 1650 2436 1703 in
2466 1648 2741 1703 Persidem
2794 1647 3099 1715 irrumpere
3144 1643 3405 1698 molitur:
3440 1642 3541 1696 sed

279 1754 405 1795 cum
438 1741 648 1801 Barbari
678 1748 746 1803 de
775 1762 925 1803 more
950 1748 1123 1817 ruptis
1149 1748 1450 1804 foederibus
1481 1748 1549 1803 de
1578 1746 1883 1801 invadenda
1913 1746 2060 1817 regia
2083 1746 2219 1799 urbe
2244 1745 2571 1815 cogitarent,
2592 1739 2909 1809 Byzantium
2932 1738 3107 1792 redire
3131 1736 3340 1808 cogitur
3359 1732 3544 1787 :“Oeev

276 1831 539 1897 τυπώσεις
570 1836 743 1893 πάντα
771 1838 1009 1912 σώφρονι
1039 1843 1248 1914 τρόπῳ,
1278 1843 1372 1897 καὶ
1400 1842 1477 1914 τῷ
1509 1842 1801 1913 στρατηγῴ
1831 1841 1921 1895 τὸν
1954 1841 2186 1912 στρατὸν
2219 1838 2591 1909 συναρμόσας,
2613 1836 2706 1889 καὶ
2731 1833 2808 1904 τῷ
2827 1834 2946 1904 Θεῷ
2969 1834 3094 1897 δοὺς
3126 1834 3227 1897 τὰς
3248 1831 3335 1884 ἐπ’
3360 1830 3545 1893 αὐτοῖς
3590 1904 3597 1911 _

278 1926 526 1995 ἐλπίδας,
563 1932 718 1988 πάλιν
748 1935 885 2008 πρὸς
927 1937 1095 2010 αὐτὴν
1133 1941 1232 2011 τὴν
1263 1939 1419 1994 πόλιν
1462 1958 1555 1994 σου
1588 1939 1860 2003 συντόνως
1900 1937 2141 1991 τοσαῦτα
2168 1936 2384 2007 πράξας
2425 1936 2519 1989 καὶ
2564 1931 2922 2003 κατορθώσας
2962 1927 3198 1998 τρέχεις.
3250 1924 3327 1979 Ita
3364 1920 3546 1977 Pisida

278 2037 493 2081 acroas.
527 2028 578 2093 5,
612 2029 733 2095 556,
767 2049 895 2089 suas
924 2034 993 2089 de
1028 2035 1204 2105 prima
1232 2036 1580 2107 expeditione
1611 2035 1846 2090 lleraclii
1875 2034 1931 2089 in
1966 2033 2162 2089 Persas
2194 2034 2460 2087 Acroases
2487 2029 2787 2094 concludit,
2822 2030 2875 2083 in
2916 2027 3118 2098 quibus
3154 2023 3287 2079 satis
3313 2021 3547 2095 diligen-

282 2127 369 2175 ter
395 2126 577 2178 omnia
607 2130 984 2198 persequitur:
1017 2132 1295 2188 seribebat
1315 2140 1461 2188 enim
1495 2149 1619 2204 quae
1646 2132 1749 2189 sub
1773 2132 1894 2202 ejus
1923 2130 2097 2186 oculis
2122 2137 2243 2185 acta
2266 2137 2445 2193 erant,
2470 2136 2531 2183 ut
2560 2125 2817 2197 superius
2836 2122 3185 2177 observatum
3221 2112 3547 2170 est.Verum

283 2213 488 2271 frustra
522 2216 715 2288 l‘agius
736 2222 789 2277 in
810 2223 1101 2283 Baronium
1131 2247 1263 2285 ann.
1283 2230 1409 2291 626.
1430 2232 1483 2295 4,
1509 2246 1577 2285 ex
1600 2230 1685 2285 his
1713 2230 1969 2300 sperabat
1995 2244 2053 2284 se
2076 2208 2237 2300 posse
2258 2226 2514 2298 supplere
2541 2239 2665 2296 qua:
2689 2240 2720 2278 a
2750 2215 3188 2288 ehronographis
3219 2212 3275 2266 in
3307 2207 3549 2264 Historia

282 2310 514 2369 Heraclii
548 2317 750 2373 omissa
782 2332 926 2383 sunt,
944 2327 1088 2394 quod
1119 2328 1618 2383 crederetPisidam
1650 2329 1717 2384 de
1742 2327 1883 2382 bello
1913 2326 2135 2381 Persico
2165 2325 2497 2394 scribentem
2522 2319 2796 2385 historici,
2818 2329 2930 2373 non
2955 2320 3133 2383 poetae
3158 2318 3389 2362 munere
3416 2316 3541 2394 esse

282 2402 526 2461 functum
555 2408 855 2480 diligenter.
889 2391 978 2469 Ait
998 2417 1143 2472 enim
1174 2436 1187 2473 :
1215 2416 1441 2473 Omissio
1464 2418 1559 2473 illa
1586 2418 1792 2472 nonnisi
1822 2434 1886 2471 ea:
1906 2418 2127 2487 Georgio
2153 2393 2357 2470 Pisidia
2388 2424 2603 2468 auctore
2627 2426 2819 2475 como,
2843 2406 2932 2478 qui
2958 2402 3115 2457 edidit
3146 2399 3302 2453 libros
3333 2406 3439 2449 tres
3470 2391 3548 2445 De

283 2494 414 2548 bello
442 2496 669 2563 Persico,
706 2520 832 2572 quos
872 2504 1163 2564 Holstenius
1200 2511 1405 2573 habuit,
1453 2511 1687 2581 suppleri
1728 2520 1914 2579 potest.
1957 2509 2137 2575 Quare
2177 2524 2297 2563 cum
2339 2509 2384 2563 is
2430 2507 2609 2561 omnia
2650 2502 3013 2570 manuscripta
3062 2513 3160 2551 sua
3200 2489 3541 2565 Eminentiss.

283 2587 724 2646 card.Fruncisco
739 2592 1026 2651 Barberino
1056 2600 1322 2670 legaverit,
1355 2603 1534 2673 rogavi
1563 2602 1616 2657 V.
1649 2600 1707 2657 Ο.
1728 2602 2152 2656 Schelestratium
2185 2600 2504 2653 bibliotheca:
2531 2597 2798 2651 Vaticana:
2825 2595 3128 2664 prtrfeclum
3159 2596 3218 2640 nt
3247 2602 3342 2656 pro
3362 2601 3460 2638 sua
3491 2584 3545 2635 in

283 2695 365 2734 me
391 2681 741 2741 benevolentia
782 2706 845 2743 ea:
878 2690 1079 2747 Pisidia
1104 2696 1389 2751 describere
1423 2696 1597 2756 vellet.
1623 2713 1741 2767 qua:
1764 2713 1906 2751 anno
1934 2706 2080 2751 sexto
2109 2695 2228 2750 belli
2258 2692 2458 2749 Persici
2497 2701 2644 2764 gesta
2669 2690 2831 2761 fuisse
2871 2694 3079 2740 narrat.
3113 2679 3216 2736 Sed
3249 2680 3320 2732 ad
3354 2692 3437 2730 me
3460 2691 3545 2729 re-

281 2778 489 2847 scripsit
528 2781 607 2834 vir
640 2786 1021 2842 eruditissimus
1059 2806 1116 2843 se
1138 2796 1312 2847 omnia
1348 2810 1473 2850 mss.
1503 2794 1822 2848 bibliotheca
1852 2793 2187 2853 Barberinaz,
2212 2790 2613 2859 pra’sertimque
2653 2800 2772 2855 qua:
2800 2785 3012 2855 {uerunt
3044 2774 3322 2836 Holstenii,
3354 2771 3551 2825 ibidem

284 2873 571 2936 separatim
588 2887 885 2942 asservata,
904 2881 1133 2936 studiose
1160 2887 1499 2950 percurrisse,
1522 2887 1612 2941 sed
1634 2887 1765 2940 nihil
1792 2886 1890 2940 sibi
1907 2886 2117 2957 Georgii
2137 2885 2324 2939 Pisidii
2350 2883 2653 2937 occurrisse.
2674 2878 2852 2944 Quare
2886 2877 2996 2931 alia
3020 2876 3106 2929 via
3138 2873 3282 2926 nobis
3312 2866 3545 2957 ineunda

286 2966 409 3030 erit,
434 2978 489 3021 ut
515 2971 775 3040 integram
812 2974 933 3028 belli
957 2976 1115 3044 hujus
1146 2948 1420 3031 historiam
1449 2948 1689 3033 eahibere
1710 2979 2002 3033 valeamus.
2039 2948 2114 3032 ita
2149 2978 2313 3047 plane
2339 2994 2351 3029 :
2385 2991 2512 3030 nam
2539 2989 2643 3028 nec
2674 2970 2855 3026 Pisida
2881 2986 2945 3025 ea
2972 2967 3155 3021 omnia
3186 2977 3307 3032 quae
3334 2948 3410 3014 ad
3432 2955 3548 3012 bel-

285 3060 400 3140 lum
433 3064 704 3122 Persicum
745 3080 993 3139 spectant
1027 3080 1344 3140 persecutus
1372 3081 1473 3137 est,
1506 3089 1608 3128 nec
1637 3074 1832 3129 Pisidae
1879 3074 2048 3128 libros
2090 3073 2143 3126 in
2180 3071 2568 3126 bibliothecam
2596 3066 2948 3122 Barberinam
2985 3061 3170 3117 intulit
3210 3054 3547 3114 llolstenius,

285 3130 384 3208 s’ed
414 3169 481 3209 ex
507 3130 1091 3232 Vaticana-exscriptos
1126 3162 1275 3216 misit
1302 3130 1553 3219 Maltreto
1580 3162 1657 3235 [p.
1682 3164 1828 3235 Xlll.
1859 3164 2133 3219 Caeterum
2165 3164 2269 3217 hoc
2298 3158 2714 3231 poemation,de
2743 3172 2852 3227 quo
2886 3158 3038 3227 plura
3078 3151 3203 3207 alibi
3227 3148 3369 3204 dicta
3395 3153 3545 3204 sunt.

287 3255 536 3309 omnium
563 3259 945 3327 opusculorum
971 3259 1165 3315 Pisidm
1186 3260 1421 3329 primum
1451 3273 1553 3328 est,
1583 3279 1647 3318 ac
1675 3262 1904 3333 proinde
1932 3262 2108 3332 prima
2136 3260 2192 3314 in
2219 3260 2348 3315 sede
2369 3255 2747 3312 collocandum
2772 3252 2891 3307 fuit.
2916 3251 3050 3314 Quae
3071 3251 3377 3313 sequuntur
3398 3236 3546 3293 enim

285 3346 568 3414 pertinent
595 3349 661 3403 ad
691 3365 755 3404 ea
785 3366 905 3420 quae
936 3366 1055 3406 aeta
1083 3360 1212 3405 sunt
1240 3360 1362 3421 post
1390 3368 1594 3409 annum
1626 3357 1693 3411 l2
1719 3358 1935 3427 imperii
1965 3358 2212 3429 ejusdem
2240 3352 2496 3417 Heraclii,
2520 3349 2726 3407 Christi
2753 3347 2892 3411 622;
2924 3344 2978 3399 in
3010 3356 3172 3413 quem
3205 3335 3398 3394 incidit
3431 3345 3549 3388 me-

285 3448 498 3493 morata
530 3438 742 3495 Persica
775 3441 1046 3510 expeditio
1079 3440 1273 3511 prima.

360 3530 416 3585 2.
459 3530 551 3592 Εἰς
572 3530 668 3600 τὴν
699 3532 996 3603 γενομένην
1024 3533 1208 3602 ἔφοδον
1233 3532 1345 3587 τῶν
1370 3535 1671 3607 Βαρϐάρων
1704 3541 1800 3591 καὶ
1830 3540 1913 3603 εἰς
1938 3539 2039 3611 τὴν
2068 3539 2251 3593 αὐτῶν
2282 3537 2563 3607 ἀστοχὶαν,
2596 3535 2716 3605 ἦτοι
2744 3527 2965 3591 ἓκθεσις
2983 3526 3077 3581 τοῦ
3098 3522 3396 3594 γενομένου
3436 3536 3542 3574 m-

286 3621 460 3691 λέμου
492 3624 572 3687 εἰς
604 3623 665 3676 τὸ
682 3627 856 3694 τεῖχος
883 3626 981 3695 τῆς
1006 3626 1633 3697 Κωνσταντγινουπόλεως
1670 3630 1874 3699 μεταξῦ

1932 3631 2160 3703 Αὸάρων
2189 3630 2285 3684 καὶ
2315 3629 2425 3683 τῶν
2458 3626 2693 3680 πολιτῶν
2714 3641 2728 3655 ο
2758 3624 2832 3678 De
2854 3622 3152 3676 incursione
3180 3621 3321 3691 facta
3350 3634 3382 3670 a
3402 3614 3548 3669 Bar-

289 3716 438 3770 baris
469 3733 531 3769 ac
554 3719 616 3771 de
640 3719 894 3788 frustrato
918 3735 1097 3772 eorum
1127 3718 1361 3781 consilio,
1387 3719 1493 3772 sive
1524 3721 1778 3787 expositio
1812 3720 1931 3773 belli
1949 3724 2084 3791 quod
2107 3732 2311 3792 gestum
2345 3729 2420 3774 est
2448 3721 2516 3773 ad
2549 3717 2740 3772 moenia
2768 3713 2986 3783 Cpoleos
3008 3714 3146 3767 inter
3168 3711 3365 3765 Abares
3390 3716 3442 3762 et
3471 3707 3559 3761 ci--

290 3824 401 3862 vos.
433 3805 604 3877 Hujus
636 3810 918 3879 poematis,
954 3809 1095 3879 quod
1135 3818 1349 3864 constat
1376 3809 1475 3865 541
1507 3812 1773 3875 senariis,
1806 3812 2010 3865 nullam
2039 3814 2374 3868 mentionem
2407 3810 2633 3882 ingessit
2665 3808 2934 3874 Allatius;
2977 3806 3123 3877 quod
3159 3805 3318 3875 plane
3346 3800 3561 3858 confirt

291 3907 410 3953 mat
443 3900 683 3954 codicem
708 3899 1046 3963 Vaticanum,
1078 3914 1145 3953 ex
1167 3915 1276 3969 quo
1305 3901 1688 3972 depromptum
1732 3912 1817 3958 est
1854 3919 1980 3958 eum
2015 3920 2125 3958 non
2157 3907 2382 3960 vidisse.
2419 3904 2493 3958 De
2520 3904 2813 3968 Abaribus,
2843 3902 2935 3967 qui
2962 3916 3086 3956 eum
3110 3900 3233 3953 aliis
3260 3898 3391 3951 feris
3414 3911 3553 3967 gen-

292 3995 444 4049 tibus
473 3995 843 4051 Romanorum
870 3995 1127 4050 ditionem
1167 3995 1423 4051 invadere
1452 4013 1517 4051 ac
1546 3998 1596 4051 vi
1624 4008 1681 4053 et
1706 3997 1853 4052 ferro
1881 4007 2098 4053 vastare
2132 3998 2328 4053 iterum
2375 3999 2684 4069 iterumque
2711 3997 2885 4051 moliti
2922 4005 3070 4062 sunt,
3102 3994 3353 4066 pluribus
3381 4000 3562 4062 agunt

292 4091 591 4161 scriptores
616 4092 915 4164 Byzantini.
945 4091 1051 4146 Nos
1078 4106 1134 4144 tn
1160 4091 1367 4146 monito
1396 4101 1452 4147 et
1474 4092 1620 4147 notis
1648 4092 1718 4147 ad
1748 4092 1852 4146 hoc
1877 4092 2216 4162 poemation,
2252 4103 2516 4161 quantum
2548 4093 2681 4147 satis
2716 4100 2820 4155 est,
2849 4089 3118 4144 diximus.
3150 4086 3432 4141 ileraclius
3461 4099 3553 4138 se-

288 4188 477 4243 cundo
500 4184 641 4240 bello
664 4192 851 4239 contra
871 4182 1164 4239 Chosroam
1193 4192 1446 4253 suscepto
1472 4183 1610 4239 adeo
1646 4184 1903 4253 praeclare
1926 4199 2040 4237 rem
2072 4182 2254 4237 statim
2278 4195 2537 4252 gesserat,
2573 4194 2633 4238 ut
2654 4198 2800 4238 anno
2826 4194 3077 4240 vertente
3106 4184 3212 4238 626
3246 4183 3361 4237 fere
3387 4181 3442 4235 in
3463 4181 3555 4235 de-

292 4279 663 4350 sperationem
687 4286 839 4331 actus
863 4274 1129 4331 Cbosroes
1158 4275 1389 4339 advenis,
1417 4287 1477 4330 ut
1519 4277 1597 4331 ait
1621 4276 2008 4349 Theophanes,
2040 4292 2097 4347 p.
2122 4277 2249 4341 265,
2278 4277 2472 4330 civibus
2494 4288 2543 4331 et
2566 4279 2806 4350 famulis,
2834 4295 2899 4334 ea:
2924 4281 3067 4336 omni
3090 4280 3342 4333 nimirum
3364 4293 3554 4348 genere

293 4370 430 4426 uiris
462 4368 684 4431 allectis,
713 4367 901 4420 ultima
925 4362 1153 4435 experiri
1184 4363 1509 4420 decreverit.
1540 4365 1837 4420 Sarbarum
1880 4382 1999 4421 vero
2030 4382 2150 4420 cum
2177 4366 2376 4435 reliquo
2404 4368 2635 4421 exercitu
2663 4367 2851 4437 Cpolin
2890 4387 3068 4425 versus
3106 4371 3269 4434 misit,
3306 4377 3362 4422 ut
3403 4368 3550 4421 initis

291 4460 469 4527 pactis
499 4474 617 4511 cum
647 4456 853 4509 Hunnis
880 4454 1091 4525 (Abares
1121 4471 1205 4515 eos
1229 4456 1433 4526 vocant)
1465 4456 1745 4520 Abaribus,
1775 4454 1997 4517 Sclavis,
2025 4467 2073 4510 et
2103 4456 2406 4524 Cepidibus,
2451 4473 2558 4511 una
2588 4459 2750 4511 simul
2778 4475 2956 4513 omnes
3004 4462 3185 4514 urbem
3214 4458 3556 4529 impressione

298 4555 443 4625 facta
472 4552 829 4606 adorirentur.
857 4546 960 4602 Sed
987 4552 1044 4601 ut.
1066 4546 1117 4599 in
1140 4544 1379 4611 Perside,
1406 4548 1484 4601 sic
1513 4548 1676 4602 etiam
1706 4548 1773 4602 ad
1802 4547 2204 4602 Chalcedonem
2232 4547 2518 4601 Persarum
2551 4563 2678 4617 spes
2715 4549 3093 4615 conciderunt,
3124 4551 3437 4619 Abaresque
3457 4563 3553 4603 eo-

296 4659 421 4699 rum
449 4642 720 4709 laederati,
760 4640 849 4695 Dei
877 4657 941 4696 ac
965 4640 1192 4713 Virginis
1219 4642 1455 4713 Deiparze
1484 4658 1607 4711 ope,
1644 4644 1748 4697 fusi
1772 4658 1835 4699 ac
1860 4644 1982 4699 cassi
2017 4652 2165 4697 sunt.
2196 4643 2464 4715 Nimirum
2495 4644 2673 4698 Pisida
2716 4646 2908 4701 urbem
2944 4661 2975 4701 a
3021 4644 3386 4700 Barbarorum
3415 4643 3554 4698 insi-

297 4739 405 4795 diis
432 4754 543 4794 non
574 4748 782 4793 tantum
808 4748 923 4793 arte
957 4747 1014 4793 et
1039 4740 1204 4795 armis
1229 4749 1487 4809 quantum
1521 4741 1786 4796 miraculo
1816 4748 2090 4797 servatam
2121 4740 2289 4794 fuisse
2316 4740 2618 4795 contendit.
2655 4740 2830 4810 Hujus
2856 4742 3003 4796 enim
3033 4741 3159 4796 belli
3189 4750 3380 4796 contra
3405 4740 3553 4795 Aba-

298 4848 393 4888 res
423 4833 728 4903 principem
776 4832 972 4889 ducem
1014 4831 1201 4889 statuit
1236 4830 1395 4885 fuisse
1429 4829 1703 4903 Virginem
1755 4846 1819 4884 ac
1848 4828 2044 4883 deinde
2090 4828 2338 4898 Sergium
2372 4829 2736 4898 patriarcbam
2765 4870 2780 4893 ,
2808 4832 2902 4900 qui
2934 4829 3172 4902 Virginis
3204 4830 3459 4886 mandata
3496 4831 3559 4886 in

300 4944 496 4999 preces
517 4939 574 4991 et
604 4931 867 5001 lacrymas
893 4928 1097 4985 eﬂusus
1121 4925 1381 4995 exciperet
1410 4935 1572 4995 atque
1601 4931 2013 4993 exsequeretur.
2051 4922 2345 4990 Propterea
2390 4922 2535 4975 enim
2587 4921 2666 4977 sic
2698 4921 3012 4992 alloquitur,
3062 4938 3113 4976 v.
3148 4922 3255 4978 234
3285 4941 3297 4977 :
3333 4923 3559 4995 Ταύτην

302 5022 746 5086 συνασπίζουσαν
787 5023 846 5090 ἐξ
874 5024 1027 5085 ἔθους
1064 5027 1198 5097 ἔχων
1225 5027 1676 5095 ἀντεστρατήγεις
1701 5022 1760 5088 ἐξ
1784 5024 1948 5078 ἁΰλου
1977 5022 2207 5094 καρδίας
2237 5025 2351 5085 τοῖς
2380 5023 2717 5092 ἀντιτέχνοις
2744 5022 2852 5075 τῶν
2880 5021 3112 5091 ἀγώνων
3142 5024 3417 5095 ὀργάνοις.
3450 5026 3561 5078 Τός

303 5115 397 5181 εον
425 5114 538 5187 γὰρ
563 5112 709 5187 εἶχες
734 5118 829 5173 τοῦ
861 5118 997 5173 Θεοῦ
1022 5120 1118 5191 τὴν
1151 5118 1356 5179 ἐλπίδα,
1385 5120 1629 5189 πύργους
1657 5120 1714 5172 δὲ
1750 5120 1919 5172 nis-cn

1949 5161 1954 5180 ,
1988 5119 2083 5172 καὶ
2118 5118 2250 5189 βέλη
2279 5119 2347 5172 τὰ
2390 5120 2622 5191 δάκρυα.
2658 5119 2766 5174 Sed
2799 5122 2946 5191 quod
2971 5139 3159 5179 verum
3205 5133 3311 5189 est,
3353 5124 3565 5181 acriter

303 5221 607 5283 pugnatum
631 5225 715 5269 est
747 5224 889 5271 terra
918 5226 974 5271 et
1001 5217 1154 5281 mari,
1181 5224 1238 5269 ut
1268 5230 1330 5268 ex
1352 5214 1619 5269 Chronico
1652 5214 1919 5285 paschali,
1966 5231 2020 5283 p.
2054 5216 2147 5268 59!
2180 5225 2235 5268 et
2264 5231 2439 5284 seqq.,
2514 5216 2855 5287 intelligitur.
2901 5216 3160 5285 Quamvis
3194 5229 3374 5276 autem
3404 5221 3564 5276 cives

304 5306 579 5376 Cpolitani
622 5321 843 5366 strenue
872 5328 931 5367 se
964 5312 1227 5384 gesserint
1258 5311 1310 5364 in
1349 5310 1446 5364 hoc
1478 5311 1636 5373 bello,
1678 5319 1732 5364 et
1763 5309 2045 5364 Heraelius
2075 5310 2128 5362 in
2169 5310 2392 5364 Perside
2422 5310 2683 5364 detentus
2712 5311 2782 5365 de
2812 5310 2988 5365 salute
3023 5310 3171 5366 urbis
3195 5312 3350 5367 valde
3380 5311 3547 5366 fuerit

307 5399 659 5472 sollicitus(v.
676 5398 825 5473 278),
843 5405 1191 5462 nihilominus
1219 5406 1347 5460 illud
1374 5406 1525 5475 plane
1551 5406 1794 5457 ultimum
1816 5403 1893 5475 [p.
1924 5401 2270 5476 Xlllji‘uissct
2292 5404 2441 5458 urhis
2464 5404 2712 5467 exitium,
2738 5403 2843 5459 nisi
2868 5418 3109 5473 praesens
3126 5405 3194 5459 de
3224 5406 3364 5459 cmlo
3386 5404 3555 5459 adve-

309 5494 485 5551 nisset
520 5499 831 5565 praesidium
862 5512 917 5556 et
951 5504 1253 5557 munimen.
1288 5501 1470 5563 Porro,
1502 5497 1546 5553 si
1577 5497 1710 5551 fides
1742 5498 1987 5553 habenda
2018 5508 2103 5553 est
2125 5500 2336 5552 auctori
2365 5498 2622 5552 Chronici
2655 5497 2928 5568 paschalis
2952 5537 2969 5561 ,
3004 5496 3119 5567 ipse
3158 5497 3400 5551 Abarum
3437 5497 3555 5552 dux

307 5582 607 5656 Chaganus
634 5592 853 5646 nonnisi
878 5593 1103 5648 territus
1122 5591 1331 5647 destitit
1355 5590 1420 5646 ab
1446 5588 1594 5644 urbis
1622 5588 2037 5654 expugnatione,
2074 5588 2219 5658 quod
2250 5587 2535 5657 Deiparam
2561 5588 2789 5644 vidisset
2819 5602 2922 5658 pro
2946 5586 3252 5658 Cpolitanis
3285 5587 3557 5642 dimicau-

311 5686 425 5731 tem
450 5694 463 5730 :
491 5681 605 5734 Καὶ.
626 5683 788 5738 τοῦτο
823 5685 975 5756 ἔλεγε
1005 5687 1085 5758 τῷ
1112 5685 1292 5759 καιρῷ
1323 5684 1417 5739 τοῦ
1448 5682 1705 5753 πολέμου,
1740 5678 1817 5733 ὅτι
1847 5700 1867 5735 ι
1909 5681 2056 5751 Ἐγὼ
2084 5682 2276 5755 θεωρῶ
2307 5688 2544 5755 γυναῖκα
2577 5687 3027 5760 σεμνοφοροῦσαν
3054 5687 3134 5749 εἰς
3162 5685 3222 5741 τὸ
3242 5686 3419 5758 τεῖχος
3453 5683 3555 5757 μέν·

313 5784 417 5841 νην
453 5767 639 5832 οὖσαν.
687 5793 707 5827 s
