4020 6402
2572 256 2575 257 ν
2592 254 2621 262 -α-

539 352 676 424 H71
1761 378 1913 443 JOS.
1948 381 2211 443 MARUE
2241 382 2558 456 QUERCII
3663 374 3793 441 1172

610 467 664 521 δ.
716 460 1029 531 ’Λκάθιστον
1054 473 1247 545 ὕμνον,
1273 476 1539 549 Hgmnum
1560 484 1901 552 acathistum,
1936 489 2029 558 qui
2058 490 2130 545 oh
2159 490 2443 547 victoriam
2474 493 2544 548 de
2572 490 2844 549 Abaribus
2871 491 2929 547 in
2953 506 3149 548 recens
3206 498 3511 547 memorato
3536 487 3685 544 bello
3708 504 3793 544 re-

538 556 705 613 Ῑδιπηι
727 562 969 661 ξίξνίιῖιυξ
1137 585 1317 636 nemo,
1347 577 1491 645 quod
1521 578 1713 645 fateor,
1746 582 1889 638 inter
1915 556 2081 654 opera
2115 586 2311 643 Pisidae
2360 589 2652 645 recensuit.
2686 589 2796 645 Nos
2817 605 2923 660 qua
2951 588 3161 645 ratione
3185 588 3337 643 ducti
3369 587 3452 642 vel
3482 586 3687 656 quibus
3713 601 3795 639 ar-

539 652 816 715 gumentis
850 652 970 707 freti
1008 655 1399 718 id'faciendum
1434 667 1773 737 duxerimus,
1804 688 1903 727 suo
1934 652 2053 729 loco
2082 680 2455 747 exposuimus.
2511 680 2566 734 Si
2607 681 2691 735 cui
2734 652 2917 736 tanien
2966 681 3131 735 nimis
3173 680 3404 735 inﬁrmae
3432 694 3498 732 ac
3529 679 3681 731 leves
3709 692 3797 729 no-

547 748 1033 844 itra3_'conjectur:e
1064 754 1416 823 videbuntur,
1449 758 1495 813 is
1526 760 1685 829 plane
1707 764 1882 819 cuivis
1911 767 2095 835 potius
2120 785 2281 838 (piam
2313 770 2506 826 Pisidae
2541 772 2687 826 hunc
2711 772 2971 844 hymnum
2996 768 3485 825 attribuat.Verum
3514 764 3798 836 scripsisse

538 835 803 945 Pisidam,
838 856 898 900 ut
926 858 1123 945 caetera
1161 853 1434 921 omittam,
1490 856 1617 911 inde
1659 860 1824 915 etiam
1875 862 1987 917 ﬁeri
2039 835 2211 935 possit
2252 868 2607 937 probabilius,
2660 835 2803 939 quod
2836 869 2951 940 ipse
2982 869 3037 922 in
3081 866 3346 938 superiori
3379 870 3640 935 poemate
3682 869 3799 931 post

542 929 967 1034 descriptionem
994 941 1119 997 belli
1142 945 1357 1002 Abarici
1388 953 1648 1021 populum
1682 929 2124 1027 Cpolitanum—ad
2158 929 2417 1034 hymnum
2446 929 3118 1021 concincndumhortatur
3229 964 3334 1018 502

614 1026 669 1081 4.
708 1028 805 1124 [Cic
833 1031 929 1102 τὴν
955 1035 1119 1103 ἁγίαν
1147 1038 1242 1092 τοῦ
1269 1041 1509 1111 Χριστοῦ
1541 1048 1635 1101 τοῦ
1669 1026 1805 1104 Θὲοῦ
1832 1054 1987 1124 ἡμῶν
2023 1027 2201 1110 ἀνάστλ

2214 1075 2319 1111 tow
2337 1100 2352 1121 ,
2401 1058 2464 1112 In
2488 1070 2727 1114 sanctam
2754 1059 2876 1113 Jesu
2899 1059 3093 1115 Christi
3140 1060 3235 1113 Dei
3262 1058 3424 1112 nostri
3459 1054 3801 1110 resurrectio-

543 1120 988 1220 ?m-Abreveest
1021 1133 1353 1199 poemation,
1394 1147 1655 1194 constans
1687 1141 1790 1197 129
1820 1146 2071 1214 senariis,
2114 1148 2167 1201 in
2200 1164 2309 1217 quo
2336 1147 2535 1214 Pisida,
2566 1160 2779 1219 sumpta
2808 1150 3095 1204 occasione
3120 1166 3150 1204 a
3181 1164 3376 1220 magno
3405 1146 3689 1202 Paschalis
3724 1144 3795 1198 fe-

542 1218 648 1274 sto,
673 1209 998 1271 Christianis
1027 1225 1310 1293 praeceptis
1356 1226 1555 1284 imbuit
1601 1232 1767 1286 tilium
1804 1209 2067 1302 lleraclii,
2119 1209 2359 1293 Flavium
2388 1209 2831 1304 Constantinum,
2865 1255 3101 1310 eumque
3134 1209 3507 1294 ad.irvnitanda
3540 1236 3794 1307 praeclara

542 1314 692 1406 gesta
720 1310 905 1406 patris
926 1313 1244 1373 inﬂammat.
1275 1320 1559 1380 Scribebat
1591 1327 1706 1381 ιιωο
1741 1340 1901 1399 poeta
1926 1332 2068 1385 circa
2096 1347 2299 1386 annum
2334 1332 2457 1401 627,
2488 1351 2596 1405 quo
2629 1344 2873 1406 tempore
2900 1333 3183 1390 lleraclius
3214 1335 3413 1389 iterum
3438 1332 3491 1387 in
3520 1331 3791 1386 Persidem

544 1393 825 1497 profectus
847 1398 1143 1459 Chosroam
1175 1410 1391 1478 penitus
1421 1412 1641 1470 devicit.
1674 1393 1933 1474 Hortatur
1965 1422 2109 1475 enim

2205 1423 2334 1488 ium,
2380 1442 2433 1479 ν.
2480 1393 2603 1491 ille,
2653 1436 2713 1481 ut
2744 1393 3083 1497 eloquentiae
3124 1426 3305 1480 studio
3348 1424 3661 1483 incumbat.
3693 1433 3792 1487 qua

546 1496 993 1590 mumfus-Poisil
1016 1500 1155 1568 patri
1181 1505 1365 1559 reduci
1396 1511 1651 1578 gratulari
1680 1515 1907 1583 ejusque
1944 1517 2202 1571 virtutem
2251 1528 2307 1573 et
2338 1520 2596 1590 pietatem
2638 1496 3060 1578 commendare:
3107 1520 3248 1575 Ἀλλ’
3275 1518 3569 1589 εὐτρέπιζε
3602 1512 3689 1568 ςοῦ
3714 1514 3795 1566 λό-

544 1578 768 1687 ἶουέὴῖ
797 1583 1023 1687 ἀσπίᾷπ
1055 1591 1203 1656 ὅπως
1234 1597 1340 1667 πρὸ
1370 1602 1586 1655 πάντων
1615 1606 1845 1679 εὑρεθῇς
1877 1611 2267 1681 πρωτοστάτης
2290 1613 2513 1683 φράζων
2548 1615 2795 1681 ἐκείνους
2828 1613 2923 1668 τοῦ
2954 1612 3163 1687 πατρός
3193 1629 3288 1666 σου
3318 1611 3446 1675 τοὺς
3481 1610 3676 1668 πόνους
3704 1602 3793 1665 οὓς

543 1670 668 1725 ἀντὶ
698 1676 917 1732 πάντων
945 1682 1157 1739 ἐκτελεῖ
1181 1689 1298 1743 καθ’
1335 1690 1567 1763 ἡμέραν.

615 1765 670 1819 5.
723 1766 1036 1841 Ἠρακλιὰς,
1074 1778 1193 1847 ἦτοι
1217 1782 1296 1843 εἰς
1325 1782 1423 1853 τὴν
1444 1784 1655 1837 τελείαν
1680 1786 1887 1841 πτῶσιν
1912 1789 2006 1842 τοῦ
2037 1792 2202 1862 Χοςρέ

2207 1796 2275 1847 ὅου
2309 1795 2591 1866 βασιλέως,
2628 1792 2905 1852 Heraclias
2933 1798 3039 1853 sive
3061 1800 3124 1853 de
3149 1806 3382 1852 extremo
3400 1793 3646 1850 Chosroa
3676 1788 3794 1843 Per-

543 1872 729 1965 sarum
752 1868 889 1965 regis
923 1872 1143 1965 excidio.
1174 1874 1299 1931 Dure
1325 1886 1451 1933 sunt
1488 1896 1757 1945 acroases,
1788 1885 1839 1938 in
1873 1885 2072 1954 quibus
2096 1888 2269 1945 l’isida
2300 1892 2495 1962 raptim
2522 1900 2576 1947 et
2609 1893 2809 1947 cursim
2842 1892 2921 1965 [p.
2953 1890 3094 1964 XIV]
3123 1907 3208 1946 res
3238 1904 3426 1944 onmes
3452 1885 3522 1939 ab
3545 1883 3791 1937 Heraclio

545 1954 983 2053 cum-domitum
1017 1963 1158 2019 bello
1184 1977 1363 2037 gestas
1392 1984 1630 2039 enarrat,
1653 1991 1772 2045 quae
1809 1993 1992 2042 causa,
2032 1979 2247 2049 opinor,
2284 1954 2384 2037 fuit
2422 1992 2483 2038 ut
2524 1954 2883 2038 Heracliados'
2902 1954 3113 2039 titulum
3142 1983 3273 2053 ipsis
3298 1981 3595 2051 imponeret
3630 1994 3644 2029 :
3679 1990 3791 2027 nam

546 2046 690 2146 (Ιξξίξά
719 2050 787 2146 ad
816 2051 1060 2109 ultimam
1094 2059 1301 2115 cladem
1330 2061 1587 2120 Chosroa:
1620 2068 1700 2121 vel
1736 2067 1802 2121 ad
1836 2046 2135 2124 secundum
2163 2046 2354 2127 contra
2391 2072 2584 2129 Persas
2610 2075 2813 2129 bellum
2843 2084 3071 2146 spectat,
3107 2046 3176 2129 id'
3195 2046 3409 2144 quidem
3443 2068 3577 2124 satis
3608 2065 3797 2121 leviter

545 2131 787 2239 attingit,
816 2147 1065 2210 quamvis
1093 2148 1178 2203 hic
1206 2151 1275 2205 sit
1306 2156 1610 2225 praecipuus
1638 2160 1943 2239 argumenti
1974 2176 2172 2230 scopus
2198 2172 2359 2232 atque
2397 2165 2524 2219 illuc
2548 2181 2578 2219 a
2613 2131 2890 2237 principio
2910 2131 3227 2222 sermonem.
3248 2164 3523 2229 intendat;
3553 2160 3654 2215 sed
3680 2174 3798 2213 cum

546 2233 662 2321 ipse
684 2233 892 2301 primae,
916 2255 1025 2294 non
1058 2244 1237 2299 autem
1268 2250 1523 2305 secundae
1564 2233 1896 2321 expeditioni
1940 2254 2197 2321 adfuerit,
2229 2266 2284 2311 et
2312 2267 2372 2312 ut
2420 2275 2508 2313 res
2536 2233 2671 2315 actae
2698 2233 2883 2315 essent
2912 2262 3200 2317 admodum
3233 2260 3462 2315 obscure
3495 2264 3707 2316 nosset,
3748 2254 3799 2307 in

547 2320 738 2426 audes
760 2326 991 2426 Heraclii
1024 2350 1311 2393 excurrere
1334 2350 1497 2411 atque
1523 2345 1702 2415 vagari
1727 2356 1950 2426 coactus
1971 2356 2075 2411 est,
2104 2363 2167 2403 ea
2191 2365 2314 2419 quae.
2354 2350 2525 2420 magis
2557 2351 2704 2406 dictu
2736 2362 2791 2406 et
2823 2352 2961 2406 scitu
2989 2354 3145 2424 digna
3174 2361 3330 2407 erant
3355 2348 3797 2421 praetermittens.

547 2410 724 2510 Ifimis
751 2421 896 2473 enim
930 2423 1218 2492 impatiens
1243 2445 1409 2485 mora:
1442 2432 1546 2486 hoc
1571 2419 1825 2503 opusfut
1856 2436 2092 2499 videtur,
2125 2454 2430 2510 aggressus,
2462 2441 2643 2496 statim
2676 2457 2739 2496 ac
2770 2442 3022 2497 nuntium
3055 2444 3120 2497 de
3154 2442 3331 2497 Persis
3368 2441 3609 2496 subactis
3648 2450 3701 2493 et
3739 2438 3803 2492 de

546 2500 791 2562 Chosroa
821 2512 1003 2567 occiso
1030 2515 1237 2584 Cpolim
1272 2521 1495 2575 allatum
1531 2534 1633 2585 est,
1668 2527 1784 2594 ipse
1813 2527 1925 2581 suis
1971 2529 2121 2583 hisce
2162 2531 2444 2585 versiculis
2474 2531 2663 2587 victori
2700 2534 2933 2589 domino
2960 2535 3113 2589 laetus
3138 2541 3194 2587 et
3232 2534 3473 2604 gaudens
3508 2531 3682 2586 voluit
3711 2546 3799 2585 oc-

547 2614 791 2659 currere.
824 2606 958 2661 Rem
990 2609 1148 2677 plane
1182 2616 1495 2699 gragiorem,
1530 2628 1585 2672 et
1608 2636 1727 2688 quze
1758 2622 1880 2691 plus
1906 2623 2133 2680 haberet
2158 2627 2428 2692 utilitatis,
2459 2628 2678 2686 fecisset
2708 2629 2908 2696 Pisida,
2944 2632 2985 2685 si
3010 2645 3231 2701 operam
3258 2645 3413 2684 suam
3458 2642 3632 2697 usque
3660 2626 3724 2680 ad
3751 2624 3800 2680 id

549 2704 768 2768 tempus
801 2701 1123 2772 distulisset,
1149 2725 1256 2777 quo
1291 2710 1344 2764 in
1380 2713 1565 2767 urbem
1598 2730 1655 2769 se
1685 2718 1891 2787 recepit
1922 2719 2217 2789 imperator
2247 2739 2261 2777 :
2291 2733 2421 2778 tunc
2444 2725 2589 2779 enim
2625 2741 2689 2781 ea
2716 2726 2832 2796 ipse
2861 2726 3046 2781 audire
3072 2741 3135 2780 ac
3164 2726 3322 2779 nobis
3352 2725 3564 2780 tradere
3597 2722 3805 2792 potuis-

550 2801 654 2890 set,
680 2810 801 2863 quze
819 2798 928 2868 jam
964 2803 1089 2890 sciri
1117 2804 1517 2874 desperandum
1540 2821 1641 2865 est.
1665 2810 1821 2869 Nunc
1848 2824 2029 2871 autem
2063 2819 2201 2873 adeo
2233 2820 2428 2874 leviter
2452 2836 2540 2876 res
2568 2822 2763 2887 innuit,
2793 2830 2851 2875 ut
2872 2835 3015 2890 sazpe
3041 2820 3393 2875 divinandum
3422 2820 3493 2873 sit
3514 2834 3627 2887 quo
3650 2830 3799 2871 mens

549 2880 671 2949 eius
700 2893 926 2981 spectet.
956 2889 1205 2958 Allatius,
1238 2896 1352 2965 qui,
1380 2908 1437 2951 ut
1462 2899 1575 2968 jam
1597 2902 1800 2957 dictum
1827 2914 1929 2971 est,
1956 2905 2291 2962 Heraclidem
2313 2926 2436 2965 cum
2466 2927 2632 2980 opere
2665 2880 2911 2981 superius
2938 2880 3155 2966 laudato
3178 2912 3255 2966 De
3282 2880 3612 2980 expedifione
3638 2922 3799 2962 unum

550 2980 674 3065 esse
706 2976 937 3042 censuit,
957 2982 1201 3048 quaedam
1242 2999 1307 3039 ex
1338 2999 1405 3040 eo
1427 2986 1713 3059 desumpta
1739 2991 1927 3047 referri
1957 2994 2186 3050 allirmat
2213 2998 2281 3052 ab
2315 2976 2526 3054 Joanne
2555 2976 2747 3053 Tzetza
2778 2999 2832 3052 in
2869 2997 3102 3053 cbiliade
3127 3000 3190 3065 5,
3225 2976 3357 3054 hist.‘
3375 2999 3443 3053 66
3476 3017 3489 3052 :
3524 2997 3627 3059 Ibi,
3659 2995 3799 3050 enim

550 3064 664 3129 ait,
695 3078 810 3123 octo
846 3070 1042 3126 Pisidae
1071 3074 1269 3131 iambos
1304 3079 1565 3146 producit,
1613 3084 1703 3152 qui
1734 3100 1875 3138 more
1908 3085 2051 3140 illius
2095 3098 2260 3157 poeta:
2303 3090 2678 3161 elegantissimi
2720 3098 2861 3142 sunt.
2896 3090 3001 3144 Sed
3042 3100 3399 3161 prasterquam
3432 3091 3577 3160 quod
3606 3090 3799 3143 frustra

551 3173 759 3259 septem
792 3167 892 3223 bos
918 3169 1127 3226 iambos
1159 3179 1391 3244 (septem
1423 3178 1567 3233 enim
1598 3182 1746 3250 sunt)
1780 3199 1990 3252 quaeras
2023 3186 2076 3238 in
2118 3185 2314 3251 Pisida,
2343 3199 2551 3242 certum
2582 3196 2664 3242 est
2692 3203 2785 3242 eos
2814 3204 2935 3242 esse
2962 3189 3129 3259 ipsius
3153 3190 3381 3258 Tzetzae,
3412 3200 3472 3245 ut
3500 3200 3649 3245 recte
3678 3197 3802 3242 ante

550 3270 652 3309 nos
677 3258 981 3315 observavit
1009 3260 1292 3319 Fabricius
1318 3276 1374 3321 et
1405 3269 1575 3325 fusius
1606 3288 1635 3325 a
1663 3273 1820 3327 nobis
1855 3274 2258 3331 demonstratur
2291 3279 2343 3331 in
2374 3280 2517 3333 notis
2545 3293 2751 3332 acroas.
2787 3280 2836 3342 1,
2862 3279 2952 3344 25,
2984 3258 3041 3334 et
3067 3281 3123 3345 2,
3146 3282 3269 3335 256.

532 3389 537 3393 .
624 3348 677 3403 6.
733 3351 1069 3425 Ἐξαήμερον
1091 3354 1124 3425 ἢ
1147 3364 1507 3429 κοσμουργία,
1541 3361 1901 3416 Hexaemeron
1924 3366 2029 3419 sive
2060 3367 2119 3419 de

2214 3368 2329 3419 undi
2349 3367 2574 3435 Opiﬁcio.
2598 3365 2710 3421 Hoc
2739 3382 2981 3431 carmen,
3008 3370 3146 3437 quod
3175 3385 3306 3423 sane
3339 3368 3551 3423 caeteris
3577 3372 3801 3437 prestat

551 3447 811 3515 operibus
842 3450 1053 3518 Pisidae,
1082 3454 1251 3509 edidit
1275 3457 1518 3510 omnium
1553 3459 1761 3526 primus
1794 3460 2101 3516 Fridericus
2123 3460 2393 3516 Morellius
2420 3461 2678 3516 Frideriei
2711 3461 2872 3527 ﬁlius,
2917 3463 3281 3535 typographus
3311 3463 3513 3534 regius,
3543 3474 3654 3514 una
3678 3473 3799 3513 cum

552 3545 787 3603 senariis
818 3547 894 3601 De
928 3551 1163 3603 vanitate
1201 3552 1323 3605 vita:
1351 3552 1579 3622 aliisque
1609 3555 1927 3625 fragmentis
1953 3556 2043 3612 Gr.
2076 3556 2192 3612 Lat.
2225 3557 2466 3622 Lutetite,
2495 3557 2653 3623 1584,
2682 3560 2736 3625 4,
2764 3561 2990 3629 ejusque
3018 3575 3144 3615 cura
3189 3569 3244 3613 ct
3273 3557 3548 3629 diligentia
3597 3554 3799 3610 factum

552 3650 639 3696 est
665 3644 847 3697 statim
874 3654 934 3699 ut
962 3645 1154 3701 Pisidae
1178 3664 1377 3703 nomen
1415 3650 1527 3718 jam
1562 3668 1591 3703 a
1622 3653 1805 3707 multis
1837 3653 2048 3708 saeculis
2082 3654 2337 3707 oblivioni
2371 3654 2626 3707 traditum
2658 3656 2886 3724 coeperit
2927 3657 3248 3711 reviviscere
3274 3672 3336 3710 ac
3366 3672 3462 3725 per
3493 3670 3589 3708 ora
3627 3654 3804 3707 virum

554 3734 887 3805 φιλελλήνων
916 3738 1163 3795 volitare.
1192 3740 1260 3794 At
1288 3744 1430 3810 quod
1463 3741 1680 3805 mirere,
1714 3743 2072 3810 Hieronymus
2106 3743 2389 3796 Brunellus
2432 3741 2489 3795 S.
2520 3743 2568 3797 J.
2598 3745 2782 3813 paucis
2813 3756 2933 3815 post
2959 3748 3116 3801 annis
3150 3746 3288 3800 idem
3316 3762 3455 3817 Opus
3483 3742 3803 3798 Hexaemeri

554 3825 658 3878 sub
681 3824 859 3897 Cyrilli
882 3828 1232 3886 Alexandrini
1262 3833 1481 3885 nomine
1510 3834 1649 3902 typis
1685 3835 1935 3905 vulgavit,
1974 3851 2075 3889 una
2106 3851 2230 3889 cum
2258 3834 2582 3889 Nazianzeni
2617 3837 2938 3906 quibusdam
2967 3842 3313 3907 carminibus,
3345 3852 3401 3897 et
3440 3841 3661 3913 hymnis
3706 3837 3799 3909 Sy-

526 3920 717 3983 .nesii,
741 3921 929 3979 Graece
963 3932 1173 3981 tantum
1206 3929 1309 3984 hoc
1339 3930 1645 3984 titulozToii
1678 3933 1735 3985 ἐν
1766 3934 1940 4000 ἁγίοις
1966 3934 2113 4003 ﬂat-cp

2217 3933 2360 4002 hy.th
2392 3934 2656 4003 Κυρίλλου
2684 3937 3022 4007 πατριάρχου
3051 3937 3455 4012 Ἀλεξανδρείας
3486 3938 3618 4009 περὶ
3647 3934 3804 4000 ζώων

556 4017 817 4088 ἰδιότητος
850 4024 943 4074 καὶ
971 4022 1175 4091 φυτῶν,
1202 4024 1291 4078 διὰ
1318 4026 1515 4095 στίχων
1546 4027 1835 4097 ἰαμϐικῶν,
1856 4027 2033 4081 Romae
2060 4046 2143 4095 apt

2232 4028 2569 4082 Franciscum
2589 4030 2926 4096 Zaunettum,
2956 4031 3112 4098 1590,
3135 4033 3186 4087 8.
3208 4035 3405 4089 Verum
3434 4049 3499 4086 an
3535 4042 3687 4086 recte
3712 4045 3804 4083 es-

554 4119 638 4164 set
669 4110 865 4181 Cyrillo
894 4116 1190 4171 attributus
1221 4118 1377 4180 liber,
1406 4120 1617 4173 videtur
1638 4119 1914 4173 dubitasse
1945 4120 2086 4174 idem
2115 4119 2438 4175 Brunellus:
2478 4120 2548 4173 ita
2582 4120 2727 4174 enim
2760 4122 2834 4176 ait
2861 4139 2874 4172 :
2918 4123 2970 4175 In
3002 4123 3161 4194 Prw].
3189 4143 3370 4191 poema
3414 4125 3702 4178 iambicum
3737 4122 3805 4175 de

555 4200 861 4270 plantarum
889 4216 945 4261 ct
970 4207 1286 4263 animalium
1314 4210 1756 4281 proprietatibus,
1795 4208 2086 4278 adjecimus
2133 4212 2269 4281 quod
2288 4230 2320 4264 a
2342 4211 2407 4264 D.
2444 4212 2701 4267 Consalvo
2725 4212 2896 4267 Ponce
2929 4216 2992 4269 de
3010 4214 3192 4277 Leons,
3220 4216 3331 4269 viro
3356 4232 3457 4269 non
3487 4217 3663 4268 minus
3692 4228 3809 4267 cru-

555 4296 755 4350 ditione
777 4315 937 4368 quam
958 4302 1161 4371 generis
1186 4302 1456 4355 nobilitate
1477 4302 1774 4369 prwstanti,
1807 4318 1994 4355 manus
2022 4318 2351 4369 acceperam,
2383 4304 2491 4370 ipse
2531 4319 2651 4356 vero
2683 4320 2746 4357 ea:
2773 4305 3014 4360 Guilelmi
3037 4305 3217 4360 Sirleti
3254 4306 3541 4360 cardinalis
3568 4304 3808 4372 exemplo

555 4394 949 4448 describendum
971 4408 1269 4451 curaverat.
1304 4399 1597 4452 Ascribitur
1623 4398 1852 4469 quidem,
1879 4407 1935 4451 ut
1966 4398 2188 4461 videtur,
2210 4396 2408 4468 Cyrillo
2437 4398 2812 4459 Alexandrino,
2844 4402 2932 4471 qui
2958 4401 3052 4471 fuit
3078 4401 3201 4454 olim
3231 4410 3279 4455 et
3310 4402 3483 4454 adhuc
3517 4410 3592 4453 est
3624 4399 3689 4452 ob
3722 4399 3807 4451 in-

522 4508 529 4519 ε
553 4486 711 4552 genii,
733 4487 1087 4556 doctrinisque
1112 4500 1446 4542 monumenta
1476 4491 1735 4559 prwclara
1769 4505 1870 4541 non
1896 4490 2045 4541 modo
2070 4486 2287 4542 Grazcia:
2330 4491 2505 4551 totius,
2538 4506 2717 4543 verum
2749 4488 2986 4543 Ecclesia:
3005 4491 3253 4545 universa:
3278 4492 3580 4545 orthodoxa!
3607 4493 3807 4543 lumen.

555 4582 738 4651 Neque
769 4600 943 4636 meum
980 4600 1073 4653 ego
1107 4586 1170 4638 de
1197 4584 1354 4654 huius
1379 4588 1613 4651 apusculi
1647 4596 1861 4640 auctore
1880 4586 2145 4654 judicium
2180 4587 2485 4654 interpono;
2524 4587 2612 4639 sed
2641 4596 2775 4640 certe
2803 4586 3145 4655 cujuscunque
3170 4589 3258 4651 sit,
3288 4606 3319 4641 a
3358 4588 3653 4641 veterrimis
3676 4604 3806 4657 gra—

554 4679 886 4748 vissimisque
908 4678 1161 4732 Patribus
1187 4692 1276 4733 aut
1304 4681 1579 4733 verborum
1609 4681 1785 4750 lepore
1814 4690 1861 4739 et
1893 4680 2155 4750 elegantia
2181 4688 2294 4741 aut,
2322 4681 2459 4750 quod
2489 4689 2645 4750 caput
2670 4689 2765 4744 est,
2796 4680 2882 4747 pia
2912 4681 3251 4750 religiosaque
3290 4682 3531 4734 doctrina
3560 4681 3706 4734 nulla
3742 4698 3807 4734 ea:

555 4780 709 4835 parte
744 4772 949 4825 videtur
978 4773 1275 4827 abhorrere.
1310 4774 1393 4827 Ita
1416 4777 1557 4828 enim
1598 4777 1898 4845 priestantis
1928 4776 2072 4829 illius
2115 4778 2407 4843 divinisque
2442 4785 2645 4829 naturre
2685 4776 3008 4844 majestatem
3047 4776 3341 4844 inﬁnitam,
3374 4775 3703 4847 singularem
3750 4778 3806 4831 in

528 4882 735 4920 temnes
762 4867 1011 4921 mortales
1030 4867 1443 4935 beneﬁcentiam,
1470 4869 1836 4922 admirabilem
1857 4869 2196 4937 sapientiam,
2240 4868 2588 4938 potissimum,
2616 4882 2731 4937 qua:
2762 4868 2811 4918 in
2837 4867 2983 4920 rebus
3011 4869 3200 4920 creatis
3229 4868 3413 4932 elucet,
3446 4869 3805 4924 incredibilem

554 4966 613 5018 in
638 4963 790 5015 rebus
814 4963 1056 5016 omnibus
1085 4963 1334 5016 maximis
1358 4973 1404 5016 et
1428 4964 1660 5016 minimis
1686 4964 1890 5017 tuendis
1922 4965 2260 5035 regendisque
2288 4963 2365 5036 [p.
2394 4962 2512 5036 XV]
2547 4963 2921 5032 providentiam
2958 4973 3336 5033 paternumque
3374 4966 3805 5030 procurationem

556 5055 805 5119 ostendit,
836 5064 891 5107 ut
925 5055 1210 5125 legentium
1242 5056 1447 5107 animos
1479 5055 1549 5107 ad
1587 5054 1682 5108 Dei
1712 5054 1819 5107 veri
1862 5057 2208 5125 cognitionem
2254 5054 2532 5107 traducere
2571 5064 2728 5123 atque
2752 5054 2819 5105 ad
2850 5052 2963 5121 ejus
2994 5069 3226 5105 amorem
3272 5053 3617 5121 inﬂammare
3647 5057 3803 5126 facile

556 5149 743 5218 possit.
777 5146 865 5201 Ita
892 5164 1051 5216 porro
1076 5146 1313 5218 singulas
1338 5147 1649 5217 plantarum
1673 5148 1807 5200 vires
1838 5156 1886 5201 et
1914 5147 2266 5201 animantium
2304 5146 2587 5217 facultates
2618 5145 2835 5214 eleganti
2866 5145 3215 5213 continuoque
3248 5160 3398 5197 versu
3439 5149 3799 5216 prosequitur,

560 5255 617 5298 ut
644 5259 747 5298 non
776 5243 929 5295 modo
960 5239 1306 5309 Theophrasti
1331 5238 1489 5294 libros
1516 5248 1565 5292 et
1596 5238 1915 5300 Aristotelis,
1948 5256 2128 5292 verum
2162 5239 2323 5292 etiam
2363 5237 2603 5307 Dionysii
2632 5236 2951 5307 Areopagita?
2977 5252 3039 5289 ac
3059 5236 3379 5306 reliquorum
3413 5235 3642 5292 Patrum
3669 5241 3803 5293 scri-

560 5345 653 5404 pta
672 5337 736 5389 de
760 5333 853 5387 Dei
880 5333 1257 5403 augustissima
1285 5342 1479 5385 natura
1503 5330 1796 5400 Christique
1827 5331 2125 5384 liberatoris
2159 5338 2325 5385 nostri
2356 5331 2613 5401 mysteriis
2643 5330 2696 5381 in
2720 5345 2889 5397 pauca
2917 5330 3141 5399 quodam
3183 5330 3334 5383 modo
3361 5331 3601 5400 conferat
3632 5342 3681 5385 et
3708 5333 3801 5385 sub

544 5445 667 5486 uno
695 5447 858 5500 prope
885 5438 1045 5499 ponat
1081 5439 1318 5497 aspectu.
1348 5429 1477 5483 Haec
1497 5443 1562 5482 ex
1592 5427 1847 5482 Brunello
1879 5428 2039 5482 nobis
2072 5428 2275 5497 placuit
2310 5428 2532 5487 referre,
2564 5440 2685 5478 cum
2711 5424 2835 5492 quia
2868 5424 2995 5478 satis
3038 5423 3177 5477 belle
3195 5439 3259 5477 ea
3283 5424 3465 5478 omnia
3499 5426 3555 5479 in
3591 5424 3801 5480 Hexae-

573 5538 766 5579 meron
794 5520 992 5576 Pisidae
1024 5520 1169 5575 dicta
1202 5528 1365 5583 sunt,
1419 5528 1535 5574 tum
1565 5519 1731 5574 etiam
1766 5519 1893 5589 quia
1933 5519 2002 5573 ad
2033 5518 2267 5573 Pisidam
2297 5518 2470 5582 ipsum
2504 5524 2746 5582 spectant
2783 5514 2967 5569 laudes
2994 5519 3046 5567 in
3077 5522 3350 5567 auctorem
3391 5515 3574 5583 operis
3608 5529 3804 5583 conge-

528 5654 531 5655 ν
559 5627 683 5674 stuc.
714 5618 851 5673 Nam
877 5618 1021 5689 quod
1059 5616 1345 5671 Brunellus
1378 5616 1447 5671 de
1480 5616 1711 5684 Georgio
1735 5624 1927 5671 nostro
1951 5630 2020 5669 ne
2047 5614 2321 5668 minimam
2351 5608 2568 5677 quidem
2597 5609 2875 5680 iugesserit
2908 5606 3293 5676 suspicionem,
3323 5606 3372 5658 id
3407 5608 3565 5675 plane
3594 5606 3798 5662 factum

562 5718 650 5763 est
677 5724 745 5763 eo
764 5709 890 5778 quia
917 5708 1245 5762 Morellianae
1276 5705 1531 5759 editionis
1570 5705 1773 5758 nullam
1801 5745 1815 5767 ,
1850 5712 1908 5757 ut
1937 5702 2166 5764 videtur,
2205 5695 2384 5753 habuit
2414 5698 2689 5761 notitiam,
2726 5696 2841 5765 ipse
2884 5705 3064 5751 autem
3106 5699 3161 5752 in
3195 5699 3436 5753 codicem
3469 5699 3663 5753 incidit
3701 5699 3797 5769 qui

561 5798 761 5858 falsum
793 5801 1114 5870 praeferebat
1143 5800 1324 5870 Cyrilli
1359 5799 1607 5861 titulum,
1639 5808 1695 5852 ut
1721 5799 1962 5867 apertius
2000 5789 2452 5852 demonst'abitur
2482 5808 2603 5855 Cum
2644 5792 2709 5847 de
2741 5790 3021 5848 COdiCibUS
3048 5806 3212 5847 ODel‘a
3240 5790 3435 5845 Ρὶδίιίω
3462 5794 3795 5848 continenti-
