4020 6432
208 379 350 448 ma
1618 360 2031 447 vaesano.
3321 378 3460 445 1m

207 494 309 549 bus
335 491 781 564 agemus-Neque
810 492 954 548 enim
1000 494 1342 550 excusandus
1373 493 1622 561 Allatius,
1652 497 1745 566 qui
1773 498 1962 552 eodem
1998 497 2051 551 in
2081 497 2201 552 loco
2230 493 2525 552 editionem
2560 496 2882 553 llexaemeri
2915 511 2946 553 a
2974 488 3229 551 Brunello
3257 508 3424 563 proco
3452 523 3459 533 -

206 595 380 640 ratam
411 585 594 640 Romae
617 585 806 640 statuit
830 600 951 640 esse
983 587 1312 642 anteriorem
1341 586 1565 642 editioni
1612 604 1709 657 per
1736 589 2038 644 Morellium
2080 588 2278 644 factam
2326 589 2566 654 Parisiis,
2602 598 2654 645 et
2687 599 2866 644 tamen
2907 587 3109 644 fatetur
3159 587 3461 642 Romanam
3491 589 3496 592 ’

208 690 332 730 esse
358 677 486 729 anui
513 674 649 730 1590
673 684 730 729 et
761 674 1128 728 Parisiensem
1171 675 1300 730 anni
1336 674 1492 730 1581.
1518 674 1626 730 Sed
1657 675 1726 731 de
1755 675 1857 731 hac
1887 678 2000 746 ipsa
2035 677 2274 734 editione
2301 677 2596 732 Parisiensi
2622 719 2638 742 ,
2666 694 2828 748 quam
2861 678 3090 732 Allatius
3118 693 3264 732 anno
3300 675 3460 737 1581.

209 767 494 824 Fabricius
517 776 700 823 autem
732 769 871 823 1585
903 764 1205 838 consignat,
1236 782 1305 821 ne
1324 767 1454 836 quid
1484 767 1730 821 omittam
1761 767 1906 837 quod
1938 768 2162 824 dubium
2184 785 2372 824 creare
2401 770 2593 840 possit.
2623 770 2754 824 illud
2781 771 2946 825 etiam
2973 768 3228 832 monebo,
3247 782 3334 822 me
3355 766 3464 822 duo

206 856 776 928 vidisse'exemplaria
803 857 856 911 in
888 855 1506 936 bibliothecayaticana
1531 900 1545 923 ,
1579 872 1808 925 quorum
1841 874 2010 913 unum
2039 860 2260 930 praefert
2287 877 2492 916 annum
2529 862 2688 934 1584,
2719 863 2949 917 alterum
2977 860 3140 922 1585,
3187 859 3285 914 sed
3317 858 3466 912 nulla

210 947 358 1002 inter
390 948 678 1019 utrumque
707 949 791 1003 vel
823 948 1047 1003 minima
1076 958 1161 1003 est
1188 931 1548 1004 dill‘eren‘ti‘aiC
1567 949 1685 1004 Non
1733 963 1868 1004 sane
1902 965 2000 1018 par
2039 961 2124 1005 est
2158 951 2382 1006 credere
2411 931 2899 1007 eumdem'librum
2944 951 3030 1006 bis
3061 949 3228 1004 fuisse
3258 947 3466 1002 editum

210 1040 428 1097 duobus
459 1041 620 1096 annis
664 1041 766 1096 sibi
799 1041 1043 1110 proxime
1071 1041 1549 1110 subsequentibus,
1581 1042 1677 1096 sed
1720 1042 1890 1109 ipsam
1926 1042 2110 1110 potius
2146 1042 2438 1096 editionem
2494 1043 2598 1098 sub
2631 1043 2793 1100 linem
2843 1043 2970 1102 anni
3003 1041 3142 1096 1584
3169 1040 3468 1108 inceptam

210 1152 386 1206 usque
418 1136 485 1191 ad
517 1137 734 1192 initium
761 1135 898 1190 1585
925 1144 1257 1206 protractam
1287 1135 1476 1202 fuisse,
1499 1136 1643 1205 quod
1669 1135 1911 1205 ejusdem
1954 1135 2181 1191 Morellii
2210 1138 2436 1207 epistola
2466 1140 2872 1210 nuncupatoria,
2898 1140 2963 1194 ad
2991 1137 3248 1192 Sirletum
3288 1133 3469 1190 cardi-

211 1229 391 1283 nalem
415 1228 630 1283 videtur
657 1227 885 1281 suadere
909 1241 922 1277 :
945 1226 1070 1279 data
1100 1237 1184 1280 est
1203 1227 1350 1280 enim
1381 1226 1468 1280 die
1500 1225 1657 1281 tertia
1687 1226 1892 1281 mensis
1919 1225 2172 1281 Octobris
2191 1227 2444 1283 exeuntis
2467 1230 2597 1283 anni
2621 1231 2778 1286 1584.
2799 1230 2968 1285 Porro
2993 1228 3182 1298 paucis
3218 1233 3342 1297 post
3366 1239 3472 1278 εει*

213 1321 299 1374 nis
331 1319 472 1376 idem
505 1335 643 1389 opus
668 1319 733 1374 ad
759 1319 1018 1372 amussim
1045 1359 1060 1381 ,
1093 1317 1186 1372 sed
1220 1319 1400 1372 minus
1445 1318 1720 1388 eleganter
1753 1333 2002 1372 recusum
2036 1327 2120 1372 est
2149 1333 2212 1373 ex
2243 1319 2481 1374 editione
2513 1320 2824 1376 Morelliana
2859 1320 3223 1390 Heidelbergae
3265 1306 3471 1372 hoc'ti-

212 1413 329 1470 tulo
354 1429 369 1465 :
406 1412 742 1483 Ἐξαήμερον
773 1411 890 1481 ἦτοι
917 1412 950 1481 ἡ
976 1409 1318 1482 κοσμουργία
1351 1409 1445 1463 τοῦ
1477 1410 1699 1463 Πισίδου
1724 1408 1974 1464 διακόνου
2003 1410 2101 1462 καὶ
2136 1409 2550 1479 χαρτοφύλακος
2583 1411 2686 1480 τῆς
2722 1411 2964 1482 μεγάλης
2989 1408 3083 1463 τοῦ
3103 1406 3242 1461 Θεοῦ
3273 1404 3472 1474 ἐκκλη-

214 1504 358 1568 σίας.
375 1503 498 1558 τοῦ
526 1501 693 1563 αὑτοῦ
720 1500 942 1570 ιαμὸεῐα
973 1503 1052 1564 εἰς
1071 1500 1162 1554 τὸν
1195 1501 1423 1570 μάταιον
1447 1499 1560 1570 βίον
1577 1517 1590 1529 ·
1625 1499 1767 1568 Opus
1790 1518 1801 1555 ι

1903 1501 2130 1565 dierum,
2168 1517 2260 1554 seu
2291 1503 2476 1556 mundi
2505 1504 2770 1573 opiﬁcium
2796 1503 3004 1574 Georgii
3030 1500 3227 1556 Pisida:
3259 1496 3471 1552 diaconi

214 1605 264 1648 et
288 1595 634 1666 referendarii
678 1593 976 1664 Cpolitanw
1002 1592 1249 1646 Ecclesia:
1287 1609 1493 1660 poema.
1543 1591 1796 1660 Ejusdem
1825 1593 2026 1646 senarii
2055 1594 2118 1647 de
2140 1595 2376 1648 virilitate
2420 1595 2574 1661 vitm,
2604 1613 2632 1650 e
2661 1596 3006 1667 typographio
3048 1593 3116 1649 Η.
3157 1587 3472 1646 Commelini

215 1704 357 1741 anno
388 1688 554 1753 1596,
586 1688 648 1752 8;
681 1703 790 1757 quo
819 1686 876 1740 in
910 1685 1067 1740 titulo
1096 1700 1194 1739 cur
1239 1683 1436 1749 Pisida,
1468 1685 1563 1754 qui
1607 1683 1794 1739 Grzece
1827 1685 2147 1740 inscribitur
2173 1677 2552 1759 χαρτοφύλαξ,
2593 1687 2786 1742 Latine
2815 1687 3030 1743 dicatur
3057 1681 3470 1756 referendarius,

217 1779 376 1848 plane
407 1794 516 1832 non
545 1793 840 1848 assequar;
869 1792 1058 1832 verum
1092 1777 1184 1831 hic
1210 1792 1364 1831 error
1392 1775 1496 1830 luit
1533 1775 1760 1830 Morellii
1789 1820 1807 1842 ,
1847 1777 1940 1846 qui
1969 1778 2180 1847 primus
2209 1795 2310 1849 pro
2341 1779 2742 1850 chartophylace
2773 1779 3005 1834 reddidit
3034 1775 3470 1850 referendarium.

218 1875 424 1931 Praeter
452 1876 549 1929 has
568 1883 750 1929 autem
781 1889 888 1927 non
918 1870 1042 1925 novi
1073 1869 1205 1922 alias
1239 1883 1359 1922 esse
1389 1867 1558 1924 factas
1587 1867 1804 1923 divisim
1833 1869 2075 1938 ejusdem
2110 1869 2424 1925 Hexaemeri
2451 1871 2742 1936 editiones,
2774 1871 3108 1940 conjunctim
3143 1877 3322 1922 autem
3347 1878 3473 1919 cum

217 1968 342 2022 aliis
369 1967 546 2037 poetis
573 1966 657 2021 vel
681 1964 934 2019 Patribus
957 1962 1154 2015 iterum
1183 1959 1491 2029 iterumque
1514 1959 1714 2029 prodiit
1743 1959 1796 2013 in
1820 1959 2017 2014 lucem.
2041 1959 2230 2016 Exstat
2252 1961 2394 2015 enim
2422 1962 2607 2017 Graece
2638 1971 2692 2017 et
2714 1962 2902 2016 Latine
2929 1962 2984 2015 in
3014 1977 3244 2031 corpore
3282 1970 3476 2030 poeta-

221 2073 344 2114 rum
369 2057 680 2122 Grzecorum
708 2055 1035 2126 tragicorum
1062 2061 1118 2106 et
1150 2051 1507 2115 comicorum,
1537 2051 1776 2115 Genevw,
1806 2052 1965 2117 1614,
2001 2061 2129 2106 tom.
2165 2051 2227 2118 ll,
2256 2070 2310 2123 p.
2337 2053 2463 2118 241,
2522 2071 2738 2110 necnon
2784 2054 2837 2108 in
2872 2052 3173 2123 appendice
3202 2051 3474 2123 Bigneana

223 2149 360 2203 Bibl.
390 2149 608 2204 Patrum
632 2147 802 2202 Paris.
841 2147 995 2211 1624,
1028 2165 1080 2218 p.
1112 2148 1238 2213 587,
1276 2157 1331 2202 et
1358 2147 1412 2201 in
1443 2147 1576 2203 edit.
1612 2147 1749 2202 Bibl.
1779 2147 2006 2203 Patrum
2035 2150 2368 2216 Morelliana,
2410 2152 2582 2206 Paris.
2623 2151 2996 2216 164-1-1654,
3025 2160 3156 2205 tom.
3189 2149 3328 2218 XIV,
3368 2150 3474 2206 La-

223 2237 337 2291 tine
362 2245 547 2290 autem
579 2243 787 2289 tantum
815 2235 867 2289 in
903 2234 1038 2292 Bibl.
1083 2234 1324 2300 Patrum,
1356 2235 1522 2290 Paris.
1551 2237 1706 2301 1589,
1736 2247 1866 2292 tom.
1899 2238 2034 2300 VIII,
2064 2257 2117 2309 p.
2144 2241 2268 2306 318,
2305 2251 2360 2296 et
2384 2242 2435 2295 in
2473 2251 2618 2296 lomo
2649 2243 2737 2298 XII
2760 2239 3143 2297 Bibl..Pa'trum
3177 2241 3308 2297 edit.
3329 2241 3474 2315 Lug-

223 2327 380 2391 duni,
413 2344 463 2396 p.
492 2327 616 2381 523.
653 2326 852 2380 Verum
885 2343 1044 2381 nemo
1079 2345 1146 2381 ex
1181 2327 1267 2386 iis.
1299 2328 1388 2396 qui
1425 2327 1587 2382 toties
1641 2328 1964 2383 recndeudis
1991 2331 2249 2397 operibus
2280 2330 2473 2386 Pisida:
2505 2347 2724 2386 manum
2752 2331 3128 2414 admoverunt,
3162 2347 3190 2384 a
3224 2330 3467 2385 Morellio

226 2421 502 2490 paulisper
529 2419 810 2472 discedere
850 2434 952 2472 nec
983 2420 1276 2488 quidquam
1308 2419 1507 2473 addere
1537 2419 1620 2473 vel
1655 2419 1944 2474 immutare
1973 2437 2140 2476 ausus
2167 2432 2270 2481 est.
2304 2439 2605 2493 omnesque
2630 2423 2684 2477 in
2709 2425 2827 2494 ejus
2859 2421 2964 2477 (ide
2993 2422 3220 2476 omnino
3247 2422 3476 2492 acquie-

225 2520 444 2564 verunt.
478 2510 584 2564 Nos
612 2519 794 2564 autem
825 2510 893 2564 de
925 2507 1146 2563 Morellii
1181 2507 1456 2577 diligentia
1495 2508 1550 2562 in
1585 2509 1800 2563 edendo
1839 2497 2030 2564 Grzrco
2054 2521 2207 2567 textu
2250 2514 2325 2566 nil
2371 2515 2652 2584 querimur
2687 2531 2701 2568 :
2739 2511 2854 2582 ipse
2879 2513 3023 2566 enim
3051 2528 3161 2566 non
3191 2529 3255 2568 ex
3285 2513 3486 2568 eodem.

221 2603 407 2659 Sirleti
439 2602 646 2662 codice,
675 2616 782 2671 quo
813 2609 998 2670 postea
1027 2615 1156 2654 usus
1183 2608 1270 2654 est
1305 2599 1613 2665 Brunellus,
1647 2600 1792 2669 quod
1825 2599 2144 2671 imprudens
2173 2606 2410 2659 asseruit
2437 2604 2719 2660 Fabricius
2755 2603 2834 2675 [p.
2869 2600 3011 2673 XVII
3043 2610 3083 2656 ι.
3113 2600 3225 2663 VII,
3259 2617 3311 2670 p.
3347 2601 3487 2666 692,.

224 2713 382 2752 suam
412 2694 697 2751 adornavit
724 2694 1041 2755 editionem,
1073 2694 1166 2748 sed
1199 2692 1382 2774 plures
1407 2694 1624 2748 codices
1656 2692 1896 2762 undique
1925 2697 2260 2766 conquisivit
2283 2715 2346 2753 ac
2366 2699 2662 2766 recensuit,
2689 2699 2835 2770 quod
2863 2697 2978 2766 ipse
3008 2697 3240 2751 allirmat
3266 2697 3322 2750 in
3351 2694 3472 2751 lau-

225 2789 353 2844 data
383 2787 611 2858 epistola
645 2786 1062 2856 nuncupatoria.
1096 2775 1293 2839 Verum
1327 2801 1435 2838 non
1485 2785 1615 2843 satis
1661 2787 1953 2855 probamus
1985 2788 2103 2856 ejus
2136 2803 2166 2842 e
2195 2787 2384 2843 Grzcco
2415 2790 2724 2844 versionem
2748 2832 2763 2855 ,
2813 2804 2976 2859 quam
3013 2789 3146 2844 dura
3185 2788 3491 2843 admodum:

227 2887 346 2960 lege
375 2887 480 2942 sibi
513 2885 846 2956 praescripta,
883 2891 943 2937 ut
969 2881 1162 2936 Pisidae
1187 2882 1398 2936 iambos
1425 2882 1651 2936 totidem
1678 2882 1884 2936 [.atinis
1907 2882 2101 2938 iambis
2129 2883 2481 2952 exprimeret,
2499 2884 2788 2939 obscuram
2817 2883 2954 2938 adeo
2975 2893 3031 2938 et
3059 2882 3331 2936 inlicetam
3356 2882 3483 2952 plu-

229 2982 385 3036 ribus
413 2981 467 3034 in
499 2977 629 3032 locis
656 2975 909 3038 reddidit,
943 2983 994 3027 ut
1027 2989 1136 3028 non
1165 2989 1335 3026 unum
1361 2973 1662 3027 audiverim
1693 2987 1910 3041 gravem
1935 2973 2134 3035 virum,
2168 2972 2371 3028 Graecis
2415 2974 2614 3029 litteris
2642 2990 2753 3029 non
2802 2975 3091 3037 imbutum,
3127 2973 3483 3028 conﬁtentem

228 3089 290 3130 se
317 3072 457 3128 nihil
487 3071 710 3126 omnino
739 3085 806 3123 ex
839 3083 902 3122 ea
925 3067 990 3122 ad
1017 3065 1350 3119 intellectum
1375 3079 1570 3133 capere
1606 3063 1930 3130 adiumenti.
1971 3066 2156 3134 Itaque
2179 3081 2374 3120 novam
2406 3082 2473 3121 ex
2503 3066 2715 3138 integro
2739 3067 3044 3122 versionem
3075 3067 3359 3122 instituere
3385 3067 3486 3122 tle-

233 3165 406 3222 crevi.
445 3163 551 3220 Sed
574 3179 645 3218 ne
679 3161 992 3215 videremur
1021 3157 1224 3212 noswis
1268 3155 1494 3209 nimium
1526 3154 1852 3225 plaudentes
1876 3155 2054 3212 aliena
2088 3155 2422 3224 vituperare,
2453 3172 2484 3210 e
2511 3158 2732 3227 regione
2775 3167 2956 3213 textus
2982 3157 3351 3212 Morellianam
3385 3173 3484 3226 ap-

228 3258 538 3329 posuimus,
571 3262 812 3309 nostram
844 3259 1026 3306 autem
1062 3250 1118 3303 in
1148 3265 1243 3304 ora
1273 3255 1516 3302 extrema
1546 3246 1670 3300 libri
1702 3245 2062 3315 subjecimus,
2099 3255 2160 3300 ut
2186 3262 2349 3315 quam
2388 3247 2618 3320 quisque
2653 3249 2804 3303 malit
2829 3249 2972 3320 legat
3011 3257 3065 3303 et
3090 3259 3368 3320 sequatur.
3409 3250 3490 3306 Ac

232 3365 392 3405 mens
413 3348 631 3418 quidem
657 3355 840 3400 nostra
863 3343 1026 3398 etiam
1056 3351 1176 3396 erat
1212 3341 1421 3395 iambos
1455 3339 1650 3392 iambis
1680 3339 1927 3402 reddere,
1961 3337 2055 3393 sed
2083 3339 2242 3392 veriti
2273 3354 2342 3394 ne
2375 3340 2428 3395 id
2455 3341 2602 3410 quod
2633 3342 2766 3398 vitio
2796 3344 3060 3400 vertimus
3089 3343 3352 3410 Morellio,
3379 3361 3484 3399 n0-

232 3441 321 3496 bis
343 3455 560 3510 quoque
589 3437 833 3494 eveniret
875 3434 1111 3507 (dillicile
1148 3432 1294 3487 enim
1329 3445 1450 3485 esse
1492 3429 1746 3482 novimus
1772 3428 1991 3480 obscuri
2024 3436 2198 3496 poetae
2227 3441 2416 3482 versus
2449 3428 2674 3484 totidem
2707 3432 2960 3486 versibus
2998 3431 3134 3486 velle
3163 3431 3488 3501 declarare),

234 3531 445 3588 idcirco
466 3531 534 3586 de
564 3545 728 3586 sensu
773 3537 828 3584 et
859 3526 910 3583 vi
944 3529 1232 3581 verborum
1267 3532 1477 3579 tantum
1514 3520 1728 3576 solliciti
1767 3519 1928 3589 paulo
1964 3518 2276 3573 liberiorem
2314 3519 2655 3577 confecimus
2687 3524 3016 3579 versionem.
3049 3523 3269 3579 Multam
3309 3533 3491 3580 autem

237 3646 466 3702 operam
494 3631 550 3685 in
579 3630 904 3684 Hexaemero
931 3623 1251 3679 illustrando
1289 3618 1684 3689 insumpsimus
1719 3633 1730 3668 ε
1765 3631 1891 3670 nam
1921 3622 1976 3669 et
2004 3614 2390 3685 prolegomena
2422 3617 2784 3685 prmmisimus
2803 3627 2860 3674 et
2886 3619 3266 3674 adnotationes
3294 3619 3494 3688 adjeci-

241 3743 387 3793 mus,
415 3736 476 3782 ut
505 3726 648 3796 quod
677 3725 971 3779 maximum
1001 3709 1086 3776 est
1111 3735 1248 3790 opus
1284 3716 1498 3777 Pisidae,
1532 3713 1802 3782 integrum
1832 3726 1898 3766 ex
1940 3711 2089 3764 omni
2121 3717 2275 3780 parte
2305 3711 2548 3779 prodiret
2579 3711 2632 3764 in
2659 3713 2835 3768 lucem
2855 3753 2872 3777 ,
2901 3729 2964 3768 ac
2993 3714 3196 3769 nullam
3238 3714 3396 3768 aliam
3438 3713 3496 3768 in

234 3830 518 3892 posterum
543 3818 878 3874 desideraret
903 3828 1122 3868 manum
1159 3808 1502 3878 adjutricem.
1527 3802 1584 3856 In
1607 3804 1845 3858 editione
1861 3800 2046 3856 Graeca
2068 3799 2309 3855 Brunelli
2339 3811 2552 3858 constat
2581 3819 2776 3871 poema
2801 3803 2994 3860 iambis
3013 3806 3170 3868 1860,
3199 3805 3252 3859 in
3274 3805 3495 3860 Graaco-

238 3910 436 3964 Latina
467 3907 693 3962 Morellii
721 3905 881 3960 1880.
912 3903 1106 3957 Nostra
1153 3913 1323 3968 usque
1353 3896 1422 3951 ad
1463 3895 1598 3949 19l0
1626 3908 1818 3947 versus
1848 3892 2078 3947 exhibet
2103 3906 2116 3942 :
2144 3892 2358 3961 aliquos
2391 3893 2538 3946 enim
2569 3895 2814 3951 senarios
2843 3896 2968 3954 alibi
3016 3898 3247 3952 omissos
3277 3905 3334 3952 et
3370 3897 3498 3954 hinc

238 4009 372 4063 inde
399 4023 468 4062 ex
494 4007 775 4063 codicibus
803 4010 1094 4073 excerptos
1119 3999 1235 4055 suis
1263 3997 1396 4052 locis
1425 3995 1643 4050 restitui
1673 3992 2009 4048 curavimus.
2048 3993 2235 4062 Neque
2259 4034 2274 4058 ,
2307 4003 2361 4048 ut
2395 3993 2632 4060 videtur,
2689 3999 3018 4068 sperandum
3063 4008 3148 4054 est
3179 3999 3413 4070 amplius
3439 4006 3501 4054 ut

239 4101 299 4155 in
345 4100 609 4170 majorem
659 4111 951 4152 numerum
985 4097 1305 4148 exarescant
1336 4087 1392 4142 hi
1433 4084 1656 4149 senarii,
1684 4085 1784 4138 etsi
1819 4083 2300 4170 Suidasntestetur,
2335 4094 2394 4139 ut
2420 4079 2672 4154 superius
2714 4091 2919 4144 dictum
2951 4100 3053 4153 est,
3083 4100 3167 4146 ter
3193 4091 3338 4144 mille
3367 4089 3499 4143 olim

237 4157 550 4252 constitisse
587 4192 968 4258 Hexaemeron,
999 4199 1056 4244 et
1094 4187 1364 4246 Labbeus,
1395 4200 1448 4252 p.
1483 4182 1588 4238 585
1616 4181 1756 4237 Bibl.
1789 4197 1944 4236 novze
1975 4157 2106 4236 "iss.
2131 4198 2198 4236 ex
2226 4184 2482 4253 Catalogo
2512 4183 2788 4254 Scipionis
2814 4185 2856 4237 Τ
2859 4185 2977 4238 ettii
3008 4190 3274 4238 memoret
3298 4177 3498 4234 Pisida:

238 4289 642 4359 Cosmopmiam
696 4295 780 4341 ter
810 4285 955 4339 mille
1007 4296 1202 4336 versus
1239 4279 1710 4348 complectentem.
1758 4273 1906 4342 Opus
1939 4285 2022 4330 est
2066 4274 2253 4346 Sergio
2295 4277 2602 4346 patriarcha
2647 4277 2914 4332 suadente
2945 4285 3278 4344 susceptum,
3329 4272 3495 4342 eique

240 4385 417 4441 multa
469 4385 688 4438 laudum
719 4378 1195 4437 commendatione
1222 4377 1484 4432 dicatum.
1519 4374 1577 4428 In
1623 4389 1712 4438 eo,
1760 4373 1862 4426 sub
1897 4381 2044 4448 lecto
2077 4370 2252 4428 Procli
2296 4373 2542 4435 nomine,
2587 4373 2855 4429 Joannem
2905 4373 3265 4440 Pbiloponum
3297 4367 3407 4438 peti
3447 4366 3504 4419 in

237 4495 486 4542 ventem
509 4483 658 4538 venit
687 4481 920 4551 primum
951 4479 1153 4542 Caveo,
1210 4491 1273 4530 ac
1299 4473 1496 4529 deinde
1525 4473 1688 4527 etiam
1719 4469 1955 4530 Oudino,
1985 4470 2128 4538 quod
2169 4485 2198 4523 a
2230 4469 2389 4524 nobis
2419 4470 2473 4523 in
2503 4468 2912 4540 Prolegomems
2938 4469 3100 4522 latius
3128 4463 3456 4535 expenditnr
3485 4479 3501 4516 :
3535 4513 3541 4519 .

242 4576 340 4633 sed
369 4591 658 4646 perperam
689 4574 818 4628 inde
843 4574 959 4642 ipse
989 4571 1132 4624 Cave
1162 4577 1218 4623 et
1243 4566 1491 4622 Oudinus
1534 4564 1850 4632 iudicarunt
1884 4563 2028 4616 idem
2064 4563 2166 4616 hoc
2195 4575 2318 4616 esse
2347 4577 2484 4630 opus
2527 4577 2652 4616 cum
2706 4569 2988 4631 poemate,
3013 4558 3158 4628 quod
3203 4572 3233 4609 a
3275 4552 3509 4621 Georgio

242 4680 436 4726 nostro
468 4670 686 4740 μέτροις
719 4669 966 4739 ἀρίστοις
1009 4666 1200 4736 ὥσπερ
1247 4664 1453 4716 εἴθιστο
1500 4659 1758 4731 γράφειν,
1801 4675 1829 4713 c

1916 4668 1991 4712 tra
2024 4657 2386 4726 Philoponum
2431 4667 2716 4712 exaratum
2760 4671 2884 4711 esse
2925 4655 3108 4724 prodit
3143 4650 3503 4718 Nic-ephorus.

239 4769 342 4824 lib.
371 4782 528 4830 xvm,
554 4781 675 4836 cap.
705 4764 808 4830 48;
841 4778 968 4818 nam
999 4771 1056 4818 et
1087 4775 1300 4816 errasse
1323 4754 1693 4826 Nicephorum
1731 4765 1786 4809 et
1822 4755 2014 4808 falsam
2045 4753 2272 4807 omnino
2302 4768 2426 4807 esse
2453 4753 2829 4822 conjecturam
2854 4766 2884 4804 a
2909 4749 3090 4804 Caveo
3118 4745 3244 4799 inde
3281 4742 3508 4813 petitam

243 4878 376 4919 mox
398 4859 919 4922 demonstrabimus,
946 4872 1073 4913 cum
1110 4858 1176 4912 de
1209 4863 1460 4926 poemate
1492 4853 1546 4906 in
1583 4851 1850 4906 Severum
1873 4865 2120 4920 agemus.
2149 4850 2423 4904 Caeterum
2453 4848 2650 4904 Pisida:
2679 4845 3029 4916 Cosmopmia
3055 4852 3163 4898 tota
3197 4841 3396 4895 referta
3425 4846 3512 4891 est

244 4957 354 5027 piis
375 4955 684 5019 sententiis,
703 4954 904 5023 quibus
933 4953 999 5007 ad
1031 4953 1270 5007 divinam
1294 4951 1634 5020 majeslatem
1659 4946 2139 5016 contemplandam
2167 4961 2235 5000 ex
2257 4945 2423 4999 rebus
2451 4944 2653 5000 creatis
2684 4959 2842 4998 mens
2868 4943 3108 4997 humana
3136 4937 3373 4994 maxime
3401 4930 3512 4989 eri-

242 5051 412 5121 gitur.
443 5048 716 5119 Scriptum
745 5055 850 5110 est,
875 5052 937 5100 ut
961 5044 1196 5107 videtur,
1234 5044 1336 5098 hoc
1356 5058 1495 5112 opus
1522 5041 1672 5096 circa
1699 5055 1906 5094 annum
1937 5040 2063 5103 69.9,
2089 5055 2201 5108 quo
2222 5052 2469 5110 tempore
2497 5038 2784 5093 Heraclius
2815 5035 3064 5091 secundo
3092 5034 3238 5089 bello
3258 5030 3511 5121 confecto

239 5146 356 5216 jam
392 5143 672 5198 Persidem
698 5142 1007 5211 subegerat.
1043 5139 1121 5193 Ita
1147 5138 1292 5192 enim
1330 5137 1512 5191 Pisida
1560 5135 1812 5200 Sergium

1922 5151 1946 5189 π)
1983 5135 2238 5190 Heraclio
2269 5143 2520 5188 orantem
2570 5151 2620 5185 v.
2652 5132 2793 5186 1845
2823 5147 2838 5183 :
2869 5130 2980 5184 Καὶ
3027 5128 3118 5192 δὸς
3160 5127 3253 5181 τὸν
3300 5127 3366 5179 ἐκ
3414 5120 3509 5177 σοῦ

246 5215 627 5308 σεροσλαϐόντα
654 5235 716 5288 τὸ
746 5234 949 5305 κράτος
977 5231 1070 5285 τὸν
1103 5230 1512 5301 κοσμορύστην,
1546 5229 1640 5281 τὸν
1668 5226 1910 5298 διώκτην
1944 5227 2230 5298 Περσίδος,
2267 5227 2473 5296 μᾶλλον
2502 5224 2559 5278 δὲ
2589 5225 2682 5277 τὸν
2716 5221 2971 5276 σώσαντα
3004 5221 3099 5276 καὶ
3120 5219 3222 5291 τὴν
3246 5215 3506 5288 Περσίδα,

244 5330 372 5382 ὅλον
421 5329 696 5401 κρατῆσαι
731 5329 825 5382 τὸν
868 5327 1096 5397 ὕφὴλιον
1143 5325 1310 5378 τόπον
1337 5323 1432 5396 {p.
1475 5322 1680 5394 XVII].
1715 5324 1831 5391 Ac]

1929 5321 2007 5377 cis
2042 5321 2162 5376 aliis
2203 5320 2508 5390 interjectis
2551 5318 2746 5373 iambis
2773 5335 2828 5372 v.
2861 5315 2999 5372 1856
3029 5331 3044 5366 :
3078 5313 3238 5367 οὕτω
3263 5312 3372 5382 γὰρ
3398 5308 3509 5376 ἔξει

247 5424 420 5479 πιστὰ
447 5426 742 5496 νικητήρια
774 5425 932 5497 νίκης
960 5423 1081 5477 κατ’
1107 5421 1320 5496 ἐχθρῶν
1350 5418 1604 5486 ἀξιωθεὶς
1631 5419 1915 5490 δευτέρας,
1943 5417 2020 5481 ὡς
2048 5419 2176 5480 τοὺς
2204 5415 2466 5478 eaeam;
2497 5412 2858 5485 πυρπολήσας
2891 5407 3232 5481 Βαρϐάρους.
3381 5430 3408 5456 ι

319 5531 377 5588 7.
422 5537 517 5600 Et;
544 5536 637 5590 τὸν
663 5537 893 5607 μάταιον
926 5536 1062 5606 βίον,
1099 5535 1162 5588 de
1185 5533 1421 5588 vanitate
1444 5510 1584 5594 ὺίιω,
1611 5544 1833 5584 carmen
1875 5529 2191 5591 iambicum,
2232 5527 2378 5598 quod
2411 5525 2607 5580 iambis
2646 5523 2855 5580 Latinis
2880 5519 3152 5578 redditum
3183 5513 3355 5607 edidit
3385 5527 3523 5566 cum.

252 5630 580 5687 Hexaemero
610 5604 1016 5693 Morelliusaac
1043 5626 1204 5682 toties
1245 5641 1498 5680 recusum
1529 5637 1613 5678 est
1655 5622 1855 5677 deinde
1879 5621 2094 5692 quoties
2128 5621 2492 5674 Hexaemeron
2541 5617 2716 5687 ipsum
2769 5616 2969 5672 iterum
3010 5611 3151 5685 typis
3197 5604 3510 5662 mandatum

252 5733 360 5778 est.
395 5721 647 5792 Mutilum
673 5729 728 5778 et
761 5721 1138 5790 imperfectum
1169 5734 1293 5774 esse
1323 5733 1514 5774 ornnes
1540 5716 1881 5771 tradiderunt
1909 5722 2030 5784 post
2059 5711 2385 5776 Morellium,
2405 5712 2501 5793 qui
2525 5749 2541 5773 ,
2574 5718 2633 5764 ut
2658 5708 2876 5764 videtur
2895 5749 2910 5774 ,
2953 5706 3008 5759 in
3051 5718 3118 5758 eo
3143 5699 3368 5793 codice,
3407 5712 3517 5793 quo

253 5815 390 5871 nus
419 5789 525 5880 est,
553 5828 618 5871 ea
648 5815 814 5872 verba
843 5789 1054 5871 invenit
1086 5815 1140 5870 in
1170 5814 1276 5870 line
1308 5829 1431 5885 quae
1453 5813 1636 5884 operis
1667 5810 1942 5868 delectum
1975 5807 2117 5881 apud
2143 5805 2363 5864 Grmcos
2394 5789 2724 5878 signiﬁcant,
2773 5803 2878 5859 hoc
2905 5809 2990 5858 est
3015 5797 3192 5854 λείπει
3220 5792 3410 5850 τᾶλλα.
3447 5789 3538 5847 AL
