4092 6296
646 259 786 331 1175
1864 285 2011 351 106.
2053 291 2262 354 MARL

2206 293 2316 354 LI/E
2344 295 2662 369 QUERCII
3715 312 3822 380 1176

642 387 745 430 nos
776 391 879 431 nec
898 391 963 432 ea
994 380 1155 443 verba
1177 380 1644 454 deprehendimus
1677 391 1731 447 In
1759 394 1951 452 codice
1967 396 2252 465 Vaticano,
2278 418 2457 474 neque
2488 421 2553 460 ex
2579 421 2744 460 sensu
2778 404 2897 477 ipso
2925 407 3128 480 aliquid
3154 409 3447 468 desiderari
3486 410 3821 485 intelleximus,

640 484 952 539 quanquam
979 473 1158 530 adhuc
1188 476 1295 531 alia
1322 491 1644 550 argumento
1676 491 2032 559 congruentia
2063 493 2191 548 addi
2219 473 2462 564 potuisse
2495 513 2526 551 a
2565 498 2743 553 Pisida
2784 473 2946 555 nemo
2971 473 3227 573 negabit;
3256 520 3445 560 verum
3469 516 3640 564 utrum
3679 512 3753 569 ille
3781 515 3823 571 id

637 563 830 620 fecerit
868 583 1064 634 necne,
1094 571 1253 640 plane
1292 573 1562 632 incertum
1590 598 1604 634 :
1637 597 1797 652 opus,
1831 595 1891 641 ut
1918 602 2067 643 nunc
2093 599 2197 656 est,
2220 563 2441 648 constat
2465 593 2658 650 iambis
2696 595 2820 650 262.
2863 597 3112 655 Oudinus
3140 599 3212 655 ΞΟ
3238 601 3412 671 capita
3439 604 3715 669 continere,
3744 623 3822 662 uo-

634 678 876 733 numque
900 664 1165 721 Joannem
1191 669 1554 742 Philoponum
1586 680 1752 733 tacito
1780 683 2002 740 nomine
2029 701 2259 757 arguere
2284 698 2561 745 asseverat
2589 711 2603 745 :
2637 692 2732 747 sed
2763 692 2965 762 quibus
2996 695 3299 754 rationibus
3325 699 3517 755 ductus
3546 700 3594 755 id
3614 701 3820 766 atlirmet,

633 753 967 827 ignoramus.
1000 757 1133 813 Nam
1160 776 1261 816 nec
1284 764 1391 839 ulla
1418 767 1660 836 capitum
1690 771 1971 830 distinctio
2000 753 2230 847 apparet
2273 780 2329 834 in
2365 792 2636 851 poemate,
2669 753 2869 839 nec'de
2893 784 3103 842 Joanne
3129 788 3433 860 Pbilopono
3460 790 3575 846 leve
3598 794 3823 861 quoddam

632 851 787 905 ullibi
820 861 905 907 est
928 854 1217 922 judicium.
1248 848 1671 923 Quare‘errasse
1699 866 1973 924 Oudinum
2003 872 2165 928 nobis
2194 848 2404 930 certum
2435 886 2542 933 est.
2576 877 2669 946 qui
2702 878 2849 947 quod
2875 878 2965 932 alii
2998 879 3067 935 de
3091 848 3425 936 Hexaemero
3447 884 3676 938 tulerunt
3704 886 3825 953 judi-

631 946 802 1011 cium,
829 945 896 999 ad
929 948 1030 1001 hoc
1058 963 1195 1017 Opus
1223 951 1492 1009 arbitratu
1524 972 1624 1011 suo
1653 961 1950 1017 transferre
1982 981 2091 1020 non
2122 968 2412 1026 dubitavit.
2438 945 2848 1027 Cmterumihoc
2887 974 3051 1027 etiam
3087 976 3399 1044 poemation
3426 975 3608 1048 Sergio
3642 981 3828 1049 patriar.

629 1037 750 1093 Cha:
773 1047 860 1093 est
886 1038 1234 1109 inscriptum,
1269 1058 1431 1113 quem
1463 1046 1531 1102 de
1565 1065 1717 1105 more
1760 1052 1938 1109 Pisida
1969 1056 2284 1128 ingentibus
2312 1062 2471 1118 elTert
2518 1065 2791 1127 laudibus,
2825 1075 2882 1120 et
2905 1075 3094 1121 contra
3125 1067 3394 1138 superbos
3420 1078 3475 1123 et
3512 1070 3724 1126 tumidos
3748 1073 3827 1126 ho-

627 1131 803 1186 mines
835 1133 999 1187 veluti
1029 1135 1301 1203 quoddam
1332 1137 1545 1209 insigne
1578 1142 1899 1203 humilitatis
1924 1152 2201 1221 exemplar
2231 1170 2243 1223 ι

2231 1156 2504 1224 proponit,
2531 1174 2583 1209 ν.
2608 1158 2745 1213 9.53:
2782 1158 2844 1211 Εἰ
2876 1161 2970 1211 καὶ⁵
3000 1158 3137 1231 πέτῃ
3168 1131 3277 1229 γὰρ
3302 1161 3395 1213 καὶ
3422 1160 3512 1213 τὸν
3533 1162 3707 1234 αἰθέρα
3732 1170 3828 1235 τρέ-

626 1238 738 1291 χεις
758 1262 774 1287 ,
805 1224 1059 1288 ταπεινὸς
1085 1222 1231 1296 ἦσθα
1263 1229 1357 1283 καὶ
1395 1231 1635 1302 συνέρχῃ
1664 1237 1777 1297 τοῖς
1805 1237 1976 1291 κάτω.
2004 1239 2161 1295 Nulla
2192 1222 2242 1295 at

2208 1222 2377 1297 autem
2408 1254 2493 1299 est
2529 1254 2659 1301 nota
2691 1246 2974 1316 temporis,
3006 1262 3072 1301 ex
3105 1222 3212 1317 qua
3247 1248 3506 1317 coniicias
3532 1251 3727 1318 quando
3756 1252 3824 1305 Pi-

625 1314 740 1369 sida
778 1317 881 1369 hoc
910 1319 1233 1387 opusculum
1259 1320 1560 1391 scripserit.
1588 1324 1955 1390 Quamobrem
1981 1347 2104 1387 cum
2137 1333 2337 1388 nullam
2371 1345 2575 1390 certam
2606 1337 2789 1391 sedem
2816 1336 2920 1390 sibi
2958 1349 3228 1407 reposcat,
3243 1342 3310 1395 ab
3326 1342 3649 1398 llexaemero
3672 1347 3824 1414 sejun-

622 1423 750 1477 gere
778 1410 1075 1476 noluimus,
1099 1413 1257 1482 cujus
1283 1414 1531 1482 quaedam
1555 1417 1719 1472 veluti
1752 1422 2047 1490 appendix,
2076 1425 2120 1477 si
2146 1426 2453 1496 argumenti
2484 1428 2896 1482 similitudinem
2923 1440 3154 1498 spectes,
3183 1433 3350 1487 videri
3382 1436 3567 1504 possit.
3585 1436 3823 1505 Antiquam

624 1506 930 1561 versionem
966 1507 1215 1572 Morellii,
1241 1508 1386 1580 quod
1419 1511 1548 1565 item
1577 1522 1857 1570 servatum
1889 1528 1974 1573 est
1997 1519 2051 1573 in
2085 1520 2445 1583 Hexaemero,
2477 1523 2819 1579 retinendam
2850 1525 3196 1592 censuimus,
3216 1541 3415 1581 novam
3442 1528 3604 1582 textui
3628 1529 3822 1599 subjeci-

621 1612 764 1659 mus,
788 1599 972 1667 operis
1006 1602 1403 1670 perspicuitati,
1441 1617 1706 1675 quantum
1739 1611 1793 1665 in
1824 1613 1984 1669 nobis
2015 1625 2132 1669 erat
2161 1656 2172 1669 .
2205 1618 2582 1673 consulentes.

690 1690 743 1744 8.
782 1691 940 1743 Κατὰ
976 1692 1268 1757 δυσσεϐοῦς
1301 1696 1541 1769 Σευῆρου
1582 1700 1931 1775 Ἀντιοχείας,
1963 1718 2145 1763 contra
2175 1711 2306 1779 impi

2204 1712 2400 1779 mpium
2440 1712 2688 1767 Severum
2714 1716 3024 1770 Antiochiw.
3051 1714 3281 1771 Carmen
3316 1724 3404 1770 est
3443 1726 3689 1771 constans
3717 1716 3820 1771 iam-

542 1824 550 1835 .
620 1779 707 1834 bis
739 1782 863 1845 751,
887 1798 1032 1853 saepe
1060 1785 1195 1840 adeo
1223 1787 1521 1843 obscurum
1560 1803 1617 1848 et
1649 1794 1944 1866 implexum
1970 1843 1985 1866 ,
2012 1810 2072 1853 ut
2101 1816 2246 1871 saepe
2275 1803 2435 1857 etiam
2468 1805 2663 1875 stylum
2692 1816 2906 1860 vertere
2935 1816 2990 1860 et
3015 1814 3181 1877 caput
3217 1806 3442 1861 scabere
3474 1807 3601 1861 mihi
3626 1808 3821 1877 contige-

621 1871 711 1932 rit,
739 1887 862 1925 cum
890 1872 959 1927 de
980 1888 1047 1928 eo
1074 1876 1351 1931 reddendo
1377 1881 1697 1949 cogitarem.
1734 1886 2028 1942 Auctorem
2061 1890 2243 1959 operis
2267 1906 2391 1946 esse
2424 1871 2659 1945 Pisidam
2693 1892 2853 1962 plane
2892 1909 3000 1947 non
3027 1905 3111 1948 est
3142 1896 3539 1951 dubitandum:
3572 1914 3684 1952 nam
3720 1914 3819 1967 pra-

619 1970 867 2032 terquam
891 1966 1035 2035 quod
1064 1967 1236 2037 stylus
1269 1968 1410 2021 idem
1443 1980 1528 2025 est
1556 1988 1621 2026 ac
1649 1973 1882 2047 Georgio
1910 1977 2070 2047 plane
2100 1980 2455 2046 conveniens,
2500 1982 2554 2035 in
2584 1981 2705 2037 cod.
2742 1981 3000 2037 Vaticano
3024 1984 3146 2038 aliis
3175 1986 3423 2054 ejusdem
3454 1987 3662 2057 scriptis
3689 1986 3819 2041 adne-

615 2057 784 2111 ctitur
810 2058 915 2113 hoc
944 2060 1100 2114 titulo
1129 2060 1236 2114 Τοῦ
1268 2063 1434 2116 αὑτοῦ
1470 2067 1613 2120 κατὰ
1644 2067 1823 2133 suam,
1861 2087 1925 2127 ac
1946 2084 2209 2142 praeterea
2238 2076 2354 2146 ipse
2385 2078 2565 2132 Pisida
2597 2078 2701 2133 sibi
2734 2079 2887 2134 testis
2918 2088 3001 2135 est
3028 2081 3399 2151 amplissimus
3434 2083 3485 2135 in
3526 2082 3761 2152 principio
3781 2088 3823 2135 et

616 2146 669 2199 in
701 2148 806 2202 fine
837 2153 1110 2219 poematis
1129 2154 1319 2219 dicens
1351 2174 1411 2213 se
1433 2160 1599 2217 nimis
1624 2162 1860 2220 fortasse
1883 2168 2258 2238 imprudenter
2285 2173 2537 2243 gessisse,
2565 2173 2656 2243 qui
2688 2189 2717 2227 a
2747 2174 2910 2228 rebus
2931 2176 2998 2229 ab
3030 2174 3280 2231 Heraclio
3320 2177 3377 2230 in
3413 2176 3553 2230 bello
3582 2178 3729 2246 gestis
3747 2175 3824 2229 de-

614 2243 917 2299 scribendis
946 2247 1014 2301 ad
1059 2248 1394 2319 dogmaticas
1434 2259 1768 2326 quaestiones
1811 2263 2029 2318 exiliter
2079 2269 2489 2335 pertractandas
2539 2269 2781 2347 animum
2817 2270 3154 2325 traduxerit:
3198 2270 3398 2342 Ἐχρῆν
3441 2271 3498 2324 δὲ
3539 2270 3719 2341 μᾶλλον
3747 2267 3825 2337 τῆς

612 2330 781 2404 ζάλης
823 2336 930 2389 τῶν
956 2338 1258 2409 Βαρϐάρων
1290 2346 1384 2398 καὶ
1418 2348 1520 2417 τῆς
1553 2348 1779 2405 ἐνόπλου
1803 2352 1913 2405 τῶν
1948 2330 2119 2425 βελᾶίν
2146 2359 2458 2427 καταιγίδος
2486 2330 2915 2428 ἀπαλλαγέντας
2933 2361 3163 2431 ἠρεμεῖν
3194 2330 3307 2415 σὺν.
3329 2330 3454 2425 ταῖς
3482 2330 3670 2432 μάχαις
3689 2400 3702 2423 ,
3726 2358 3827 2421 ἃ.ςὸ

612 2431 905 2498 κράτιστος
944 2436 1192 2505 ἐκτεμὼν
1234 2440 1531 2513 εὐεργέτης
1563 2448 1628 2499 ὲκ
1650 2448 1751 2517 τῆς
1777 2450 1844 2502 δι’
1874 2453 2041 2506 αὑτοῦ
2069 2454 2310 2525 ψυχικῆς
2343 2456 2433 2527 [ρ.
2481 2456 2644 2511 XVIII
2724 2458 3074 2527 χειρουργίας
3127 2454 3226 2525 τὴν
3260 2452 3534 2523 κοσμικὴν
3561 2450 3827 2520 σφύζουσαν

609 2522 773 2591 ἐξῆρε
808 2524 981 2578 νόσον·
1022 2526 1232 2592 Quibus
1262 2531 1479 2600 iambis,
1514 2552 1655 2605 quos
1681 2538 1826 2610 legas
1855 2542 1909 2594 in
1939 2522 2121 2611 operis
2148 2522 2398 2611 exordio,
2434 2564 2482 2599 ν.
2517 2546 2607 2610 ‘24,
2855 2522 3055 2601 bellum
3078 2522 3377 2599 Abaricumi
3413 2553 3469 2597 et
3492 2522 3746 2597 Persicum
3772 2540 3826 2592 ab

610 2612 861 2668 lleraclio
893 2616 1123 2672 feliciter
1150 2633 1466 2692 susceptum
1499 2637 1663 2698 atque
1688 2645 1719 2684 a
1749 2632 1930 2700 seipso
1956 2632 2288 2704 descriptum
2339 2646 2525 2704 aperte
2570 2636 2840 2705 designat.
2894 2634 3000 2690 Sed
3043 2636 3242 2690 clarius
3274 2636 3379 2689 hoc
3419 2634 3580 2689 etiam
3633 2632 3826 2686 demon-

609 2719 748 2764 strat
780 2712 834 2764 in
880 2712 989 2768 fine
1015 2731 1066 2770 ν.
1099 2716 1222 2780 695,
1263 2721 1330 2775 ad
1369 2722 1622 2779 eumdem
1654 2725 2035 2796 imperatorem
2067 2746 2225 2786 convt

2211 2747 2368 2786 ersus
2413 2732 2602 2787 dicens
2633 2748 2646 2783 :
2682 2733 2755 2784 Τὸ
2788 2732 3165 2802 συμπέρασμα
3204 2731 3314 2784 τῶν
3359 2728 3486 2799 ἐμοὶ
3531 2725 3826 2826 λελεγμένων

607 2808 721 2869 τοῖς
750 2810 862 2870 σοῖς
888 2810 1219 2883 ὑποστήριζε
1259 2815 1353 2869 τοῦ
1380 2818 1540 2887 λόγου
1563 2822 1756 2886 τόνοις.
1791 2826 1866 2877 Οὐ
1892 2825 2181 2896 δογμάτων
2210 2828 2319 2899 γὰρ
2345 2829 2504 2899 ἔσχον
2542 2829 2810 2899 ὲντριὸεἷς
2836 2827 3047 2896 λόγους,
3078 2825 3165 2921 ἀεὶ
3202 2824 3259 2878 δὲ
3278 2826 3411 2921 Δταῖς
3440 2824 3555 2921 cra-ig
3585 2814 3827 2921 évtpv‘tptiw

612 2904 970 2973 στρατηγίαις
993 2908 1228 2973 πτώσεις
1252 2915 1315 2964 τῦ
1326 2913 1533 2981 ράννων
1560 2914 1657 2967 καὶ
1681 2917 1892 2987 τροπὰς
1915 2919 2174 2972 ἐναντίων
2201 2922 2294 2973 καὶ
2324 2920 2451 2983 τοὺς
2478 2920 2827 2991 πολυσχεδεῖς
2847 2938 2905 2973 τε
2933 2920 3029 2972 καὶ
3058 2916 3435 2989 πολυτρόπους
3460 2930 3565 2965 των
3584 2929 3683 2964 σων
3709 2925 3826 2974 αγω-

609 3007 716 3042 νων
743 2992 1148 3065 ὲσκιαγράφουν
1180 3000 1391 3068 λόγους.
1423 3002 1715 3074 Georgium
1741 3004 1977 3062 Pisidam
2032 3023 2176 3076 esse,
2206 3028 2225 3063 ί

2209 3012 2299 3079 qui
2331 3011 2398 3065 de
2435 3010 2683 3064 Heraclio
2716 3027 2781 3065 ac
2811 3012 2879 3066 de
2909 3012 3086 3081 seipso
3112 3010 3183 3063 ita
3207 3007 3495 3071 scriberet,
3523 3018 3675 3058 nemo
3696 3001 3825 3072 plane

610 3088 830 3155 negabit
855 3108 869 3143 :
894 3092 987 3145 sed
1020 3103 1200 3149 tamen
1229 3106 1394 3150 erunt
1416 3098 1615 3167 quibus
1638 3116 1701 3154 ea
1726 3102 1964 3171 primum
1994 3103 2120 3159 inde
2144 3106 2352 3159 orietur
2372 3108 2683 3172 admiratio,
2725 3107 2873 3176 quod
2898 3107 3069 3161 altum
3094 3105 3163 3161 sit
3190 3105 3258 3160 de
3281 3105 3387 3160 hoc
3420 3109 3662 3175 poemate
3688 3099 3825 3151 silen-

609 3176 743 3231 tium
774 3178 827 3232 in
862 3179 1049 3248 Suida,
1082 3185 1173 3254 qui
1204 3186 1444 3257 alioquin
1476 3191 1609 3245 satis
1632 3192 1866 3263 diligens
1886 3195 2108 3250 videtur
2136 3197 2190 3250 in
2221 3198 2570 3253 recensendis
2620 3200 2879 3269 operibus
2904 3198 3133 3263 Pisidae;
3162 3198 3362 3254 deinde
3393 3205 3573 3252 autem
3592 3190 3723 3263 quod
3745 3202 3824 3242 nec

607 3269 894 3329 llaltretus
917 3277 1055 3346 ipse,
1087 3280 1178 3348 qui
1213 3281 1281 3335 de
1310 3266 1791 3341 iisdcmomnibus
1828 3289 2087 3359 operibus
2118 3292 2345 3347 edendis
2371 3293 2656 3362 cogitarat,
2687 3295 2924 3363 aliquant
2959 3295 3026 3350 de
3055 3310 3122 3349 eo
3148 3294 3339 3349 fecerit
3370 3294 3711 3348 mentionem.
3738 3284 3824 3337 Ve'

606 3379 725 3419 rum
754 3366 973 3435 Suidas,
992 3372 1075 3426 vel
1105 3373 1197 3444 qui
1228 3375 1280 3428 in
1319 3374 1541 3431 Snidam
1568 3379 1749 3436 intulit
1775 3383 2064 3439 articulum
2093 3387 2159 3442 de
2190 3386 2423 3459 Georgio
2454 3388 2655 3454 Pisida,
2678 3390 2859 3443 omnia
2887 3389 3006 3458 ejus
3036 3388 3238 3457 scripta
3269 3385 3496 3439 minime
3524 3381 3699 3437 novit:
3722 3388 3822 3431 nam

604 3470 707 3511 nec
739 3460 806 3513 de
842 3465 1120 3531 opusculis
1153 3469 1404 3537 superius
1430 3469 1661 3528 laudatis
1704 3476 1784 3537 εἰς
1815 3477 2112 3532 ἀνάστασιν
2146 3492 2201 3537 et

2243 3484 2322 3546 εἰς
2355 3484 2447 3536 τὸν
2474 3484 2701 3554 μάταιον
2738 3484 2848 3554 βίον
2877 3483 3075 3553 aliquid
3110 3481 3283 3545 dixit;
3332 3494 3438 3533 nec
3467 3479 3535 3532 de
3565 3474 3695 3535 aliis,
3724 3483 3820 3539 qua:

603 3547 784 3602 forsan
817 3552 1160 3618 exciderunt,
1187 3567 1247 3611 ut
1270 3575 1336 3612 ex
1361 3559 1687 3632 fragmentis
1724 3567 1976 3637 colligere
2002 3571 2162 3637 licet,
2192 3574 2429 3644 aliquam
2461 3547 2619 3630 nobis
2648 3575 3017 3645 suspicionem
3061 3574 3310 3645 ingessit.
3342 3572 3622 3625 Maltrctus
3647 3573 3819 3661 autent.

602 3639 718 3706 qui,
746 3650 805 3695 ut
829 3643 1068 3707 videtur,
1100 3648 1318 3707 nonnisi
1344 3666 1407 3705 ex
1431 3652 1598 3709 Suida
1628 3656 1968 3715 intellexerat
1990 3679 2111 3732 qua:
2139 3664 2450 3734 scripsisset
2471 3665 2755 3736 Georgius,
2787 3681 2851 3720 ea
2889 3666 3003 3735 ipsa
3032 3680 3152 3733 quae
3176 3663 3453 3732 descripta
3488 3661 3753 3753 invenerat
3775 3665 3821 3753 tl

604 3732 767 3753 εηυ,
804 3733 901 3753 ,τις
1328 3742 1340 3753 .
1395 3744 1436 3753 --
1481 3744 1493 3753 .
1627 3748 1639 3753 -

604 3732 773 3786 Suida
800 3733 903 3787 sibi
940 3735 1083 3791 mitti
1107 3739 1264 3806 petiit
1291 3742 1360 3796 ab
1393 3744 1699 3813 liolstenio,
1734 3764 1910 3819 eaque
1941 3761 2150 3809 tantum
2182 3732 2399 3826 recepta
2441 3773 2501 3813 se
2539 3732 2814 3812 editurum
2851 3732 3116 3827 promisit.
3159 3754 3347 3825 Itaque
3376 3753 3555 3808 Pisida
3589 3750 3685 3804 hoc
3711 3742 3823 3800 scri-

603 3826 713 3894 psit
742 3830 1052 3897 pocmation
1079 3833 1224 3889 circa
1257 3852 1463 3890 annum
1488 3839 1615 3902 630,
1643 3856 1751 3910 quo
1778 3852 2027 3913 tempore
2058 3863 2087 3900 a
2122 3847 2265 3901 bello
2293 3849 2515 3903 Persico
2544 3849 2828 3918 expeditus
2858 3826 3142 3902 Heraclius
3174 3848 3240 3901 ad
3288 3846 3561 3901 sedandas
3603 3840 3821 3933 turbas:

603 3917 1000 3991 Monopbysitis
1023 3925 1289 3982 excitatas
1314 3928 1370 3983 in
1401 3930 1646 3986 Ecclesia
1680 3948 1740 3987 se
1768 3946 2117 3992 converterat
2147 3954 2161 3990 :
2191 3955 2219 3992 a

2205 3950 2381 4009 ipcrte
2410 3941 2557 3995 enim
2597 3917 2649 3994 id
2673 3939 3001 4001 declaratur,
3026 3956 3081 3993 ν.
3107 3938 3209 3992 72:
3250 3937 3405 3992 Ἐπεὶ
3430 3936 3487 3989 δὲ
3516 3935 3607 3987 καὶ
3636 3931 3719 3985 νῦν
3743 3921 3821 3980 ειυῦ

602 4010 898 4081 γαληναὶου
921 4014 1127 4084 τρόπου
1156 4018 1189 4087 ἡ
1224 4021 1507 4091 πρακτική
1537 4039 1597 4074 τε
1625 4023 1721 4076 καὶ
1748 4025 1888 4097 σοφὴ
1910 4028 2214 4100 στρατηγία
2245 4029 2381 4100 πρὸς
2397 4028 2497 4093 τὰς
2525 4029 2745 4099 γραφὰς
2780 4028 3048 4099 μετῆλθεν
3080 4029 3146 4081 ὲκ
3166 4027 3273 4081 τῶν
3301 4026 3624 4097 Βαρϐάρων,
3646 4022 3775 4079 ὅπως
3799 4015 3822 4068 δ

600 4099 800 4163 πείσας
829 4103 1059 4175 ἠρεμεῖν
1085 4105 1163 4179 [ρ.
1199 4107 1345 4180 XIX]
1389 4111 1517 4174 τοὺς
1554 4091 1888 4184 Βαρϐάρους.
1920 4091 2216 4191 naida-dim

2206 4138 2217 4170 ν
2246 4091 2430 4185 aliter;
2464 4091 2696 4193 ἦρξ’μεὲν
2866 4091 3126 4191 αἱρέσεις.
3166 4119 3368 4175 Contra
3386 4091 3555 4189 quem
3585 4123 3749 4172 autem
3779 4118 3822 4162 rt

599 4212 705 4264 qua
738 4208 920 4253 mente
952 4201 1067 4256 bzec
1090 4204 1374 4274 scripserit
1398 4208 1687 4282 Georgius,
1720 4216 1907 4271 multis
1929 4218 2330 4289 disputavimus
2358 4221 2413 4274 in
2444 4220 2668 4285 Monito,
2702 4222 2845 4292 quod
2879 4223 2983 4276 hoc
3008 4220 3188 4291 ipsum
3218 4218 3542 4311 poemation
3573 4207 3818 4311 praecedit:

603 4287 768 4311 u--.-
815 4292 1070 4311 -_..--.
1144 4296 1176 4311 η
1435 4303 1448 4311 .
1506 4304 1519 4311 -
1653 4306 1664 4311 -
1737 4308 1748 4311 _

602 4287 771 4344 “CCI?
807 4292 1026 4361 quidem
1056 4296 1113 4349 in
1144 4296 1407 4354 Severum
1434 4303 1600 4359 habet
1629 4306 1847 4362 titulum
1880 4327 1892 4361 :
1929 4287 2052 4364 nam
2081 4313 2380 4382 quemlibet
2408 4313 2712 4369 esse'dicas
2750 4329 2873 4367 eum
2899 4328 3061 4382 quem
3089 4309 3190 4365 sub
3216 4310 3320 4364 hoc
3359 4309 3585 4364 nomine
3614 4298 3821 4401 exagitati

598 4379 803 4449 Pisida,
839 4384 1262 4459 Monophysismi
1289 4406 1506 4463 errores
1533 4394 1693 4464 plane
1721 4398 1810 4453 hic
1841 4379 2170 4469 refutantur,
2214 4404 2372 4473 cujus
2409 4401 2682 4459 hmreseos
2702 4406 2843 4460 idem
2880 4404 3116 4460 Severus
3141 4402 3411 4456 maximus
3442 4410 3697 4472 patronus
3718 4394 3819 4447 fuit.

600 4473 709 4529 Sed
746 4486 933 4531 nostra
964 4480 1183 4547 quidem
1210 4484 1485 4538 sententia
1510 4497 1615 4550 est,
1640 4490 1741 4543 sub
1771 4492 1995 4545 nomine
2016 4493 2206 4548 Severi
2227 4495 2544 4566 episcopum
2578 4496 2815 4567 aliquem
2843 4496 3092 4568 intelligi,
3124 4497 3218 4567 qui
3244 4495 3431 4550 Severi
3464 4493 3656 4564 placita
3678 4497 3725 4543 et
3748 4485 3818 4539 do'

599 4569 829 4624 ctrinam
861 4582 1051 4627 contra
1087 4576 1357 4633 catholica
1391 4580 1642 4652 dogmata
1676 4593 1785 4639 tum
1819 4589 2080 4657 temporis
2119 4590 2319 4645 acriter
2344 4601 2605 4658 tueretur,
2639 4601 2695 4647 et
2728 4592 2891 4661 hujus
2935 4603 3098 4649 sectae
3137 4602 3261 4662 post
3306 4589 3568 4645 Severum
3610 4586 3819 4651 aliosque

598 4658 719 4727 ejus
743 4663 985 4719 asseclas
1014 4676 1177 4737 caput
1203 4677 1260 4722 et
1288 4682 1442 4737 pater
1473 4676 1799 4741 exsisteret;
1830 4695 1957 4733 nam
1997 4695 2123 4734 eum
2153 4697 2274 4736 esse
2324 4682 2587 4737 Joannem
2622 4684 2982 4767 PhiIOponum
3002 4727 3018 4751 ,
3052 4684 3143 4755 qui
3184 4684 3371 4739 Severi
3419 4693 3655 4774 tempore
3686 4677 3814 4774 ﬂore-

600 4750 688 4774 ι--.
724 4764 769 4774 ,ι
812 4769 833 4774 Α
892 4754 954 4774 a-
1017 4773 1022 4774 γ
1068 4758 1079 4770 ο
1216 4761 1267 4774 ,οι
1457 4760 1468 4771 ο
1770 4767 1779 4774 .
1879 4768 1890 4774 -
1931 4769 1941 4774 ,
2007 4769 2018 4774 ,
2299 4771 2311 4774 _
2476 4772 2486 4774 -
2631 4773 2637 4774 -
2793 4773 2810 4774 η
2868 4773 2871 4774 ,

600 4750 693 4805 bat
718 4764 775 4807 et
809 4769 840 4808 a
892 4754 1080 4813 Severi
1114 4761 1358 4829 partibus
1388 4760 1624 4829 primum
1657 4767 1829 4831 stetit,
1860 4768 2056 4823 deinde
2086 4784 2216 4824 vero
2263 4771 2333 4825 ab
2363 4788 2428 4826 eo
2458 4772 2746 4827 discedens
2788 4762 3101 4828 Tritheismi
3132 4783 3337 4829 sectam
3376 4772 3674 4834 constituit,
3704 4775 3753 4821 ιιι
3774 4764 3815 4817 il‘

600 4839 1011 4913 Prolcgomenis
1032 4847 1098 4902 ad
1130 4848 1497 4904 Hexaemeron
1531 4854 1868 4910 declaratum
1899 4867 2006 4923 est,
2030 4874 2139 4914 non
2172 4861 2526 4917 concedimus
2552 4862 2748 4918 Allatio
2776 4864 3026 4934 aliisque,
3066 4865 3158 4935 qui
3204 4866 3324 4935 ejus
3353 4864 3720 4919 auctoritatem
3749 4870 3821 4910 se-

600 4935 714 4989 cuti
745 4948 892 4991 sunt.
926 4938 993 4992 Et
1021 4955 1119 4995 cur
1142 4942 1289 4997 enim
1315 4947 1476 5002 malis
1507 4948 1893 5021 Philoponum,
1921 4956 1989 5010 de
2012 4972 2121 5025 quo
2162 4957 2298 5013 nihil
2342 4959 2397 5013 in
2434 4970 2545 5015 toto
2591 4972 2841 5031 poemate
2879 4962 3136 5027 occurrit,
3164 4979 3329 5033 quam
3356 4962 3616 5017 Severum
3647 4958 3817 5027 ipsum.

599 5023 694 5092 qui
730 5024 934 5081 diserte
956 5030 1293 5097 nominatur,
1320 5037 1435 5093 suis
1477 5038 1630 5096 bisce
1663 5043 1857 5098 iambis
1884 5023 2069 5115 petere
2113 5047 2389 5104 Pisidam?
2421 5050 2527 5107 Sed
2571 5023 2826 5107 dilatium
2863 5054 3109 5124 aliosque
3138 5055 3192 5108 in
3220 5070 3461 5109 errorem
3507 5050 3721 5107 adduxit
3744 5045 3819 5100 Ni.

600 5122 826 5191 cephor.
854 5123 1085 5192 Gallist.,
1118 5129 1260 5185 inter
1278 5147 1376 5187 eos
1398 5133 1487 5203 qui
1516 5145 1705 5190 contra
1734 5136 2023 5209 Philopon.
2050 5144 2391 5213 scripserunt
2413 5145 2609 5219 Georg.
2638 5158 2887 5203 nostrum
2920 5149 2999 5204 sic
3024 5150 3412 5211 adnumerans,
3441 5149 3477 5202 l.
3508 5141 3816 5209 xvur,c.48:

615 5216 739 5269 Ἐπὶ
767 5217 823 5270 δὲ
849 5219 1023 5291 τούτῳ
1049 5222 1125 5287 (id
1154 5235 1260 5288 est,
1292 5237 1417 5297 post
1462 5228 1790 5285 Leontinum
1837 5235 2192 5305 monachum)
2221 5255 2231 5289 :

2221 5239 2315 5292 καὶ
2346 5240 2376 5293 ὁ
2410 5216 2712 5309 Θαυμασιος
2735 5242 2981 5304 διάκονος
3015 5243 3109 5294 καὶ
3139 5236 3550 5312 ρεφερενδάῥιος
3584 5237 3812 5306 Γεώργιοι

600 5309 629 5359 ὁ
658 5308 938 5381 Πισσὶδης,
971 5312 1267 5387 ἡλικιώτης
1295 5319 1371 5373 ὢν
1405 5321 1622 5393 ἐκείνῳ,
1655 5326 1703 5377 εἰ
1733 5326 1829 5378 καὶ
1858 5325 1936 5396 τῷ
1962 5328 2142 5397 χρόνῳ
2179 5329 2303 5383 λίαν
2342 5331 2626 5404 νεώτερος,
2664 5338 2721 5387 ὲν
2749 5335 2961 5405 ἰάμϐων
2992 5335 3215 5405 μέτροις
3245 5335 3510 5406 ἀρίστοις,
3538 5332 3715 5398 ὥσπερ
3752 5342 3807 5377 ει·

601 5404 751 5457 οιττο
767 5409 1019 5478 γράφειν,
1044 5413 1180 5483 πρὸς
1213 5414 1312 5483 τὴν
1344 5420 1643 5490 εἰρημένην
1674 5422 1889 5491 αἵρεσιν
1930 5425 2174 5489 ἀντιϐὰς,
2217 5428 2313 5480 καὶ
2347 5429 2565 5482 παιδιὰν
2606 5430 2808 5500 σπουδῇ
2856 5429 3145 5500 κεραννὺς,
3186 5426 3327 5478 οὕτω
3358 5442 3471 5486 πως
3497 5420 3799 5489 διεξέρχεται

602 5496 809 5566 σφόδρα
829 5499 1123 5573 διελέγχων
1151 5507 1210 5557 τὸ
1233 5506 1454 5561 ἄτοπον.
1477 5509 1787 5577 Ψηφίζεται
1811 5510 2005 5564 θᾶττον
2027 5514 2154 5581 μίαν
2177 5532 2235 5567 τε
2266 5534 2361 5569 και
2384 5518 2534 5586 μίαν·
2563 5520 2612 5571 εξ
2646 5519 2754 5588 γὰρ
2784 5519 2912 5590 μίαν
2939 5537 2997 5571 τε
3017 5520 3112 5573 καὶ
3144 5516 3272 5589 μίαν
3297 5516 3475 5581 λέγεις
3507 5514 3649 5583 μίαν,
3675 5507 3808 5576 γέλως

598 5594 661 5644 τὸ
688 5594 876 5664 λεχθὲν
901 5599 1146 5668 γίγνεται
1175 5604 1268 5657 καὶ
1294 5605 1623 5667 παιδίοις.Ὂ
1650 5606 1705 5658 δέ
1739 5624 1894 5677 φησι,
1911 5610 2149 5661 τοιοῦτόν
2174 5613 2339 5666 ἐστιν·
2373 5615 2703 5683 Ὀμολογεῖς,
2724 5616 2877 5685 φησὶ,
2895 5615 3295 5684 φιλοπονώτατε
3319 5614 3411 5665 καὶ
3432 5610 3799 5680 φιλοσοφωτατε

600 5686 693 5740 δύο
717 5690 908 5759 φύσεις
932 5695 1175 5767 ἡνῶσθαι
1196 5697 1271 5769 τῷ
1295 5701 1473 5771 Λόγῳ.
1504 5701 1630 5771 μίαν
1653 5703 1747 5773 τῆς
1775 5704 2027 5776 θεότητος
2062 5707 2151 5760 καὶ
2176 5709 2304 5779 μίαν
2330 5710 2427 5781 τῆς
2453 5711 2869 5784 ἀνορωπὸτητος
2893 5729 2904 5740 ·
2930 5712 2979 5764 εἰ
3008 5714 3184 5766 τοίνυν
3206 5709 3298 5762 δύο
3323 5708 3506 5780 φύσεις
3528 5706 3692 5773 λέγεις
3716 5714 3795 5750 συν
