4092 6296
254 335 392 406 117⁸7
1660 347 1870 408 PR/EF

1866 347 2070 409 'ATIO.
3348 333 3482 400 1178

252 457 570 530 ἐληλυθέναι
592 457 757 530 αὐτῷ,
775 456 890 520 πῶς
910 459 986 521 εἰς
1009 459 1138 530 μίαν
1158 453 1311 526 αὖθις
1333 457 1431 524 τὰς
1452 458 1546 514 δύο
1565 458 1872 525 συστέλλεις
1892 462 2077 531 ςφησί·
2111 459 2209 532 μία
2229 458 2337 530 γὰρ
2361 457 2457 512 καὶ
2477 457 2575 528 μισ.
2595 455 2711 519 δύο,
2730 453 2846 508 ἀλλ’
2874 453 2994 523 οὐχὶ
3021 451 3136 523 μία.
3164 450 3340 513 Filio;
3352 447 3483 517 γοῦν

250 553 400 614 stet;
430 550 567 604 κατὰ
597 550 690 602 τοῦ
715 551 878 604 αὐτοῦ
899 553 1254 625 ὑποκειμένου
1284 553 1378 608 δύο
1407 555 1738 627 κατηγοροίη
1763 555 1842 627 [ρ.
1861 556 1980 628 XX]
2011 557 2154 620 τινὰ,
2171 557 2266 609 καὶ
2298 550 2458 617 αὖθις
2492 552 2550 604 ἒν
2577 551 2738 605 πάλιν
2766 551 2836 603 τὰ
2860 548 3086 601 τοιαῦτα.
3114 549 3338 599 ποιοῖτο.
3357 542 3485 598 Hart:

251 651 438 696 autem
467 641 647 694 omnia
676 651 820 696 recte
855 657 886 697 a
918 642 1222 714 Nicephoro
1251 644 1316 698 ad
1357 645 1552 700 Pisidas
1581 645 1745 701 verba
1775 647 2113 716 explananda
2145 647 2290 702 dicta
2324 659 2444 699 esse
2473 642 2726 705 fatemur,
2758 639 2854 693 sed
2894 636 3126 691 Pisidam
3174 636 3347 704 ipsum
3397 633 3486 687 hic

257 739 574 805 impugnare
593 733 952 822 Philoponum'
981 753 1259 810 negamus.
1283 738 1442 792 Error
1461 739 1608 794 enim
1644 739 1928 809 PhiIOponi
1959 740 2268 811 praecipuus
2299 739 2401 792 fuit
2429 747 2490 792 ut
2521 738 2841 806 hypostases
2870 747 2900 785 a
2929 730 3137 784 naturis
3164 743 3272 781 non
3293 727 3485 781 distin-

252 836 463 896 gueret,
484 841 549 881 ac
565 827 793 896 proinde
810 836 922 883 tres
945 817 1164 884 naturas
1181 830 1238 884 in
1258 829 1354 886 SS.
1375 829 1640 886 Trinitate
1661 829 1973 894 alIirmaret,
1997 831 2141 886 unde
2169 830 2412 885 tritheita
2443 827 2642 899 passim
2671 825 2855 887 audit;
2877 821 2943 876 ad
2973 835 3132 890 quam
3163 816 3484 873 sententiam

254 919 596 974 refutandam
634 920 711 974 nil
761 919 965 977 faciunt
1008 923 1171 978 iambi
1214 939 1353 994 quos
1409 939 1474 978 ex
1507 923 1687 980 Pisida
1727 924 1930 995 profert
1955 924 2320 995 Nicephorus.
2373 923 2541 978 Error
2577 929 2757 974 autem
2788 918 2987 972 Severi
3021 923 3188 982 atque
3240 909 3484 963 omnium

255 1005 750 1077 Mouephysitarum
780 1008 882 1062 fuit
917 1019 975 1064 ut
1000 1027 1161 1064 unam
1183 1027 1246 1065 ex
1277 1011 1486 1066 duabus
1513 1011 1566 1065 in
1595 1011 1813 1066 Christo
1844 1022 2091 1068 naturam
2124 1022 2245 1082 post
2269 1012 2554 1075 unionem,
2585 1009 2691 1063 hoc
2737 1016 2821 1061 est
2865 1004 2918 1057 in
2952 998 3346 1057 incarnatione,
3399 1011 3488 1049 as-

256 1103 539 1158 sererem;
570 1095 730 1165 cujus
752 1094 1089 1151 deliramenti
1115 1097 1412 1168 praestigias
1440 1114 1676 1168 nequeas
1715 1099 1907 1155 melius
1935 1081 2193 1170 detegere
2225 1109 2390 1168 atque
2435 1098 2776 1166 impugnare,
2836 1103 3001 1160 quam
3053 1089 3096 1142 si
3152 1100 3275 1139 cum
3312 1081 3488 1136 Pisida

257 1180 410 1234 dicas
440 1196 454 1233 :
498 1180 634 1235 Heus
664 1192 739 1247 tu,
770 1182 970 1247 Severe,
998 1187 1044 1239 si
1069 1194 1117 1240 te
1130 1203 1232 1240 non
1261 1197 1581 1256 repugnante
1614 1186 1783 1241 altera
1817 1197 1888 1242 est
1915 1188 2227 1250 divinitatis,
2251 1187 2423 1240 altera
2454 1201 2574 1238 vero
2592 1179 2944 1235 humanitatis
2973 1178 3027 1230 in
3050 1173 3252 1228 Christo
3271 1179 3487 1231 natura,

259 1272 516 1338 quomodo
542 1271 768 1325 alteram
799 1281 846 1326 et
877 1273 1102 1328 alteram
1137 1291 1294 1328 unam
1323 1291 1432 1330 esse
1457 1276 1588 1330 dicis
1609 1278 1634 1330 Ρ
1666 1275 1850 1330 Nonne
1877 1275 1973 1328 hoc
2000 1275 2159 1328 etiam
2190 1275 2363 1342 pueris
2385 1272 2659 1327 ridendum
2687 1269 2808 1331 erit,
2855 1266 2944 1335 qui
2984 1263 3141 1334 plane
3187 1266 3376 1312 norunt
3426 1271 3490 1309 ea:

263 1372 370 1409 una
400 1366 449 1409 et
491 1373 598 1411 una
628 1375 728 1412 non
764 1377 945 1424 unam.
981 1363 1072 1416 sed
1105 1363 1240 1416 duas
1271 1364 1558 1418 coalescere
1587 1363 1841 1417 naturas?
1871 1356 2045 1430 Atque
2070 1361 2184 1415 hare
2214 1361 2286 1414 ita
2322 1359 2479 1430 plane
2508 1354 2821 1425 accipienda
2849 1367 2971 1406 esse
2992 1347 3178 1419 operis
3203 1351 3491 1400 contextus

262 1441 602 1498 demonstrat
637 1462 651 1501 :
689 1447 759 1500 ita
802 1447 947 1501 enim
977 1457 1139 1518 atque
1186 1450 1290 1504 hoc
1335 1451 1494 1519 plane
1541 1466 1699 1504 sensu
1732 1449 1929 1504 laudati
1963 1463 1992 1502 a
2024 1447 2332 1517 Nicephoro
2363 1445 2524 1499 iambi
2574 1443 2627 1496 in
2665 1441 2927 1494 Severum
2978 1437 3388 1502 intorquentur,
3431 1437 3493 1482 ut

263 1529 454 1583 videre
483 1538 588 1597 est,
620 1549 673 1586 ν.
710 1533 814 1587 655
842 1544 898 1588 et
930 1551 1080 1604 seqq.
1114 1537 1244 1590 Inde
1275 1546 1454 1590 autem
1482 1537 1642 1590 etiam
1669 1537 1888 1607 colligas
1917 1535 2412 1610 evidenterlomnes
2458 1542 2579 1603 post
2611 1529 2982 1597 Nicephorum
3015 1523 3337 1577 allucinatos
3367 1529 3490 1571 esse

264 1617 580 1686 scriptores,
613 1620 702 1689 qui
729 1637 796 1675 eo
831 1622 968 1678 duce
1004 1624 1258 1678 dixerunt
1286 1626 1520 1679 Pisidam
1554 1625 1703 1679 hisce
1734 1605 1959 1679 senariis
1988 1605 2346 1692 Philoponum
2395 1621 2686 1673 lacessere.
2734 1619 2922 1684 Itaque
2972 1610 3200 1665 Allatius
3255 1605 3488 1674 primum

269 1705 372 1758 hoc
405 1705 713 1762 testimonio
752 1709 1041 1779 Nicephori
1083 1711 1252 1767 fretus
1291 1728 1532 1767 asserere
1551 1728 1665 1765 .non
1694 1690 2266 1780 dubitavitGeorgium
2284 1716 2531 1762 nostrum
2564 1706 2747 1774 aliquo
2783 1701 2988 1770 scripto
3015 1697 3280 1751 Joannem
3305 1690 3491 1745 Philo—

265 1807 472 1859 ponum
507 1793 730 1864 ejusque
767 1778 1092 1851 sectatorum
1121 1797 1367 1858 haeresim
1398 1814 1763 1868 Oppugnasse;
1787 1801 1996 1854 Caveus
2022 1778 2200 1852 autem
2232 1807 2285 1851 et
2313 1795 2559 1850 Oudinus
2590 1792 2831 1862 ejusdem
2855 1783 3140 1856 Nicephori
3169 1778 3492 1836 auctoritate

265 1889 324 1932 et
341 1877 444 1934 fide
461 1883 587 1935 moti
616 1881 668 1935 in
699 1881 1054 1953 Philoponum
1082 1886 1362 1956 scripsisse
1382 1864 1614 1941 Pisidam
1637 1903 1734 1956 pro
1751 1864 1810 1941 re
1833 1897 1979 1941 certa
2001 1887 2334 1950 habuerunt;
2371 1883 2465 1937 sed
2492 1896 2615 1936 cum
2631 1877 2775 1948 quod
2791 1878 2891 1930 hoc
2906 1882 3051 1928 esset
3072 1886 3209 1940 opus
3232 1869 3285 1922 in
3306 1864 3493 1918 Philo-

269 1982 474 2034 ponum
504 1969 762 2038 scriptum
791 1972 1122 2041 ignorarent,
1153 1973 1332 2027 omnia
1365 1953 1651 2044 perperam
1677 1974 1966 2029 miscentes
1989 1983 2044 2026 et
2076 1973 2128 2026 in
2165 1989 2333 2026 unum
2353 1969 2774 2027 confundentes,
2803 1979 2912 2016 non
2933 1961 3077 2014 aliud
3101 1971 3262 2027 quam
3281 1953 3494 2007 llexae—

268 2067 460 2107 meron
501 2053 628 2108 illud
661 2071 781 2110 esse
823 2057 1179 2126 jndicarunt:
1222 2075 1343 2112 cum
1381 2071 1561 2113 autem
1601 2060 1654 2113 in
1698 2076 1764 2113 eo
1799 2069 2046 2128 poemate
2076 2061 2331 2114 Proclum
2378 2056 2645 2111 nominari
2699 2047 3228 2106 animadvertissent,-
3288 2039 3492 2095 nullam

269 2138 429 2191 aliam
463 2155 582 2194 esse
619 2143 882 2196 rationem
909 2138 1262 2198 autumarunt
1289 2145 1610 2199 conciliandi
1640 2146 1830 2200 Pisidae
1851 2162 1974 2200 cum
2004 2148 2329 2216 Nicephoro,
2359 2160 2520 2214 quam
2557 2145 2600 2197 si
2627 2142 2873 2196 dicerent
2901 2137 3002 2190 sub
3025 2133 3168 2189 tecto
3196 2129 3369 2183 Procli
3393 2141 3494 2180 no-

269 2225 418 2278 mine
441 2223 797 2297 l'hiloponum
826 2231 1071 2302 intelligi.
1102 2231 1206 2286 Sed
1249 2231 1526 2287 Fabricius
1574 2249 1674 2288 nec
1708 2234 1923 2289 Oudino
1956 2244 2012 2288 et
2049 2213 2226 2289 Caveo
2277 2213 2529 2286 concedit
2559 2231 2699 2284 idem
2745 2233 3023 2293 unumque
3080 2235 3201 2275 esse
3246 2231 3384 2286 opus
3438 2213 3495 2266 in

271 2312 635 2383 Pbiloponum
669 2333 792 2371 cum
823 2317 1174 2384 llexaemero,
1215 2337 1316 2374 nec
1345 2337 1474 2374 cum
1509 2321 1704 2374 Allatio
1732 2323 2022 2388 consentit,
2043 2323 2132 2392 qui
2157 2321 2428 2392 singulare
2461 2334 2652 2388 poema
2695 2315 2960 2369 adversus
3004 2308 3254 2364 eumdem
3312 2301 3494 2355 Philo-

271 2415 478 2468 ponum
521 2403 775 2469 admittit,
807 2407 901 2460 sed
936 2409 1114 2476 potius
1165 2411 1436 2463 existimat
1463 2408 1697 2463 Pisidam
1729 2410 1898 2463 tribus
1928 2387 2031 2464 illis
2061 2387 2767 2463 tantummodoversiculis
2799 2397 3170 2455 tritheismum
3205 2387 3494 2458 Philoponi

269 2491 498 2559 ejusque
533 2497 883 2564 computandi
917 2497 970 2550 in
1000 2498 1198 2552 divinis
1233 2500 1592 2552 temeritatem
1623 2496 2024 2568 perstrinxisse.
2059 2493 2164 2550 Sed
2196 2495 2308 2546 IIEBC
2333 2492 2514 2547 omnia
2544 2506 2609 2544 ex
2659 2488 2877 2560 ingenio
2911 2493 3360 2551 unumquemque
3397 2491 3497 2529 suo

271 2576 456 2630 minus
494 2589 640 2634 recte
669 2582 964 2637 allirmasse
995 2583 1102 2653 jam
1147 2594 1359 2638 constat
1388 2600 1450 2638 ex
1499 2585 1602 2638 hoc
1645 2593 1890 2653 poemate
1941 2583 1993 2634 in
2029 2580 2298 2645 Severum,
2340 2580 2393 2633 in
2446 2594 2554 2650 quo
2596 2577 2784 2630 Pisida
2813 2577 3075 2628 Severum
3132 2569 3333 2637 ipsum,
3387 2577 3496 2616 non

253 2661 639 2733 .Philoponum
688 2652 1000 2724 insectatur.
1051 2671 1239 2724 Utrum
1273 2683 1454 2724 autem
1508 2652 1691 2725 Niceta
1735 2669 2048 2732 Choniates,
2101 2683 2263 2737 quem
2295 2666 2522 2720 Allatius
2567 2665 2641 2718 ait
2696 2663 2787 2716 lib.
2825 2678 2857 2715 x
2906 2656 3153 2712 Thesauri
3202 2652 3500 2705 orthodoxa:

269 2749 394 2818 ﬁdei
427 2753 673 2808 adversus
704 2756 1104 2826 Menophysitas,
1133 2759 1349 2811 eosdem
1383 2766 1490 2812 tres
1518 2775 1706 2812 versus
1738 2758 1978 2818 laudare,
1999 2736 2142 2811 dicat
2162 2771 2282 2809 esse
2314 2755 2432 2808 illos
2461 2762 2650 2808 contra
2672 2750 3032 2817 Philoponum
3065 2741 3314 2810 scriptos,
3340 2736 3500 2806 plane

272 2837 492 2906 nescio;
523 2857 829 2912 quanquam
877 2845 1020 2898 enim
1057 2845 1281 2899 multum
1311 2845 1550 2898 studiose
1583 2845 1743 2914 hujus
1774 2845 2036 2899 Thesauri
2065 2845 2279 2898 codices
2317 2844 2370 2896 in
2402 2841 2657 2894 Romanis
2686 2835 3031 2893 bibliothecis
3051 2824 3498 2898 conquisiverim.

274 2927 462 2981 nullibi
495 2937 671 2983 tamen
700 2931 829 2985 mihi
856 2933 1075 3001 contigit
1103 2948 1194 2986 eos
1223 2932 1493 2995 invenire;
1537 2941 1592 2984 ut
1622 2911 1842 2985 oinnino
1891 2931 2189 2984 admirarer
2236 2931 2380 2982 unde
2446 2928 2548 2980 hoc
2581 2926 2784 2978 Nicetze
2827 2918 3196 2975 testimonium
3233 2911 3503 2966 Ιιίιυδίεδθί

271 3016 526 3071 Allatius.
569 3019 752 3088 Nuper
789 3030 967 3074 autem
998 3037 1125 3075 eum
1159 3020 1483 3074 Florentia‘m
1509 3021 1684 3074 fausto
1711 3018 2115 3073 clementissimi
2155 3016 2415 3087 principis
2458 3015 2698 3068 adventu
2741 3011 3152 3066 cohonestatam
3206 3000 3500 3057 venissem.

271 3101 518 3156 codicem
548 3104 888 3160 bibliothecaz
921 3106 1541 3160 Medico-Laurentinum
1581 3107 1917 3158 Thesaurum
1964 3106 2166 3160 Niceta:
2213 3104 2586 3158 continentem
2634 3099 2919 3169 diligenter
2961 3093 3158 3158 evolvi,
3212 3100 3266 3144 et
3306 3088 3504 3142 librum

272 3189 546 3246 decimum
573 3193 766 3247 iterato
793 3193 916 3264 legi.
955 3210 1054 3248 nec
1086 3194 1291 3262 uspiam
1330 3202 1510 3247 tamen
1547 3192 1831 3259 memorari
1883 3194 2118 3248 Pisidam
2151 3191 2507 3261 deprehendi.
2561 3189 2740 3254 Quare
2775 3181 3015 3253 suspicio
3066 3181 3196 3234 mihi
3234 3185 3350 3231 orta
3395 3181 3502 3236 est,

272 3278 330 3332 in
354 3295 422 3333 eo
452 3281 637 3336 codice
672 3282 852 3336 forsan
874 3283 1049 3352 aliqua
1085 3299 1205 3337 esse
1234 3284 1434 3336 omissa
1463 3297 1531 3336 ex
1560 3281 1625 3335 iis
1653 3297 1773 3350 qua:
1803 3282 1855 3333 in
1883 3281 2149 3335 Allatiano
2198 3260 2536 3350 legebantur.
2597 3276 2791 3328 Fatear
2838 3271 3004 3332 enim,
3063 3266 3220 3322 sicuti
3266 3260 3504 3318 utentio-

273 3385 402 3424 nem
446 3368 638 3422 Pisidae
666 3370 889 3440 ingessit
919 3351 1126 3434 Niceta,
1172 3371 1222 3424 id
1252 3371 1411 3440 plane
1450 3369 1627 3423 facere
1647 3368 1833 3422 debuit
1860 3384 1927 3423 eo
1955 3369 2009 3422 in
2035 3369 2172 3423 libro
2204 3383 2364 3438 quem
2395 3365 2621 3419 Allatius
2645 3362 2895 3432 designat
2927 3377 2939 3412 :
2973 3357 3045 3412 ibi
3083 3356 3230 3410 enim
3275 3351 3506 3406 multum

272 3458 524 3529 apposite
556 3457 828 3511 variorum
856 3467 1136 3512 auctorum
1162 3458 1230 3512 de
1270 3457 1706 3527 Monophysismo
1731 3461 2014 3511 sententia:
2053 3456 2387 3510 referuntur.

347 3523 402 3601 ξ).
449 3544 752 3616 Ἐγκώμιον
777 3547 856 3608 εἰς
887 3546 978 3598 τὸν
1006 3546 1259 3616 μάρτυρα
1293 3523 1673 3598 Ἀναᾷτᾶσιονο
1702 3543 1963 3597 Encomiu:

1893 3543 2010 3596 rium
2053 3544 2304 3610 martyris
2350 3539 2656 3601 Anastasii;
2687 3535 2762 3607 [p.
2799 3532 2941 3604 XXl]
2991 3529 3136 3601 quod
3183 3528 3312 3616 olim
3342 3523 3509 3578 fuisse

275 3649 381 3688 ms.
414 3634 470 3688 in
503 3633 826 3688 bibliotheca
858 3615 1391 3704 AntoniiiAugustini
1425 3641 1652 3686 testatur
1678 3633 1925 3685 Allatius.
1977 3628 2086 3682 Nos
2132 3629 2222 3682 diu
2270 3627 2556 3696 qnmsitum
2603 3625 2818 3677 tandem
2865 3618 3172 3673 invenimus
3223 3615 3281 3668 in
3335 3624 3511 3680 nuper

276 3721 496 3775 laudata
526 3720 851 3775 bibliotheca
881 3702 1502 3780 Medico-Laurentiana,
1533 3719 1668 3788 plut.
1692 3719 1744 3783 9,
1773 3734 1831 3771 n.
1873 3717 1932 3770 l5
1969 3731 1982 3766 :
2039 3715 2134 3768 sed
2167 3713 2385 3768 nonnisi
2425 3727 2620 3782 magno
2652 3709 2827 3780 pretio
2847 3706 3006 3761 nobis
3035 3703 3188 3758 licuit
3227 3702 3348 3770 ejus
3376 3713 3511 3767 apo-

274 3809 546 3880 grapbum
591 3807 857 3873 obtinere,
891 3815 948 3862 et
986 3807 1130 3876 quod
1177 3807 1367 3860 durius
1425 3814 1527 3870 est,
1563 3820 1700 3874 opus
1737 3803 1899 3856 etiam
1954 3805 2055 3860 fuit
2098 3804 2227 3858 illud
2259 3802 2584 3857 Florentiam
2622 3801 2818 3854 iterum
2853 3797 3068 3851 mittere
3113 3803 3318 3848 etcum
3349 3797 3509 3843 auto-

278 3873 490 3967 grapbo
519 3895 786 3960 conferre,
818 3873 1104 3966 propterea
1133 3893 1280 3964 quod
1308 3892 1657 3948 amanuensis
1687 3890 1860 3944 inutili
1893 3905 1957 3943 ac
1986 3888 2143 3957 plane
2190 3885 2415 3940 ridicula
2463 3884 2695 3954 quadam
2739 3880 3016 3950 diligentia
3058 3875 3261 3932 codicis
3311 3873 3511 3927 chara-

279 4000 461 4046 cteres
507 4006 679 4046 nexus
721 3991 1130 4060 litterarumque
1173 3990 1368 4044 ductus
1423 4003 1612 4042 oumes
1651 3995 1882 4041 conatus
1913 3967 2242 4052 exprimere:
2275 3995 2337 4033 ea
2381 3995 2450 4034 ne
2482 3977 2584 4048 legi
2633 3985 2860 4046 possent
2887 3973 3161 4027 eil‘ecerat.
3205 3967 3283 4021 Ex
3316 3981 3422 4035 qua
3454 3976 3514 4015 re

281 4075 482 4130 mirum
529 4084 661 4144 quot
708 4075 841 4128 mihi
896 4083 1025 4130 sunt
1068 4084 1204 4129 orta:
1252 4073 1514 4128 molestiae
1547 4090 1560 4126 :
1598 4086 1722 4125 nam
1749 4069 1988 4139 quinque
2040 4068 2237 4138 integri
2277 4067 2404 4121 anni
2433 4067 2691 4134 deinceps
2720 4062 2885 4132 elapsi
2909 4071 3056 4116 sunt.
3089 4067 3375 4125 antequam
3411 4052 3514 4105 hoc

279 4162 485 4232 grande
515 4162 792 4232 negotium
817 4161 1124 4215 absolutum
1172 4161 1490 4230 reciperem.
1537 4157 1787 4212 Encomii
1830 4157 1916 4212 vel
1957 4156 2216 4230 orationis
2254 4163 2532 4209 auctorem
2587 4167 2705 4207 esse
2754 4149 2986 4204 Pisidam
3035 4147 3241 4201 faciunt
3297 4150 3356 4194 ut
3391 4153 3515 4193 ere-

281 4250 478 4304 damus
508 4258 564 4304 et
591 4258 716 4302 nota
748 4248 1007 4318 temporis
1039 4255 1094 4301 et
1125 4225 1308 4302 rerum
1339 4247 1571 4300 afﬁnitas
1609 4255 1664 4301 et
1707 4246 1825 4318 styli
1854 4260 1977 4298 eum
2008 4225 2144 4315 ston
2174 4243 2355 4297 nativa
2407 4240 2768 4312 germanitas;
2809 4253 2930 4306 quae
2978 4234 3183 4293 omnia,
3237 4239 3297 4283 ut
3350 4225 3510 4280 nobis

282 4338 504 4408 quidem
529 4336 764 4401 videtur,
787 4337 917 4390 satis
947 4347 1132 4406 aperte
1157 4336 1619 4390 demonstrantur.
1649 4316 1918 4389 Caeterum
1947 4347 2113 4385 unum
2147 4332 2250 4384 hoc
2283 4338 2459 4382 exstat
2494 4326 2687 4380 Pisida:
2707 4323 3027 4394 opusculum
3061 4321 3236 4374 soluta
3267 4316 3514 4371 oratione

283 4427 551 4494 scriptum
589 4440 603 4476 :
642 4440 766 4478 nam
797 4425 901 4478 alia
933 4425 1150 4494 quidem
1179 4424 1280 4478 hoc
1308 4423 1468 4477 modo
1501 4437 1624 4476 eum
1655 4421 1935 4490 scripsisse
1965 4434 2064 4472 nec
2095 4417 2361 4471 allirntare
2405 4429 2697 4485 possumus
2737 4428 2837 4466 nec
2865 4425 3087 4480 negare.
3131 4407 3236 4460 Sed
3291 4405 3394 4457 hoc
3433 4401 3517 4470 ip-

285 4530 407 4568 sum
433 4529 465 4567 e
497 4513 737 4567 tenebris
765 4513 818 4566 in
854 4513 1028 4566 lucem
1055 4527 1201 4565 nunc
1227 4510 1441 4580 prodire
1468 4509 1650 4563 forsan
1683 4507 1998 4576 gaudebunt
2022 4502 2122 4556 viri
2153 4499 2372 4558 eruditi.
2413 4498 2554 4568 apud
2594 4511 2730 4565 quos
2765 4503 2974 4549 certum
3029 4501 3084 4546 et
3135 4491 3517 4542 inconcusstnn

281 4602 396 4671 jam
427 4600 534 4654 erit
563 4600 747 4654 Suidaz
772 4602 840 4655 de
869 4599 1046 4654 Pisida
1077 4574 1447 4652 testimonium
1473 4574 1703 4651 dicentis
1735 4594 1897 4663 scrips

1903 4595 2021 4647 ιίδεθ
2047 4602 2293 4646 nostrum
2351 4600 2550 4659 prseter
2601 4596 2795 4641 caetera
2829 4580 3198 4649 καταλογάδην
3245 4574 3519 4644 ἐγκώμιον

285 4657 364 4754 ἱείς
389 4687 481 4740 ’τὸν
513 4687 764 4759 μάρτυρα
806 4683 1181 4752 Ἀναστάσιον,’
1205 4701 1312 4741 non
1344 4682 1637 4746 antem'elg
1663 4683 1753 4735 τὸν
1775 4657 1901 4752 iter

1903 4697 1948 4732 tv
1987 4657 2518 4742 ’AOava'tatov°Vqtiod
2570 4673 2680 4741 jam
2723 4680 2918 4741 prmter
2970 4677 3197 4722 caeteros
3252 4672 3408 4716 antea
3443 4657 3519 4711 vi-

286 4749 444 4829 derat
486 4749 638 4828 dles.
689 4749 895 4828 l’olitus
940 4774 995 4826 itt
1037 4749 1415 4843 Martyrologio
1459 4771 1609 4824 Rom.
1644 4749 1835 4824 illustr.
1871 4783 1923 4837 p.
1948 4765 2073 4829 367,
2105 4764 2329 4818 dicens:
2371 4760 2565 4815 Suidas
2597 4761 2733 4812 inter
2758 4759 2968 4843 scripta~
2988 4753 3196 4821 Georgii
3222 4749 3416 4843 Pisida:
3446 4761 3520 4843 re-

289 4863 392 4930 fert
418 4859 695 4929 ἐγκώμιον
719 4860 799 4922 εἰς
828 4858 919 4912 τὸν
945 4834 1203 4929 μάρτυρτί
1237 4834 1618 4921 Ἀνξιστάσιονς
1670 4871 1776 4926 qua
1803 4834 1905 4908 de—l

1905 4853 2114 4907 lectione
2154 4866 2258 4903 non
2291 4857 2405 4902 erat
2441 4847 2577 4917 quod
2606 4846 2889 4915 inquireret
2923 4841 3196 4900 Kusterus,
3236 4835 3370 4906 quod
3388 4834 3521 4886 scio-

291 4920 373 5003 lus
404 4920 584 5001 nescio.
603 4948 718 5017 quis
739 4920 806 5000 ibi
838 4920 1038 5017 fecerat.
1058 4920 1141 5009 el;-
1161 4946 1254 4998 τὸν
1293 4946 1467 5016 μέγαν
1508 4920 1843 4998 Ἀϐὰνᾶσιον.
1898 4946 1907 4992 .‘

1907 4939 2118 5007 Scripsit
2185 4937 2347 4990 etiam
2395 4934 2645 5004 Georgius
2689 4933 2894 4994 Pisida,
2944 4932 3039 4997 εἰς,
3065 4924 3382 4995 Ἡράκλειον
3434 4920 3523 4973 τὸν

293 5034 520 5106 βασιλέα
552 5009 649 5086 καί).
675 5036 754 5096 εἰς
779 5009 870 5086 τὸλν
904 5032 1048 5086 κατὰ
1075 5009 1306 5103 Περσῶν,
1331 5009 1584 5102 πξλεμον.
1631 5031 1772 5086 Unde
1799 5046 1909 5098 mag

1909 5029 1969 5094 iis
2005 5026 2064 5094 ﬁt
2095 5024 2380 5078 verisimile
2414 5021 2682 5091 scripsisse
2711 5019 2868 5072 etiam
2900 5015 3138 5070 Pisidam
3162 5011 3451 5066 encomium
3472 5009 3525 5062 in

291 5128 350 5184 S.
387 5128 730 5180 Anastasium
758 5135 1044 5195 martyrem
1075 5125 1417 5193 [artissimum
1443 5134 1599 5191 atque
1629 5122 2114 5176 celebratissimum.
2530 5157 2535 5162 .

364 5215 455 5268 10.
508 5187 937 5283 Ἐπιγράμματᾶ
967 5187 1528 5280 καὶτάποτπασμάτιᾷ
1556 5253 1572 5278 ,
1626 5209 1980 5278 Epigramma:

1908 5217 2029 5260 nata
2062 5216 2109 5259 et
2149 5206 2465 5275 fragmenta.
2516 5214 2636 5268 quae
2667 5204 2836 5248 multo
2867 5193 3048 5248 studio
3078 5200 3133 5245 et
3161 5187 3432 5261 diligentia
3462 5200 3524 5238 es

296 5305 449 5360 libris
469 5320 599 5360 cum
630 5304 792 5358 editis
817 5313 930 5358 tum
964 5305 1186 5358 ineditis
1213 5303 1526 5374 collegimus
1549 5344 1563 5368 ,
1617 5311 1678 5356 ut
1707 5301 1890 5356 videre
1923 5307 2007 5353 est
2043 5297 2099 5351 in
2133 5295 2240 5350 ﬁne
2271 5311 2284 5347 :
2316 5291 2452 5347 nihil
2501 5289 2646 5344 enim
2682 5286 2773 5340 hic
2817 5285 2966 5356 juvat
3005 5294 3248 5354 repetere
3301 5296 3363 5334 ea
3411 5290 3526 5347 quae

294 5395 422 5450 alibi
462 5394 636 5448 fusius
665 5395 909 5462 exposita
940 5410 1004 5448 ac
1041 5405 1367 5465 pertractata
1401 5403 1548 5448 sunt.

367 5492 496 5548 Haec
522 5491 702 5559 itaque
731 5497 859 5544 sunt
883 5464 1103 5546 indubia
1127 5490 1304 5562 Opera
1331 5490 1524 5545 Pisidae
1545 5533 1559 5554 ,
1589 5502 1708 5557 qua:
1742 5500 1914 5555 usque
1939 5482 2006 5538 ad
2036 5482 2185 5536 hunc
2211 5478 2354 5534 diem
2384 5474 2543 5530 nobis
2573 5472 2764 5544 obtigit
2790 5469 3030 5542 reperire
3064 5484 3127 5524 ac
3155 5475 3369 5538 reperta
3407 5464 3527 5518 vul-

299 5602 448 5658 gare.
481 5584 590 5642 Sed
619 5601 683 5640 ex
717 5585 785 5638 iis
809 5583 912 5637 alia
941 5585 1116 5655 ipsum
1144 5586 1425 5657 scripsisse
1455 5583 1778 5650 conjicimus
1813 5600 1827 5635 :
1865 5595 1986 5635 cum
2014 5577 2160 5632 enim
2188 5574 2330 5628 inter
2360 5572 2658 5641 fragmenta
2685 5579 2975 5623 occurrant
3009 5567 3189 5637 plures
3218 5561 3374 5617 iambi
3393 5601 3406 5624 ,
3436 5559 3526 5630 qui

299 5687 359 5740 in
389 5679 676 5738 recensitis
697 5653 974 5749 Opusculis
1001 5697 1111 5736 non
1139 5653 1509 5743 inveniuntur,
1535 5679 1604 5733 ad
1626 5677 1860 5744 aliquem
1899 5672 2240 5742 deperditum
2271 5665 2510 5722 libellum
2543 5679 2638 5718 eos
2672 5663 2944 5732 pertinere
2973 5659 3317 5714 manifestum
3344 5666 3446 5709 est.
3474 5653 3527 5708 Id

304 5796 489 5840 autem
516 5784 635 5855 ipse
658 5747 836 5840 Pisida
863 5798 961 5840 suo
1002 5778 1312 5836 testimonio
1339 5777 1552 5833 videtur
1573 5773 1893 5830 confirmare
1923 5787 1937 5825 :
1969 5767 2044 5823 ait
2069 5764 2216 5820 enim
2242 5803 2256 5829 ,
2292 5762 2501 5818 acroa's.
2537 5758 2588 5824 5,
2629 5758 2752 5823 581,
2777 5756 2853 5810 De
2877 5753 3058 5823 eapcd.
3095 5769 3112 5806 :
3143 5752 3329 5820 Ὅμως
3358 5747 3411 5802 si
3439 5763 3527 5815 μι·
