4092 6296
584 339 734 413 1179·
1787 357 1934 420 JOS.
1962 357 2224 420 MARI/E
2261 361 2576 433 QUERCII
3675 353 3811 416 1180

578 457 698 528 κρῷ
734 456 826 510 καὶ
857 454 1217 529 βραχυδρὸμῳ
1245 457 1441 527 σκάφει
1468 459 1566 530 τὴν
1596 460 1693 532 σὴν
1723 445 1990 542 θάλατταν
2015 467 2254 537 ὲκπερᾷν
2282 467 2584 538 εἰθισμένος
2619 469 2866 539 ἥμαρτον
2903 466 3056 522 οὐδὲν
3105 465 3178 536 μὴ
3219 464 3548 527 διαπλεύσας
3573 465 3726 534 ὅλην.
3757 466 3810 518 Si

577 555 761 602 autem
793 559 1042 603 assuetus~
1079 560 1195 604 erat
1227 552 1281 606 in
1311 552 1616 610 Heraclium
1647 574 1938 614 excurrere
1967 561 2149 632 μικρῷ
2179 564 2396 630 σκάφει,
2427 563 2530 617 hoc
2557 573 2642 619 est
2669 563 2847 634 parvis
2876 562 3164 634 poematiis
3190 560 3258 616 de
3287 577 3353 615 eo
3382 561 3621 616 scribere
3641 602 3656 624 ,
3693 576 3817 628 pro-

576 639 723 694 tecto
749 641 853 695 alia
880 642 990 710 jam
1032 645 1293 709 ediderat,
1323 656 1611 718 antequam
1659 652 1820 708 hasce
1855 670 2104 712 acroases
2132 659 2408 728 vulgaret;
2442 659 2536 714 sed
2583 660 2790 714 nullutn
2832 660 2950 728 ejus
2988 665 3167 712 exstat
3189 670 3348 722 opus,
3383 654 3528 725 quod
3567 668 3818 708 acroases

579 725 728 796 ipsas
759 731 1099 796 praecesserit
1127 748 1142 786 :
1181 732 1342 806 igitur
1373 735 1415 789 si
1455 738 1584 806 quid
1615 741 1852 810 scripsit,
1888 725 2358 814 deperditum'est.
2394 747 2534 814 Quin
2571 747 2734 803 etiam
2763 749 2820 802 in
2849 725 3114 808 dbaricis,
3155 760 3208 798 v.
3243 744 3369 806 307,
3401 743 3548 813 pacis
3575 753 3820 811 tempore

578 832 641 872 se
669 818 824 887 plura
853 821 1122 876 dicturum
1148 825 1434 892 pollicetur
1462 827 1530 882 de
1568 830 1734 900 gestis
1766 817 2036 901 Heracliti;
2067 837 2160 891 sed
2195 835 2288 908 [p.
2323 837 2498 910 XXII]
2527 855 2648 908 quae
2679 849 2799 909 post
2829 854 3017 908 pacem
3047 854 3170 894 cum
3199 839 3376 894 Persis
3410 839 3673 894 sancitam
3702 837 3822 892 edi—

581 909 680 973 dit,
710 921 840 965 sunt
866 925 1114 982 poemata
1146 917 1197 968 in
1231 917 1588 978 Hexaemeron
1617 935 1672 981 et
1703 928 1757 981 in
1793 929 2035 984 Severum
2063 973 2077 996 ,
2110 933 2164 986 in
2194 935 2389 1003 quibus
2437 951 2607 1005 pauca
2657 935 2948 990 admodum
2995 935 3209 1007 attingit
3235 937 3303 991 de
3327 935 3596 990 Heraclio.
3631 930 3824 1001 Neque

585 1022 736 1062 suam
766 1009 924 1064 tidem
948 1013 1172 1069 omnino
1197 1015 1454 1074 liberasse
1486 1021 1716 1077 Pisidam
1743 1025 1942 1081 dixeris
1977 1028 2031 1082 in
2058 1030 2368 1085 Heracliade
2401 1047 2420 1086 :
2449 1032 2698 1102 quamvis
2736 1032 2880 1087 enim
2910 1046 2976 1086 eo
3006 1030 3058 1084 in
3092 1037 3339 1098 poemate
3369 1025 3551 1081 omnia
3579 1025 3826 1094 impera-

583 1103 722 1159 toris
747 1115 894 1175 gesta
925 1109 1210 1179 complecti
1245 1113 1480 1171 voluisse
1504 1117 1773 1182 videatut,
1811 1138 1972 1191 quam
2006 1124 2199 1180 leviter
2234 1134 2411 1182 tamen
2440 1102 2501 1182 Ea
2532 1128 2874 1198 pertractarit
2903 1128 3018 1198 ipse
3047 1125 3219 1180 sensit
3246 1163 3262 1188 ,
3292 1138 3356 1178 ac
3385 1123 3560 1176 fassus
3597 1130 3704 1183 est,
3735 1118 3827 1173 di-

587 1210 719 1250 cens
747 1196 800 1250 in
837 1197 944 1252 tine
972 1215 1180 1265 acroas,
1214 1202 1267 1268 1,
1298 1205 1425 1267 258,
1461 1223 1642 1262 rerum
1677 1211 1831 1281 copia
1868 1215 2049 1282 urgeri
2077 1230 2142 1268 ac
2169 1216 2378 1286 premi,
2409 1226 2465 1271 et
2493 1196 2664 1287 pauca
2695 1227 2902 1272 tantum
2922 1196 2959 1272 e
2993 1216 3180 1272 multis
3209 1215 3467 1275 delibare,
3496 1214 3670 1266 donec
3704 1213 3827 1281 ipse

584 1285 882 1354 imperator
907 1290 960 1343 in
997 1291 1185 1346 urbem
1218 1309 1469 1350 reversus
1497 1297 1804 1356 liberiorem
1836 1303 1882 1356 ei
1915 1305 2153 1374 prtebeat
2175 1285 2391 1363 dicendi
2419 1285 2753 1364 facultatem.
2788 1308 2858 1364 Ut
2888 1310 3052 1380 igitur
3079 1317 3263 1361 nostra
3294 1305 3398 1360 fert
3425 1304 3609 1374 opinio
3629 1344 3646 1367 ,
3679 1318 3825 1372 pra:-

585 1384 668 1428 ter
695 1391 758 1431 ea
785 1394 906 1448 quae
935 1396 1081 1436 nunc
1110 1385 1382 1452 prodeunt
1411 1386 1462 1440 in
1497 1388 1672 1444 lucem
1701 1389 1876 1460 Opera
1909 1392 2124 1455 Pisidae.
2165 1395 2329 1450 alium
2360 1397 2652 1466 quemdam
2685 1396 2931 1452 libellum
2985 1398 3218 1454 iambico
3261 1406 3436 1453 metro
3463 1396 3653 1466 ὥσπερ
3685 1396 3827 1447 εἰθι-

585 1484 682 1522 στο
726 1474 987 1539 exaravit,
1037 1474 1090 1528 in
1139 1492 1246 1545 quo
1276 1493 1363 1532 res
1397 1479 1464 1532 ab
1496 1479 1742 1536 Heraclio
1773 1482 1825 1535 in
1857 1480 2077 1537 Oriente
2102 1492 2264 1554 gestae
2286 1485 2514 1540 fortasse
2534 1487 2839 1541 accuratius
2860 1486 3306 1557 expendebantur
3334 1503 3348 1539 :
3380 1500 3540 1554 quam
3578 1491 3824 1538 nostram

586 1561 912 1616 sententiam
945 1563 1109 1618 etiam
1157 1565 1438 1622 Michaelis
1466 1567 1621 1623 Pselli
1655 1570 1949 1628 auctoritas
2001 1571 2216 1628 videtur
2248 1573 2587 1641 continuare,
2625 1584 2686 1630 ut
2727 1574 2939 1630 dicetur
2965 1575 3136 1644 infra,
3167 1593 3293 1632 eum
3342 1577 3410 1631 de
3457 1575 3594 1645 ston
3625 1572 3823 1627 Pisidae

586 1663 827 1719 agemus.

660 1758 816 1816 Nune
843 1772 1047 1832 autem,
1082 1781 1151 1820 an
1181 1767 1282 1822 alia
1315 1769 1475 1824 etiam
1510 1773 1827 1843 scripserit,
1861 1775 2150 1830 videndum
2177 1785 2294 1841 est;
2325 1792 2448 1831 nam
2475 1774 2803 1834 Possevtnus
2836 1778 3052 1848 quidem
3083 1779 3139 1832 in
3164 1779 3407 1850 catalogo
3435 1792 3567 1831 mss.
3601 1774 3818 1830 Graeco-

587 1863 709 1904 rum
741 1853 807 1906 ad
838 1855 1040 1909 calcem
1068 1865 1200 1912 tom.
1235 1858 1300 1912 lll
1332 1866 1414 1916 sui
1449 1863 1742 1933 Apparatus
1774 1867 1850 1921 ait
1877 1867 1931 1920 in
1966 1867 2292 1922 bibliotheca
2321 1867 2663 1922 Vallicellana
2697 1871 2960 1924 asservari
2991 1870 3261 1934 codicem,
3296 1870 3349 1924 in
3379 1884 3487 1939 quo
3522 1867 3708 1920 Pisida:
3738 1864 3821 1919 De

587 1942 743 2008 gestis
783 1943 1159 2014 imperatorum
1185 1948 1581 2014 Cpolitanorum
1614 1957 1836 2011 historia
1871 1959 2198 2014 continetur.
2231 1959 2468 2016 Joannes
2495 1972 2674 2016 autem
2701 1962 2962 2033 Georgius
2992 1961 3304 2017 Herwartus
3332 1961 3399 2015 ab
3429 1959 3726 2027 Hoemberg
3757 1956 3816 2010 in

587 2032 703 2086 suis
729 2033 802 2087 De
832 2053 888 2090 re
917 2039 1274 2110 cltronologtca
1300 2045 1597 2114 capitibus.
1629 2047 1881 2102 Usserius
1904 2049 2102 2119 aliique
2129 2065 2239 2105 non
2265 2052 2583 2107 dubitarunt
2610 2052 3384 2130 Georgionostro‘attribuere
3409 2051 3821 2105 celeberrimum

587 2124 719 2182 illud
750 2130 1067 2194 chronicon.
1099 2139 1241 2206 quod
1272 2140 1504 2209 primum
1536 2143 1817 2198 Fastorum
1848 2145 2152 2200 Siculorum
2178 2162 2242 2202 ac
2266 2147 2460 2202 deinde
2495 2147 2749 2223 Chrpnici
2783 2147 3130 2204 Alexandrini
3175 2159 3230 2202 et
3271 2145 3541 2200 Paschalis
3569 2145 3827 2199 lemmate

586 2215 860 2285 vulgatum
895 2231 994 2278 est.
1034 2223 1141 2279 Sed
1185 2228 1328 2296 quod
1374 2230 1439 2284 ad
1476 2230 1855 2287 bibliothecam
1891 2233 2290 2290 Vallicellanatn
2321 2246 2564 2307 spectat,
2590 2215 2751 2308 quam
2780 2239 2998 2294 Patrum
3029 2238 3258 2294 Oratorii
3294 2237 3626 2292 humanitate
3680 2251 3829 2303 sa-pe

585 2305 739 2361 adire
772 2315 827 2363 et
857 2318 1024 2366 totam
1059 2319 1384 2384 perlustrare
1427 2319 1558 2373 mihi
1592 2321 1778 2386 licuit,
1811 2323 1970 2392 plane
1999 2325 2268 2380 assentior
2297 2305 2461 2380 Leoni
2488 2305 2683 2381 Allatio
2705 2370 2718 2393 ,
2746 2329 2837 2398 qui
2869 2328 3140 2383 Possevini
3178 2327 3555 2381 auctoritatem
3585 2325 3658 2377 ita
3691 2339 3831 2377 con-

585 2396 765 2453 vellit:
800 2399 942 2456 Licet
979 2407 1134 2459 ana'ie
1165 2407 1353 2461 librum
1388 2411 1730 2479 qtttesivcrim,
1761 2429 1996 2484 sa'pegtte
2025 2416 2243 2468 indicem
2272 2425 2319 2469 et
2347 2417 2670 2485 potissimam
2701 2417 2948 2470 librorum
2972 2428 3171 2486 partem
3201 2418 3552 2487 pervolverim.
3587 2418 3656 2468 ad
3689 2416 3834 2467 hunc

589 2500 761 2545 tamen
792 2495 928 2548 diem
958 2514 1212 2568 nusquam
1241 2502 1344 2554 tate
1373 2519 1500 2569 opus
1523 2507 1744 2559 occurrit
1785 2507 1828 2562 0
1852 2509 2075 2574 utinam,
2102 2511 2238 2580 quod
2264 2527 2365 2564 non
2393 2512 2562 2573 credo,
2591 2513 2758 2565 esset!
2781 2510 3026 2565 Errorem
3048 2512 3166 2580 inde
3192 2522 3371 2564 natum
3389 2510 3623 2563 existimo
3651 2524 3670 2560 :
3699 2523 3830 2559 nam

585 2581 678 2650 qui
705 2583 956 2639 librorum
985 2589 1282 2644 Grecorum
1312 2592 1532 2646 indicent
1566 2598 1799 2665 confecit,
1841 2615 1956 2652 cum
1991 2600 2047 2652 in
2074 2601 2186 2654 cod.
2221 2601 2278 2656 Β.
2303 2601 2423 2666 112,
2452 2603 2667 2673 antiquo
2700 2603 2828 2656 satis
2856 2611 2903 2656 et
2933 2604 3142 2672 optima:
3171 2614 3326 2666 notat,
3355 2602 3442 2656 sed
3468 2615 3642 2671 parva:
3669 2600 3830 2652 molis

590 2671 740 2739 libro,
779 2675 1048 2730 historiam
1081 2680 1144 2733 de
1172 2681 1568 2750 imperatoribus
1600 2684 1892 2755 Cpolitanis
1927 2689 1980 2741 in
2014 2690 2270 2757 principio
2293 2692 2559 2759 repet-isset
2579 2732 2594 2755 ,
2629 2708 2746 2744 eam
2779 2700 2954 2743 tamen
2996 2690 3266 2759 ἀκέφαλον
3297 2689 3644 2758 plurimarum
3674 2687 3835 2756 pagi-

589 2775 779 2813 narum
809 2765 1105 2837 amissione,
1137 2785 1292 2834 quant
1320 2781 1496 2838 postea
1527 2789 1653 2842 opus
1687 2776 1741 2828 in
1776 2775 2132 2831 Hexaemeron
2164 2778 2366 2849 Georgii
2409 2780 2603 2835 Pisida:
2627 2780 2932 2849 excipiebat,
2969 2797 3080 2844 nec,
3109 2793 3162 2835 ut
3193 2799 3293 2852 par
3321 2791 3454 2842 erat.
3483 2782 3830 2833 animaduer-

589 2854 731 2908 tisset
758 2857 1030 2912 historiam
1067 2863 1295 2930 primam
1321 2870 1383 2920 de
1411 2870 1812 2937 imperatoribus
1840 2873 2166 2929 Constantini
2193 2881 2457 2932 Manasste
2483 2881 2747 2948 synopsim
2779 2897 2890 2933 esse
2909 2921 2924 2944 ,
2955 2896 3070 2932 eam
3101 2877 3320 2947 Georgio
3349 2878 3564 2940 Pisidae,
3600 2893 3830 2946 sequen-

590 2951 656 3004 tis
684 2956 852 3020 operis
881 2961 1099 3023 auctori,
1128 2962 1218 3014 sed
1242 2966 1520 3020 oscitanter
1553 2969 1726 3031 nimis,
1763 2969 1975 3024 donavit
2007 2980 2054 3025 et
2083 2973 2270 3026 harum
2301 2990 2472 3026 rerum
2509 2975 2684 3027 anxiis
2715 2975 2890 3044 fucum
2921 2975 3057 3045 fecit.
3101 2971 3254 3037 Quod
3286 2979 3465 3025 autem
3509 2968 3828 3022 llerwartus

510 3105 516 3116 ν
589 3057 655 3096 ex
686 3043 850 3100 Suida
883 3050 1108 3117 probare
1134 3054 1447 3120 contendit,
1499 3055 1752 3112 Chron-ici
1786 3061 2055 3128 paschalis
2088 3061 2406 3131 scriptorem
2435 3061 2602 3117 fuisse
2631 3043 2886 3121 Pisidam.
2917 3043 3042 3131 qui,
3075 3068 3134 3114 ut
3163 3060 3276 3128 ipse
3303 3060 3416 3121 ait,
3443 3074 3560 3113 aevo
3590 3055 3822 3111 lleraclii

589 3130 816 3189 florebat
846 3138 1070 3208 ejusque
1105 3157 1190 3196 res
1218 3153 1397 3214 gestas
1424 3184 1438 3207 ,
1483 3154 1538 3199 et
1568 3145 1779 3200 Persica
1813 3148 1948 3202 bella
1977 3130 2219 3204 oratione
2251 3149 2418 3204 libera
2450 3151 2794 3220 composuit,
2844 3130 3005 3220 quam
3039 3150 3109 3204 sit
3145 3149 3436 3204 ridiculum
3484 3147 3571 3218 [p.
3605 3144 3823 3216 XXIII],

589 3236 812 3294 apparet
839 3246 902 3282 ex
942 3231 1009 3284 iis
1038 3248 1158 3294 qua:
1186 3235 1254 3288 de
1289 3239 1598 3293 testimonio
1632 3239 1812 3296 Suida:
1843 3243 2092 3312 superius
2117 3243 2257 3298 dicta
2287 3253 2434 3297 sunt.
2465 3244 2602 3297 Nam
2633 3242 2945 3298 llerwartus
2971 3259 3032 3297 ea
3070 3243 3188 3314 ipsa
3221 3241 3401 3296 Suida:
3427 3241 3621 3305 verba,
3662 3238 3824 3302 Ἐξα-

589 3315 795 3390 ήμερον
837 3319 904 3374 δι’
939 3323 1147 3393 ἰάμϐων
1202 3329 1279 3389 εἰς
1331 3329 1433 3402 ἔπη
1479 3333 1773 3402 ’.τρισχίλια⁹
1808 3335 1887 3395 εἰς
1928 3333 2246 3404 Ἡράκλειον
2278 3333 2368 3388 τὸν
2401 3333 2642 3400 βασιλέα,
2675 3334 2766 3388 καὶ
2798 3335 2878 3397 εἰς
2904 3332 2996 3386 τὸν
3029 3335 3169 3388 κατὰ
3199 3329 3420 3401 Περσῶν
3471 3329 3726 3398 πόλεμον,
3752 3326 3824 3382 ad

591 3410 696 3466 hoc
729 3414 1038 3472 Chronicon
1079 3421 1488 3491 signiﬁcandum
1537 3425 1683 3479 inani
1739 3434 1934 3480 conatu
1981 3427 2285 3496 detorquet,
2321 3429 2479 3497 quasi
2526 3429 2702 3484 Pisida
2744 3444 2852 3483 uno
2887 3437 3093 3482 tantum
3125 3441 3290 3498 opere
3335 3434 3541 3494 caeptos
3588 3425 3654 3478 ab
3691 3423 3824 3479 orbe

588 3509 810 3564 condito
838 3527 1010 3580 usque
1039 3515 1105 3568 ad
1141 3517 1445 3571 Heracliam
1478 3527 1532 3572 et
1558 3519 1828 3572 Persicum
1869 3520 2066 3574 bellmn
2099 3520 2327 3576 Heraclii
2355 3522 2581 3577 Annales
2612 3532 2930 3593 prosecutus
2957 3521 3041 3577 sit.
3077 3523 3150 3576 lta
3182 3521 3329 3574 enim
3355 3519 3417 3571 τὸ
3448 3520 3526 3580 εἰς
3555 3517 3825 3586 interpre-

591 3607 758 3661 tatur,
793 3611 850 3656 ut
880 3603 1052 3658 valeat
1084 3621 1191 3658 non
1226 3608 1290 3661 de
1333 3608 1574 3662 Heraclio
1599 3610 1692 3663 sed
1727 3626 1895 3679 usque
1925 3612 1994 3663 ad
2027 3610 2354 3678 Heracliam,
2387 3613 2830 3683 interpunctione
2865 3621 2992 3667 ante
3037 3613 3115 3672 εἰς
3159 3609 3382 3665 omnino
3429 3607 3660 3660 sublata.
3716 3604 3828 3660 Hoc

591 3702 998 3749 autem'vanum
1033 3713 1154 3752 esse
1187 3699 1445 3755 llerwarti
1485 3713 1850 3758 commentum
1881 3706 2274 3762 demonstravit
2312 3707 2598 3764 Matthaaus
2614 3709 2874 3780 ﬁaderus
2905 3708 2959 3762 in
2996 3705 3154 3761 Prazf.
3199 3705 3264 3758 ad
3314 3704 3417 3758 hoc
3449 3703 3625 3772 ipsum
3651 3699 3826 3754 Chro-

594 3784 777 3844 nicon,
807 3787 948 3854 quod
981 3783 1401 3846 Alexandrinum
1434 3793 1706 3866 inscripsit
1732 3807 1892 3866 atque
1923 3800 2108 3864 edidit,
2140 3818 2207 3856 ex
2236 3802 2351 3871 ipso
2380 3803 2544 3859 Suida
2573 3805 2703 3858 satis
2734 3811 2920 3873 aperte
2948 3803 3204 3857 evincens
3231 3798 3600 3854 Hexaemeron
3640 3797 3831 3850 Pisida:

592 3890 712 3929 esse
741 3891 877 3946 opus
911 3893 938 3931 a
973 3881 1184 3935 caeteris
1215 3882 1549 3941 distinctum.
1581 3885 1686 3942 Sed
1718 3898 1774 3942 et
1805 3887 2049 3953 Raderus
2081 3892 2196 3961 ipse
2222 3893 2289 3947 de
2320 3893 2515 3948 Pisidae
2541 3895 2757 3963 scriptis
2790 3894 3015 3963 loquens
3045 3892 3368 3946 allucinatus
3397 3897 3480 3943 est
3521 3909 3535 3943 :
3564 3904 3690 3942 nam
3721 3888 3830 3957 pri-

593 3985 743 4024 mum
766 3987 831 4025 ex
860 3988 1102 4030 manusc.
1132 3977 1250 4032 cod.
1285 3978 1347 4030 A.
1377 3977 1717 4032 bibliothecae
1743 3980 2098 4051 Augustam»,
2135 3983 2188 4036 in

2219 4000 2327 4052 quo
2364 3985 2561 4057 legitur
2589 3986 2862 4056 Γεωργίου
2893 3984 3138 4038 διακόνου
3166 3984 3265 4053 τῆς
3292 3984 3452 4066 ἁγίας
3500 3981 3829 4050 Ἐκκλησξας

592 4067 685 4120 τοῦ
732 4067 978 4134 Πισὶδους
1014 4071 1297 4143 προοίμιον
1343 4072 1439 4143 τῆς
1483 4072 1822 4144 Ἐξαημὲρου
1863 4075 1928 4127 δι’
1963 4076 2172 4145 ἰάμϐων

2217 4078 2446 4148 στίχων,
2481 4087 2626 4134 recte
2659 4079 2882 4133 omnino
2924 4077 3127 4150 colligit
3168 4081 3273 4135 hoc
3310 4095 3449 4149 opus
3497 4093 3622 4134 esse
3655 4079 3830 4147 ἐμμε-

593 4174 718 4231 τρον
748 4169 801 4214 et
827 4177 984 4216 versu
1017 4165 1403 4234 conscriptum,
1431 4164 1523 4218 sed
1560 4181 1842 4235 perperam
1870 4166 2066 4221 deinde
2094 4170 2280 4222 Statuit
2308 4170 2452 4224 mille
2477 4170 2816 4240 octingentos
2841 4170 3110 4240 octoginta
3132 4171 3376 4240 ejusdem
3407 4170 3590 4239 operis
3616 4184 3827 4230 versus,

591 4264 730 4318 quos
760 4251 1014 4306 habuisse
1065 4270 1174 4324 prae
1221 4257 1470 4309 manibus
1504 4256 1677 4310 editos
1705 4257 1951 4320 atlirmat,
1980 4258 2122 4312 aliud
2159 4275 2268 4313 non
2303 4276 2423 4315 esse
2461 4277 2620 4331 quam
2651 4262 2919 4330 quoddam
2951 4262 3116 4316 totius
3143 4261 3445 4332 argumenti
3480 4260 3828 4329 procemiutn,

593 4344 738 4410 quod
782 4345 942 4399 etiam
972 4344 1191 4401 Vossius
1220 4348 1294 4402 De
1320 4351 1438 4404 hist.
1473 4350 1639 4406 Grtcc.
1676 4363 1804 4406 tom.
1839 4352 1925 4416 IV,
1960 4370 2080 4423 pag.
2115 4356 2250 4422 145,
2303 4355 2495 4412 Raderi
2550 4357 2871 4412 auctoritate
2920 4367 3116 4422 motus,
3153 4357 3530 4426 imprudenter
3574 4355 3828 4409 asseruit.

594 4434 793 4507 Ecquis
831 4436 977 4492 enim
1009 4453 1117 4492 non
1158 4440 1406 4512 intelligit
1436 4443 1489 4496 in
1520 4445 1706 4498 codice
1736 4447 2048 4516 Augustano
2076 4463 2204 4501 voce

2215 4463 2262 4500 m
2287 4449 2741 4529 προοίμιον-ἰάθη]
2769 4450 2927 4518 plane
2954 4464 3147 4502 sonare
3179 4465 3242 4502 ac
3268 4447 3409 4519 ἀρχὴ
3433 4445 3528 4499 τοῦ
3556 4443 3831 4514 Ἐξαημέ-

599 4550 716 4604 pou,
746 4535 849 4590 hoc
884 4544 968 4590 est
996 4537 1203 4589 initium
1236 4537 1565 4603 Hexaemcri,
1600 4542 1681 4594 vel
1711 4542 1893 4610 incipit
1925 4543 2276 4598 Hexaemeron
2301 4548 2325 4601 ?
2357 4545 2480 4615 quis
2506 4556 2686 4600 autem
2713 4545 2896 4600 credat
2925 4545 3080 4616 operi
3113 4543 3274 4596 trium
3299 4540 3524 4593 millium
3547 4552 3830 4599 versuum,

593 4631 658 4677 ut
689 4625 862 4694 placet
893 4625 1094 4692 Suidae,
1126 4627 1267 4683 mille
1289 4631 1721 4700 octingentorum
1749 4640 1805 4686 et
1823 4634 2093 4704 octoginta
2115 4650 2233 4689 esse
2255 4635 2470 4690 aftixum
2501 4637 2864 4707 prooemium?
2887 4635 2993 4692 Sed
3013 4647 3067 4691 et
3093 4633 3288 4706 legenti
3333 4639 3481 4702 patet
3514 4629 3833 4684 Hexaemeri

596 4723 919 4791 prooemium
956 4731 1208 4780 constare
1238 4735 1447 4781 tantum
1475 4729 1860 4799 quinquaginta
1891 4731 2164 4798 prioribus
2194 4733 2406 4802 iambis,
2428 4747 2543 4806 post
2570 4751 2707 4806 quos
2734 4736 2916 4791 statim
2940 4733 3128 4802 incipit
3159 4747 3346 4801 poema
3376 4745 3442 4784 eo
3473 4745 3657 4792 versu,
3681 4727 3834 4798 πηγὴ

590 4817 702 4889 ,μὲν
735 4814 827 4872 οὖν
860 4821 1067 4890 πέφυκε
1096 4822 1188 4877 τοῦ
1216 4822 1374 4890 λόγου
1403 4823 1521 4894 μία.
1556 4823 1865 4879 Secundum
1899 4827 2096 4882 erravit
2131 4829 2206 4882 Ra

2217 4829 2393 4894 dorus,
2425 4831 2568 4899 quod
2595 4829 2829 4885 Pisidam
2859 4827 3138 4897 scripsisse
3171 4826 3461 4880 Historiam
3493 4834 3558 4878 de
3587 4823 3833 4878 Heraclio

597 4910 973 4982 καταλογάδην
1002 4914 1166 4977 dicat,
1199 4915 1423 4985 ejusque
1451 4915 1527 4969 rei
1560 4926 1750 4971 testem
1787 4917 2010 4972 Suidam
2051 4920 2341 4981 exhibeat,
2369 4921 2512 4990 quod
2550 4936 2670 4976 esse
2697 4921 2889 4976 falsum
2915 4919 3041 4974 alibi
3079 4919 3510 4974 demonstratum
3546 4925 3624 4967 est
3695 4915 3830 4964 Vam

595 5015 719 5070 qua:
744 5001 936 5057 Suidas
965 5005 1041 5060 ait
1065 5005 1342 5074 scripsisse
1369 5005 1600 5062 Pisidam
1629 5007 1697 5061 de
1727 5007 1995 5074 Heraclio,
2033 5007 2228 5064 iambis
2253 5010 2524 5066 contineri
2562 5011 2817 5077 vidimus,
2850 5025 2953 5065 nec
2985 5009 3147 5063 ullam
3192 5007 3350 5061 aliatn
3381 5005 3660 5060 historiam
3695 5004 3833 5055 te\i-

600 5092 902 5162 cographus
929 5104 1228 5162 memorat,
1269 5096 1334 5150 ad
1365 5113 1525 5166 quam
1551 5097 1858 5152 Chronicon
1895 5099 2147 5168 paschale
2178 5099 2366 5154 referri
2401 5110 2602 5170 posset.
2634 5101 2820 5169 Itaque
2861 5115 2981 5154 cum
3016 5097 3328 5153 Herwartus
3359 5105 3472 5150 tum
3504 5094 3750 5147 Raderus
3779 5094 3835 5148 in

599 5184 784 5242 Suida
819 5197 964 5242 textu
998 5191 1337 5258 explanando
1377 5191 1494 5245 falsi
1523 5201 1650 5246 sunt
1685 5213 1699 5248 :
1732 5194 1824 5248 sed
1861 5193 2073 5263 turpius
2114 5193 2446 5260 l-lerwartus,
2485 5195 2577 5264 qui
2608 5210 2672 5249 ex
2699 5211 2764 5249 eo
2797 5194 3057 5264 gloriatur
3089 5193 3142 5246 iu
3175 5193 3289 5248 suis
3320 5189 3595 5259 Capitibus
3638 5187 3832 5242 Chron.

599 5283 874 5340 detexisse
903 5286 1146 5356 ejusdem
1173 5289 1426 5343 Chronici
1459 5290 1727 5358 paschalis
1755 5300 2031 5344 auctorem
2058 5306 2178 5346 esse
2210 5290 2463 5354 Pisidam,
2497 5309 2599 5348 nec
2632 5293 2805 5347 sensit
2829 5305 2990 5361 quam
3032 5289 3104 5344 sit
3132 5290 3376 5358 ineptum
3409 5287 3511 5340 hoc
3538 5287 3832 5350 altirmare,

600 5389 724 5430 cum
755 5375 952 5432 Suidas
983 5376 1125 5430 dicat
1155 5375 1381 5430 Pisidam
1409 5377 1638 5432 iambico
1665 5390 1836 5433 metro
1871 5395 1990 5433 esse
2027 5397 2180 5434 usmn
2199 5421 2212 5442 ,
2243 5391 2298 5434 et
2329 5381 2638 5436 Chronicon
2672 5381 2923 5451 paschale
2949 5379 3123 5434 soluta
3153 5378 3400 5432 oratione
3430 5375 3501 5429 sit
3527 5384 3833 5429 exaratum.

600 5466 673 5520 At
695 5465 939 5523 Baderus
964 5476 1151 5522 contra
1187 5467 1334 5520 nullo
1365 5468 1525 5522 modo
1567 5485 1634 5523 ex
1680 5468 1844 5525 Suida
1876 5471 2052 5543 attingi
2101 5487 2258 5541 posse
2289 5474 2485 5530 Pisidae
2533 5478 2635 5529 hoc
2667 5474 2976 5530 Chronicon
3009 5480 3157 5526 recte
3194 5467 3507 5529 contendit,
3555 5465 3651 5519 sed
3696 5465 3838 5518 male

603 5560 781 5630 ipsum
815 5557 1050 5614 Pisidam
1079 5558 1320 5615 historiae
1359 5562 1642 5631 cujusdam
1673 5563 2006 5620 Heracliana:
2037 5581 2159 5620 esse.
2189 5579 2469 5623 auctorem
2507 5569 2779 5624 concedit.
2813 5566 2957 5633 Quin
2995 5567 3159 5622 etiam
3193 5560 3503 5618 Chronicon
3547 5558 3835 5627 scripsisse

601 5651 839 5732 Pisidam
868 5665 976 5707 non
1019 5651 1182 5706 audet
1217 5650 1439 5705 omnino
1464 5668 1661 5724 negare
1693 5673 1706 5708 :
1750 5671 1873 5710 nam
1923 5655 2069 5710 aliud
2099 5655 2408 5714 Chronicon
2441 5675 2767 5730 anouymum
2796 5673 2899 5713 ms.
2933 5658 2987 5712 in
3020 5656 3346 5714 bibliotheca
3381 5650 3594 5721 collegii
3641 5650 3834 5706 Λιιηωί

605 5743 919 5817 Augustam
965 5759 1025 5802 se
1070 5742 1267 5804 vidisse
1296 5750 1542 5810 testatur,
1574 5742 1718 5814 quod
1766 5763 1832 5804 ex
1876 5746 2053 5803 Pisida
2089 5757 2144 5802 et
2175 5747 2372 5820 Cyrillo
2411 5750 2726 5822 decerptum
2763 5749 2961 5806 dicitur
2998 5747 3056 5804 iu
3099 5744 3421 5817 Epigraphe.
3453 5741 3748 5812 statimque
3775 5742 3834 5800 in
