4092 6296
252 378 385 444 1181
1610 374 1865 435 PREFA

1830 372 2018 435 ATIO.
2090 444 2093 447 _
2406 432 2409 435 λ
3308 347 3446 415 1182

248 494 520 565 principio
547 500 714 553 retcrt
746 494 883 566 apud
913 492 1201 567 Georgium
1230 492 1463 547 Pisidam
1493 490 1679 544 Adami
1716 490 1848 544 ﬁlias
1876 489 2100 560 primas,
2140 487 2363 541 alteram
2388 486 2637 545 Azuram,
2668 483 2885 539 alteram
2917 480 3111 532 Asnam
3136 466 3444 531 nominari;

248 586 394 638 unde
426 583 665 641 Raderus
696 585 1017 656 conjiciebat
1045 587 1352 642 Cbronicon
1394 584 1607 646 Pisidae,
1642 585 1686 638 si
1716 584 1857 653 quod
1890 598 2125 653 unquam
2156 582 2276 646 fuit,
2312 598 2342 635 a
2369 578 2602 651 paschali
2636 577 2898 631 Chronico
2922 586 3041 626 esse
3073 568 3364 624 diversum,
3394 562 3449 615 in

244 689 359 741 quo
392 689 493 728 nec
521 676 676 729 Asuae
701 692 807 741 nec
831 676 1023 731 Azurse
1053 678 1156 732 ulla
1182 678 1242 731 ﬁt
1273 676 1499 731 mentio.
1532 673 1640 728 Nos
1668 683 1844 728 autem
1887 675 2090 729 nullum
2123 688 2355 742 unquam
2382 670 2684 725 Chronicon
2730 671 3007 741 scripsisse
3053 663 3286 720 Pisidam
3329 656 3449 711 exi-

246 762 539 818 stimamus
573 781 587 817 :
619 778 738 820 nam
780 767 883 822 etsi
916 767 1211 821 concedere
1243 767 1472 821 velimus
1502 764 1715 819 Badcro
1743 773 1950 818 exstare
1978 764 2215 818 codicem
2249 764 2303 816 in
2333 762 2553 831 collegio
2581 762 2801 826 Annaeo,
2833 761 2917 815 cui
2951 758 3138 813 titulus
3180 754 3251 808 sit
3289 749 3454 801 Chro-

248 853 401 906 nicon
432 869 495 906 ea;
516 852 703 906 Pisida
735 868 779 906 et
803 848 996 927 Cyrillo
1037 858 1350 925 decerptum,
1381 855 1504 925 quis
1530 862 1708 907 tamen
1742 862 1939 907 tantam
1989 854 2206 908 habebit
2237 853 2392 907 titulo
2427 850 2586 905 ﬁdem
2620 860 2680 904 ut
2707 851 2752 903 ei
2784 850 3087 919 acquiescat
3107 887 3119 907 ,
3152 859 3251 897 nec
3278 837 3455 909 potius

246 944 532 997 addubitet
556 959 618 998 ea
652 922 863 1009 nomina
890 922 1234 1001 amanuensis
1262 922 1487 999 arbitrio
1530 942 1775 1012 apposita
1823 956 1942 996 esse
1986 942 2157 1006 libro,
2186 955 2308 994 cum
2343 954 2440 993 nec
2473 940 2593 1006 quis
2622 936 2783 990 fuerit
2807 936 3033 1004 Cyrillus
3063 946 3164 985 nec
3202 925 3344 997 quod
3387 922 3457 975 sit

247 1028 561 1084 Chronicon
592 1030 781 1085 Pisidae
811 1032 1123 1086 attributum
1153 1032 1368 1086 aliunde
1400 1030 1731 1085 innotescat?
1762 1028 1863 1082 Sed
1892 1028 2020 1081 alias
2052 1030 2211 1083 etiam
2241 1029 2306 1083 de
2347 1029 2446 1083 hoc
2493 1026 2569 1098 [ρ.
2604 1025 2789 1097 XXIV}
2817 1024 3003 1080 ﬁctitio
3034 1019 3302 1076 Chronico
3331 1012 3456 1067 red-

251 1118 355 1173 ibit
398 1134 600 1175 sermo.
644 1121 699 1174 In
723 1120 1031 1176 Chronicon
1060 1126 1309 1193 paschale
1338 1135 1521 1180 autem
1554 1123 1686 1177 nihil
1716 1122 1783 1177 de
1821 1137 1919 1175 suo
1948 1123 2237 1177 contulisse
2271 1122 2503 1177 Pisidam
2531 1120 2863 1175 conﬁdenter
2898 1118 3190 1172 asserimus
3217 1129 3230 1167 :
3264 1124 3457 1180 quam-

249 1213 337 1268 vis
365 1215 508 1269 enim
543 1218 624 1282 (ut
652 1231 775 1270 cum
816 1216 1168 1281 Du-Fresnio,
1195 1222 1285 1288 qui
1320 1236 1510 1274 novam
1542 1219 1765 1288 huiusce
1787 1217 2027 1271 chronici
2056 1218 2344 1272 editionem
2376 1217 2677 1280 adornavit,
2704 1216 2890 1284 loquar
2916 1212 3076 1267 Praef.
3104 1227 3156 1280 p.
3190 1207 3242 1273 8)
3276 1201 3459 1272 negari

253 1308 373 1363 fere
402 1324 511 1363 non
541 1309 712 1378 possit
738 1310 859 1380 ejus
883 1312 1066 1381 operis
1093 1314 1519 1367 continuatorem
1549 1315 1651 1368 sub
1679 1312 1922 1366 Heraclio
1951 1311 2167 1370 vixisse.
2211 1322 2319 1365 tum
2348 1310 2489 1379 quod
2518 1310 2639 1363 libri
2680 1308 2867 1362 titulus
2893 1308 2950 1360 in
2975 1304 3094 1360 eod.
3121 1300 3379 1355 Vaticano
3406 1305 3463 1350 et

254 1398 311 1452 in
341 1400 497 1455 codd.
523 1400 857 1456 bibliotheca:
880 1401 1038 1473 Regis
1070 1403 1331 1458 Catholici
1365 1405 1495 1459 illud
1524 1406 1577 1458 in
1603 1419 1805 1458 annum
1838 1402 1907 1456 20
1940 1401 2189 1465 lieraclii,
2217 1403 2298 1456 vel
2330 1410 2475 1455 certe
2524 1400 2579 1454 in
2612 1400 2761 1453 illius
2804 1408 3042 1465 tempora
3086 1391 3335 1447 desinere
3378 1388 3463 1439 in—

256 1500 417 1554 uuat,
453 1501 565 1545 tum
593 1493 735 1560 quod
763 1509 884 1564 quae
926 1494 994 1549 de
1030 1496 1220 1549 eodem
1251 1497 1494 1565 Augusto
1522 1497 1744 1564 ejusque
1774 1495 1941 1565 gestis
1967 1502 2272 1558 narrantur,
2304 1508 2367 1547 ac
2394 1493 2627 1559 denique
2671 1489 2955 1556 exscripta:
2992 1481 3308 1555 prolixiores
3351 1476 3466 1545 cpi-

255 1587 413 1640 stola:
447 1587 513 1641 ad
545 1585 827 1642 Persarum
858 1604 1039 1661 regem
1073 1591 1159 1645 vel
1192 1592 1499 1660 toparchas,
1532 1599 1636 1645 etc.
1684 1591 1741 1645 ld
1772 1590 2036 1644 suadeant
2066 1588 2308 1654 omnino,
2334 1598 2512 1642 tamen
2564 1600 2672 1639 non
2720 1584 2844 1639 inde
2892 1581 3135 1649 sequitur
3179 1572 3466 1643 Georgium

259 1681 527 1747 Pisidam,
556 1683 699 1751 quod
728 1685 915 1740 eodem
950 1686 1198 1741 Heraclio
1229 1687 1529 1756 imperante
1558 1686 1769 1750 vixerit,
1791 1685 2043 1739 Chronici
2072 1692 2343 1738 auctorem
2372 1683 2557 1737 haberi
2592 1680 2810 1734 debere.
2850 1673 2964 1726 Duo
2993 1680 3172 1724 autem
3203 1673 3471 1731 suntquae

260 1773 476 1828 faciunt
501 1782 561 1827 ut
585 1773 814 1829 libenter
841 1777 1174 1832 Du-Fresuio
1201 1777 1582 1838 assentiamur,
1618 1777 1848 1845 primum
1895 1776 2041 1845 quod
2082 1775 2137 1828 in
2184 1774 2271 1838 iis,
2300 1788 2416 1842 qua:
2452 1774 2518 1828 de
2549 1769 2791 1825 Heraclio
2818 1765 2870 1819 iu
2899 1761 3166 1818 Chronico
3197 1757 3313 1810 fuse
3343 1769 3471 1806 nar-

262 1876 478 1935 rantur,
522 1884 590 1922 ue
635 1884 740 1921 una
773 1869 990 1939 quidem
1022 1888 1121 1927 vox
1164 1881 1414 1927 occurrat
1441 1887 1471 1926 a
1504 1871 1676 1925 Pisida
1716 1869 1783 1923 de
1814 1871 2002 1924 iisdem
2046 1869 2211 1923 rebus
2243 1874 2432 1937 agente
2471 1873 2723 1935 usurpata
2748 1905 2763 1928 ,
2793 1868 2854 1915 ut
2893 1856 3060 1914 cuivis
3109 1851 3474 1907 narrationem

263 1963 526 2021 Chronici
555 1964 622 2017 de
652 1964 794 2017 bello
821 1963 1068 2031 Abarico,
1099 1983 1154 2037 p.
1183 1968 1306 2031 592,
1340 1967 1531 2022 Pisidte
1561 1965 1858 2021 conierenti
1896 1967 1987 2020 flet
2014 1964 2398 2026 manifesrum;
2441 1970 2796 2031 praeterquam
2826 1954 2969 2025 quod
3000 1946 3255 2006 Chronici
3304 1944 3476 2012 stylus

266 2067 377 2113 lam
413 2058 564 2112 rudis
593 2066 674 2111 est
702 2066 757 2112 el
784 2058 1105 2128 incomptus,
1140 2074 1196 2116 ut
1223 2072 1482 2132 quantum
1524 2062 1647 2117 licet
1680 2060 1994 2114 historicum
2033 2069 2207 2129 poetae
2234 2073 2566 2127 comparare.
2592 2057 2741 2109 nullo
2790 2049 2948 2106 modo
2993 2045 3240 2100 videatur
3284 2036 3479 2091 Ρὶεἱώἓ

269 2148 590 2204 convenire.
626 2146 828 2202 Deinde
856 2158 1057 2212 autem,
1100 2159 1156 2204 ut
1188 2166 1285 2219 par
1313 2160 1392 2205 est
1425 2152 1667 2214 credere,
1700 2148 1746 2203 si
1777 2151 1947 2202 nostri
1980 2148 2190 2217 Georgii
2220 2123 2527 2217 opus—esset
2546 2144 2854 2200 Chronicon
2887 2134 3157 2207 paschale,
3195 2145 3299 2183 non
3336 2127 3381 2181 is
3410 2123 3480 2177 ad

270 2256 477 2295 annum
506 2241 575 2295 20
606 2239 840 2294 Heraclii
867 2248 1073 2293 tantum
1110 2238 1238 2294 illud
1263 2241 1634 2309 protraxisset,
1664 2248 1719 2294 et
1757 2253 1846 2291 res
1887 2236 2129 2293 Persicas
2158 2246 2282 2307 post
2307 2235 2639 2303 interiectam
2676 2235 2818 2287 illam
2860 2232 2927 2285 de
2953 2226 3219 2281 Abaribus
3265 2222 3481 2290 longam

272 2342 331 2388 et
357 2331 619 2386 minutam
652 2331 1111 2384 narratiunculam
1144 2339 1251 2383 tam
1278 2332 1420 2385 sicco
1443 2331 1579 2401 pede
1612 2329 1928 2393 transisset,
1964 2329 2056 2381 scd
2089 2328 2238 2397 plura
2271 2328 2493 2381 omnino
2534 2325 2600 2379 de
2631 2326 2789 2395 gestis
2828 2318 3058 2375 lleraclii
3102 2317 3157 2371 in
3185 2314 3483 2368 Chosroam

274 2426 663 2497 congessisset,
693 2432 746 2478 et
775 2424 877 2477 alia
907 2439 1027 2492 qua:
1060 2434 1180 2493 post
1202 2424 1403 2478 bellum
1438 2425 1712 2477 Persicum
1750 2436 1979 2477 evenere
2004 2463 2018 2486 ,
2050 2430 2349 2475 memoratu
2381 2421 2541 2490 plane
2570 2420 2744 2489 digna,
2776 2418 3065 2487 attigisset;
3098 2427 3220 2465 cum
3254 2425 3318 2463 ex
3351 2421 3483 2475 poe-

273 2528 424 2573 mate
450 2518 503 2571 in
530 2517 793 2571 Severum
826 2522 1027 2585 pateat,
1058 2514 1244 2583 quanti
1281 2513 1419 2567 idem
1452 2512 1631 2565 Pisida
1667 2512 1912 2568 facienda
1937 2527 2060 2567 esse
2086 2513 2376 2577 censuerit,
2408 2528 2528 2581 quae
2568 2526 2668 2580 pro
2700 2507 3072 2565 ecclesiasticis
3104 2498 3487 2558 controversiis

275 2607 673 2678 componendis
711 2616 834 2676 post
867 2620 1055 2675 pacem
1082 2620 1207 2658 cum
1237 2603 1390 2656 Sit-oe
1419 2601 1700 2655 Persarum
1730 2618 1857 2674 rege
1892 2602 2155 2656 firmatam
2206 2602 2315 2671 egit
2364 2603 2676 2671 imperator.
2706 2600 2818 2656 Jatn
2849 2615 2978 2656 vero
3019 2592 3488 2666 chronographum

275 2717 389 2757 non
424 2702 592 2757 fuisse
618 2700 849 2755 Pisidam
875 2700 1051 2761 facile,
1086 2696 1299 2766 opinor,
1324 2695 1424 2750 sibi
1455 2695 1681 2764 quisque
1710 2697 2054 2764 persuadebit
2082 2714 2094 2748 :
2128 2696 2224 2750 sed
2258 2696 2696 2766 iambographum
2730 2696 2895 2765 egisse
2927 2709 3083 2750 nemo
3116 2706 3282 2746 sanus
3328 2701 3488 2756 nega-

277 2794 383 2849 bit.
420 2794 601 2859 Quare
630 2793 759 2863 quid
790 2790 1244 2861 respondebimus
1276 2788 1340 2854 ρ.
1375 2787 1636 2858 Septimio
1668 2787 1901 2843 Florenti
1940 2788 2267 2851 Christiano,
2301 2788 2390 2855 qui
2420 2788 2620 2842 idcirco
2649 2786 2696 2839 ei
2725 2786 2963 2839 attribuit
2989 2782 3292 2854 poemation
3316 2784 3491 2829 astro—

277 2890 556 2944 nomicum
588 2889 660 2942 De
687 2889 915 2959 sphwra,
940 2886 1083 2956 quod
1113 2893 1271 2937 antea
1311 2883 1413 2935 sub
1441 2880 1779 2951 Empedoclis
1807 2883 1892 2935 vel
1920 2883 2174 2936 Demetrii
2204 2880 2446 2936 Triclinii
2482 2881 2697 2935 nomine
2730 2880 2965 2934 ediderat
2994 2876 3215 2932 Parisiis
3241 2889 3330 2927 an.
3357 2869 3494 2924 1564

285 2986 599 3041 Fridericus
624 2984 934 3040 Morellius?
963 2982 1097 3035 Cum
1137 2980 1279 3034 enim
1315 2979 1423 3042 ille,
1458 2976 1803 3030 doctissimus
1828 2978 2049 3031 omnino
2077 2978 2179 3039 vir,
2213 2992 2358 3031 anno
2397 2976 2531 3030 1687
2569 2976 2841 3030 statuisset
2881 2976 2982 3030 luci
3013 2977 3211 3029 donare
3249 2967 3495 3040 ejusdem

279 3078 541 3149 poematii
573 3077 904 3141 versionem,
932 3075 997 3129 de
1022 3088 1086 3127 eo
1120 3071 1502 3140 hocjudicium
1532 3065 1856 3137 interposuit
1890 3087 1904 3119 ι
1931 3067 2253 3134 Empedoclis
2289 3069 2378 3121 hos
2414 3084 2519 3121 esse
2545 3082 2717 3119 versus
2747 3083 3008 3136 nunquam
3050 3066 3105 3117 in
3150 3062 3383 3115 animum
3417 3057 3499 3109 in-

283 3181 414 3233 duxi
443 3188 498 3232 ut
534 3178 815 3239 crederem,
850 3187 895 3231 et
928 3175 1015 3245 qui
1049 3174 1284 3236 credunt,
1320 3180 1440 3224 sunt
1467 3185 1591 3222 sane
1622 3183 1780 3237 quam
1809 3164 2175 3233 ταχυπειθεῖς,
2201 3168 2473 3235 nulloque,
2507 3175 2559 3218 ut
2587 3164 2711 3217 mihi
2741 3166 2955 3221 videtur,
2983 3159 3231 3229 probabili
3261 3158 3498 3209 nituntur

284 3284 615 3345 argumento.
647 3273 724 3326 Ab
771 3273 836 3325 iis
886 3267 1199 3336 temporibus
1235 3265 1531 3336 longissime
1577 3262 1786 3324 absunt,
1818 3260 1904 3328 qui
1936 3257 2176 3310 Triclinia
2218 3258 2472 3311 Demetrio
2518 3260 2811 3324 imputant;
2855 3258 2941 3310 sed
2989 3254 3280 3322 conjectura
3326 3258 3500 3301 tamen

283 3386 501 3437 scopum
531 3368 765 3423 veritatis
790 3367 999 3434 propius
1024 3364 1307 3432 attingunt.
1336 3359 1582 3424 Quamvis
1630 3356 1768 3409 enim
1812 3354 2033 3407 materia
2064 3352 2168 3403 hwc
2207 3351 2273 3404 sit
2312 3365 2468 3413 vetus,
2500 3352 2839 3405 recentiorum
2885 3359 2955 3402 est
3000 3350 3185 3417 forma,
3214 3353 3260 3397 et
3306 3338 3501 3394 meruit

286 3460 631 3515 nihilominus
665 3460 938 3528 antiquam
968 3457 1227 3517 obtinere;
1276 3454 1506 3524 profecto
1532 3451 1698 3521 poesis
1728 3450 1829 3501 ista
1862 3462 1963 3499 non
1990 3446 2136 3514 longe
2162 3444 2373 3496 discedit
2412 3461 2442 3497 a
2469 3445 2661 3498 Pisida:
2686 3442 2763 3495 vel
2796 3441 2925 3511 stle
2952 3442 3026 3495 vel
3058 3449 3226 3499 a’tute,
3254 3433 3387 3506 quod
3410 3432 3505 3500 ju-

288 3555 486 3607 dicium
519 3553 653 3622 facio
686 3551 912 3604 aliorum
952 3560 999 3604 et
1042 3549 1380 3603 eruditiorum
1403 3586 1417 3611 ,
1457 3554 1561 3600 etc.
1597 3543 1706 3615 Ego
1737 3556 1865 3595 vero
1897 3537 2126 3591 Pisidam
2174 3548 2292 3587 esse
2337 3544 2608 3587 auctorem
2652 3550 2762 3587 nou
2796 3531 2986 3595 credo,
3017 3541 3065 3582 et
3096 3530 3251 3601 plane
3278 3526 3509 3579 libenter

288 3620 564 3702 assentior
591 3644 857 3707 Fabricio,
884 3644 975 3713 qui
1006 3643 1141 3697 Bibl.
1176 3643 1343 3699 Graec.
1380 3652 1509 3697 tom.
1535 3639 1581 3694 ll
1608 3683 1622 3706 ,
1654 3655 1776 3710 pag.
1812 3638 1934 3699 477,
1968 3636 2114 3688 hunc
2141 3632 2314 3701 ipsum
2348 3628 2419 3680 De
2450 3633 2649 3699 spltwra
2686 3630 2923 3684 libellum
2950 3668 2964 3691 ,
2993 3626 3099 3695 iam
3122 3641 3244 3679 raro
3271 3620 3507 3682 obvium,

293 3750 498 3813 iterum
529 3738 852 3808 impressum
886 3751 1007 3790 cum
1037 3737 1177 3790 docti
1207 3734 1518 3805 interpretis
1547 3733 1692 3788 notis
1721 3745 1829 3784 non
1867 3725 2204 3782 inconsultus
2246 3719 2402 3775 nobis
2434 3718 2620 3774 obtulit
2649 3720 2950 3789 legendum,
2984 3717 3078 3771 sed
3125 3717 3289 3770 cuivis
3334 3713 3513 3783 potius

292 3807 457 3888 alteri
480 3807 639 3901 quam
668 3828 862 3884 Pisidae
887 3827 1305 3897 adjudieandum
1338 3825 1571 3889 censuit,
1599 3822 1743 3892 quod
1777 3816 2249 3874 Christianismum
2288 3813 2406 3878 ejus
2439 3818 2493 3862 et
2524 3812 2828 3881 religionem
2858 3813 3170 3881 neutiquam
3217 3812 3418 3878 εφίι-ρῃι
3456 3807 3513 3863 hi

295 3951 352 3988 ν.
381 3932 451 3988 75
480 3940 535 3987 et
578 3946 725 4001 seqq.
757 3929 946 4000 Τοιᾷδε
991 3922 1143 3988 τάξει
1195 3917 1575 3992 σχηματίζοντ’
1609 3915 1861 3986 ἀστέρες,
1892 3911 2029 3964 θεῶν
2061 3910 2296 3980 βροτοῖσι
2327 3905 2426 3975 τὴν
2458 3902 2616 3973 χάριν
2641 3902 3006 4001 δυξρουμένων.
3030 3907 3139 3960 Εἶτ’
3170 3901 3261 3959 οὖν
3291 3909 3515 3977 ἀμήτωρ

298 4024 516 4087 Παλλὰς
550 3992 715 4092 opta;
746 3992 975 4091 βροέοῖς,
1005 4016 1103 4069 εἴθ’
1135 4014 1284 4085 ἥλιος
1316 4009 1567 4081 τηλωπὸν
1597 4008 1839 4077 ἀστέρων
1865 4004 1914 4057 θὲ

1901 4004 2033 4066 ἐσιν,
2067 4000 2204 4054 θεῶν
2234 3997 2296 4050 τὸ
2322 3998 2640 4067 μηχάνημα.
2676 3992 2896 4057 Quinam
2928 3997 3065 4050 enim
3095 3996 3170 4067 [p.
3211 3993 3379 4065 XXV]
3406 3994 3517 4048 ﬁeri

300 4118 478 4189 possit
513 4124 572 4171 ut
604 4115 798 4181 Pisida,
830 4113 923 4183 qui
954 4113 1009 4166 in
1040 4111 1372 4165 Hexaemero
1409 4105 1592 4161 omnia
1626 4103 1693 4157 ad
1734 4102 1988 4171 pietatem
2022 4106 2078 4152 et
2104 4109 2287 4151 veram
2320 4091 2636 4161 religionem
2681 4086 2901 4143 nimium
2946 4090 3103 4144 etiam
3146 4089 3385 4144 studiose
3426 4087 3521 4140 de-

299 4212 455 4267 tlexit
482 4216 671 4265 contra
700 4209 938 4274 Graecos,
968 4207 1013 4260 si
1042 4206 1109 4261 de
1144 4204 1355 4274 sphaera
1391 4213 1445 4256 et
1478 4200 1645 4255 stellis
1676 4197 1894 4269 egisset.
1921 4207 2109 4249 earum
2138 4191 2381 4246 ordinem
2408 4196 2463 4241 et
2486 4199 2701 4239 cursum
2729 4199 2757 4235 a
2790 4181 3034 4235 fabulosis
3065 4183 3297 4252 gentium
3343 4178 3523 4235 numi-

302 4306 471 4359 nibus
490 4303 697 4357 diceret
723 4316 843 4356 esse
871 4272 1263 4355 constitutum?
1309 4297 1555 4368 profecto
1584 4296 1699 4349 hate
1729 4306 1833 4345 una
1870 4287 2154 4344 dilftcultas
2189 4284 2323 4338 tanti
2368 4277 2625 4334 momenti
2658 4273 2790 4329 mihi
2823 4272 2935 4325 visa
2970 4283 3065 4333 est,
3096 4284 3153 4328 ut
3183 4289 3317 4341 opus
3348 4273 3525 4342 ipsum

303 4397 572 4453 attentius
599 4394 905 4466 expendere
930 4403 985 4448 et
1012 4392 1206 4463 stylum
1238 4359 1376 4461 sty-lo
1407 4388 1656 4443 conferre
1683 4393 2146 4453 supervacaneum
2194 4390 2316 4430 esse
2349 4370 2618 4427 duxerim.
2653 4366 2840 4420 Restat
2878 4359 3180 4466 nlldel‘D.\ll
3207 4364 3365 4416 etiam
3395 4362 3527 4418 illud

305 4446 569 4453 --η---η-
940 4446 979 4448 μ
1064 4446 1082 4463 ε
1130 4446 1133 4447 ν
1290 4446 1308 4461 ,,
1750 4446 1765 4453 -

305 4504 580 4552 moneam,
616 4504 684 4542 ne
707 4484 1116 4543 Commentarios
1141 4482 1361 4552 quidem
1386 4481 1442 4531 in
1472 4476 1738 4547 Epistolas
1766 4471 1921 4526 Pauli
1950 4511 1965 4535 ,
1992 4483 2129 4538 quos
2154 4466 2338 4521 Graece
2364 4473 2575 4516 exstare
2608 4458 2660 4512 in
2694 4454 3020 4510 bibliotheca
3050 4446 3436 4504 Vindqbonutsi
3463 4465 3527 4505 ex

309 4582 489 4637 Frisio
518 4536 580 4636 et
602 4536 1095 4636 Possevinohrefert
1122 4536 1470 4645 [Ie-Longius
1499 4536 1634 4625 Dibl.
1665 4569 1817 4623 Sacr.
1849 4576 1983 4622 tom.
2011 4536 2089 4630 ll,
2120 4579 2176 4634 p.
2209 4561 2332 4623 907,
2371 4558 2471 4612 sub
2515 4554 2735 4609 nomine
2778 4545 2993 4645 Piscidii
3013 4541 3110 4641 .vel
3142 4537 3325 4638 Pisidii
3353 4536 3535 4645 (irasci:

312 4622 332 4637 .
358 4622 488 4637 ...ην
519 4622 574 4636 ν.
602 4622 620 4635 .
644 4622 894 4636 ww...”
927 4622 1095 4632 ων--
1124 4622 1197 4631 _-
1234 4622 1466 4645 _---O-_-
1499 4622 1529 4625 ρ
1682 4622 1685 4623 ,
2077 4622 2087 4630 ,
2122 4622 2139 4634 _

307 4676 543 4746 Georgio
574 4672 769 4727 Pisida:
803 4670 1119 4725 tribuendos
1150 4681 1303 4730 esse;
1334 4678 1496 4733 quem
1527 4661 1654 4715 talia
1684 4658 1967 4728 scripsisse
1996 4669 2099 4708 nec
2125 4646 2540 4705 auctoritatibus
2583 4657 2685 4696 nec
2732 4631 3057 4706 conjecturis
3093 4622 3460 4746 evinces..Spd
3490 4634 3540 4681 et

2322 4740 2339 4746 -
2458 4738 2469 4746 -
2560 4737 2569 4746 -
2707 4742 2715 4746 .
2752 4731 2789 4746 ι.
3141 4732 3229 4746 ﬂ...
3279 4730 3337 4746 Μ
3369 4730 3393 4746 ,,
3419 4726 3540 4746 Mm,

314 4945 523 5002 nullam
551 4945 798 5015 ingerant
820 4940 1176 4996 mentionem.

390 5056 581 5123 itaque
613 5068 736 5107 cum
759 5053 870 5122 jam
899 5050 971 5106 sit
999 5058 1247 5119 apertum
1277 5062 1396 5117 quae
1424 5046 1533 5101 sint
1562 5060 1725 5114 opera
1752 5043 1886 5098 l'also
1916 5040 2174 5095 attributa
2207 5035 2400 5092 Pisidae
2419 5076 2434 5100 ,
2466 5047 2576 5087 non
2604 5030 2701 5084 abs
2725 5041 2783 5081 re
2815 5023 3031 5123 quidem
3061 5019 3168 5123 erit
3186 5028 3332 5123 nunlc
3354 5008 3549 5123 aliq‘uid

393 5097 581 5123 ...μνη
615 5097 736 5107 η...
786 5097 870 5106 π...
899 5097 970 5106 -.-
1000 5097 1027 5102 -
1076 5097 1246 5103 -_-____
1282 5097 1394 5117 τη,
1426 5097 1531 5101 πη
1753 5097 1760 5098 ,
2419 5097 2426 5100 _

316 5147 502 5203 dicere
531 5144 599 5197 de
626 5097 924 5204 codidibus,
960 5140 1017 5193 in
1035 5097 1248 5208 rquibus
1281 5139 1400 5207 ejus
1439 5136 1669 5207 genuina
1706 5135 1904 5204 scripta
1932 5128 2195 5186 contineri
2226 5135 2321 5180 aut
2347 5125 2579 5179 vidimus
2609 5127 2703 5174 aut
2734 5117 2980 5187 legimus.
3007 5111 3067 5165 ln
3097 5104 3415 5164 bibliotheca
3449 5097 3551 5208 Ya-

322 5241 502 5296 ticana
545 5237 785 5308 quinque
831 5243 958 5289 sunt
986 5230 1298 5301 hujusmodi
1335 5228 1574 5290 codices,
1609 5241 1838 5295 quorum
1871 5224 2079 5293 primus
2130 5220 2373 5289 signatur
2418 5228 2569 5268 num.
2604 5210 2743 5268 lﬁl;
2794 5208 2845 5260 in
2898 5220 2964 5258 eo
3011 5210 3204 5272 praeter
3236 5190 3553 5308 (ileqmedis:

325 5281 580 5398 Dionysiit
598 5281 889 5397 Periegetze
912 5364 927 5389 ,
960 5281 1231 5376 Theodori
1264 5302 1544 5372 Prodromi
1593 5281 1931 5381 aiiorumque

1960 5325 2122 5380 opera
2153 5281 2281 5361 sunt
2314 5305 2352 5356 Γ
2357 5302 2586 5372 εωργίου
2622 5295 2867 5350 διακόνου
2902 5291 2997 5344 καὶ
3025 5281 3428 5360 ρεφερενδαρίον
3455 5281 3549 5326 τοὺ

2295 5395 2306 5398 ‘
2376 5393 2387 5398 ·
2559 5389 2590 5398 ⁸·
2715 5386 2792 5398 ’·--
2866 5382 2877 5393 ⁸
2953 5386 3188 5398 Δμνη-ι...
3222 5393 3234 5398 -
3265 5365 3413 5398 :.....|.:
3442 5364 3549 5398 ειη-

326 5371 546 5474 nati...
574 5371 1380 5487 mtxotuetgvzijv—tinéaijaepov.
1415 5407 1593 5460 Codex
1628 5411 1712 5457 est
1748 5371 1939 5456 minuti

1937 5371 2145 5454 iss'imus
2165 5437 2180 5462 ,
2214 5395 2309 5450 sed
2343 5371 2680 5462 elegantibus
2715 5382 2911 5438 litteris
2942 5386 3192 5434 exaratos
3222 5393 3235 5430 :
3265 5371 3415 5427 iambi
3442 5371 3553 5421 sin-

2501 5483 2509 5487 .
2781 5476 2791 5487 .
2912 5475 2925 5487 .
3084 5472 3098 5487 .
3280 5473 3549 5487 unum,“

329 5510 471 5583 gulis
505 5462 710 5578 paginis
740 5508 794 5560 in
823 5462 1055 5576 quaiuor
1084 5462 1363 5555 columnas
1391 5497 1730 5567 digeruntur,
1752 5508 1863 5546 non
1897 5492 1971 5545 ita
2005 5500 2184 5544 tamen
2212 5497 2269 5541 ut
2292 5494 2401 5539 tota
2432 5483 2683 5536 columna
2712 5476 2885 5547 prima
2912 5472 3134 5546 legenda
3157 5462 3257 5535 sit,
3276 5473 3553 5565 antequam

330 5554 471 5583 D"“'
506 5554 709 5578 I"'0""'
742 5554 794 5560 '"
826 5554 1045 5576 1“""'"
1096 5554 1107 5555 ί
1449 5554 1476 5567 ν
1718 5554 1726 5557 '

330 5603 401 5659 ad
434 5601 724 5656 secundam
752 5601 875 5669 quis
900 5597 1293 5669 progrediatur,
1326 5594 1420 5649 sed
1449 5608 1479 5645 a
1513 5590 1737 5660 singulis
1760 5588 2024 5658 cujusque
2050 5585 2316 5641 columna:
2353 5577 2543 5650 primis
2569 5573 2817 5628 versibus
2860 5567 3232 5639 incipiendum
3269 5562 3349 5624 sit.
3373 5562 3437 5657 et
3474 5554 3555 5610 sic

332 5647 401 5659 --
435 5647 724 5656 --ν-ηπ..-
756 5647 873 5669 η---
901 5647 1293 5669 ,τηρ-πωρ,
1336 5647 1370 5649 μ
1599 5647 1628 5660 υ
1828 5647 1845 5658 .
1937 5647 1953 5657 .
2355 5647 2370 5650 τ

332 5693 534 5750 deinde
563 5691 889 5747 veniendum
917 5689 983 5743 ad
1013 5685 1298 5748 secundos,
1332 5684 1541 5745 tertios,
1572 5688 1814 5750 quartus,
1853 5686 2014 5745 atque
2059 5690 2124 5729 eo
2169 5671 2361 5726 ordine
2386 5662 2813 5721 continuandum
2841 5676 3011 5730 usque
3037 5660 3104 5713 ad
3140 5657 3300 5711 ﬁnem
3322 5647 3553 5749 pagitlaf.

336 5786 606 5842 Caeterum
650 5781 832 5836 multis
872 5788 1044 5835 scatet
1068 5777 1366 5841 erroribus,
1400 5790 1463 5829 ac
1487 5772 1671 5844 plures
1702 5770 1757 5824 in
1793 5784 1858 5823 eo
1889 5768 2085 5823 desunt
2110 5777 2324 5829 versus,
2356 5758 2539 5831 plures
2568 5763 2696 5811 sunt
2740 5760 2892 5809 extra
2934 5752 3180 5808 ordinem
3228 5738 3546 5813 transpositi.
