4092 6296
671 296 697 353 ῑε
728 308 828 376 183
1701 371 1705 376 ί
1888 314 2036 383 tos,
2069 313 2332 375 MARLE
2363 313 2676 385 QUERCII
2934 286 2940 291 ’
3747 315 3850 382 usa

679 427 965 484 Secundus
1003 428 1168 483 codex
1203 428 1486 483 Vaticanus
1515 435 1596 480 est
1635 426 1748 490 166,
1790 443 1899 495 non
1934 427 2267 496 ineleganter
2292 440 2383 480 sea
2421 426 2645 480 multum
2676 442 2934 484 menuose
2977 431 3249 503 scriptus,
3278 447 3399 487 cum
3445 429 3852 488 emendationihus

681 540 712 578 a
745 525 1033 579 recentiori
1086 540 1249 578 manu
1296 522 1558 593 appositis
1595 522 1647 575 in
1679 523 1942 588 margine.
1972 521 2185 576 Titulus
2215 530 2297 576 est

2231 530 2298 576 :st
2327 537 2340 574 :
2371 520 2476 573 Τοῦ
2505 523 2816 590 σοφωτάτου
2850 527 2943 578 καὶ
2973 526 3303 594 λογιωτάτου
3346 528 3442 580 καὶ
3489 526 3847 596 ρεφερενδαρίου

680 618 779 688 τῆς
805 618 1065 687 Μεγάλης
1098 617 1412 686 ἐκκλησίας,
1445 615 1633 686 κυρίου
1665 615 1758 667 τοῦ
1793 614 2008 668 Πισίδου
2029 654 2044 680 ,
2075 613 2244 684 στίχοι
2290 612 2537 680 ίαμὸικοὶ
2583 613 2721 683 πρὸς
2765 615 2855 669 τὸν
2900 619 3249 690 πατριάρχην
3298 617 3851 679 Κωνσταντινουπόλεως

681 717 926 788 Σέργιον,
962 717 1064 770 hoc
1089 722 1172 770 est
1198 717 1252 769 iu
1287 715 1638 769 Hexaemeron
1671 711 1850 783 Sergio
1879 713 2135 766 dicatum.
2174 711 2244 764 Ex
2272 711 2377 765 hoc
2411 711 2600 766 codice
2629 712 2815 768 decem
2849 712 2970 770 illos
2999 715 3205 769 iambos
3236 711 3592 786 supplevimus
3618 711 3666 765 iu
3693 713 3854 782 princi-

678 811 770 881 pio
805 829 856 865 ν.
893 810 982 873 22,
1019 810 1109 880 qui
1144 819 1273 865 sunt
1303 811 1372 864 .in
1426 809 1639 863 laudem
1679 809 1922 880 ejusdem
1959 807 2132 880 Sergii
2169 825 2182 836 ο
2211 808 2294 862 ἀρε

2237 807 2408 861 lesinit
2443 823 2497 861 tn
2524 824 2742 864 versum
2781 811 2916 867 I627
2949 830 2962 866 :
2996 811 3184 874 Οὕτως
3222 811 3422 864 ἕκαστα
3465 809 3853 882 συμφερόντωςὴ

680 903 862 973 χάρις,
895 902 990 958 sed
1021 918 1119 974 pro
1145 903 1302 973 χάρις
1329 901 1492 956 habet
1526 901 1726 964 κτίσις.
1755 899 1974 954 Tertius
2007 900 2173 955 codex
2204 897 2296 952 Val

2237 897 2499 954 'aticanus
2530 907 2613 954 est
2649 899 2773 965 867,
2820 900 2874 954 in
2913 917 3019 972 quo
3047 901 3151 957 M9
3181 900 3336 956 iambi
3369 907 3573 955 tantum
3600 901 3662 955 ab
3691 900 3853 957 Hexae-

679 1012 833 1052 mero
882 998 1122 1068 excerpti
1173 1001 1440 1069 leguntur,
1471 997 1564 1066 qui
1599 1007 1726 1053 sunt
1755 997 1822 1052 de
1852 996 2162 1050 animalium
2211 993 2637 1063 proprietatibus
2667 1012 2681 1050 :
2711 995 2899 1066 incipit
2931 995 3073 1052 enim
3119 1011 3150 1050 a
3198 1011 3357 1050 versu
3411 994 3515 1050 958
3545 1011 3557 1047 :
3587 991 3676 1058 Τίς
3699 995 3855 1068 ταῦρον

679 1085 996 1157 ὲκράτυνεν,
1027 1096 1085 1141 et
1112 1087 1312 1142 desinit
1343 1088 1397 1139 in
1426 1101 1642 1140 versum
1679 1087 1816 1142 1557
1851 1105 1864 1140 :
1897 1086 2035 1156 Πρὸς
2062 1085 2240 1155 ἥνπερ
2290 1103 2295 1135 t

2235 1106 2240 1132 ν
2290 1081 2436 1155 εἶχεν
2479 1087 2670 1140 οὐσίαν
2707 1087 3054 1158 ἀναστρέφει.
3088 1087 3258 1142 Totus
3305 1095 3390 1141 est
3435 1085 3745 1156 negligenter
3769 1095 3851 1141 et:

679 1175 909 1234 barbara
940 1195 1102 1234 manu
1127 1186 1399 1243 exaratus,
1425 1187 1484 1235 ut
1505 1196 1613 1262 non
1636 1182 1853 1236 dubites
1878 1195 1998 1236 eum
2023 1195 2052 1234 a
2083 1179 2350 1249 sequioris
2375 1180 2561 1236 saeculi
2585 1181 2818 1251 quodam
2842 1181 3028 1236 Graeco
3050 1195 3358 1236 emanasse.
3379 1179 3590 1235 Titulus
3608 1180 3856 1251 estzl‘smp

677 1268 798 1336 γίου
827 1268 920 1321 τοῦ
954 1269 1263 1338 σοφωτάτου
1291 1271 1383 1322 καὶ
1408 1268 1656 1323 διακόνου
1687 1271 1782 1322 τοῦ
1808 1271 1903 1338 τῆς
1933 1269 2190 1341 Μεγάλης
2217 1270 2511 1341 ἐκκλησίας
2542 1272 2731 1342 στίχοι.
2765 1271 2823 1326 In
2858 1272 2960 1326 line
2993 1271 3190 1344 legitur
3219 1273 3370 1337 τέλος
3395 1273 3505 1326 τῶν
3531 1273 3764 1342 στιχείων.
3789 1273 3854 1328 ln-

680 1365 848 1422 terea,
881 1358 1022 1426 quod
1063 1358 1276 1423 mirere,
1308 1357 1473 1412 iambi
1507 1373 1614 1412 non
1647 1368 1777 1413 sunt
1804 1359 2092 1428 στιχηρῶς,
2126 1359 2219 1414 sed
2254 1359 2308 1412 in
2341 1361 2560 1414 modum
2595 1375 2765 1430 prosa:
2794 1360 3056 1416 orationis
3086 1361 3321 1432 scriptm.
3350 1360 3584 1426 Quartus
3607 1362 3853 1416 codexVat.

679 1461 766 1507 est
796 1451 956 1516 1126,
989 1455 1454 1518 membranacens,
1485 1454 1605 1524 ejus
1640 1455 1827 1508 lormze
1858 1468 2014 1522 quam
2055 1452 2286 1508 dicimus
2316 1453 2368 1508 in
2401 1454 2486 1520 16,
2522 1452 2693 1508 nitide
2722 1463 2772 1507 et
2797 1451 3074 1524 eleganter
3099 1453 3118 1526 [
3142 1471 3196 1524 p.
3231 1452 3398 1510 XXVI
3425 1451 3442 1525 Ι
3473 1461 3545 1516 et,
3577 1463 3628 1508 ut
3669 1454 3850 1521 videtur,

681 1543 831 1600 circa
859 1545 1115 1600 saeculum
1155 1561 1249 1598 xnt
1283 1560 1312 1598 a
1345 1544 1519 1614 perito
1545 1544 1873 1616 calligrapho
1917 1543 2173 1612 scriptus.
2228 1543 2279 1599 Is
2320 1553 2404 1599 est
2437 1543 2602 1602 codex
2645 1559 2709 1597 ex
2744 1557 2853 1612 quo
2882 1543 3102 1600 luerunt
3134 1545 3402 1615 exscripta
3435 1545 3679 1614 opuscula
3707 1545 3854 1601 Pisidae

683 1636 754 1692 ab
783 1636 1065 1692 Holstenio
1097 1637 1262 1692 missa
1293 1636 1568 1702 Maltreto,
1600 1652 1762 1706 quem
1787 1635 2012 1689 Allatius
2037 1651 2145 1689 non
2179 1635 2347 1700 vidit,
2382 1651 2410 1688 a
2444 1651 2551 1704 quo
2577 1635 2950 1705 apographum
2980 1636 3325 1692 bibliothecae
3356 1635 3678 1690 Corsiniana:
3703 1636 3854 1692 forma-

683 1741 799 1788 tum
831 1741 936 1795 est.
971 1742 1026 1788 et
1055 1750 1161 1803 quo
1188 1735 1404 1788 deruunt
1429 1746 1529 1784 nos
1565 1731 1618 1783 in
1653 1731 1752 1784 hac
1781 1729 2018 1782 editione
2042 1730 2378 1799 procuranda
2410 1729 2492 1783 usi
2526 1745 2735 1784 sumus.
2781 1729 2841 1784 In
2868 1746 2934 1785 eo
2961 1732 3107 1785 enim
3139 1731 3489 1786 continentur
3512 1732 3678 1785 omnia
3705 1731 3853 1788 Pisidze

680 1831 925 1886 carmina
955 1832 1057 1886 hoc
1089 1832 1245 1886 titulo
1278 1837 1440 1899 atque
1473 1827 1658 1883 ordine
1688 1844 1700 1878 :
1737 1826 1915 1895 Στίχοι
1949 1827 2220 1897 Γεωργίου
2251 1827 2296 1879 δι

2251 1826 2496 1879 διακόνου
2529 1826 2622 1878 καὶ
2655 1825 3059 1894 σκευοφυλακος
3085 1827 3182 1895 τῆς
3218 1826 3477 1895 Μεγάλης
3504 1826 3759 1897 ἐκκλησίας
3778 1828 3848 1881 τοῦ

681 1926 899 1980 Πισίδου
929 1929 1008 1990 εἰς
1037 1927 1137 1998 τὴν
1171 1923 1502 1994 Ἐξαήμερον
1523 1942 1537 1954 ·
1571 1922 1632 1976 In
1664 1918 2042 1975 Hexaemeron.
2077 1921 2297 1992 Epigrar

2234 1931 2510 1983 'ammata,
2537 1920 2828 1988 Heraclias,
2861 1923 2924 1976 de
2968 1924 3198 1978 vanitate
3247 1923 3384 1984 vitae,
3421 1934 3600 1978 contra
3646 1925 3850 1993 Severum,

679 2021 744 2072 de
771 2021 1099 2090 expeditione
1128 2019 1383 2082 Heraclii,
1418 2017 1480 2071 de
1506 2015 1633 2070 bello
1660 2013 1905 2078 Abarico,
1934 2017 1988 2067 in
2016 2015 2366 2068 Anastasium.
2404 2013 2718 2084 Sequuntur
2745 2017 2995 2086 anonymi
3028 2015 3188 2070 iambi
3226 2016 3278 2069 in
3307 2015 3364 2070 S.
3389 2015 3615 2072 Mariam
3637 2017 3856 2089 (Egyptia-

681 2125 820 2176 cam,
857 2125 920 2165 ac
953 2111 1148 2166 deinde
1182 2110 1413 2180 plurima
1443 2095 1605 2164 Phila:
1630 2105 1891 2158 carmina.
1927 2105 2037 2160 Nec
2078 2105 2449 2158 Hexaemeron
2485 2120 2587 2160 nec
2616 2104 2928 2161 Pocmation
2955 2107 3018 2160 de
3044 2107 3283 2161 vanitate
3319 2108 3449 2162 vitae
3480 2110 3665 2164 exinde
3689 2111 3858 2182 colligas

682 2221 805 2260 esse
840 2208 1091 2261 mutilum
1121 2226 1135 2262 :
1173 2222 1365 2260 omnes
1392 2205 1533 2260 enim
1561 2217 1752 2257 versus
1780 2201 2064 2271 utrobique
2090 2201 2189 2254 sibi
2224 2201 2522 2256 succedunt
2547 2217 2646 2255 suo
2680 2202 2870 2256 ordine
2902 2201 3206 2270 conjuncti,
3238 2201 3384 2257 nulla
3419 2203 3577 2258 litura
3607 2216 3798 2276 apparet
3821 2206 3857 2259 in

681 2293 882 2356 medio,
915 2310 1092 2364 neque,
1125 2295 1178 2348 in
1221 2294 1350 2356 ﬁne,
1388 2293 1526 2365 quod
1557 2293 1754 2362 apponi
1787 2293 1924 2347 solet
1957 2307 2077 2345 cum
2113 2289 2313 2359 aliquid
2349 2289 2708 2354 desideratur,
2740 2290 2911 2342 λείπει
2939 2289 3105 2342 τᾶλλα
3132 2289 3343 2360 legitur,
3378 2302 3445 2347 ut
3466 2303 3546 2348 est
3573 2293 3624 2346 iu
3653 2293 3856 2347 Morellio-

681 2384 739 2438 In
777 2386 1020 2457 margine
1046 2395 1175 2440 sunt
1219 2387 1356 2440 tituli
1391 2401 1451 2439 ex
1481 2383 1651 2438 minio
1683 2401 1862 2439 rerum
1894 2385 2064 2454 capita
2098 2385 2416 2449 indicantes,
2447 2385 2633 2452 quales
2662 2385 2801 2438 idem
2830 2382 3098 2436 Morellius
3144 2382 3391 2438 exhibuit
3443 2385 3496 2439 in
3540 2401 3631 2439 sua
3675 2385 3863 2440 editione

687 2475 1002 2532 Parisieusi.
1034 2477 1237 2542 Codex,
1269 2487 1328 2533 ut
1360 2477 1587 2540 videtur,
1635 2494 1666 2532 e
1693 2477 2142 2533 Columnensium
2185 2479 2348 2533 domo
2379 2478 2444 2532 ad
2481 2476 2856 2531 bibliothecam
2888 2475 3197 2530 Vaticanam
3249 2480 3504 2536 transivit
3535 2501 3547 2536 :
3580 2481 3727 2536 habet
3751 2480 3862 2534 cuitu

679 2572 733 2626 in
762 2573 1031 2644 principio
1059 2574 1172 2629 haec
1199 2575 1375 2636 verba,
1401 2573 1509 2626 Hoc
1532 2573 1765 2628 volumen
1787 2584 1858 2627 est
1891 2575 1993 2627 mei
2012 2574 2222 2628 Nicolai
2252 2573 2621 2628 Bartholomwi
2647 2573 2710 2624 de
2735 2571 3022 2628 Columuis.
3054 2572 3285 2638 Quintus
3306 2573 3482 2628 codex
3511 2574 3624 2628 Vat.
3650 2583 3722 2628 est
3741 2573 3861 2635 l28l.

683 2666 1062 2736 bombycinus,
1094 2677 1242 2721 extra
1276 2677 1323 2720 et
1356 2666 1502 2720 intus
1525 2667 1818 2735 prml'erens
1846 2676 2074 2720 stemma
2112 2666 2305 2720 domus
2333 2664 2555 2718 Caralim
2597 2678 2610 2714 :
2653 2663 2705 2716 in
2736 2664 2906 2733 prima
2937 2665 3134 2736 pagina
3167 2663 3362 2734 legitur
3391 2665 3605 2720 Antonii
3636 2667 3764 2719 card.
3787 2665 3861 2721 Ca-

681 2757 829 2825 raﬂ'a:
858 2757 1234 2811 bibliotltccarii
1272 2772 1457 2808 "mnus
1497 2773 1561 2809 ex
1603 2765 1940 2820 testamento;
1974 2756 2207 2826 sequitut
2251 2755 2297 2808 bi

2251 2755 2340 2808 hic
2371 2753 2553 2808 titulus
2589 2770 2602 2806 :
2637 2753 2742 2805 Τοῦ
2773 2744 2831 2806 ’ὲν
2865 2755 3042 2823 ἁγίοις
3089 2754 3246 2826 ἡμῶν
3273 2757 3542 2829 Κυρίλλου
3580 2759 3860 2832 πατριάρχου

691 2852 1094 2925 Ἀλεξανδρείας
1127 2853 1250 2923 περὶ
1279 2850 1430 2914 ζώων
1456 2850 1712 2918 ἰδιότητος
1741 2852 1830 2902 καὶ
1858 2851 2040 2918 φυτῶν
2067 2849 2153 2901 διὰ
2185 2847 2377 2916 στίχων
2407 2845 2698 2914 ίαμϐικῶν,
2731 2846 2867 2917 πρὸς
2896 2847 2988 2900 τὸν
3025 2847 3122 2916 τῆς
3153 2851 3757 2913 Κωνσταντινουπόλεως
3785 2868 3859 2901 πα-

679 2943 949 3014 τριάρχην
980 2942 1166 3016 κύριον
1196 2943 1435 3012 Σέργιον.
1471 2941 1571 2996 Sed
1604 2959 1633 2995 a
1673 2959 1837 2996 manu
1872 2940 2189 3004 recentiori,
2220 2957 2295 3008 qu

2242 2955 2337 3008 [me
2371 2938 2582 2992 videtur
2611 2955 2733 2995 esse
2779 2941 2959 2996 Allatii
3031 2943 3232 2997 ibidem
3283 2952 3436 2998 recte
3479 2956 3560 2999 est
3604 2953 3858 2998 aunotatum

681 3039 955 3111 Γεωργίου
986 3040 1079 3094 τοῦ
1107 3039 1341 3093 Πισίδου.
1383 3037 1510 3091 Post
1538 3053 1756 3093 versum
1792 3039 1859 3092 80
1891 3055 1904 3092 :
1935 3035 2132 3103 Σιγῶσι
2167 3032 2297 3103 Πρόν

2243 3031 2416 3096 κύκλοι,
2450 3033 2662 3104 legitur,
2695 3036 2862 3108 Ἀρχὴ
2895 3037 2992 3090 σὺν
3025 3037 3144 3108 Θεῷ
3173 3037 3266 3090 τοῦ
3294 3052 3307 3067 ·
3351 3037 3444 3100 Ὠς
3471 3036 3782 3108 ὲμεγαλύνθη
3813 3035 3859 3085 τὰ

677 3135 811 3205 ἔργα
859 3153 973 3194 σου.
1003 3136 1172 3203 Κύριε
1193 3149 1209 3165 °
1239 3135 1411 3188 πάντα
1447 3134 1505 3186 ὲν
1537 3134 1699 3204 σοφίᾳ
1729 3134 2006 3200 ἐποίησας,
2041 3145 2070 3182 e
2103 3129 2293 3196 quibus

2244 3144 2300 3182 us
2328 3129 2531 3192 verbis,
2563 3131 2606 3184 si
2639 3140 2786 3186 tanta
2838 3143 2984 3188 esset
3029 3133 3231 3188 codicis
3274 3134 3601 3196 auctoritas,
3649 3134 3746 3187 ha-c
3784 3130 3860 3184 duo

679 3226 833 3282 ﬁrma
871 3229 1221 3289 haberentur,
1255 3236 1308 3280 et
1331 3223 1474 3293 quod
1503 3227 1572 3278 sit
1601 3222 1918 3279 l-lexaetucri
1949 3219 2296 3288 principium,
2328 3229 2382 3274 et
2409 3236 2572 3289 quem
2611 3222 2712 3276 sibi
2747 3224 2939 3278 ducem
2983 3224 3035 3278 in
3069 3240 3135 3281 eo
3161 3227 3453 3282 scribendo
3487 3228 3667 3300 legerit
3707 3223 3858 3278 Pisida.

678 3321 882 3378 Verum
921 3324 1006 3378 hic
1035 3324 1192 3392 plane
1221 3334 1301 3373 est
1330 3319 1419 3372 ille
1449 3319 1640 3382 codex,
1673 3320 1828 3385 cujus
1859 3314 2148 3384 epigrapbe
2173 3315 2434 3384 deceptus
2461 3315 2824 3390 Hieronymus
2853 3320 3139 3376 Brunellus
3169 3320 3545 3379 Hexaemeron
3578 3323 3746 3380 Pisidae
3777 3321 3862 3378 edi-

675 3413 756 3469 dit
786 3415 968 3468 llouuc
999 3429 1143 3468 anno
1177 3410 1308 3464 1590
1337 3409 1438 3463 sub
1467 3409 1685 3463 nomine
1708 3406 1908 3476 Cyrilli,
1943 3414 2001 3457 ut
2031 3419 2194 3473 supra
2234 3406 2438 3460 dictum
2474 3417 2558 3463 est
2590 3427 2602 3463 :
2632 3412 2813 3466 omnia
2845 3413 2990 3468 enim
3035 3417 3368 3485 respondent
3396 3418 3466 3473 ad
3490 3419 3747 3476 amussim.
3769 3431 3861 3469 cunt

677 3509 866 3563 titulus
892 3519 1001 3562 tum
1029 3505 1327 3561 iamborum
1363 3515 1642 3561 numerus,
1671 3499 1760 3566 qui
1791 3504 1918 3549 sunt
1941 3495 2378 3552 1864.(Zzeterum
2406 3508 2548 3554 totus
2576 3511 2869 3572 corruptus
2891 3513 3048 3559 estet
3074 3521 3297 3575 prorsus
3323 3508 3711 3570 inemendatus,
3729 3521 3860 3576 quan-

677 3619 841 3673 quam
871 3618 980 3655 uon
1012 3598 1346 3668 ineleganter
1373 3595 1609 3662 scriptus
1635 3591 1787 3644 initio
1825 3589 2007 3643 saeculi
2039 3607 2126 3645 xv.
2160 3591 2218 3645 in
2249 3595 2495 3665 margine
2524 3595 2590 3652 ad
2624 3613 2845 3652 versum
2877 3599 2983 3654 474
3018 3600 3324 3671 hujusmodi
3356 3614 3441 3660 est
3471 3603 3732 3674 inscriptio
3761 3602 3860 3670 Περὶ

673 3697 776 3767 τῆς
804 3697 954 3766 ἱερᾶς
986 3691 1164 3752 νόσου,
1193 3691 1269 3744 De
1297 3703 1445 3743 sacro
1475 3686 1666 3743 morbo,
1697 3695 1858 3749 quam
1896 3682 1951 3736 in
2003 3684 2153 3738 nullo
2205 3685 2312 3740 alio
2362 3688 2549 3742 codice
2594 3689 2792 3759 reperi.
2846 3691 2952 3746 Sed
2985 3700 3039 3746 et
3074 3691 3347 3750 Morellius
3393 3699 3635 3751 eamdem
3679 3696 3858 3766 glossam

676 3787 1026 3860 marginalem
1059 3786 1332 3854 apposuit,
1358 3781 1513 3849 cujus
1536 3773 1640 3828 vim
1671 3776 1831 3844 plane
1860 3794 1968 3831 non
2009 3795 2289 3850 assequor,
2326 3798 2428 3837 nec
2469 3795 2628 3840 antea
2662 3800 2944 3842 assecutus
2973 3787 3074 3844 fuit
3102 3791 3278 3846 editor
3310 3791 3652 3848 Bibliotheca:
3689 3791 3859 3845 Patrum

674 3885 840 3940 Paris.
872 3880 1030 3947 1589,
1046 3883 1131 3964 1ιιῐι
1161 3879 1304 3932 enim
1333 3894 1346 3929 :
1379 3870 1774 3938 lmcriptionem
1807 3874 1880 3929 De
1916 3877 2105 3931 morbo
2144 3893 2298 3934 sacro
2326 3897 2427 3934 non
2458 3884 2610 3952 capio
2640 3901 2658 3938 :
2689 3884 2872 3939 malim
2911 3887 2985 3942 De
3011 3887 3402 3944 certaminibus
3430 3900 3489 3945 et
3515 3887 3731 3960 pmmiis
3755 3899 3861 3939 mar-

673 3992 846 4051 tyrum
877 3978 1106 4033 Christi.
1138 3975 1242 4028 llos
1267 3974 1501 4043 quinque
1533 3969 1750 4025 codices
1788 3970 2098 4038 Vaticanus,
2131 3977 2385 4045 quoniam
2434 3979 2650 4043 licebat,
2694 3998 2801 4035 non
2839 3981 3012 4054 piguit
3036 3983 3246 4055 jamdiu
3284 3984 3539 4041 conferre
3567 3997 3618 4040 et
3641 3983 3859 4038 variantes

667 4072 928 4127 lectiones
959 4070 1082 4122 hinc
1113 4066 1236 4119 inde
1261 4059 1512 4130 colligere
1538 4079 1552 4116 :
1578 4077 1702 4132 spes
1731 4080 1968 4135 namque
1996 4067 2173 4122 inerat
2196 4069 2530 4128 uberrimum
2559 4073 2851 4143 diligentia:
2877 4084 3078 4130 nostra:
3106 4077 3339 4130 fructum
3359 4094 3460 4132 nos
3477 4094 3592 4134 esse
3611 4069 3857 4132 relaturos;

669 4163 762 4220 sed
809 4161 1054 4217 exhausti
1090 4152 1283 4242 lalwiris
1315 4153 1532 4207 tandem
1565 4171 1665 4210 nos
1695 4159 1969 4227 pmnituit,
2006 4160 2096 4213 ubi
2129 4160 2495 4218 intelleximus
2533 4181 2628 4220 eos
2660 4181 2854 4222 omnes
2901 4183 3022 4222 esse
3065 4176 3171 4223 tam
3221 4169 3476 4242 imperite
3525 4181 3579 4226 et
3621 4168 3860 4224 oscitanter

668 4253 926 4320 scriptos,
959 4260 1016 4303 ut
1054 4241 1249 4301 nullam
1285 4243 1574 4299 utilitatem
1617 4263 1678 4302 ex
1712 4263 1903 4303 eorum
1953 4250 2188 4306 lectione
2223 4268 2418 4322 capere
2453 4256 2651 4326 possis,
2694 4257 2737 4312 si
2787 4267 2965 4312 tamen
3001 4258 3278 4314 laudatum
3324 4263 3566 4319 codicem
3597 4260 3721 4316 “26
3747 4255 3858 4312 exci-

669 4348 806 4411 pias,
836 4357 992 4406 quem
1040 4348 1206 4386 unum
1239 4335 1599 4402 perlustrasse
1648 4350 1701 4395 et
1749 4343 2074 4413 expendisse
2101 4347 2410 4401 accuratius
2449 4351 2582 4404 satis
2613 4349 2826 4406 fuisset.
2871 4350 2979 4406 Sed
3006 4361 3060 4406 et
3086 4351 3251 4406 alium
3282 4353 3526 4408 codicem
3570 4349 3858 4407 bibliotheca

665 4434 1019 4485 Valhcctlanae
1051 4427 1320 4498 signatum
1369 4429 1411 4482 B
1451 4433 1553 4488 115
1583 4435 1833 4492 conferre
1870 4439 2161 4504 voluimus,
2191 4457 2355 4515 “quem
2403 4442 2625 4500 Fulvius
2653 4445 2884 4502 Ursinus
2918 4447 3064 4502 dono
3100 4445 3250 4502 dedit
3297 4449 3496 4504 Achilli
3531 4448 3711 4504 Statio.
3741 4453 3787 4498 ut
3819 4441 3857 4493 in

658 4522 841 4576 eodem
873 4528 1118 4574 notatum
1148 4523 1545 4591 animadverti;
1582 4543 1652 4582 ne
1687 4545 1810 4583 cum
1844 4542 1992 4586 esset
2019 4534 2085 4587 ad
2114 4550 2328 4600 manus,
2354 4552 2422 4591 eo
2450 4539 2534 4592 vel
2565 4539 2812 4609 neglecto
2845 4539 2929 4594 vel
2964 4540 3167 4596 omisso
3194 4538 3371 4593 ollicio
3393 4550 3580 4594 nostro
3603 4539 3859 4592 videremur

653 4610 907 4665 defuisse.
940 4611 1117 4668 Codex
1146 4624 1229 4669 est
1260 4617 1729 4682 ntemliranaccus,
1765 4618 1816 4672 in
1852 4635 1962 4688 quo
2003 4621 2186 4675 statim
2214 4623 2442 4679 veniunt
2472 4625 2632 4680 iambi
2661 4625 2856 4681 Pisida)
2881 4627 2936 4681 in
2967 4629 3103 4682 duas
3130 4628 3411 4682 columnas
3437 4626 3775 4698 pulcherrime
3797 4621 3857 4675 di-

655 4698 788 4772 gesti
821 4710 876 4756 et
915 4703 1091 4760 nitido
1123 4707 1424 4761 characteri
1457 4709 1760 4777 conspicui.
1795 4711 1888 4764 sed
1919 4709 1998 4783 [ρ.
2037 4712 2257 4786 XXVII]
2301 4717 2484 4771 multis
2509 4717 2722 4772 mendis
2750 4717 2932 4774 foedati
2966 4728 3020 4774 et
3048 4719 3364 4788 perturbato
3394 4721 3584 4774 ordine
3621 4712 3854 4785 dispositi:

650 4793 782 4861 quin
827 4805 881 4850 ct
924 4798 1122 4852 desunt
1165 4816 1275 4855 non
1319 4801 1475 4870 pauci
1512 4817 1524 4852 :
1555 4817 1679 4854 nam
1714 4803 2074 4858 hexaemeron
2116 4805 2223 4861 illic
2258 4808 2510 4862 versibus
2549 4809 2676 4864 1651
2710 4811 3044 4866 continetur.
3081 4813 3293 4868 Titulus
3335 4824 3420 4870 est
3451 4833 3463 4869 :
3498 4811 3750 4884 Γεωργίου
3787 4803 3855 4857 τοῦ

650 4891 868 4944 Πισίδου
917 4894 994 4958 είς
1039 4897 1384 4968 πατριάρχην
1429 4896 1651 4968 Σέργιον
1712 4901 1842 4970 περὶ
1888 4900 1982 4970 τῆς
2027 4902 2265 4975 Ἐξαημέ

2242 4904 2387 4974 έρου.
2424 4904 2559 4958 Cum
2596 4915 2778 4960 autem
2820 4908 3008 4978 paucis
3037 4919 3162 4963 ante
3202 4907 3364 4961 anuis
3407 4907 3604 4977 patrios
3633 4901 3854 4957 revisurus

658 4983 798 5040 lares
831 4985 1157 5044 Florentiam
1200 4997 1496 5057 venissem,
1537 4993 1606 5046 ibi
1637 4994 1768 5048 mihi
1802 4995 1960 5050 libuit
1992 5013 2089 5066 per
2119 4999 2290 5052 otium
2318 4999 2504 5054 videre
2535 5016 2597 5054 ac
2630 5002 3129 5058 manibus‘versare
3172 5002 3413 5057 codicem
3447 5001 3530 5064 l0,
3567 4999 3691 5070 plut.
3725 4988 3853 5056 5.1'i'

655 5079 933 5139 ὶιιὶοιίιεοεῑι
964 5085 1200 5142 Mediceo
1233 5088 1610 5143 Laurentianus
1638 5133 1651 5153 ,
1683 5093 1933 5160 quamvis
1962 5107 2064 5147 nec
2106 5103 2268 5148 aetate
2304 5110 2404 5148 nec
2456 5095 2562 5149 ulla
2611 5096 2926 5166 scriptionis
2966 5097 3147 5167 Specie
3177 5094 3672 5155 commendabilem,
3703 5089 3745 5142 in
3771 5096 3853 5152 quo

659 5177 908 5258 habentur
947 5183 1216 5254 Γεωργίου
1246 5186 1494 5239 διακόνου
1529 5187 2150 5253 Κωνσταντινουττὸλεως
2202 5190 2275 5244 toi

2235 5190 2296 5244 οὗ
2328 5192 2544 5245 Πισίδου
2582 5193 2754 5264 στίχοι
2787 5194 2994 5264 ἴαμϐοι,
3025 5193 3278 5250 videlicet
3308 5195 3361 5248 in
3390 5193 3753 5248 Hexaemeron.
3781 5185 3848 5250 ttﬂ'

658 5279 1012 5332 sunttantum
1047 5296 1273 5335 numero
1316 5282 1454 5335 1127
1494 5302 1506 5336 :
1543 5285 1724 5352 plures
1759 5286 1905 5339 enim
1936 5301 2127 5340 versus
2158 5288 2340 5342 omisit
2375 5290 2627 5358 scriptor,
2673 5306 2736 5343 ac
2774 5291 3076 5358 przesertim
3128 5290 3179 5344 in
3235 5289 3341 5343 line
3366 5331 3379 5352 ,
3407 5301 3629 5357 quorum
3673 5278 3849 5333 ultimm

664 5366 910 5450 occurrit,
945 5369 1034 5437 qui
1069 5371 1228 5425 nobis
1259 5373 1510 5428 cst1825
1549 5390 1560 5424 :
1596 5375 1855 5445 Ἕτοιμος
1885 5370 2045 5436 οἶνος.
2080 5375 2132 5429 ld
2161 5384 2342 5430 autem
2386 5389 2544 5432 antea
2585 5379 2970 5432 observaverat
2998 5378 3635 5450 diligentissimus,editor
3666 5361 3847 5432 catalﬂgi

657 5449 886 5519 ejusdem
922 5458 1286 5526 bibliothccm,
1322 5481 1376 5532 p.
1409 5467 1500 5528 25,
1539 5465 1655 5520 haec
1687 5467 1928 5520 subdens
1961 5485 1972 5520 :
2006 5466 2069 5520 In
2109 5469 2273 5521 εοάὶει

2232 5485 2288 5521 ce
2316 5470 2568 5522 accedunt
2596 5470 2648 5523 hi
2683 5471 2911 5540 quinque
2940 5473 3172 5526 mendosi
3205 5490 3399 5538 versus,
3433 5474 3520 5543 qui
3544 5467 3848 5524 desiderantur

657 5555 718 5637 in
751 5545 963 5605 edilone
1001 5552 1162 5608 Lectit'
1192 5573 1212 5612 :
1243 5557 1381 5625 Δόξα
1413 5559 1470 5612 δὲ
1503 5561 1720 5614 πάντων
1745 5560 1822 5631 τῷ
1852 5561 1971 5632 Θεῷ
2005 5562 2100 5615 καὶ
2137 5565 2203 5615 Δε
2215 5564 2385 5636 σπότῃ
2411 5565 2489 5634 τῷ
2518 5565 2677 5629 ζῶντι
2703 5565 2799 5620 καὶ
2829 5565 3044 5637 μένοντι
3071 5569 3152 5630 είς
3181 5568 3268 5622 ἀεὶ
3295 5569 3514 5637 πρέπει.
3533 5561 3704 5632 ’Λμὴνι
3731 5553 3846 5622 ἀμὴν

656 5631 957 5713 γένοιτοετῷ
982 5643 1042 5697 ὲν
1073 5647 1186 5710 τοῖς
1217 5649 1350 5701 πᾶσι
1381 5650 1590 5721 χρόνοις
1619 5669 1679 5705 τε
1726 5653 1818 5706 καί
1856 5655 1909 5720 γ’
1943 5653 2088 5706 ἔτεσι
2121 5657 2233 5718 τοῖς
2262 5654 2614 5727 ἀμετρήτοις,
2661 5658 2773 5709 εἴτε
2817 5657 2876 5712 δὲ
2907 5661 3020 5719 τοῖς
3054 5659 3293 5725 ἀναξίοις
3330 5663 3460 5730 ἡμῖν
3498 5660 3552 5709 ὲν
3589 5653 3708 5706 πᾶσι
3748 5658 3843 5696 καί·

677 5729 813 5796 ροῖς-
850 5731 910 5790 Al
931 5755 1042 5795 non
1079 5741 1270 5810 sensit,
1303 5745 1447 5814 quod
1478 5755 1659 5802 tamen
1688 5748 1846 5803 facile
1889 5759 2008 5804 erat
2057 5750 2377 5821 intelligere,
2411 5752 2629 5822 putidus
2662 5753 2782 5808 illus
2809 5754 3102 5809 versiculos
3136 5769 3242 5808 non
3274 5729 3395 5808 esse
3426 5748 3605 5806 Pisidae
3642 5738 3725 5796 scd
3762 5733 3840 5788 ἰω-
