4092 6296
263 334 402 406 1185
1661 332 2072 396 ΡΒΛΞΡΑΤΙΟ.
2695 393 2712 418 ε
3346 340 3483 408 ῃεθ

259 452 426 521 periti
457 453 761 524 scriptoris,
797 451 888 525 qui
933 466 1055 509 cum
1086 448 1355 505 scribendi
1405 449 1564 503 linem
1600 447 1838 511 fecisset,
1867 448 2276 502 anianucnsium
2323 465 2466 503 more
2494 449 2599 505 haec
2633 451 2864 510 ell‘ntivit
2898 455 2966 511 de
2995 472 3116 512 suo.
3144 457 3260 525 Qua
3306 460 3374 516 de
3421 478 3479 517 re

258 555 473 600 tantum
501 549 657 603 abest
686 548 827 602 utin
855 544 1181 601 cditionibns
1217 541 1531 598 llexaemeri
1578 542 1664 597 hie
1713 556 1871 612 nugas
1898 539 2296 606 desiderentur,
2329 552 2382 596 ut
2418 552 2592 597 essent
2631 546 2811 614 potius
2833 587 2846 609 ,
2893 547 2936 601 si
2980 547 3118 602 forte
3165 550 3289 608 illuc
3337 552 3478 607 irre-

253 637 492 707 psissent
520 679 535 703 ,
574 640 964 712 expungenda.
1008 637 1181 692 Venio
1240 649 1386 690 nunc
1447 635 1512 688 ad
1575 633 1957 688 bibliothecam
2018 631 2148 704 regii
2193 633 2535 690 Taurinensis
2573 636 2815 691 Athenazi
2845 679 2860 702 ,
2901 638 2954 691 in
3013 655 3116 709 qua
3146 683 3159 705 ,
3209 658 3370 711 prout
3408 659 3475 697 ex

253 735 379 803 ejus
425 737 668 809 catalogo
709 736 1013 807 colligitur,
1059 735 1168 787 duo
1211 743 1340 786 sunt
1399 730 1613 785 codices
1677 743 1842 798 opera
1899 727 2089 782 Pisida:
2144 729 2511 790 continentes,
2552 729 2802 784 videlicet
2841 729 2944 784 504
2983 740 3037 784 et
3079 733 3204 788 560.
3247 732 3303 787 Id
3345 751 3471 788 cum

250 845 357 899 ego
389 831 656 901 legissem,
688 829 872 883 sta-tim
903 843 1000 897 per
1033 825 1312 896 epistolam
1352 823 1528 895 rogavi
1560 823 1626 876 cl.
1667 821 1877 876 Patrem
1910 819 2244 882 Beccartam,
2285 821 2512 892 ejusdem
2543 821 2787 877 Athenaei
2829 823 3188 892 professorem
3224 826 3472 880 celeber-

250 915 452 977 rimum
481 931 535 978 et
565 939 633 978 ex
669 933 931 992 tempore,
964 937 1073 991 quo
1107 935 1204 974 nos
1235 919 1395 973 ambo
1420 917 1746 988 degebatnus
1767 916 2038 977 Panormi.
2067 916 2296 971 amicum
2329 916 2715 982 suavissimum,
2745 926 2804 971 ut
2838 934 2941 988 qua
2983 920 3192 975 ratione
3223 930 3276 975 et
3309 921 3472 975 modo

250 1023 470 1083 posset.
509 1014 702 1068 horum
747 1013 991 1068 codicum
1034 1011 1281 1066 notitiam
1322 1009 1632 1079 ampliorem
1667 1023 1828 1078 quam
1858 1023 1974 1076 qtne
2003 1007 2054 1060 in
2090 1009 2328 1080 catalogo
2359 1019 2495 1064 esset
2537 1010 2668 1064 mihi
2698 1011 3164 1076 communicaret;
3206 1013 3251 1066 is
3293 1022 3473 1068 autent

252 1104 400 1158 hanc
430 1114 692 1175 spartam,
720 1119 828 1174 quo
857 1104 989 1158 nihil
1023 1101 1258 1173 optatius
1294 1100 1427 1154 mihi
1454 1099 1766 1169 contingere
1801 1097 1991 1166 potuit,
2018 1097 2165 1152 dedit
2191 1097 2340 1153 alteri
2366 1099 2696 1156 bibliotheca:
2719 1102 2928 1156 custodi
2965 1102 3248 1159 Francisco
3277 1103 3468 1169 Bertzc,

249 1197 371 1251 viro
400 1199 712 1253 doctissimo
765 1207 924 1268 atque
957 1195 1369 1259 humanissimo,
1403 1195 1493 1265 qui
1522 1202 1713 1264 sponte
1742 1200 1793 1246 et
1826 1193 1983 1257 ultro,
2011 1200 2066 1247 et
2104 1193 2247 1248 nulla
2291 1194 2401 1248 vilis
2435 1196 2697 1250 mercedis
2727 1212 2821 1267 spe
2862 1197 3076 1257 ductus.
3119 1197 3471 1268 injucundnnt

249 1306 393 1344 onus
434 1291 633 1356 subiit,
682 1309 847 1347 unum
885 1307 952 1346 ex
999 1291 1211 1346 duobus
1251 1290 1530 1345 codicibus
1566 1287 1814 1351 contulit,
1860 1301 2092 1356 suasque
2125 1288 2178 1342 in
2214 1298 2484 1359 utrumque
2525 1290 2931 1345 observationes
2959 1291 3024 1346 ad
3065 1309 3150 1347 me
3182 1293 3472 1349 liberaliter

249 1385 420 1440 misit.
436 1384 564 1453 Sed,
584 1395 643 1441 ut
673 1388 786 1458 ipse
807 1387 1020 1448 fatetur,
1046 1396 1271 1454 uterque
1297 1383 1460 1437 codex
1487 1381 1740 1435 mendose
1762 1379 1989 1449 scriptus
2008 1389 2090 1434 est
2116 1380 2307 1436 saeculo
2329 1398 2412 1446 xv,
2439 1381 2596 1452 idque
2616 1399 2682 1437 ex
2712 1385 3042 1438 variantibus
3061 1384 3183 1439 inde
3204 1386 3471 1456 cxcerptis

247 1477 470 1532 abunde
501 1489 667 1548 patet.
700 1479 909 1533 Titulus
941 1477 1143 1533 codicis
1172 1475 1275 1530 50-l
1305 1475 1394 1529 hic
1423 1483 1508 1529 est
1537 1492 1549 1527 :
1583 1470 1851 1542 Γεωργίου

1879 1470 2126 1524 διακόνου
2163 1471 2259 1525 καὶ
2303 1473 2691 1543 χαρτοφύλακος
2723 1475 2823 1545 τῆς
2853 1477 3164 1546 ἁγιωτάτης
3193 1477 3286 1531 τοῦ
3330 1479 3467 1531 Θεοῦ

245 1571 511 1642 Μεγάλης
561 1573 858 1642 ἐκκλησίας
908 1569 1562 1631 Κωνσταντινουπόλεως,
1617 1565 1712 1619 τοῦ
1755 1563 1988 1628 Πισίδου,
2042 1566 2319 1637 προοίμιον
2365 1570 2436 1631 εἰς
2489 1566 2586 1637 τὴν
2622 1568 2962 1640 Ἐξαήμερον
2991 1569 3059 1622 δι’
3106 1570 3338 1639 ἰάμῦων,
3377 1568 3468 1639 qui

247 1663 440 1718 titulus
473 1667 526 1718 in
561 1667 831 1737 Cabalogo,
868 1682 920 1736 p.
953 1667 1075 1730 595,
1110 1666 1188 1722 sic
1229 1665 1423 1734 legitur
1449 1661 1640 1715 Latine
1677 1668 1878 1714 tantum
1910 1673 2200 1728 expressus
2236 1675 2249 1712 :
2287 1660 2471 1729 Georgii
2497 1661 2702 1714 diaconi
2730 1671 2777 1715 et
2807 1661 3222 1732 charlophylaeis
3249 1665 3472 1716 sanctis-

245 1758 399 1814 sima
430 1758 521 1813 Dei
547 1760 788 1815 Ecclesia:
814 1757 875 1814 C.
900 1757 962 1812 P.
991 1757 1291 1818 Pisidensis,
1325 1771 1532 1809 carmen
1563 1754 1616 1807 in
1649 1752 2028 1817 Hexaemeron;
2067 1754 2161 1808 sed
2197 1755 2370 1809 melius
2395 1763 2446 1808 et
2474 1755 2537 1808 ad
2572 1755 2792 1810 verbum
2841 1758 3052 1819 reddas,
3081 1758 3307 1828 Georgii,
3334 1766 3464 1816 etc..

242 1853 593 1906 sanctissime
622 1862 669 1906 et
707 1868 910 1922 magna:
938 1850 1035 1905 Dei
1083 1849 1326 1904 Ecclesia:
1363 1857 1698 1918 cognomento
1739 1845 1948 1910 Pisida,
1990 1846 2046 1898 in
2079 1844 2414 1900 Hexaemeron
2457 1847 2642 1900 iambis
2670 1851 3016 1918 conscriptum
3063 1851 3390 1919 proanninm.
3423 1849 3469 1904 Is

251 1953 338 1998 est
368 1943 533 1998 codex
565 1942 720 2012 cujus
758 1941 918 1994 variae
947 1939 1202 1994 lectiones
1239 1937 1588 1993 laudatissimi
1624 1936 1720 1990 viri
1762 1933 2024 1990 Francisci
2061 1933 2230 1990 Bertae
2269 1934 2510 1991 beneﬂcio
2543 1938 2683 2007 apud
2715 1955 2801 1992 me
2832 1950 2976 2002 sunt,
3005 1956 3035 1994 e
3059 1941 3254 2010 quibus
3287 1951 3464 1994 tamen

244 2037 456 2091 nullum
496 2035 868 2103 adjumentum
900 2047 1091 2102 capere
1118 2032 1274 2086 nobis
1301 2031 1451 2086 licuit
1476 2029 1558 2084 vel
1598 2029 1664 2083 ad
1695 2026 2099 2082 emaculandum
2131 2027 2213 2082 vel
2248 2028 2310 2082 ad
2335 2028 2756 2097 .ocupletandum
2786 2030 2976 2085 Pisidae
3013 2040 3216 2085 textum
3245 2049 3258 2084 :
3285 2031 3466 2085 omnia

246 2128 397 2181 enim
440 2127 547 2180 illic
586 2135 715 2180 sunt
759 2126 1079 2195 interpolato
1107 2133 1161 2178 et
1192 2124 1418 2179 barbare
1457 2123 1694 2194 scripta:
1729 2121 1815 2176 sed
1866 2121 1921 2175 in
1961 2135 2027 2175 eo
2061 2121 2221 2175 etiam
2257 2129 2526 2176 oc'urrunt
2570 2123 2756 2178 decem
2807 2124 2878 2177 illi
2909 2124 3104 2178 senarii
3153 2125 3207 2178 in
3251 2125 3462 2178 laudem

247 2218 442 2291 Sergii,
472 2235 607 2290 quos
639 2219 871 2273 diximus
899 2219 1150 2288 superius
1174 2233 1240 2270 ex
1269 2216 1390 2271 cod.
1418 2215 1537 2271 Vat.
1572 2216 1671 2270 166
1700 2223 1948 2284 exceptos
1977 2213 2032 2268 in
2061 2213 2406 2269 llexaennron
2438 2231 2538 2268 nos
2563 2225 2931 2286 comportasse
2973 2225 3093 2287 post
3119 2231 3336 2272 versum
3369 2217 3460 2270 2i.

241 2315 388 2381 Quin
429 2314 590 2368 etiam
625 2313 724 2368 hoc
752 2313 804 2366 in
839 2314 1025 2369 codice
1053 2314 1134 2383 [p.
1161 2311 1398 2383 XXVIII]
1433 2309 1752 2365 Taurinensi
1796 2320 1991 2380 prmter
2019 2309 2208 2364 decem
2245 2308 2392 2363 bialii
2428 2309 2535 2364 duo
2580 2311 2852 2366 adduntur
2894 2311 3182 2366 versiculi:
3225 2311 3292 2364 Ἦ
3329 2329 3464 2382 προ-

240 2403 433 2475 γραφὴ
469 2404 525 2456 δὲ
555 2403 664 2457 τῶν
694 2403 1014 2472 λαλούντωνι
1031 2403 1320 2472 δραμάτων
1349 2402 1488 2470 ἔρως
1516 2398 1816 2471 προσευχῆς
1846 2417 1856 2452 :

1846 2401 1940 2454 καὶ
1975 2399 2272 2472 Θεὸτρωτος
2302 2401 2454 2469 .όγος,
2481 2418 2619 2472 quos
2656 2403 2710 2458 in
2749 2411 2956 2458 textum
2990 2419 3097 2457 non
3135 2405 3457 2477 recepimus.

239 2495 368 2566 quia
403 2495 560 2549 nobis
599 2494 920 2548 videbantur
947 2507 1070 2545 esse
1111 2492 1271 2544 nimis
1318 2490 1516 2545 inliceti
1547 2499 1603 2544 et
1649 2489 1832 2544 Pisidae
1875 2490 2190 2560 neutiquam
2235 2491 2518 2546 convenire.
2553 2492 2657 2548 Sed
2697 2494 2787 2563 qui
2833 2494 2974 2548 volet
3015 2494 3259 2564 recipiat,
3300 2495 3459 2550 dum-

239 2587 407 2642 modo
437 2601 535 2656 pro
562 2584 890 2654 θεόπρωτος,
931 2598 1051 2652 qum
1096 2582 1278 2651 putida
1311 2599 1411 2635 vox
1455 2591 1539 2636 est
1585 2591 1635 2636 et
1669 2580 1855 2634 barbar

1843 2596 1908 2645 ra,
1956 2580 2094 2652 legat
2123 2579 2405 2652 Θεοπρετὴς
2439 2581 2611 2651 λόγος.
2647 2583 2884 2638 Alterius
2917 2593 3098 2639 autem
3128 2585 3328 2641 codicis
3356 2585 3459 2641 560

239 2677 479 2738 titulum,
511 2676 664 2744 cujus
697 2675 1038 2728 characteres
1065 2673 1200 2726 adeo
1228 2687 1350 2726 esse
1377 2671 1634 2726 evanidos
1667 2687 1748 2726 me
1788 2672 1998 2725 monuit
2037 2673 2209 2726 amice
2240 2672 2352 2726 ideo
2386 2672 2540 2728 Berta
2573 2684 2632 2729 ut
2665 2675 2749 2728 vix
2794 2674 2892 2746 legi
2925 2677 3154 2745 possint,
3189 2677 3460 2747 proferam

235 2783 306 2823 ex
334 2765 612 2834 Catalogo,
647 2764 700 2817 in
730 2778 858 2832 quo,
893 2777 945 2831 p.
972 2761 1095 2820 485.
1135 2761 1249 2814 Ιιτεο
1283 2761 1590 2815 habentur:
1624 2760 1851 2832 Γεωργίε

1845 2777 1892 2813 >υ
1925 2761 2173 2816 διακόνου
2208 2763 2305 2832 τῆς
2319 2764 2576 2835 Μεγάλης
2614 2765 2708 2818 τοῦ
2741 2765 2876 2819 Θεοῦ
2909 2768 3203 2838 ἐκκλησίας
3235 2771 3330 2824 καὶ
3371 2774 3461 2843 ρε-

236 2856 596 2928 φερενδαρίου
630 2853 722 2908 τοῦ
759 2853 976 2906 Πισίδου
1007 2852 1177 2919 στίχοι
1209 2851 1476 2902 πολιτικοὶ
1505 2852 1585 2913 εἰς
1613 2851 1671 2902 τὸ
1707 2851 1852 2915 Ἐξα1

1843 2851 2045 2920 ήμερον
2067 2849 2159 2904 τοῦ
2192 2855 2400 2922 μεγάου
2426 2853 2708 2906 Βασιλείου
2729 2871 2740 2883 ·
2769 2854 2978 2927 Georgii
3014 2858 3223 2911 diaconi
3253 2859 3459 2931 Magna:

235 2954 469 3008 ecclesiw
491 2963 540 3006 et
572 2949 937 3021 referendarii,
983 2947 1281 3018 cognomine
1313 2945 1525 3008 Pisida,
1558 2945 1766 2999 iambici
1809 2961 1984 2998 versas
2028 2945 2227 3016 politiri
2276 2948 2311 3000 it
2348 2947 2707 3001 Hexaemeron
2758 2951 2934 3019 rragni
2964 2949 3180 3017 Basilii,
3226 2969 3457 3023 quorum

219 3027 461 3101 ’inmum
486 3039 530 3099 ὧ
571 3043 789 3106 παντός.
836 3041 943 3095 Sed
987 3040 1088 3093 hoc
1136 3039 1188 3092 in
1223 3038 1377 3092 titulo
1407 3038 1605 3091 erravit
1635 3050 1758 3088 cum
1805 3036 2007 3091 codicis
2051 3038 2409 3108 scriptor,qni
2442 3055 2636 3094 versus
2667 3040 2916 3109 politicos
2949 3043 3198 3110 appinxit
3239 3043 3454 3105 Pisidae.

250 3150 371 3194 tum
412 3149 603 3193 auctor
628 3135 874 3208 catalogi,
917 3133 1006 3202 qui
1044 3149 1139 3187 eos
1181 3131 1439 3187 iambicos
1485 3129 1727 3202 politicos
1766 3132 2040 3200 appellat:
2086 3148 2230 3197 nam,
2281 3149 2310 3187 ιι
2341 3133 2570 3188 inferius
2612 3133 2956 3200 notabimus,
3001 3135 3195 3191 iambis
3238 3139 3454 3207 quidem

233 3231 450 3300 scripsit
482 3228 682 3290 Pisida,
711 3237 767 3282 ct
808 3225 1032 3280 omnino
1078 3224 1370 3294 eleganter,
1415 3237 1524 3275 non
1564 3220 1806 3273 versibus
1839 3223 2105 3291 politicis;
2150 3225 2380 3279 iatnbzos
2411 3235 2591 3279 autem
2644 3242 2832 3281 versus
2881 3228 3028 3281 nullo
3075 3229 3234 3284 modo
3277 3232 3456 3301 possis

229 3321 508 3391 appellare
541 3319 805 3389 politicos,
833 3333 956 3372 cum
990 3316 1283 3371 maximum
1323 3314 1392 3367 sit
1434 3313 1572 3367 inter
1617 3312 1822 3366 iambos
1852 3312 1996 3380 ipsos
2029 3325 2084 3369 et
2128 3316 2348 3385 politios
2376 3316 2689 3370 discrimen.
2728 3317 2882 3382 Quod
2910 3304 3106 3373 'autem
3141 3320 3212 3374 ibi
3257 3322 3453 3376 deinde

232 3417 454 3489 legitur,
486 3434 614 3472 suos
645 3418 851 3470 iambos
883 3413 1161 3483 scripsisse
1195 3409 1426 3464 Pisidam
1455 3408 1504 3460 in
1534 3409 1892 3462 Hexaemeron
1919 3409 2127 3472 Basilii,
2161 3411 2209 3465 id
2239 3427 2369 3482 qtim
2407 3411 2507 3466 levi
2553 3411 2819 3465 innitatur
2848 3411 3224 3476 fundamento,
3272 3427 3452 3471 osten~

228 3510 414 3564 dimus
454 3510 506 3563 in
543 3510 738 3564 Monito
765 3508 830 3562 ad
874 3507 1048 3576 ipsum
1084 3518 1273 3574 poema
1316 3500 1391 3555 De
1419 3502 1622 3571 api/icio
1667 3503 1862 3556 mundi.
1917 3505 2021 3558 Sed
2066 3505 2170 3560 hoc
2221 3507 2275 3559 in
2302 3507 2477 3561 :odice
2523 3517 2719 3576 praeter
2777 3506 3148 3563 Ilexacmeron
3186 3509 3454 3566 habentur

227 3604 401 3656 etiam
463 3603 696 3672 primum
747 3601 841 3654 τοῦ
880 3597 1044 3652 αὑτοῦ
1093 3598 1173 3660 εἰς
1229 3596 1321 3648 τὸν
1390 3597 1619 3666 μάταιον
1675 3595 1785 3665 βὲον
1833 3611 1843 3645 :

1833 3597 1925 3648 καὶ
1973 3596 2094 3650 καθ’
2143 3599 2504 3673 ὑπεριφάνων,
2564 3600 2796 3671 ejusdem
2846 3603 2907 3654 de
2967 3603 3200 3657 vanitate
3232 3605 3352 3659 vim
3400 3617 3449 3660 et

228 3699 484 3752 Idversus
529 3698 791 3768 superbos,
849 3694 1047 3756 iambi,
1079 3708 1310 3763 quorum
1361 3691 1577 3746 initium
1628 3711 1640 3745 :
1701 3689 1844 3740 Ἀνοι

1834 3689 1940 3754 ιξον
1989 3692 2144 3762 ἡμῶν
2197 3695 2292 3749 τοῦ
2337 3695 2595 3766 λογισμοῦ
2651 3697 2750 3759 τάς
2806 3697 2974 3766 κόρας
3006 3737 3020 3762 ,
3066 3699 3263 3754 deinde
3321 3716 3447 3754 vero

233 3792 412 3864 στίχοι
448 3810 542 3846 του
576 3792 742 3846 αὐτοῦ
773 3794 852 3856 εἰς
893 3791 994 3864 τὴν
1020 3790 1182 3858 ἁγίαν
1210 3789 1302 3842 τοῦ
1340 3786 1576 3858 Χριστοῦ
1606 3785 1700 3836 καὶ
1725 3783 1849 3838 Θεοί

1831 3784 1861 3838 ὗ
1902 3789 2058 3858 ἡμῶν
2087 3790 2384 3854 ἁνάσταςιν,
2421 3791 2650 3860 ejusdem
2679 3808 2854 3846 versus
2901 3793 2964 3847 de
2998 3792 3194 3848 Christi
3235 3793 3446 3849 Domini

236 3889 401 3941 nostri
431 3891 828 3955 resurrectione,
855 3902 1085 3958 quorum
1117 3883 1327 3938 initium
1358 3879 1829 3950 εΛευχειμονοῦσα

1861 3881 1949 3936 νῦν
1980 3885 2247 3956 προῆλθεν
2273 3890 2301 3959 η
2328 3887 2519 3952 κτίσις·
2550 3887 2610 3940 τὸ
2641 3887 2747 3960 γὰρ
2778 3889 3048 3943 σκοτεινὸν
3071 3891 3446 3947 ἐκδιδάσκεται

234 3973 416 4042 χρέος.

310 4090 377 4144 Hi
430 4105 548 4154 Strat
595 4097 810 4154 codices
859 4097 912 4151 in
960 4095 1125 4151 Italia:
1169 4087 1514 4148 bibliothecis
1554 4087 1846 4152 asservati,
1884 4088 1936 4144 in
1972 4091 2168 4161 quibus
2205 4111 2362 4166 Opera
2410 4096 2599 4152 Pisidae
2631 4095 3006 4160 continentur;
3042 4113 3144 4152 nec
3187 4100 3274 4154 alii
3318 4110 3448 4156 sunt

233 4181 453 4253 Georgii
485 4179 586 4249 τῆς
616 4188 865 4258 Μεγάλης
908 4183 1202 4256 ἐκκλησίας
1233 4181 1424 4250 στίχοι,
1455 4193 1592 4246 quos
1631 4175 1746 4232 Con
1759 4178 1849 4232 rad

1829 4178 1921 4232 dus
1955 4179 2219 4236 Gesnerus
2254 4188 2304 4238 in
2335 4201 2428 4238 sua
2476 4186 2807 4239 Bibliotheca
2835 4185 2966 4238 dicit
3009 4187 3202 4241 alicubi
3233 4199 3445 4242 exstare

234 4275 290 4329 in
339 4274 522 4339 "alia;
551 4288 613 4326 ³ο
651 4281 870 4340 Phinde
908 4295 1016 4344 non
1065 4275 1336 4331 immerito
1380 4272 1630 4326 irridetur
1670 4269 1739 4324 ab
1765 4270 1849 4323 All

1835 4270 1978 4337 latio,
2006 4275 2148 4343 quod
2182 4275 2251 4329 ita
2302 4279 2576 4348 scripserit
2604 4295 2616 4330 :
2655 4279 2925 4348 Γεωργίου
2961 4281 3178 4351 πόνημα
3209 4283 3304 4334 τοῦ
3350 4284 3445 4335 καὶ

235 4366 480 4424 Πισίδουο
512 4363 789 4430 Inscriptio
814 4372 1047 4424 trimetro
1077 4365 1302 4421 iambico
1335 4362 1472 4428 libri,
1500 4363 1586 4433 qui
1618 4364 1785 4416 nescio
1829 4379 1930 4432 qua
1975 4365 2027 4417 in
2073 4365 2249 4421 Italia:
2287 4363 2587 4422 bibliotheca
2629 4369 2773 4431 latet,
2804 4372 2950 4425 varia
2996 4374 3244 4440 opuscula
3276 4377 3445 4429 conti-

234 4479 383 4524 nens,
412 4467 476 4514 de
515 4467 717 4522 (state,
744 4458 807 4510 de
841 4463 994 4523 olori,
1025 4461 1092 4512 ad
1123 4476 1206 4512 eos
1229 4459 1318 4528 qui
1345 4459 1477 4528 leges
1506 4473 1605 4509 non
1634 4465 1887 4518 metuunt,
1917 4457 1978 4510 de
2009 4471 2303 4529 augmento,
2337 4463 2399 4515 de
2431 4461 2656 4515 sensibus
2702 4464 2924 4526 nostris;
2963 4465 3340 4536 physiologiam
3381 4473 3445 4522 de

233 4554 452 4622 plant-ir,
495 4549 698 4610 avibus,
742 4547 1054 4612 volatilibus,
1094 4551 1422 4615 natatilibus,
1455 4550 1594 4620 feris,
1623 4548 1890 4618 reptilibns
1919 4560 1965 4602 et
2003 4550 2204 4616 herbis;
2237 4557 2298 4607 de
2335 4555 2599 4624 generibus
2643 4557 2984 4623 animalium;
3021 4560 3084 4612 de
3126 4559 3346 4623 locusta,
3379 4563 3444 4616 de

231 4643 532 4706 hirundine,
563 4641 626 4694 de
658 4639 798 4693 malo
830 4640 1047 4707 punica;
1077 4655 1198 4709 qua:
1220 4641 1400 4694 omnia
1427 4639 1732 4694 llexaemeri
1766 4652 1969 4712 partem
1998 4647 2329 4701 constituunt
2357 4665 2370 4700 :
2405 4663 2588 4703 verum
2617 4667 2699 4714 en,
2727 4652 3001 4724 subjungit
3027 4653 3271 4722 Allatius,
3311 4672 3443 4726 quo-

242 4737 398 4791 modo
439 4750 600 4788 unum
636 4743 685 4785 et
718 4734 1075 4786 continuatum
1125 4740 1412 4785 tractatum
1459 4731 1511 4784 in
1563 4731 1736 4801 plures
1780 4752 1860 4788 utr
1897 4737 1993 4791 iste
2037 4740 2292 4807 discerpit.
2334 4739 2516 4796 Annon
2558 4744 2713 4796 etiam
2755 4745 2854 4796 hac
2899 4745 3099 4800 ratione
3141 4756 3189 4800 et
3227 4763 3442 4804 carmen

227 4830 540 4899 quandoque
572 4828 753 4881 unicus
783 4833 1037 4878 tractatus
1064 4833 1112 4878 et
1141 4823 1442 4908 opusculum
1470 4823 1604 4877 erit?
1635 4826 1703 4879 At
1737 4842 1860 4882 vero
1895 4829 2050 4902 longe
2100 4832 2274 4901 plures
2303 4841 2431 4886 sunt
2476 4849 2697 4904 operum
2745 4833 2937 4889 Pisida:
2977 4837 3205 4904 codices,
3249 4840 3340 4909 qui
3384 4840 3439 4894 in

226 4923 572 4980 bibliothecis
609 4933 761 4979 extra
808 4920 1014 4975 Italiam
1058 4925 1306 4974 exstant:
1339 4926 1463 4970 nam
1501 4915 1554 4971 in
1587 4919 1700 4973 sola
1737 4923 1881 4993 regia
1919 4925 2234 5006 Parisiensi,
2272 4943 2377 4996 qua
2414 4929 2556 4984 nulla
2583 4938 2705 5000 post
2743 4929 3049 4986 Vaticanam
3083 4933 3238 5003 plane
3271 4935 3436 4991 ditior

225 5032 328 5088 est,
364 5022 605 5092 quinque
640 5028 768 5075 sunt
808 5017 1037 5077 codices,
1071 5026 1129 5068 ut
1159 5019 1304 5082 patet
1330 5027 1396 5066 ex
1445 5014 1705 5085 catalogo,
1736 5018 1985 5077 videlicet
2031 5024 2150 5088 854,
2189 5024 2340 5088 I277,
2374 5024 2524 5089 I502,
2555 5025 2715 5091 285i,
2751 5026 2911 5092 98H,
2943 5027 3164 5084 iambica
3193 5031 3436 5088 carmina

222 5133 279 5171 tn
317 5117 700 5179 Hexaemeron,
735 5113 847 5168 sive
874 5111 950 5164 De
977 5107 1179 5179 api/icio
1209 5106 1385 5159 mundi
1427 5108 1838 5176 complectentes

1821 5129 1845 5167 s
1874 5116 1974 5170 sub
2002 5128 2184 5185 aperto
2221 5118 2437 5173 nomine
2470 5118 2674 5174 Pisidw.
2716 5119 2820 5175 Sed
2857 5120 3049 5175 ibidem
3081 5122 3166 5177 alii
3195 5125 3437 5195 quinque

223 5217 446 5264 exstant
493 5207 726 5269 codices,
771 5205 824 5259 id
857 5210 941 5258 est
987 5199 1144 5256 2745.
1175 5195 1536 5287 27lli,_2869,
1565 5198 1724 5262 2870,
1772 5203 1934 5277 2895,
1978 5203 2030 5258 ἰη
2070 5208 2263 5275 quibus
2307 5209 2445 5264 idem
2493 5226 2628 5280 opus
2667 5211 2769 5264 sub
2825 5211 2959 5264 falso
2994 5215 3212 5270 nomine
3253 5216 3433 5287 Cyrilli

222 5294 594 5351 Alexandrini.
631 5293 688 5348 In
723 5291 907 5348 codice
946 5297 1123 5343 autem
1171 5285 1303 5340 I630
1344 5285 1594 5357 leguntur
1639 5287 1828 5346 Pisidae
1867 5294 2024 5347 iambi
2073 5295 2146 5350 De
2198 5299 2301 5352 vita
2347 5300 2596 5367 humana,
2629 5317 2858 5370 quorum
2901 5304 3242 5374 άρχοτὲλειαν
3275 5285 3434 5364 nobis

227 5396 449 5454 rogatus
494 5383 640 5440 misit
699 5379 1106 5452 perhumaniter
1134 5376 1207 5434 cl.
1245 5376 1327 5430 vir
1364 5379 1829 5447 Cappcronnerius
1877 5383 2218 5442 bibliothecae
2259 5387 2335 5463 [p.
2364 5389 2557 5463 XXIX]
2611 5392 2788 5464 liegizt:
2824 5406 3034 5460 custos,
3079 5397 3292 5466 qualem
3344 5397 3431 5452 hic

223 5477 456 5532 libenter
482 5475 818 5544 subiicimus,
855 5490 976 5529 cum
1004 5471 1146 5542 quod
1187 5471 1257 5526 ibi
1294 5471 1395 5526 alia
1437 5472 1593 5527 aliter
1624 5490 1688 5529 ac
1726 5475 1777 5529 in
1808 5479 2264 5552 editis‘legantur,
2297 5494 2408 5541 tum
2451 5487 2592 5556 quod
2639 5488 2771 5543 nihil
2802 5489 2990 5546 deesse
3037 5493 3090 5547 in
3122 5493 3228 5548 line
3266 5493 3432 5562 hujus

223 5568 507 5644 poematis,
541 5576 600 5620 ut
629 5567 877 5636 superius
907 5565 1236 5626 dicebamus,
1269 5562 1656 5621 conﬁrmetur:
1689 5565 1795 5620 Τοῦ
1827 5585 1839 5621 ‹

1827 5572 2133 5640 σοφωτάτου
2166 5574 2434 5648 Γεωργίου
2461 5578 2553 5632 τοῦ
2599 5581 2815 5636 Πισίόου
2843 5586 2920 5648 εἰς
2952 5585 3039 5638 τὸν
3083 5583 3427 5657 ἀνθρώπινον

224 5661 338 5730 βίον
367 5661 462 5713 καὶ
491 5659 632 5712 κατὰ
657 5660 1021 5731 ὑπερηφάνων
1051 5658 1297 5729 ἔμμετρα
1327 5659 1574 5728 ιαμϐικά.

301 5774 376 5827 Τὸ
410 5773 746 5846 πρόγραμμα
777 5773 911 5844 πρὸς
951 5772 1196 5843 Χριστόν.
1227 5773 1462 5838 ’Δνοιξον
1492 5774 1645 5846 ἡμῶν
1683 5774 2080 5852 τοῦ,λογισμοῦ
2128 5782 2224 5846 τὰς
2269 5787 2492 5860 πτύχας,
2534 5792 2562 5846 ό
2591 5790 2683 5846 τοῦ
2731 5791 2852 5846 δνου
2884 5799 3010 5847 mw
3033 5793 3328 5860 -έξανοιξας
3357 5792 3458 5853 τι,
