4092 6296
592 298 729 368 1187
1359 362 1376 376 _
1791 303 1936 364 JOS.
1971 303 2208 364 MABM

2167 303 2230 362 2E
2263 303 2576 376 QUERCII
3651 301 3783 368 1188

594 381 790 482 στόμα.
821 409 884 464 Ει
914 407 1009 464 καὶ
1040 407 1284 480 λελέχθαι
1312 362 1692 472 τοϊςθεόπταις
1726 412 1956 463 παντάσι
1991 412 2059 479 τῇ
2087 408 2178 462 τοῦ
2207 362 2326 463 ηδ’
2349 409 2504 480 ἡμῶν
2535 406 2924 478 εὐδιαγνώστου
2967 406 3103 478 βίον.
3135 407 3325 478 Ὅμως
3363 407 3594 472 ἐκεινοις

595 523 757 580 μενος
797 505 1134 568 διδασκάλοις
1171 504 1424 574 ἐμαυτὸν,
1452 503 1526 566 ὡς
1557 504 1768 566 ἔνεστιν,
1813 504 2096 573 ἐμμέτρως
2130 503 2352 572 γράφων
2379 504 2446 557 δι’
2469 499 2537 574 ἧς
2582 504 2838 574 πέπομφα
2887 502 2992 556 τῶν
3028 503 3213 557 παθῶν
3242 503 3508 573 ἀμετρίαν
3539 505 3784 574 γραφεὺς

595 597 838 670 ὶμαυτοῦ
866 595 961 649 καὶ
994 594 1475 665 κατηγορημένων.
1511 591 1662 663 ’Δρχὴ
1701 591 1804 645 τῶν
1836 594 2140 662 ἐμμέτρων·
2185 591 2294 661 Τὴν
2332 591 2425 644 τοῦ
2457 591 2570 662 βίον
2601 593 2827 664 ῥέουσαν
2856 591 3034 644 εἰκόνα
3066 591 3310 661 γράφων.
3342 592 3522 655 Τέλος·
3560 594 3785 665 Ὀχημα

593 687 843 760 λαμπρὸν
866 688 933 741 ἐκ
958 685 1093 738 Θεοῦ
1133 683 1504 754 πεπηγμένον,
1537 683 1720 754 δρόμον
1759 681 2004 752 χρονικδν
2033 679 2091 746 ἐξ
2115 681 2203 733 Ἀδ

2176 680 2283 751 δὰμ
2311 684 2705 754 συλλαμϐάνον.
2741 684 2809 737 At
2848 684 2899 738 in
2933 682 3120 736 eodem
3164 682 3348 736 codice
3384 682 3519 737 1650
3547 684 3652 738 sub
3690 701 3789 740 no-

593 778 742 833 mine
771 776 960 835 Pisidte
991 774 1212 831 veniunt
1239 791 1294 828 ιι.
1323 777 1408 839 77,
1433 790 1600 827 versus
1636 774 1818 826 heroici
1843 773 1907 826 de
1933 773 2105 826 eodem
2146 783 2469 841 argumento,
2505 776 2768 837 videlicet,
2796 775 2859 828 de
2889 774 3124 830 uanitate
3158 773 3312 836 vitta;
3337 789 3394 828 ιι.
3419 774 3508 839 78,
3541 776 3708 830 iambi
3737 779 3790 832 in

595 870 844 941 templum
875 869 1008 940 quod
1034 879 1108 922 est
1153 869 1208 922 in
1255 867 1572 928 Blachernis,
1609 875 1658 921 et
1692 883 1742 920 ιι.
1768 869 1854 931 7t),
1886 867 2264 935 epigrammata
2303 867 2359 920 in
2405 867 2678 928 Davidem,
2721 869 2774 920 in
2823 866 3134 936 theologum,
3168 868 3223 920 in
3258 865 3603 938 Horologium
3649 879 3700 923 et
3735 871 3791 924 in

595 962 770 1033 legum
807 962 1081 1031 sgnopsin;
1109 976 1226 1030 qua
1263 964 1444 1016 omnia
1486 962 1615 1017 falso
1643 978 1752 1018 esse
1785 963 2016 1031 ascripta
2057 963 2241 1017 Pisidae
2281 980 2366 1018 me
2399 965 2605 1019 monuit
2634 965 2878 1020 laudatus
2903 964 3384 1034 Cappcronnerius
3415 967 3568 1035 cujus
3601 977 3794 1024 aucto-

597 1054 812 1109 ritatem
852 1067 1048 1120 sequor
1080 1066 1183 1104 non
1223 1050 1425 1108 invitus
1453 1072 1464 1106 :
1499 1053 1593 1107 sed
1629 1067 1739 1107 cum
1777 1052 1985 1106 iambos
2019 1052 2073 1104 in
2108 1054 2266 1106 (edem
2311 1052 2748 1108 Blachernianam
2773 1053 2985 1123 Georgii
3018 1069 3135 1110 esse
3169 1056 3531 1125 iudicaverint
3562 1061 3651 1114 alii
3692 1063 3796 1118 do-

596 1142 821 1199 ctissimi
851 1142 1098 1211 viri,‘ego
1127 1155 1218 1195 eos
1251 1141 1390 1194 inter
1437 1140 1740 1210 Fragmenta
1770 1154 2052 1194 recensere
2091 1155 2196 1193 non
2239 1141 2475 1196 dubitavi
2513 1159 2619 1196 una
2657 1159 2779 1198 cum
2810 1143 2929 1198 aliis
2954 1145 3282 1200 carminibus
3320 1148 3372 1200 in
3421 1149 3712 1218 Deiparam
3745 1165 3794 1207 et

594 1243 835 1287 sanctum
865 1231 1113 1285 Thomam
1159 1229 1409 1300 aliosque,
1441 1247 1558 1299 qua:
1603 1245 1659 1283 ex
1703 1229 1876 1284 codice
1904 1229 2036 1283 2851
2069 1229 2333 1299 exscripta
2377 1240 2625 1302 tanquam
2657 1235 2889 1303 genuina
2919 1233 3110 1290 Pisidae
3138 1242 3411 1307 opuscula,
3444 1244 3602 1298 nobis
3641 1259 3794 1299 com-

598 1327 895 1382 municavit
925 1327 1067 1382 idem
1098 1322 1590 1394 Cappcronnier-ius.
1623 1320 1698 1373 Νι
1738 1330 1908 1397 autem
1952 1321 2139 1390 loquar
2179 1321 2242 1375 de
2279 1321 2496 1376 homilia
2537 1325 2590 1377 in
2633 1325 2837 1378 beatam
2868 1323 3147 1393 Virginem,
3179 1345 3242 1381 ac
3271 1332 3330 1385 de
3369 1333 3574 1401 vioiﬁca
3602 1351 3671 1387 ac
3703 1352 3794 1388 sa-

599 1424 762 1478 lutati
803 1424 1068 1495 passione,
1111 1437 1230 1490 quae
1266 1422 1321 1473 in
1353 1417 1472 1472 cod.
1503 1417 1635 1470 1207
1672 1416 1884 1488 Georgio
1926 1416 2120 1470 Pisidae
2156 1419 2403 1487 episcopo
2447 1418 2840 1474 Nicomediensi
2885 1420 3141 1496 tribuitur
3179 1439 3191 1476 :
3236 1425 3364 1478 satis
3391 1429 3536 1482 enim
3575 1429 3646 1483 de
3695 1429 3796 1482 bat:

599 1514 884 1569 nominum
911 1513 1125 1582 Georgii
1163 1509 1350 1564 Pisidae
1378 1521 1430 1561 et
1454 1507 1660 1577 Georgii
1686 1507 2097 1563 Nicomediensis
2129 1509 2440 1562 confusione
2463 1510 2665 1564 dictum
2695 1521 2796 1575 est,
2827 1527 2970 1565 nunc
3000 1521 3178 1567 autem
3209 1530 3238 1568 a
3270 1515 3434 1588 Regia
3465 1520 3795 1576 bibliotheca

601 1608 887 1664 Parisiensi
934 1607 1008 1678 (a)
1045 1607 1109 1660 ad
1140 1606 1435 1660 Caesaream
1468 1601 1916 1657 Vindobonensem
1955 1603 2175 1674 gradum
2214 1603 2472 1658 iacientes
2513 1614 2622 1660 tres
2653 1607 2722 1661 ibi
2768 1608 2981 1661 codices
3020 1609 3282 1662 asservari
3329 1610 3698 1668 intelleximus
3731 1629 3797 1667 ex

602 1701 860 1772 catalogis
901 1699 1170 1754 Lambccii
1205 1697 1429 1753 Nesselii
1464 1705 1517 1749 et
1561 1695 1898 1761 Reiinnianni,
1940 1697 2132 1772 Pisidae
2177 1713 2369 1752 nomen
2413 1699 2779 1769 prmierentcs.
2824 1703 2862 1756 li
2901 1712 3082 1757 autem
3113 1715 3238 1756 sunt
3271 1705 3500 1772 primum
3529 1708 3652 1763 cod.
3689 1708 3799 1761 209

604 1790 933 1860 theologicus,
964 1789 1031 1843 de
1060 1804 1166 1858 quo
1193 1786 1508 1841 Lambecius
1553 1785 1640 1838 lib.
1673 1803 1720 1850 ι’,
1743 1803 1792 1856 p.
1820 1786 1904 1850 18,
1938 1798 1993 1840 et
2023 1786 2422 1854 Reimmannus,
2460 1805 2514 1859 p.
2540 1791 2662 1846 558.
2711 1792 2768 1846 In
2810 1808 2894 1859 eo,
2929 1810 2982 1846 ιι.
3015 1793 3067 1858 7,
3104 1792 3252 1846 venit
3296 1792 3652 1850 Hexaemeron
3692 1799 3798 1851 sub

606 1880 711 1935 hoc
744 1880 899 1934 titulo
928 1897 939 1931 :
970 1879 1241 1949 Γεωργίου
1281 1877 1524 1930 διακόνου
1567 1877 1957 1946 ρεφερενδαριου
1988 1877 2082 1929 τοῦ
2116 1878 2217 1929 Elia

2180 1877 2300 1947 ,σίδη
2328 1879 2405 1938 εἰς
2435 1881 2532 1948 τὴν
2580 1879 2937 1953 Ἐξαὴμερον,
2969 1883 3060 1937 sed
3097 1881 3350 1952 pertingit
3387 1892 3596 1938 tantum
3627 1901 3796 1955 usque

604 1973 672 2027 ad
702 1972 876 2025 locum
914 1976 976 2023 de
1005 1968 1259 2024 vermibus
1287 1968 1485 2024 sericis.
1517 1967 1670 2035 cujus
1703 1966 1786 2020 ilic
1834 1968 1932 2020 boc
1958 1975 2040 2020 est
2071 1966 2220 2036 princ

2183 1967 2384 2036 tcipium
2411 1985 2424 2021 :
2456 1969 2610 2032 Ποῖος
2638 1970 2692 2022 δὲ
2720 1973 2812 2025 καὶ
2842 1972 3096 2043 σκώληκα
3129 1979 3498 2049 σηρικονόμος.
3519 1981 3799 2037 Secundus

601 2065 776 2120 codex
819 2072 902 2118 est
939 2064 1031 2134 qui
1077 2063 1132 2116 in
1165 2064 1390 2141 classem
1426 2059 1752 2113 medicorum
1771 2060 1964 2114 relatus
1989 2059 2232 2130 signatur
2259 2077 2308 2114 ιι.
2335 2062 2435 2126 48ς
2463 2063 2529 2116 de
2563 2078 2628 2117 eo
2667 2063 3004 2129 Lambecius,
3039 2066 3133 2122 lib.
3160 2085 3231 2133 γι,
3273 2086 3326 2141 p.
3362 2071 3481 2133 162,
3518 2081 3575 2125 et
3620 2073 3810 2127 Reim-

604 2176 863 2221 mannus,
904 2178 956 2230 p.
992 2160 1113 2214 495.
1153 2137 1364 2210 Titulus
1412 2164 1494 2210 est
1532 2177 1543 2210 ;
1581 2153 1684 2207 Τοῦ
1732 2156 2017 2225 σιφωτάτου
2060 2156 2219 2224 κυρὶο

2195 2173 2252 2208 ου
2296 2157 2560 2227 Γεωργίου
2609 2158 2702 2211 τοῦ
2739 2159 2985 2224 Πισίδους
3031 2162 3160 2230 περὶ
3210 2160 3383 2224 ζώων.
3415 2161 3811 2230 Sapientissimi

603 2250 802 2304 domini
835 2249 1039 2319 Georgii
1068 2248 1261 2302 Pisidaz
1301 2262 1482 2316 poema
1533 2245 1789 2298 iambicun
1821 2248 1883 2300 de
1911 2245 2248 2310 animalibus,
2279 2260 2414 2314 quon
2442 2257 2526 2302 est
2561 2246 2935 2304 Hexaemeron
2967 2268 2980 2303 :
3012 2249 3104 2303 sed
3145 2251 3303 2320 hujus
3352 2251 3489 2304 tituli
3531 2267 3813 2320 respectu,

607 2358 670 2404 ut
697 2347 1015 2402 Lambecius
1048 2347 1138 2409 ait,
1177 2346 1234 2400 lit
1259 2349 1376 2414 ejus
1404 2344 1582 2413 operis
1613 2342 1750 2396 inter
1781 2342 1998 2396 nedicos
2026 2342 2228 2396 mentio
2259 2352 2502 2412 tanquam
2530 2344 2594 2398 ad
2627 2345 2902 2400 historiam
2943 2345 3254 2399 animalium
3288 2342 3633 2412 pertinentis,
3663 2347 3818 2414 quod

607 2437 830 2493 omnino
858 2436 1049 2491 melius
1076 2435 1142 2490 ad
1170 2435 1392 2489 classem
1425 2433 1999 2504 tbeologieamrefcras.
2030 2432 2184 2486 Circa
2215 2431 2368 2485 linem
2403 2434 2563 2504 hujus
2583 2439 2863 2504 poematis,
2898 2449 3092 2503 nempe
3114 2448 3144 2485 e
3169 2430 3385 2500 regione
3409 2448 3462 2486 v.
3494 2432 3631 2486 1856
3661 2450 3674 2485 :
3702 2437 3822 2488 Καὶ

608 2530 720 2594 δός,
754 2530 807 2582 in
845 2529 1082 2599 margine
1112 2526 1311 2582 codicis
1351 2528 1461 2580 haec
1486 2527 1712 2595 ascripta
1743 2535 1842 2579 smt
1872 2525 2054 2589 verba,
2079 2523 2213 2593 πρὸς

2203 2542 2213 2585 ;
2247 2523 2560 2594 Ἡράκλειον
2595 2527 2761 2596 λέγει,
2795 2538 2850 2582 et
2885 2529 3043 2597 paulo
3072 2532 3194 2595 post
3230 2539 3260 2578 c
3284 2523 3506 2593 regione
3527 2523 3608 2595 ῃ).
3640 2525 3819 2600 XXX]

609 2638 665 2676 ν.
697 2619 874 2674 188οε
921 2621 977 2671 ὐ
1008 2619 1368 2689 πατριάρχης,
1413 2616 1540 2671 item
1579 2618 1691 2670 haec
1723 2616 1963 2685 leguntur,
2005 2617 2139 2685 πρὸς
2175 2614 2225 2664 Σε

2202 2614 2390 2684 ιέργιον
2431 2616 2594 2685 λέγει.
2629 2617 2843 2672 Tertius
2889 2620 3056 2673 codex
3087 2623 3201 2678 est,
3244 2629 3310 2667 ex
3345 2628 3453 2682 quo
3499 2614 3818 2681 Nesselius.

611 2718 751 2780 part.
779 2725 854 2774 tv,
886 2724 940 2778 p.
966 2708 1053 2774 83,
1085 2716 1140 2762 et
1178 2705 1584 2769 Reintmannus,
1621 2715 1812 2776 parl.t,
1844 2705 1934 2758 lib.
1964 2721 2023 2768 ιι,
2058 2721 2109 2773 p.
2140 2705 2226 2766 72,
2265 2706 2403 2761 hunc
2437 2708 2648 2762 titulum
2678 2709 2997 2778 proferunt:
3027 2711 3223 2764 Poema
3266 2709 3344 2764 vel
3385 2726 3564 2766 versus
3600 2714 3821 2766 iambict'

609 2801 676 2853 de
703 2798 1040 2863 animalibus,
1071 2796 1271 2860 avibus,
1313 2789 1510 2864 plantis
1545 2806 1593 2848 et
1625 2794 1782 2847 herbi.
1813 2797 1943 2864 forte
1971 2791 2179 2861 Georgii
2216 2792 2404 2846 I’isido:
2438 2796 2517 2849 vel
2565 2793 2756 2860 Pselli,
2798 2799 2887 2851 sed
2914 2800 2978 2850 ab
3022 2798 3174 2852 initio
3218 2797 3411 2851 mutili.
3458 2799 3511 2852 Id
3555 2814 3657 2871 ego
3689 2817 3820 2855 cum

611 2890 888 2962 legissem,
914 2904 1016 2943 nec
1044 2887 1200 2957 plane
1230 2887 1424 2940 scirem
1462 2885 1603 2939 unde
1629 2899 1691 2938 ea
1715 2893 1920 2936 orretur
1945 2882 2087 2935 circa
2129 2881 2358 2935 Pisidam
2384 2894 2435 2938 et
2464 2884 2693 2939 Psellum
2726 2886 3010 2950 dubitatio,
3042 2890 3303 2960 Optimum
3331 2890 3504 2945 virum
3532 2892 3817 2947 Nicolaum

612 2984 928 3045 Forlosiam,
955 2995 1118 3035 unum
1145 2995 1175 3032 e
1208 2979 1522 3033 custodibus
1561 2978 1871 3033 bibliotlme
1918 2975 2368 3040 Vindobonensis,
2411 2979 2562 3046 cujus
2597 2983 2985 3038 consuetudine
3015 2985 3204 3038 utebar
3240 2983 3652 3053 jucundissima,
3687 2985 3854 3040 dutl‘

612 3079 790 3130 essem
815 3072 1056 3134 Viennae,
1089 3084 1232 3122 nunc
1259 3078 1436 3123 autem
1468 3079 1640 3123 morte
1669 3068 1954 3138 subeptum
1991 3083 2115 3120 cum
2159 3065 2314 3120 bonis
2357 3064 2527 3131 doleo,
2555 3067 2692 3122 datis
2724 3069 2914 3125 litteris
2958 3076 3132 3144 rogavi
3163 3085 3221 3129 ut
3248 3075 3368 3145 ejus
3410 3077 3616 3131 codicis
3655 3093 3818 3131 acea-

617 3166 877 3220 ratiorem
920 3160 1339 3230 descriptionem
1373 3156 1437 3211 ad
1469 3172 1555 3210 mc
1595 3159 1822 3211 mittert.
1859 3154 1910 3208 ls
1939 3163 2118 3208 autem
2151 3152 2456 3208 humaniter
2499 3155 2772 3226 rescripsit
2812 3161 3052 3216 codicem
3098 3179 3197 3219 nec
3241 3167 3460 3234 Optima:
3486 3177 3633 3220 nota:
3671 3183 3816 3230 esse,

613 3262 759 3334 quod
791 3244 994 3331 placuit
1035 3256 1390 3312 Reimmanno
1422 3267 1684 3314 asserere,
1720 3267 1793 3307 ne
1827 3249 1996 3304 nitide
2032 3247 2319 3318 scriptum;
2368 3247 2643 3304 continere
2683 3259 2862 3307 autem
2912 3256 3179 3311 variorum
3224 3268 3507 3314 auctorum
3555 3261 3816 3329 opuscula

615 3357 758 3413 male
805 3357 940 3410 farta
985 3364 1039 3408 et
1070 3361 1270 3413 assuta,
1301 3364 1529 3418 quorum
1564 3347 1780 3417 primun
1811 3352 1958 3400 esset
1988 3357 2204 3398 carmen
2249 3340 2536 3395 iambicum
2584 3344 2637 3396 in
2679 3345 2814 3400 duas
2853 3349 3130 3406 columnas
3181 3353 3470 3424 digestum,
3502 3356 3818 3412 charactere

616 3447 845 3503 barbaro
867 3453 923 3498 et
947 3457 1169 3514 prorsus
1197 3439 1424 3492 evanido
1462 3435 1924 3503 exaratum,:ujus
1967 3439 2052 3486 est
2093 3431 2232 3484 initit

2200 3431 2301 3484 ium
2337 3452 2348 3484 :
2381 3431 2609 3502 Χλωρὰν
2648 3434 2702 3488 δὲ
2751 3436 2849 3508 τὴν
2894 3441 3166 3511 ἄγρωστιν
3198 3445 3246 3495 εἰ
3292 3447 3456 3515 φάγει
3502 3447 3673 3502 κύων.
3709 3450 3816 3502 Sed

621 3535 708 3589 hic
735 3542 819 3587 est.
842 3545 1030 3585 versus
1059 3529 1155 3583 961
1190 3524 1498 3579 Hexaemeri
1527 3523 1749 3588 Pisidae;
1789 3531 1948 3591 taque
1977 3520 2052 3574 nil
2081 3519 2241 3572 habet
2272 3518 2356 3573 hic
2383 3521 2524 3589 quod
2554 3533 2676 3593 agat
2716 3525 2942 3584 Psellus.
2972 3533 3042 3586 At
3087 3551 3215 3590 vero
3256 3550 3453 3608 praeter
3499 3541 3666 3595 hosce
3708 3549 3820 3593 tres

616 3633 834 3689 codices
881 3630 1322 3684 Vindobonenses
1392 3620 1754 3674 Hexaemeron
1800 3615 1991 3670 Pisidae
2040 3612 2373 3669 continentes
2416 3613 2523 3669 duo
2569 3617 2656 3670 alii
2707 3635 3074 3680 memorantur
3103 3645 3133 3682 a
3163 3628 3467 3698 Lambecio,
3514 3634 3570 3688 in
3623 3633 3823 3704 quibus

620 3734 913 3782 occurrunt
972 3722 1142 3778 nostri
1206 3715 1417 3786 Georgii
1484 3710 1806 3782 fragmenta:
1853 3725 1975 3764 nam
2035 3708 2092 3762 in
2166 3706 2236 3760 lib

2205 3707 2254 3760 b.
2306 3720 2378 3770 tv,
2436 3723 2489 3776 p.
2543 3712 2668 3776 208,
2709 3716 2840 3772 dicit
2894 3719 2945 3773 in
2977 3722 3160 3777 codice
3212 3726 3343 3792 188,
3391 3744 3448 3784 n.
3496 3729 3601 3793 22,
3635 3729 3821 3783 haberi

621 3817 1009 3886 Expositionem
1055 3811 1244 3882 psalmi
1285 3824 1372 3863 cui
1405 3824 1418 3861 :
1453 3803 1672 3873 Εὐλόγει
1709 3805 1738 3874 ἡ
1780 3804 1914 3874 ψυχὴ
1975 3818 2074 3873 μου
2119 3800 2202 3853 τὸν

2249 3798 2473 3870 Κύριον.
2504 3803 2572 3881 al)
2602 3821 2867 3879 anonymo
2909 3826 3130 3868 auctore
3163 3817 3438 3874 collectam
3478 3836 3543 3876 ex
3584 3820 3818 3874 Eusebio

622 3907 923 3976 Pamphili,
971 3905 1031 3959 S.
1081 3902 1331 3961 Maximo,
1375 3907 1505 3962 etc.,
1548 3905 1602 3949 et
1633 3894 1846 3966 Georgio
1906 3893 2119 3957 Pisida,
2167 3890 2318 3959 cujus
2377 3891 2610 3946 citantur
2673 3897 2832 3955 iambi
2881 3920 2944 3956 ex
2993 3918 3241 3974 poemate
3291 3913 3367 3967 lle
3399 3915 3606 3983 api/icio
3641 3907 3820 3967 πίτυιιί

622 4001 930 4076 desumpti;
960 4009 1015 4054 et
1053 4001 1104 4052 in
1137 3998 1229 4053 lib.
1256 4013 1307 4060 v,
1340 4013 1392 4066 p.
1424 3997 1524 4050 106
1559 3995 1722 4048 aiLin
1756 3993 1930 4049 codice
1959 3992 2057 4046 2M
2094 3999 2300 4045 exstare
2343 3987 2564 4045 Joannis
2605 3997 2925 4063 patriarchae
2962 4004 3284 4064 Antiocheni
3314 4011 3536 4082 Eclogas
3566 4004 3816 4064 ωδειίεαε

621 4115 691 4155 ex
727 4099 889 4154 variis
928 4097 1274 4166 scriptoribus
1339 4092 1706 4147 ecclesiasticis
1755 4093 2024 4156 collectas,
2075 4104 2206 4158 quos
2257 4089 2398 4142 inter
2446 4089 2731 4148 laudantur
2782 4097 3064 4171 Evagrius,
3123 4102 3259 4175 Περὶ
3315 4083 3816 4157 κενοδοέιάς,”ειι·ο

623 4190 702 4248 De
737 4206 870 4244 varia
925 4188 1120 4259 gloria,
1159 4196 1215 4240 et
1259 4183 1515 4255 Georgius
1554 4184 1744 4247 Pisida,
1773 4183 1858 4255 qui
1897 4182 1964 4238 de
2010 4181 2194 4235 eodem
2245 4191 2558 4251 argumento
2599 4186 2830 4256 scripsit.
2889 4189 2991 4246 Sed
3035 4202 3201 4248 restat
3242 4193 3413 4247 adhuc
3461 4184 3598 4237 alter
3647 4187 3815 4237 codex

621 4278 782 4348 plane
839 4291 948 4330 non
993 4274 1344 4338 omittendus,
1382 4273 1471 4341 qui
1539 4273 1590 4326 in
1632 4273 1880 4334 Nesselio,
1938 4279 2072 4340 part.
2117 4285 2168 4333 γ,
2219 4285 2270 4338 p.
2326 4269 2425 4323 174
2464 4280 2548 4325 est
2590 4272 2710 4338 124,
2761 4286 2816 4332 et
2861 4279 2913 4332 in
2967 4281 3317 4336 Ileimmanno
3353 4281 3489 4341 part.
3516 4287 3580 4334 ιι,
3620 4271 3716 4325 lib.
3743 4289 3819 4330 ιι.

621 4383 680 4437 p.
707 4367 830 4432 701,
871 4375 952 4422 est
995 4367 1096 4420 54:
1132 4380 1362 4434 namque
1388 4379 1451 4418 ex
1478 4379 1544 4417 eo
1571 4366 1778 4418 videtur
1801 4359 2100 4418 conﬁrmari
2141 4361 2195 4415 id
2223 4361 2366 4430 quod
2395 4364 2638 4431 superius
2665 4370 2962 4425 concedere
3009 4373 3272 4428 noluimus
3302 4362 3532 4426 “ﬁdem.
3574 4363 3818 4416 Ρὶδίάίηη

621 4467 818 4526 praeter
851 4463 1041 4511 caatera
1077 4457 1236 4509 etiam
1284 4453 1564 4509 Chronicon
1609 4454 1859 4523 scriptum
1913 4449 2205 4518 reliquisse.
2254 4447 2382 4517 Ejus
2427 4450 2622 4504 codicis
2664 4452 3075 4525 descriptionem
3125 4459 3356 4528 primum
3403 4454 3708 4521 Nessclius,
3756 4472 3820 4510 ac

622 4549 817 4607 deinde
844 4562 908 4600 ex
937 4561 1002 4600 eo
1034 4545 1098 4599 ad
1131 4545 1351 4598 verbum
1380 4543 1458 4596 sic
1500 4542 1642 4597 dedit
1689 4543 2106 4596 Ileimmannus:
2150 4536 2324 4591 Codex
2356 4555 2450 4591 ms.
2495 4541 2765 4606 historicus
2795 4545 3026 4609 Grarcus,
3059 4549 3376 4612 rhartaceus,
3409 4549 3609 4600 recenti
3655 4563 3819 4600 mann

623 4645 868 4712 scriptus,
904 4642 1025 4696 olim
1052 4643 1121 4695 ad
1167 4640 1522 4694 bibliothecam
1552 4639 1612 4692 cl.
1640 4640 1738 4691 viri
1771 4639 1990 4712 .Davidis
2032 4635 2316 4690 Iloeschelii
2357 4637 2628 4702 pertinens,
2668 4654 2768 4706 quo
2798 4639 3002 4712 Georgii
3044 4643 3257 4709 Pisida’,
3288 4642 3493 4695 diaconi
3523 4651 3572 4694 et
3607 4643 3819 4696 charta-

627 4731 859 4802 phglacis
887 4733 1086 4802 Magna:
1115 4730 1338 4784 ecclesire
1363 4731 1666 4800 Cpolitanaz,
1701 4739 1746 4783 et
1779 4729 1960 4799 Cgrilli
1994 4731 2227 4783 monachi
2271 4729 2590 4782 Breviarium
2624 4731 3116 4804 chronographicum
3144 4753 3207 4790 ea:
3235 4737 3394 4791 variis
3433 4737 3662 4790 historiis
3693 4754 3817 4790 con-

626 4815 916 4887 cinnatum,
949 4825 1012 4876 ab
1041 4821 1158 4874 orbe
1187 4821 1390 4874 condito
1418 4838 1574 4892 usque
1603 4821 1670 4873 ad
1702 4819 2092 4873 Constantinum
2134 4819 2262 4888 imp.
2290 4817 2472 4870 Leonis
2502 4815 2758 4883 Sapientis
2787 4825 3074 4878 continetur
3113 4827 3306 4895 (ilium,
3345 4845 3461 4880 cum
3499 4829 3820 4897 interpreta-

628 4918 766 4968 tione
796 4914 983 4969 Latina
1013 4931 1041 4968 e
1072 4913 1272 4984 regione
1300 4912 1486 4979 posita.
1517 4911 1622 4966 Sed
1653 4925 1774 4964 cum
1803 4912 1915 4965 hate
1945 4912 2075 4976 mihi
2106 4910 2411 4966 viderentur
2436 4907 2576 4961 inter
2603 4906 2667 4960 se
2698 4924 2804 4962 non
2839 4917 3142 4984 convenire,
3171 4934 3202 4972 a
3231 4934 3402 4988 nuper
3442 4919 3661 4972 laudato
3700 4919 3822 4972 viro

627 5007 846 5063 Nicolao
872 5007 1102 5062 Forlosia
1133 5007 1258 5080 petii
1290 5016 1348 5060 ut
1378 5007 1622 5061 eumdem
1649 5004 1885 5060 codicem
1914 5007 2068 5076 paulo
2092 5003 2346 5060 attentius
2373 5001 2753 5065 consideraret,
2780 5015 2830 5057 et
2856 5007 3039 5064 saltem
3071 5013 3282 5068 titulum
3324 5015 3449 5070 inde
3485 5015 3819 5083 exscriptum

629 5102 700 5159 ad
726 5119 812 5157 me
847 5105 1097 5157 mitteret.
1140 5101 1228 5157 llle
1262 5109 1441 5156 autem
1474 5099 1587 5152 τόδε
1623 5113 1708 5166 μοι
1742 5097 1971 5167 κρήηνεν
2012 5095 2224 5163 ὲέλδωρ,

2211 5135 2224 5160 ,
2255 5093 2320 5147 ad
2353 5093 2528 5146 omnia
2571 5093 2752 5162 paucis
2788 5097 3083 5155 rescribens
3112 5120 3126 5156 :
3161 5103 3334 5158 Codex
3360 5116 3432 5158 est
3463 5107 3822 5166 recentissima

627 5195 871 5263 scriptus,
913 5204 961 5248 et
1004 5196 1220 5264 fortasse
1254 5207 1394 5250 anno
1426 5189 1599 5245 1575ε
1643 5203 1764 5242 nam
1808 5189 1861 5240 in
1896 5186 1996 5256 ﬁne
2033 5186 2243 5253 cujusda

2205 5187 2301 5238 lam
2350 5186 2552 5255 pagina:
2581 5186 2688 5238 htvc
2718 5185 2867 5256 lego:
2913 5187 3048 5244 Ὑπὸ
3069 5195 3314 5266 Ἀνδρέου
3358 5198 3681 5269 Λαρμαρίου
3725 5199 3821 5250 τοῦ

643 5285 983 5355 Ἐπιδαυρίου
1012 5285 1159 5349 τέλος
1197 5286 1430 5340 λαϐοῦσα
1462 5286 1611 5358 ,αφξη
1645 5284 1839 5338 Titulus
1867 5290 2060 5343 autem,
2092 5297 2240 5350 quem

2211 5297 2240 5334 η
2272 5289 2396 5348 puto
2427 5279 2488 5332 ab
2518 5280 2757 5349 imperito
2791 5291 2837 5334 et
2864 5285 2978 5336 rudi
3011 5288 3259 5360 scriptore
3289 5291 3511 5359 afﬁctum
3541 5291 3693 5352 libro,
3741 5292 3827 5343 hic

630 5389 743 5436 est:
773 5377 1042 5450 Γεωργιου
1071 5377 1161 5432 τοῦ
1194 5381 1429 5446 Πισίδου,
1461 5382 1553 5434 καὶ⁸
1585 5379 1860 5449 Κυρίὶλου.
1896 5375 1999 5427 Τοῦ
2032 5376 2088 5427 έν
2118 5376 2285 5443 ἁγίοις
2324 5375 2531 5444 [ἰατρὸς
2571 5375 2725 5444 ἡμῶν
2767 5376 3024 5447 Κυρίλλου
3070 5381 3492 5453 χρονογραφικδν
3537 5381 3822 5450 σύντομον,

633 5473 770 5544 ὅπερ
803 5471 908 5528 ὑπὸ
941 5471 1206 5543 διαφόρων
1248 5472 1532 5544 ἱστορικῶν
1559 5472 1887 5538 συνελέξατο.
1917 5467 2103 5539 Στίχος
2135 5468 2344 5538 ἴαμσος.
2378 5467 2584 5539 Δρόμον
2635 5472 2879 5541 χρονικδν
2910 5471 2966 5538 ἐξ
2991 5475 3160 5547 Ἀδὰμ
3199 5475 3586 5546 συλλαμϐάνον.
3623 5473 3687 5530 '0
3720 5474 3830 5545 μὲν

699 5670 772 5732 (a)
803 5667 922 5720 Vide
945 5667 1068 5732 intra
1097 5665 1406 5732 Immanuelis
1430 5668 1637 5732 llekkeri
1676 5665 2006 5732 I‘rzrfationem
2030 5676 2174 5730 quam
2200 5663 2456 5732 opusculis
2486 5662 2733 5732 historicis
2777 5665 2948 5716 Pisidae
2974 5669 3196 5729 pra'lixit.
3229 5670 3291 5718 Ea
3317 5681 3447 5718 enim
3469 5672 3658 5717 tantum
3687 5681 3846 5717 contr

614 5726 870 5818 oplectttur
902 5731 1205 5798 Scriptorum
1223 5730 1438 5782 hlleI'liB
1464 5729 1728 5790 Byzantina:
1753 5728 1971 5778 recensio
1996 5726 2253 5774 notissima
2277 5726 2564 5776 Bootiensis.
2593 5727 2720 5777 Ευιι.
