4092 6296
559 307 689 379 1191
1151 389 1153 392 γ
1749 320 1894 382 IOS.
1940 319 2175 380 ΜΛΒΙΛ

2171 318 2211 384 Ε,
2244 317 2560 389 QUERCII
3330 254 3339 275 ⁸
3655 312 3787 375 1192

557 423 801 480 Latinam
833 425 958 479 olim
1004 428 1247 495 vertisse,
1273 430 1417 498 quod
1450 440 1630 485 tamen
1664 448 1940 503 nunquam
1984 432 2117 487 vidit
2148 431 2355 497 lucem,
2398 430 2613 486 codices
2645 427 2931 483 Vaticanos
2964 428 3066 483 155
3106 436 3162 482 et
3197 426 3318 490 154.
3365 442 3395 481 e
3437 426 3637 493 quibus
3667 443 3791 481 ver-

555 520 764 575 sionem
811 521 1020 590 paravit
1049 538 1240 588 suam,
1291 531 1553 587 attentius
1600 534 1973 596 consideravt,
2018 541 2179 600 atque
2218 545 2285 583 ex
2333 528 2399 583 iis
2443 537 2629 598 aperte
2674 526 3007 597 deprehendi
3057 525 3369 580 Chronicon
3427 522 3727 579 llamartoli
3759 540 3789 576 a

553 612 840 673 Chrenicis
866 628 1027 683 supra
1064 603 1393 685 memoratis,
1424 638 1542 692 quae
1577 626 1628 678 in
1659 624 1882 678 aliarum
1922 622 2369 677 bibliothecarum
2411 618 2688 673 codicibus
2713 618 2835 672 aliis
2870 616 3115 687 Georgiis
3146 619 3477 677 tribuuntur,
3518 614 3659 668 nihil
3698 623 3793 667 aut

553 702 707 756 valde
739 719 927 773 parum
960 704 1197 770 diﬁ‘erre,
1223 706 1475 779 idemque
1505 712 1727 765 omnino
1753 727 1872 767 esse
1901 727 1966 766 ac
1999 710 2390 765 Coislinianum
2423 725 2453 763 a
2493 707 2891 763 Montfauconio
2924 707 3221 762 laudatum.
3264 705 3394 760 Nam
3438 714 3637 775 praeter
3666 718 3793 773 pro-

553 798 753 871 logum,
784 796 973 854 Πολλοὶ
1010 802 1108 872 μὲν
1143 805 1251 855 τῶν
1279 804 1383 871 ἔξω
1424 808 1736 877 φιλολόγων,
1763 825 1921 879 quem
1952 825 2006 879 p.
2032 809 2128 863 35l

2175 817 2345 861 totum
2389 806 2675 875 exscripsit
2716 803 2962 868 Allatius,
2999 803 3214 857 codices
3256 797 3498 861 Vaticani
3534 795 3789 850 eumdem

551 891 714 944 etiam
754 891 1049 961 pra-ferunt
1093 894 1325 961 titulum,
1362 898 1613 969 idemque
1641 901 1708 955 de
1739 900 1949 955 duabus
1988 898 2197 952 ﬁliabus
2226 899 2395 951 Adam
2434 902 2798 950 commentum
2838 893 2924 946 his
2971 891 3187 945 verbis:
3221 886 3483 959 Χρονικὸν
3524 883 3794 951 σύντομον

550 979 615 1031 ἐκ
640 979 909 1050 διαφόρων
938 983 1319 1052 χρονογράφων
1349 989 1442 1039 καὶ
1468 988 1750 1059 ἐξηγητῶν
1794 988 2046 1057 συλλεγὲν
2076 988 2168 1041 καὶ
2204 985 2457 1039 συντεθὲν
2486 984 2590 1039 ὑπὸ
2617 983 2889 1055 Γεωργίου
2925 977 3252 1053 ἁμαρτωλοῦ
3291 974 3548 1049 μοναχοῦ.
3598 973 3795 1035 Βίϐλος

549 1073 819 1139 γενέσεως
863 1073 1185 1146 ἀνθρώπων,
1311 1076 1495 1147 ἡμέρᾳ
1527 1077 1791 1130 ἔπλαττεν
1836 1080 1865 1131 6
1906 1078 2039 1140 Θεὸς
2079 1077 2169 1130 τὸν
2195 1075 2365 1145 Ἀδὰμ
2397 1076 2517 1128 κατ’
2562 1075 2745 1128 εἰκόνα
2793 1075 2885 1127 καὶ
2916 1072 3173 1143 ὁμοίωσιν
3224 1068 3409 1123 αὑτοῦ.
3447 1069 3507 1119 '0
3535 1065 3592 1118 δὲ
3617 1064 3797 1134 ’Δδὰμ

549 1164 838 1233 ἐγέννησεν
880 1166 1029 1228 υἱοὺς
1060 1168 1208 1237 τρεῖς
1237 1167 1332 1220 καὶ
1378 1166 1683 1238 θυγατέρας
1714 1168 1826 1230 δύο,
1862 1168 1954 1221 τὸν
2000 1166 2161 1233 Καῖν,
2206 1168 2300 1219 καὶ
2348 1164 2637 1232 τὸνἈὸὲλ,
2688 1164 2779 1219 καὶ
2825 1165 2914 1218 τὸν
2963 1163 3092 1234 Σὴθ,
3139 1162 3232 1216 καὶ
3264 1159 3649 1232 τὴνἊξύραν,
3697 1159 3797 1211 καὶ

546 1251 647 1324 τὴν
673 1253 934 1325 ’Δσουάμ.
973 1255 1082 1308 Καὶ
1107 1258 1135 1310 6
1170 1256 1267 1326 μὲν
1294 1256 1464 1327 ’Λδὰμ
1494 1259 1635 1312 κατὰ
1666 1259 1913 1313 κὲλευσιν
1939 1258 2073 1311 Θεοῦ
2106 1258 2373 1329 ἐπέθηκεν
2402 1258 2640 1328 ὀνόματα
2680 1259 2811 1310 πᾶσι
2841 1259 2953 1319 τοῖς
2980 1255 3343 1327 τετραπόδοις.
3376 1254 3470 1306 καὶ
3499 1252 3797 1315 πετεινοῖς,

549 1350 645 1403 καὶ
668 1350 971 1421 ἀμφιὸἰοις,
997 1353 1091 1406 καὶ
1119 1353 1387 1423 ἑρπετοῖς,
1421 1352 1515 1406 καὶ
1551 1354 1751 1425 ἰχθύσι,
1782 1357 1878 1409 καὶ
1918 1356 2032 1418 τοῖς
2065 1352 2259 1407 ἑαυτοῦ
2282 1354 2496 1417 τέκνοις
2519 1370 2532 1382 ·
2562 1353 2623 1405 τὸ
2656 1352 2712 1407 δὲ
2742 1353 2908 1407 αὑτοῦ
2942 1353 3116 1422 ὖνομα
3140 1352 3235 1405 καὶ
3265 1352 3363 1421 τῆς
3401 1349 3661 1417 γυναικὸς
3693 1347 3797 1399 αι’)-

544 1438 641 1493 τοῦ
670 1441 898 1509 ἄγγελος
928 1444 1133 1516 Κυρίου
1167 1442 1320 1500 εἶπεν
1362 1448 1564 1512 αὐτοῖς.
1612 1448 1721 1501 Καὶ
1750 1450 1778 1500 ὀ
1816 1447 1916 1517 μὲν
1954 1445 2094 1501 Καῒν
2121 1445 2279 1498 ἔλαϐε
2304 1444 2380 1516 [p.
2419 1444 2656 1516 XXXIII]
2686 1447 2918 1513 γυναῖκα
2951 1444 3051 1515 τὴν
3090 1445 3315 1516 πρώτην
3348 1441 3585 1512 ἀδελφὴν
3622 1439 3796 1493 αὐτοῦ

548 1529 802 1600 Ἀζύραν,
831 1533 859 1585 6
892 1532 947 1584 δὲ
978 1534 1082 1604 Σὴθ
1116 1536 1216 1605 τὴν
1237 1536 1493 1605 δευτέραν
1520 1535 1775 1604 Ἀσουάμ.
1820 1535 1929 1588 Καὶ
1956 1535 1984 1586 ό
2026 1535 2125 1604 μὲν
2154 1532 2164 1550 ¹

2179 1533 2331 1597 Αδὲλ,
2363 1550 2417 1589 κ.
2460 1551 2511 1586 τ.
2541 1534 2591 1586 λ.
2619 1533 2804 1602 Itaque
2834 1532 2919 1587 vel
2952 1533 3130 1587 omnia
3170 1534 3286 1587 haec
3318 1532 3589 1586 Chronica
3619 1545 3795 1583 unum

546 1624 907 1694 eumdemque
946 1627 1147 1683 habent
1173 1638 1447 1683 auctorem
1475 1629 1785 1698 Georgium,
1818 1630 1861 1684 si
1893 1629 2086 1699 placet,
2136 1628 2527 1691 llamartolum,
2573 1628 2656 1683 vel
2703 1636 2831 1682 sunt
2876 1644 2942 1683 ex
2985 1629 3103 1683 aliis
3150 1628 3437 1683 Chronicis
3473 1642 3504 1680 a
3547 1624 3797 1695 quolibet

547 1710 777 1783 Georgio
813 1716 1121 1785 compilata,
1162 1735 1321 1788 quem
1357 1737 1477 1776 esse
1522 1722 1756 1776 Pisidam
1799 1738 1959 1776 nemo
1999 1736 2163 1776 sanus
2198 1737 2319 1774 cum
2368 1719 2580 1774 lladero
2618 1721 2851 1790 posthac
2886 1720 3103 1775 dixerit.
3151 1721 3259 1775 Sed
3306 1721 3420 1773 base
3467 1718 3630 1771 nimis
3680 1715 3793 1769 for-

548 1810 689 1857 tasse
721 1805 877 1877 longa
910 1816 1056 1873 sunt,
1101 1819 1159 1864 ut
1201 1810 1467 1883 intelligas
1508 1811 1738 1866 Pisidam
1770 1828 1871 1866 nec
1910 1812 2153 1867 codicum
2198 1826 2299 1866 nec
2328 1821 2607 1865 auctorum
2641 1812 2743 1864 ﬁde
2771 1812 3253 1882 chronographicis
3287 1810 3641 1879 scriptoribus
3670 1822 3794 1861 esse

544 1897 1040 1956 annumerandum.
1067 1898 1184 1952 iam
1224 1903 1439 1956 tandem
1482 1918 1609 1957 vero
1648 1903 1777 1955 nulli
1808 1903 1895 1955 alii
1937 1911 2229 1974 supersunt
2258 1902 2472 1958 codices
2506 1903 2747 1972 ejusdem
2783 1903 2979 1958 Pisidae
3019 1904 3358 1965 recensentli,
3396 1918 3559 1971 quam
3594 1902 3689 1970 qui
3728 1900 3786 1953 in

544 1984 869 2043 bibliotheca
902 1990 1179 2059 Bavarica,
1230 2011 1383 2049 num.
1412 1996 1499 2061 51,
1531 1994 1789 2065 Spitzelio
1822 2003 1979 2063 teste,
2008 2005 2337 2058 asservatur,
2370 2004 2424 2049 et
2451 1996 2541 2064 qui
2580 1996 2631 2048 in
2659 1998 2999 2067 Augustana,
3032 1998 3165 2067 plut.
3194 1997 3248 2061 5,
3282 2012 3337 2049 n.
3367 1996 3456 2057 75,
3491 1995 3564 2049 ita
3598 1994 3789 2048 inscri-

542 2083 726 2140 bitur:
758 2087 1029 2159 Γεωργίου
1060 2090 1305 2144 διακόνου
1328 2092 1423 2161 τῆς
1458 2092 1619 2160 ἁγίας
1650 2091 1963 2163 ἐκκλησίας,
1992 2092 2085 2145 τοῦ
2122 2092 2359 2155 Πισίδου,
2389 2092 2673 2163 προοίμιον
2705 2096 2802 2163 τῆς
2830 2091 3165 2164 Ἕξαημέρου
3198 2093 3287 2147 διὰ
3321 2093 3531 2163 ἰάμϐων
3568 2092 3793 2161 στίχων,

541 2174 610 2230 de
635 2192 742 2246 quo
772 2180 932 2234 etiam
963 2198 1125 2251 supra
1165 2183 1329 2236 locuti
1368 2198 1579 2237 sumus.

614 2267 882 2326 Hactenus
910 2272 977 2326 de
1018 2273 1294 2342 operibus,
1344 2272 1491 2327 etde
1537 2271 1813 2327 codicibus
1846 2270 1898 2324 in
1927 2270 2124 2339 quibus
2144 2284 2307 2339 opera
2338 2268 2530 2324 Pisidae
2572 2270 2920 2325 continentur
2961 2285 2974 2322 :
3025 2284 3172 2324 nunc
3217 2279 3399 2323 autem
3423 2269 3492 2323 de
3541 2268 3795 2339 ipsorum

540 2378 767 2435 operum
804 2367 941 2437 stylo
967 2368 1164 2437 aliquid
1192 2366 1477 2421 dicendum
1501 2377 1601 2421 est.
1634 2365 1820 2429 lambi,
1854 2366 2049 2435 quibus
2084 2365 2136 2419 in
2172 2366 2461 2420 scribendo
2489 2381 2617 2420 usus
2647 2376 2728 2419 est
2772 2365 3054 2436 Georgius,
3094 2378 3153 2420 ut
3185 2366 3500 2436 plurimum,
3531 2366 3797 2420 concinni

539 2465 668 2510 sunt
693 2467 854 2527 atque
885 2458 1177 2529 elegantes.
1198 2459 1407 2513 Perrari
1434 2459 1577 2513 enim
1605 2468 1902 2513 occurrunt
1934 2457 2192 2511 tribrachi
2228 2458 2419 2528 dactyli
2461 2459 2659 2527 aliique
2690 2459 2854 2529 pedes
2882 2460 3125 2524 immisti,
3156 2459 3353 2528 quibus
3376 2460 3682 2513 iamborum
3706 2460 3794 2511 ni-

540 2559 627 2604 tor
654 2559 709 2605 et
745 2563 1001 2608 venustas
1022 2554 1269 2625 elanguct
1296 2556 1485 2625 ;.quod
1508 2555 1713 2610 crimen
1745 2555 1854 2624 jam
1882 2554 1973 2607 diu
2004 2554 2203 2623 objecit
2232 2553 2507 2618 lloratius,
2539 2553 2686 2608 Poet.
2708 2554 2813 2609 260
2842 2562 2897 2608 et
2921 2569 3071 2623 seqq.
3099 2555 3179 2608 sui
3215 2554 3475 2623 temporis
3499 2553 3750 2622 scriptori
3773 2581 3791 2589 -

539 2641 642 2696 bus
663 2645 902 2709 comicis,
944 2662 1173 2715 quorum
1210 2646 1312 2700 fuit
1340 2646 1394 2699 in
1422 2646 1686 2717 ﬁngendis
1711 2646 1906 2699 iambis
1926 2643 2163 2710 licentia,
2186 2654 2241 2698 ut
2270 2644 2559 2697 maximum
2587 2643 2712 2697 inde
2736 2644 2971 2697 oriretur
2998 2644 3221 2697 auribus
3249 2642 3546 2698 fastidium.
3584 2644 3789 2698 Verum

540 2734 705 2789 iambi
742 2735 932 2791 Pisidae
956 2752 1148 2791 omnes
1179 2751 1469 2790 numerose
1508 2734 1755 2787 incidunt
1803 2734 1854 2786 in
1881 2749 2059 2796 aures,
2093 2743 2149 2787 et
2175 2734 2227 2786 in
2250 2732 2491 2786 animum
2518 2732 2811 2786 illabuntur
2844 2731 3103 2801 jucunde.
3136 2733 3252 2799 Qua
3284 2734 3351 2788 de
3382 2750 3439 2787 re
3478 2735 3663 2788 minus
3692 2750 3792 2803 pa-

542 2827 741 2879 tienter
771 2826 898 2880 illud
931 2844 1110 2897 supra,
1137 2845 1256 2898 pag.
1275 2829 1364 2890 ‘25,
1392 2826 1517 2894 (col.
1553 2826 1712 2895 1185)
1744 2825 2000 2888 ferebam,
2028 2826 2241 2894 quodin
2262 2826 2502 2895 catalogo
2517 2824 2855 2878 bibliothecae
2872 2824 3224 2880 Taurinensis
3241 2824 3610 2881 Pisidaeiambi
3632 2843 3793 2881 voca-

538 2926 728 2969 rentur
745 2917 964 2985 politici,
989 2936 1124 2989 quos
1149 2936 1256 2973 non
1280 2919 1495 2987 injuria,
1512 2920 1603 2972 sed
1626 2929 1769 2972 recte
1790 2928 1843 2971 et
1873 2918 2065 2973 merito
2080 2919 2235 2974 Joan.
2263 2916 2511 2973 Matthias
2528 2917 2825 2981 Gesnerus,
2849 2918 2902 2971 in
2930 2918 3066 2973 libro
3089 2919 3165 2972 De
3180 2920 3469 2972 eruditione
3488 2919 3794 2974 Grecorum

537 3008 627 3076 qui
647 3007 798 3062 hodie
830 3010 1031 3076 vivunt,
1067 3027 1267 3066 meram
1291 3010 1570 3065 stultitiam
1594 3011 1848 3080 appellat,
1878 3009 2150 3080 impolitus
2182 3026 2246 3065 ac
2275 3010 2455 3073 rudes,
2490 3008 2895 3078 fossoribusque
2924 3018 2979 3064 et
3000 3008 3349 3079 caprimulgis
3368 3024 3529 3077 quam
3557 3009 3795 3077 politicis

537 3099 827 3169 digniores.
858 3100 996 3156 Vere
1020 3105 1163 3158 enim
1195 3104 1389 3158 horum
1425 3104 1725 3157 carminum
1754 3102 2040 3164 rationem,
2095 3101 2147 3156 in
2193 3102 2392 3172 quibus
2431 3100 2755 3171 syllabarum
2795 3115 3075 3166 numerus,
3110 3114 3223 3154 non
3258 3100 3532 3170 quantitas
3572 3110 3791 3170 specta-

538 3200 645 3255 tur,
673 3193 783 3246 sola
816 3194 1091 3250 barbaries
1126 3196 1268 3249 inter
1304 3194 1522 3251 Graecos
1569 3195 1909 3265 sequioribus
1957 3196 2171 3251 saeculis
2195 3194 2419 3259 invexit,
2454 3202 2515 3248 ut
2556 3192 2708 3248 testis
2728 3202 2810 3248 est
2833 3193 3058 3247 Allatius
3086 3192 3329 3247 Diatriba
3356 3194 3419 3247 dc
3438 3192 3789 3252 Simeonibus.

535 3299 590 3353 p.
623 3284 740 3348 I66,
762 3286 846 3339 cui
874 3289 1313 3357 subscripserunt
1360 3288 1639 3342 Fabricius
1670 3288 1805 3341 Bibl.
1854 3287 2025 3343 Grzec.
2072 3288 2181 3341 vol.
2215 3286 2280 3351 Χ,
2317 3303 2371 3357 p.
2395 3287 2501 3341 253
2521 3297 2575 3340 et
2612 3285 2739 3349 518,
2768 3295 2823 3339 et
2852 3285 3000 3339 card.
3042 3283 3340 3351 Quirinius,
3386 3286 3564 3341 Diatr.
3612 3288 3667 3340 in
3704 3305 3791 3341 or—

536 3377 677 3435 thod.
709 3394 811 3433 vet.
841 3380 1055 3435 Cra'ciw
1078 3384 1266 3450 oﬂicia,
1298 3400 1353 3451 p.
1387 3382 1474 3443 4'7,
1511 3381 1585 3434 ait
1613 3379 1757 3433 enim
1792 3398 1804 3432 :
1841 3379 1996 3433 Ratio
2026 3381 2125 3434 ista
2159 3380 2615 3449 conﬁngendorum
2646 3379 2938 3431 carminum
2969 3392 3074 3429 non
3102 3392 3237 3430 nunc
3264 3379 3493 3445 primum
3514 3381 3569 3432 in
3595 3397 3658 3433 ea
3696 3396 3791 3431 na-

536 3473 694 3536 tione,
726 3475 817 3527 sed
846 3474 1010 3527 multa
1037 3476 1223 3528 abhinc
1250 3475 1464 3539 saecula,
1501 3474 1692 3528 laboris
1722 3475 1902 3544 forsan
1936 3486 2181 3544 perttcsa,
2214 3485 2336 3527 ante
2358 3484 2406 3527 et
2437 3474 2679 3527 barbarie
2701 3472 2877 3526 omnia
2905 3483 3188 3540 occupante
3208 3474 3365 3542 (adde
3384 3490 3588 3544 quoque
3614 3492 3791 3528 rerum

532 3567 784 3620 similium
816 3568 1238 3636 ignorationem),
1271 3569 1326 3621 in
1356 3586 1452 3621 usu
1484 3570 1641 3639 fuisse
1666 3569 2003 3636 comperitur,
2028 3580 2082 3621 ut
2110 3568 2339 3621 videmus
2368 3570 2423 3619 in
2449 3565 2622 3619 Photii
2650 3564 2987 3634 patriarcha,
3029 3563 3210 3631 Pselli,
3235 3569 3521 3630 Manassa',
3554 3567 3791 3638 Philippi

535 3654 794 3717 Solitarii,
821 3656 1074 3709 Manuelis
1101 3657 1265 3710 Phila:
1294 3668 1341 3711 et
1381 3657 1576 3712 Taetztc
1603 3660 1903 3728 poematiis,
1939 3659 1992 3712 in
2026 3658 2226 3728 quibus
2255 3672 2397 3727 saepe
2429 3664 2729 3712 occurrunt
2758 3654 2963 3725 politici
2990 3670 3200 3721 versus,
3236 3674 3465 3726 quorum
3495 3661 3787 3715 artiﬁcium

535 3747 587 3799 in
618 3763 683 3801 eo
724 3756 892 3801 totum
933 3749 1144 3804 videtur
1180 3752 1437 3820 positum,
1465 3763 1524 3806 ut
1570 3753 1880 3823 quindecim
1914 3755 2143 3825 syllabas
2171 3770 2445 3824 nunquam
2478 3752 2760 3815 excedant,
2786 3760 2841 3805 et
2873 3750 2914 3804 si
2938 3766 3060 3818 quze
3088 3751 3223 3805 ultra
3256 3753 3530 3817 videntur,
3554 3771 3651 3809 eas
3691 3773 3792 3825 per

530 3837 848 3906 aplucresim
880 3841 955 3895 vel
984 3843 1351 3912 synaloepham
1379 3844 1658 3898 decurtent
1703 3854 1757 3899 et
1790 3844 2098 3906 absumant,
2132 3844 2426 3898 dummodo
2472 3843 2526 3897 in
2562 3842 2801 3896 iambum
2837 3854 3035 3898 exeant
3064 3844 3117 3898 in
3158 3843 3267 3899 ﬁne
3302 3863 3315 3899 :
3349 3847 3550 3900 idcirco
3584 3846 3785 3915 politici

532 3931 615 3984 vel
641 3932 881 3985 demotici
908 3933 1054 3998 dicti,
1083 3935 1224 4003 quod
1262 3934 1530 4005 vulgares,
1556 3935 1642 3988 vel
1675 3944 1731 3987 ut
1762 3934 1903 3989 idem
1947 3935 2174 3988 Allatius
2211 3933 2469 3996 declarat,
2517 3948 2815 3985 communes
2855 3933 3091 3985 omnium
3134 3934 3327 3987 civium
3374 3945 3516 4001 sunt,
3562 3938 3787 4006 usuique

529 4039 704 4076 eorum
729 4027 1131 4081 accommodati.
1161 4026 1341 4096 Itaque
1375 4027 1450 4099 [p.
1488 4028 1727 4100 XXXIV]
1761 4037 1972 4082 tantum
2001 4028 2157 4082 abest
2187 4037 2247 4080 ut
2274 4025 2437 4079 iambi
2468 4024 2661 4079 Pisidae
2690 4035 2792 4080 hoc
2827 4026 3077 4095 squalore
3103 4035 3159 4081 et
3210 4029 3369 4083 sorde
3392 4030 3681 4095 vilescant,
3725 4043 3783 4086 nt

529 4115 708 4184 potius
737 4117 901 4172 nimia
929 4120 1175 4188 quaadam
1206 4120 1470 4176 festivitas
1510 4122 1561 4175 in
1598 4121 1677 4175 eis
1714 4120 1863 4184 insit,
1891 4137 2010 4189 qua:
2048 4120 2262 4189 quidem
2309 4118 2520 4172 facilius
2559 4117 2779 4172 auribus
2825 4118 3113 4187 diiudicari
3146 4134 3307 4189 quam
3333 4122 3513 4176 verbis
3550 4123 3780 4178 demon-

527 4208 686 4262 strari
718 4218 911 4278 potest,
936 4226 1203 4281 quamque
1233 4213 1286 4266 in
1318 4214 1594 4268 vertendis
1616 4215 1717 4268 alia
1744 4215 1923 4283 lingua
1951 4211 2237 4265 sententiis
2260 4225 2481 4265 servare
2502 4208 2703 4262 nemini
2728 4209 2887 4263 liceat
2916 4223 2931 4261 :
2956 4225 3081 4263 nam
3114 4225 3283 4264 sonus
3316 4220 3368 4265 et
3396 4214 3633 4275 numeri,
3656 4215 3780 4282 qui-

525 4300 628 4355 bus
658 4310 765 4355 tota
796 4314 1007 4358 constat
1031 4315 1303 4368 venustas,
1355 4308 1804 4377 interpretatione
1843 4304 2234 4368 dissolvuntur,
2283 4313 2337 4357 et
2380 4304 2510 4372 ipsa:
2561 4317 2775 4370 quoque
2818 4302 3101 4357 sententia:
3136 4318 3205 4356 ex
3247 4304 3356 4357 sola
3404 4306 3781 4375 complexione

506 4400 578 4451 et
606 4390 778 4445 forma
808 4395 1091 4447 verborum
1130 4395 1365 4450 nitentes
1395 4398 1755 4451 conciduntur
1782 4405 1837 4449 et
1872 4404 2221 4448 enervantur.
2254 4393 2358 4447 Sed
2384 4394 2487 4447 hoc
2506 4392 2684 4462 ipsum
2709 4392 2935 4446 nimium
2969 4392 3023 4445 in
3046 4396 3423 4449 consectandis
3453 4396 3693 4451 ﬂosculis
3722 4406 3780 4450 et

524 4484 725 4538 salibus
754 4485 1014 4550 studium,
1047 4487 1190 4555 quod
1227 4487 1427 4540 sensim
1459 4487 1757 4556 obrepente
1786 4484 2034 4539 barbarie
2057 4493 2113 4538 et
2138 4483 2323 4537 nativo
2343 4482 2665 4551 eloquentia:
2693 4480 2869 4535 nitore
2898 4481 3232 4550 depereunte
3280 4485 3645 4553 s0phistarum
3676 4504 3777 4557 pe—

523 4576 725 4631 culiare
755 4576 875 4641 fuit,
901 4578 1030 4632 vitio
1064 4578 1240 4647 potius
1260 4593 1421 4646 quam
1449 4577 1590 4631 laudi
1622 4577 1941 4631 vertendum
1979 4575 2168 4629 Pisidae
2194 4590 2303 4628 non
2327 4574 2645 4644 negabimus
2682 4590 2696 4627 :
2735 4572 2940 4627 scimus
2965 4574 3111 4626 enim
3143 4582 3202 4627 ut
3226 4585 3358 4629 (etas
3380 4579 3651 4646 posterior
3677 4595 3782 4632 no-

523 4669 606 4722 vis
637 4678 692 4722 et
712 4670 993 4737 exquisitis
1023 4669 1360 4723 ornamentis
1386 4670 1454 4721 ita
1480 4669 1678 4737 scripta
1710 4668 2050 4737 resperserit,
2092 4677 2151 4721 ut
2188 4667 2319 4720 dum
2362 4680 2669 4719 sermonem
2718 4664 2913 4719 eximia
2948 4665 3215 4719 suavitate
3241 4667 3506 4731 condiret,
3538 4673 3787 4740 vigorem

522 4762 831 4816 cxtenuarit
859 4771 913 4817 et
946 4779 1145 4817 nervos
1176 4763 1411 4817 robustrc
1439 4779 1691 4832 sameque
1721 4763 1975 4817 dictionis
2004 4763 2277 4817 inciderit.
2310 4762 2487 4827 Quare
2532 4763 2606 4815 nil
2632 4761 2828 4814 mirum
2858 4760 3224 4815 recentiorum
3256 4761 3565 4819 Grtrcorum
3598 4768 3783 4836 palato

522 4867 730 4913 tantum
755 4859 995 4925 sapuisse
1020 4859 1225 4912 iambos
1256 4857 1469 4921 Pisidae,
1507 4870 1564 4912 ut
1588 4874 1681 4912 eos
1715 4860 1833 4913 aliis
1860 4858 2117 4929 praeferre
2142 4874 2252 4912 non
2279 4857 2651 4913 dubitaverint
2686 4873 2699 4909 :
2734 4871 2859 4909 nam
2888 4853 3182 4924 Gregorius
3211 4854 3457 4912 Corinthi
3483 4860 3781 4931 episcopus

522 4958 577 5011 in
608 4954 746 5009 libro
769 4958 903 5027 Περὶ
932 4956 1234 5023 συντάξεως
1261 4957 1456 5026 λόγων,
1492 4959 1565 5012 De
1596 4962 1977 5014 constructione
1995 4961 2135 5013 orati

2165 4960 2272 5021 tuis,
2307 4959 2399 5029 qui
2430 4968 2607 5013 exstat
2636 4975 2737 5013 ms.
2790 4958 2845 5012 in
2872 4956 3134 5012 Vaticana
3175 4957 3527 5019 bibliotheca,
3557 4970 3781 5009 carmen

524 5050 814 5106 iamhicum
852 5049 1043 5105 l’isidm
1078 5052 1182 5106 tale
1216 5068 1336 5107 esse
1370 5053 1717 5119 existimavit,
1764 5062 1822 5108 ut
1851 5071 1918 5109 ex
1951 5068 2017 5110 eo
2044 5064 2300 5124 tanquam
2326 5052 2728 5108 absolutissima
2749 5052 3053 5123 exemplum
3086 5059 3270 5122 petere
3298 5065 3408 5120 prae
3442 5055 3655 5103 caneris
3684 5050 3787 5103 dc-

525 5140 750 5195 bcamus
780 5156 794 5192 :
844 5138 996 5193 Ἐπεὶ
1025 5136 1117 5194 οὖν
1149 5140 1217 5193 τὰ
1258 5143 1477 5211 ἰαμϐεῖα
1507 5144 1842 5215 λογογραφία
1866 5146 1953 5209 τίς
1975 5146 2123 5198 ἐστιν
2152 5143 2447 5217 εὔρυθμος,
2466 5143 2749 5214 ζηλώσθω
2778 5160 2859 5196 σοι
2888 5144 2983 5198 καὶ
3012 5142 3460 5212 ἐνθυμηματικὸν
3477 5143 3537 5192 ἐν
3568 5142 3780 5204 αὐτοῖς.

525 5228 721 5301 Ἔχεις
763 5231 1067 5301 ἀρχέτυπον
1106 5232 1201 5285 τὸν
1240 5235 1485 5305 Πισίδην,
1520 5239 1819 5310 νεωτέρους
1858 5237 1950 5291 τὸν
1995 5237 2331 5307 Καλλικλῆν.
2364 5238 2456 5290 τὸν
2495 5236 3017 5307 Πτωχοπρόδρομον,
3050 5238 3145 5290 καὶ
3172 5236 3326 5299 εἴτις
3375 5233 3639 5297 τοιοῦτος.
3681 5235 3791 5286 Ἔν

520 5330 631 5390 τοῖς
653 5327 905 5390 παλαιοῖς
948 5328 1037 5380 τὸν
1084 5326 1351 5397 θεολόγον,
1402 5332 1493 5385 τὸν
1535 5334 1830 5405 Σοφοκλῆν,
1878 5335 2035 5398 ἐκτὸς
2081 5335 2188 5388 τῶν
2216 5334 2515 5405 ποιητικῶν
2563 5334 2869 5404 ἰδιωμάτων
2902 5335 3101 5396 αὐτῶν,
3133 5334 3198 5387 τὰ
3230 5332 3644 5403 εὐφραδέστερα
3680 5332 3786 5384 τοῦ

522 5420 867 5492 Λυκόφρονος
914 5421 1005 5473 καὶ
1040 5422 1092 5473 εἴ
1128 5439 1181 5473 τι
1222 5423 1459 5477 τοιοῦτον
1497 5428 1591 5497 (b).
1619 5428 1725 5482 Sed
1778 5437 1976 5497 quanta
2010 5427 2138 5481 fueri

2167 5445 2173 5482 ;
2216 5427 2419 5483 Pisidas.
2466 5428 2697 5497 ejusque
2731 5426 3038 5483 carminum
3090 5425 3233 5497 apud
3282 5426 3506 5479 eosdem
3556 5425 3783 5478 (Succos

518 5513 827 5578 estimatio,
860 5513 1017 5583 longe
1052 5512 1253 5566 melius
1281 5516 1528 5571 addiscas
1551 5534 1616 5572 ex
1639 5520 1857 5584 Allatio,
1884 5520 1975 5589 qui
2011 5520 2066 5572 in
2105 5518 2348 5572 Diamba
2377 5520 2442 5572 de
2462 5519 2720 5589 Georgiis,
2773 5537 2826 5588 p.
2859 5520 2985 5581 510,
3021 5526 3213 5572 testem
3257 5516 3481 5569 adhibet
3516 5515 3783 5577 l‘scllmn,

518 5604 663 5679 quod
689 5605 930 5675 plerique
962 5602 1195 5657 Pisidam
1228 5603 1468 5674 Euripidi
1500 5623 1834 5677 comparare,
1862 5608 2017 5664 multi
2056 5617 2388 5681 anteponere
2413 5626 2523 5665 non
2551 5610 2672 5667 sine
2690 5610 2857 5665 animi
2890 5608 3264 5670 contentione,
3294 5606 3385 5660 litc
3412 5606 3578 5660 etiam
3604 5617 3782 5663 mota.

498 5821 505 5837 ι
579 5745 656 5811 (b)
684 5746 745 5797 et.
776 5747 988 5797 Bekkeri
1026 5747 1240 5799 Anecdot
1283 5763 1327 5810 μ.
1361 5748 1494 5798 1082.
