4092 6296
229 262 367 328 1193
1644 266 2059 329 ΡΒᾹΞΕΑΤΙΟ.
3342 263 3475 331 1194

221 384 698 449 ριἐειιῐηρςθνίηί.
727 379 803 453 [ρ.
828 380 1068 453 XXXVI]
1092 382 1175 435 Nil
1204 383 1364 452 plane
1390 382 1493 436 hac
1513 382 1671 437 laude
1698 381 1837 437 Psell

1888 383 1944 436 in
1984 379 2221 435 Pisidam
2256 377 2479 434 honorifi
2498 380 2705 434 rentius
2742 394 2863 435 esse
2900 381 3091 450 possit.
3127 379 3324 436 Verum
3364 398 3474 435 non

219 471 360 524 adeo
378 469 539 525 facile
567 484 651 526 est
676 488 741 527 ea
770 474 972 538 omnia,
1002 489 1124 543 quae
1150 475 1334 529 laudat
1360 474 1586 538 Psellus,
1615 474 1668 528 in
1699 474 1879 529 Pisida
1914 474 2194 539 invenire;
2220 487 2346 527 nam
2370 488 2479 542 quo
2517 472 2569 525 in
2596 472 2736 526 libro
2766 473 2851 527 Vel
2872 485 3120 543 poemate
3142 483 3251 529 tam
3273 476 3477 529 diserte

219 577 286 615 ac
313 565 678 632 particulatim
708 577 895 622 noster
924 567 1186 641 Georgius
1216 572 1323 641 agit
1352 571 1419 625 de
1450 570 1652 641 aurigis
1678 585 1742 624 ac
1781 570 1849 624 de
1878 568 2239 640 aurigatione,
2269 569 2337 623 de
2359 569 2529 639 jugis,
2556 569 2689 623 rotis
2719 577 2775 624 et
2795 570 3085 624 modiolis?
3115 571 3199 625 vel
3226 586 3476 641 quamam

217 662 306 708 est
334 654 475 709 inter
503 657 623 725 ejus
650 659 893 712 carmina
919 659 986 714 de
1004 662 1383 733 phalangibus,
1404 663 1471 716 de
1491 663 1733 731 equitum
1760 662 2113 731 peditumque
2137 677 2200 716 ac
2235 662 2635 732 sagittariorum
2669 662 2815 716 varia
2849 664 3057 717 ratione
3091 671 3199 717 tam
3225 672 3477 719 accurata

218 749 547 819 descriptio?
578 766 712 804 num
756 751 858 804 alia
890 767 1049 821 quam
1097 769 1218 823 qua:
1250 755 1408 809 hodie
1441 764 1659 808 exstant
1692 754 1890 824 scripta
1935 754 2131 809 Pisidae
2153 753 2361 809 Psellus
2396 754 2761 817 commendat,
2810 762 2866 807 et
2896 754 3095 808 librum
3134 754 3477 823 deperditum

218 845 653 899 commonstrat?
697 844 960 913 Equidem
996 845 1188 911 fateor,
1232 846 1286 901 id
1316 847 1450 900 mihi
1484 846 1667 901 statim
1714 848 1944 900 multum
1976 847 2257 915 probabile
2289 862 2408 902 esse
2435 845 2609 900 visum
2644 863 2657 899 :
2690 845 2785 899 sed
2820 860 2942 899 cum
2978 846 3283 901 accuratius
3314 844 3479 900 Pselli

217 936 385 990 verba
409 936 635 1007 ejusque
668 940 881 995 dicendi
914 941 1137 995 modum
1178 941 1595 1011 perpenderem,
1637 950 1750 993 tum
1802 940 2023 994 demum
2072 939 2217 995 sensi
2258 955 2319 994 ea
2364 954 2485 1009 qua:
2516 936 2701 992 Pisida
2753 938 3068 992 summatim
3113 938 3403 1009 attigisset,
3446 953 3479 993 a

215 1027 395 1083 Psello
423 1031 649 1087 miriﬁce
678 1036 929 1089 exornari
957 1045 1115 1105 atque
1146 1034 1485 1104 ampliﬁcari.
1524 1033 1656 1088 Nam
1682 1034 1826 1104 quod
1858 1036 1903 1089 is
1925 1036 2000 1090 ait
2023 1036 2087 1089 de
2124 1034 2316 1088 morbis
2342 1044 2389 1088 et
2436 1036 2706 1101 remediis,
2753 1044 2963 1090 certum
3010 1045 3095 1089 est
3139 1033 3207 1087 ad
3246 1050 3299 1086 v.
3338 1032 3479 1088 1555

216 1130 273 1175 ct
311 1138 464 1193 seqq.
516 1123 839 1181 Hexaemeri
883 1144 1003 1183 esse
1048 1127 1416 1191 referendum,
1457 1137 1513 1181 et
1543 1128 1689 1195 quod
1719 1129 1783 1181 de
1812 1138 2019 1191 catena,
2052 1128 2118 1182 ad
2150 1127 2353 1196 primos
2384 1142 2576 1182 versus
2606 1128 2877 1197 poematis
2908 1129 2964 1181 in
3003 1126 3286 1191 Severum;
3330 1126 3480 1197 quod

213 1223 399 1269 autem
424 1217 487 1269 de
514 1217 653 1270 horis
679 1219 733 1272 in
762 1220 1018 1272 choream
1052 1233 1111 1272 se
1141 1220 1486 1273 moventibus
1526 1220 1667 1274 idem
1699 1220 1907 1274 Psellus
1942 1220 2131 1281 refert,
2166 1219 2336 1273 habes
2383 1221 2438 1272 in
2473 1219 2815 1275 Hexaemero
2854 1237 2906 1275 v.
2938 1219 3063 1281 9.89,
3100 1229 3156 1299 et
3205 1220 3351 1290 quod
3378 1222 3482 1276 ite-

214 1319 339 1357 rum
370 1307 435 1361 de
466 1306 608 1359 horis
650 1308 907 1379 quadriga
953 1309 1352 1378 prodeuntibus
1396 1317 1451 1362 et
1489 1310 1543 1362 in
1601 1311 1792 1363 orbem
1841 1310 2206 1364 redeuntibus
2240 1309 2417 1379 inquit
2445 1309 2553 1375 ille,
2595 1310 2842 1365 invenies
2884 1311 3084 1367 ibidem
3114 1328 3165 1367 v.
3205 1313 3348 1379 558;
3377 1314 3477 1368 de-

212 1411 363 1449 mum
393 1399 537 1466 quod
564 1408 647 1452 est
680 1400 733 1453 in
762 1399 938 1454 Psello
967 1401 1029 1453 de
1047 1398 1394 1468 phalangibus
1425 1411 1472 1453 et
1501 1401 1820 1454 militaribus
1838 1402 2018 1469 copiis,
2053 1402 2117 1454 ad
2151 1415 2401 1455 acroases
2421 1401 2486 1453 de
2518 1402 3098 1470 expeditioneﬂeraclii
3129 1414 3310 1457 contra
3346 1402 3477 1459 Per-

210 1505 303 1543 sas
346 1494 564 1547 trahere
590 1495 875 1549 commode
906 1496 1105 1564 possis,
1136 1495 1189 1547 in
1223 1494 1422 1563 quibus
1449 1495 1642 1549 similia
1672 1496 1874 1564 passim
1910 1504 2227 1549 occurrunt.
2259 1493 2327 1548 At
2355 1509 2488 1549 vero
2518 1510 2829 1564 quanquam
2861 1511 2961 1567 ego
2983 1512 3014 1549 a
3038 1496 3216 1551 Psello
3254 1496 3480 1551 minime

213 1585 532 1640 dissentiam
565 1589 790 1658 ejusque
821 1587 1069 1643 laudibus
1094 1588 1314 1659 dignum
1338 1588 1564 1642 omnino
1598 1588 1900 1642 existimem
1932 1603 2053 1641 esse
2079 1586 2337 1651 Pisidam,
2363 1602 2644 1656 nunquam
2676 1597 2856 1641 tamen
2888 1589 3034 1642 hunc
3056 1589 3337 1657 praeferam
3368 1591 3481 1644 Eu-

212 1678 378 1747 ripidi
403 1679 625 1734 alterive
659 1696 726 1734 ex
754 1679 1152 1749 antiquioribus
1182 1679 1590 1749 iambographis
1628 1680 1849 1735 Graecis.
1898 1680 2085 1733 Dicam
2118 1679 2263 1733 enim
2296 1679 2442 1749 quod
2477 1695 2670 1733 verum
2710 1689 2814 1735 est.
2846 1679 2959 1735 Etsi
2990 1681 3241 1751 plurimis
3264 1681 3320 1735 in
3347 1682 3482 1735 locis

212 1769 413 1824 Pisidae
446 1786 663 1825 carmen
694 1773 768 1825 ita
798 1772 998 1832 elucet,
1032 1780 1092 1825 ut
1117 1783 1361 1827 veterum
1394 1780 1677 1839 poetarum
1702 1772 1929 1842 gratiam
1958 1780 2015 1825 et
2060 1779 2404 1825 venustatem
2430 1786 2541 1827 non
2574 1771 2874 1837 desideres,
2907 1788 3051 1843 saape
3081 1774 3243 1828 etiam
3276 1774 3350 1828 ita
3379 1773 3479 1827 fri—

213 1863 406 1931 gescit,
440 1872 500 1917 ut
526 1865 579 1916 in
603 1864 890 1919 scribendo
918 1864 1239 1919 dormitasse
1272 1874 1551 1918 auctorem
1580 1880 1689 1918 non
1726 1865 1888 1919 modo
1915 1867 2144 1931 sentias,
2182 1865 2277 1920 sed
2307 1866 2471 1919 etiam
2502 1864 2804 1937 indigneris
2831 1882 2993 1936 quam
3021 1870 3274 1924 maxime.
3302 1870 3479 1925 Cazte-

214 1972 339 2010 rnm
364 1965 627 2025 quantum
654 1957 743 2011 ille
770 1957 1105 2012 sublimitate
1145 1956 1402 2012 carminis
1440 1972 1726 2026 assurgere
1764 1966 1820 2012 et
1856 1972 1915 2011 se
1952 1956 2152 2012 efferre
2177 1956 2436 2027 potuerit,
2471 1956 2747 2027 praecipue
2774 1959 3011 2014 ostendit
3038 1959 3094 2014 in
3122 1960 3477 2030 Hexaemero,

215 2049 269 2103 in
299 2064 411 2118 quo
435 2048 617 2102 omnia
645 2049 1042 2102 sententiarum
1073 2047 1298 2103 floribus
1327 2056 1383 2103 et
1411 2048 1739 2102 urbanitatis
1765 2048 1999 2117 quodam
2037 2049 2147 2104 sale
2178 2064 2472 2119 conspersa
2509 2057 2657 2103 sunt.
2703 2049 2763 2102 In
2798 2051 3053 2106 omnibus
3095 2052 3172 2125 [p.
3214 2053 3477 2127 XXXVII]

213 2152 395 2197 autem
423 2143 544 2212 ejus
565 2142 824 2213 operibus
845 2142 1199 2213 contemplari
1237 2142 1422 2197 licebit
1450 2142 1826 2197 adumbratam
1858 2142 1931 2211 pii
1967 2142 2247 2212 scriptoris
2270 2142 2583 2213 imaginem,
2613 2144 2971 2201 suavissimos
2996 2163 3197 2213 mores,
3228 2150 3480 2205 eximiam

213 2238 568 2307 probitatem,
607 2254 714 2307 qua
745 2254 824 2301 se,
856 2238 985 2292 dum
1014 2252 1309 2292 numerose
1338 2237 1538 2291 cadens
1566 2251 1760 2291 versus
1790 2236 1987 2291 leniter
2006 2236 2199 2301 afﬂuit,
2242 2235 2540 2307 legentium
2583 2237 2810 2292 auribus
2857 2238 3090 2295 inculcat
3136 2252 3300 2313 atque
3329 2261 3481 2300 com-

215 2339 467 2393 menilat.

288 2427 415 2486 Haec
446 2428 707 2483 habebam
734 2443 851 2497 quae
881 2427 1116 2483 dicerem
1149 2427 1216 2481 de
1238 2425 1466 2499 Georgio
1492 2424 1694 2491 Pisida,
1720 2440 1829 2480 non
1860 2426 2009 2495 parvi
2034 2426 2272 2480 nominis
2297 2427 2438 2497 apud
2476 2425 2811 2481 recentiores
2838 2425 3056 2482 Grzecos
3086 2439 3266 2497 poeta,
3292 2430 3348 2485 in
3372 2446 3482 2501 quo

217 2536 345 2575 cum
376 2522 530 2591 plura
580 2523 826 2576 invenias
865 2538 985 2591 quae
1009 2539 1117 2576 non
1151 2523 1353 2576 invitus
1382 2523 1691 2587 demireris,
1720 2521 1859 2577 nihil
1905 2531 2109 2587 tamen,
2143 2522 2359 2593 opinor,
2394 2521 2749 2591 spectandum
2777 2522 2948 2593 magis
2977 2532 3061 2577 est
3088 2540 3249 2594 quam
3280 2527 3397 2596 ejus
3427 2528 3483 2583 in

218 2617 439 2671 tuendis
471 2617 795 2672 Christianze
822 2618 1095 2689 religionis
1120 2620 1461 2688 dogmatibus
1485 2619 1789 2673 constantia
1840 2628 1895 2674 et
1938 2621 2147 2674 sincera
2179 2622 2311 2676 ﬁdes
2344 2637 2358 2673 :
2391 2634 2515 2672 nam
2543 2634 2667 2673 cum
2712 2618 2767 2672 in
2815 2634 2876 2672 ea
2922 2628 3166 2690 tempora
3206 2622 3487 2680 incidisset

218 2710 421 2778 quibus
444 2708 661 2780 Sergius
685 2711 992 2779 patriarcha
1023 2727 1241 2766 omnem
1277 2712 1582 2766 machinam
1606 2712 1796 2777 movit,
1824 2722 1885 2766 ut
1911 2710 2190 2766 Orientem
2218 2712 2533 2765 universum
2564 2726 2593 2762 a
2627 2708 3070 2780 MonOphysismo
3096 2711 3162 2765 ad
3198 2710 3483 2767 Monothe-

223 2802 445 2856 lismum
469 2800 620 2855 vafro
648 2802 872 2856 consilio
900 2810 955 2856 et
981 2803 1135 2856 malis
1164 2803 1377 2857 teclmis
1407 2804 1771 2872 pertraheret,
1806 2802 1925 2872 ipse
1954 2811 2136 2856 autem
2193 2800 2441 2871 Sergium
2491 2802 2721 2871 ejusque
2771 2799 3031 2868 pietatem
3081 2810 3137 2854 et
3179 2802 3485 2857 doctrinam

224 2894 537 2964 suspiceret
579 2895 813 2950 maxime
850 2905 907 2949 et
946 2894 1171 2960 coleret,
1218 2895 1394 2949 nihilo
1437 2904 1617 2949 tamen
1651 2894 1833 2949 minus
1861 2894 1964 2948 sibi
1996 2894 2179 2947 fucum
2209 2894 2325 2947 ﬁeri
2350 2894 2661 2948 nullatenus
2697 2908 2889 2963 passus
2908 2901 3008 2957 est,
3039 2900 3094 2947 et
3130 2908 3281 2949 suam
3324 2895 3487 2953 fidem

220 3003 420 3055 puram
449 2989 823 3059 integramque
852 2988 1123 3053 servavit;
1147 2988 1293 3058 quod
1338 3004 1406 3043 ex
1444 2988 1700 3043 omnibus
1734 2987 1888 3043 hisce
1916 2987 2131 3054 libellis,
2162 3002 2226 3042 ac
2250 2986 2551 3057 praesertim
2577 3001 2644 3041 ex
2668 2984 2909 3042 carmine
2939 2988 2995 3039 in
3030 2986 3298 3056 Severum,
3333 2990 3487 3047 lucu-

223 3082 404 3136 lenter
428 3089 595 3150 patet.

301 3173 375 3228 De
404 3172 584 3228 Pisida
625 3174 959 3228 mentionem
994 3172 1203 3229 faciunt
1232 3174 1376 3229 inter
1401 3175 1658 3244 antiquos
1687 3174 2085 3245 Theophanes,
2113 3171 2330 3240 Suidas,
2352 3171 2651 3237 Cedrenus,
2686 3170 3030 3244 Nicephorus
3057 3175 3288 3244 Callisti,
3316 3178 3486 3233 .loan-

223 3282 327 3322 nes
348 3268 543 3321 Tzetza
573 3269 799 3338 ejusque
825 3268 991 3323 frater
1017 3267 1231 3323 lsaacus
1259 3268 1491 3336 Tzetza;
1521 3271 1664 3325 inter
1700 3271 2037 3325 recentiores
2068 3275 2273 3333 autem,
2306 3275 2506 3338 praeter
2527 3266 2849 3335 Morellium,
2880 3267 3198 3333 Kusterum,
3231 3267 3486 3324 Herwar-

225 3370 365 3425 tum,
395 3362 691 3426 Raderuui,
723 3363 1000 3430 Allatium,
1038 3364 1367 3431 Maltretum,
1409 3365 1738 3429 Fabricium,
1763 3365 2030 3429 Caveum,
2062 3362 2362 3425 Oudinum,
2396 3376 2627 3431 quorum
2654 3362 2953 3417 sententias
2982 3362 3246 3416 hactenus
3279 3378 3485 3433 expen-

224 3457 429 3520 dimus,
461 3456 846 3526 quamplurimi
870 3456 958 3510 alii
983 3458 1278 3527 scriptores
1299 3458 1661 3522 celeberrimi,
1685 3457 1776 3527 qui
1798 3457 1853 3511 in
1889 3456 2113 3512 ferendo
2142 3457 2209 3510 de
2236 3454 2483 3525 ejusdem
2502 3453 2697 3509 Pisidae
2728 3455 2946 3525 scriptis
2967 3454 3178 3524 judicio
3206 3469 3272 3509 ex
3304 3455 3487 3513 Suida:

222 3554 411 3614 verbis
441 3555 578 3607 male
605 3548 843 3623 acceptis
858 3563 913 3607 et
932 3554 1225 3608 intellectis
1248 3554 1526 3609 allucinati
1558 3562 1706 3609 sunt.
1730 3554 1864 3608 Nam
1896 3553 2187 3617 Baronius,
2220 3553 2289 3607 ad
2324 3568 2419 3607 an.
2446 3552 2674 3614 627-29,
2694 3559 2751 3605 et
2780 3558 3039 3620 posteum
3068 3547 3283 3619 Pagius,
3311 3550 3488 3627 soluta

224 3646 476 3701 oratione
501 3645 782 3715 scripsisse
813 3646 1048 3702 Pisidam
1082 3649 1235 3703 aiunt
1256 3665 1376 3719 quae
1423 3650 1656 3705 iambico
1721 3658 1897 3703 metro
1942 3648 2162 3703 astricta
2214 3647 2486 3719 leguntur.
2528 3647 2607 3702 Ita
2636 3647 2796 3717 plane
2826 3645 2995 3699 etiam
3047 3636 3405 3699 Bellarminus
3431 3654 3490 3726 et

224 3738 499 3801 Labbeus,
543 3735 617 3789 De
645 3738 829 3804 script.
863 3738 1251 3806 ecclesiasticis,
1283 3742 1569 3797 historiam
1605 3740 1678 3795 De
1704 3741 1857 3795 rebus
1882 3739 2122 3795 Heraclii
2147 3741 2272 3809 imp.
2305 3739 2497 3795 Pisidae
2528 3739 2793 3802 tribuunt,
2823 3753 2854 3791 a
2879 3737 3074 3807 quibus
3099 3750 3208 3793 non
3238 3735 3489 3793 dissentit

225 3832 556 3893 Baiidurius,
584 3831 761 3901 Antiq.
796 3830 910 3887 (ΖΡ.
947 3850 1004 3903 p.
1040 3835 1163 3889 868.
1200 3836 1307 3889 Sed
1328 3850 1395 3889 eo
1431 3836 1489 3889 in
1518 3850 1704 3890 errore
1733 3833 1789 3889 hi
1824 3835 2017 3890 ducem
2058 3835 2368 3889 habuerunt
2409 3831 2687 3897 Vossium,
2721 3831 2797 3886 De
2828 3832 3085 3885 historicis
3108 3828 3321 3893 ercis,
3349 3839 3483 3887 tom.

227 3943 300 3991 iv,
332 3941 387 3994 p.
424 3924 562 3989 N5;
609 3932 665 3977 et
714 3923 1092 3991 Possevinum,
1136 3928 1191 3981 in
1230 3928 1369 3997 App.
1411 3944 1585 3993 sacro,
1613 3936 1749 3983 tom.
1780 3927 1824 3990 I,
1880 3944 1935 3998 p.
1980 3927 2104 3982 558.
2135 3927 2283 3981 Nihil
2327 3933 2509 3980 autem
2543 3933 2841 3994 peccarunt
2871 3924 2941 3980 de
2986 3923 3167 3980 Pisida
3199 3918 3486 3991 loquentes

228 4021 548 4075 Grillelmus
568 4017 863 4079 Crowzcus.
900 4021 954 4074 in
986 4021 1215 4077 Elencho
1270 4022 1599 4092 Scriptorum
1658 4023 1712 4075 in
1784 4021 1842 4077 S.
1901 4022 2240 4089 scripturam,
2283 4035 2337 4089 p.
2378 4018 2517 4084 M9;
2589 4018 2747 4074 Joan.
2795 4016 3065 4070 Henricus
3102 4018 3376 4072 Boeclerus
3412 4014 3488 4067 De

228 4112 413 4180 script.
446 4109 636 4165 ercis
666 4118 713 4162 et
739 4108 964 4172 Latinis,
998 4128 1052 4181 p.
1090 4112 1194 4177 85;
1246 4112 1518 4168 Adrianus
1543 4111 1838 4174 Bailletius,
1867 4109 2151 4182 Jugemens
2175 4112 2264 4163 des
2304 4125 2547 4175 scavans,
2577 4117 2709 4164 tom.
2745 4105 2835 4173 IV,
2876 4123 2931 4177 p.
2967 4106 3105 4171 546;
3135 4105 3252 4161 Jac.
3286 4106 3487 4161 Lelon-

229 4206 369 4276 gius,
422 4202 558 4258 Bibl.
586 4220 758 4266 sacra,
788 4213 918 4256 tom.
954 4204 1021 4265 ll,
1054 4220 1107 4273 p.
1142 4206 1237 4259 741
1268 4221 1282 4268 ;
1313 4211 1368 4258 et
1397 4203 1555 4259 Joan.
1591 4202 1708 4257 Jac.
1740 4201 2106 4264 Scheuzerus,
2146 4200 2373 4270 Physica
2424 4216 2602 4265 sacra,
2653 4208 2787 4263 tom,
2824 4196 2865 4261 1,
2906 4199 2962 4251 in
2999 4199 3191 4266 princ..
3218 4196 3305 4251 vel
3338 4198 3487 4266 quod

233 4298 444 4351 nullum
488 4296 634 4350 aliud
664 4295 783 4364 ejus
809 4310 948 4365 opus
982 4306 1180 4367 prater
1203 4296 1583 4351 Hexaemeron
1628 4294 1903 4356 noverint,
1937 4293 2025 4349 vel
2051 4292 2198 4362 quod
2228 4292 2297 4346 de
2325 4292 2445 4347 aliis
2495 4307 2652 4345 suum
2690 4290 2954 4361 judicium
3006 4291 3357 4360 interponere
3385 4276 3490 4343 no-

230 4391 455 4447 luerint.
499 4389 714 4443 lsaacus
735 4390 1109 4444 Casaubonus.
1141 4388 1389 4440 Animad.
1418 4387 1475 4438 in
1512 4385 1841 4447 Athenarum,
1877 4399 1930 4453 p.
1964 4382 2091 4444 825,
2121 4381 2271 4451 pium
2292 4389 2348 4434 et
2379 4381 2679 4451 elegantem
2709 4379 2997 4446 Georgium
3027 4389 3273 4434 nostrum
3298 4394 3486 4447 :equus

226 4483 396 4552 judex
430 4480 801 4551 appellat.sed
828 4481 1264 4536 emendationem
1297 4479 1351 4533 in
1376 4495 1500 4532 eum
1529 4475 1785 4548 proponit
1806 4491 1967 4545 quam
1990 4485 2052 4529 ut
2075 4475 2256 4529 minus
2284 4474 2653 4529 necessariam
2684 4473 3050 4542 recipiendam
3075 4487 3195 4526 esse
3226 4487 3334 4525 non
3362 4486 3481 4525 cre-

230 4577 435 4637 (imus,
470 4584 531 4627 ut
557 4582 705 4643 patet
738 4590 802 4628 ex
832 4590 883 4628 v.
942 4573 1048 4628 240
1094 4576 1155 4627 de
1181 4574 1415 4627 vanitate
1434 4574 1572 4626 vitta.
1604 4569 1934 4624 Laurentius
1973 4567 2233 4632 Crassus,
2284 4566 2477 4622 Istoria
2522 4565 2600 4621 de’
2630 4574 2767 4634 poet:
2808 4563 2978 4628 Greci,
3015 4580 3068 4635 p.
3107 4564 3231 4629 262,
3266 4562 3487 4619 Suidam

229 4677 443 4721 tantum
471 4667 776 4737 exscripsit,
804 4683 906 4721 nec
936 4667 988 4720 in
1020 4685 1085 4723 eo
1110 4669 1253 4738 quod
1280 4665 1711 4737 reprehenderet
1732 4663 1818 4717 vel
1847 4663 2163 4718 emendaret
2184 4661 2412 4717 invenit.
2443 4661 2645 4717 Eodem
2676 4660 2837 4731 plane
2868 4659 3028 4714 modo
3054 4658 3219 4712 etiam
3264 4656 3490 4711 Franci-

230 4779 357 4817 scus
386 4762 655 4817 Xaverius
693 4761 987 4828 Quadrius,
1019 4759 1251 4829 [tagione
1276 4756 1453 4828 d‘ogni
1480 4754 1683 4824 poesia,
1704 4762 1837 4808 tom.
1869 4750 1935 4817 ll,
1960 4768 2015 4821 p.
2050 4752 2171 4816 I24,
2205 4751 2426 4807 Suidam
2455 4760 2675 4808 secutus
2721 4759 2825 4815 est,
2857 4750 2952 4805 sed
2982 4763 3268 4819 perperam
3311 4746 3488 4801 Enco-

228 4860 422 4921 mium,
460 4858 604 4926 quod
638 4866 721 4912 est
744 4858 796 4911 in
820 4856 877 4911 S.
903 4856 971 4909 Μ.
995 4852 1341 4909 Anastasium
1371 4850 1611 4914 Persam,
1639 4848 1757 4918 ipse
1790 4846 1924 4902 dicit
1953 4846 2182 4901 aPisida
2214 4847 2271 4900 in
2298 4842 2603 4901 Heracliam
2638 4846 2900 4915 scriptum
2925 4843 3115 4907 fuisse,
3150 4841 3295 4911 quod
3324 4841 3487 4896 etiam

229 4948 539 5011 conﬁrmat,
570 4958 703 5004 tom.
736 4932 910 5017 lVJp.
958 4947 1082 5003 505.
1113 4945 1194 4999 Nil
1231 4954 1413 5000 autem
1464 4943 1648 4996 minus
1696 4951 2013 4996 accuratum
2041 4956 2204 5011 quam
2236 4941 2380 5011 quod
2418 4941 2706 5011 Dupinius,
2740 4936 2879 4993 Bibl.
2911 4938 3004 4994 des
3032 4947 3247 4993 outcurs
3279 4937 3487 4995 ecclés..

226 5041 385 5095 siecle
415 5057 513 5109 vn,
543 5058 594 5111 p.
631 5042 720 5107 62,
751 5050 807 5096 et
846 5040 1134 5101 Morerius,
1175 5038 1270 5108 qui
1322 5034 1540 5105 Dupinii
1571 5035 1738 5089 verba
1780 5035 1837 5088 in
1870 5049 2031 5088 suum
2079 5033 2470 5090 Dictionarium
2500 5032 2792 5095 transtulit,
2834 5045 3049 5085 necnon
3074 5029 3123 5086 J.
3173 5028 3489 5092 Grancolas,

228 5134 468 5203 Critique
490 5134 578 5187 des
611 5143 827 5187 auteurs
852 5131 1053 5195 cedas,
1083 5140 1215 5184 tom.
1248 5127 1311 5191 ll,
1342 5143 1396 5197 p.
1429 5125 1515 5188 64,
1541 5124 1609 5179 de
1636 5122 1866 5195 Georgio
1894 5134 2084 5179 nostro
2111 5123 2587 5194 dixerunt.‘Longe
2612 5134 2793 5179 autem
2824 5124 3021 5179 melius
3050 5122 3307 5177 omnibus
3334 5120 3402 5174 de
3426 5133 3493 5172 eo

233 5224 456 5295 scripsit
488 5224 547 5278 υ.
588 5224 866 5295 Remigius
891 5221 1199 5283 Ceillerius,
1232 5220 1370 5274 Hist.
1400 5218 1490 5270 des
1538 5225 1755 5269 autcurs
1795 5215 2001 5281 ecctés.,
2030 5226 2163 5277 tom,
2192 5216 2356 5279 XVII,
2391 5233 2446 5286 p.
2480 5219 2622 5273 552:
2654 5234 2781 5273 nam
2809 5218 2895 5274 vel
2935 5218 3161 5275 omnino
3188 5225 3337 5272 recta
3365 5218 3497 5268 s'unt

231 5320 319 5374 vel
343 5319 535 5374 saltem
573 5319 944 5389 probabilibus
969 5313 1303 5386 conjecturis
1329 5314 1557 5379 ﬁrmata,
1593 5330 1713 5384 quae
1745 5314 1811 5369 ad
1847 5330 1960 5369 rem
1990 5313 2197 5385 profert
2230 5329 2291 5368 ac
2314 5313 2578 5368 decernit.

482 5809 752 5871 Pnaoc.
793 5808 910 5869 Gn.
968 5810 1159 5871 XCII.
3106 5806 3178 5869 38
