4126 6282
324 298 460 368 i205

461 415 624 488 Ἐχῃ,
650 413 718 466 δι’
749 414 904 485 ὑμῶν
927 415 1167 480 εὐσεϐῶς
1195 416 1552 487 ἀμϐλύνεται,

453 511 563 562 Καὶ
595 509 802 572 λοιπὸν,
837 508 1026 582 ὥσπερ
1062 513 1126 564 ἐκ
1159 511 1546 582 φιλανθρώπου
1572 513 1797 575 πάθους,

455 598 644 664 Στάζει
677 603 738 654 τὸ
762 601 987 672 κέντρον
1006 603 1128 655 ἀντὶ
1156 603 1380 674 πικρίας
1405 604 1548 674 μέλι.

311 691 418 748 100
536 692 677 745 Ἀλλ’
701 694 759 746 ὲν
780 695 1122 766 παρεκϐάσει
1150 713 1218 765 με
1245 697 1340 749 τοῦ
1371 697 1737 766 προκειμένου

465 783 529 836 Ἦ
554 785 665 837 τῶν
689 785 872 838 καλῶν
905 786 998 839 σοῦ
1022 804 1080 840 τε
1090 788 1325 860 ρπνότης
1346 789 1635 858 ἀπήγαγεν
1661 805 1675 820 ·

454 877 619 930 Ὅθεν
650 878 786 949 πρὸς
809 879 978 942 αὒτάς
996 879 1088 933 τοῦ
1123 879 1284 949 λόγου
1313 880 1410 945 τὰς
1432 882 1677 946 αὔλακας

454 967 626 1022 Πάλιν
663 971 924 1039 γεωργῶν
953 972 1160 1040 εἰσάγω
1193 972 1264 1025 τά
1305 974 1621 1044 σπέρματα.

533 1063 599 1114 Ἥ
629 1062 727 1127 νὺξ
757 1063 911 1134 μὲνὴ
947 1064 1175 1132 μέλαινα
1206 1065 1315 1119 τῶν
1344 1067 1604 1120 ἐναντίων

308 1154 418 1211 105
462 1156 558 1219 Εἰς
580 1157 763 1210 πᾶσαν
789 1155 1072 1227 ἐξήπλωτο
1104 1157 1204 1230 τὴν
1231 1160 1558 1231 οἰκουμένην
1579 1175 1594 1189 '

451 1245 632 1318 Κόρος
660 1249 769 1320 γὰρ
799 1247 901 1302 οὐκ
924 1244 994 1320 ἦν
1023 1251 1300 1321 Περσικῆς
1331 1251 1660 1322 ἀπληστίας,

461 1335 604 1402 Ἀλλ’
629 1335 896 1403 ἑξέτεινον
929 1338 1028 1402 τὰς
1057 1339 1265 1410 ὀρέξεις
1293 1341 1374 1403 εἰς
1401 1341 1619 1409 φόνους.

450 1428 599 1499 Πλὴν
623 1429 704 1492 εἰς
742 1431 959 1502 ἀφεγγῆ
987 1433 1084 1484 καὶ
1112 1431 1382 1503 τοσαύτην
1416 1435 1660 1504 ἑσπέραν

450 1520 594 1590 Πρὸς
624 1519 794 1574 ὕπνον
821 1522 982 1587 αὐτὸς
997 1523 1249 1595 οὐδαμῶς
1278 1527 1625 1597 μετετράτιης
1645 1543 1660 1557 .

304 1612 415 1669 110
453 1613 574 1666 Τῶν
600 1614 708 1686 γὰρ
730 1615 798 1668 δι’
827 1616 974 1686 ἡμᾶς
1000 1617 1298 1688 φροντίδων
1327 1620 1360 1688 ἠ
1391 1620 1664 1691 πυκνότης

424 1745 434 1752 -
461 1706 559 1760 Ἕκ
590 1707 684 1760 σοῦ
705 1707 798 1762 τὸν
818 1709 982 1762 ὕπνον
1010 1710 1238 1771 εἰκότως
1263 1709 1599 1780 ἀπέστρεφε.

449 1797 641 1854 Πολλοὶ
665 1799 720 1852 δὲ
746 1799 941 1870 βουλὰς
972 1801 1066 1853 καὶ
1096 1800 1431 1871 στρατηγίας
1460 1801 1658 1868 νόμους

446 1889 612 1943 Αὐτοὶ
649 1890 773 1944 καθ’
804 1893 1003 1956 αὐτοὺς
1036 1891 1454 1963 ζωγραφοῦντες
1473 1893 1660 1963 ἡρέμα

453 1982 736 2052 Ἐφασκον
759 1983 834 2048 ὡς
861 1984 967 2055 χρὴ
1001 1984 1062 2036 τὸ
1093 1984 1296 2055 κράτος
1334 1984 1599 2056 βασιλέως

299 2159 548 2224 demum,
580 2159 657 2214 uti
705 2175 773 2214 ex
804 2159 1090 2214 hominum
1121 2159 1616 2224 commiseratione,
1647 2159 1754 2215 mel
1784 2174 1882 2230 pro

299 2249 548 2304 amaritie
589 2250 816 2304 instillat
858 2251 1098 2304 aculeus.

379 2340 528 2410 (100)
579 2341 686 2396 Sed
714 2343 769 2394 in
814 2342 1206 2412 digressionem
1250 2358 1338 2398 me
1373 2359 1403 2397 a
1446 2342 1730 2413 proposito
1776 2351 1882 2398 tua:

301 2437 562 2491 bonitatis
610 2437 847 2507 jucunda
903 2437 1266 2492 consideratio
1322 2438 1566 2492 abduxit.
1623 2438 1781 2492 Unde
1818 2438 1873 2492 in

301 2528 452 2598 ipsos
478 2529 679 2598 primos
708 2529 976 2586 sermonis
1005 2531 1184 2586 sulcos
1211 2531 1410 2586 iterum
1438 2530 1650 2588 fodiens
1680 2546 1874 2602 spargo

298 2620 534 2675 semina.
605 2648 647 2696 ι

371 2711 487 2766 Nox
515 2713 735 2783 quidem
763 2712 916 2785 nigra
945 2714 1302 2769 barbarorum
1325 2713 1566 2769 hostium
1605 2711 1753 2786 (l05)
1789 2721 1873 2768 to-

299 2813 412 2858 tam
471 2806 576 2860 late
619 2814 820 2860 terram
869 2816 1274 2876 occupaverat:
1325 2806 1567 2862 nondum
1601 2806 1745 2860 enim
1777 2821 1875 2860 ex-

296 2895 444 2964 pleta
473 2904 588 2950 erat
617 2897 843 2951 aviditas
864 2895 1174 2959 Persarum,
1207 2897 1303 2952 sed
1336 2878 1581 2951 inhiabat
1609 2897 1788 2952 adhuc
1806 2895 1874 2949 ad

294 2988 496 3042 caedes.
526 2985 609 3041 Tu
655 3002 786 3042 vero
823 2986 968 3041 inter
999 2996 1162 3042 tanta:
1190 2987 1366 3042 noctis
1401 2987 1656 3041 tenebras
1683 3002 1875 3042 somno

1295 308 1393 368 DE
1426 309 1941 371 EXPEDITIONE
1969 312 2306 374 PERSICA.
2332 315 2498 374 ΑΕΒ.
2543 315 2592 375 Ι.

3434 312 3565 376 1206

1923 430 1967 483 Α
1998 421 2100 476 115
2157 424 2245 475 Ἐν
2273 426 2392 488 ταῖς
2417 425 2686 492 ἀνάγκαις
2716 423 2816 494 τῆς
2849 424 3028 494 μάχης
3054 423 3412 494 παρεστάναι.

2133 515 2318 568 Ἄλλοι
2341 516 2397 568 δὲ
2425 516 2608 580 πάλιν,
2640 515 2828 584 ὥσπερ
2854 519 2919 568 ἐκ
2946 515 3279 577 τούναντίου.

2143 611 2647 681 Ἀντεστρατήγουν
2672 609 3077 680 δυσμαχοῦντες
3103 609 3160 661 ἐν
3185 609 3387 676 λόγοις,

2144 703 2470 773 Ἐπισφαλὲς
2505 703 2752 772 λέγοντες
2781 699 2915 756 εἷναι
2949 701 3009 755 τὸ
3040 702 3240 772 κράτος

2131 795 2277 866 Πρὸς
2313 795 2413 859 τὰς
2447 795 2698 866 ἑτοίμους
2731 795 2988 866 ἐμϐαλεῖν
3028 795 3405 865 περιστάσεις.

1997 885 2101 942 120
2150 887 2307 949 Τινὲς
2334 886 2391 940 δὲ
2417 888 2510 940 καὶ
2541 887 2826 959 σύγκρισιν
2857 887 2915 954 ἐξ
2941 889 3145 958 ἀμφοῖν
3175 887 3314 956 μίαιέ

2143 981 2232 1033 Ἐν
2255 983 2375 1044 ταῖς
2409 981 2620 1033 ἑαυτῶν
2649 980 3014 1043 ὲκτυποῦντες
3048 978 3305 1049 καρδίαις

2128 1070 2464 1138 Σοφιστικῶς
2493 1070 2753 1141 ἔφραζον,
2783 1071 2923 1124 ὥστε
2956 1071 3052 1125 καὶ
3083 1070 3264 1140 μένειν

2129 1165 2237 1216 Καὶ
2259 1165 2377 1226 ταῖς
2405 1163 2696 1234 μερίμναις
2727 1165 2839 1227 τοῖς
2865 1163 3041 1231 ἀγῶσι
3066 1162 3398 1234 συντρέχειν.

2141 1252 2279 1306 Ἀλλ’
2308 1248 2376 1324 ἦν
2411 1252 2480 1305 τά
2514 1252 2670 1306 κοινά
2697 1235 2805 1322 τῶν
2831 1253 3004 1321 λόγων
3033 1253 3285 1306 ἀναίτια·

1990 1341 2095 1397 125
2131 1343 2207 1396 UO
2234 1343 2345 1414 γὰρ
2376 1343 2614 1414 πονηρὸν
2636 1339 2784 1414 εἰχον
2813 1346 2868 1397 αἰ
2897 1343 3112 1412 γνῶμαι
3145 1343 3370 1413 τρόπον,

2132 1435 2203 1487 Σὺ
2231 1434 2310 1499 δὲ,
2345 1434 2638 1505 στρατηγὲ,
2676 1435 2768 1487 καὶ
2798 1433 2908 1504 γὰρ
2945 1429 3089 1504 ἦσθα
3118 1433 3226 1486 τῶν
3249 1433 3387 1487 ὅλων

2130 1526 2243 1580 Καὶ
2271 1527 2445 1581 ταῦτα
2479 1527 2680 1598 μᾶλλον
2707 1528 2873 1590 αὐτὸς
2903 1527 3304 1598 ὴκριῦωμένος,

2127 1618 2267 1670 Πᾶσι
2307 1618 2555 1682 δεδωκὼς
2582 1617 2676 1672 τοῦ
2695 1618 2875 1672 λαλεῖν
2905 1618 3174 1682 ἐξουσίαν,

2125 1708 2260 1763 Θεὸν
2287 1710 2548 1781 δικαστὴν
2573 1711 2683 1764 τῶν
2706 1711 2915 1781 ἀδήλων
2944 1710 3206 1781 εἰργάσω.

1912 1791 1954 1846 Β
1985 1801 2086 1858 150
2126 1802 2299 1856 Ὅπου
2319 1803 2375 1855 δὲ
2400 1803 2582 1867 πίστις
2611 1803 2878 1874 παρθένος
2902 1803 3282 1874 προσέρχεται,

2121 1892 2335 1962 Λευκὴν
2365 1893 2573 1948 ἄνωθεν
2608 1893 2799 1947 ἐλπίδα
2833 1893 3153 1958 στολίζεται.

2203 1985 2499 2056 Ἑορτάσας
2526 1986 2583 2040 δὲ
2606 1987 2706 2055 τὴν
2745 1985 3012 2056 μεγίστην
3035 1985 3272 2056 ἡμέραν,

1978 2169 2182 2229 praesto
2229 2174 2372 2215 esse.
2429 2158 2530 2212 Alii
2577 2146 2730 2214 vero.
2762 2173 2953 2213 rursus
3000 2159 3146 2212 velut
3197 2174 3262 2212 ex
3301 2159 3556 2230 opposito

1979 2257 2167 2305 contra
2214 2247 2566 2316 insurgebant
2606 2246 2928 2303 dimicantes
2970 2247 3336 2312 sermonibus,
3373 2248 3558 2303 minus

1980 2348 2154 2394 tutum
2188 2337 2430 2393 dicentes
2463 2353 2583 2392 esse
2618 2339 2960 2408 maj’estatem
2991 2339 3047 2391 in
3073 2339 3277 2408 apertis
3305 2341 3557 2396 commit-

1982 2440 2096 2487 tere
2118 2431 2397 2501 periculis.
2428 2431 2576 2499 (120)
2604 2429 2856 2502 Nonnulli
2881 2446 3010 2486 vero
3030 2445 3097 2485 ex
3119 2432 3364 2502 utrisque
3387 2449 3556 2488 unum

1975 2528 2239 2598 judicium
2268 2527 2325 2581 in
2346 2527 2461 2581 suis
2488 2526 2588 2581 sibi
2613 2525 2932 2597 eﬂingentes
2959 2525 3232 2592 cordibus,
3263 2527 3559 2597 sopbistice

1980 2617 2234 2674 dicebant
2258 2626 2511 2689 oportere
2537 2627 2592 2672 et
2613 2616 2760 2672 domi
2783 2631 3008 2672 manere
3028 2627 3083 2673 et
3111 2617 3339 2672 consilio
3360 2617 3415 2672 in
3436 2633 3555 2674 cer-

1983 2711 2186 2766 tamina
2215 2725 2520 2766 accurrere.
2557 2708 2665 2765 Sed
2691 2717 2848 2765 erant
2873 2708 2962 2764 isti
2995 2710 3239 2765 omnium
3279 2725 3566 2766 sermones

1982 2803 2100 2858 sine
2125 2803 2318 2873 culpa:
2355 2803 2502 2872 (125)
2533 2817 2644 2857 non
2671 2802 2816 2857 enim
2841 2818 2908 2858 ex
2940 2803 3084 2857 malo
3114 2803 3404 2874 prodibant
3430 2818 3557 2856 sen-

1984 2894 2166 2950 tentia:
2186 2895 2424 2965 ingenio.
2448 2893 2530 2949 Tu
2559 2909 2689 2949 vero
2711 2894 2820 2949 dux
2848 2893 3112 2966 (omnium
3143 2894 3288 2948 cnim
3319 2893 3430 2948 dux
3451 2892 3558 2946 fui-

1982 2987 2070 3052 sti,
2099 2996 2154 3042 et
2187 2989 2302 3042 haec
2319 2988 2433 3057 ipsa
2451 2989 2661 3043 caeteris
2679 2987 2874 3042 melius
2901 2985 3279 3058 cognoveras),
3303 2987 3558 3041 omnibus

297 3090 352 3134 te
411 3081 592 3150 ipsum
650 3080 960 3134 nullatenus
1016 3079 1280 3135 tradidisti
1312 3097 1326 3134 :
1367 3079 1512 3150 (110)
1566 3087 1874 3133 nostrarum
1903 3084 1949 3146 ρ
1979 3082 2100 3137 data
2136 3081 2387 3151 loquendi
2429 3089 2716 3151 potestate,
2755 3079 2924 3134 Deum
2951 3080 3190 3150 judicem
3219 3079 3558 3134 occultorum

291 3173 444 3227 enim
485 3188 735 3227 curarum
775 3173 1064 3228 multitudo
1097 3188 1128 3227 a
1159 3180 1212 3227 te
1241 3187 1516 3235 somnum,
1551 3181 1613 3226 ut
1643 3187 1743 3241 par
1769 3185 1871 3237 est,

293 3263 515 3318 avertit.
536 3281 540 3286 -
561 3262 713 3317 Multi
750 3264 817 3318 de
846 3264 1057 3319 ratione
1089 3273 1145 3318 et
1167 3263 1378 3334 legibus
1400 3263 1631 3338 ducendi
1659 3263 1872 3318 exerci-

296 3365 387 3410 tus
417 3355 508 3409 alii
539 3365 660 3424 post
685 3355 819 3410 alios
847 3356 1176 3411 disserentes
1202 3355 1494 3420 subtiliter,
1527 3355 1786 3410 dicebant
1811 3362 1872 3408 ut

292 3455 548 3518 oporteat
593 3447 735 3519 regis
779 3448 1119 3519 majestatem
1173 3447 1318 3518 (115)
1369 3447 1426 3502 in
1459 3447 1718 3518 periculis
1747 3446 1874 3502 belli

1981 3171 2177 3235 fecisti,
2211 3170 2356 3240 (150)
2394 3169 2650 3224 nimirum
2686 3170 2865 3224 statim
2903 3184 2968 3224 ac
3000 3168 3134 3223 fides
3176 3168 3327 3239 virgo
3360 3183 3571 3238 super-

1979 3261 2150 3325 venit,
2180 3259 2463 3314 candidam
2500 3257 2589 3312 illa
2618 3273 2684 3312 ex
2715 3257 2824 3311 alto
2851 3271 3002 3326 spem
3025 3256 3272 3310 adornat.

2049 3352 2187 3406 Tum
2217 3351 2484 3406 celebrata
2518 3349 2750 3404 maxima
2781 3349 2869 3402 illa
2895 3348 3002 3415 die,
3034 3363 3139 3418 qua
3172 3355 3343 3402 totum
3370 3362 3555 3402 assur-

1983 3444 2125 3499 rexit
2155 3445 2455 3499 humanum
2484 3430 2654 3515 genus
2686 3442 2754 3498 ad
2786 3441 3023 3497 divinam
3053 3455 3357 3512 novamque
3379 3439 3552 3496 refor—

1597 3625 1832 3682 VABUE
1873 3623 2276 3681 LECTIONES.

367 3711 472 3767 110
497 3711 607 3765 τῶν
635 3711 694 3780 Ρ,
732 3714 840 3766 σῶν
861 3713 948 3768 ed.

1814 3804 2048 3862 ΝΟΤίΕ.

365 3960 491 4034 109..
527 3961 757 4034 Elegans
785 3962 1131 4034 metaphora,
1160 3977 1265 4032 qua
1297 3977 1355 4016 se
1404 3971 1561 4034 poeta
1599 3972 1878 4034 comparat

293 4033 562 4101 agricolae.
604 4033 750 4088 Sulci
800 4041 926 4086 sunt
956 4033 1139 4097 iambi,
1177 4042 1416 4086 aratrum
1452 4033 1641 4102 styluﬁs,
1668 4033 1874 4088 semina

294 4104 462 4156 verba
491 4112 546 4156 et
574 4105 880 4158 sententiae.
921 4104 1123 4158 Forsan
1161 4104 1227 4156 ad
1254 4101 1528 4171 antiquam
1561 4101 1874 4158 Graecorum

295 4173 569 4243 scribendi
599 4175 861 4227 rationem
889 4175 1149 4243 respexit.
1173 4189 1292 4242 qua:
1308 4172 1704 4242 βουστροφηδὸν
1735 4176 1874 4229 dice-

295 4241 492 4296 batur:
525 4253 584 4297 ut
627 4245 770 4297 enim
798 4241 1013 4298 arante‘s
1037 4259 1158 4298 cum
1193 4241 1364 4298 bobus
1385 4244 1579 4306 solent,
1618 4245 1793 4313 primo
1841 4261 1872 4298 a

293 4313 481 4366 dextra
499 4314 564 4366 ad
596 4314 866 4368 sinistram
897 4331 1086 4369 versus
1107 4315 1298 4383 stylum
1335 4314 1605 4368 ducebant
1634 4323 1867 4375 veteres,

295 4392 459 4456 atque
486 4384 576 4436 ubi
603 4385 669 4438 ad
716 4385 991 4456 sinistram
1041 4387 1250 4456 paginae
1295 4401 1445 4438 oram
1495 4384 1867 4456 devenissent,

294 4453 638 4507 dextrorsum
664 4454 978 4523 pergebant,
1006 4453 1133 4507 tum'
1145 4471 1274 4510 vero
1299 4457 1491 4509 iterum
1510 4455 1574 4508 ad
1597 4455 1868 4509 sinistram

1977 3983 2076 4020 σαν
2138 3965 2235 4034 τὴν
2293 3965 2491 4034 Συρίαν
2573 3968 2667 4018 καὶ
2733 3965 3098 4030 Παλαιστίνην
3169 3963 3553 4034 αἰχμαλώτευ-

1975 4053 2104 4099 σαν,
2151 4050 2296 4089 anno
2345 4044 2527 4088 autem
2582 4035 2684 4088 6l7
2742 4036 3144 4090 Chalcedonem
3203 4050 3323 4102 qua:
3362 4044 3556 4088 contra

1972 4107 2183 4176 Cpolim
2235 4112 2368 4167 erat,
2433 4115 2716 4172 ceperunt.
2759 4121 2882 4160 cum
2927 4106 3036 4173 jam
3094 4104 3568 4176 innnmeraiqute

1972 4172 2097 4230 ferri
2146 4193 2253 4229 non
2291 4186 2511 4246 possent
2540 4176 2764 4246 scelera,
2800 4172 3128 4246 patrassent.
3174 4172 3302 4228 Vide
3355 4172 3550 4229 Chron.

1970 4247 2214 4316 paschale
2247 4262 2298 4316 p.
2344 4245 2464 4307 704.
2490 4246 2578 4299 ed.
2612 4245 2787 4301 Bonn.

2050 4317 2170 4371 112.
2209 4313 2475 4384 Ε’χρθίιίτθ
2530 4325 2586 4369 ut
2638 4317 2774 4387 bella
2825 4331 2922 4387 per
2955 4331 3018 4371 se
3074 4324 3242 4387 gerat
3275 4313 3548 4387 princeps,

1977 4402 2169 4442 omnes
2199 4383 2312 4441 fere
2348 4395 2697 4441 consentiunt
2729 4386 2796 4441 de
2826 4383 2992 4441 rebus
3039 4383 3289 4457 politicis’
3321 4383 3554 4451 scripto-

1978 4473 2085 4513 res.

297 4520 675 4596 recurrebant.
713 4520 787 4576 lla
818 4540 943 4578 vere
969 4526 1147 4580 sulcos
1193 4524 1656 4596 reprmsentabant
1694 4525 1872 4590 linea-2,
1910 4520 1950 4574 D
2053 4528 2176 4584 124.
2208 4528 2396 4583 Varias
2418 4529 2738 4594 sententias,
2761 4543 2896 4596 quas
2915 4528 3056 4584 circa
3082 4525 3206 4583 belli
3226 4521 3553 4596 gerendira-

297 4609 417 4661 qum
451 4593 688 4654 αὕλακες
726 4610 788 4648 ea
821 4596 887 4648 de
910 4611 1069 4648 causa
1110 4593 1268 4650 dictae
1311 4595 1678 4649 inveniuntur.
1719 4599 1870 4649 Ano-

300 4664 611 4752 nirniulsqui
641 4663 1027 4752 P‘armgyricum
1057 4666 1524 4752 Berengariiuimp.
1546 4667 1870 4752 cquscripsit

297 4733 366 4787 ab
394 4733 634 4787 Adriano
665 4732 879 4787 Valesio
907 4735 1133 4795 editum,
1157 4732 1312 4799 dixit,
1349 4736 1444 4789 lib.
1475 4732 1562 4800 in,
1592 4735 1659 4788 55
1684 4755 1697 4791 :
1730 4732 1870 4790 For-

296 4805 371 4856 tia
385 4803 539 4875 jussu
571 4805 670 4875 cito
698 4807 880 4859 scriba:
901 4805 1102 4858 sulcale
1129 4823 1348 4875 papyro.

370 4874 494 4928 104.
550 4874 868 4945 Allegorice,
909 4877 1150 4948 _op_inor,
1191 4886 1415 4948 noctem
1459 4878 1667 4948 nigram
1713 4884 1871 4931 vocat

296 4942 512 5008 Persas,
544 4942 691 5012 quos
715 4949 877 4998 etiam
908 4942 1100 4999 iri—fine
1133 4947 1475 4999 Abaricorum
1504 4942 1556 5003 v'.
1584 4947 1687 5001 526
1744 4965 1870 5000 σκο-

295 5014 505 5075 τεινοὺς
535 5015 788 5084 appellat,
847 5031 957 5068 non
1019 5024 1225 5070 tantum
1252 5017 1316 5068 ad
1359 5017 1552 5071 damna
1604 5018 1871 5072 abluenda

337 5099 419 5138 uae
448 5087 626 5155 terris,
650 5101 809 5155 quam
858 5087 924 5138 ad
973 5103 1033 5140 ea
1079 5101 1198 5154 quae
1258 5086 1504 5153 religioni
1543 5087 1866 5142 inferebant.

337 5100 419 5138 uae
448 5100 626 5148 terris,
650 5101 809 5155 quam
858 5100 924 5138 ad
973 5103 1033 5140 ea
1079 5101 1198 5154 quae
1258 5100 1504 5153 religioni
1543 5100 1866 5142 rnlerebant.

297 5100 511 5227 Euippe
534 5153 776 5227 Chosroa
807 5157 993 5226 legatis
1023 5157 1090 5210 ab
1122 5156 1366 5227 Heraclio
1407 5158 1589 5211 missis
1641 5174 1870 5227 respon-

296 5225 450 5297 derat
484 5240 496 5276 :
528 5223 902 5297 Ot’rrpslsopai
929 5227 1081 5293 ὑμῶν
1107 5267 1120 5287 ,
1153 5225 1263 5297 ἕως
1301 5225 1366 5278 ἂν
1421 5223 1748 5297 ἁρνήσησθέ
1783 5228 1872 5280 τὸν

299 5295 734 5415 ἐσταυρωμξνον,
761 5296 819 5348 ὃν
849 5296 1034 5365 λέγετε
1057 5297 1190 5350 Θεὸν
1219 5295 1378 5367 εἶναι,
1411 5299 1506 5351 καὶ
1548 5295 1870 5368 προσκυνή-

301 5380 431 5415 ante
454 5379 534 5415 τω
555 5381 587 5415 η
629 5381 692 5415 ιω

301 5380 431 5434 σητε
454 5379 692 5434 stamus:

369 5432 709 5508 iceram
738 5435 847 5503 jam
869 5451 899 5488 a
933 5436 1271 5492 Constantini
1307 5439 1640 5508 temporibus
1669 5437 1872 5491 Roma-

297 5504 384 5577 nis
407 5503 588 5557 infesti
616 5519 806 5577 eorum
843 5508 1146 5573 provincias
1179 5503 1436 5563 invadere
1475 5525 1750 5577 nunquam
1781 5509 1874 5562 de-

299 5575 578 5628 stiterunt.
612 5574 715 5628 Sed
757 5577 926 5629 multo
955 5579 1131 5632 acrius
1159 5577 1300 5632 inter
1345 5595 1438 5632 eos
1467 5574 1665 5633 bellum
1720 5594 1876 5632 exar-

300 5645 374 5716 sit
414 5645 517 5698 sub
552 5644 808 5699 Mauricio
860 5655 914 5699 et
957 5647 1156 5711 Phoca,
1205 5663 1434 5716 quorum
1485 5649 1762 5702 Heraclius
1818 5649 1877 5706 in

300 5715 534 5782 imperio
565 5730 845 5769 successor
879 5716 998 5771 fuit.
1035 5719 1192 5770 Anno
1217 5715 1363 5773 enim
1413 5719 1515 5774 599
1542 5717 1740 5781 Persae,
1764 5717 1874 5770 En-

304 5785 555 5857 phratem
590 5787 929 5858 transgressi,
959 5797 1018 5843 ut
1046 5789 1123 5844 ait
1150 5788 1520 5860 Theophanes
1537 5805 1589 5860 p.
1615 5790 1741 5853 247,
1772 5790 1874 5842 πᾶ-

1973 4599 2174 4670 tionem
2207 4601 2392 4653 retulit
2413 4593 3072 4670 dvenioug,pronuntiat,
3093 4593 3301 4656 voletis,
3335 4593 3551 4662 opinor,

1970 4669 2170 4738 Crispi,
2199 4671 2287 4738 qui
2317 4685 2479 4740 gener
2500 4669 2601 4723 fuit
2623 4669 2836 4733 Phocus,
2873 4669 3233 4740 temeritatem
3265 4677 3548 4740 esctlsare.

1971 4741 2061 4807 qui
2091 4733 2344 4794 Heracliti
2371 4741 2489 4808 ejus
2517 4756 2674 4809 opem
2705 4739 2925 4810 petenti
2943 4737 3221 4807 respondit
3245 4753 3278 4810 :M
3296 4733 3550 4810 Obice?»

1973 4803 2185 4880 βασιλεῖ
2236 4803 2672 4881 καταλιμπάνειν
2707 4803 2998 4881 ’βασιλείαν
3035 4803 3135 4861 καὶ
3186 4807 3309 4881 τρεῖς
3361 4803 3560 4881 τξόῤῥωλ

1972 4874 2366 4950 ἐπιχωριάζειν
2416 4874 2731 4950 δυνάμεσιν.
2787 4878 2920 4934 Rem
2973 4887 3158 4932 narrat
3208 4874 3554 4944 Nicephorus

1972 4899 2153 4950 επιχω
2196 4899 2366 4946 ιαςειν
2416 4899 2652 4950 ουναμεσ

1971 4965 2110 5021 patr.
2152 4899 2302 5006 Ereti.
2336 4950 2477 5004 Hirt.
2513 4968 2567 5020 p.
2600 4952 2652 5006 5.

2047 5024 2167 5078 199.
2201 5013 2578 5091 Conjecturain
2611 5021 2772 5074 modo
2796 5020 3081 5091 adductam
3112 5015 3328 5091 videtur
3351 5013 3556 5072 confir-

1973 5107 2142 5156 mare,
2170 5086 2328 5163 quasi
2353 5092 2600 5146 Heraclio
2622 5090 2977 5163 dubitandum
3011 5088 3199 5163 fuisset
3251 5086 3322 5163 de
3362 5099 3560 5138 eorum

1976 5163 2079 5218 fide
2103 5156 2200 5233 qui
2236 5165 2285 5217 ei
2318 5172 2471 5217 erant
2497 5177 2528 5234 a
2560 5159 3142 5234 consiliis,__unde_ipse
3189 5156 3384 5234 merito
3433 5170 3554 5234 om-

1973 5227 2285 5288 ncm'suarn
2313 5249 2464 5302 spem
2499 5233 2555 5284 in
2609 5230 2718 5284 Deo
2749 5227 3067 5302 collocavit,
3106 5236 3160 5280 et
3215 5227 3432 5302 de___sno
3498 5227 3559 5276 in-

1975 5303 2248 5374 Persidem
2333 5296 2578 5374 profectu
2648 5316 2832 5356 secum
2881 5300 3164 5354 consultus
3216 5296 3554 5351 deliberave-

1975 5373 2063 5428 rit.

2050 5446 2172 5498 152.
2216 5444 2496 5515 Minimum
2524 5443 2836 5515 discrepant
2865 5435 3343 5515 creteri‘h-istorici,
3375 5433 3557 5515 Theo:

1972 5515 2214 5582 pbanes,
2259 5514 2586 5584 ,Cedrenus.
2631 5508 2868 5566 Zonaras
2923 5522 2977 5565 et
3035 5508 3394 5584 Nirephorus,
3457 5508 3554 5584 mli

1975 5571 2459 5655 omnesafﬁrmant
2490 5584 2801 5655 llcraclium
2848 5571 3252 5655 annoimpérii
3304 5574 3395 5655 sui
3453 5571 3550 5652 lg.

1974 5653 2177 5708 Christi
2214 5655 2335 5717 6'22,
2364 5670 2486 5709 cum
2514 5655 2624 5722 jam
2655 5652 2858 5709 Pascha
2891 5651 3238 5711 celebrasset,
3269 5651 3454 5700 statim
3501 5651 3578 5699 ιιι,

1977 5725 2252 5782 Persidem
2287 5725 2617 5794 porrexisse.
