4126 6282
547 306 676 372 1211

700 423 786 478 Ἑν
808 427 874 496 τῇ
899 427 1135 500 τοσαύτῃ
1157 426 1266 481 τῶν
1292 425 1473 481 καλῶν
1500 426 1817 497 αὐτουργίᾳ.

543 510 650 569 303
687 514 797 566 Καὶ
828 516 937 568 τῶν
964 515 1316 586 ταχυδρόμων
1335 516 1445 585 γάρ
1475 515 1635 578 εὐθὺς
1656 516 1898 570 ὁλκάδων

692 604 767 657 Τὸ
798 605 1000 675 πλῆθος
1034 608 1115 670 είς
1146 606 1204 660 ἓν
1237 607 1469 668 εὐτόνως
1494 606 1833 676 συνέτρεχεν,

688 693 796 746 Καὶ
818 696 925 758 πᾶς
956 697 1013 748 έν
1036 695 1223 758 ὅπλοις
1252 696 1683 765 ἐστρατευμένος
1704 698 1823 748 τότε

701 782 891 855 Ῥίψας
924 787 987 839 τὸ
1011 787 1164 853 τόξον
1187 788 1281 841 καὶ
1312 787 1508 859 παρεὶς
1533 788 1629 857 τὴν
1660 788 1863 841 ἀσπίδα

693 874 836 945 Πρὸς
868 875 966 941 τάς
1001 877 1263 947 ὲνύγρους
1292 877 1610 945 συμπλοκάς
1636 878 1922 941 ὡπλίζετο.

554 961 660 1018 9.03
698 966 946 1029 Καὺτοὺς
967 966 1024 1020 δὲ
1049 970 1174 1031 τοὺς
1200 968 1462 1038 τεμόντας
1489 968 1702 1029 εὐνοίας
1733 966 1876 1037 λόγῳ

692 1055 812 1109 Τῶν
836 1058 1164 1111 τεκνοποιῶν
1193 1058 1442 1128 ὀργάνων
1474 1058 1543 1111 τὰ
1570 1058 1883 1129 σπέρματα,

695 1148 791 1210 Et;
819 1149 983 1201 ταὺτὸ
1009 1151 1396 1221 συντρέχοντας
1424 1146 1492 1221 ἦν
1521 1152 1652 1219 όρᾷν
1676 1151 1796 1203 τότε

695 1238 1011 1309 Τμηθέντας
1033 1242 1186 1294 οὐδὲν
1211 1242 1309 1312 τὴν
1340 1241 1500 1308 φύσιν
1527 1243 1626 1310 τὴν
1654 1243 1879 1313 ἄρρενα.

698 1328 883 1394 Οῦτως
911 1331 1140 1396 ἕκαστος
1166 1336 1569 1403 συμμετασχεῖν
1596 1334 1659 1385 ἐκ
1687 1334 1886 1404 μέρους

558 1419 663 1476 210
700 1419 821 1472 Τῶν
844 1422 951 1475 σῶν
975 1422 1212 1493 ἱδρώτων
1241 1423 1413 1493 ἡδέως
1444 1422 1720 1492 ἠπείγετο.

702 1512 893 1581 Ὅμως
916 1511 1153 1575 ἅπαντες
1178 1513 1261 1565 σοὶ
1288 1512 1563 1583 προσῆγον
1585 1514 1685 1581 τὴν
1714 1514 1896 1583 χάριν,

711 1603 873 1672 Ὑμῖν
899 1603 955 1656 δὲ
981 1607 1088 1658 πᾶν
1123 1603 1183 1657 τὸ
1205 1604 1444 1675 πραχθὲν
1466 1605 1845 1671 ἐσπουδάζετο,

702 1693 894 1758 Ὅπως
914 1696 942 1748 ὁ
963 1695 1175 1763 πρῶτος
1191 1695 1381 1765 μισθὸς
1407 1697 1486 1757 είς
1514 1696 1613 1765 τὴν
1636 1698 1813 1750 αἰτίαν

704 1786 813 1839 Καὶ
838 1786 935 1855 τὴν
960 1786 1213 1857 ἀφορμὴν
1236 1787 1528 1858 συνδράμοι
1553 1786 1646 1840 τοῦ
1672 1790 2018 1859 πράγματος,

562 1874 670 1930 215
706 1878 767 1929 Ui
810 1876 908 1946 μὲν
934 1876 1041 1947 γὰρ
1076 1877 1249 1931 ὤθουν
1275 1879 1338 1931 ἐκ
1358 1877 1659 1932 θαλαττίων
1686 1879 1849 1933 λίθων

716 1967 970 2031 Ῥιζωοὲν
992 1967 1180 2040 ὥσπερ
1210 1969 1269 2033 ἐξ
1296 1969 1543 2039 ἀνάγκης
1561 1969 1621 2023 τὸ
1645 1973 1871 2039 σκάφος,

707 2063 771 2114 Οί
806 2063 1049 2115 ναυτικοὶ
1068 2062 1124 2115 δὲ
1147 2064 1256 2125 τοῖς
1292 2062 1635 2132 άποσχοίνοις
1654 2063 1829 2127 τόνοις

704 2151 973 2215 Λαϐόντες
994 2146 1195 2218 εἷλκον,
1228 2152 1303 2215 ὡς
1328 2152 1475 2223 ἐνῆν,
1504 2152 1602 2223 τὴν
1631 2154 1851 2220 ὁλκάδα,

708 2241 854 2304 Ἕως
888 2242 1310 2312 κατισχύσαντες
1331 2242 1586 2296 εἵλκυσαν
1620 2243 1772 2313 μόλις

567 2332 672 2389 220
709 2331 820 2403 Τὴν
844 2333 973 2387 ναῦν
1002 2335 1271 2388 πεσοῦσαν
1298 2337 1355 2388 ὲν
1386 2335 1592 2406 σαγήνῃ
1618 2336 1724 2388 τῶν
1747 2336 1927 2391 λίθων.

780 2420 850 2478 Ὦ
873 2426 1156 2496 συμπαθὲς
1182 2426 1434 2497 φρόνημα
1461 2427 1555 2480 καὶ⁹
1578 2427 1755 2497 ψυχῆς
1775 2430 1929 2494 τόνος

712 2520 819 2573 Καὶ
844 2521 1062 2597 φροντὶς
1090 2521 1371 2591 άρκέσασα
1394 2519 1676 2583 τοῖς”ὄλοις
1710 2522 1807 2591 μία
1826 2523 1860 2590 lg

574 2675 845 2732 laboraret
881 2675 1103 2748 despota
1143 2689 1196 2733 et
1239 2690 1346 2737 tam
1388 2684 1650 2753 prteclara
1692 2684 1808 2754 ipse
1839 2699 1935 2754 per
1961 2698 2019 2739 se
2049 2698 2141 2754 ge-

575 2776 739 2823 reret.
776 2768 922 2841 (900)
956 2769 1093 2824 Tum
1135 2787 1264 2827 vero
1306 2775 1486 2828 statim
1534 2775 1893 2830 actuariarum
1926 2774 2143 2828 navium

574 2860 863 2916 multitudo
942 2861 997 2916 in
1058 2879 1225 2918 unum
1302 2866 1525 2922 intentis
1590 2866 1800 2923 viribus
1865 2874 2143 2923 contracta

574 2961 676 3009 est.
739 2954 816 3009 Ae
877 2960 989 3008 tum
1052 2955 1299 3025 quisque,
1364 2964 1425 3011 ut
1478 2965 1593 3012 erat
1645 2958 1997 3012 tumultuarie
2058 2957 2143 3010 in-

574 3054 834 3110 structus,
902 3046 1112 3117 abjecto
1168 3048 1273 3102 telo
1325 3057 1379 3104 et
1428 3049 1650 3105 dimisso
1699 3051 1884 3121 clypeo
1920 3049 1987 3103 ad
2030 3063 2145 3102 ma-

1834 307 2151 369 GEORGII
2190 306 2460 367 PISIDBE

3649 302 3764 367 1212

2357 422 2524 477 Πάλιν
2556 423 2844 505 μεριμνᾷς,
2864 421 2972 474 καὶ
3000 420 3162 473 πάλιν
3191 420 3338 473 κατὰ
3370 418 3537 487 ζάλης

2354 513 2550 582 Μάχην
2586 512 2913 574 συνάπτεις·
2948 511 3070 563 οὐδὲ
3110 510 3215 580 γὰρ
3236 509 3538 571 θαλαττίας

2215 604 2321 658 225
2359 604 2616 665 Κίνδυνος
2637 601 2835 672 ὁρμῆς,
2859 602 2979 655 οὐδὲ
3010 605 3110 671 τῆς
3135 605 3238 672 γῆς
3269 603 3305 671 ἡ
3338 601 3477 669 ζάλη

2356 696 2434 765 Τῇ
2467 699 2530 765 σῇ
2568 696 2840 766 παρέσχον
2867 696 3105 764 ἐκκοπὴν
3135 693 3444 765 προθυμίᾳ.

2370 790 2510 841 Ἀλλ’
2535 788 2611 851 ὡς
2640 788 2801 855 σοφός
2827 804 2911 850 τις
2940 789 2998 840 ὲν
3031 786 3363 856 κυόερνήσει
3395 785 3563 852 ζάλης

2358 881 2636 949 Χειμῶνος
2664 880 2839 949 αῦρας
2860 879 3212 951 ἡγριωμένας
3242 878 3490 947 βλέπων,

2360 972 2494 1023 Τότε
2527 970 2685 1022 πλέον
2714 970 2953 1022 δείκνυσι
2986 970 3086 1039 τὴν
3113 969 3423 1038 εὑτεχνίαν,

2219 1062 2324 1116 250
2362 1063 2469 1114 Καὶ
2491 1061 2567 1130 τῷ
2596 1059 2840 1143 λογισμῷ
2865 1059 2964 1122 τὰς
2994 1060 3291 1129 τρικυμίας
3324 1058 3543 1126 φθάσας

2364 1153 2563 1221 Τέμνει
2592 1151 2651 1203 τὸ
2679 1150 2857 1219 ῥεῦμα
2884 1149 2985 1218 τῆς
3011 1148 3179 1219 ζάλης
3219 1150 3565 1217 ἀνατρέχων,

2367 1244 2527 1296 Κενοῖ
2554 1258 2611 1293 τε
2640 1241 2861 1303 πυκνῶς
2892 1241 2991 1312 τὴν
3024 1240 3143 1310 βίαν
3165 1240 3260 1292 τοῦ
3287 1240 3621 1309 πνεύματος,

2365 1332 2521 1385 υῦτω
2547 1333 2827 1402 κρατήσας
2846 1330 2939 1384 τοῦ
2970 1331 3084 1400 βίον
3106 1334 3233 1394 τοὺς
3259 1331 3524 1401 αὐχένας,

2364 1428 2642 1494 Χειμῶνος
2670 1426 2823 1489 ὄντος
2854 1427 2947 1479 καὶ
2977 1428 3221 1497 ταραχῆς
3257 1428 3624 1497 πραγμάτων,

2226 1517 2333 1573 9.ὖὸ
2368 1516 2589 1569 Φθάνων
2618 1517 2855 1586 ἑκάστην
2897 1517 3191 1588 συμφορῶν
3229 1518 3533 1589 τρικυμίαν

2370 1606 2451 1673 lli}
2486 1606 2581 1674 μὲν
2605 1605 2932 1675 διατέμνεις,
2958 1606 3031 1676 πῆ
3060 1606 3113 1658 δὲ
3142 1607 3240 1676 τὴν
3269 1606 3395 1675 βίαν
3422 1608 3615 1669 κενοῖς,

2373 1699 2455 1767 lli}
2474 1698 2528 1751 δὲ
2557 1698 2690 1769 πρὸς
2714 1698 2845 1769 ὕψος
2874 1698 3112 1760 εὐσεϐῶς
3139 1700 3460 1770 ἀνατρέχων

2365 1789 2473 1858 Γῆς
2503 1791 2595 1842 καὶ
2626 1789 2893 1859 θαλάττης
2924 1791 3015 1843 τὸν
3046 1791 3205 1843 σάλον
3233 1792 3598 1854 κατέσϐεσας.

2455 1882 2598 1935 Ἰδὼν
2627 1883 2684 1936 δὲ
2710 1883 2878 1936 ταῦτα
2912 1886 3005 1938 καὶ
3036 1884 3298 1949 στενάξας
3329 1888 3357 1938 ὁ
3380 1884 3571 1952 φθόνος

2228 1973 2332 2029 210
2372 1972 2601 2045 (Πολλὴν
2624 1973 2732 2043 γὰρ
2762 1971 2901 2041 ἔγνω
2924 1973 3126 2044 ζημίαν
3152 1973 3512 2036 πεπονθέναι,

2369 2066 2589 2120 Βλέπων
2620 2066 2904 2129 τοσούτους
2936 2068 2993 2119 ἐν
3028 2066 3218 2137 βραχεῖ
3249 2064 3672 2134 σεσωσμένους).

2378 2158 2611 2228 Πλήττει
2638 2158 2731 2210 τὸν
2753 2157 2921 2228 ἄκρον
2952 2156 3047 2210 τοῦ
3075 2158 3234 2221 ποδός
3265 2175 3364 2211 σου
3394 2156 3666 2220 δάκτυλον,

2400 2251 2641 2313 Ἑαυτὸν,
2681 2250 2755 2311 ὠς
2778 2250 2940 2313 ἔοικε,
2974 2249 3267 2319 μορφώσας
3296 2248 3435 2319 λίθῳ
3455 2262 3467 2277 ⁸

2385 2342 2573 2413 Θερμὴ
2592 2341 2636 2395 δ’
2668 2342 3016 2412 ἁνηκόντιζεν
3047 2341 3279 2411 αἵματος
3303 2342 3465 2411 χύσις

2242 2432 2351 2491 245
2382 2433 2670 2486 Βάπτουσα
2686 2434 2786 2503 τὴν
2818 2435 2940 2505 γῆν,
2965 2434 3057 2487 καλ⁸
3088 2432 3333 2487 καλοῦσα
3370 2434 3651 2503 μάρτυρα⁶

2396 2525 2593 2597 Ἐχρῆν
2614 2526 2722 2597 γὰρ
2751 2527 2881 2597 ὑμῖν
2904 2527 2985 2589 εἰς
3014 2527 3281 2597 άμείωτον
3307 2526 3472 2597 χάριν

2242 2700 2475 2756 pugnam
2514 2686 2797 2742 censeris:
2847 2699 3026 2754 neque
3066 2684 3212 2738 enim
3257 2681 3455 2737 marini
3494 2676 3634 2749 (2'23)
3664 2672 3783 2743 peri-

2242 2777 2421 2831 culum
2462 2777 2676 2841 furoris,
2700 2791 2876 2845 neque
2910 2786 3065 2829 terrae
3104 2784 3401 2844 tempestas
3439 2780 3578 2825 tuam
3617 2776 3785 2821 contu-

2243 2867 2440 2922 derunt
2470 2868 2634 2921 animi
2663 2866 3019 2937 praasentiam.

2314 2960 2384 3013 At
2440 2961 2606 3014 veluti
2655 2960 2873 3029 sapiens
2926 2959 3254 3029 gubernator
3307 2958 3363 3011 in
3411 2952 3657 3025 procella,
3691 2960 3783 3017 quo

2250 3050 2419 3120 magis
2440 3048 2708 3103 furentem
2737 3050 2983 3117 hyemem
3004 3048 3171 3111 videt,
3197 3056 3330 3101 tunc
3354 3048 3476 3116 plus
3496 3044 3619 3097 artis
3633 3048 3784 3094 osten-

574 3136 721 3191 rinos
770 3136 1051 3211 conflictus
1110 3153 1168 3193 se
1204 3141 1466 3195 armabat.
1496 3140 1641 3212 (205)
1682 3141 1760 3196 Ae
1832 3141 1997 3195 etiam
2025 3154 2137 3205 eos,
2169 3168 2210 3226 ο
2248 3140 2325 3193 dit
2349 3149 2403 3194 et
2430 3139 2681 3200 solertize,
2716 3138 2863 3208 (230)
2912 3149 2964 3192 et
2998 3138 3224 3194 consilio
3264 3138 3532 3191 undarum
3568 3133 3667 3226 vim
3702 3143 3785 3226 an-

572 3228 769 3298 qnibus
795 3236 949 3283 erant
976 3239 1191 3285 exsecta
1220 3231 1312 3300 (sit
1339 3232 1495 3286 venia
1526 3234 1689 3300 dicto)
1716 3232 2028 3303 genitalium
2050 3246 2143 3285 or-

574 3336 838 3391 ganorum
871 3322 1100 3387 semina,
1126 3323 1180 3377 in
1213 3324 1353 3378 idem
1384 3334 1732 3378 accurrentes
1768 3333 2040 3378 erattunc
2061 3323 2145 3377 vi-

574 3413 723 3473 dere.
751 3414 904 3484 quasi
940 3414 1253 3484 neutiquam
1288 3416 1524 3472 abscissa
1553 3417 1632 3472 eis
1671 3416 1863 3471 fuisset
1892 3417 2139 3471 virilitas.

575 3504 653 3560 Ita
693 3507 887 3578 singuli
917 3508 983 3562 ad
1017 3508 1334 3563 sumendam
1367 3516 1576 3578 partem
1619 3509 1764 3577 (210)
1808 3518 2020 3564 tuorum
2052 3526 2146 3564 su-

577 3598 771 3653 dorum
808 3598 1043 3653 dulciter
1077 3598 1497 3669 impellebantur
1527 3618 1539 3656 :
1564 3600 1656 3655 sed
1696 3615 1885 3654 omnes
1916 3600 2009 3653 uni
2046 3599 2144 3654 tibi

580 3688 892 3743 referebant
938 3691 1181 3759 gratiam.
1220 3689 1301 3745 Tu
1340 3706 1469 3746 vero
1498 3691 1564 3746 de
1604 3690 1830 3762 singulis
1860 3691 2015 3746 faetis
2050 3707 2149 3745 cu-

581 3794 696 3832 ram
724 3779 979 3844 habebas,
1009 3781 1085 3835 sic
1126 3790 1185 3837 ut
1222 3792 1530 3853 promptum
1562 3782 1841 3853 prtemium
1874 3783 1940 3837 ad
1980 3782 2148 3837 ratio-

581 3885 706 3924 nem
735 3870 1181 3942 occasionetnque
1209 3882 1518 3929 accurreret
1540 3874 1740 3945 operis.
1764 3874 1909 3945 (215)
1928 3873 2003 3929 Illi
2029 3876 2151 3945 qni-

581 3958 701 4013 dem
731 3961 1122 4029 protrudebant
1161 3978 1226 4018 ex
1257 3965 1481 4020 marinis
1507 3965 1743 4036 seopulis
1787 3966 2049 4020 radicitus
2088 3982 2152 4021 ae

582 4050 746 4105 veluti
771 4067 864 4119 per
886 4051 995 4106 vim
1026 4052 1236 4107 allixam
1274 4069 1468 4109 navem
1501 4073 1513 4108 :
1562 4066 1739 4111 nautaa
1780 4071 1910 4111 vero
1938 4056 2151 4125 junceis

583 4141 804 4194 funibus
827 4141 1109 4211 abreptum
1137 4144 1444 4209 trahebant,
1470 4154 1529 4199 ut
1552 4154 1822 4214 poterant,
1855 4145 2150 4215 navigium,

582 4230 757 4286 donec
800 4233 1025 4287 multum
1057 4235 1296 4303 connixi,
1336 4251 1473 4307 :egre
1514 4237 1817 4291 eduxerunt
1861 4237 2008 4307 (220)
2057 4252 2153 4289 na-

584 4321 691 4375 vim
727 4322 987 4379 irretitum
1021 4328 1277 4396 scopulis.
1314 4329 1410 4384 Ast
1456 4343 1489 4382 ο
1531 4345 1651 4399 qua:
1689 4330 2027 4398 compatiens
2060 4346 2154 4382 vo-

584 4410 790 4470 luntas!
827 4432 947 4485 qua-
976 4418 1415 4474 aniinilirniitasl
1438 4435 1556 4490 qua:
1585 4436 1714 4474 cura
1759 4419 2033 4475 suiliciens
2049 4434 2153 4473 una

584 4503 651 4561 ad
678 4508 887 4563 omnia!
940 4506 1149 4566 Rursus
1184 4511 1405 4583 cogitas,
1434 4521 1488 4567 et
1529 4527 1717 4567 rursus
1756 4526 1879 4567 cum
1912 4511 2146 4583 procella

2244 3237 2514 3283 tevertens
2535 3229 2846 3299 ingruentes
2876 3240 3022 3283 secat
3051 3227 3245 3283 (luctus
3275 3240 3587 3289 occurrens,
3611 3219 3781 3275 eludit-

2243 3337 2349 3392 que
2375 3321 2571 3390 saepius
2601 3322 2708 3374 vim
2745 3322 2916 3387 venti,
2945 3321 3023 3376 sic
3059 3331 3113 3375 tu
3160 3337 3281 3375 cum
3316 3333 3532 3390 regeres
3555 3315 3672 3369 vita:
3702 3326 3782 3381 gu-

2246 3412 2615 3478 bernaculum,
2651 3411 2705 3465 in
2748 3412 3002 3481 praesenti
3043 3420 3367 3487 tempestate
3382 3420 3450 3465 tet
3487 3421 3656 3463 rerum
3686 3411 3781 3455 tur-

2246 3503 2516 3567 bulentia,
2589 3502 2755 3569 (256)
2812 3504 3054 3557 omnium
3129 3502 3501 3557 calamitatum
3565 3492 3785 3550 ﬂuctibus

2247 3594 2576 3665 prmpedilis,
2608 3610 2713 3663 qua
2741 3594 2907 3648 maris
2933 3593 3149 3657 dividis,
3172 3609 3276 3663 qua
3308 3590 3483 3647 eludis
3510 3584 3779 3641 insaniam:

2247 3701 2392 3740 nunc
2430 3700 2580 3749 vero,
2634 3685 2723 3754 pio
2776 3685 2977 3739 mentis
3029 3700 3193 3739 sensu
3240 3698 3458 3738 sursum
3492 3684 3779 3734 excurrens,
3876 3694 3879 3707 ι

2250 3788 2406 3834 terra:
2425 3776 2698 3845 marisque
2732 3776 2938 3829 rabiem
2966 3775 3303 3844 temperasti.

2318 3869 2447 3925 llaec
2494 3876 2674 3921 autem
2736 3866 2926 3921 videns
2991 3874 3153 3935 atque
3210 3864 3564 3934 ingemiscens
3613 3849 3784 3909 invidia

2254 3960 2398 4030 (240)
2435 3957 2684 4029 (multum
2708 3956 2852 4009 enim
2889 3956 3060 4009 sensit
3095 3969 3153 4009 se
3187 3954 3443 4008 damnum
3475 3947 3647 4004 tulisse
3671 3954 3780 4039 con:

2252 4052 2489 4121 spieiens
2520 4052 2653 4104 tales
2695 4050 2842 4103 viros
2886 4056 3113 4116 repente
3156 4042 3527 4111 conservatos)
3570 4036 3685 4093 ferit
3716 4036 3782 4085 tui

2254 4141 2408 4211 pedis
2437 4140 2803 4194 summitatem
2827 4138 3000 4208 digiti,
3029 4137 3278 4199 mentita,
3307 4145 3368 4191 ut
3395 4134 3506 4189 visa
3539 4138 3633 4191 est.
3668 4124 3779 4190 ﬁgu-

2256 4248 2367 4285 ram
2399 4233 2625 4301 scopuli.
2666 4230 2881 4285 Calidus
2911 4238 3093 4283 autem
3139 4227 3318 4296 erupit
3364 4220 3631 4295 sanguinis
3654 4215 3780 4269 rivus

2259 4324 2402 4394 (145)
2454 4324 2698 4379 inliciens
2734 4333 2955 4385 terram,
3002 4332 3163 4389 teque
3195 4319 3472 4372 declarans
3508 4318 3777 4400 martyrclll:

2257 4417 2493 4471 Deeebat
2512 4418 2657 4471 enim
2688 4424 2747 4469 ut
2779 4415 2829 4467 in
2856 4414 3080 4482 integra:
3115 4412 3302 4482 gratia:
3334 4404 3682 4466 testimonium
3703 4393 3779 4448 tibi

2252 4508 2491 4563 inessent
2515 4508 2731 4579 pietatis
2753 4509 3045 4578 stigmata,

1862 4683 2099 4740 VARUE
2142 4680 2544 4739 LECTIONES.

652 4817 757 4873 202
780 4819 957 4892 δχλοις
982 4824 1071 4880 ed.
1143 4824 1248 4880 εει
1282 4804 1367 4889 rt,-
1395 4825 1519 4881 add.
1558 4822 1619 4879 P.
1692 4821 1799 4878 aes
1836 4820 1983 4892 ὥρας
2011 4821 2099 4878 ed.

2101 4976 2331 5033 NOTAE.

660 5115 785 5196 905.
817 5118 1106 5196 Eunuchos
1155 5124 1527 5196 ὲκτμηθέντας
1565 5120 1707 5193 apud
1752 5138 1829 5196 se_
1881 5130 2084 5196 tenere_
2116 5136 2146 5174 a
2172 5122 2226 5183 D
2254 5120 2475 5196 Byzant.
2506 5120 2684 5196 [1,51,
2715 5136 2768 5189 p.
2801 5120 2927 5173 412.

592 5182 769 5265 Persis
804 5190 1107 5265 didicerunt
1149 5182 1376 5251 Romani
1403 5182 1774 5265 imperatores.
1800 5192 1976 5265 Persae
2001 5191 2145 5265 enim

593 5257 751 5322 primi
780 5263 1017 5316 omnium
1055 5268 1302 5322 videntur
1334 5257 1509 5319 mares
1546 5265 1823 5327 evirasse;
1857 5262 1999 5315 unde
2042 5262 2145 5314 Pe-

596 5328 802 5401 tronius
832 5329 1039 5401 Satyric
1067 5374 1079 5387 .
1101 5354 1149 5391 c.
1194 5338 1289 5391 110
1315 5352 1328 5387 :
1364 5336 1647 5389 Persarum
1684 5334 1789 5385 rim
1816 5331 1952 5383 male
1993 5331 2149 5401 pube-

593 5397 1028 5475 scentibusnnuis
1048 5409 1346 5475 subripuere
1372 5404 1664 5458 riros.\'ide
1697 5397 2020 5475 llermlotum
2053 5400 2144 5453 lib.

596 5476 713 5541 Ϊηιι
747 5482 797 5541 l).
834 5470 953 5523 492.
977 5470 1441 5530 Cubiculariornm
1501 5488 1726 5527 inlinere
1779 5482 1836 5524 ut
1859 5471 2151 5541 plurimum

597 5535 956 5614 fungebantur
996 5544 1051 5595 in
1089 5546 1225 5599 aulis
1277 5545 1582 5614 principum
1623 5535 1907 5614 eunuchi,
1953 5540 2154 5614 quibus

599 5607 775 5673 ipsius
796 5607 933 5673 regis
974 5607 1412 5667 committebatur
1446 5607 1711 5667 custodia.
1752 5612 1825 5663 lle
1874 5607 2157 5663 eunucho-

603 5671 1099 5751 rnmgdignitatibns
1151 5685 1291 5751 apud
1346 5685 1477 5751 imp.
1510 5682 1822 5751 Cpolitanns
1844 5680 1967 5733 vide
2014 5679 2160 5751 Con-

604 5746 896 5796 stantinum
959 5746 1489 5824 l‘orphyrogenitum,
1559 5746 1642 5806 "De
1696 5766 1968 5804 arremon.
2015 5748 2161 5803 Aula:

2324 5173 2474 5246 221'
2505 5173 2764 5262 Legerein
2813 5190 2972 5257 σοφός
3024 5202 3107 5249 τις
3156 5186 3233 5252 ὲν,
3274 5199 3346 5238 ne
3390 5173 3634 5237 claudicet
3670 5173 3773 5215 V91"

2254 5278 2367 5317 SUS.

2325 5330 2645 5423 212.Il\lemo
2670 5330 2806 5383 alius
2828 5324 3387 5423 prodiditrmemprize
3403 5319 3483 5423 hi9
3495 5305 3773 5423 n‘lgg‘gdggi

2262 5384 2602 5470 sineﬁaliqna
2652 5384 2935 5454 venustate
2961 5397 3169 5465 poetica
3225 5403 3278 5449 et
3309 5392 3468 5447 tnnha
3495 5394 3603 5465 eum
3626 5384 3769 5490 ads"?

2264 5472 2418 5490 κως-
2452 5472 2529 5490 ει..
2555 5488 2563 5490 _
2587 5471 2688 5490 sl.__
2742 5469 2903 5490 _‘r-_.
2937 5467 3110 5490 n:-:.a-
3180 5464 3476 5490 uanum...“
3516 5464 3577 5490 nm
3615 5456 3671 5490 ne
3701 5446 3769 5486 0'"

2264 5472 2425 5552 tionis
2451 5456 2703 5553 illecebr‘a
2742 5469 2908 5553 refert
2936 5456 3135 5531 Plsida,
3180 5456 3771 5553 lleraclliumhililmlffccr'i';

2952 5547 3011 5599 ut
3036 5516 3257 5609 salignis
3289 5550 3321 5589 e
3346 5531 3501 5603 digito
3549 5516 3712 5573 eum“

2266 5620 2320 5665 et
2346 5608 2458 5679 ipse
2488 5620 2688 5681 martyr
2719 5608 2975 5681 evaserit.

2335 5678 2458 5736 241.
2494 5678 2704 5735 Mallem
2732 5678 3121 5746 ἀπηκόντισεν.
