4126 6282
296 352 430 421 1213

436 477 546 546 Τῆς
576 476 854 542 εὐσεϐείας
885 480 1213 550 προσμένειν
1244 482 1312 535 τά
1346 483 1638 553 στίγματα.

515 568 650 622 Ἀλλ’
686 569 761 633 ὠς
786 570 959 641 ἐκεῖνο
985 571 1081 640 τῆς
1107 572 1351 643 ἀνάγκης
1383 575 1442 628 τὸ
1477 577 1682 644 σκάφος

432 658 541 714 και
563 662 671 714 τῶν
691 661 963 716 τοσούτων
991 665 1248 736 κυμάτων
1281 667 1635 737 ἀφήρπασας,

1856 837 1950 919 Β.

431 998 791 1070 Δημόσθενες,
819 998 1047 1070 πρόελθε
1074 999 1171 1051 σὺν
1204 999 1503 1072 παρρησία.

431 1088 591 1157 Λόγοι
622 1087 880 1159 κρατοῦσι
900 1105 913 1117 ο
950 1089 1023 1159 μὴ
1048 1088 1315 1159 ταράττου
1339 1090 1431 1142 νῦν
1461 1090 1609 1161 φόϐῳ
1628 1106 1645 1120 ·

430 1179 695 1244 Φίλιππος
722 1182 782 1233 οὐ
818 1181 1103 1250 πάρεστιν,
1134 1180 1250 1234 ἀλλ’
1282 1182 1309 1232 ὁ
1336 1181 1617 1253 δεσπότης.

435 1274 695 1337 Κίνδυνος
721 1274 914 1340 οὐδεὶς,
950 1274 1043 1327 καὶ
1075 1274 1283 1346 σιωπὴν
1306 1276 1354 1328 εί
1381 1276 1593 1339 πάθοις,

362 1364 398 1419 5
434 1364 644 1426 Κοινῶς
674 1365 927 1418 ἁπάντων
955 1365 1049 1416 καὶ
1078 1364 1255 1427 καλῶς
1291 1364 1627 1434 ἡττημένων.

500 1455 890 1527 Παλινδρομεῖν
910 1455 965 1509 δὲ
987 1455 1092 1509 τῶν
1129 1456 1302 1522 λόγων
1333 1458 1681 1525 ὴπειγμένων

430 1548 574 1619 Πρδς
602 1550 727 1612 τοὺς
751 1550 844 1602 ἀπ’
878 1548 1053 1619 ἀρχῆς
1084 1543 1239 1610 αὖθις
1262 1548 1499 1617 ἴπταμαι
1532 1548 1785 1619 δρόμους.

431 1640 508 1694 Οὐ
538 1640 645 1711 γὰρ
675 1639 947 1710 παρέσχες
970 1640 1212 1710 ἐγκοπὴν
1236 1642 1354 1701 ταῖς
1385 1640 1624 1706 ὁλκάσιν,

434 1728 577 1791 Ἕως
611 1727 832 1782 διελθὼν
854 1729 951 1799 τὴν
976 1728 1090 1782 ὁδὸν
1118 1729 1226 1781 τῶν
1261 1730 1547 1799 ῥευμάτων

328 1822 395 1878 10
426 1821 623 1884 Αὖταῖς
649 1820 881 1889 ἐπέστης
902 1822 1023 1883 ταῖς
1056 1818 1415 1888 καλουμέναις
1452 1812 1676 1883 Πῦλαις,

447 1911 645 1964 Ἐλθὼν
674 1912 1082 1982 ἀπροσδόκητος
1111 1912 1504 1981 ἡμεροδρόμος.

447 2002 725 2057 Ἐντεῦθεν
756 2002 945 2073 ὥσπερ
976 2001 1190 2073 βλύσμα
1220 2004 1459 2071 πηγαίου
1491 2002 1656 2072 πόρου

363 2177 463 2234 Ast
487 2177 627 2232 sicut
662 2177 791 2233 illud
824 2187 878 2232 tu
918 2193 979 2232 ex
1010 2179 1277 2248 angustiis
1306 2179 1575 2246 navigium
1608 2188 1767 2248 atque
1793 2193 1859 2231 ex

292 2276 444 2322 tanta
490 2277 811 2339 tempestate
862 2269 1141 2339 eripuisti,
1197 2269 1346 2340 (250)
1405 2271 1484 2325 sic
1533 2279 1698 2324 totam
1753 2271 1859 2326 late

1810 2448 1897 2534 II

364 2619 635 2688 Prodeas,
682 2620 1108 2687 Demosthenes,
1138 2622 1207 2685 fet
1248 2621 1583 2677 conﬁdenter
1622 2621 1861 2691 loquere.

294 2712 571 2783 Loquendi
608 2722 691 2768 est
726 2722 1003 2783 potestas:
1039 2730 1108 2768 ne
1143 2724 1195 2768 te
1233 2729 1379 2768 nunc
1425 2715 1585 2768 timor
1613 2714 1860 2782 exagitet.

294 2804 413 2859 Non
440 2806 595 2859 adest
619 2805 919 2875 Philippus,
942 2806 1035 2859 sed
1060 2806 1301 2875 despota,
1324 2803 1617 2873 periculum
1644 2813 1728 2857 est
1744 2804 1865 2857 nul-

1228 366 1324 425 DE
1371 366 1880 430 EXPEDITIONE
1917 370 2252 435 PERSICA.
2288 372 2458 432 ACR.
2501 373 2587 434 II.‘

1889 494 1935 549 Δ
1962 486 2067 541 250
2103 485 2213 555 Τὴν
2243 488 2513 557 κοσμικὴν
2544 491 2766 545 ἃπασαν
2791 490 2964 555 οὕτως
2982 492 3183 546 ὁλκάδα

3394 377 3525 444 1211

2108 577 2279 641 Σώζοι
2306 579 2374 632 δι’
2402 580 2560 650 ἡμῶν
2585 582 2749 652 μέχρι
2780 586 2981 647 παντὸς
3007 587 3070 638 ἐκ
3102 584 3271 655 ζάλης

2107 671 2168 724 '0
2202 673 2489 743 πανταχοῦ
2521 674 2740 728 σκέπων
2770 675 2952 730 σετοῦ
2983 675 3118 729 Θεοῦ
3148 678 3338 744 Λόγος.

2102 997 2437 1069 Κινοὺμενον
2460 1001 2558 1071 μὲν
2582 1002 2646 1054 ὲκ
2676 1001 2890 1070 φλεϐῶν
2912 1002 3025 1056 τῶν
3056 1004 3115 1057 ἐν
3140 1006 3291 1065 βάθει

2109 1086 2277 1159 Ὀμοῦ
2320 1092 2585 1161 συνῆπται
2615 1094 2707 1145 καὶ
2737 1094 2805 1146 τά
2836 1096 3028 1165 ῥεῖθρα
3062 1096 3330 1168 συλλέγει,

2002 1182 2070 1237 15
2123 1183 2207 1236 Ἐν
2233 1186 2353 1246 ταῖς
2379 1187 2568 1254 νομαῖς
2596 1184 2651 1237 δὲ
2678 1178 2937 1250 ποικίλως
2969 1190 3270 1261 μερίζεται,

2096 1274 2281 1338 Οὕτως
2308 1274 2523 1339 ἀνοίξας
2549 1277 2641 1329 τοῦ
2669 1278 2929 1347 λογισμοῦ
2953 1283 3052 1345 τὰς
3091 1285 3294 1352 φλέϐας

2093 1367 2171 1437 Τῇ
2205 1364 2429 1436 ποικίλῃ
2456 1384 2547 1418 σου
2579 1368 2673 1423 καὶ
2702 1372 2837 1439 σοφῇ
2874 1371 3137 1441 διαιρέσει

2092 1455 2296 1507 Σαυτὸν
2346 1455 2588 1524 μερίζεις
2616 1459 2731 1519 ταῖς
2784 1464 2977 1527 νομαῖς
3013 1462 3119 1514 τῶν
3170 1463 3532 1533 πραγμάτων.

2093 1548 2190 1611 Τίς
2218 1547 2325 1618 γὰρ
2358 1548 2695 1616 στρατηγός;
2728 1550 2986 1614 Βασιλεὺς
3010 1553 3115 1622 πρὸ
3148 1556 3255 1607 τῶν
3286 1556 3445 1609 ὅλων.

1987 1638 2053 1693 20
2092 1638 2184 1701 Τίς
2215 1638 2488 1702 ἐκδιδάξαι
2514 1638 2834 1710 ταξιαρχίας
2867 1645 3092 1711 νόμους;

2107 1729 2313 1791 Πάντες
2343 1729 2481 1799 πρὸς
2511 1730 2653 1799 ὑμᾶς
2678 1731 2883 1796 εὐθέως
2912 1735 3244 1792 ἀπέϐλεπον.

2108 1822 2204 1883 Τίς
2232 1821 2339 1873 τῶν
2361 1821 2588 1875 δεόντων
2620 1823 2867 1894 ἀσφαλὴς
2894 1826 3261 1898 βουληφόρος;

2101 1912 2271 1965 Πάλιν
2302 1914 2436 1984 πρὸς
2467 1911 2609 1983 ὑμᾶς
2640 1916 2673 1983 ὴ
2710 1916 2850 1986 ῥοπὴ
2878 1917 2985 1969 τῶν
3008 1918 3298 1988 ὀμμάτων.

2112 2002 2200 2067 Ὠς
2231 2000 2288 2057 εὗ
2324 2004 2601 2075 κρατοῦσα
2627 2007 2723 2060 σὺν
2755 2008 2874 2079 Θεῷ
2911 2012 3214 2081 μοναρχίαι

1966 2179 2292 2233 mundialem
2327 2181 2502 2235 navim
2537 2190 2715 2236 servet
2752 2198 2849 2252 per
2876 2192 2927 2238 te
2961 2201 3176 2256 semper
3202 2202 3234 2241 a
3268 2188 3543 2257 procellis,

1967 2271 2108 2340 quod
2131 2278 2183 2325 te
2206 2272 2404 2342 ubique
2440 2281 2643 2340 tuetur,
2670 2273 2764 2330 Dei
2802 2275 3065 2332 Verbum.

1959 2624 2230 2695 scaturrigo
2258 2624 2446 2690 fontis,
2483 2641 2605 2697 qure
2631 2626 2891 2682 exsihens
2919 2642 2985 2684 ex
3023 2629 3175 2687 venis
3206 2630 3259 2684 in
3288 2629 3395 2685 imo
3421 2631 3549 2687 abs-

1960 2716 2189 2771 conditis
2245 2718 2300 2770 in
2358 2734 2527 2771 unum
2559 2718 2832 2783 coalescit,
2878 2728 3159 2790 tumetque
3204 2738 3267 2775 ex
3299 2722 3548 2776 collectis

1968 2805 2181 2868 rivulis,
2219 2808 2327 2875 (15)
2358 2825 2420 2863 ac
2469 2810 2613 2864 varie
2650 2810 2701 2863 in
2738 2813 2914 2865 varias
2948 2823 3128 2882 partes
3155 2813 3437 2877 dividitur,
3467 2813 3547 2868 sic

296 2896 430 2961 ium,
458 2905 514 2951 et
535 2897 578 2950 si
606 2905 661 2950 tu
694 2897 928 2961 silueris,
955 2897 1027 2968 (5)
1055 2896 1160 2952 late
1210 2904 1266 2951 et
1289 2896 1449 2967 plene
1485 2894 1738 2950 omnibus
1766 2896 1865 2950 de-
1963 2907 2020 2952 tu
2062 2900 2287 2955 reclusis
2336 2910 2442 2956 tua:
2473 2904 2671 2957 mentis
2701 2904 2852 2957 venis
2900 2911 2989 2958 tua
3037 2906 3184 2959 varia
3214 2914 3268 2959 et
3314 2904 3547 2975 sapienti

294 2999 475 3043 νιειιε.

370 3078 483 3149 Ego
521 3080 740 3149 quidem
773 3094 962 3134 rursus
995 3093 1233 3140 currere,
1280 3077 1537 3133 incitante
1590 3093 1859 3139 sermone,

295 3186 398 3243 per
430 3174 675 3243 inceptos
705 3189 897 3227 cursus
927 3187 1117 3227 recens
1153 3186 1383 3240 propero
1416 3188 1429 3224 :
1459 3186 1567 3226 non
1598 3172 1741 3226 enim
1776 3172 1862 3224 in-

297 3263 593 3317 tervertisti
625 3277 843 3317 cursum
873 3262 1120 3325 navibus,
1150 3276 1319 3330 usque
1341 3260 1470 3315 dum
1496 3260 1733 3315 emensis
1761 3276 1862 3314 un-

297 3352 491 3408 darum
533 3355 633 3409 viis
665 3355 774 3427 (10)
816 3354 882 3408 ad
915 3353 1087 3423 Pylas,
1125 3361 1184 3406 ut
1222 3360 1505 3417 vocantur,
1546 3353 1866 3422 pervenisti,

297 3456 486 3504 astans
528 3447 854 3517 improvisus
889 3444 1358 3501 hemerodromus.
1386 3443 1523 3499 Tum
1560 3460 1690 3500 vero
1730 3446 1871 3501 sicut

1964 2990 2351 3045 distributione
2385 3001 2435 3045 te
2469 2992 2648 3062 ipsum
2683 2993 2879 3048 dividis
2907 2994 2961 3048 in
2992 2995 3170 3049 varias
3197 3005 3382 3065 partes
3412 3012 3545 3064 ope-

1965 3098 2108 3136 rum.
2145 3081 2278 3149 Quis
2306 3084 2451 3137 enim
2489 3084 2640 3138 dux?
2674 3085 2967 3155 imperator
2998 3104 3096 3157 pro
3121 3088 3395 3142 omnibus.
3432 3087 3549 3159 (20)

1967 3173 2099 3239 Quis
2131 3174 2197 3228 de
2242 3174 2487 3230 ducendo
2518 3178 2761 3231 exercitu
2796 3180 2886 3233 det
2931 3179 3119 3250 leges?
3151 3180 3353 3235 Omnes
3389 3180 3445 3234 in
3489 3190 3544 3233 te

1971 3262 2150 3317 statim
2208 3262 2575 3318 intuebantur.
2643 3264 2777 3331 Quis
2825 3267 2879 3320 in
2926 3268 3345 3323 necessitatibus
3384 3277 3548 3322 tutus

1972 3353 2350 3408 consiliarius?
2403 3354 2613 3411 Rursus
2673 3358 2728 3410 in
2790 3366 2843 3413 te
2899 3360 3184 3413 conversio
3239 3360 3545 3415 oculorum.

1975 3445 2148 3511 Quam
2168 3445 2308 3501 bene
2334 3454 2418 3502 est
2445 3446 2733 3518 imperanti
2761 3464 2886 3504 cum
2915 3449 3025 3504 Deo
3046 3451 3373 3506 monarchize
3393 3449 3546 3526 1,(25)

1580 3627 1818 3687 VARUS
1857 3628 2262 3689 LECTIONES.

369 3770 408 3825 4
432 3719 624 3834 παθόές
650 3770 771 3826 cod.
846 3769 1173 3843 ἡττωμένων
1203 3768 1291 3825 ed.
1366 3766 1421 3823 8.
1454 3768 1699 3840 ἐκκοπὴν
1726 3767 1816 3825 ed.

1826 3915 2056 3973 NOTAE.

373 4070 602 4126 Aeneas.
638 4086 699 4137 ιι,
728 4088 781 4126 v.
828 4073 879 4125 1.
902 4070 1017 4125 Νοιι
1048 4072 1230 4131 aliam.
1278 4072 1490 4142 opinor,
1522 4072 1597 4127 ob
1646 4087 1867 4127 causam
1964 4087 2058 4128 eas
2077 4084 2200 4127 esse
2226 4085 2344 4140 quae
2369 4069 2695 4142 inhistoriis
2751 4069 3125 4142 celeberrima}
3148 4074 3296 4131 sunt,
3349 4074 3404 4121 et
3440 4066 3545 4142 Ar-

302 4141 723 4197 Demosthenem
761 4143 1047 4210 compellat
1092 4144 1286 4205 Pisida,
1315 4141 1452 4196 ’nisi
1503 4152 1563 4197 ut
1621 4144 1871 4201 ostendat

304 4229 423 4266 eam
448 4228 569 4267 esse
600 4212 829 4266 Heraclii
850 4216 1103 4267 virtutem
1156 4212 1643 4282 integritatemque.
1676 4223 1738 4267 ut
1784 4213 1868 4266 sui

304 4284 558 4337 conscius
582 4282 715 4336 nihil
743 4282 952 4338 timeret
996 4282 1125 4351 quid
1155 4284 1220 4337 de
1250 4297 1317 4336 eo
1364 4282 1590 4351 quisque
1641 4282 1867 4337 diceret.

304 4352 459 4417 Quod
491 4369 620 4407 sane
648 4350 892 4421 Philippo
936 4350 1286 4407 Macedonum
1320 4353 1428 4420 regi
1464 4352 1619 4405 aliter
1668 4353 1868 4418 evenit,

303 4424 395 4493 qui
428 4432 565 4479 teste
589 4423 874 4493 Plutarcho
903 4423 957 4493 in
993 4421 1258 4493 Demosth:
1278 4438 1333 4491 p.
1367 4423 1489 4485 855,
1517 4421 1737 4493 ἔφριττε
1768 4422 1868 4493 τὴν

302 4490 581 4559 δεινότητα
622 4494 715 4546 καὶ
758 4491 855 4561 τὴν
902 4491 1129 4561 δύναμιν
1166 4490 1260 4544 τοῦ
1286 4490 1545 4561 ῥήτορος.
1591 4490 1865 4545 Nimirum

307 4570 454 4616 tanta
490 4564 589 4616 fuit
612 4562 991 4616 Demosthenis
1038 4561 1337 4631 παρρησία,
1361 4562 1504 4631 quod
1562 4576 1643 4631 ex,
1676 4562 1864 4615 eodem

1966 4142 2165 4198 menize
2189 4138 2258 4195 et
2291 4140 2493 4196 Cilicia:
2536 4141 2619 4193 vel
2654 4140 2820 4209 Syria:
2846 4138 2983 4209 Pylae
3014 4148 3299 4209 vocantur,
3363 4146 3421 4209 ut
3481 4138 3538 4191 in

1970 4213 2239 4266 Strabone
2258 4211 2350 4264 lib.
2379 4227 2483 4268 xw.
2519 4226 2573 4280 p.
2607 4207 2756 4280 994E:
2791 4209 2857 4261 Αἱ
2891 4207 3058 4262 πύλαι
3086 4207 3373 4280 λεγόμεναι
3394 4208 3541 4276 ὃριον

1968 4282 2211 4337 Κιλίκων
2244 4298 2304 4333 τε
2326 4282 2417 4334 καὶ
2442 4277 2647 4343 Σύρων.
2678 4279 3062 4348 Theophanes,
3096 4293 3150 4346 p.
3182 4277 3287 4348 254
3327 4278 3393 4348 de
3425 4292 3543 4348 mo-
3576 4292 3579 4295 '

1969 4368 2029 4406 re
2060 4350 2408 4406 consentiens
2449 4366 2570 4404 cum
2602 4349 2781 4403 Pisida
2819 4345 3190 4417 ιιίιεἌπάρας
3234 4346 3290 4417 δὲ
3315 4345 3544 4417 τῆςᾼβα-

1975 4420 2293 4487 σιλευούσης
2362 4420 2570 4483 πόλεως
2609 4418 2845 4487 ἐξῆλθεν
2886 4419 3028 4471 κατὰ
3086 4415 3193 4487 τάς
3243 4415 3545 4487 λεγομένας

1976 4492 2178 4553 Πύλας,
2214 4486 2338 4561 πλοῖ
2362 4490 2459 4561 τὴν
2479 4486 2733 4561 *πορείαν
2756 4489 3136 4561 ⁴ιῃιησάμενος.
3156 4486 3241 4561 Δᾼι
3279 4486 3547 4561 Nicepho-

1976 4578 2070 4617 rus
2096 4554 2453 4630 patriarchaa
2478 4554 2651 4613 Pisida
2685 4568 2755 4630 et
2773 4554 3105 4630 Theophane
3136 4556 3421 4630 discedeps
3439 4554 3547 4630 lle-

305 4610 596 4686 martis
614 4610 987 4701 ’ίᾘιὲιίίέίῐιῖὲζ
1008 4610 1872 4701 uidib'ériiédééé“adi—idaltid
1905 4610 1947 4667 ί)
1976 4610 2896 4701 5.31mi;'5eé"iiahm}a'e.;gi.mis
2928 4610 3229 4701 (navigasse
3256 4633 3310 4676 et
3358 4624 3410 4701 in
3438 4624 3544 4676 Ar-

305 4703 469 4756 vellet
498 4700 1097 4772 concitaretpPhilippo
1144 4701 1252 4772 regi
1299 4701 1547 4772 timorem
1598 4700 1868 4769 iniecerit,

305 4782 361 4825 et
386 4788 631 4841 magnam
653 4771 1004 4841 pecuniarum
1034 4772 1141 4823 vim
1168 4771 1220 4823 af
1235 4771 1413 4824 Persis
1465 4771 1608 4841 dono
1648 4786 1873 4841 accepe-

305 4842 397 4905 rit,
420 4839 565 4895 .ut_in
591 4839 766 4896 causis
794 4841 1045 4895 dicundis
1066 4848 1233 4893 staret
1268 4852 1454 4895 contra
1510 4839 1828 4894 Macedonas
1855 4856 1869 4904 ;

304 4913 451 4980 quod
482 4913 696 4981 quidem
728 4911 777 4964 ei
819 4911 949 4965 vitio
988 4909 1464 4981 vertitﬂischines
1510 4920 1571 4964 ut
1605 4910 1870 4966 Diodorus

300 4980 513 5043 narrat,
538 4980 685 5034 Bibl.
718 4981 810 5034 lib.
844 4997 972 5044 xvn,
999 4996 1053 5049 p.
1086 4980 1207 5033 165.

376 5054 431 5106 2.
464 5052 855 5105 Demosthenes
898 5048 1013 5105 sua
1050 5048 1263 5103 dicendi
1316 5049 1368 5102 vi
1434 5049 1555 5104 aliis
1595 5050 1867 5104 timendus

306 5137 421 5176 non
458 5138 646 5191 parum
671 5122 782 5176 suis
820 5121 982 5175 rebus
1013 5120 1210 5185 timuit,
1246 5134 1367 5191 cum
1394 5117 1672 5191 Philippus
1709 5118 1867 5174 Bam-

311 5194 439 5246 tiam
459 5189 789 5261 occupasset
817 5209 830 5245 :
856 5191 1055 5259 abjecto
1080 5191 1223 5244 enim
1255 5189 1431 5258 clypeo
1457 5189 1720 5259 ῥίψασπις
1750 5200 1867 5242 tur-

307 5263 452 5331 piter
472 5263 675 5329 fugitin
704 5262 844 5317 bello
871 5262 937 5316 ad
961 5261 1309 5331 Chazroneam
1334 5268 1513 5331 gesto;
1536 5274 1657 5312 cum
1687 5268 1869 5331 autem

348 5332 471 5387 aulo
500 5328 621 5399 post
654 5332 828 5386 nuntii
859 5332 1099 5387 Athenas
1127 5328 1406 5399 venissent
1438 5328 1505 5382 de
1547 5336 1719 5381 morte
1739 5328 1869 5381 Phi-

348 5348 471 5387 ειυιο
500 5348 621 5399 pOSl.
654 5348 828 5386 ηιιιιιιι
859 5348 1099 5387 Athenas
1127 5348 1406 5383 νθηιδδθηι
1438 5348 1505 5382 ue
1547 5348 1719 5381 πηοί-ιθ
1740 5348 1864 5381 ιἰιι-

309 5348 464 5473 ῧρρῑ,
501 5404 614 5471 ipse
643 5402 840 5473 prodiit
880 5400 1161 5471 splendide
1185 5398 1434 5460 amictus,
1459 5406 1515 5452 et
1557 5406 1864 5453 coronatus.

309 5470 659 5536 Plutarchus,
678 5474 800 5526 ibid.

382 5544 435 5595 ’1.
468 5542 628 5597 Redit
656 5544 722 5599 ad
756 5542 1152 5612 navigationem
1188 5541 1442 5609 Heraclii,
1467 5541 1535 5597 de
1565 5555 1670 5612 qua
1704 5540 1761 5594 in
1808 5540 1871 5595 ﬁ-

314 5626 386 5666 ne
417 5613 713 5680 superioris
741 5612 1057 5667 Acroaseos.

387 5681 440 5735 8.
473 5682 714 5751 subaudi
769 5699 799 5735 ο
821 5684 1107 5751 imperator

387 5751 475 5807 10.
528 5750 805 5806 lleraclius
853 5750 906 5805 in
958 5752 1198 5809 Ciliciam
1221 5761 1367 5808 recta
1414 5751 1878 5809 contenditznon

316 5823 463 5880 enim
497 5829 580 5877 est
622 5823 1010 5893 dubitandum,
1038 5839 1175 5895 quas
1201 5834 1390 5881 noster
1425 5822 1668 5879 nominet
1699 5819 1875 5893 Pylas,

1969 4693 2594 4768 meniam'provectum,
2652 4699 2784 4752 inita
2839 4712 2961 4752 cum
3014 4693 3228 4768 Turcis
3262 4693 3542 4768 societate,

1969 4787 2070 4839 per
2109 4763 2369 4824 Lazarum
2400 4769 2733 4838 provinciam
2784 4768 2837 4821 in
2890 4765 3165 4839 Persidem
3199 4763 3551 4839 descendisse

1969 4833 2173 4897 narrat.
2205 4833 2832 4911 Sedpc'rperamomnia
2867 4836 3179 4911 permiscet,
3211 4843 3265 4911 et
3315 4833 3547 4911 primam

1970 4926 2094 4966 eum
2135 4901 2368 4982 secunda
2419 4901 2649 4982 H_eracl_ii
2711 4901 3076 4982 evpeditione
3108 4903 3411 4982 confundit.
3456 4901 3550 4982 Ac

1968 4981 2171 5050 optime
2197 4979 2413 5048 quidem
2440 4978 2693 5050 Petavius
2715 4971 3025 5050 observavit
3067 4975 3118 5026 in
3154 4973 3303 5050 Notis
3335 4972 3404 5025 ad
3446 4971 3548 5024 Ni-

1971 5044 2270 5119 cephorum,
2307 5065 2369 5103 ea
2400 5065 2520 5118 quae
2549 5050 2616 5101 ab
2644 5046 2919 5101 historicis
2968 5044 3275 5114 Byzantinis
3318 5057 3545 5119 narran-

1972 5111 2076 5183 tur,
2111 5119 2246 5173 adeo
2269 5135 2387 5172 esse
2416 5111 2725 5187 perturbata
2757 5124 2811 5168 et
2837 5125 2943 5168 tam
2982 5111 3307 5187 praepostere
3342 5111 3551 5165 descri-

1970 5198 2081 5260 pta.
2116 5198 2176 5242 ut
2232 5184 2599 5260 narrationum
2649 5196 2996 5260 etuannorum
3048 5184 3243 5236 seriem
3295 5190 3547 5260 accurate

1972 5252 2270 5332 deductam
2305 5258 2501 5332 frustra
2554 5256 2782 5332 abﬁillis-
2829 5263 3145 5332 exspectes;
3172 5268 3290 5332 quo
3327 5252 3546 5321 quidem

1970 5329 2104 5384 vitio
2133 5327 2365 5382 maxime
2399 5328 2604 5380 laborat
2632 5322 2965 5379 Breviarium
3003 5322 3315 5391 Nicephori.

2047 5400 2134 5453 11.
2184 5399 2354 5449 Tanta
2404 5397 2680 5449 celeritate
2724 5396 2940 5463 longum
2977 5395 3079 5447 iter
3109 5388 3342 5463 confecit
3374 5388 3547 5463 Hera-

1974 5470 2110 5524 clius
2151 5476 2212 5521 ut
2245 5468 2697 5537 hemerodromus
2720 5480 2748 5518 a
2790 5458 2961 5537 ["isida
2989 5462 3297 5537 appelletur
3324 5475 3335 5509 :
3371 5458 3549 5537 heme-

1974 5539 2203 5593 rodromi
2269 5535 2413 5589 enim
2470 5536 2610 5603 apud
2662 5534 2876 5589 Gl‘iBCOS
2910 5527 3180 5603 dictiiqui
3216 5538 3378 5603 totam
3411 5527 3549 5578 diem

1972 5610 2280 5662 eursitantes
2306 5620 2412 5658 non
2448 5598 2833 5675 fatigarentur;
2870 5605 2951 5656 vel
2980 5612 3038 5655 ut
3068 5598 3272 5675 Livius,
3308 5598 3400 5651 lib.
3426 5611 3541 5675 seti.

1970 5680 2060 5741 21,
2120 5676 2372 5735 aﬂirmat,
2424 5665 2838 5728 hemErodromos
2898 5682 3081 5725 vocant
3113 5671 3291 5737 ingens
3322 5683 3422 5719 uno
3460 5665 3547 5717 die

1970 5749 2201 5814 spatium
2223 5745 2532 5798 emetientes.
2570 5745 2642 5798 De
2668 5742 2860 5814 triplici
2894 5741 3426 5798 hcmcrodromorum
3453 5748 3547 5806 ge-

1972 5813 2102 5874 nere
2130 5815 2364 5889 Lipsius,
2399 5823 2530 5871 tom.
2562 5814 2625 5882 ll,
2658 5832 2713 5885 p.
2748 5813 2872 5870 500.
