4126 6282
704 361 843 423 Τοὺς
868 356 931 415 εὖ
954 362 1209 427 τεθέντας
1234 362 1545 429 ὲκόιάξεται
1570 366 1785 438 νόμους.

713 451 854 520 Ἐγὼ
883 453 983 523 μὲν
1013 452 1155 507 οὕτω
1184 455 1276 508 καὶ
1306 456 1491 527 τρόπῳ
1530 458 1627 510 καὶ
1659 461 1916 528 σχήματι,

703 538 874 607 Οὗτος
903 545 962 599 δὲ
999 547 1177 610 κοινὸς
1210 546 1462 616 βασιλεὺς
1492 550 1585 601 καὶ
1624 549 1890 620 δεσπότης

564 641 667 697 100
704 642 813 694 Καὶ
853 641 964 693 τῶν
996 641 1118 694 καθ’
1146 643 1293 712 ἡμᾶς
1329 642 1549 713 ἡγεμὼν
1580 644 2025 713 στρατευμάτων,

698 731 834 786 Μεθ’
860 725 920 784 οὗ
954 735 1277 803 στρατηγεῖν
1308 736 1457 785 ἐστιν
1494 733 1917 803 ἀσφαλέστερον,

699 825 737 874 Δ
764 822 777 841 9
837 814 861 837 τ
1085 823 1110 836 ιο
1384 823 1395 840 ο

745 841 760 874 ι
806 840 867 874 ου
895 822 957 874 τὸ
985 838 1142 874 νικαν
1172 824 1319 875 ἐστιν
1344 822 1749 893 ευσεὸέστερον.

712 914 830 982 Ἐφ’
858 908 902 982 ᾧ
941 913 1216 977 πεποιθὼς
1244 915 1338 968 καὶ
1374 915 1441 968 τὰ
1473 915 1568 968 νῦν
1600 915 1920 984 ἀφιγμένος,

707 1006 795 1069 Ὠς
829 1002 907 1068 εἷς
934 1005 1028 1075 ἀφ’
1064 1005 1239 1074 ὑμῶν,
1271 1006 1408 1076 πρὸς
1436 1007 1630 1070 πόνους
1659 1007 1973 1076 όπλίξομαι.

560 1095 662 1151 105
701 1096 905 1165 Πρέπει
944 1096 1054 1165 γὰρ
1085 1098 1250 1166 ἡμᾶς,
1278 1096 1349 1160 ὠς
1380 1097 1590 1151 ἐκείνου
1622 1098 1936 1168 πλάσματα,

695 1190 910 1257 Χωρεῖν
949 1188 1067 1241 κατ’
1096 1188 1306 1258 ἐχθρῶν
1341 1192 1787 1260 προσκυνούντων
1835 1191 2127 1262 κτίσματα,

696 1280 758 1333 Οἳ
789 1282 888 1344 τὰς
921 1281 1198 1352 τραπέζας
1231 1283 1331 1345 τὰς
1373 1283 1640 1353 ἀμίκτους
1675 1285 1924 1354 αἱμάτων

646 1368 649 1372 ’
692 1374 927 1445 Λύθροις
966 1373 1158 1442 ἔμιξαν
1189 1374 1436 1442 αἱμάτων
1468 1375 1805 1443 μιαιφόνοις·

644 1526 647 1527 ν
694 1464 756 1516 Οἳ
786 1464 885 1526 τὰς
915 1464 1172 1525 ἀδέκτους
1200 1463 1307 1517 τῶν
1342 1464 1530 1518 παθῶν
1563 1464 1890 1535 Ἐκκλησίας

553 1554 655 1609 110
705 1556 794 1607 Ἐν
824 1554 1037 1625 ἡδοναῖς
1067 1554 1377 1624 κραίνουσιν
1406 1554 1848 1625 ὲμπαθεστάταις
1874 1572 1889 1586 ο

693 1646 754 1698 Οἳ
780 1645 875 1717 τὴν
907 1646 1371 1717 φυτουργηθεῖσαν
1399 1646 1642 1716 ἄμπελον
1676 1647 1819 1717 λόγῳ

691 1738 847 1807 Ξίφει
881 1737 1125 1791 θέλουσιν
1156 1738 1404 1808 ὲξορυξαι
1437 1739 1696 1811 βαρϐάρῳ
1720 1756 1736 1771 ο

693 1829 771 1881 Δι’
796 1828 890 1892 οὓς
916 1832 944 1882 ὁ
972 1830 1132 1882 Δαὸὶδ
1160 1829 1359 1892 ένθέως
1385 1830 1687 1900 ἐφθέγξατο
1706 1846 1723 1862 ⁸

691 1920 976 1990 Μακάριος
1000 1918 1191 1981 είπὼν,
1218 1919 1277 1983 ὃς
1303 1921 1373 1974 τά
1414 1922 1577 1975 τέκνα
1606 1921 1864 1991 Περσίδος

552 2013 656 2069 115
694 2013 907 2082 Πέτρας
942 2012 1443 2083 προσαντέκρουσεν
1483 2015 1845 2085 ἡδαφισμένα,
1874 2032 1894 2066 ι

688 2105 875 2169 Οὕτως
908 2106 1150 2169 ἅπαντας
1178 2106 1374 2170 αὐτοὺς
1399 2110 1465 2161 ὲκ
1504 2108 1780 2180 ῥᾳθυμίας

550 2307 827 2362 nientibus
880 2321 1095 2377 semper
1140 2307 1282 2362 bene
1327 2305 1639 2361 constitutis
1688 2304 1797 2359 vim
1831 2305 1997 2361 infert
2045 2305 2123 2361 Ie-

550 2402 728 2472 gibus.
781 2400 1045 2469 Equidem
1107 2400 1180 2454 ita
1232 2415 1433 2455 censeo
1498 2400 1600 2453 sub
1668 2399 1772 2453 hoc
1824 2400 2015 2454 habitu
2069 2408 2127 2455 et

547 2491 722 2547 forma
782 2510 795 2544 :
852 2490 939 2544 hic
995 2499 1144 2544 certe
1195 2489 1502 2544 communis
1551 2497 1635 2542 est
1684 2502 1776 2542 rex
1827 2495 1882 2542 et
1948 2488 2124 2544 domi-

1858 253 2178 316 GEORGII
2227 254 2498 315 PISIDIE

2164 382 2213 435 Δ

2165 1722 2208 1777 Β

3674 253 3807 315 122)

2380 368 2539 435 Λόγῳ
2580 366 2973 437 μιτεσκεύαζες
3002 368 3085 429 εἰς
3119 365 3443 437 προθυμίαν.

2378 459 2533 512 Οὕτω
2571 460 2876 530 στρατηγὸν
2909 457 3185 530 πανταχοῦ
3214 460 3307 512 καὶ
3324 459 3602 528 Δεσπότην

2373 551 2503 605 Θεὸν
2537 554 2853 623 προτάττων
2882 550 3156 623 άσφαλίζῃ
3185 551 3245 604 τὸ
3279 550 3498 621 κράτος.

2234 643 2339 699 120
2376 645 2486 698 Καὶ
2518 645 2582 715 δὴ
2610 645 2890 715 ’παρευθὺς
2917 646 3016 715 τὴν
3047 642 3337 713 ὑπέρθεσιν
3368 643 3580 712 φθάσας

2372 736 2581 790 Κοινῶν
2614 737 2836 810 ἀπάρχῃ
2865 736 2961 789 τοῦ
2993 734 3224 804 στρατοῦ
3255 734 3688 804 γυμνασμάτων.

2450 828 2621 892 Πόθος
2649 828 2704 881 δέ
2739 830 2827 898 μοί
2862 846 2947 889 τις
2984 827 3170 880 ἐνθάδε
3197 828 3543 898 προσήρχετο

2388 916 2535 971 Ἰδεῖν
2567 919 2636 973 τά
2672 919 2881 991 τερπνὰ
2908 919 3005 989 τῆς
3042 917 3221 988 μάχης
3256 916 3529 989 προαύλια

2376 1010 2546 1062 Φόϐου
2572 1028 2631 1063 τε
2670 1012 2839 1082 χωρὶς
2871 1011 3147 1081 ἱστορῆσαι
3177 1009 3267 1062 τὸν
3304 1008 3486 1077 φόϐον.

2234 1100 2336 1154 125
2375 1100 2565 1170 Ὅμως
2589 1101 2645 1153 δὲ
2678 1101 2912 1172 φρικτὴν
2940 1101 3048 1154 τῶν
3072 1099 3302 1169 ἀγώνων
3337 1101 3365 1152 ὁ
3395 1099 3596 1169 τρόπος

2378 1194 2488 1245 Καὶ
2519 1194 2620 1263 τὴν
2657 1192 2877 1263 δόκησιν
2912 1195 3147 1261 εἰσάγων
3188 1193 3555 1264 προσήρχετο.

2375 1282 2541 1346 Τάξις
2576 1282 2685 1353 γὰρ
2712 1278 2778 1353 ἦν
2804 1283 3025 1345 ἔνοπλος
3055 1271 3431 1353 ἦκριϐωμένη,

2368 1373 2672 1443 Σάλπιγγες
2703 1374 2830 1427 ἔνθα
2864 1374 2960 1428 καὶ
2990 1374 3270 1443 φάλαγγες
3294 1372 3566 1436 ἀσπίδων,

2371 1463 2597 1532 Αίχμαὶ,
2624 1463 2910 1533 φαρέτραι,
2947 1463 3041 1514 καὶ
3079 1462 3228 1531 βέλη,
3252 1461 3345 1513 καὶ
3375 1459 3650 1528 φάσγανα,

2234 1554 2334 1609 150
2372 1555 2480 1606 Καὶ
2508 1553 2679 1616 δεινὸς
2704 1554 3002 1607 ἐσκεύαστο
3030 1554 3295 1625 θωράκων
3326 1552 3511 1614 κλόνος

2384 1642 2478 1695 Ἐκ
2510 1642 2619 1695 τῶν
2660 1643 2893 1712 σιδηρῶν
2934 1643 3275 1713 συμπλακεὶς
3305 1638 3644 1709 ὑφασμάτων

2389 1736 2475 1788 Ἑν
2504 1731 2585 1799 οἷς
2610 1737 2996 1806 ἐπαυγάζουσα
3028 1735 3249 1808 λαμπὰς
3277 1735 3429 1806 ἡλίου

2370 1831 2501 1894 Ταῖς
2529 1830 2886 1901 ἀνταμοιόαῖς
2916 1814 3106 1902 ὥσπερ
3136 1828 3454 1899 ἀντιλήψεσι

2370 1921 2661 1976 Στίλδωσιν
2687 1923 2992 1994 ἐξέπεμπεν
3022 1921 3467 1993 ἁστραπηφόρον.

2232 2013 2333 2068 155
2383 2013 2535 2066 Ἐπεὶ
2561 2013 2619 2066 δὲ
2646 2015 3005 2085 συνταγέντες
3037 2015 3112 2077 ὡς
3153 2013 3387 2067 ἐναντίοι

2372 2102 2676 2173 Ἕσφιγξαν
2713 2105 2893 2160 αὐτῶν
2918 2103 3176 2174 ἀσφαλῶς
3206 2101 3277 2156 τὰ
3305 2100 3628 2173 πράγματα,

2301 2304 2392 2359 Sic
2415 2318 2606 2359 omnes
2634 2302 2781 2374 ipsos
2827 2318 2892 2358 ex
2925 2302 3151 2375 segnitie
3194 2302 3455 2359 orationis
3492 2303 3544 2358 vi
3583 2304 3652 2359 ad
3696 2304 3814 2357 ala-

2227 2398 2476 2453 critatem
2503 2395 2793 2451 deduxisti.
2835 2393 2927 2450 Sic
2946 2396 3140 2451 ducem
3176 2396 3486 2464 ubicunque
3513 2404 3571 2450 et
3625 2396 3813 2451 Domi-

2230 2504 2362 2542 num
2419 2486 2590 2541 Deum
2652 2502 3003 2557 proponens,
3050 2496 3203 2541 tuum
3254 2487 3438 2542 ﬁrmas
3490 2487 3809 2557 imperium.

547 2597 651 2635 nus
681 2580 828 2650 (100)
869 2589 924 2634 et
961 2588 1269 2633 nostrorum
1306 2579 1416 2631 dux
1457 2576 1812 2641 exercituum,
1854 2591 1979 2655 cum
2019 2591 2127 2646 quo
2234 2581 2380 2653 (120)
2411 2580 2714 2649 Statimque
2744 2595 3104 2650 perrumpens
3135 2596 3315 2635 moras
3349 2580 3601 2634 omnibus
3631 2579 3810 2635 fecisti

548 2672 784 2725 militare
853 2678 939 2724 est
990 2670 1180 2732 tutius,
1225 2683 1322 2737 per
1360 2682 1521 2736 quem
1572 2666 1791 2721 vincere
1846 2676 1929 2722 est
1996 2667 2127 2721 reli-
2226 2669 2443 2723 initium
2474 2668 2802 2723 militaribus
2824 2668 3117 2723 exercitiis.
3165 2667 3341 2739 Atque
3386 2670 3476 2724 hic
3506 2684 3595 2724 me
3628 2669 3812 2739 quod-

546 2764 784 2836 giosius;
833 2778 941 2832 quo
1001 2777 1100 2831 ego
1157 2760 1347 2826 fretus,
1401 2766 1457 2813 et
1501 2773 1675 2828 nuper
1740 2758 1849 2813 huc
1889 2758 2124 2823 delatus,
2224 2759 2345 2813 dam
2380 2758 2527 2828 cepit
2556 2756 2885 2812 desiderium
2934 2756 3118 2811 videre
3146 2757 3384 2827 jucunda
3428 2755 3553 2811 belli
3601 2755 3812 2826 przelu-

549 2866 806 2925 tanquam
838 2868 981 2908 unus
1006 2869 1070 2907 ex
1091 2851 1247 2905 vobis
1266 2851 1335 2905 ad
1366 2850 1579 2904 labores
1611 2864 1696 2903 me
1720 2848 1951 2903 instruo.
1977 2847 2123 2920 (105)
2223 2852 2311 2907 dia
2349 2851 2647 2921 proculque
2677 2866 2708 2905 a
2745 2850 2941 2905 timore
2976 2851 3225 2904 timorem
3264 2850 3579 2919 prospicere
3608 2866 3623 2901 :
3655 2847 3808 2918 (125)

546 2947 656 3002 Vos
684 2948 831 3002 enim
857 2948 1033 3011 decet,
1062 2954 1250 3015 utpote
1278 2945 1398 3014 ejus
1427 2944 1666 3007 factum,
1691 2943 1839 2997 exire
1865 2944 1917 2996 in
1942 2944 2127 2998 hostes
2230 2945 2326 3000 sed
2354 2945 2471 3014 ipsa
2502 2943 2863 2998 certaminum
2916 2942 3161 3013 prolusio
3204 2940 3477 2995 horridam
3509 2938 3813 3010 praeferens

545 3040 789 3095 colentes
820 3048 1127 3101 creaturas;
1177 3036 1268 3106 qui
1319 3050 1540 3090 mensas
1588 3050 1752 3105 puras
1794 3050 1823 3088 a
1863 3035 2126 3107 sanguine
2149 3047 2199 3111 ο
2230 3045 2440 3092 tantum
2472 3037 2710 3107 speciem
2742 3051 2829 3091 me
2853 3035 3138 3090 deterruit.
3169 3033 3395 3088 Stabant
3435 3032 3640 3102 quippe
3662 3030 3808 3085 acies

538 3130 986 3186 contaminarunt
1017 3128 1228 3183 caedibu
1283 3135 1338 3182 et
1383 3125 1682 3195 sanguine;
1716 3124 1809 3194 qui
1848 3125 2121 3179 immunes

541 3222 610 3275 ab
641 3220 786 3276 omni
822 3219 1020 3274 mentis
1046 3218 1276 3273 allectus
1305 3216 1562 3272 ecclesias
1591 3215 1736 3285 (110)
1771 3215 2121 3285 impudicitiis

540 3312 791 3383 polluunt
815 3309 1177 3380 turpissimis;
1226 3308 1318 3377 qui
1376 3306 1542 3361 verbo
1567 3306 1861 3375 plantatam
1903 3305 2118 3359 vineam

539 3404 687 3458 ferro
713 3403 901 3457 volunt
920 3402 1196 3455 demetere
1225 3400 1486 3462 barbaro;
1517 3396 1583 3451 de
1619 3396 1817 3465 quibus
1843 3395 2009 3450 David
2034 3393 2121 3449 di-

538 3494 748 3548 vinitus
771 3494 1075 3547 vaticinans
1112 3509 1125 3545 :
1165 3510 1183 3543 ι
1214 3489 1434 3550 Beatus,
1468 3487 1664 3557 inquit,
1698 3488 1789 3556 qui
1823 3488 1960 3542 ﬁlios
1984 3486 2119 3541 Per-

508 3572 672 3662 ‘sidis
703 3583 851 3654 (115)
887 3584 1105 3637 attritos
1133 3581 1307 3636 allidit
1337 3581 1406 3635 ad
1428 3588 1672 3651 petras'.
1712 3596 1731 3629 ι

608 3714 635 3743 δ
664 3701 808 3758 Psal.
835 3717 1051 3766 cxxxvn,
1088 3701 1141 3755 9.

2223 3140 2446 3186 armata:
2490 3130 2694 3199 optime
2741 3128 3021 3199 dispositae.
3056 3146 3069 3182 :
3105 3128 3193 3183 hic
3229 3138 3387 3183 erant
3430 3128 3570 3181 tuba:
3598 3134 3655 3180 et
3694 3124 3808 3194 cly-

2224 3238 2455 3294 peorum
2497 3221 2792 3292 phalanges
2828 3223 3103 3290 hastaeque
3132 3230 3187 3275 et
3234 3220 3504 3289 pharetra:
3525 3226 3582 3272 et
3613 3217 3719 3272 tela
3750 3226 3807 3271 et

2224 3313 2407 3384 gladii.
2457 3312 2607 3383 (130)
2650 3310 2933 3366 Terribilis
2974 3322 3155 3366 autem
3212 3311 3475 3365 edebatur
3517 3310 3803 3364 thoracum

2226 3406 2493 3477 strepitus
2540 3420 2604 3459 ex
2645 3403 2937 3458 armaturis
2984 3402 3129 3458 ferro
3172 3403 3423 3467 intextis,
3449 3418 3569 3472 qua:
3622 3402 3803 3457 asolis

2227 3494 2475 3563 lampade
2520 3492 2800 3548 illustratae
2839 3502 3095 3563 tanquam
3129 3508 3196 3547 ex
3233 3492 3437 3546 mutuis
3468 3491 3661 3546 olliciis
3696 3490 3804 3546 ful-

2200 3580 2417 3648 gorem
2454 3576 2805 3633 remittebant
2848 3585 3245 3633 coruscantem.
3298 3576 3445 3649 (155)
3504 3574 3803 3647 Postquam

1824 3832 2065 3888 VARIAE
2100 3831 2507 3889 LECTIONES.

612 3946 715 4006 108
744 3947 961 4022 λύτροις
992 3947 1083 4003 ed.
1166 3947 1273 4003 112
1302 3945 1586 4020 ἐκθερίσαι
1613 3945 1703 4013 ed,
1780 3945 1884 4002 116
1904 3941 2100 4011 αὖθιςῖ
2174 3946 2276 4001 136
2310 3947 2566 4015 τάγματα
2590 3940 2611 3997 2

2086 4056 2319 4112 NOTAE.

603 4183 693 4239 97.
731 4182 1027 4239 Charilatis
1063 4190 1212 4237 tanta
1244 4182 1327 4236 vis
1359 4188 1443 4236 est
1477 4187 1542 4249 ιιι
1572 4178 1808 4233 divinam
1845 4178 2111 4249 justitiam

534 4256 711 4325 placet
738 4264 795 4309 et
814 4254 1150 4325 calamitates
1170 4261 1396 4325 avertat.
1429 4246 1501 4303 Εὖ
1532 4250 1779 4325 τεθέντες
1808 4246 2113 4325 νόμοιὴευηι

534 4320 878 4381 sanctissima
932 4324 1023 4377 Dei
1081 4324 1296 4377 decreta
1355 4323 1423 4376 de
1455 4321 1744 4390 puniendis
1793 4320 2107 4374 sceleribus.

2290 4178 2411 4233 115.
2451 4176 2593 4232 Psal.
2635 4191 2849 4239 cxxxvr,
2889 4174 2922 4229 9
2947 4191 2965 4246 7:
2997 4174 3280 4246 Μακάριος
3304 4172 3362 4235 ὃς
3399 4172 3665 4246 κρατήσει
3700 4173 3793 4226 καὶ

2217 4248 2429 4317 ἐδαφιεῖ
2456 4248 2525 4301 τὰ
2554 4247 2722 4315 νήπιά
2749 4263 2840 4317 σου
2862 4245 3123 4317 πρὸςᾲτὴν
3146 4242 3370 4317 πέτραν.
3398 4242 3575 4317 Pisida
3604 4254 3792 4317 aperte

2217 4312 2444 4373 discedit
2473 4319 2541 4372 ab
2584 4312 2648 4372 iis
2677 4316 2768 4386 qui
2806 4312 2952 4370 hunc
2993 4312 3266 4370 Psalmuni
3291 4314 3540 4368 Jeremia:
3569 4312 3792 4368 mallent

533 4395 673 4461 Quid
710 4406 908 4448 autem
933 4395 999 4447 sit
1040 4390 1321 4456 έκϐιάζειν
1363 4392 1491 4453 τοὺς
1517 4391 1732 4461 νόμους,
1764 4390 1887 4444 vide
1916 4390 1972 4442 in
1998 4393 2107 4443 He-
2136 4400 2180 4455 ι)
2208 4390 2425 4461 ascribi.

531 4482 704 4519 amem.
740 4466 844 4523 450
883 4474 937 4517 et
970 4464 1095 4518 442.

605 4538 725 4590 106.
754 4535 889 4589 Vide
921 4549 1128 4588 acroas.
1160 4548 1197 4598 ι,
1238 4533 1309 4585 (24
1336 4538 1393 4585 et
1421 4531 1511 4584 '52.

601 4607 722 4660 107.
766 4605 967 4657 Damna
1000 4620 1029 4657 a
1061 4596 1238 4658 PerSis
1263 4602 1433 4663 illata,
1466 4598 1642 4652 caedes
1679 4608 1733 4652 et
1776 4596 2115 4669 profanatioo

532 4690 631 4729 nes
677 4676 883 4731 inltota
937 4674 1087 4743 Syria
1124 4679 1463 4742 perpetratas
1512 4669 1797 4743 retulimus
1826 4684 1890 4722 ex
1931 4669 2113 4723 Theo-

530 4747 711 4815 phane
742 4753 797 4797 et
822 4739 1077 4815 Chronico
1109 4739 1297 4797 Pasch.
1335 4753 1541 4815 ac‘roas.
1579 4740 1627 4801 1,
1647 4739 1792 4815 108.

604 4815 705 4868 108
758 4813 942 4882 Λύτρα
980 4814 1225 4882 αἱμάτων
1269 4810 1439 4882 pretia
1467 4808 1741 4882 sanguinis
1774 4809 1862 4882 vel
1886 4809 2113 4882 victima:

604 4831 705 4868 tua
758 4831 942 4882 Λυτρα
980 4831 1035 4866 αι
1120 4831 1225 4865 των
1269 4831 1439 4881 pretia
1467 4831 1741 4879 sanguinis
1775 4831 1857 4862 ver
1886 4831 2105 4863 mcuma

531 4894 757 4939 cruenta:
794 4893 921 4937 sunt
949 4831 1125 4937 caedicus
1153 4882 1308 4935 editae
1337 4896 1367 4933 a
1398 4878 1640 4932 barbaris
1671 4879 1724 4930 in
1752 4879 2017 4943 ecclesiis,
2050 4880 2105 4932 in

530 4956 730 5023 quibus
779 4954 1070 5023 Christiani
1108 4954 1480 5023 incruentum_
1503 4948 1827 5023 sacriﬁcium
1856 4950 1928 5023 de
1959 4964 2109 5023 more

529 5018 1059 5077 olferebanthrum
1084 5024 1315 5077 fortasse
1336 5018 1516 5073 Pisida
1538 5019 1701 5071 etiam
1727 5018 1948 5086 respicit
1972 5019 2037 5072 ad
2057 5020 2112 5072 id

529 5096 672 5163 quod
704 5103 885 5146 narrat
914 5092 1297 5162 Theolihanes.
1317 5108 1372 5160 p.
1392 5088 1501 5163 252
1524 5103 1669 5140 anno
1690 5088 2110 5163 post_Chr_is_tum

530 5158 713 5217 natum
734 5167 835 5217 (illi
856 5158 1104 5216 evenisse
1128 5158 1343 5232 εΤούτῲ
1358 5160 1435 5230 τῷ
1454 5160 1561 5232 ἔτει
1582 5159 1952 5232 παρέλαϐονμοι
1974 5158 2111 5227 Πέρο

530 5251 621 5286 σαι
634 5235 723 5287 τὸν
740 5234 1043 5303 Ἰορδάνηνν
1061 5228 1423 5301 Παλαιστίνην
1440 5230 1529 5303 καὶ
1545 5229 1825 5303 τὴν-ἁγίαν
1839 5228 1992 5303 πόλιν
2017 5246 2112 5303 πρ-

528 5303 697 5373 λέμῳ,
723 5298 823 5356 καῖ’
840 5298 1062 5373 πολλοὺς
1086 5298 1409 5355 ἀπέκτειναν
1440 5301 1510 5373 ὲν-
1526 5299 1661 5373 αὐτῇ
1691 5298 1778 5373 διὰ
1802 5298 1980 5373 χειρὸς
2000 5299 2109 5373 τῶν

542 5370 828 5438 Ἰουδαίων,
861 5372 935 5435 ὥς
966 5375 1098 5440 φασί
1121 5389 1285 5435 τινες,
1320 5370 1585 5441 μυριάδας
1601 5370 1763 5441 -ὲννέα
1785 5382 1799 5397 ’
1833 5370 1984 5441 αυτοὶ
2004 5370 2109 5439 γὰρ

528 5443 823 5527 ῶνούμενοι
850 5438 1568 5527 τοὺςΧριστιαπῦςίκαθά
1592 5438 1831 5507 ὴμπόρει
1859 5440 2106 5505 ἕκαστος,

502 5579 507 5584 ⁸
527 5514 847 5584 ἀπέκτεινεν
904 5514 1122 5576 αὐτούς.

602 5584 723 5636 111.
762 5583 897 5637 Vide
924 5598 1091 5652 supra
1122 5597 1331 5637 acroas.
1372 5599 1413 5646 ι,
1444 5580 1566 5635 104.

602 5654 724 5724 112.
755 5653 811 5709 In
836 5669 930 5708 ora
959 5648 1163 5724 codicis
1194 5669 1293 5724 pro
1324 5652 1625 5723 ἐκθερίσαι,
1650 5669 1772 5724 quae
1792 5657 1877 5706 est
1903 5648 2107 5719 optima

533 5721 715 5789 lectio,
756 5734 840 5779 est
888 5722 1159 5793 ἐξορύξαι.

2284 4460 2410 4513 illi.
2442 4458 2625 4514 Codex
2650 4458 2815 4512 habet
2851 4455 3015 4511 οὕτω.

2288 4530 2411 4584 122.
2469 4530 2705 4584 Pisidam
2760 4527 3039 4597 αὐτόπτην
3086 4527 3205 4581 hare
3238 4523 3518 4597 scripsisse
3548 4536 3700 4595 patet
3726 4542 3793 4581 ex

2214 4600 2383 4653 verbo
2435 4600 2581 4652 ἰδεῖν.
2619 4598 2730 4652 Nec
2760 4604 2843 4651 est
2887 4597 3046 4666 plane
3093 4596 3398 4666 negandum
3436 4610 3561 4649 eum
3594 4598 3650 4649 in
3691 4598 3791 4651 hoc

2213 4670 2390 4743 primo
2419 4670 2588 4743 bello‘
2608 4666 2826 4721 Persico
2856 4664 3105 4743 secutum
3122 4664 3271 4743 _c_sse_
3291 4664 3621 4743 lleraclium,
3647 4670 3788 4736 quod

2215 4736 2387 4808 inagis
2407 4738 2619 4808 patebit
2647 4753 2712 4791 ex
2743 4752 2950 4808 acroas.
2985 4736 3345 4808 ιιι.151,45ι15
3370 4736 3571 4808 (ξι-305.

2286 4805 2424 4863 ηπ
2462 4808 2823 4877 Theophanes
2853 4806 2972 4860 loco
3016 4821 3159 4877 saepe
3187 4806 3382 4877 citato:
3415 4805 3589 4877 Πάλιν
3617 4806 3677 4859 δὲ
3702 4806 3787 4859 τὸν

2236 4879 2361 4931 λαὸν
2387 4878 2523 4949 πρὸς
2547 4873 2856 4949 γυμνασίαν
2881 4873 3183 4949 πολεμικὴν
3205 4873 3463 4949 οπλίζων,
3492 4876 3677 4949 τάξεις
3698 4878 3788 4929 δύο

2212 4946 2466 5011 ἐνόπλους
2518 4946 2904 5018 ποιησάμενος,
2954 4946 3249 5013 σάλπιγγές
3280 4962 3337 5018 τε
3372 4946 3466 4998 κα).
3510 4947 3787 5016 φάλαγγες

2212 5020 2479 5079 ἀσπίδων,
2522 5020 2614 5070 καὶ
2635 5016 2770 5080 λαὸς
2800 5017 3273 5087 τεθωρακισμένος
3300 5016 3504 5071 ἵστατο.

2284 5092 2404 5144 156.
2447 5089 2769 5143 Dubitabam
2811 5103 2880 5158 an
2916 5086 2981 5141 ex
3024 5086 3357 5158 Theophane
3404 5102 3503 5156 pro
3550 5089 3620 5141 τὰ
3644 5090 3785 5158 πρά-

2213 5177 2397 5230 γματα
2429 5174 2751 5229 reponerem
2810 5157 2880 5209 τὰ
2918 5160 3193 5227 τάγματα.
3248 5156 3339 5209 Ait
3370 5157 3512 5211 enim
3543 5175 3597 5226 p.
3634 5156 3741 5213 255
3769 5177 3779 5211 :

2226 5232 2378 5283 Ἐπεὶ
2412 5230 2467 5282 δὲ
2513 5228 2766 5283 ἀσφαλῶς
2821 5227 3150 5283 συνέστησαν
3208 5226 3276 5278 τὰ
3328 5227 3603 5283 τάγματα.
3650 5248 3779 5283 συμ-

2231 5243 2378 5283 Ἰιπει
2412 5243 2467 5282 οε
2513 5243 2766 5294 ασφαΑως
2821 5243 3150 5297 συνεστησαν
3208 5243 3276 5278 τα
3328 5243 3603 5296 τάγματα,
3650 5248 3778 5299 συμ-

2211 5301 2425 5354 ϐάλλειν
2468 5299 2729 5367 ἀλλήλους
2798 5298 3122 5349 ἐκέλευσεν·
3170 5296 3435 5367 ὠθισμοί
3490 5314 3551 5350 τε
3616 5298 3778 5366 βίαιοι

2212 5372 2307 5424 καὶ
2359 5366 2784 5440 συγκρούσματα
2838 5369 2972 5440 πρὸς
3030 5366 3289 5440 ἀλληλους
3353 5366 3624 5440 ἐγίνοντο.
3696 5371 3784 5421 καὶ

2214 5436 2590 5509 σχηματισμὸς
2642 5436 2747 5490 τοῦ
2818 5439 3053 5505 πολέμου
3104 5436 3397 5489 ἐδείκνυτο.
3469 5438 3783 5492 Versionem

2214 5522 2450 5562 nostram
2508 5508 2832 5562 probabunt.
2865 5512 2955 5562 aui
2982 5523 3047 5560 ex
3075 5505 3272 5561 Leon-is
3322 5505 3464 5561 Tact.
3499 5522 3549 5561 c.
3610 5509 3640 5561 7
3683 5524 3781 5560 no-

2736 5522 2832 5570 ml,
2865 5523 3047 5570 (101631
3075 5522 3272 5561 Leon-Is
3324 5522 3464 5561 ιαει.
3499 5522 3549 5561 c.
3610 5522 3636 5561 ἰ
3683 5524 3781 5560 no-

2210 5522 2450 5564 nostram
2508 5522 2832 5578 pronanunt,
2865 5523 3047 5576 quaex
3075 5522 3272 5561 Leon-ts
3324 5522 3464 5561 ιαει.
3499 5522 3549 5561 c.
3610 5522 3636 5561 τι
3683 5524 3780 5560 no-

2215 5590 2341 5633 runt
2373 5580 2501 5649 quid
2531 5578 2789 5647 ἕσφιγξαν
2812 5578 2901 5649 hic
2930 5578 3197 5649 signiticet
3222 5595 3234 5630 :
3268 5577 3343 5649 ait
3366 5577 3514 5649 enim
3538 5578 3603 5649 τὲ
3620 5574 3780 5649 σφίγ-

2210 5644 2406 5717 γεσθαῖ
2434 5651 2549 5717 ἐστι
2603 5644 2663 5700 τὸ
2696 5644 3174 5717 πυκνοῦσθαιηῖνα
3232 5647 3328 5699 καὶ
3360 5648 3499 5700 κατὰ
3540 5644 3779 5716 πλευράν

2214 5713 2307 5773 καὶ
2337 5722 2474 5774 κατά
2507 5715 2655 5789 ὦμον
2697 5717 2948 5789 ἀλλήλοις
2979 5713 3291 5786 ἑγγῖξωσιν.
