4126 6282
543 353 715 424 Ὠφθη
742 354 808 409 τὰ
838 356 993 424 τείχη
1018 352 1128 405 τῶν
1156 347 1397 403 ἐνόπλων
1425 347 1760 417 κτισμάτων,

542 446 651 500 Kal
685 446 1066 518 συρραγέντων
1102 441 1211 496 τῶν
1240 440 1663 511 στρατευμάτων
1694 438 1830 492 ὅλων

538 537 702 605 Ξίφος
740 538 839 607 μὲν
870 539 1037 599 ἀσπὶς
1070 520 1318 603 καὶχξίφη
1356 534 1455 595 τὰς
1485 532 1714 595 ἀσπίδας

399 629 503 683 140
544 629 742 683 Ὠθουν
780 630 976 699 βιαίοις
1010 626 1289 697 πανταχοῦ
1320 624 1756 696 συγκρούσμασι,

484 758 489 763 ρ
538 721 643 772 Ka‘t
675 721 815 789 μετὰ
848 720 1059 773 πολλῶν
1092 719 1341 789 αἱμάτων
1372 718 1442 770 τά
1470 717 1724 786 φάσγανα

546 811 603 865 Ὀ
633 812 1015 883 σχηματισμὸς
1046 813 1144 883 τῆς
1171 811 1368 880 τέχνης
1396 810 1655 864 ἐδείκνυε.

534 906 645 957 Καὶ
680 904 856 957 πάντα
886 903 1107 975 φρικτὰ,
1139 904 1231 955 καὶ
1260 902 1421 970 φόϐος
1447 903 1541 953 καὶ
1570 900 1826 971 σύγχυσις

535 995 643 1048 Καὶ
674 996 809 1065 πρὸς
847 998 1042 1063 φόνους
1070 993 1351 1055 σύννευσις
1393 992 1642 1061 αἱμάτων
1680 992 1821 1061 δίχα.

395 1089 498 1142 145
535 1088 714 1152 Δείξαι
746 1088 853 1157 γὰρ
884 1088 1067 1149 αὐτοῖς
1101 1086 1389 1156 ἐμφρόνως
1417 1087 1687 1155 ἠπίστασο

535 1178 646 1248 Πρὸ
672 1177 771 1247 τῆς
802 1178 1049 1248 ἀνάγκης
1082 1177 1179 1245 τῆς
1215 1176 1459 1245 ἀνάγκης
1485 1178 1611 1238 τοὺς
1644 1178 1821 1244 ὄρους,

536 1271 725 1332 Ὀπως
759 1270 989 1331 ἕκαστος
1020 1267 1121 1337 τῆς
1148 1267 1436 1320 ἀκινδύνου
1470 1268 1684 1338 σφαγῆς

532 1358 725 1411 Λαϐὼν
758 1357 1012 1427 ἀφορμάς
1038 1357 1441 1429 ἀσφαλέστερος
1476 1360 1645 1429 μένοι.

530 1450 722 1518 Λέγειν
761 1448 861 1519 μὲν
891 1444 985 1501 οὖν
1018 1448 1223 1502 ἕκαστα
1250 1448 1344 1501 καὶ
1373 1450 1431 1501 τὸ
1458 1450 1700 1503 ποικίλον

390 1541 494 1597 150
543 1542 747 1595 Ἐκεῖνο
776 1541 1158 1611 καινούργημα
1187 1540 1287 1611 τῆς
1320 1541 1516 1612 τέχνης
1546 1542 1781 1613 γράφειν

540 1633 845 1699 Ἐξασθενεῖ
877 1650 977 1703 μου
1008 1632 1106 1702 τῆς
1132 1632 1365 1701 ἀτόλμου
1394 1634 1623 1703 καρδίας

539 1724 598 1777 '0
633 1722 757 1785 νοῦς
788 1722 997 1793 ἑναύλῳ
1023 1721 1101 1792 τῷ
1130 1720 1273 1791 λόγῳ
1308 1722 1679 1794 κλονούμενος.

536 1816 675 1868 Ἀλλ’
712 1814 900 1890 ὥσπερ
944 1816 1025 1879 εἰς
1052 1816 1308 1887 ἄμπωτιν
1334 1815 1573 1887 ἐκτινος
1608 1815 1728 1885 βίας

530 1907 725 1977 Πρόσω
750 1906 810 1958 τὸ
845 1905 1022 1977 ῥεῦμα
1057 1907 1334 1978 συντόμως
1363 1906 1694 1978 ὠθούμενον,

385 1999 491 2053 155
529 1998 713 2061 Οὕτως
739 1999 921 2051 ὲκεῖνα
947 1997 1041 2051 τοῦ
1076 1999 1309 2069 στρατοῦ
1337 2000 1404 2053 τὰ
1436 1999 1662 2069 κύματα

523 2090 612 2161 Τῷ
646 2089 723 2161 σῷ
749 2090 891 2161 λόγῳ
918 2089 1166 2161 τρέχοντι
1209 2090 1610 2161 συγκινούμενα

525 2183 594 2233 Ἦ
626 2181 759 2252 πρὸς
787 2182 848 2233 τὸ
886 2180 977 2233 σὸν
1008 2182 1297 2252 πρόσωπον
1330 2182 1361 2253 ἢ
1401 2180 1710 2253 τούναντίον

1343 235 1463 302 lDE
1500 207 2375 305 EerDITIONEZPERSICA.
2414 243 2579 303 ACR.
2610 245 2690 303 II.

2000 359 2044 413 Α
2222 351 2647 423 Ἀντιπροσὼπῳ
2672 352 2749 423 τῷ
2774 355 2930 425 τάχει
2959 357 3281 428 μετήρχετο.

3507 248 3639 312 1222

2210 441 2322 494 Rati.
2359 442 2495 513 πρὸς
2522 444 2773 498 τοσοῦτον
2799 448 2899 500 οὐκ
2927 448 3261 519 άπώκνησας
3300 451 3507 518 κλόνον,

2073 532 2175 588 ίδο
2226 533 2366 587 Ἀλλ’
2393 530 2573 599 εἷλκες
2613 538 2775 591 αὑτὸν
2801 540 2895 594 καὶ
2934 542 3215 611 μεθεῖλκες
3250 546 3377 609 τοὺς
3415 548 3635 614 τόνους,

2212 628 2493 692 Ἐταττες,
2532 631 2883 698 ἀντέττατες,
2924 634 3049 688 ἔνθα
3087 636 3165 707 τῷ
3206 638 3348 709 λόγῳ

2208 715 2320 787 Τῆς
2350 720 2444 789 σῆς
2477 720 2651 789 ῥοπῆς
2676 722 2736 774 τὸ
2762 723 2935 793 νεῦμα
2969 729 3455 800 συμμετεστράφη.

2277 808 2401 870 Πῶς
2434 811 2570 880 πρὸς
2597 812 2849 866 τοσοῦτον
2874 815 3078 884 πλῆθος
3102 819 3330 887 ήρμόσω
3362 821 3556 889 μόνος;

2205 899 2314 952 Καὶ
2343 900 2459 963 πῶς
2492 901 2623 973 γένη
2651 902 2887 959 τοσαῦτα
2917 907 3011 959 καὶ
3046 908 3400 981 πολυτρόπων

2066 988 2171 1043 165
2220 992 2395 1044 Ἠθῶν
2428 993 2691 1063 διαφοράς
2721 997 2812 1048 καὶ
2842 999 3053 1068 φρενῶν
3086 1001 3393 1067 διαστάσεις

2204 1081 2311 1133 Τοῦ
2352 1083 2446 1135 σοῦ
2485 1084 2641 1152 λόγου
2680 1085 2969 1155 κρούοντος
2994 1090 3251 1162 εὐρύθμῳ
3291 1093 3450 1164 τόνῳ,

2204 1176 2314 1243 Ούχ
2351 1175 2539 1247 ὥσπερ
2563 1177 2720 1240 ἄλλος
2764 1180 2987 1247 μυθικὸς
3016 1181 3085 1235 τά
3112 1183 3277 1253 θηρία

2203 1266 2345 1335 Πρὸς
2372 1268 2531 1320 αὑτὸν
2561 1265 2760 1332 εἷλκες,
2790 1270 2926 1323 άλλά
2969 1272 3103 1343 πρὸς
3132 1273 3356 1345 γνώμην
3400 1276 3530 1345 μίαν

2203 1357 2466 1411 Γλωσσῶν
2492 1361 2758 1413 τοσούτων
2786 1362 3073 1432 συγχύσεις
3108 1365 3491 1435 μεθήρμοσαςς

2065 1446 2168 1500 170
2208 1448 2353 1517 Πλὴν
2397 1448 2497 1501 οὐκ
2528 1450 2754 1513 ἀπεικὸς
2784 1450 2877 1503 τοῦ
2912 1454 3178 1520 παναγίου
3216 1456 3531 1527 Πνεύματος

2202 1537 2311 1588 Καὶ
2338 1536 2430 1589 νῦν
2460 1540 2873 1609 ἐνεργησάντος,
2903 1541 3024 1611 ούχὶ
3054 1544 3318 1615 πυρφόρῳ

2201 1626 2462 1679 Γλωσσῶν
2495 1628 2753 1697 διαιρέσει
2786 1649 2842 1683 τε
2873 1634 2964 1685 καὶ
2991 1634 3213 1706 θεωρίᾳ,

1994 1713 2036 1768 Β
2204 1719 2425 1791 Γλώσσῃ
2452 1721 2507 1773 δὲ
2542 1726 2607 1793 τῇ
2653 1726 2717 1793 σῇ
2748 1725 2844 1794 τὴν
2874 1726 3205 1798 κατάλληλον
3236 1729 3394 1800 χάριν

2199 1812 2496 1875 Στάξαντος
2531 1814 2717 1879 αὐτοῦ,
2746 1818 2841 1868 καὶ
2875 1818 3035 1871 πάλιν
3063 1819 3158 1872 τοῦ
3188 1822 3521 1891 Πνεύματος,

2060 1902 2163 1956 175
2202 1902 2389 1966 Οῦτως
2424 1904 2668 1969 ἅπαντας
2696 1908 2820 1970 τοὺς
2850 1910 2978 1979 πρὶν
3006 1912 3384 1981 ἡμελημένους

2194 1994 2396 2047 ϐάττον
2433 1996 2644 2060 διδάξας
2676 1994 2821 2068 εἶχες
2852 2001 3341 2071 ηὑτρεπισμένους.

2278 2086 2419 2155 Ἐγὼ
2447 2088 2503 2140 δὲ
2538 2090 2632 2142 καὶ
2669 2092 2969 2160 προμάντις
3000 2094 3099 2147 οὐκ
3128 2093 3233 2159 ὣν,
3268 2095 3522 2165 δέσποτα,

2199 2174 2414 2239 Φθάσας
2443 2176 2839 2248 προεξήγγειλα
2863 2180 2941 2251 τῷ
2970 2182 3170 2255 πρώτῳ
3207 2185 3351 2258 λόγῳ

380 2366 559 2411 autem
602 2358 884 2428 dispositi.
913 2368 973 2413 ut
1010 2358 1230 2423 hostes,
1257 2358 1427 2413 denso
1469 2363 1737 2412 steterunt
1764 2354 1956 2410 ordine
2054 2353 2278 2421 faciem,
2328 2356 2491 2411 modo
2534 2372 2600 2411 ex
2645 2358 2895 2428 opposito
2942 2358 2997 2412 in
3045 2368 3191 2432 terga
3240 2378 3299 2417 se
3342 2372 3625 2420 converte-

380 2450 559 2517 juucti
602 2450 850 2512 ﬁrmiter,
896 2450 993 2505 visi
1035 2460 1164 2504 sunt
1206 2449 1345 2503 muri
1383 2464 1449 2502 ex
1487 2450 1709 2501 armatis
1750 2446 1955 2500 machi-
2053 2446 2185 2501 bant
2224 2447 2504 2501 velociter.
2534 2446 2647 2502 Nec
2691 2458 2746 2502 tu
2793 2458 2943 2502 tanto
2992 2452 3219 2521 strepitu
3252 2455 3494 2523 dejectus
3522 2456 3625 2510 ob-

378 2543 503 2606 nis;
538 2551 593 2596 et
635 2544 747 2611 jam
793 2543 919 2597 hinc
974 2543 1099 2596 inde
1124 2541 1539 2612 conﬂigentibus
1583 2540 1836 2595 omnibus
1864 2554 1957 2592 co-
2052 2538 2303 2607 torpuisti
2325 2581 2339 2605 ,
2372 2539 2517 2611 (160)
2555 2541 2649 2595 sed
2680 2540 2826 2610 ipsas
2852 2542 3056 2597 ducens
3099 2555 3154 2599 et
3186 2548 3451 2602 reducens
3476 2552 3622 2605 acies

377 2635 483 2703 piis
506 2675 520 2698 ,
557 2650 717 2690 enses
756 2652 878 2691 cum
925 2638 1095 2690 scutis
1127 2645 1182 2689 et
1210 2641 1363 2689 scuta
1394 2648 1516 2687 cum
1559 2632 1783 2686 ensibus
1807 2632 1953 2701 (140)
2050 2632 2291 2697 vertisti,
2322 2634 2665 2691 convertisti.
2692 2644 2967 2705 utcunque
3001 2646 3127 2691 tuus
3152 2640 3311 2693 simul
3340 2656 3463 2694 cum
3492 2658 3623 2704 voce

376 2731 781 2782 concurrebant
824 2728 1064 2798 undique
1096 2726 1350 2782 violentis
1394 2724 1589 2779 ictibus
1618 2742 1631 2777 :
1665 2732 1720 2777 et
1750 2722 1951 2793 gladios
1976 2765 2019 2826 α
2051 2734 2218 2779 nutus
2257 2726 2569 2784 inclinabat.

376 2818 551 2871 multo
597 2819 799 2873 tinctos
834 2821 1098 2890 sanguine
1127 2819 1280 2889 quasi
1334 2816 1643 2872 ostentabat
1685 2816 1819 2869 artis
1848 2831 1950 2884 pu-
1982 2816 2019 2826 '
2121 2817 2353 2883 Quinam
2392 2827 2473 2874 tot
2525 2821 2688 2876 rebus
2719 2820 2979 2880 suiIccisti
3028 2828 3206 2882 solus?
3269 2841 3324 2883 et
3351 2832 3622 2900 quomodo

373 2909 575 2978 gnandi
608 2911 885 2980 specimen
916 2929 929 2965 :
966 2911 1147 2966 omnia
1180 2918 1362 2964 autem
1394 2908 1663 2963 horrenda
1708 2917 1765 2962 et
1794 2908 1955 2960 timor
2053 2917 2133 2962 tot
2160 2920 2349 2980 gentes
2397 2922 2452 2966 et
2495 2913 2823 2982 multiplices
2858 2918 3003 2987 (165)
3036 2934 3247 2973 morum
3290 2921 3621 2977 diderentias

372 3012 429 3055 et
470 3002 754 3065 confusio,
810 3014 866 3058 et
922 3004 973 3059 in
1038 3004 1214 3059 caades
1262 3017 1563 3057 concursus
1621 3001 1756 3055 citra
1823 3015 1952 3054 san-
2050 3010 2106 3053 et
2155 3004 2420 3056 mentium
2461 3004 2830 3062 dissensiones
2880 3011 2957 3062 tui
3005 3012 3273 3065 sermonis
3312 3013 3359 3065 vi
3408 3015 3620 3068 suavis-

373 3092 619 3161 guinem.
658 3093 806 3165 (145)
854 3092 933 3148 Tu
976 3094 1120 3149 enim
1172 3092 1322 3148 scisti
1381 3092 1463 3147 eis
1505 3100 1624 3145 cate
1668 3090 1953 3145 ostendere
2050 3093 2185 3148 sima
2213 3094 2540 3165 |impellente
2594 3114 2736 3165 non,
2802 3110 3055 3171 tanquam
3114 3104 3251 3157 alter
3298 3104 3618 3169 fabulosus,

368 3194 498 3239 ante
547 3184 930 3240 necessitatem
977 3185 1319 3239 necessitatis
1370 3183 1652 3245 terminos.
1691 3192 1751 3236 ut
1798 3181 1949 3250 quis-
2049 3186 2191 3240 feras
2234 3189 2301 3241 ad
2354 3197 2407 3243 te
2457 3190 2705 3253 traxisti.
2736 3193 2831 3247 sed
2877 3193 2931 3246 in
2964 3209 3126 3247 unam
3170 3197 3491 3250 sententiam
3541 3206 3620 3251 tot

366 3289 476 3343 que
513 3291 580 3330 ex
624 3277 776 3332 clade
806 3278 1025 3331 innoxia
1076 3290 1299 3331 sumens
1342 3275 1667 3330 documenta
1709 3272 1949 3329 securior
2044 3277 2349 3349 linguarum
2394 3281 2746 3338 confusiones
2778 3286 3138 3339 transtulisti?
3186 3286 3331 3357 (170)
3380 3288 3448 3341 At
3485 3290 3617 3357 quid

367 3376 637 3424 maneret.
673 3370 744 3423 At
772 3384 902 3424 vero
930 3369 995 3424 ad
1020 3367 1354 3424 recensenda
1383 3366 1591 3439 singula
1621 3376 1676 3421 et
1704 3366 1821 3420 illas
1857 3380 1949 3417 νει-
2042 3378 2188 3424 vetat
2224 3371 2447 3426 credere
2486 3373 2827 3428 sanctissimo
2870 3375 3069 3443 Spiritu
3102 3376 3261 3430 etiam
3309 3393 3456 3432 nunc
3483 3395 3617 3448 ope-

364 3459 479 3514 rias
547 3461 693 3529 (150)
759 3462 892 3516 artis
939 3462 1189 3517 militaris
1242 3461 1512 3515 motiones
1559 3459 1945 3515 describendas
2044 3469 2198 3516 rante
2227 3462 2281 3516 id
2324 3462 2561 3529 factum,
2598 3481 2708 3520 non
2759 3466 3001 3537 igniferis
3051 3468 3247 3539 linguis
3285 3470 3340 3523 in
3376 3470 3617 3541 singulos

376 3553 569 3608 deficit
598 3555 652 3607 in
677 3556 874 3624 pavido
902 3555 1034 3610 mihi
1066 3564 1320 3626 pectore,
1353 3555 1566 3609 animus
1597 3554 1799 3609 recenti
1827 3569 1944 3607 ser-
2040 3553 2337 3622 dispertitis
2372 3556 2676 3612 visibilibus
2696 3601 2709 3619 .
2742 3560 2835 3613 sed
2882 3560 3077 3631 linguae
3106 3571 3212 3617 ture
3240 3565 3493 3620 omnibus
3522 3581 3615 3620 ac-

366 3659 530 3698 mone
561 3646 904 3714 perterritus.
945 3648 1213 3701 Caeterum
1253 3647 1413 3702 sicuti
1445 3656 1740 3702 retrorsum
1783 3645 1933 3711 ﬂuit,

362 3753 486 3806 qua:
533 3738 713 3808 aliqua
763 3740 814 3793 vi
868 3750 1173 3795 antrorsum
1203 3739 1307 3795 fuit
1350 3740 1493 3795 unda
1543 3741 1792 3794 celeriter
1822 3740 1935 3810 |im-

363 3830 554 3898 pulsa,
591 3830 736 3899 (155)
787 3831 863 3886 sic
908 3832 983 3885 illi
1019 3833 1095 3885 tui
1144 3832 1415 3886 exercitus
1458 3830 1654 3886 ﬂuctus
1683 3847 1781 3901 pro
1813 3840 1932 3886 tuo—

362 3937 484 3975 rum
517 3923 898 3977 mandatorum
944 3923 1219 3977 celeritate
1251 3938 1310 3976 se
1352 3932 1632 3976 moventes
1671 3922 1829 3975 modo
1876 3922 1927 3975 in

2044 3648 2443 3702 commodatam
2500 3650 2726 3719 gratiam
2784 3650 2901 3721 ipso
2968 3654 3261 3709 instillante
3315 3658 3615 3727 eodemque

2044 3741 2281 3808 spiritu?
2322 3740 2468 3810 (175)
2513 3741 2601 3797 Sic
2632 3759 2821 3799 omnes
2850 3744 2943 3815 qui
2981 3756 3136 3801 erant
3170 3758 3327 3803 antea
3360 3750 3571 3805 desides
3594 3788 3611 3813 ,

2040 3832 2302 3885 continuo
2340 3873 2355 3897 ,
2422 3840 2475 3887 te
2527 3834 2664 3889 duce
2735 3844 2791 3889 et
2866 3838 3157 3906 magistro,
3224 3839 3459 3895 habuisti
3516 3856 3612 3910 pa-

2037 3930 2204 3976 ratos.

1646 4059 1882 4114 VARl/E
1931 4058 2341 4117 LECTIONES.

437 4180 529 4235 Ml
575 4182 745 4251 μεστά
773 4181 1057 4247 Quercius.
1134 4182 1236 4236 150
1266 4182 1611 4251 κινούργημα
1635 4181 1723 4236 ed.

1804 4181 1907 4235 165
1934 4182 2188 4251 διαφοραὶ
2208 4182 2248 4236 Ρ
2272 4192 2327 4238 et
2355 4184 2443 4238 ed.

2522 4184 2623 4239 166
2652 4183 2726 4256 τῷ
2758 4184 2845 4238 ed.

1873 4327 2081 4384 ΝΟΤᾸΞ

430 4441 553 4495 Ml.
586 4439 641 4493 Si
672 4440 977 4495 umbratilis
1003 4439 1119 4494 haec
1149 4438 1249 4493 fuit
1272 4455 1449 4509 pugna
1475 4448 1529 4493 et
1551 4454 1678 4493 vere
1710 4456 1935 4509 σκιομα-
1967 4446 2013 4501 D
2039 4441 2159 4509 ipso
2208 4440 2424 4495 ASliano
2456 4450 2510 4495 et
2550 4442 2731 4495 Leone
2762 4440 3012 4495 mandata
3040 4455 3071 4493 a
3108 4438 3337 4493 ducibus
3361 4437 3476 4490 dari
3516 4454 3606 4493 so-

357 4512 471 4582 χία,
500 4522 555 4564 et
589 4520 648 4564 ut
678 4528 801 4564 niox
836 4512 907 4564 ait
937 4521 1115 4582 poeta,
1166 4511 1287 4578 δίχα
1338 4511 1609 4582 αἱμάτων.
1649 4525 1745 4582 cur
1793 4515 1936 4582 pati

357 4580 567 4634 πολλῶν
612 4582 857 4649 αἱμάτων
912 4581 1109 4634 exserti
1140 4581 1299 4649 gladii
1336 4581 1697 4634 ostenduntur
1724 4580 1747 4631 ?
1778 4581 1937 4633 Certe

357 4653 446 4705 hic
477 4651 643 4706 cubat
694 4652 985 4704 mendum:
1019 4667 1140 4702 nam
1170 4661 1225 4704 et
1274 4666 1464 4703 versus
1494 4651 1609 4719 ipse
1648 4650 1932 4703 claudicat.

362 4722 566 4774 Forsan
602 4722 887 4789 legendum
944 4724 1135 4789 μεστά,
1175 4722 1329 4788 quasi
1361 4722 1504 4774 dicat
1532 4731 1732 4773 tantam
1767 4721 1935 4774 fuisse

358 4792 682 4845 irruentium
740 4792 844 4843 vim
883 4800 939 4844 ut
996 4792 1264 4844 videretur
1326 4791 1565 4859 undique
1600 4791 1817 4859 sanguis
1850 4790 1931 4844 ef-

356 4862 544 4924 ﬂuere,
579 4861 826 4929 quamvis
858 4860 1001 4913 nulla
1024 4861 1147 4914 inde
1174 4860 1347 4914 caedes
1376 4862 1664 4929 subsecuta
1695 4864 1784 4913 sit.

437 4932 555 4983 145.
583 4927 965 4999 Theophanes.
1016 4947 1071 4999 ι).
1099 4930 1205 4982 255
1241 4944 1253 4980 :
1293 4930 1401 4983 Καὶ
1452 4927 1518 4999 ἦν
1555 4931 1679 4982 ἰδεῖν
1707 4930 1933 4999 φρικτὸν

357 5001 537 5069 θέαμα
571 5004 729 5067 φόνου
783 5001 947 5069 χωρὶς
982 5004 1076 5053 καὶ
1120 5000 1386 5063 κινδύνου,
1430 5003 1525 5054 καὶ
1576 5002 1708 5070 πρὸς
1740 5003 1931 5068 φόνους

358 5073 637 5134 σύννευσις
682 5073 927 5140 αἱμάτων
956 5070 1096 5139 δίχα,
1137 5072 1230 5123 καὶ
1265 5072 1370 5140 πρὸ
1411 5072 1508 5139 τῆς
1540 5072 1784 5139 ἀνάγκης
1803 5073 1928 5133 τοὺς

354 5144 609 5209 τρόπους.
647 5143 791 5203 ὅπως
823 5142 1050 5203 ἕκαστος
1074 5144 1136 5192 ἐκ
1158 5141 1256 5209 τῆς
1280 5141 1557 5193 ἀκινδύνου
1590 5142 1802 5209 σφαγῆς
1832 5142 1927 5192 λα-

357 5215 468 5263 ϐὼν
493 5217 743 5281 ἀφορμὰς
777 5212 1177 5279 ἀσφαλέστερος
1213 5214 1380 5278 μένοι.

432 5284 553 5335 155.
598 5280 728 5347 Qua:
782 5282 985 5335 fuerint
1032 5296 1095 5333 ex
1152 5281 1351 5335 veteris
1399 5280 1697 5349 disciplinae
1725 5280 1922 5349 regulis

356 5353 612 5421 σχήματα
659 5363 714 5405 et
760 5356 1021 5421 κινήσεις.
1054 5352 1207 5418 juxta
1243 5367 1375 5419 quas
1402 5353 1561 5404 varia:
1593 5352 1926 5404 inunutatio-

356 5420 479 5482 nes.
509 5425 919 5482 conversiones,
942 5420 1284 5482 inﬂexioncs,
1307 5423 1742 5473 revolutioncset
1767 5424 1926 5473 resti-

360 5495 597 5545 tutiones
641 5493 841 5545 ﬁebant
886 5508 914 5543 a
948 5492 1230 5550 militibus,
1286 5501 1395 5543 uta
1448 5492 1633 5556 latere,
1668 5509 1694 5543 a
1724 5493 1923 5555 fronte,

354 5576 386 5612 a
416 5571 564 5633 tergo
596 5564 974 5633 ingruentium
1019 5564 1250 5633 hostium
1283 5561 1543 5633 impetum
1571 5562 1921 5633 sustinerent.

357 5632 559 5684 vidests
594 5632 647 5683 in
678 5631 875 5686 iEliani
930 5632 1229 5686 Onusandri
1287 5642 1339 5684 et
1374 5632 1571 5684 Leonis
1602 5631 1839 5689 Tucticis,
1871 5639 1925 5682 et

358 5699 412 5753 in
446 5700 660 5769 ltigaltii
706 5701 871 5755 Gloss.
921 5702 1064 5755 Tact.
1099 5702 1165 5756 ad
1201 5716 1385 5756 vocem
1422 5702 1696 5772 σχήματα,
1733 5701 1821 5770 qui
1855 5716 1922 5754 ex

2040 4512 2131 4566 lita
2180 4513 2438 4566 militibus
2467 4513 2863 4581 elegantissime
2894 4526 2958 4565 ex
2979 4512 3163 4563 Gncco
3191 4510 3368 4581 vertit.

2110 4582 2229 4636 160.
2264 4584 2306 4634 Τ
2309 4584 2460 4645 όνους
2496 4579 2895 4651 perspicuitatis
2918 4581 3101 4652 gratia
3126 4579 3415 4652 reddebam
3446 4579 3602 4639 aries,

2002 4651 2223 4706 "'ltalice
2255 4653 2301 4705 le
2333 4654 2456 4721 ﬁte:
2488 4649 2543 4705 at
2574 4649 2752 4721 poeta,
2778 4668 2898 4706 cum
2926 4649 3223 4704 exercitum
3256 4650 3419 4701 maris
3448 4651 3606 4721 undis

2038 4720 2429 4791 comparasSet,
2479 4720 2785 4792 allegoriam
2842 4730 3158 4792 persecutus
3201 4733 3295 4792 per
3348 4720 3605 4792 κυμάτων

2064 4789 2251 4855 τόνους
2282 4789 2665 4845 lluctuatioues
2694 4789 2961 4862 intelligit,
3000 4790 3178 4862 Italice
3210 4789 3256 4839 le
3285 4789 3496 4840 ondate.

2113 4864 2230 4915 H52.
2291 4863 2500 4931 Duplici
2560 4864 2769 4915 ratione
2820 4859 3317 4931 przescribebantu:
3353 4859 3601 4931 mandata

2034 4932 2321 4997 militibus,
2376 4926 2511 4987 voce
2559 4941 2616 4985 et
2660 4926 2836 4985 nutu:
2871 4933 2941 4983 Ita
2975 4930 3081 4983 Leo
3112 4931 3239 4997 imp.
3278 4926 3425 4979 Tact.
3458 4946 3502 4982 ε.
3538 4929 3600 4981 7;

2047 5002 2352 5065 Ἐθίζεσθαι
2386 5004 2441 5055 δὲ
2484 5003 2679 5065 αὐτοὺς
2707 5002 2823 5071 δέον
2854 5002 2987 5071 πρὸς
3017 5000 3209 5071 ταῦτα,
3236 5000 3382 5071 φωνῇ
3413 4999 3443 5067 ἢ
3483 5000 3602 5050 νεύ-

2036 5089 2165 5141 ματι
2196 5074 2281 5125 διὰ
2306 5075 2530 5142 σημείου
2574 5075 2715 5134 τινὸς
2742 5066 2852 5124 οἷον
2881 5066 3047 5123 κινεῖν
3070 5072 3160 5142 καὶ
3191 5066 3457 5121 ἰστασθαι.

2106 5145 2224 5197 165.
2260 5141 2509 5213 [ιτςίὲτειιι
2537 5142 2764 5213 διαφορά
2799 5143 2874 5213 vel
2900 5141 3179 5209 διαφοράς.

2109 5215 2205 5267 167
2259 5209 2459 5282 Supptc
2496 5209 2746 5282 Ὀρφεύς,
2812 5212 2879 5265 de
2934 5226 3040 5279 quo
3087 5209 3281 5265 sttnilia
3314 5209 3365 5262 in
3410 5209 3576 5261 Αὑατὶ

2035 5282 2146 5345 (ms,
2180 5302 2231 5335 v.
2285 5287 2403 5335 105.

2104 5354 2223 5408 170.
2286 5357 2395 5404 Art.
2436 5367 2488 5412 ll,
2543 5353 2614 5403 ὃς
2659 5352 2723 5401 Et
2764 5360 3127 5419 apparuerunt
3166 5350 3269 5401 illis
3316 5348 3600 5419 dispertita:

2032 5422 2242 5493 linguas,
2293 5434 2543 5489 tutu/itam
2602 5421 2757 5488 ignis,
2804 5424 3035 5490 seditque
3066 5418 3474 5493 sitpra_siitgzttos
3511 5436 3597 5469 eo-

2032 5488 2169 5545 rum.
2205 5495 2353 5561 Sicpc
2388 5488 2650 5544 cxscsttiat
2674 5503 2831 5558 poeta
2865 5508 2923 5555 in,
2943 5488 3191 5544 laudibus
3222 5488 3478 5551 lleraclii,
3507 5503 3573 5539 cu

2024 5562 2506 5633 juseloquentiam
2546 5565 2746 5630 passim
2780 5562 3140 5633 commendat.

2102 5634 2220 5687 178.
2260 5632 2387 5685 Vide
2414 5648 2621 5686 acroas.
2646 5649 2683 5698 1,
2716 5633 2783 5687 -16
2812 5642 2863 5687 et
2896 5631 3015 5686 I27.
