4126 6282
280 318 423 388 1235

429 432 614 501 Ἀγων
649 428 746 483 σὺν
772 425 943 498 αὐτῷ,
978 424 1073 478 καὶ
1101 424 1452 493 περισκοπῶν
1491 423 1641 487 ὅπως

281 523 395 578 220
429 523 623 577 Λαθὼν
652 519 870 574 ἐπέλθοι
900 517 977 588 τῷ
1022 514 1238 586 στρατῷ
1269 533 1362 568 σου
1394 515 1529 585 πρὸς
1567 513 1791 584 βλάϐην.

428 616 575 684 Πλὴν
607 613 682 675 ὡς
720 612 981 681 ἀπλήστῳ
1013 607 1319 679 συμμαχῶν
1350 607 1654 677 στρατηγίᾳ

426 703 637 771 κλέψαι
668 700 902 770 θελήσας
931 697 1093 760 αὐτὸς
1134 696 1547 757 ἁντεκλέπτετο,

427 791 534 843 Καὶ
567 791 678 851 τοῖς
710 788 835 840 ποσί
862 803 955 839 σου
983 788 1093 849 τοῖς
1120 784 1461 856 πανημέροις
1492 783 1656 853 τάχος

428 881 533 932 Τὸν
575 880 704 950 πρὶν
731 876 1036 948 στρατηγὸν
1070 876 1348 944 εἰσάγουσι
1379 874 1618 943 δέσμιον.

281 973 392 1029 29.5
441 971 529 1033 Ὠς
566 971 623 1022 δὲ
654 968 940 1039 προσήχθη
969 967 1048 1037 τῷ
1076 967 1265 1037 κράτει
1300 983 1417 1028 σου,
1446 966 1699 1032 δέσποτα,

440 1062 499 1115 Ὀ
532 1062 633 1130 τὴν
674 1059 1107 1113 πολυστένακτον
1140 1059 1519 1127 αἰχμαλωσίαν

429 1153 626 1207 Λαϐὼν
655 1155 865 1214 ἐκεῖνος
904 1153 983 1214 είς
1015 1150 1186 1222 νομὴν
1216 1150 1528 1218 ἐλευθέραν,

441 1244 500 1297 '0
531 1245 872 1314 δυστυχήσας
907 1242 1174 1311 εὐτυχῶς,
1201 1242 1250 1293 εί
1290 1242 1370 1293 δεῖ
1403 1241 1583 1309 λέγειν

430 1335 543 1406 (Σοὶ
570 1334 677 1405 γὰρ
716 1332 1032 1404 προσελθὼν
1071 1331 1388 1401 ἀνταμείεει
1419 1333 1519 1402 τὴν
1545 1332 1764 1405 τύχην),

284 1429 392 1485 250
442 1427 653 1480 Ῥίπτει
678 1426 747 1479 τὰ
772 1425 968 1495 δεσμὰ,
1000 1425 1099 1485 τὰς
1128 1424 1183 1476 δὲ
1215 1424 1500 1494 συμφορὰς
1541 1424 1668 1488 ὅλας

435 1518 738 1587 Ἐστρεψεν
765 1516 927 1577 εὐθὺς
954 1516 1033 1578 εἰς
1068 1514 1242 1585 χαρὰν
1280 1513 1658 1583 μεθαρμόσας.

433 1610 639 1664 Hom“)
665 1610 720 1662 δὲ
749 1609 941 1662 θᾶττον
977 1607 1075 1677 τὴν
1114 1596 1411 1676 ἐναλλαγὴν
1447 1605 1662 1676 βλέπων

1244 316 1340 377 DE
1368 313 1886 376 EXPEDITIONE
1925 313 2244 375 PERSICA
2275 314 2442 374 ΑΕΒ.
2482 314 2565 374 ΙΙ.

1896 429 1943 484 Α

2126 420 2519 491 Ἀντιστροφὴν
2552 421 2734 490 ἔκρινε
2763 421 2864 492 τὴν
2901 423 3195 493 σωτηρίαν,

2108 512 2277 567 Πάλιν
2309 515 2636 584 στρατηγεῖν
2670 512 2898 576 ἐλπίσας
2925 515 2953 565 ὁ
2988 514 3229 584 δέσμιος.

1965 603 2074 659 255
2110 602 2299 667 Οὕτως
2325 604 2354 656 ὁ
2388 603 2511 667 νοῦς
2541 620 2636 655 σου
2674 602 2934 666 ποικίλως
2966 604 3269 669 ὁπλίζεται.

2107 695 2219 750 Καὶ
2250 698 2362 759 τοῖς
2394 694 2674 765 λογισμοῖς
2705 694 2966 759 πολλάκις
3004 694 3384 766 στρατεύεται,

2107 788 2286 841 Φειδοῖ
2310 787 2368 839 δὲ
2401 787 2603 858 μᾶλλον
2629 786 2663 856 ἢ
2694 786 2837 855 ξίφει
2867 786 3230 857 κεχρημένος,

2107 876 2218 930 Καὶ
2249 876 2376 940 τοὺς
2401 877 2668 939 ἀπίστους
2697 876 3018 948 Βαρϐάρους
3054 876 3364 947 ἐφέλκεται.

2180 970 2288 1022 Καὶ
2314 968 2490 1022 ταῦτα
2522 968 2621 1038 μέν
2653 984 2736 1020 σοι
2762 967 3062 1037 ’σωφρόνως
3090 967 3413 1040 ἐπράττετο,

1966 1061 2072 1117 240
2111 1060 2202 1131 Τῷ
2237 1061 2293 1114 δὲ
2324 1060 2616 1131 στρατηγῷ
2647 1063 2744 1131 τῆς
2772 1060 2982 1130 πλάνης
3008 1060 3288 1126 τάναντία,

2118 1152 2215 1216 ⁸ος
2241 1152 2401 1223 ἔργον
2428 1150 2575 1223 εἶχεν
2605 1154 2851 1225 ὀργάνων
2876 1152 2970 1206 καὶ
3001 1152 3299 1223 κυμϐάλων

2120 1246 2392 1313 ’Δσεμνον
2424 1241 2557 1315 ἦχον
2584 1246 2676 1297 καὶ
2705 1244 2979 1313 γυναικῶν
3003 1244 3252 1297 ἐκτόπων

2122 1337 2386 1407 Ὀρχησιν
2418 1338 2497 1399 είς
2524 1334 2805 1405 γύμνωσιν
2834 1335 3221 1406 ἠρεθισμένην.

2117 1428 2190 1480 Σὺ
2220 1427 2299 1490 δὲ,
2335 1427 2609 1497 στρατηγὲ
2642 1426 2743 1495 τῆς
2772 1430 2942 1495 σοφῆς
2971 1425 3301 1491 πανοπλίας,

1973 1519 2095 1574 245
2115 1520 2367 1589 Ψαλμοῖς
2397 1520 2627 1590 ὲτέρπου
2657 1521 2935 1590 μυστικῶν
2966 1519 3024 1585 ἐξ
3049 1519 3317 1590 ὀργάνων,

2118 1610 2222 1663 Τὸν
2249 1609 2390 1662 θεῖον
2420 1605 2552 1681 ἦχον
2588 1610 2817 1673 ἐντιθεὶς
2840 1613 2904 1683 τῇ
2938 1610 3158 1682 καρδίᾳ,

288 1804 422 1843 vero
467 1786 718 1857 plurimis
768 1783 1151 1853 praetermissis
1186 1780 1475 1851 suscipiam
1525 1796 1591 1835 ex
1632 1798 1741 1838 uno
1790 1782 1867 1838 si-
1900 1794 1943 1850 Β
1974 1784 2141 1840 trario
2170 1785 2448 1840 transtulit
2478 1785 2531 1838 in
2570 1785 2853 1856 gaudium,
2895 1786 3131 1840 Tantum
3169 1801 3301 1841 vero
3335 1793 3564 1856 repente

289 1878 406 1933 niui
452 1892 642 1931 omnes
670 1875 1002 1930 describere.

358 1968 609 2024 Occurrit
632 1966 851 2035 quidam
876 1963 1163 2035 praefectus
1182 1978 1247 2017 ex
1274 1964 1471 2021 illustri
1508 1979 1725 2037 genere,
1756 1974 1873 2020 tur-

289 2062 414 2118 bam
434 2062 827 2114 Saracenorum
850 2057 1079 2111 multum
1098 2057 1473 2126 capillatorum
1492 2059 1770 2114 adducens
1790 2072 1878 2113 se-

292 2169 443 2215 cum,
470 2162 525 2206 et
546 2153 751 2205 circum
785 2149 1074 2219 explorans
1099 2151 1372 2218 quomodo
1400 2148 1546 2221 (220)
1571 2150 1706 2205 clam
1727 2149 1883 2207 inva-

292 2246 429 2299 dens
473 2253 623 2297 tuum
669 2241 930 2312 atiiigeret
969 2241 1294 2308 exercitum;
1350 2242 1455 2299 nisi
1503 2242 1649 2313 quod
1690 2240 1881 2295 insana

196 2331 201 2333 ⁴
292 2335 531 2389 militans
560 2332 805 2396 licentia,
836 2330 1023 2385 volens
1063 2330 1482 2397 circumvenire,
1521 2334 1639 2402 ipse
1669 2341 1752 2387 est
1777 2332 1885 2385 cir-

292 2434 640 2480 cuntventus.
666 2424 776 2478 Nec
806 2438 977 2487 mora,
1021 2432 1144 2477 tuos
1163 2424 1229 2478 ad
1254 2424 1699 2496 vigilantissimos
1724 2425 1890 2494 pedes

294 2534 359 2571 ex
388 2518 531 2571 duce
573 2517 819 2586 captivus
844 2516 1019 2570 factus
1066 2517 1375 2572 adducitur.
1418 2517 1566 2590 (225)
1596 2516 1663 2573 Ut
1704 2527 1886 2572 autem

293 2612 444 2664 stetit
498 2619 624 2662 ante
654 2617 798 2662 tuam
851 2609 1227 2677 maiestatem,
1278 2610 1540 2680 despota,
1582 2625 1684 2680 pro
1727 2609 1886 2665 valde

294 2702 629 2773 laerymabili
679 2701 993 2771 captivitate
1047 2701 1323 2770 accipiens
1368 2701 1458 2756 ille
1505 2701 1877 2756 conditionem

294 2794 525 2848 liberam
557 2833 571 2857 ,
623 2809 752 2848 vere
806 2791 989 2846 infelix
1036 2791 1287 2856 feliciter,
1341 2792 1385 2848 si
1438 2793 1522 2848 fas
1575 2802 1660 2848 est
1698 2792 1880 2849 dicere

298 2887 388 2957 (ad
448 2897 501 2940 te
549 2886 694 2941 enim
730 2886 1027 2940 accedens
1091 2896 1362 2955 permutat
1417 2889 1642 2956 sortem)
1695 2886 1882 2957 (250),

298 2979 519 3048 projieit
546 2976 755 3045 vincla,
788 2985 843 3032 et
871 2977 1207 3032 calamitates
1247 2992 1438 3033 omnes
1482 2977 1664 3033 statim
1692 2993 1723 3033 e
1754 2992 1887 3032 cou-

1980 1876 2341 1929 mutationem
2372 1875 2563 1930 videns
2598 1876 2965 1930 calamitatem
3000 1886 3152 1931 ratus
3180 1885 3266 1932 est
3311 1875 3412 1931 sibi
3444 1891 3565 1933 esse

1988 1965 2184 2032 saluti,
2239 1967 2437 2022 iterum
2466 1981 2499 2021 e
2536 1967 2753 2037 captivo
2799 1982 3027 2038 sperans
3076 1983 3136 2023 se
3177 1969 3371 2022 ducem
3413 1965 3566 2023 futu-

1984 2073 2132 2112 rum.
2184 2058 2336 2130 (235)
2374 2056 2466 2113 Sic
2512 2066 2605 2113 tua
2645 2074 2801 2113 mens
2831 2060 2995 2114 variis
3042 2059 3208 2113 armis
3254 2057 3564 2124 instruitur,

1984 2158 2041 2205 et
2070 2149 2217 2204 varia
2258 2165 2403 2220 saepe
2449 2150 2791 2220 providentia
2845 2151 3073 2215 militat;
3103 2159 3160 2204 et
3190 2149 3351 2204 venia
3396 2148 3568 2206 satius

1987 2241 2195 2297 ducens
2229 2241 2307 2297 uti
2358 2257 2521 2313 quam
2569 2242 2749 2308 ferro,
2791 2242 2955 2296 etiam
3008 2240 3272 2296 barbaros
3318 2236 3568 2296 infideles

1984 2333 2169 2389 allicit.

2052 2424 2229 2494 Atque
2275 2423 2394 2479 haec
2440 2423 2659 2493 quidem
2704 2438 2735 2477 a
2782 2433 2836 2478 te
2886 2423 3163 2492 sapienter
3206 2419 3568 2493 gerebantur,

1985 2515 2131 2586 (240)
2181 2516 2369 2570 aduce
2408 2530 2537 2571 vero
2581 2515 2782 2569 erroris
2810 2514 3131 2584 insipienter
3175 2512 3379 2567 omnia.
3410 2511 3570 2567 Circa

1985 2608 2137 2662 illum
2160 2608 2305 2661 varia
2333 2607 2693 2661 instrumenta
2723 2614 2779 2660 et
2805 2605 3047 2675 cymbala
3070 2604 3387 2675 strepebant
3412 2603 3568 2659 inde-

1985 2709 2192 2761 center,
2237 2707 2292 2753 et
2366 2698 2584 2752 femina:
2635 2697 2918 2767 impudica:
2963 2695 3233 2751 saltabant
3277 2694 3571 2751 incitantes

1987 2792 2231 2847 nuditate
2280 2791 2348 2845 ad
2406 2792 2602 2861 turpia.
2638 2790 2717 2844 Tu
2746 2804 2895 2855 vero,
2924 2789 3033 2844 dux
3076 2788 3375 2843 instructus
3404 2784 3572 2840 armis

1992 2882 2294 2954 sapientiae,
2330 2882 2476 2954 (245)
2510 2881 2864 2939 delectabaris
2912 2880 3136 2951 psalmis
3184 2875 3406 2935 musicis
3446 2890 3572 2930 cum

1994 2974 2233 3047 organis,
2260 2964 2504 3030 divinum
2532 2974 2767 3030 sonitum
2786 2972 3030 3028 excitans
3057 2970 3115 3026 in
3143 2969 3327 3026 corde.
3352 2966 3574 3024 Circum

1602 3131 1841 3188 VARUS
1892 3132 2183 3189 LECTION
2193 3132 2291 3187 ES.

372 3294 480 3350 ΞΞΟ
508 3242 724 3349 ὲπέλθὲι
756 3294 819 3350 Ρ.
892 3295 998 3352 245
1033 3296 1307 3365 μουσικῶν
1337 3296 1423 3353 ed.

1822 3358 2051 3419 NOTAE.

305 3463 511 3517 factum
566 3469 627 3514 ut
677 3460 921 3515 historici
958 3460 1280 3516 tradiderint
1330 3475 1426 3515 eos
1470 3460 1698 3516 iieraciii
1745 3473 1890 3514 anno
1916 3462 1962 3520 c
2067 3453 2192 3507 τοι.
2235 3451 2309 3505 De
2342 3450 2631 3506 clementia
2668 3447 2897 3504 lieraclii
2929 3448 2982 3501 in
3028 3446 3222 3501 ducem
3272 3445 3579 3503 Saraceno-

308 3536 377 3588 Η
435 3531 670 3602 primum
747 3547 809 3586 ex
857 3532 1057 3586 Arabia
1118 3532 1174 3585 in
1240 3529 1608 3587 Romanorum
1663 3532 1888 3585 exitium

309 3601 578 3672 erupisse.
644 3601 915 3672 Ἐξῆλθον,
969 3602 1047 3655 ait
1101 3602 1496 3657 Constantinus
1556 3603 1887 3672 Porphyrog.

310 3674 387 3727 De
416 3672 714 3745 administr.
739 3675 868 3742 imp.
891 3681 1029 3745 part.
1056 3687 1189 3745 ll,_e.
1227 3672 1314 3745 16,
1343 3671 1894 3745 οίΔΣαρακηνοῖμηνὶ

310 3741 671 3814 Σεπτεμϐρίῳ
706 3741 863 3813 τρίτῃ
902 3741 1528 3814 ἰνδικτιῶνᾉος-δεγριτης
1564 3741 1647 3806 εἰς’
1687 3741 1892 3814 τὺλδω-

312 3810 545 3865 δέκατον
583 3810 699 3883 ἔτος
744 3810 1095 3883 Ἡρακλείου.
1150 3812 1220 3865 At
1248 3810 1428 3865 Pisida
1457 3810 1587 3867 satis
1612 3813 1894 3882 perspicue

315 3899 419 3939 nos
441 3883 631 3936 edocet
660 3882 869 3949 jamdiu
890 3898 919 3936 e
945 3883 1057 3937 suis
1089 3882 1289 3936 finibus
1318 3897 1564 3952 egressos
1594 3887 1895 3936 Saracenos

315 3954 577 4007 Romanis
658 3953 826 4007 fuisse
895 3953 1242 4007 detrimento.
1313 3952 1499 4021 Nuper
1577 3953 1722 4006 enim
1794 3965 1894 4003 au-

312 4026 551 4077 divimus
577 4021 848 4076 dicentem
887 4024 979 4075 καὶ
1020 4023 1282 4083 πολλάκις
1314 4022 1593 4090 βλάψαντα
1621 4024 1723 4091 τὴν
1750 4037 1896 4088 παρ-

313 4094 514 4145 οικίαν.
550 4091 711 4145 Juvat
738 4093 900 4146 etiam
930 4108 994 4145 ex
1020 4094 1212 4147 eodem
1253 4091 1429 4146 Pisida
1450 4092 1741 4146 observare
1769 4105 1894 4159 per:

316 4178 501 4232 peram
532 4162 858 4225 Saracenos,
906 4162 998 4232 qui
1044 4178 1109 4216 ex
1135 4161 1351 4225 Arabia,
1402 4178 1526 4216 cum
1556 4158 1785 4232 Turcis,’
1805 4158 1897 4232 qui

304 4229 379 4302 ex
426 4231 646 4302 Scythia
703 4229 940 4301 profecti
978 4241 1124 4297 sunt,
1169 4248 1199 4286 a
1254 4232 1577 4300 quibusdam
1613 4229 1896 4302 confundi.

316 4301 571 4355 Nondum
602 4302 770 4373 enim,
796 4317 937 4373 cum
969 4304 1205 4372 primum
1258 4302 1543 4356 Heraclius
1564 4304 1649 4373 fail
1696 4301 1899 4355 Ciliciae

317 4374 470 4442 pylas
502 4374 652 4427 venit
676 4370 1035 4426 dimicaturus
1083 4387 1204 4426 cum
1255 4373 1518 4426 Chosroa.
1561 4372 1751 4442 Turcae
1775 4386 1898 4423 cum

320 4441 612 4496 baracenis
635 4443 813 4497 fmdns
841 4442 1111 4507 inierant;
1142 4443 1285 4509 quod
1316 4457 1448 4496 sane
1480 4441 1727 4509 contigit,
1755 4448 1901 4508 post-

317 4512 961 4595 quam-idemiteraclius
992 4512 1291 4595 Tu‘rearum
1317 4526 1423 4595 ope
1460 4513 1678 4592 adjutus
1702 4525 1901 4595 secun-

318 4585 390 4635 do
417 4582 563 4635 bello
610 4584 910 4635 (litosroatn
955 4582 1278 4651 proﬂigavit.
1331 4580 1487 4637 Tunc
1533 4581 1680 4635 enim
1713 4580 1904 4633 Ture-te

318 4652 614 4706 alacriores
668 4652 794 4705 facti
827 4661 881 4705 et
928 4652 1039 4706 suis
1070 4654 1230 4705 rebus
1273 4651 1501 4706 ﬁdentes
1537 4651 1678 4704 ultra
1706 4664 1904 4719 perva-

319 4724 427 4789 gati
461 4722 515 4773 in
553 4721 763 4791 Syriam
792 4736 964 4791 usque
998 4729 1385 4789 pervenerunt,
1414 4732 1486 4791 et
1516 4719 1807 4775 Saracenis
1835 4719 1905 4773 ab

322 4792 578 4884 Heraclio
599 4790 830 4884 divulsis
863 4800 919 4844 et
952 4790 1011 4869 in
1036 4791 1195 4843 tidem
1224 4790 1474 4884 receptis,
1510 4791 1670 4884 simul
1710 4804 1901 4843 omnes
1935 4830 1977 4884 Β

321 4861 631 4916 Mohameto
659 4861 798 4915 duce
826 4860 1203 4929 conspirantes
1222 4860 1406 4913 Asiam
1441 4870 1496 4913 et
1535 4861 1903 4929 AfricatnApe-

322 4946 395 4985 ne
434 4930 907 5055 totamiz’naximis
952 4927 1347 4984 ealauiitatibus
1400 4930 1727 4983 afﬂixerunt.
1776 4927 1909 4983 Vide

324 5018 493 5055 sunra
530 5018 579 5054 ν.
692 5039 705 5052 .

324 5018 493 5071 supra
530 5018 579 5054 ν.
619 5018 705 5055 ιυ.

397 5093 525 5146 220.
552 5091 718 5145 Recte
744 5089 1139 5144 Saracenorum
1167 5097 1418 5142 naturam
1448 5088 1684 5159 attingit,
1709 5087 1798 5157 qui
1824 5103 1911 5157 po-

325 5162 703 5232 putationibus
728 5162 922 5232 intenti
935 5169 1000 5232 et
1011 5159 1305 5232 λῃστρικόν
1320 5159 1443 5212 vitae
1461 5174 1632 5232 genus
1647 5159 1912 5232 ducentes

326 5228 442 5286 iton
469 5247 537 5285 ex
570 5231 785 5284 militari
810 5228 1098 5299 disciplina
1128 5228 1338 5283 hostem
1362 5228 1601 5300 aggredi,
1630 5229 1724 5300 sed
1748 5229 1913 5281 latro-

328 5318 463 5356 num
492 5303 661 5356 instar
679 5298 988 5355 clanculum
1015 5300 1277 5369 irrepere,
1305 5308 1361 5353 et
1397 5298 1661 5367 prada,si
1682 5298 1905 5369 liceret,

330 5372 477 5425 facta
506 5387 565 5426 se
600 5371 843 5439 recipere
873 5365 1301 5439 consueverunt.
1336 5365 1640 5423 Bochartus
1662 5368 1734 5439 fin
1764 5365 1911 5420 Plia-

330 5442 438 5524 ίςξρἶ
498 5441 593 5495 lib.
653 5438 729 5524 tt,
769 5440 927 5524 (23-2,
986 5438 1288 5524 Saracenos
1338 5456 1366 5493 a
1424 5438 1725 5524 latroiiiciis
1790 5452 1912 5524 esse

280 5566 293 5573 ,
332 5507 525 5635 ἔωθε,
570 5510 883 5590 contendit,
939 5511 1068 5579 quia
1123 5510 1351 5564 Arabica
1404 5524 1507 5564 vox
1558 5507 1771 5563 Saraka
1830 5516 1914 5562 est

394 5592 671 5635 trocmari.

394 5592 671 5636 trocmart.

401 5695 530 5750 222.
559 5694 623 5749 In
644 5710 813 5765 poem.
852 5693 914 5746 de
952 5702 1226 5765 resurrecti.
1258 5710 1375 5759 vnt,
1435 5692 1521 5757 58,
1565 5690 1636 5765 ita
1691 5691 1757 5744 de
1790 5690 1906 5745 dia--

340 5765 505 5821 bolo:
540 5762 753 5833 κλέψας
773 5765 834 5816 τὸ
866 5765 1081 5834 πρῶτον
1111 5764 1373 5834 μειζόνως
1413 5762 1751 5831 ἀντεκλάπη.

547 5857 821 5919 Parnm.
854 5857 1195 5937 GmXCll.

1994 3540 2118 3580 rum
2147 3521 2281 3575 nihil
2314 3522 2367 3574 in
2407 3520 2761 3588 Theophane.

2062 3594 2186 3648 258.
2221 3592 2401 3644 lnnuit
2433 3585 2765 3659 benignitate
2793 3586 3020 3641 lleraclii
3053 3585 3257 3642 factum
3287 3595 3346 3641 ut
3378 3588 3578 3658 aliquis

1992 3666 2389 3720 Saracenorum
2438 3661 2545 3713 dux
2592 3661 2639 3713 ei
2670 3674 2729 3713 se
2772 3659 3124 3728 adiungeret;
3185 3659 3329 3727 quod
3363 3660 3581 3714 videtur

1994 3734 2319 3790 coutirmare
2367 3730 2751 3799 Theophanes,
2809 3745 2861 3798 p.
2912 3729 3037 3799 257.
3082 3729 3270 3799 dicens
3312 3730 3577 3797 quosdam

1997 3806 2299 3860 Saracenos
2316 3801 2383 3854 ad
2409 3797 2677 3855 Gazaeum
2696 3800 2798 3854 sub
2813 3797 3072 3854 Heraclio
3094 3797 3389 3853 militantes
3434 3798 3582 3855 Chor

1995 3890 2171 3931 sroam
2200 3873 2442 3942 fregisse.

2064 3945 2189 3996 2H.
2220 3937 2356 3993 Cum
2415 3939 2671 4007 utrinque
2724 3939 2895 4008 parati
2945 3946 3134 4009 essent
3197 3937 3264 3990 ad
3316 3953 3577 4009 pugnam,

1993 4015 2176 4069 Persae
2214 4012 2399 4064 lunam
2436 4019 2490 4062 et
2513 4010 2706 4069 solem,
2748 4009 2976 4063 iioruani
3002 4008 3173 4062 Deum
3216 4008 3464 4063 adorant.
3498 4010 3580 4064 Ex

1997 4081 2249 4138 militari.
2272 4080 2556 4149 disciplina
2601 4078 2801 4149 milites
2823 4118 2838 4143 ,
2859 4086 3181 4149 _antequam
3230 4078 3574 4146 dimicarent,

1997 4154 2170 4208 sacris
2219 4146 2611 4219 operabantur.
2668 4148 2803 4219 Yide
2857 4147 3094 4219 Leonem
3157 4146 3289 4219 imp.
3341 4163 3392 4201 c.
3426 4151 3573 4219 7M:

1997 4223 2077 4277 De
2129 4222 2215 4286 iis,
2255 4216 2385 4290 qua:
2436 4220 2520 4290 die
2580 4216 2724 4290 belli
2757 4218 2960 4288 agenda
3003 4226 3144 4290 sunt,
3183 4218 3364 4290 ἔργον
3412 4218 3574 4290 ὀργά.

1998 4311 2104 4346 νων
2162 4286 2604 4359 καὶίκυμὸἁλων
2635 4357 2645 4359 ᾼ
2676 4286 2840 4359 idem
2886 4300 2951 4340 ac
3007 4286 3216 4359 ὄργανα
3284 4287 3395 4359 καί
3431 4286 3575 4359 κύμ-

1999 4364 2158 4417 ϐαλα.
2186 4356 2743 4413 Animadvertendum
2790 4356 2879 4410 hic
2907 4365 2963 4409 et
2992 4357 3117 4409 alibi
3162 4356 3304 4424 apud
3342 4356 3577 4411 Pisidam

2000 4431 2247 4504 cymbala
2293 4439 2349 4504 et
2394 4440 2648 4500 tympana
2683 4427 3158 4504 rejiciAtanquam
3198 4426 3578 4504 instrumenta

2000 4495 2250 4574 profana.
2284 4495 2462 4574 Quare
2508 4495 3094 4574 cumhin’defiuienda
3142 4496 3330 4549 talium
3374 4495 3578 4574 instrui:-

2001 4566 2314 4628 iuentorum
2350 4570 2523 4624 forma
2554 4577 2610 4622 et
2637 4567 2954 4622 diversitate
2994 4566 3313 4635 discrepent
3355 4566 3578 4631 eruditi,

2002 4643 2256 4697 standum
2282 4640 2371 4694 hic
2400 4637 2623 4692 omnino
2649 4635 2957 4691 auctoritati
2990 4634 3193 4697 Suidze,
3221 4635 3313 4704 qui
3347 4636 3422 4690 ita
3468 4646 3578 4690 sta-

2002 4713 2125 4776 tuit,
2162 4710 2418 4780 κύμϐαλα
2445 4707 2715 4780 θυμελικὰ
2747 4707 2992 4780 παίγνια.

2072 4773 2196 4836 212.
2238 4773 2327 4834 Ἀθ
2375 4773 2781 4849 spurcissimam
2824 4773 3105 4849 Persarum
3159 4773 3581 4849 libidinemude-

2007 4845 2420 4906 monstrandani
2456 4856 2702 4903 veterum
2750 4846 3058 4918 testimonia
3097 4845 3336 4918 undique
3369 4846 3581 4918 collegit

2004 4922 2334 4983 Brissonius,
2368 4919 2441 4971 De
2471 4934 2627 4987 regno
2667 4918 2819 4971 Pera.
2875 4915 2968 4968 lib.
3008 4929 3068 4978 tt,
3122 4930 3176 4985 p.
3213 4915 3339 4980 295,
3383 4915 3583 4986 nempe

2004 4992 2078 5046 illi
2106 4992 2257 5061 quasi
2290 4989 2619 5043 mulierculis
2645 5002 2848 5061 carere
2867 4987 3182 5061 neutiquam
3216 4996 3462 5061 possent,
3492 5002 3584 5043 eas

2004 5055 2314 5115 non-modo
2358 5060 2423 5113 ad
2476 5058 2780 5112 canendum
2838 5056 2890 5108 in
2935 5055 3198 5108 conviviis
3227 5056 3582 5120 adhibebant,

2006 5148 2195 5186 verum
2250 5131 2411 5184 etiam
2485 5130 2537 5181 in
2599 5125 2923 5180 militaribus
2991 5124 3433 5194 expeditionibus
3485 5126 3585 5180 de-

2006 5202 2296 5256 ducebant.
2388 5198 2584 5250 Earum
2655 5208 2833 5249 autem
2914 5196 3059 5249 varia
3134 5204 3293 5249 erant
3368 5196 3583 5260 munia,

2010 5272 2105 5326 sed
2160 5268 2341 5324 omnia
2394 5268 2594 5335 turpia.
2639 5267 2997 5320 Celebrantur
3041 5265 3189 5335 enim
3231 5265 3583 5335 μουσουργοὶ,

2006 5340 2346 5411 αὐλητρίδες,
2379 5334 2658 5411 estigitur,
2711 5336 3103 5411 κιθαρίστριαι,
3148 5334 3347 5411 (iterata!
3371 5376 3390 5411 ,_
3416 5334 3586 5411 ὀρχῃτ

2010 5403 2337 5481 στρικαίναρ
2372 5403 2571 5475 quibus
2599 5407 2753 5481 plura
2802 5403 2857 5458 in
2902 5403 3457 5481 laudato_Brissonio._
3504 5403 3585 5481 Ad

2010 5472 2122 5535 rein
2146 5480 2276 5533 illud
2305 5472 2510 5531 tantum
2563 5472 2776 5540 addam,
2808 5476 2952 5544 quod
3000 5491 3068 5530 ex
3118 5474 3490 5529 Parmenionis
3519 5472 3587 5526 ad

2013 5550 2378 5605 Alexandrum
2415 5547 2641 5615 epistola
2693 5547 2859 5600 refert
2882 5547 3196 5610 Athenaeus,
3240 5545 3381 5597 inter
3412 5544 3587 5615 impe-

2013 5622 2251 5676 dimenta
2283 5616 2420 5670 Darii
2451 5613 2696 5684 repertas
2712 5631 2831 5670 esse
2856 5616 3191 5677 παλλακίδας
3216 5613 3589 5684 μουσουργοὺς

2012 5690 2107 5743 τοῦ
2137 5689 2397 5757 βασιλέως
2422 5686 2737 5755 τρῖακοσίας
2772 5687 2944 5738 εἴκοσι
2985 5686 3161 5757 ἐννέα.

2081 5752 2204 5814 Ξίῐὸ.
2236 5752 2468 5828 Organa
2510 5759 2734 5825 musica,
2769 5757 2965 5826 quibus
3010 5755 3239 5809 canebat
3284 5752 3585 5820 Hcraeiius,

3271 5843 3343 5905 39
