4126 6282
455 429 818 500 Ἀντιστρόφῳ
846 427 1087 500 παρῆλθε
1119 427 1305 498 Θηρέον
1337 429 1541 500 δρόμῳ,

297 524 405 578 9.50
440 522 563 577 Οὐδ’
591 521 749 582 ἄλλος
777 521 975 582 ἵππους
1004 520 1236 591 ἡνιοχῶν
1268 522 1366 583 τὰς
1388 522 1546 591 ἡνίας

441 612 618 678 Λοξὰς
643 609 964 677 προδεικνὺς
992 609 1158 676 ὀξέως
1196 610 1554 680 παρέρχεται.

452 702 538 764 Ὣς
567 703 631 756 σὺ
659 702 938 772 κρατήσας
961 700 1055 754 τοῦ
1087 701 1318 771 στρατοῦ
1345 703 1441 766 τὰς
1465 703 1621 773 ἡνίας

447 793 793 864 Ὑποτρέχων
822 792 1096 864 παρῆλθες
1128 793 1188 858 ἐξ
1215 794 1590 866 ἀντιστρόφου,

439 887 548 939 Καὶ
579 887 666 938 τὸν
700 885 1024 957 παραϐάτην
1050 884 1228 956 βαλὼν
1263 887 1498 958 πλασμῷ
1532 888 1665 958 ξένῳ

295 979 406 1032 28.5
447 978 557 1050 Πρὸ
580 978 677 1046 τῆς
709 979 890 1048 μάχης
920 977 1138 1046 ἀφῆκας
1170 978 1249 1040 εἰς
1280 979 1621 1050 ἀντιστάδην.

443 1068 650 1138 Ἐκτης
685 1068 742 1122 δὲ
766 1068 952 1122 λοιπὸν
979 1067 1360 1138 ὲκδραμούσης
1385 1071 1616 1140 ἡμέρας,

442 1162 522 1214 Τὰ
543 1162 652 1214 τῶν
679 1162 874 1216 ἑαυτοῦ
903 1161 1196 1232 συμφορῶν
1225 1160 1520 1231 μηνύματα

454 1252 896 1325 Ἀπροσδοκήτων
919 1249 1064 1324 εἶχεν
1093 1253 1152 1318 ἐξ
1186 1255 1566 1324 ἀκουσμάτων.

444 1343 619 1412 Πολλὴ
649 1343 704 1395 δὲ
736 1343 955 1412 φροντὶς
981 1342 1088 1396 τῶν
1118 1343 1330 1414 φρενῶν
1356 1343 1730 1414 κλονουμένων

297 1435 408 1489 290
445 1436 710 1504 Κατείχεν
736 1435 915 1500 αὐτὸν,
941 1435 1033 1490 καὶ
1055 1435 1330 1505 λογισμῶν
1356 1436 1645 1505 συγχύσεις

446 1525 548 1578 Τὸν
576 1524 701 1578 νοῦν
735 1526 1125 1596 ὲπεγνόφωσαν
1153 1527 1554 1596 ἐσιὼτισμένον.

445 1617 520 1668 Οὐ
549 1616 656 1686 γάρ
680 1633 733 1669 τι
767 1618 962 1688 μικρόν
991 1618 1138 1671 ἐστιν
1169 1615 1306 1669 ἀλλὰ
1332 1616 1562 1687 καίριον,

1259 322 1355 380 DE
1388 322 1902 384 EXPEDITIONE
1939 323 2256 386 PERSICA
2315 326 2482 388 ACR.
2514 327 2596 386 II.

3410 325 3542 392 1230

2117 434 2177 486 El
2207 436 2300 488 καί
2327 451 2379 488 τι
2411 435 2606 506 μικρὸν
2637 435 2664 488 ὁ
2693 436 2920 506 στρατὸς
2948 437 3329 508 προεκτρέχει,

2118 522 2333 577 Πολλῶν
2362 523 2566 595 μεταξὺ
2590 524 2864 595 δυσχερῶν
2890 527 3225 594 κινουμένων

1974 612 2079 667 295
2119 613 2246 678 Τοῖς
2270 615 2588 685 ἀλλοφύλοις
2615 616 2839 679 εἰκότως
2870 617 3260 687 στρατεύμασι.

2115 704 2287 775 Λιμοῦ
2316 705 2424 776 γὰρ
2453 705 2636 770 αὐτοῖς
2658 706 2750 761 καὶ
2782 706 2986 777 φθορᾶς
3013 706 3376 777 πολυτρόπου

2117 797 2227 849 Καὶ
2251 796 2358 850 τῶν
2388 798 2598 868 ἀδήλων
2623 799 2703 862 εἰς
2734 798 2939 869 βλάϐην
2965 799 3370 870 ἐγκρυμμάτων

2115 887 2224 940 Καὶ
2253 887 2363 942 τῶν
2393 889 2631 959 ἀρίστων
2657 892 2738 955 εὶς
2763 891 2942 962 μάχην
2967 891 3378 962 προλημμάτων

2127 980 2408 1035 Ἐντεῦθεν
2438 977 2505 1052 ἦν
2530 982 2770 1046 κίνδυνος
2790 998 2804 1010 ⁸
2835 981 2950 1037 ἀλλ’
2985 983 3063 1036 ἔτι
3096 981 3257 1035 πλέον

1972 1069 2080 1124 300
2123 1070 2382 1127 Ἐδακνεν
2409 1073 2606 1137 αὐτοὺς
2633 1073 2694 1127 τὺ
2717 1074 2935 1145 βλέπειν
2958 1074 3047 1130 τὸν
3073 1075 3248 1146 ἥλιον,

2120 1163 2217 1215 Ὃν
2245 1163 2640 1234 προσκυνοῦσιν
2671 1165 2746 1228 ὡς
2773 1164 2893 1218 θεὸν
2916 1164 3016 1234 τῆς
3041 1166 3324 1237 Περσίδος,

2129 1253 2218 1305 Ἐν
2239 1256 2304 1324 τῇ
2339 1253 2636 1325 παρατάξει
2666 1254 2762 1325 τῆς
2792 1256 2974 1326 μάχης
2998 1255 3258 1310 ἐναντιον.

2112 1343 2320 1415 Ξέρξην
2346 1346 2446 1412 μὲν
2473 1342 2566 1402 οῦν
2593 1346 2812 1414 λέγουσι
2843 1345 3103 1400 λυσσὼδεί
3128 1347 3313 1420 τρόπῳ

2119 1439 2285 1504 Μῖξαι
2314 1440 2537 1497 θέλοντα
2573 1443 2672 1506 τὰς
2698 1441 2994 1504 διεστώσας
3024 1441 3236 1510 φύσεις,

1977 1531 2084 1584 505
2125 1531 2309 1602 Ὕδωρ
2339 1533 2610 1603 χερσῶσαι
2641 1533 2734 1586 καὶ
2760 1531 3108 1587 θαλασσῶσαι
3135 1534 3325 1604 χθόνα.

2121 1621 2231 1674 Καί
2261 1639 2352 1691 μοι
2374 1622 2522 1676 δοκεῖ
2548 1641 2630 1687 τις
2659 1617 2815 1687 οὗτος
2846 1624 3226 1695 εὐηθέστατος,

305 1774 584 1843 pravertit
632 1772 865 1827 belluam
899 1787 1084 1838 cursu,
1116 1775 1260 1846 (280)
1307 1791 1408 1831 nec
1434 1777 1716 1847 quisquam
1745 1778 1883 1833 alter
1911 1793 1954 1849 Β
1982 1784 2202 1837 maximi
2243 1801 2254 1836 :
2295 1783 2339 1836 si
2375 1784 2522 1838 enim
2582 1782 2760 1836 adhuc
2790 1782 3068 1852 paululum
3121 1782 3394 1837 exercitus
3430 1796 3557 1852 pro-

299 1883 497 1938 equos,
541 1869 792 1940 aurigans
823 1869 1046 1925 habenis
1092 1873 1418 1942 signansque
1455 1873 1559 1927 iter
1577 1873 1878 1944 obliquum,

303 1971 416 2016 tam
448 1962 558 2016 cito
602 1962 910 2023 antevertit,
941 1971 1000 2016 ut
1028 1971 1085 2017 tu
1121 1977 1314 2034 regens
1342 1965 1615 2020 exercitus
1640 1965 1882 2020 habenas

303 2053 508 2108 sensim
536 2053 781 2108 cedendo
814 2067 874 2108 es
911 2063 1326 2124 pratergressus
1369 2071 1438 2110 ex
1488 2055 1880 2120 conversione;

302 2153 361 2197 et
389 2152 842 2213 transgressorem
873 2143 1178 2212 conjectum
1225 2143 1282 2198 in
1312 2145 1589 2215 planitiem
1643 2147 1881 2218 ignotam

307 2229 459 2299 ($85)
491 2239 617 2284 ante
643 2244 878 2300 pugnam
913 2229 967 2284 in
1001 2230 1283 2285 adversam
1314 2241 1520 2301 partem
1550 2233 1880 2304 compulisti.

307 2319 474 2376 Sexta
497 2336 625 2375 vero
648 2320 843 2375 deinde
871 2329 1126 2376 currente
1149 2321 1236 2376 die
1265 2336 1484 2378 suarum
1513 2323 1880 2379 calamitatum

307 2407 510 2464 indicia
545 2407 834 2476 inopinatis
864 2407 1054 2462 habuit
1104 2421 1168 2462 ex
1207 2407 1432 2463 nuntiis.
1475 2408 1656 2466 Multa
1696 2420 1878 2467 autem

305 2513 455 2553 cura
500 2498 556 2552 in
600 2499 815 2554 turbato
857 2509 1076 2568 pectore
1117 2497 1264 2568 (290)
1297 2499 1556 2555 tenebant
1595 2501 1798 2572 ipsum,
1824 2510 1880 2557 et

305 2590 698 2660 cogitationum
729 2589 975 2645 confusio
1020 2595 1254 2644 mentem
1288 2589 1648 2648 obumbrabat
1696 2594 1872 2649 obdu-

306 2692 451 2740 ctam
479 2683 735 2739 teucbris:
763 2698 869 2738 non
899 2682 1044 2738 enim
1068 2683 1218 2754 parvi
1249 2684 1489 2740 nomenti
1519 2699 1608 2741 res
1631 2685 1750 2751 fuit,
1780 2689 1874 2741 sed

1980 1874 2258 1939 currebat,
2320 1874 2504 1928 multis
2558 1873 2801 1943 undique
2845 1874 3103 1944 periculis
3145 1872 3558 1942 prementibus,

1983 1960 2132 2035 (295)
2161 1965 2587 2035 alienigenarum
2637 1965 2800 2020 etiam
2837 1965 2979 2018 inter
3005 1964 3221 2036 agmina
3255 1964 3556 2020 incidisset.

1978 2054 2063 2108 Ob
2084 2054 2282 2109 famem
2303 2055 2448 2109 enim
2472 2055 2606 2125 ipsis
2634 2063 2690 2109 et
2711 2055 2929 2109 morbos
2952 2054 3130 2111 varios
3152 2063 3207 2108 et
3227 2056 3296 2110 ob
3316 2055 3562 2110 occultas

1981 2147 2049 2200 nd
2078 2147 2386 2202 nocendum
2425 2146 2650 2202 insidias
2670 2188 2683 2213 ,
2738 2161 2952 2204 necnon
2985 2147 3056 2202 ob
3085 2147 3310 2202 meliora
3345 2147 3412 2203 ad
3457 2162 3551 2216 ps.-

1983 2248 2145 2302 gnam
2196 2243 2462 2304 prarepta
2513 2234 2666 2301 loca,
2701 2235 2810 2290 illic
2851 2243 2970 2290 erat
3016 2234 3340 2304 periculum.
3398 2233 3561 2304 Atqui

1983 2325 2278 2393 plurimum
2314 2326 2460 2394 (500)
2495 2326 2780 2395 torquebat
2811 2326 2975 2394 ipsos,
3007 2325 3150 2396 quod
3190 2325 3438 2380 viderent
3469 2341 3563 2380 so-

1981 2417 2118 2482 lem,
2148 2431 2311 2486 quem
2372 2426 2703 2472 venerantur
2754 2417 2901 2472 velut
2952 2417 3120 2471 Deum
3167 2415 3420 2472 Persidos
3474 2415 3564 2470 in-

1981 2516 2190 2564 structa
2225 2506 2364 2572 acie,
2387 2507 2488 2563 sibi
2523 2523 2589 2562 ex
2624 2507 2850 2564 adverso
2882 2517 3046 2563 stare.
3078 2507 3310 2563 Xerxem
3343 2505 3563 2578 quidem

1981 2601 2138 2655 aiunt
2162 2599 2228 2653 ad
2257 2598 2388 2652 iram
2418 2598 2713 2662 concitum,
2754 2597 2952 2652 misere
2982 2596 3253 2652 volentem
3281 2596 3566 2668 oppositas

1982 2700 2224 2752 naturas,
2242 2689 2388 2760 (505)
2412 2704 2606 2758 aquam
2627 2689 2927 2744 exsiccasse
2947 2697 3003 2742 et
3028 2687 3324 2743 inundasse
3343 2695 3562 2752 terram,

1602 2885 1835 2942 VARUE
1873 2886 2275 2945 LECTIONES.

379 3046 490 3103 283
521 3045 876 3118 ὑποστρέφων
896 3047 984 3112 ed,
1057 3045 1154 3100 29!
1191 3047 1580 3116 ἐπεκνόψωσαν
1607 3048 1716 3112 ed.,
1749 3049 2146 3119 ὲπεγκόςωσαν
2172 3051 2228 3104 P.
2307 3052 2411 3106 298
2443 3051 2843 3120 προϐλημάτων
2861 3050 2982 3104 cod.
3017 3048 3123 3102 305
3147 3047 3562 3116 πετρῶσαιοοά.

1817 3201 2041 3258 ΝΟΤΑΞ.

309 3370 452 3424 erat,
485 3359 629 3414 unde
662 3359 900 3415 bestiarii
932 3359 1063 3415 dicti
1096 3365 1242 3422 sunt,
1272 3359 1407 3412 mira
1454 3357 1557 3412 fuit
1589 3358 1885 3413 dexteritas
1913 3368 1955 3424 c
1990 3373 2095 3413 nec
2159 3358 2306 3424 ξένος
2365 3358 2768 3413 substantivum
2815 3373 3014 3414 nomen
3065 3368 3168 3424 est,
3217 3360 3310 3416 sed
3369 3371 3562 3418 contra

313 3431 516 3501 pedum
553 3431 826 3498 totiusque
855 3429 1116 3554 COIZOI’lS,
1150 3438 1207 3482 ut
1245 3443 1484 3497 praesens
1517 3430 1707 3482 mortis
1741 3427 1886 3509 peri-

313 3502 500 3554 culum
559 3501 874 3554 evaderent.
964 3499 1103 3554 'uius
1145 3499 1537 3553 crudelissima
1581 3497 1886 3552 venationis

313 3497 500 3555 culum
559 3497 874 3554 evaderent.
934 3497 1103 3567 Cujus
1145 3499 1537 3553 crudelissima
1581 3497 1887 3552 venationis

314 3579 371 3624 et
388 3571 745 3640 sanguinaria:
775 3569 1063 3640 voluptatis
1088 3569 1294 3640 tristem
1323 3568 1612 3640 admodum
1641 3567 1886 3640 descrip-

316 3637 521 3695 tionem
552 3640 707 3693 nobis
736 3637 1334 3707 reliqn’itCassiodorus,
1374 3639 1669 3701 Variarum,
1701 3637 1796 3692 lib.
1833 3653 1885 3702 ν,

315 3712 483 3833 θρὶἓι.
515 3709 604 3762 42.
645 3709 776 3764 Vide
806 3711 968 3764 etiam
999 3709 1339 3771 Panvinium,
1372 3708 1448 3762 De
1492 3707 1626 3762 ludia
1669 3708 1883 3761 circena.

318 3794 378 3833 ιι.
453 3819 467 3832 .

318 3794 378 3844 ιι,
414 3794 467 3833 ο.

384 3849 511 3904 9.80.
546 3848 777 3903 Heraclii
819 3849 1113 3902 dexteritas
1150 3861 1275 3901 cum
1322 3847 1522 3917 auriga
1566 3845 1887 3901 dexteritate

315 3929 680 3988 comparatur.
741 3918 962 3971 Summa
1017 3919 1162 3988 enim
1201 3925 1318 3988 erat
1366 3918 1672 3988 aurigarum
1716 3931 1805 3970 ars
1832 3923 1888 3968 et

315 3985 584 4042 industria
615 3989 669 4041 in
697 3988 851 4056 cquis
883 3995 940 4042 et
975 3987 1226 4041 curribus
1269 3985 1551 4056 flectendis
1600 3985 1666 4056 ad
1692 3991 1884 4056 metas,

315 4072 389 4113 ne
425 4058 691 4128 posterior
738 4053 972 4128 priorem
1021 4063 1408 4128 anteverteret.
1455 4054 1510 4128 Si
1543 4054 1688 4108 enim
1725 4053 1888 4128 nimis

313 4123 439 4198 quis
484 4138 681 4182 metam
715 4123 989 4198 e'vitasset,
1037 4126 1126 4198 qui
1167 4134 1278 4198 tum
1317 4124 1652 4198 sequebatur
1679 4123 1885 4193 auriga,

316 4192 461 4252 inter
491 4205 688 4251 metam
711 4203 768 4250 et
813 4192 1070 4266 priorem:
1096 4194 1331 4249 breviori
1362 4192 1781 4266 spatiogdelatus
1811 4192 1890 4266 ei;

314 4270 558 4321 secundo
620 4261 830 4333 primus
881 4265 1228 4327 etliciebatur,
1279 4261 1423 4333 quod
1478 4264 1676 4332 eripere
1710 4261 1888 4316 Latini

314 4283 558 4321 secundo
620 4283 828 4385 primus
881 4283 1228 4327 etnerenatur,
1279 4283 1322 4333 qi

311 4338 590 4391 dixerunt.
657 4335 760 4390 'ide
788 4334 1130 4398 Panvinium,
1165 4351 1202 4395 I,
1237 4334 1322 4389 Η».

385 4406 511 4461 281.
543 4405 716 4471 Λοξάς
747 4404 1084 4475 subintelligi
1111 4403 1328 4474 τρίβους
1367 4401 1598 4472 coniicio
1621 4416 1686 4455 ex
1722 4415 1889 4471 supe-

314 4475 445 4530 riori
471 4490 630 4529 versu
665 4473 790 4530 268.

382 4545 512 4600 284.
546 4544 876 4614 Παραὸἀτην
899 4542 1096 4614 duplici
1127 4558 1289 4597 sensu
1319 4549 1476 4596 vocat
1497 4537 1740 4599 Persam.
1774 4551 1888 4596 tum

310 4617 442 4683 quia
478 4613 652 4692 locum
700 4613 1071 4692 aptioremad
1112 4628 1344 4692 pugnam
1396 4620 1886 4692 praoccupaverat,

1989 3428 2240 3483 fEmilius
2255 3427 2450 3483 Portus
2465 3429 2834 3484 dillicultatem
2853 3431 3084 3484 sensisse
3097 3431 3330 3485 videtur:
3348 3433 3563 3487 utenim

1989 3498 2254 3571 Kasterus
2299 3498 2498 3571 ibidem
2552 3499 2811 3560 adnotat,
2875 3499 3374 3571 maluissetlegere
3419 3502 3563 3571 πλα-

1993 3567 2103 3650 στῷ
2161 3567 2314 3650 ξένῳ.
2360 3567 2582 3650 Verum,
2621 3576 2679 3650 ut
2704 3585 2802 3650 ego
2838 3569 3086 3648 conjicio,
3133 3567 3399 3650 ﬂlaé-‘Lbc.
3417 3570 3562 3627 idem

1988 3648 2075 3709 est
2105 3652 2170 3693 ac
2197 3637 2550 3709 nharpopdq,
2599 3637 2868 3704 planities.
2899 3638 2951 3691 in
2981 3655 3141 3708 quant
3166 3637 3399 3709 conj’ecti
3436 3653 3565 3697 sunt

1991 3707 2172 3762 Persa
2215 3708 2283 3762 ab
2314 3707 2584 3772 Heraclio,
2630 3709 2722 3777 qui
2769 3723 2798 3761 a
2847 3707 3012 3777 tergo
3042 3707 3368 3765 circumiens
3416 3712 3564 3766 edita

1990 3778 2522 3850 loca_occupaverat.
2553 3778 2701 3832 lianc
2728 3787 2907 3831 autem
2939 3780 3218 3850 planitiem
3262 3779 3441 3850 ξένην,
3471 3799 3562 3850 pe-

1990 3847 2274 3916 regrinam,
2305 3856 2815 3920 extraneumgvocat
2847 3847 2995 3902 recte
3047 3848 3244 3920 Pisida,
3279 3847 3405 3920 quia
3430 3847 3560 3920 pio-

1989 3915 2274 3970 currentes
2303 3915 2480 3971 Persa
2526 3918 2577 3970 iu
2631 3917 2746 3972 loca
2784 3917 3120 3972 devenerant
3167 3915 3405 3974 inimica.
3431 3915 3563 3976 'Ve-

1992 4001 2113 4038 rum
2147 3985 2341 4059 S_uidas
2372 3986 2425 4059 in
2463 3988 2635 4059 altero
2665 4003 2822 4059 versu
2862 3988 3036 4059 liabet
3102 3989 3427 4059 ἀντιστάτην
3464 3993 3563 4044 ad-

1990 4055 2416 4128 versariu_m,_qui
2459 4055 2625 4128 videri
2653 4057 2823 4128 possit
2861 4056 2947 4110 ille
2975 4057 3126 4124 ﬁctus
3165 4055 3562 4128 hospesfqucm

1991 4139 2091 4196 nos
2119 4125 2476 4196 excludimus.
2513 4125 2674 4179 Certe
2727 4125 2894 4179 codex
2924 4141 3037 4196 non
3081 4125 3430 4196 dvttc'rdtqv,
3465 4129 3562 4182 sed

1990 4193 2316 4266 ἀντιστάδην
2363 4193 2545 4254 habet,
2598 4196 2756 4266 cujus
2805 4195 3026 4263 quidem
3077 4197 3262 4259 vocis,
3313 4193 3564 4266 quamvis

1990 4263 2138 4317 nulla
2186 4271 2477 4332 suppetant
2524 4264 2788 4332 exempla,
2845 4279 3038 4319 sensus
3091 4274 3291 4328 tamen,
3325 4263 3382 4320 ut
3429 4268 3561 4320 mihi

1989 4332 2230 4406 videtur,
2256 4333 2455 4406 elucet.
2495 4333 2584 4386 Ait
2619 4336 2764 4387 enim
2792 4343 2949 4402 poeta
2976 4334 3280 4406 Heraclium
3321 4336 3564 4406 coegisse

1991 4401 2272 4474 Persasin
2321 4402 2604 4474 adversam
2657 4401 2866 4472 partem
2923 4405 3196 4458 secedere.
3261 4401 3446 4474 itaque
3483 4407 3563 4468 εἰς

1991 4472 2318 4544 ἀντιστάδην
2353 4473 2492 4527 idem
2539 4484 2623 4527 est
2665 4489 2728 4526 ac
2775 4476 2854 4534 εἰς
2894 4473 3142 4544 ἀντικρὺ,
3185 4475 3264 4535 εἰς
3304 4472 3563 4527 κατεναν-

1990 4541 2186 4666 “iis.
2232 4609 2646 4682 Theophanes,
2675 4611 2888 4682 p.__285
2919 4630 2932 4664 ε
2979 4611 3161 4682 Τοῦτο

3212 4612 3476 4680 μαθόντες
3513 4615 3562 4665 οἱ

316 4676 756 4766 ιίιιιιοειὶιιιιιηιιὶἁ
789 4698 819 4736 a
852 4676 1435 4766 religioneﬁliristiatia
1457 4676 1888 4766 defecerat.rlla-
1921 4697 1966 4752 ι)
1991 4681 2267 4766 Βάρδαροι
2320 4676 2403 4766 ξιξ
2446 4676 2716 4753 ρᾳθυμιαῐν
2742 4676 2904 4752 ἦλθον
2932 4681 3009 4751 τῷ
3041 4676 3431 4752 ἀπροσδοκήτῳ
3464 4682 3564 4750 τῆς

317 4753 564 4824 patiam;
601 4753 751 4824 enim
809 4759 891 4806 est
941 4761 1051 4805 tam
1107 4751 1171 4824 is_
1206 4752 1298 4824 qui
1346 4751 1888 4824 currummoderans
1929 4751 1946 4752 ί
1991 4751 2193 4824 τοῦτου
2222 4751 2450 4824 εζσόδου.

312 4819 451 4876 alios
509 4819 800 4892 pravertit,
862 4835 1022 4888 quam
1085 4821 1174 4888 qui
1247 4821 1420 4892 legem
1488 4819 1890 4892 violavitaec-

315 4889 605 4947 clesiastici
647 4893 941 4960 scriptores
992 4891 1196 4958 passim
1256 4890 1528 4943 lulianum
1582 4889 1714 4958 imp.
1755 4891 1886 4960 ἀπο-

317 4963 545 5024 στασίας
567 4959 772 5017 scelere
807 4960 1072 5014 famosum
1111 4960 1434 5029 παραϐάτην
1463 4969 1517 5014 et
1535 4960 1626 5012 τὸν
1653 4961 1712 5010 ἐν
1759 4959 1888 5012 ἀθέ-

313 5049 397 5095 οις
430 5032 724 5101 appellant.
762 5035 834 5084 Ac
863 5029 1036 5082 Pisida
1067 5029 1271 5101 iterum
1291 5030 1378 5101 sic
1395 5038 1552 5083 vocat
1590 5029 1887 5101 Cltosroam

316 5103 376 5156 in
429 5097 770 5156 Heracliados
839 5114 1042 5153 acroas.
1094 5115 1134 5163 ι,
1172 5098 1296 5153 286.
1342 5099 1612 5153 Caterum
1669 5099 1720 5152 bi
1778 5097 1888 5152 duo

316 5173 484 5226 iambi
520 5171 591 5224 ita
637 5173 873 5226 citantur
921 5169 972 5221 in
1017 5169 1181 5222 Suida
1216 5186 1228 5221 :
1269 5167 1362 5220 τὸν
1389 5168 1712 5238 παραϐάτην
1751 5184 1891 5237 συμ-

314 5240 498 5294 ϐαλὼν
558 5240 792 5311 πλασμῷ
847 5239 984 5308 ξένῳ
1045 5239 1149 5308 πρὸ
1194 5237 1509 5311 τῆςλμάχης
1545 5237 1766 5311 ἀφῆκας
1813 5240 1893 5299 εἰς

315 5311 664 5391 ἀντιστάτην.
709 5306 1016 5390 ’νοτιιιιιιιιτ
1044 5306 1225 5391 autem
1250 5306 1343 5361 ‘sic
1376 5324 1390 5360 :
1424 5306 1730 5391 Parabaten
1775 5323 1894 5388 cum

314 5380 438 5449 ﬁcto
467 5377 664 5450 hospite
690 5380 1012 5450 committens
1040 5386 1162 5450 ante
1187 5393 1417 5450 pugnam
1445 5378 1500 5430 in
1530 5377 1894 5450 adversarium

314 5447 607 5505 immisist’i.
657 5448 917 5518 Equidem
965 5462 1068 5518 nec
1115 5447 1400 5518 lectionem
1443 5462 1546 5502 nec
1585 5447 1894 5518 versionem

317 5521 685 5590 recipiendam
721 5517 940 5573 censeo.
996 5517 1208 5571 Primus
1237 5517 1380 5590 enim
1428 5531 1640 5590 versus,
1695 5531 1751 5568 ιιι
1802 5517 1890 5570 hic

314 5587 564 5658 elicitur,
615 5604 716 5643 suo
756 5596 903 5643 caret
934 5601 1215 5658 numero;
1281 5587 1658 5655 interpretatio
1704 5595 1886 5641 autem

314 5655 561 5730 apposita
618 5659 841 5713 vocibus
893 5655 1124 5726 πλασμῷ
1154 5655 1287 5725 ξένῳ
1315 5671 1345 5730 a
1393 5668 1650 5730 germano
1701 5670 1887 5730 sensu,

317 5725 602 5796 tri-fallor,
635 5731 892 5796 abhorret
927 5745 939 5781 :
990 5725 1112 5779 nam
1146 5740 1246 5781 nec
1277 5725 1519 5796 πλασμός
1540 5725 1884 5795 adjectivum,

2059 4821 2466 4892 292.__Ka£ptov
2514 4837 2601 4875 res
2651 4830 2735 4874 est
2793 4821 3022 4892 maximi
3047 4822 3320 4892 momenti
3378 4831 3442 4892 et
3485 4820 3564 4874 l‘a—

1992 4891 2135 4944 talis.
2188 4889 2453 4946 Homerus
2479 4892 2636 4945 lliad.
2677 4907 2794 4962 vin,
2821 4891 2937 4944 84-:
2972 4890 3224 4943 Μάλιστα
3250 4892 3306 4943 δὲ
3350 4890 3565 4962 καίριόν

1991 4961 2131 5020 ἐστι.
2166 4963 2395 5014 maxime
2429 4962 2619 5014 let/mle
2650 4961 2836 5014 vulnus
2869 4971 2965 5014 est.

2063 5030 2187 5083 50L
2229 5030 2359 5084 Vide
2388 5047 2592 5085 acroas.
2625 5047 2661 5094 ι,
2683 5031 2770 5092 '52,
2796 5040 2849 5082 et
2875 5047 2912 5084 ιι
2941 5031 3065 5084 255.

2061 5101 2186 5155 505.
2213 5101 2286 5154 De
2313 5100 2506 5154 Xerxis
2533 5101 2876 5170 expeditione
2909 5110 3095 5155 contra
3130 5101 3348 5156 Grzecos
3375 5101 3564 5155 viden-

1989 5169 2092 5222 dus
2157 5170 2460 5224 llerodotus
2516 5169 2614 5224 lib.
2671 5186 2768 5230 vn,
2816 5178 2871 5223 et
2927 5171 3191 5226 Diodorus
3219 5170 3431 5227 Siculus
3465 5170 3558 5225 lib.

1991 5255 2067 5292 ιιι.
2099 5238 2278 5293 Pisida
2313 5241 2466 5311 hanc
2517 5240 2906 5311 digressionem
2961 5241 3197 5311 instituit
3231 5248 3559 5311 opportune,

1993 5316 2171 5380 ιιι-,εχ
2202 5309 2355 5380 regis
2379 5309 2684 5380 Persarum
2732 5309 2940 5380 insania
2973 5309 3218 5380 illeraclii
3247 5309 3380 5380 iitip.
3415 5310 3473 5364 in
3502 5324 3563 5364 re

1994 5376 2211 5432 militari
2234 5376 2425 5447 peritia
2458 5387 2514 5433 et
2540 5379 2822 5448 prudentia
2852 5379 3054 5436 clarius
3086 5376 3381 5436 elucescat.

2063 5448 2370 5520 505.Diod.
2398 5465 2472 5511 ιιι,
2506 5450 2560 5502 2.
2596 5448 2900 5520 Herodotus
2929 5466 3143 5520 quoque
3191 5467 3242 5518 p.
3287 5450 3413 5512 59I,
3444 5450 3565 5504 dili-

1993 5519 2308 5588 gentissime
2355 5526 2537 5572 narrat
2589 5527 2648 5571 ut
2699 5518 2859 5573 fuerit
2912 5518 3070 5574 mons
3128 5522 3300 5574 Athos
3353 5520 3580 5588 perfos-'

1995 5603 2111 5653 sus,
2157 5597 2214 5642 et
2256 5604 2311 5657 p.
2367 5588 2470 5644 594
2526 5597 2586 5642 ιιι
2638 5589 2987 5659 Hellesponto
3017 5591 3174 5645 fuerit
3210 5605 3345 5659 pons
3368 5605 3564 5658 super-

1998 5666 2258 5712 Structus.

2067 5728 2189 5782 506.
2235 5728 2348 5782 Non
2404 5731 2674 5786 innuerim
2713 5734 2912 5786 stultus
2964 5733 3165 5785 Xerxes
3205 5729 3421 5785 dicTtur.
3474 5728 3565 5783 cui
