4126 6282
536 302 678 370 1243

679 414 861 469 Ταῦτα
889 415 1202 486 προσειπὼν
1226 417 1321 471 καὶ
1352 417 1612 485 στενάξας
1637 418 1729 488 ὀργ
1745 418 1854 471 ἱλον

539 508 644 563 130
680 509 786 561 Σὺν
813 508 893 580 τῷ
922 508 1215 579 στεναγμῷ
1246 511 1377 573 τοὺς
1406 510 1601 579 φόνους
1631 510 1937 580 εἰργάζετο.

748 598 990 663 Τούτοις,
1023 601 1305 669 κράτιστε,
1341 601 1435 653 καὶ
1460 601 1732 672 συνήσθην
1763 600 1992 662 εἰκότως
2062 598 2067 601 “

677 690 877 754 Καλῶς
906 689 1183 760 φρονοῦσι,
1218 691 1313 745 καὶ
1338 691 1652 762 συνήλγησα
1686 690 1870 755 πλέον,

678 783 757 851 Τῇ
789 781 1077 853 ταυτότητι
1112 782 1404 851 συγχυθεὶς
1431 782 1536 834 τῶν
1560 780 1811 850 δακρύων
1832 795 1847 809 ·

682 874 791 926 Καὶ
819 872 921 944 τὴν
951 873 1129 945 χαρὰν
1154 873 1263 943 γὰρ
1296 873 1560 936 πολλάκις
1582 872 1726 943 χαρὰ
1764 873 1976 945 τρέφει,

539 966 646 1022 155
684 968 792 1020 Καὶ
821 968 1055 1038 δάκρυσί
1083 985 1168 1031 τις
1190 968 1455 1040 ὲξεγείρει
1484 969 1719 1041 δάκρυα.

763 1059 924 1129 Ἡμῖν
958 1060 1057 1130 μὲν
1083 1059 1257 1124 οὕτως
1283 1057 1349 1131 ἦν
1375 1061 1556 1116 ἄλυπα
1579 1064 1814 1138 δάκρυα.

680 1148 826 1218 Πλὴν
858 1150 919 1202 ού
950 1151 1219 1220 προσήκει
1246 1152 1586 1222 συγκαλύψαι
1614 1156 1691 1226 τῷ
1722 1157 1865 1229 λόγῳ

680 1239 755 1291 Τὸ
788 1240 1056 1310 Περσικὸν
1087 1241 1353 1311 κάλυμμα
1382 1243 1479 1313 τῆς
1498 1248 1863 1317 πανουργίας.

478 1404 491 1413 .
683 1325 837 1382 Οἶδεν
858 1330 966 1401 γὰρ
997 1332 1194 1396 αὐτοὺς
1222 1334 1255 1401 ἡ
1288 1334 1609 1400 διδάσκαλος
1640 1339 1815 1408 πλάνη

544 1417 651 1477 MO
691 1422 802 1475 Kal.
832 1423 1261 1493 συμμαχοῦντας
1287 1425 1552 1480 δεικνύειν
1583 1428 1906 1500 ἀγνώμονας

688 1512 762 1566 Τὸ
794 1514 1095 1586 σύντροφον
1114 1517 1223 1588 γὰρ
1248 1518 1349 1587 τῆς
1378 1520 1719 1591 κακουργίας
1740 1520 1862 1586 ἔθος

702 1605 815 1657 Ἀεὶ
850 1605 983 1675 παρ’
1013 1607 1197 1670 αὐτοῖς
1227 1610 1306 1672 είς
1335 1609 1500 1679 νόμον
1525 1610 1870 1681 μεθίσταται.

698 1696 839 1768 Ἐρῶ
872 1697 927 1750 δὲ
962 1700 1144 1753 πᾶσαν
1174 1698 1266 1753 τοῦ
1292 1701 1494 1755 σκοποῦ
1519 1702 1618 1774 τὴν
1640 1704 1841 1760 αἰτίαν.

690 1789 799 1842 Καὶ
828 1789 937 1861 γάρ
970 1809 1054 1855 τις
1075 1791 1255 1844 αὐτῶν
1282 1794 1362 1857 εἰς
1388 1794 1479 1847 τὸν
1514 1795 1834 1867 ἔμπροσθεν
1863 1798 2052 1868 χρόνον

550 1879 657 1936 145
695 1882 1226 1953 Προσαυτομολήσας
1260 1884 1337 1955 τῷ
1367 1887 1588 1957 στρατῷ
1619 1905 1712 1941 σου
1746 1887 2049 1959 Βάρϐαρος,

690 1973 879 2043 Ὅμως
904 1974 959 2027 δὲ
990 1975 1211 2046 Πέρσης
1238 1976 1356 2047 (καὶ
1390 1976 1449 2030 τὸ
1484 1979 1592 2030 πᾶν
1622 1978 1960 2049 διαγράφω),

692 2062 910 2129 Ἔδοξεν
932 2059 1071 2118 εἶναι
1094 2065 1282 2129 πιστὸς
1315 2066 1374 2133 ἐξ
1406 2067 1685 2134 ἀπιστίας,

690 2155 804 2210 Καὶ
834 2156 1017 2210 λοιπὸν
1050 2160 1181 2229 ἡμῖν
1212 2162 1523 2232 συμμαχεῖν
1547 2162 1885 2233 ἠπειγμένος

702 2248 790 2301 Ἐν
812 2248 890 2319 τῷ
921 2252 1135 2321 στρατῷ
1159 2269 1252 2304 σου
1283 2253 1607 2324 προσφόρως
1636 2254 1917 2311 ἐτάττετο.

550 2339 656 2398 150
697 2343 837 2412 Ἤδη
868 2341 925 2395 δὲ
958 2343 1134 2415 τούτῳ
1159 2346 1439 2415 τεττάρων
1463 2362 1522 2399 τε
1545 2347 1639 2400 καὶ
1670 2345 1806 2401 δέκα

1839 309 2158 370 GEORGII
2189 309 2333 368 PISI
2344 308 2460 369 DIE

2143 421 2193 479 Δ

2370 416 2615 486 ’Υπῆρχε
2647 413 2847 477 κύκλος
2876 413 3100 484 ἡμερῶν
3131 412 3548 482 πληρουμένων,

2360 509 2491 561 Ὅτε
2524 507 2661 576 πρὸς
2683 506 2881 569 αὐτοὺς
2901 502 3181 573 δυστυχῶς
3207 505 3334 565 τοὺς
3358 502 3686 571 Βαρϐάρους

2355 598 2809 667 Παλινδρομήσας
2840 596 3096 657 ἀστάτοις
3127 593 3426 664 βαδίσμασι

2366 691 2659 760 Ῥίψασπις
2684 688 2874 758 ὥσπερ
2904 687 3102 761 εὑρέθη
3140 686 3202 738 τὸ
3228 684 3504 753 δεύτερον,

2220 782 2324 838 155
2361 782 2475 836 Οὐκ
2498 782 2759 845 ἀσκόπως
2780 781 2838 833 δὲ
2867 779 3025 833 τοῦτο
3049 778 3305 848 πράττων
3333 775 3547 844 ἐσφάλη
3567 778 3582 791 ⁹

2359 875 2422 927 Οἱ
2448 874 2558 944 γάρ
2589 873 2899 943 φθάσαντες
2921 872 3020 942 τῆς
3046 870 3310 940 ἀτολμίας
3341 868 3548 939 χρόνοι,

2365 962 2628 1017 Ἔπειοον
2656 962 2823 1016 αὐτὸν
2848 962 2923 1026 ὡς
2956 961 3117 1016 πάλιν
3155 960 3225 1013 τὰ
3248 958 3512 1029 Περσίδος

2370 1054 2772 1126 Ἐπικρατήσει
2800 1053 2901 1124 τῆς
2934 1053 3117 1124 μάχης
3151 1051 3563 1121 στρατεύματα.

2376 1147 2517 1201 Ἀλλ’
2545 1147 2696 1201 οὐδὲν
2725 1146 2890 1201 αὑτὸν
2914 1145 3207 1216 ὠφέλησαν
3230 1144 3289 1196 ὲν
3323 1142 3475 1214 μέσῳ

2225 1236 2329 1292 160
2367 1238 2449 1291 Τά
2482 1237 2612 1302 λοξά
2644 1236 2818 1291 ταῦτα
2850 1237 2945 1289 τοῦ
2975 1234 3128 1290 δόλου
3162 1233 3531 1306 βουλεύματα.

2362 1330 2476 1400 Τῆς
2494 1330 2720 1401 καρδίας
2748 1328 2858 1400 γὰρ
2890 1328 3142 1391 άστάτως
3174 1325 3509 1396 κινουμένης

2368 1420 2821 1482 Συναστατούσας
2846 1415 2960 1491 εἶχε
2990 1419 3086 1472 καὶ
3112 1417 3211 1481 τὰς
3241 1418 3487 1480 ἐλπίδας,

2375 1513 2652 1577 Ἐναντίας
2672 1513 2729 1566 δὲ
2763 1511 3040 1582 πανταχοῦ
3067 1511 3167 1573 τὰς
3195 1509 3449 1572 ἐκϐάσεις

2381 1604 2492 1659 Kal.
2518 1607 2633 1667 τοῖς
2658 1604 2941 1674 λογισμοῖς
2968 1598 3082 1674 εἶχε
3112 1618 3176 1654 συ
3185 1599 3612 1671 μπλανωμένας.

2230 1703 2333 1758 165
2370 1701 2482 1772 Τὴν
2508 1698 2620 1769 γὰρ
2647 1695 2959 1769 κρατοῦσαν
2988 1692 3275 1763 συμφορὰν
3306 1692 3416 1743 τῶν
3448 1688 3759 1761 Βαρϐάρων

2366 1791 2477 1845 Kal
2506 1791 2605 1861 τὴν
2634 1790 2693 1843 ὲν
2723 1788 2909 1849 αὐτοῖς
2938 1785 3237 1852 ἐκπλαγεὶς
3266 1782 3550 1853 ἀτολμίαν,

2364 1881 2590 1938 Βλέπων
2617 1897 2679 1933 τε
2710 1877 2916 1948 πικρὰς
2948 1875 3171 1938 ἐλπίδας
3201 1874 3332 1945 παρ’
3358 1871 3571 1936 ἐλπίδα,

2365 1975 2532 2029 Πάλιν
2560 1972 2696 2044 πρὸς
2728 1973 2876 2044 ἡμᾶς
2898 1969 3268 2039 ἀντανήρχετο
3287 1966 3495 2038 δρόμῳ,

2364 2069 2475 2123 Καὶ
2498 2067 2574 2139 μὴ
2602 2066 2845 2137 φυλάξας
2865 2064 2956 2117 τὸν
2979 2062 3156 2130 λόγον,
3181 2062 3272 2113 τὸν
3300 2061 3391 2113 σὺν
3418 2059 3577 2127 λόγον

2230 2161 2331 2217 170
2368 2161 2631 2230 Ἔτοιμον
2657 2157 2856 2228 εὑρὼν,
2893 2157 3060 2221 ὀξέως
3087 2154 3351 2220 ὲσὼξετο’

2366 2252 2555 2315 Οῦτως
2577 2252 2826 2313 ἅπαντας
2858 2249 2954 2303 καλ⁸
2985 2249 3279 2319 τρέχοντας
3310 2247 3587 2320 προσδέχῃ

2371 2345 2484 2400 Καὶ
2515 2344 2591 2415 μὴ
2618 2344 2911 2415 τρέχοντας
2940 2343 3021 2406 είς
3046 2341 3108 2395 τὸ
3137 2339 3334 2405 σώζειν
3364 2338 3562 2410 ἐκδέχῃ

549 2531 703 2585 cens,
736 2528 791 2575 et
818 2519 1099 2592 suSpirans
1127 2520 1502 2590 vehementer,
1542 2525 1688 2597 (150)
1725 2523 1869 2582 inter
1897 2536 2128 2599 gemitus
2224 2533 2353 2597 apte
2380 2526 2697 2597 dispositus.
2750 2522 2900 2593 (150)
2926 2520 3156 2591 Jamque
3207 2522 3325 2578 haec
3362 2520 3508 2574 inter
3538 2517 3631 2573 ille
3678 2534 3821 2588 qua-

551 2608 729 2664 cades
757 2611 1024 2681 patrabat.

2227 2626 2351 2673 tuor
2371 2627 2426 2673 et
2450 2618 2637 2673 decem
2660 2615 2872 2671 dierum
2887 2614 3147 2669 circulum
3179 2612 3568 2682 compleverat.
3594 2611 3820 2680 quando

624 2698 747 2768 lpse
792 2715 911 2771 ego,
944 2714 977 2753 ο
1013 2698 1326 2767 fortissime,
1364 2702 1465 2757 hos
1494 2701 1638 2759 inter
1670 2703 1814 2761 viros
1841 2705 1989 2761 adfui
2020 2715 2130 2762 tam
2227 2710 2297 2765 ad
2335 2710 2483 2780 ipsos
2528 2706 2820 2763 infeliciter
2844 2706 3106 2761 barbaros
3134 2719 3324 2759 rursus
3353 2702 3594 2759 cucurrit
3626 2716 3817 2774 gressu

552 2789 694 2846 bene
747 2791 1065 2858 sentientes,
1096 2800 1153 2847 et
1198 2791 1361 2848 simul
1413 2794 1560 2850 dolui
1604 2795 1747 2851 inter
1775 2796 2132 2870 lacrymantes
2227 2802 2471 2873 ancipiti,
2520 2801 2732 2871 abiecto
2778 2799 2991 2870 clypeo,
3030 2807 3093 2854 ut
3140 2797 3424 2852 inventum
3467 2803 3555 2851 est
3602 2805 3815 2866 postea.

553 2882 759 2939 effusus
809 2883 865 2938 in
916 2884 1216 2956 lacrymas;
1277 2887 1533 2958 gaudium
1587 2889 1751 2957 enim,
1798 2900 1860 2945 ut
1911 2892 2129 2962 sacpius,

556 2973 812 3046 gaudium
858 2976 1053 3041 nutrit,
1093 2975 1239 3049 (155)
1276 2986 1331 3032 et
1370 2978 1414 3033 si
1453 2979 1575 3050 quis
1608 2980 1950 3052 lacrymatur,
1984 2983 2130 3037 exci-

2239 2894 2387 2965 (l55)
2421 2893 2539 2949 Non
2597 2893 2972 2963 imprudenter
3043 2890 3097 2945 id
3154 2904 3321 2961 agens
3379 2889 3642 2958 deceptus
3690 2896 3814 2942 est:

2236 2986 2511 3057 praeterita
2554 2985 2700 3041 enim
2736 2983 2998 3039 socordiae
3039 2991 3284 3053 tempora
3324 2980 3396 3035 illi
3428 2988 3821 3050 persuaserunt

558 3076 638 3122 tat
664 3068 964 3140 lacrymas:
1000 3069 1073 3125 ita
1107 3070 1326 3140 quidem
1355 3072 1514 3128 nobis
1544 3082 1701 3129 erant
1730 3075 1977 3147 lacrymae
2011 3076 2131 3130 sine
2159 3085 2204 3147 ο
2234 3077 2352 3133 fore
2401 3085 2462 3131 ut
2510 3091 2699 3131 rursus
2747 3074 3001 3129 Persicus
3031 3073 3206 3127 victor
3236 3071 3292 3125 in
3339 3084 3520 3140 pugna
3563 3069 3822 3123 evaderet

557 3157 763 3215 dolore.
799 3160 869 3215 At
899 3176 1009 3216 non
1036 3169 1120 3217 est
1145 3178 1362 3232 aequum
1409 3164 1745 3221 abscondere
1777 3166 1992 3222 silentio
2022 3166 2135 3222 cal-
2234 3167 2527 3224 exercitus.
2563 3164 2633 3221 At
2677 3166 2813 3221 nihil
2844 3165 3050 3220 interea
3081 3163 3153 3217 illi
3182 3162 3506 3233 profuerunt
3534 3160 3685 3232 (160)
3715 3160 3819 3214 hu-

557 3250 786 3306 liditatis
811 3251 1042 3308 Persica:
1077 3251 1361 3308 fallaciam.
1397 3254 1554 3311 Novit
1579 3257 1723 3314 enim
1750 3259 1989 3328 ipsorum
2017 3276 2133 3314 ma-

559 3342 722 3415 gistra
748 3342 1109 3398 fraudulentia
1141 3344 1285 3416 (140)
1315 3345 1400 3401 vel
1448 3363 1585 3417 una,
1603 3348 1922 3405 dimicantes
1946 3360 2136 3405 osten-

2228 3259 2470 3331 jusmodi
2503 3258 2736 3328 obliqua:
2765 3256 2970 3312 fraudis
2998 3255 3244 3311 consilia.
3272 3252 3410 3309 Cum
3437 3253 3586 3307 enim
3609 3253 3821 3307 incerto

2234 3350 2353 3405 haec
2389 3349 2618 3420 agitaret
2653 3347 2855 3412 animo,
2883 3361 3036 3416 aeque
3066 3344 3300 3399 incertas
3350 3358 3537 3398 secum
3570 3357 3700 3411 spes
3728 3356 3821 3413 ge-

559 3434 693 3490 dere
724 3434 1021 3504 improbos.
1054 3434 1263 3500 Quibus
1292 3436 1440 3491 enim
1465 3438 1753 3494 estinnata
1775 3441 1843 3496 ad
1872 3442 2137 3497 maleficia
2234 3438 2407 3494 rebat.
2459 3438 2729 3493 Coutrarii
2766 3451 2895 3491 vero
2946 3434 3147 3504 ubique
3202 3432 3425 3488 fuerunt
3472 3440 3728 3495 eventus,
3769 3440 3823 3485 et

560 3522 918 3587 consuetudo,
936 3531 1276 3577 constantem
1298 3523 1440 3593 apud
1470 3524 1616 3594 ipsos
1636 3526 1693 3580 in
1719 3527 1890 3599 legem
1920 3527 2134 3583 transit.

562 3612 755 3668 Totam
806 3614 925 3667 initi
974 3614 1185 3669 consilii
1214 3630 1434 3671 causam
1468 3619 1751 3673 enarrabo.
1793 3619 2023 3686 Quidam
2070 3638 2135 3678 ex

563 3705 697 3775 ipsis
718 3714 963 3761 anteacto
984 3714 1226 3777 tempore
1254 3707 1398 3779 (145)
1423 3708 1478 3763 in
1503 3718 1656 3765 tuum
1683 3713 1981 3769 exercitum
2012 3715 2138 3770 bar-

563 3797 730 3853 barus
754 3797 1134 3869 transfugerat.
1169 3798 1438 3854 Cmterum
1487 3801 1651 3857 Persa
1681 3805 1884 3870 (omnia
1920 3814 1980 3860 ut
2010 3816 2138 3862 sunt

566 3885 767 3957 refero)
812 3888 963 3945 visus
1009 3879 1109 3943 est'
1148 3904 1270 3945 esse
1318 3890 1370 3947 in
1423 3891 1741 3950 infidelitate
1794 3895 1986 3952 fidelis.
2017 3897 2136 3953 Jam

565 3992 699 4034 vero
719 3978 1003 4036 uobiscum
1036 3995 1277 4052 pugnare
1298 3980 1522 4038 adactus
1544 3990 1664 4040 tuas
1692 3985 1835 4042 inter
1857 3987 2003 4043 acies
2024 3993 2142 4042 erat

2239 3546 2364 3586 cum
2423 3529 2557 3585 false
2614 3536 2877 3599 concepta
2934 3542 3031 3597 spe
3086 3526 3454 3582 concidentes.
3489 3523 3638 3594 (165)
3687 3522 3821 3577 Cum

2239 3621 2386 3677 enim
2437 3619 2834 3677 calamitatibus
2895 3633 3110 3689 pressos
3166 3617 3449 3681 Barbaros,
3501 3624 3559 3670 et
3616 3614 3819 3668 fractos

2240 3714 2423 3769 animo
2450 3721 2677 3783 stupens
2706 3696 3069 3776 observassdt,
3110 3710 3304 3767 videns
3348 3718 3454 3764 tam
3491 3707 3721 3778 exiguas
3752 3706 3823 3760 ibi

2241 3821 2367 3877 spes
2394 3821 2513 3862 esse
2557 3806 2691 3861 citra
2719 3820 2871 3874 spem
2904 3819 3093 3859 rursus
3124 3803 3193 3858 ad
3226 3817 3327 3856 nos
3368 3816 3428 3856 se
3455 3800 3663 3869 recepit
3699 3813 3824 3868 pro-

2242 3914 2409 3969 pere,
2462 3907 2514 3953 et
2575 3913 2699 3952 cum
2751 3913 2904 3951 suam
2958 3912 3068 3951 non
3120 3902 3393 3961 servasset
3449 3892 3637 3956 fidem,
3680 3901 3822 3945 tuam

2250 3986 2396 4060 (I70)
2418 3996 2722 4058 promptam
2745 3976 3029 4041 invenieﬁs
3050 3994 3296 4041 servatus
3312 3991 3396 4039 est
3412 3981 3574 4037 illico.
3599 3981 3692 4037 Sic
3710 3994 3825 4035 omo

1863 4162 2099 4219 VARle
2140 4162 2545 4219 LECTIONES.

642 4252 746 4309 154
776 4252 949 4326 χαρὰν
970 4252 1274 4320 Quercius:
1306 4256 1523 4315 codices
1544 4272 1669 4313 cum
1697 4258 1783 4314 ed.
1816 4258 2000 4332 χάριν.
2077 4260 2182 4316 161
2214 4258 2702 4332 συμπλανωμένοις
2730 4258 2787 4313 Ρ.
2873 4257 2973 4314 170
3000 4257 3201 4329 ἔτυμον
3234 4257 3297 4311 Ρ.

2076 4456 2307 4514 ΝΟΤᾹε.

644 4612 768 4691 1514.
801 4619 885 4675 Εη
914 4620 1114 4676 clarius
1144 4629 1520 4678 testimonium
1546 4621 1738 4676 Pisidae
1767 4620 2061 4677 asserentis
2090 4634 2150 4675 se
2180 4624 2230 4684 ι)
2256 4620 2536 4691 ρίψᾶσπις,
2582 4622 2760 4689 clypeo
2801 4617 3038 4691 algjecto;
3067 4611 3211 4683 quod
3263 4617 3404 4691 erat_
3431 4604 3823 4691 turpissimum.

573 4679 628 4735 in
666 4688 843 4752 primo
874 4691 1069 4746 bellico
1110 4692 1327 4747 Persico
1359 4692 1599 4746 astitisse
1633 4692 1901 4746 Heraclio.

647 4755 767 4812 151.
809 4761 1002 4833 Χάριν.
1043 4762 1122 4817 Ita
1164 4762 1375 4818 codex:
1418 4770 1474 4816 et
1506 4777 1617 4816 non
1656 4761 1849 4816 dubito
1880 4775 2185 4830 reponenm

575 4821 704 4899 dum
730 4821 932 4899 χαράν.

647 4896 770 4953 156.
806 4896 1026 4972 Δάκρυα
1078 4902 1278 4969 ἄλυπα,
1327 4902 1573 4973 lacrymaa
1616 4902 1752 4973 citra
1791 4902 1958 4956 animi
1999 4900 2160 4955 mole-

459 4970 469 4978 '
575 4967 733 5021 etiam
765 4979 820 5023 et
846 4967 1050 5027 ex'sola
1083 4967 1559 5029 commiseratione
1586 4972 1813 5026 obortae.

650 5034 773 5092 Ml.
810 5041 1149 5107 Aristoteles,
1187 5043 1338 5098 Rhet.
1370 5060 1408 5107 1,
1444 5044 1513 5098 '57
1539 5058 1553 5096 :
1582 5041 1656 5094 Τὸ
1680 5038 2153 5111 εἰθισμένονκῶσ-

579 5124 695 5183 περ-
718 5113 959 5183 πεφυκὸς
985 5112 1196 5183 γίνεται
1220 5131 1232 5144 ·
1257 5114 1442 5183 ὅμοιον
1466 5113 1576 5183 γάρ
1603 5112 1664 5165 τὸ
1704 5109 1914 5183 ἐθοςτῇ
1957 5109 2117 5182 φύσει
2135 5126 2152 5142 ο

580 5179 746 5249 ὲγγῦς
779 5179 886 5249 γὰρ
915 5181 975 5234 τὸ
1009 5182 1266 5247 πολλάκις
1293 5179 1391 5236 τοῦ
1419 5179 1527 5236 αἰεί
1550 5179 1699 5235 ἐστι.

654 5248 776 5322 lu.
820 5249 1214 5322 Theophanes,
1257 5270 1309 5322 p.
1362 5254 1507 5308 255:
1542 5252 1777 5322 1159611;
1814 5250 1871 5304 δέ
1919 5252 2158 5322 τιεπρρ

581 5316 768 5393 ῥλίγου
804 5316 996 5393 χρόνού
1025 5316 1273 5393 πρόσφύξ
1300 5324 1589 5393 γενόμενος
1620 5316 1679 5375 ἐν
1710 5316 1789 5393 τῷ
1819 5320 2037 5392 στρατῷ
2062 5316 2157 5375 τοῦ

587 5388 849 5457 βασιλέως
884 5388 1120 5458 ἐγένετο.

628 5459 1020 5539 .447._Ctir__ii}
1066 5460 1501 5539 perfidia_f_i_t_lum
1554 5461 1889 5533 transfugam
1936 5459 2154 5516 Persam

587 5526 758 5603 dicat,
787 5526 1190 5603 intelligitu'rex
1218 5533 1327 5603 in}
1342 5532 1407 5587 75
1440 5542 1494 5587 et
1516 5549 1665 5602 seqq.

664 5598 785 5652 15-5.
827 5598 989 5655 Persa
1029 5602 1119 5671 qui
1166 5601 1233 5656 ad
1284 5601 1559 5657 Romanos
1594 5598 1891 5665 defecerat,
1935 5615 2162 5671 sperans

592 5682 724 5721 suos
743 5679 865 5743 post
884 5669 1087 5726 tantam
1116 5672 1417 5743 socordiam
1447 5682 1502 5726 et
1526 5672 1794 5743 ignaviam
1816 5672 1925 5736 jam
1950 5669 2162 5743 fortiter

593 5746 782 5795 contra
817 5738 1093 5799 Romanos
1127 5742 1496 5807 dimicaturos,
1528 5738 1581 5797 in
1622 5758 1715 5797 sua
1759 5749 1933 5794 castra
1968 5741 2162 5807 refugit

2307 4676 2393 4747 i'nc
2422 4676 2569 4746 recte
2591 4676 2787 4744 Suidas
2813 4676 2924 4740 ait:
2958 4676 3219 4756 ῥίψασπις
3246 4690 3332 4734 est
3382 4679 3409 4730 ὁ
3428 4676 3626 4756 δειλός.
3659 4676 3829 4756 qualis

2255 4746 2732 4831 fuitiCleouymus,
2776 4746 3045 4831 quiquod
3094 4753 3145 4831 in
3186 4764 3363 4821 pugna
3405 4746 3832 4831 clypeumahj‘ef

2256 4831 2440 4893 cisset,
2474 4817 2762 4900 prdverbio
2792 4817 2939 4882 dedit
2964 4817 3330 4900 occasionem,
3354 4828 3421 4900 ut
3434 4817 3830 4900 quilibetyilis

2256 4886 2589 4987 ξςλεῳνύμου
2616 4899 2917 4969 δειλότερος
2945 4896 3236 4950 diceretur.
3270 4890 3405 4944 Vide
3434 4886 3663 4942 Suidam
3695 4886 3749 4938 in
3779 4900 3824 4937 v-

2255 4972 2605 5040 Κλεώνυμος.

2330 5042 2453 5096 136.
2494 5040 2698 5095 Sensus
2738 5048 2839 5093 est:
2879 5035 3224 5108 Recogitans,
3256 5037 3457 5101 quanta
3494 5026 3697 5108 fuisset
3727 5024 3830 5108 Ruf

2254 5128 2539 5167 manorum
2596 5110 2775 5165 vilitas
2838 5116 2895 5163 et
2958 5104 3240 5169 socordia,
3296 5104 3536 5171 speravit
3594 5104 3833 5149 victuros

2254 5181 2470 5308 P831318.-
2486 5248 2886 5325 Theophanes,
2897 5235 3251 5325 ibitl.:_0i’i:ro;
3274 5232 3834 5325 axgpasjcpsqjss;

2256 5306 2473 5393 Πέρσας
2500 5306 2740 5390 ἀπῆλδεν
2764 5306 2998 5379 ἐλπίζων
3019 5314 3216 5374 αὐτοὺς
3234 5311 3333 5379 τὴν
3360 5306 3653 5375 Ῥωμαίων
3679 5318 3837 5371 στραο

2255 5394 2408 5447 τείαν
2440 5393 2647 5446 ὀλέσαι.
3324 5440 3332 5447 ¹
3416 5446 3419 5447 ν
3550 5443 3559 5447 _
3642 5442 3663 5447 Δ
3721 5439 3736 5447 Α
3760 5439 3771 5447 Ι

2334 5463 2455 5517 165.
2497 5462 2666 5527 Idem,
2720 5475 2777 5529 p.
2820 5462 2961 5513 256:
3003 5462 3149 5507 Ἰδὼν
3185 5462 3240 5503 δὲ
3286 5462 3466 5500 αυτιον
3509 5462 3610 5523 την
3637 5462 3834 5494 osum

2266 5533 2405 5602 μετὰ
2431 5532 2664 5602 δεκάτην
2692 5528 2906 5602 ἡμέραν
2930 5522 3198 5602 πρὸςδτδν
3227 5516 3447 5602 βασιλέα
3478 5507 3834 5602 agniti-3.92653

2262 5577 2457 5658 ioc'ém'
2477 5577 2929 5669 ssiaéqv‘gufiiiic
2955 5577 3019 5650 ex
3048 5577 3237 5647 “Pisida'
3268 5588 3359 5641 καὶ
3387 5577 3677 5653 τετάρτην.
3708 5577 3833 5631 Vide

2262 5689 2448 5743 supra,
2488 5686 2536 5724 ν.
2570 5670 2692 5725 150.

2720 5475 2795 5529 ιν.
2820 5456 2961 5513 256ε
3002 5452 3149 5529 Ἰδὼν
3185 5450 3253 5529 δελ
3286 5440 3466 5529 abrth
3490 5439 3835 5529 "tt‘fﬁgtli‘dr
