4126 6282
427 528 665 611 ξΕκεῖνος
699 528 834 598 ἡμῖν
865 527 1048 581 πᾶσαν
1077 528 1475 599 ὴκριδωμένως

434 618 558 672 Τῶν
588 616 891 688 Βαρϐάρων
922 615 1103 680 ἐξεῖπε
1134 616 1235 687 τὴν
1266 617 1550 686 ἀτολμίαν,

276 702 381 766 1Ἲό
419 710 527 763 Καί
556 726 659 763 που
692 708 788 761 σὺν
813 708 998 770 αὐτοῖς
1021 711 1134 771 τοίς
1159 708 1337 777 λόγοις
1369 707 1647 778 ἐπηύξατο

420 800 578 855 Οὖτω
605 800 693 853 διὰ
719 800 909 863 τέλους
937 800 1064 863 τοὺς
1092 801 1369 864 ἐναντίους
1392 800 1611 870 βλέπειν

428 894 515 957 Ὠς
546 893 687 945 εἰσὶν
722 893 845 961 ἄρτι
873 892 1075 955 πάντες
1108 893 1457 963 ἐπτοημένοι.

498 983 557 1035 Ὁ
586 982 875 1053 Βάρϐαρος
904 981 960 1035 δὲ
987 982 1261 1054 πανταχοῦ
1292 984 1484 1037 κλονού
1495 1001 1657 1055 μενος

416 1074 598 1128 Δεινόν
620 1091 675 1127 τι
699 1074 905 1145 τολμᾷν
931 1074 996 1126 ἐκ
1026 1073 1147 1141 βίας
1178 1074 1528 1145 βουλεύεται·

278 1165 383 1222 180
422 1162 544 1219 Οἵδε
575 1165 685 1235 γάρ
708 1165 783 1229 ὼς
810 1166 878 1219 τά
909 1166 1080 1221 πολλά
1106 1167 1201 1220 καὶ
1231 1168 1553 1238 περίστασις

420 1259 500 1311 Τὰ
524 1257 676 1312 δεινά
704 1258 912 1311 τίκτειν
939 1259 1004 1313 ἐκ
1037 1258 1191 1323 δέους
1226 1259 1592 1330 βουλεύματα.

422 1349 535 1401 Καὶ
565 1347 629 1417 δὴ
661 1347 780 1400 κατ’
808 1348 970 1401 αὐτὸν
999 1352 1098 1420 τῆς
1125 1350 1373 1419 ἀνάγκης
1401 1350 1493 1402 τὸν
1522 1350 1712 1421 χρόνον

424 1433 599 1505 Ὥραν
629 1433 893 1504 φυλάξας,
926 1434 1001 1498 ὡς
1028 1434 1227 1501 ἔδοξεν.
1261 1436 1500 1501 εὔθετον,

424 1524 552 1578 Ὅτε
577 1524 865 1594 προκύψας
891 1526 955 1579 ἐκ
989 1526 1188 1596 βάθους
1220 1527 1498 1598 ἑωσφόρος

279 1615 387 1672 185
422 1616 644 1687 Πρόεισι
674 1616 927 1687 λαμπρὸς
952 1618 1183 1687 ἄγγελος
1207 1619 1309 1690 τῆς
1338 1621 1571 1693 ἡμέρας,

425 1708 522 1771 Εἰς
544 1710 697 1778 τρεῖς
727 1709 826 1778 μέν
864 1710 988 1781 ἱστᾷ
1018 1710 1112 1762 τὸν
1138 1712 1370 1782 στρατὸν
1394 1712 1709 1786 διαιρέσεις,

434 1797 855 1869 Ἀντιπρόσωπα
881 1799 959 1867 τῷ
980 1799 1159 1853 δοκεῖν
1188 1802 1259 1856 τά
1283 1804 1541 1874 τάγματα

420 1890 551 1951 Ταῖς
585 1891 706 1953 σαῖς
736 1890 971 1959 φάλαγξι
1004 1893 1101 1945 σὺν
1120 1893 1257 1964 δόλῳ
1284 1893 1628 1965 ποιούμενος,

419 1981 533 2051 Τὴν
561 1980 791 2052 ἐκλογὴν
822 1982 880 2036 δὲ
904 1982 999 2036 σοῦ
1033 1984 1264 2056 στρατοῦ
1303 1986 1652 2057 συναρμόσας

277 2074 382 2131 190
422 2074 696 2146 Ἔκρυψεν
726 2076 926 2141 αὐτοὺς
950 2078 1060 2131 τῶν
1091 2080 1389 2150 φαράγγων
1418 2082 1475 2133 ἐν
1502 2082 1671 2154 μέσῳ,

419 2166 609 2231 Ὅπως
637 2168 862 2222 ἐκείνων
892 2170 1238 2239 ἐκραγέντων
1262 2172 1326 2223 ὲκ
1357 2171 1556 2241 βάθους

428 2256 877 2329 Ἀπροσδοκήτως
906 2260 1002 2314 καὶ
1028 2260 1169 2330 παρ’
1202 2260 1427 2324 ἐλπίδας
1457 2262 1607 2333 φόϐῳ

416 2350 599 2421 Μέρος
625 2370 677 2405 τι
705 2351 814 2405 τῶν
849 2352 959 2406 σῶν
985 2354 1297 2427 συνταράξῃ
1330 2354 1658 2425 ταγμάτων·

411 2440 535 2495 Τῶν
561 2443 670 2513 γὰρ
691 2442 1015 2512 φθασάντων
1042 2444 1139 2515 τῆς
1165 2444 1429 2517 ἀτολμίας
1465 2446 1674 2517 χρόνων

273 2660 375 2702 nes
400 2659 749 2705 accurrentes
795 2648 1025 2720 excipis,
1068 2665 1178 2705 non
1216 2659 1569 2707 accurrentes
1597 2650 1664 2706 ad
1706 2651 1856 2707 salu-

276 2746 388 2792 tem
419 2749 722 2809 exspectas.
762 2740 858 2796 Ille
903 2742 1061 2796 nobis
1112 2757 1329 2798 omnem
1366 2743 1673 2798 accuratius
1723 2742 1857 2797 Bar-

276 2828 533 2885 barorum
604 2832 874 2887 enarravit
936 2833 1295 2889 socordiam:
1350 2835 1496 2905 (775)
1552 2851 1616 2891 ac
1675 2835 1858 2890 forsan

280 2922 463 2978 medio
496 2923 551 2977 in
584 2938 837 2979 sermone
867 2933 1118 2994 precatus
1142 2934 1227 2980 est
1249 2944 1262 2977 :
1283 2924 1502 2981 Utinam
1542 2926 1616 2980 ita
1644 2940 1860 2997 semper

281 3014 535 3071 inimicos
557 3016 795 3084 videam,
823 3028 885 3073 ut
916 3026 1044 3073 sunt
1084 3033 1233 3073 nunc
1263 3033 1455 3073 omnes
1503 3017 1579 3072 illi
1607 3027 1857 3074 conster-

278 3107 390 3161 nati
412 3109 425 3162 l

1239 417 1335 477 DE
1363 416 1877 478 EXPEDITIONE
1910 416 2227 478 PERSICA
2262 415 2430 477 ΑΕΒ.
2467 414 2581 475 III.

3398 414 3419 481 1
3430 415 3534 480 246

1883 540 1924 596 Α
1957 530 2061 585 195
2096 528 2392 600 Είθισμένη
2420 545 2502 591 τις
2534 525 2688 591 ἐλπὶς
2720 524 2882 579 αὑτὸν
2914 526 3119 597 ἠπάτα,

2109 621 2197 685 Ὠς
2226 622 2383 691 είπερ
2408 617 2467 672 ἐν
2493 636 2546 671 τι
2575 616 2669 671 τοῦ
2707 616 2939 688 στρατοῦ
2970 617 3103 688 λυθῇ
3142 618 3330 689 μέρος.

2096 713 2322 785 Τροπῆς
2348 711 2561 775 δλισθος
2583 711 2664 773 είς
2691 710 2751 763 τὸ
2784 711 2892 764 πᾶν
2916 709 3225 779 διαδράμοι.

2110 804 2251 858 Ἀλλ’
2280 805 2381 858 ούκ
2410 803 2837 873 άνευτρέπιστος
2868 799 3240 863 ἀνθωπλίζετο

2101 897 2217 967 Τῆς
2247 896 2345 967 σῆς
2373 893 2779 965 ἐτοιμότητοςή
2807 892 3129 962 στρατηγία.

1952 989 2062 1045 200
2100 990 2240 1059 Πρὶν
2262 988 2297 1060 ἢ
2326 988 2436 1059 γὰρ
2469 989 2502 1058 ἠ
2535 986 2631 1053 νὺξ
2660 986 2758 1056 τὴν
2787 986 2961 1057 μέσην
2986 984 3159 1056 τομὴν
3180 983 3355 1047 λάόοι,

2094 1082 2312 1143 Πάντας
2348 1081 2445 1151 μὲν
2477 1079 2657 1133 αὐτῶν
2678 1080 2803 1141 τοὺς
2832 1078 3248 1149 κεκρυμμένους
3279 1077 3463 1140 δόλους

2097 1172 2231 1237 Ταῖς
2265 1172 2386 1234 σαῖς
2420 1170 2713 1242 μερίμναις
2735 1169 2793 1235 ἐξ
2824 1169 2980 1232 ἔθους
3006 1168 3300 1238 ἠπίστασο,

2098 1262 2280 1329 Τάξας
2306 1262 2363 1315 δὲ
2393 1261 2552 1324 θείως
2578 1262 2669 1314 τὸν
2701 1261 2929 1332 στρατὸν
2962 1261 3056 1314 καὶ
3087 1259 3354 1332 ρυθμίσας

2100 1355 2245 1424 Πρὸς
2266 1355 2365 1425 τὴν
2400 1353 2582 1425 μάχην
2608 1353 2805 1416 αὐτοὺς
2829 1353 3042 1422 ἐξῆγες,
3072 1352 3235 1423 ἡνίκα

1955 1446 2064 1500 205
2100 1446 2173 1499 Τὸ
2202 1445 2317 1515 φῶς
2352 1445 2588 1516 ἀνίσχων
2620 1445 2744 1508 τοὺς
2775 1443 3050 1507 ἐναντίους
3081 1445 3244 1498 πάλιν

2111 1534 2170 1588 Ὀ
2204 1536 2397 1597 σεπτὸς
2432 1535 2613 1599 αὐτοῖς
2641 1534 2919 1598 ἐσκότιζεν
2953 1534 3126 1605 ἥλιος.

2102 1627 2213 1682 Καὶ
2243 1627 2308 1697 δὴ
2338 1627 2689 1698 προπέμπεις
2714 1626 3077 1698 εὐαρίθμητον
3114 1626 3278 1697 μέρος

2098 1720 2207 1773 Τοῦ
2242 1720 2334 1773 σού
2368 1720 2623 1794 στρατοῦ,
2653 1720 2936 1789 κράτιστε.
2967 1718 3192 1782 τούτους
3220 1718 3451 1783 ὁπλίσας

2100 1815 2175 1865 Ού
2199 1816 2309 1876 τοῖς
2337 1812 2520 1874 ὅπλοις
2550 1810 2801 1863 τοσοῦτον
2822 1810 2898 1873 ὡς
2924 1809 3253 1872 εὐϐουλίαις.

1887 1900 1927 1955 Β
1954 1902 2060 1959 210
2110 1902 2267 1955 Ἐπεὶ
2292 1903 2400 1974 γὰρ
2434 1902 2728 1971 ἐξήλαυνον
2753 1899 2941 1970 ὥσπερ
2979 1903 3059 1963 εἰς
3096 1900 3299 1969 μάχην,

2092 1995 2197 2047 Τὸν
2227 1993 2465 2047 πλαστὸν
2502 1988 2657 2055 αὖθις
2688 1991 3117 2062 σχηματίζονται
3148 1989 3333 2059 φόϐον,

2106 2085 2485 2156 Ἑψευσμένως
2511 2084 2826 2153 φεύγοντες.
2860 2084 2920 2135 Οἱ
2946 2082 3001 2135 δὲ
3028 2082 3325 2152 Βάρεαροι,

2089 2175 2200 2245 Τῆς
2234 2177 2466 2247 ἐκλογῆς
2495 2176 2673 2229 ἐκεῖνο
2700 2174 2759 2228 τὸ
2785 2175 3011 2246 στερρὸν
3040 2174 3224 2243 νέφος.

2109 2269 2206 2323 Ἐκ
2230 2268 2338 2323 τῶν
2371 2268 2584 2339 ἀδήλων
2615 2265 2944 2327 ἐκπεσόντες
2974 2263 3228 2318 αὐλάκων

1955 2358 2064 2414 215
2100 2358 2372 2413 Ἤλαυνον
2393 2357 2593 2419 αὐτοὺς
2621 2353 2700 2425 τῷ
2730 2354 2907 2407 δοκεῖν
2936 2350 3299 2421 πεφευγότας.

2024 2468 2029 2471 ‘
2096 2449 2271 2514 Αὐτὸς
2297 2449 2353 2503 δέ
2384 2446 2597 2511 τούτοις
2625 2442 3019 2511 άντεπεξάγεις
3046 2442 3213 2511 τάχος

1954 2649 2163 2723 jamdiu
2226 2648 2603 2721 trepidationis
2656 2658 2873 2720 tempus
2935 2656 3221 2712 cessasset,
3273 2646 3419 2718 (l95)
3469 2649 3540 2706 de

1960 2757 2111 2798 more
2148 2741 2205 2797 in
2265 2756 2416 2812 spem
2465 2741 2700 2809 aliquam
2748 2740 3007 2809 deceptus
3038 2745 3261 2793 venerat
3306 2737 3421 2792 fore
3456 2747 3537 2804 ut,

1961 2834 2005 2890 si
2039 2850 2145 2906 qua
2199 2849 2325 2905 pars
2378 2833 2650 2888 exercitus
2693 2832 3112 2895 dissolveretur,
3168 2830 3541 2884 consternatio

1960 2926 2068 2981 late
2098 2940 2197 2996 per
2225 2932 2397 2979 totum
2426 2930 2761 2977 cxcurreret.
2796 2920 2862 2975 At
2902 2935 3012 2975 non
3038 2918 3213 2974 defuit
3254 2919 3436 2973 statim
3462 2917 3540 2973 illi

1962 3028 2153 3074 contra
2182 3031 2471 3073 occurrere
2504 3024 2595 3070 tua
2645 3016 2700 3069 in
2725 3014 2890 3068 rebus
2938 3011 3261 3067 militaribus
3297 3010 3537 3065 solertia.

1966 3113 2113 3185 (200)
2137 3111 2456 3181 Priusquam
2501 3108 2645 3164 enim
2673 3123 2779 3161 nox
2815 3106 2881 3161 ad
2906 3105 3143 3160 medium
3183 3104 3285 3158 iter
3304 3102 3539 3170 veniret,

350 3200 421 3254 At
471 3199 740 3255 Barbarus
787 3200 841 3255 in
878 3216 1090 3255 summa
1133 3215 1316 3254 rerum
1347 3199 1706 3269 trepidatione
1728 3201 1857 3272 quid
1885 3214 1929 3272 (Γ.
1959 3205 2069 3276 jam
2105 3218 2297 3259 omnes
2334 3216 2522 3256 eorum
2569 3198 2812 3253 occultos
2853 3195 3005 3251 dolos
3038 3204 3129 3248 tua
3159 3192 3435 3263 vigilantia
3472 3190 3541 3245 de

279 3288 437 3347 triste
484 3292 667 3347 animo
721 3291 897 3346 moliri
952 3291 1182 3362 cogitur.
1215 3290 1361 3363 (180)
1415 3290 1565 3347 Solet
1599 3293 1767 3357 enim,
1805 3303 1867 3348 ut

278 3398 425 3455 δωρο
476 3384 554 3450 ﬁt,
614 3400 813 3455 urgens
872 3384 1172 3439 necessitas
1223 3400 1417 3456 magna
1477 3400 1669 3455 parere
1725 3388 1867 3443 inter

276 3484 485 3529 metum
518 3476 764 3529 consilia.
790 3474 907 3530 Iam
943 3490 1073 3529 vero
1096 3474 1334 3529 instante
1355 3476 1697 3530 necessitatis
1726 3483 1866 3531 tem-

277 3582 437 3637 pore,
473 3577 636 3637 atque
671 3567 803 3622 hora
834 3575 1164 3637 exspectata,
1191 3583 1312 3637 qua:
1335 3568 1447 3623 visa
1487 3578 1573 3623 est
1599 3578 1865 3639 opportu-

275 3659 417 3721 nior,
469 3660 687 3729 quando
738 3674 1022 3730 emergens
1053 3675 1083 3714 e
1122 3660 1392 3729 profundo
1444 3660 1663 3716 Lucifer
1703 3660 1853 3731 (185)

276 3753 461 3822 prodit
512 3752 832 3822 splendidus
891 3753 1117 3807 nuntius
1164 3753 1291 3817 dici,
1348 3754 1402 3807 in
1464 3763 1577 3809 tres
1634 3754 1855 3824 quidem

276 3854 462 3914 partes
493 3843 689 3899 dividit
727 3844 1050 3909 exercitum,
1085 3844 1154 3898 ita
1194 3850 1253 3897 ut
1275 3843 1453 3899 fronte
1482 3847 1744 3914 opposita:
1771 3843 1856 3898 vi-

277 3936 538 3991 derentur
564 3936 707 3991 acies
738 3936 844 3989 tuis
873 3935 1269 4007 pbalangibus;
1296 3936 1439 4005 quod
1481 3935 1678 3991 factum
1709 3935 1854 3989 dolo.

278 4028 319 4082 A
354 4038 467 4084 toto
501 4038 680 4084 autem
720 4029 955 4083 exercitu
999 4029 1238 4102 delegos
1268 4028 1468 4082 milites
1492 4028 1636 4099 (190)
1673 4027 1859 4081 anfra-

277 4128 396 4173 ctus
431 4119 573 4173 inter
600 4120 808 4175 medios
832 4119 1139 4181 occultavit,
1174 4128 1232 4173 ut
1264 4119 1396 4189 ipsis
1425 4118 1850 4188 erumpentibus

276 4227 338 4266 ex
383 4212 604 4267 latebris
640 4212 936 4282 improviso
974 4220 1028 4265 ct
1053 4221 1253 4281 praeter
1283 4226 1434 4279 spem
1462 4226 1527 4264 ex
1568 4210 1859 4265 formidine

276 4321 400 4377 pars
434 4304 612 4375 aliqua
645 4313 863 4359 tuorum
903 4304 1212 4358 turbaretur
1234 4304 1508 4359 ordinum.
1548 4302 1684 4357 Cum
1708 4304 1854 4357 enim

1961 3310 2113 3350 more
2143 3305 2498 3364 cognoveras.
2538 3288 2879 3344 Etdivinitus
2927 3285 3185 3340 ordinans
3215 3298 3541 3337 numerans-

1960 3400 2067 3455 que
2105 3384 2290 3454 copias
2331 3382 2398 3435 ad
2445 3394 2678 3455 pugnam
2709 3386 2832 3431 tuos
2863 3374 3117 3437 cduxisti,
3151 3373 3369 3443 quando
3392 3370 3538 3441 (205)

1960 3477 2241 3532 exoriente
2282 3474 2402 3527 luce
2440 3465 2767 3526 adi'ersariis
2800 3468 2996 3522 iterum
3049 3465 3151 3530 sol,
3183 3478 3345 3534 quem
3370 3477 3541 3517 vene-

1961 3576 2171 3631 rantur,
2201 3566 2386 3621 oculos
2417 3560 2839 3635 perstringebat.
2874 3558 3014 3613 Tum
3043 3571 3173 3611 vero
3203 3553 3409 3611 emittis
3428 3569 3543 3607 mo-

1961 3660 2137 3717 dicam
2181 3672 2401 3713 manum
2454 3672 2518 3711 ev
2567 3663 2662 3709 tuo
2716 3652 2981 3717 exercitu,
3021 3665 3054 3705 ο
3096 3648 3409 3710 fortissime,
3451 3661 3541 3698 ar-

1961 3768 2185 3823 masquc
2212 3751 2451 3823 singulos
2490 3765 2599 3804 non
2634 3757 2743 3802 tam
2774 3745 2937 3799 armis
2967 3757 3127 3813 quam
3177 3740 3335 3795 bonis
3362 3737 3543 3793 consi-

1962 3847 2066 3903 liis.
2096 3846 2240 3919 (210)
2264 3846 2362 3899 Vix
2385 3844 2527 3899 enim
2552 3843 2625 3898 tui
2652 3852 2905 3909 tanquam
2930 3838 2994 3892 ad
3014 3849 3246 3906 pugnam
3275 3832 3540 3893 exierant,

1964 3955 2086 3995 cum
2115 3938 2299 3993 fictum
2337 3945 2561 4005 repente
2589 3940 2866 3987 ostentant
2896 3929 3143 3984 timorem
3177 3923 3543 3990 simulantque

1964 4026 2167 4097 fugam.
2205 4026 2343 4080 Tum
2373 4040 2501 4078 vero
2538 4021 2782 4098 Barbari,
2817 4019 2985 4073 densa
3014 4016 3101 4070 illa
3136 4014 3401 4068 lectorum
3440 4008 3543 4063 mi-

1961 4120 2115 4173 litum
2149 4118 2291 4172 nube
2310 4133 2375 4171 ex
2404 4115 2631 4171 occultis
2662 4114 2859 4168 emissa
2885 4109 3077 4173 foveis,
3112 4105 3257 4176 (215)
3295 4119 3389 4159 eos
3417 4110 3545 4156 sunt

1964 4210 2203 4283 aggressi
2228 4211 2320 4280 qui
2360 4209 2750 4263 simulaverant
2772 4205 2979 4275 fugam.
3012 4202 3095 4256 'I‘u
3128 4215 3258 4255 vero
3285 4199 3386 4252 hos
3407 4211 3542 4250 con-

1966 4312 2046 4358 tra
2077 4301 2265 4357 educis
2307 4316 2470 4372 quam
2496 4297 2801 4362 celerrime,
2824 4312 2963 4368 quos
2992 4292 3229 4350 habuisti
3258 4290 3543 4355 meliores;

1558 4484 1795 4539 VARUE
1831 4481 2242 4538 LECTIONES.

275 4646 381 4702 201
419 4646 613 4718 ἐξῆγες
635 4645 875 4711 αὺτούςῖ
944 4646 1050 4701 211
1074 4645 1455 4717 ἐκπέμποντες
1488 4644 1576 4701 ed.

1774 4795 2006 4853 ΝΟΤᾹΞ.

352 4966 473 5020 175.
516 4964 684 5030 Idem,
710 4964 836 5017 ibid.
872 4981 887 5017 :
929 4963 1038 5016 Καὶ
1090 4964 1267 5017 πᾶσαν
1309 4958 1553 5031 ἀκριϐῶς
1600 4956 1699 5028 τὴν
1747 4953 1857 5008 τῶν
1889 4952 1933 5008 D
1962 4949 2165 5031 nifcsto
2214 4946 2374 5029 terris
2412 4946 2546 5009 sole,
2581 4953 2829 5014 paratum
2878 4942 2944 4997 ad
2976 4956 3211 5014 pugnam
3242 4955 3306 4993 ex
3341 4940 3547 5009 impro-

276 5037 579 5107 Βαρϐάρων
608 5035 836 5107 ἐξεῖπεν
853 5034 1138 5107 ἀτολμίαν.

349 5096 483 5162 18οί
504 5104 589 5159 Cf.
621 5096 904 5173 Euripides
931 5096 1234 5167 in'llelena,
1251 5119 1303 5155 v.
1324 5101 1445 5173 520.
1466 5099 1770 5173 Curtiu_s,v,
1792 5096 1855 5173 ὅς

278 5178 562 5249 Ignaviam
588 5166 868 5229 necessitas
916 5176 1082 5239 acuit,
1126 5184 1175 5228 et
1226 5188 1362 5235 same
1408 5170 1703 5241 desperatio
1748 5166 1860 5255 spei

277 5266 438 5301 causa
472 5257 569 5302 ρει.

351 5320 472 5381 184.
515 5318 897 5389 Theophanes,
949 5316 1120 5389 ibid.:
1162 5315 1323 5389 'odas
1372 5312 1605 5389 σοϐαρὸς
1632 5308 1859 5389 ,μηκέτι

278 5378 572 5458 ὑποφέρων
601 5378 698 5457 τὴν
722 5392 779 5443 ἐν
802 5378 1016 5458 τῴόρει
1043 5386 1346 5457 διατριϐὴν,
1374 5378 1695 5455 ἠναγκάσθη
1726 5378 1859 5449 πρὸς

278 5461 515 5526 πόλεμον
530 5460 801 5529 Ῠόρμῆσαι.

352 5519 474 5583 198.
515 5519 632 5581 Ούκ
660 5519 1082 5595 ἇνευτρέπιστος
1124 5543 1188 5581 ex
1225 5544 1280 5588 α,
1315 5542 1437 5595 quae
1469 5519 1727 5595 privandi
1750 5519 1861 5573 vim

278 5600 546 5668 liabet,et
576 5591 901 5668 εύτρεπίζω.
928 5598 1313 5666 Theophanes,
1334 5591 1488 5668 ibid.
1510 5593 1602 5668 Sic
1630 5591 1819 5668 eadem
1846 5608 1860 5644 :

290 5660 350 5721 5U
375 5670 433 5722 δὲ
456 5660 722 5737 βασιλεύς
752 5660 1048 5737 προγνοὺς,
1086 5660 1186 5720 ’καί
1217 5665 1485 5729 συντάξας
1512 5662 1605 5737 τον
1633 5660 1865 5732 στρατὸν

279 5733 488 5806 ὁμοίως
535 5740 615 5800 εἰς
670 5733 820 5806 τρεῖς
867 5736 1183 5802 φάλαγγας,
1236 5737 1316 5798 είς
1360 5736 1457 5802 τὴν
1496 5733 1676 5806 μάχην
1726 5746 1865 5800 προ·

282 5795 661 5879 ήγατγεξλΑηίιε
694 5795 812 5879 lixae
832 5795 1352 5879 enim'lilieophanes
1378 5795 1538 5859 refert
1568 5795 1857 5879 Pcrsarum

284 5874 477 5936 ducem
510 5877 682 5934 diviso
717 5878 772 5931 in
805 5878 904 5931 tria
928 5874 1437 5945 annuna’excrcitu,
1472 5874 1715 5931 nondum
1742 5888 1855 5927 rna-

1961 5020 2081 5075 viso
2108 5019 2450 5088 apparuisse.

2026 5078 2154 5144 205:
2180 5078 2362 5150 'ldem,
2388 5086 2554 5140 ibid.:
2582 5084 2690 5137 Τοῦ
2736 5085 2791 5137 δὲ
2832 5083 2985 5154 ἡλίου
3034 5082 3412 5154 ἀνατείλανξρς
3452 5078 3548 5132 καὶ

1955 5146 2505 5283 τοῦἒασιλέωςκατά
2526 5155 2790 5217 ἀνατολὰς
2819 5146 3153 5239 εὖρεθέντος,
3178 5153 3303 5214 τοὺς
3325 5146 3548 5233 Πέρσας

1957 5233 2056 5285 ἐσκ
2091 5230 2237 5294 τιζεν
2266 5230 2297 5294 ἡ
2338 5226 2528 5280 τούτου
2578 5226 2754 5288 ἀκτὶς,
2787 5225 2846 5277 ὃν
2871 5241 2947 5286 ως
2986 5222 3116 5277 Θεὸν
3149 5237 3544 5292 προσεκύνουν.

1989 5247 2237 5285 σκοτιςεν

2026 5302 2152 5356 206.
2198 5294 2329 5353 Vide
2367 5313 2530 5367 supra
2554 5311 2761 5367 acroas.
2796 5294 2984 5367 15265.

2032 5372 2166 5425 210.
2212 5357 2576 5437 Theophanes
2599 5366 2772 5420 ibid.:
2818 5365 2877 5417 '0
2908 5364 2966 5417 δὲ
3011 5364 3263 5437 βασιλεὺς
3306 5357 3548 5437 ἐσχημά-

1959 5461 2079 5497 τισε
2118 5440 2211 5494 τὸν
2243 5428 2566 5492 λαδν“αὺτοῦ
2610 5438 2690 5497 είς
2731 5437 2909 5505 φυγὴν
2961 5428 3277 5505 τραπέντα)
3313 5428 3404 5483 καὶ
3451 5428 3547 5505 λιρ..

1963 5529 2156 5574 σαντες
2200 5511 2399 5563 ὲκεῖνοι
2444 5510 2543 5570 τὰς
2577 5497 3391 5575 φάλαγγαςὰκρατῶς*διώκειν
3420 5497 3545 5575 τού-

1958 5567 2086 5646 τους
2130 5567 2402 5649 ἓνόμιζον.
2453 5567 2913 5649 Ἐπιστραφέντες
2942 5567 3036 5649 οὖν
3070 5576 3118 5649 οἱ
3155 5572 3432 5649 Ῥωμαῖοι.
3446 5567 3544 5649 εύ-

1959 5637 2148 5723 ᾤύχῖυς
2183 5637 2404 5723 τούτους
2434 5637 2751 5723 ἐτρέψαντο,
2790 5637 3142 5723 καὶπολλοὺς
3164 5637 3544 5723 ἀνεῖλονηέλάέ

1964 5709 2157 5785 σαντες
2192 5709 2537 5792 αὑτοὺςλὲαξς
2563 5709 2870 5792 τούᾷὅρους,
2908 5717 2989 5779 είς
3028 5712 3307 5792 κρημνοὺς
3348 5709 3546 5792 αύτούς

1964 5780 2324 5890 ἐμϐάλλογτες
2341 5780 2433 5845 καὶ
2454 5780 2650 5853 τόπους
2668 5780 2987 5854 δύσϐάτους,
3008 5780 3102 5839 καὶ
3124 5780 3329 5844 πάντας
3348 5780 3546 5841 αὐτοὺς

1967 5867 2310 5935 συνέτριψαν.

2338 5226 2528 5280 τούτου
2578 5226 2754 5288 ἀκτὶς,
2787 5225 2846 5277 δν
2871 5220 2947 5286 ὡς
2986 5222 3116 5277 Θεὸν
3149 5220 3544 5292 προσεκύνουν.
3638 5256 3639 5259 η
