4126 6282
529 351 668 421 1247

686 560 1104 631 ’Δπροσδοκήτῳ
1135 563 1536 635 προσραγὲντες
1573 565 1829 618 συντάσει

673 658 754 712 Τά
779 657 924 712 νῶτα
952 662 1063 724 τοῖς
1093 663 1204 724 σοῖς
1235 661 1471 725 οἰκέταις
1499 659 1863 730 ἀπέστρεφον.

742 745 814 802 Ὦ
843 750 968 817 νοῦς
996 751 1226 822 διαρκὴς
1256 753 1351 805 καὶ
1382 752 1675 821 τομωτάτη
1709 748 1870 818 φύσις

673 841 782 893 Καὶ
808 839 918 911 πῦρ
945 840 1223 912 λογισμῶν
1253 843 1311 895 ὲν
1342 842 1492 913 βάθει
1515 840 1831 912 διατρέχονι

672 931 864 1000 Ὅμως
893 931 955 984 τὸ
984 931 1094 1003 πῦρ
1124 933 1224 1003 μὲν
1259 933 1354 986 καὶ
1385 933 1628 1004 μελαίνει
1662 932 1758 986 καὶ
1791 929 2006 1001 φλέγει·

684 1021 744 1074 '0
774 1021 865 1085 σὸς
888 1023 945 1075 δὲ
978 1023 1122 1086 νοῦς,
1155 1025 1367 1094 ἄριστε,
1395 1024 1673 1078 λευκαίνει
1703 1022 1764 1075 τὸ
1796 1024 1905 1076 πᾶν
1924 1063 1940 1088 ,

677 1113 886 1168 Θάλπει
917 1116 973 1168 δὲ
1004 1117 1211 1177 πάντας
1238 1119 1333 1172 καὶ
1359 1117 1604 1189 πυρώσει
1642 1117 1717 1187 μὴ
1743 1116 1981 1186 φλέγων.

756 1207 818 1258 '0
846 1207 1130 1278 Βάρόαρος
1153 1209 1211 1262 δὲ
1237 1209 1330 1262 τὸν
1361 1210 1747 1281 κεκρυμμένον
1769 1209 1920 1262 δόλον

676 1296 868 1368 Εὑρὼν
889 1299 1068 1370 ἑαυτῷ
1099 1299 1293 1370 βόθρον
1321 1302 1385 1354 ὲκ
1415 1301 1751 1366 τούναντίου,

680 1388 880 1452 Ὅλους
908 1391 1190 1462 προπηδᾷν
1221 1395 1335 1457 τοῖς
1356 1396 1621 1464 τραπεῖσι
1656 1393 1978 1464 συμμάχους

692 1478 786 1533 Ἐκ
813 1478 922 1534 τῶν
955 1482 1151 1536 ἑαυτοῦ
1180 1485 1480 1554 ταγμάτων
1512 1484 1836 1557 ἐπέτρεπεν,

691 1567 843 1621 Ἐπεὶ
869 1569 926 1622 δὲ
958 1571 1194 1634 καύτους
1223 1567 1362 1627 εἶδεν
1391 1575 1761 1644 ἐπτοημένους

539 1658 645 1715 250
684 1660 795 1712 Καὶ
827 1662 1095 1726 συντόνως
1131 1665 1429 1728 πίπτοντας
1455 1666 1668 1736 ἀσχέτῳ
1704 1663 1874 1735 φόϐῳ,

682 1753 908 1823 Πρῶτον
939 1755 1038 1824 μὲν
1069 1756 1236 1810 αὑτοῦ
1267 1757 1517 1811 δυσσεϐεῖ
1549 1760 1675 1823 τοὺς
1706 1758 2019 1831 προστάτας

683 1844 792 1896 Καὶ
822 1844 1014 1898 θᾶττον
1044 1847 1289 1918 ἠτίμωσε
1320 1851 1447 1913 τοὺς
1475 1849 1840 1920 τιμωμένους,

686 1935 872 2007 ’Υδωρ
905 1938 1150 2003 κενώσας
1181 1940 1275 1992 καὶ
1304 1940 1361 1994 τὸ
1395 1940 1506 2012 πῦρ
1538 1940 1908 2004 κατασϐέσας.

687 2027 914 2081 Καπνοῦ
945 2029 999 2082 δὲ
1037 2029 1238 2094 πολλάς
1268 2031 1562 2102 συγχύσεις
1583 2031 1929 2102 ποιούμενος,

542 2117 650 2174 255
691 2117 927 2172 κλέπτει
959 2119 1018 2172 τὺ
1048 2120 1274 2191 φεύγειν
1309 2126 1403 2175 καὶ
1436 2121 1707 2193 σχεδιάζει
1736 2123 1826 2176 τὸν
1859 2123 2078 2193 γνόφον,

686 2209 795 2262 Καὶ
824 2210 1000 2265 νύκτα
1035 2215 1198 2276 ποιεῖ,
1231 2215 1574 2285 καινοτομῶν
1601 2215 1698 2286 τὴν
1728 2216 1965 2285 ἡμέραν.

687 2303 879 2376 Εὐρών
903 2323 964 2359 τε
989 2307 1268 2380 κρημνοὺς
1307 2308 1400 2361 καὶ
1431 2311 1622 2374 στενὰς
1645 2310 1912 2377 διεξόδους

529 746 636 800 220

533 1207 641 1262 225

1834 357 2153 418 GEORGII
2195 342 2467 419 PISIDE

673 467 811 532 Τοὺς
839 467 966 532 σοὺς
995 469 1268 540 ἀρίστους,
1299 471 1394 524 καὶ
1419 473 1550 543 παρ’
1572 471 1795 536 ἐλπίδας
1818 473 1938 526 τότε
2135 481 2186 534 Λ

3669 352 3814 416 1248

2356 471 2529 536 Λοξάς
2557 485 2614 522 τε
2643 468 2860 540 πετρῶν
2892 466 3082 536 ⁴ξξοχάς
3111 465 3207 519 καὶ
3231 463 3554 530 δυσϐάτους,

2369 559 2512 616 Ὡθεῖ
2542 559 2790 630 καλύψας
2818 559 2897 630 τῷ
2922 560 3110 629 γνόφῳ
3142 556 3212 610 τά
3241 557 3502 626 τάγματα

2213 654 2320 708 240
2358 655 2466 708 Καὶ
2497 654 2597 717 τὰς
2632 652 2859 706 ἐκείνων
2891 651 3176 720 δυστυχεῖς
3207 647 3485 710 συνοικίας

2357 746 2503 818 Πρὸς
2531 746 2705 816 ἀκρον
2735 745 2868 813 ὕψος
2893 743 2990 797 καὶ
3019 741 3371 812 κατάρῤοπογ
3403 737 3591 810 βάθος.

2370 839 2651 894 Ἐντεῦθεν
2678 841 2862 902 αὐτοῖς
2889 838 3185 908 συμφορῶν
3220 835 3583 904 πολυτρόπων

2360 931 2796 1002 Συμπτωμάτων
2827 946 2887 983 τε
2914 928 3008 982 καὶ
3039 927 3218 998 φόνων
3243 927 3338 980 καὶ
3368 923 3709 995 κλασμάτων

2360 1025 2620 1087 Κίνδυνος
2648 1022 2984 1094 ηὐτρέπιστο
3009 1020 3304 1090 ωντριὸἧς
3332 1019 3540 1088 γέμων.

2217 1119 2325 1174 245
2363 1119 2472 1172 Καί
2505 1118 2608 1172 πού
2639 1135 2725 1182 τις
2755 1115 2936 1170 αὐτῶν
2965 1113 3025 1180 ἐξ
3054 1115 3302 1184 ἀνάγκης
3323 1111 3528 1182 ηῦξατο

2375 1209 2580 1262 Ἐλθεῖν
2605 1208 2725 1261 κατ’
2752 1205 2917 1261 αὐτοῦ
2948 1204 3360 1276 συντομώτερον
3387 1202 3560 1272 ξίφος.

2368 1302 2558 1361 ’Ἄλλος
2588 1301 2643 1354 δὲ
2667 1299 2858 1362 νώτοις
2890 1299 3138 1360 ἱππικοῖς
3169 1295 3440 1365 ὲφιζάνων

2363 1393 2653 1462 Μετεωρος
2683 1390 2824 1462 ἤρθη
2851 1393 2918 1460 τῇ
2952 1388 3044 1460 βίᾳ
3070 1387 3167 1442 τοῦ
3193 1387 3524 1455 σφίγματος.

2364 1481 2588 1544 Πολλοῖς
2612 1480 2670 1534 δὲ
2697 1483 2874 1550 τεῖχος
2907 1479 3005 1544 τὰς
3039 1477 3345 1547 καμηλίους
3375 1477 3499 1530 τότε

2226 1574 2328 1629 250
2367 1573 2615 1644 Πλευράς
2650 1571 3057 1635 κατεσκεύαζεν
3078 1573 3111 1640 ἡ
3141 1569 3488 1641 περίστασις.

2367 1663 2662 1737 Κρημνούς
2691 1682 2748 1717 τε
2781 1665 2984 1728 πάντες
3008 1663 3218 1733 ἀγρίων
3246 1660 3419 1731 αἰγῶν
3444 1659 3610 1730 δίκην

2366 1758 2550 1827 Φυγῆς
2581 1759 2926 1828 ἀνεξίχνευον
2957 1757 3345 1827 ὲκπηδήματα.

2379 1849 2442 1900 'll
2473 1848 2538 1917 σὴ
2567 1848 2626 1901 δὲ
2661 1850 2809 1901 πᾶσα
2837 1847 2929 1901 τοῦ
2955 1847 3188 1916 στρατοῦ
3226 1844 3474 1899 συνοικία

2367 1939 2663 2002 Βλέποντες
2694 1938 3044 2009 εὐφραίνοντο
3070 1941 3136 2008 τῇ
3163 1937 3284 2008 θείᾳ
3312 1937 3493 2008 κρίσει

2223 2031 2332 2087 255
2367 2030 2448 2084 Τὰ
2477 2031 2576 2100 τῆς
2606 2030 2914 2099 παραδόξου
2939 2029 3192 2100 θαύματα
3219 2028 3595 2099 στρατηγίαςδ

2368 2123 2509 2194 Βολὴ
2545 2123 2654 2194 γὰρ
2680 2123 2780 2176 οὐκ
2812 2120 2880 2194 ἦν
2913 2123 3300 2194 ὲπτερωμένου
3332 2120 3524 2191 βέλους

2382 2215 2470 2268 Ἐν
2496 2217 2564 2285 τῇ
2598 2215 2802 2284 μεταξὺ
2838 2213 2948 2268 τῶν
2978 2213 3225 2284 στρατῶν
3249 2213 3568 2282 διαστάσει,

2373 2306 2486 2363 Καὶ
2513 2309 2622 2373 πᾶς
2652 2324 2732 2372 τις
2764 2309 2797 2378 ή
2807 2307 2923 2379 μῶν
2949 2307 3186 2371 εὐκόλως
3210 2306 3486 2361 ἀπέϐλεπε

544 2539 612 2580 ac
637 2534 751 2581 tum
783 2536 982 2598 praeter
1005 2544 1155 2598 spem
1189 2529 1481 2600 improvisa
1518 2532 1754 2602 perculsi
1779 2531 2130 2588 contentione
2228 2528 2874 2600 diem.Prolapsusquein
2890 2527 3823 2600 crepidinesetangustostransitnl

554 2623 707 2687 terga
732 2617 838 2673 tuis
868 2617 1084 2673 famulis
1105 2628 1405 2674 verterunt.

2233 2636 2289 2676 et
2330 2623 2384 2676 in
2413 2631 2683 2691 prmrupta
2711 2631 2765 2676 et
2789 2621 2960 2675 ardua
3003 2620 3222 2690 rupium
3266 2621 3549 2674 cacumina
3575 2662 3590 2686 ,
3648 2619 3823 2674 tmdit

623 2707 774 2778 (220)
825 2706 870 2763 0
923 2723 1079 2765 mens
1135 2710 1583 2780 praestantissima
1611 2750 1626 2774 ,
1683 2722 1740 2766 et
1803 2712 2131 2766 acerrimum
2230 2722 2417 2782 septas
2450 2712 2680 2783 caligine
2712 2713 2896 2782 cepias
2919 2751 2932 2776 ,
2963 2710 3112 2780 (240)
3145 2721 3198 2766 et
3230 2711 3475 2765 infelices
3518 2711 3824 2765 contuber-

549 2798 868 2870 ingenium,
902 2810 958 2855 et
987 2801 1128 2873 ignis
1158 2803 1226 2856 ad
1261 2803 1398 2856 imas
1425 2803 1782 2871 cogitationes
1811 2805 2129 2873 permeans!
2231 2805 2384 2859 nales
2444 2803 2676 2859 feminas
2728 2805 2872 2859 inter
2914 2803 3186 2858 montium
3239 2803 3365 2873 iuga
3415 2811 3469 2856 et
3513 2802 3825 2872 przecipites

547 2889 646 2944 sed
675 2889 814 2962 ignis
842 2891 1063 2962 quidem
1096 2892 1342 2963 denigrat
1374 2904 1429 2948 et
1477 2894 1604 2957 urit,
1649 2903 1738 2949 tua
1789 2911 1918 2951 vero
1955 2911 2130 2960 mens,

550 2981 782 3052 optime,
817 2983 1034 3040 dealbat
1064 2986 1280 3053 omnia,
1319 3003 1618 3058 omnesque
1652 2988 1835 3056 fovet,
1884 2998 1940 3045 et
1978 2992 2136 3046 ardet

550 3088 664 3128 non
695 3090 884 3131 urens.

2234 2895 2422 2951 valles.
2453 2894 2591 2951 llinc
2615 2895 2746 2966 ipsis
2766 2895 3134 2949 calamitatum
3161 2893 3456 2954 variarum,
3480 2907 3546 2946 ne
3566 2893 3827 2946 caderent

2236 2988 2688 3057 caaderenturque
2744 2997 2800 3042 et
2834 2988 3193 3049 illiderentur,
3230 2986 3528 3056 periculum
3569 2985 3824 3038 obortum

2238 3094 2307 3134 ex
2336 3078 2617 3133 collisione
2653 3077 2971 3132 maximum.
3010 3077 3157 3147 (245)
3183 3078 3261 3132 Ac
3299 3077 3437 3132 forte
3469 3076 3597 3146 quis
3627 3076 3824 3146 despe-

627 3163 775 3233 (225)
810 3166 1018 3221 Interea
1067 3165 1335 3222 Barbarus
1373 3168 1754 3223 absconditum
1801 3169 1983 3224 dolum
2009 3186 2139 3226 sen-
2179 3235 2208 3238 __
2242 3171 2452 3226 ratione
2481 3171 2707 3226 adactus
2731 3170 2924 3225 orabat
2948 3177 3009 3225 ut
3035 3169 3214 3238 ipsum
3236 3169 3645 3223 transfoderent
3668 3177 3827 3222 acuto

557 3253 702 3309 tiens
735 3256 835 3311 sibi
879 3259 1060 3326 potius
1107 3275 1269 3329 quam
1304 3261 1425 3315 aliis
1469 3261 1635 3316 fuisse
1668 3261 1914 3328 foveam,
1947 3278 2140 3318 omnes
2165 3235 2208 3290 (ί
2243 3261 2407 3318 ferro.
2441 3262 2592 3317 Alter
2623 3277 2752 3316 vero
2788 3261 2956 3334 tergis
2983 3261 3197 3331 equinis
3252 3260 3495 3316 insidens
3539 3261 3598 3314 in
3645 3274 3827 3314 aerem

556 3346 612 3400 in
642 3363 805 3418 opem
839 3349 1147 3421 fugatorum
1176 3351 1426 3421 prosilire
1466 3352 1666 3405 milites
1699 3367 1764 3405 ex
1795 3352 1911 3407 suis
1941 3353 2144 3407 cohor-

560 3437 709 3494 tibus
751 3440 1060 3510 imperavit.
1117 3442 1408 3510 Postquam
1454 3441 1637 3496 autem
1672 3443 1771 3496 hos
1816 3443 1981 3497 etiam
2009 3443 2146 3499 vidit

559 3540 944 3588 consternatos
975 3533 1122 3603 (250)
1160 3543 1216 3588 et
1261 3534 1314 3588 in
1368 3534 1546 3602 fugam
1579 3535 1910 3604 p-razcipitem
1954 3551 2144 3592 versos

565 3620 760 3675 timore
797 3622 1066 3686 horribili,
1091 3624 1146 3678 in
1177 3623 1368 3694 primis
1383 3639 1510 3678 suos
1533 3635 1844 3679 exsecratur
1861 3636 2140 3695 patronos,

563 3723 808 3778 quosque
829 3726 1004 3781 nuper
1023 3711 1346 3776 honoribus,
1367 3711 1578 3780 probris
1593 3711 1930 3777 nuneafﬁeit,
1950 3729 2145 3784 aquam

565 3798 853 3857 eliundens
882 3810 936 3856 et
967 3802 1146 3873 ignem
1175 3803 1544 3874 exstinguens.
1580 3802 1738 3857 Fumi
1764 3813 1945 3859 autem
1978 3807 2147 3862 multa

569 3891 710 3948 facta
759 3895 1081 3950 confusione
1119 3897 1266 3966 (255)
1308 3896 1522 3950 furatur
1559 3895 1739 3967 fugam
1774 3939 1788 3962 ,
1833 3897 2146 3970 excitatque

572 3985 981 4043 tumultuariam
1005 3989 1230 4047 nubem.
1260 3998 1589 4059 noctemque
1614 3987 1842 4054 inducit,
1864 3989 2146 4048 invertens

2240 3364 2326 3408 est
2356 3354 2607 3408 sublatus
2645 3369 2713 3407 ex
2746 3353 2797 3408 vi
2827 3351 3275 3424 eompressionis.
3307 3351 3492 3406 Multis
3519 3360 3709 3406 autem
3736 3365 3831 3421 pro

2239 3460 2400 3499 muro
2439 3445 2708 3500 camelina
2759 3445 2907 3514 (250)
2947 3445 3116 3500 latera
3165 3443 3400 3514 pmbuit
3449 3457 3698 3513 praesens
3735 3457 3831 3496 ne-

2241 3538 2489 3592 cessitas.
2525 3539 2734 3593 Omnes
2760 3550 2943 3593 autem
2974 3537 3118 3594 inter
3141 3552 3329 3608 rupes,
3361 3546 3423 3590 ut
3450 3535 3567 3591 fere
3595 3549 3830 3604 capreae,

2239 3638 2397 3698 aptos
2429 3630 2498 3685 ad
2529 3629 2711 3702 fugam
2745 3629 3075 3700 indagabant
3110 3629 3308 3684 exitus.
3341 3627 3541 3682 Totum
3579 3641 3713 3680 vero
3757 3622 3832 3680 tui

2253 3720 2529 3775 exercitus
2581 3720 3002 3777 contubernium
3053 3720 3162 3774 late
3200 3717 3488 3789 gaudebat,
3538 3715 3737 3769 videns
3768 3729 3832 3768 ex

2253 3809 2442 3864 divino
2485 3809 2690 3880 judicio
2740 3809 2888 3878 (255)
2934 3819 3040 3865 tuae
3086 3808 3424 3864 incredibilis
3465 3805 3836 3876 expeditionis

2253 3901 2536 3958 miracula.
2573 3902 2762 3973 Neque
2789 3903 2957 3965 enim,
2993 3910 3257 3972 quantum
3305 3911 3386 3955 est
3421 3900 3604 3970 jactus
3632 3896 3836 3953 velocis

2248 3993 2436 4064 jaculi,
2467 4011 2612 4052 unus
2651 3996 2888 4052 distabat
2922 3995 3194 4066 alyaltero
3225 3993 3498 4049 exercitus
3527 4010 3542 4048 :
3574 4001 3636 4048 et
3665 4005 3836 4046 unus-

1856 4190 2094 4248 νΑῐιιίΕ
2129 4191 2540 4251 LECTIONES.

1359 4370 1452 4438 άρι
1657 4437 1668 4438 7
1793 4437 1802 4438 ί
1828 4437 1863 4438 η
1905 4368 2100 4430 ἄλλους

643 4441 750 4498 219
781 4444 891 4505 σοῖς
924 4441 1046 4495 add.
1083 4441 1142 4494 Ρ.
1218 4438 1324 4492 225
1357 4437 1617 4508 κράτιστε
1645 4437 1704 4490 Ρ.
1747 4507 1751 4508 ν
1779 4437 1884 4490 227
1920 4439 2076 4500 ὅλους
2117 4437 2178 4490 Ρ.

574 4511 682 4567 243
715 4514 808 4566 καὶ
839 4522 959 4583 post
990 4512 1169 4582 φόνων
1200 4510 1324 4564 add.
1355 4507 1412 4562 Ρ.
1488 4508 1586 4562 251
1624 4507 1796 4575 αἰγῶν
1829 4508 1954 4563 add.
1991 4508 2049 4561 P.

2254 4435 2362 4492 229
2383 4436 2442 4490 δὲ
2464 4437 2560 4492 καὶ
2585 4439 2785 4504 αὐτοὺς
2809 4439 2924 4512 εῐδη
2950 4439 3039 4496 ed.
3113 4440 3222 4496 255
3247 4440 3341 4495 τὸν
3368 4439 3497 4497 add.
3523 4439 3588 4496 P.

2079 4681 2310 4739 ΝΟΤᾸΞ.
2393 4683 2400 4688 ’

649 4867 776 4924 225.
813 4867 993 4922 Codex
1029 4868 1249 4922 exhibet
1291 4867 1692 4922 emendationis
1728 4867 1846 4921 loco
1876 4866 2157 4938 κράτιστε.
2194 4869 2236 4923 D
2264 4866 2393 4938 doto
2422 4876 2572 4936 patet
2613 4879 2871 4922 narrante
2899 4863 3131 4922 Xerxem
3164 4881 3310 4938 mare
3337 4863 3724 4938 ﬂagellavisse;
3758 4864 3841 4938 ffi-

651 4939 774 4993 226.
820 4939 960 4995 Psal.
990 4956 1080 5002 v11,
1107 4939 1173 4994 16
1198 4957 1209 4991 :
1244 4938 1432 4991 Incidit
1459 4939 1515 4991 in
1532 4940 1734 5008 foveam
1761 4937 1924 5005 quam
1945 4937 2086 5008 fecit.

622 5010 776 5131 >$27.
815 5010 871 5062 In
909 5010 1095 5064 codice
1129 5008 1246 5064 voci
1300 5009 1454 5072 ὅλους
1485 5007 1910 5078 superinscripta
1938 5017 2025 5062 est
2056 5021 2162 5062 vox

641 5119 652 5131 .
685 5096 800 5131 ους.

583 5081 800 5141 ἄλλους.

653 5149 777 5204 229.
823 5149 953 5202 Item
998 5151 1091 5201 καὶ
1120 5149 1317 5212 αὐτοὺς
1355 5149 1409 5202 in
1443 5147 1492 5202 κ’
1527 5148 1726 5210 αὐτοὺς
1760 5146 2161 5202 immutandum

585 5235 708 5274 esse
739 5227 922 5272 monet
965 5235 1180 5282 censor,
1213 5219 1514 5288 etquidem
1558 5228 1728 5273 recte.
1771 5218 1883 5287 Ego
1903 5233 2033 5273 vero
2062 5232 2162 5286 pro

587 5291 699 5358 εἰδη
734 5289 1016 5359 legendum
1049 5298 1177 5356 puto
1201 5284 1359 5352 εἶδεν,
1395 5299 1455 5343 ut
1482 5298 1589 5343 stet
1622 5290 1779 5343 metri
1813 5284 2088 5359 mensura.

657 5358 901 5416 251(οο
949 5359 1063 5413 sole
1115 5370 1170 5412 et
1210 5359 1356 5421 luna,
1399 5375 1535 5427 aqua
1597 5369 1651 5413 et
1683 5360 1822 5428 igne,
1864 5358 1957 5427 qui
2004 5365 2162 5413 erant

588 5428 875 5484 Persarum
903 5430 996 5491 dii,
1028 5429 1152 5483 alibi
1182 5428 1416 5484 diximus
1440 5431 1618 5496 plura.
1639 5429 1772 5483 Vide
1796 5444 2001 5482 aereas.
2028 5428 2161 5492 1,32.

589 5499 1147 5556 Animadvertendum
1204 5507 1383 5552 tamen
1443 5499 1530 5554 hic
1573 5508 1655 5554 est
1693 5499 1747 5554 in
1800 5514 1953 5554 more
1996 5497 2165 5552 fuisse

593 5573 736 5638 apud
760 5571 971 5631 Persas,
1006 5578 1088 5634 ut,
1123 5584 1249 5623 eum
1283 5569 1410 5638 quid
1459 5570 1745 5624 adversum
1777 5570 1857 5624 eis
1895 5567 2163 5632 eveniret,

594 5648 786 5696 contra
813 5656 942 5696 suos
986 5640 1119 5694 deos
1158 5639 1542 5704 irascerentur,
1576 5655 1780 5709 eosque
1819 5638 2167 5694 contumeliis

596 5711 920 5781 probrisque
971 5711 1282 5773 afficerent,
1333 5725 1395 5763 ac
1431 5719 1686 5778 tanquam
1720 5709 1788 5763 de
1816 5724 1910 5781 sua
1952 5709 2167 5781 fortuna

600 5794 789 5848 parum
832 5779 1100 5838 “sollicitos
1139 5789 1596 5850 aspernarentur;
1630 5781 1682 5834 id
1721 5780 1865 5850 quod
1894 5795 1957 5835 ex
1995 5779 2166 5835 "cro-

2259 4937 2377 4992 sida
2411 4934 2540 4993 vero
2585 4949 2772 5006 aperte
2809 4938 2948 4993 idem
2983 4938 3075 4992 hic
3100 4936 3330 4990 afﬁrmat
3361 4946 3415 4989 et
3447 4934 3598 4989 alibi.
3640 4934 3837 4990 Confer

2259 5023 2472 5064 acroas.
2504 5026 2544 5070 ι.
2574 5011 2644 5063 26
2675 5017 2731 5062 et
2762 5023 2938 5076 seqq.,
2967 5017 3023 5062 et
3049 5022 3261 5061 acroas.
3297 5006 3485 5069 11,577.

2327 5080 2455 5135 240.
2495 5079 2688 5133 Persas
2712 5078 2778 5132 ad
2819 5073 3018 5133 bellum
3052 5078 3202 5132 exire
3246 5073 3580 5131 mulierculis
3616 5075 3844 5143 stipatos

2257 5149 2640 5205 adnotavimus
2665 5165 2818 5217 supr.
2839 5163 3048 5203 aereas.
3081 5165 3138 5209 11.
3167 5149 3291 5202 247.
3319 5147 3389 5202 At
3426 5145 3588 5200 nobis
3619 5147 3843 5217 ridicula

2259 5236 2474 5289 semper
2522 5221 2639 5274 visa
2679 5214 2771 5289 est
2817 5234 3002 5281 causa.
3049 5234 3212 5289 quam
3267 5218 3386 5289 ejus
3432 5214 3846 5289 consuetudinis

2259 5285 2482 5346 tradidit
2510 5290 2648 5345 Max.
2675 5288 2900 5359 Tyrius,
2931 5285 3151 5343 dissert.
3189 5288 3253 5342 M
3279 5285 3398 5340 {ait
3425 5287 3571 5359 enim
3597 5285 3845 5359 Πέρσα-ις

2258 5363 2315 5416 δὲ
2360 5362 2687 5425 παλλακίδες
2723 5353 2976 5426 ’ἕπον-ται,
3020 5359 3110 5413 ἵνα
3162 5359 3453 5429 μάχωνται⁸
3481 5355 3664 5418 καλῶς
3692 5353 3850 5423 ’ὑπὲρ

2258 5433 2367 5486 τῶν
2401 5433 2689 5486 φιλτάτων.

2331 5493 2458 5558 251.
2501 5501 2896 5571 Theophanes,
2945 5498 3080 5571 ibid.
3117 5515 3132 5552 :
3310 5496 3368 5549 δὲ
3418 5497 3532 5571 τοῖς
3580 5493 3848 5571 κρημνοῖς

2265 5574 2440 5664 εὲγεῖέῖ
2459 5562 2896 5664 necesse
2929 5567 3379 5664 ἑξῖτῑινξὲἑῖοξΐ
3401 5562 3848 5664 3.τξλλ2ἓς.ἒ.ἰ.³ξῗέ

2266 5633 2475 5709 ζῶντας
2530 5633 2897 5712 ἐζώγρησαν.
2929 5633 3239 5712 παρέλαδον
3289 5637 3347 5688 δὲ
3401 5633 3498 5712 καὶ
3540 5633 3850 5712 πὺ-τούτων

2276 5701 2777 5784 στρατόπεδον’κάὶ
2824 5701 3122 5777 πᾶσαν’τὴν
3155 5704 3468 5773 ἀποσκευὴν
3494 5701 3699 5757 αὐτῶν.
3767 5755 3794 5778 ,ο
