4126 6282
305 343 446 411 1249

300 544 408 601 260
456 546 545 599 Ἐν
574 542 664 611 αἷς
695 547 758 600 τὸ
788 548 993 621 πλῆθος
1016 549 1243 620 ἐκχυθὲν
1278 551 1385 604 τῶν
1414 551 1716 622 Βαρϐάρων

445 638 673 706 Πυκνῶς
701 640 1087 709 ἐνεστρέφοντο
1126 642 1200 712 μὴ
1236 641 1562 711 κινούμενοι.

517 729 658 783 Ἀλλ’
686 732 734 784 oi
764 731 865 799 μὲν
891 730 1032 804 ἦσαν
1058 735 1117 785 ὲν
1143 733 1378 805 τοσαύτῃ
1411 733 1707 806 φροντίδων

445 820 582 895 ζάλῃ
609 821 955 894 διαρρέοντες
981 825 1058 889 ὡς
1087 826 1157 880 τὰ
1183 826 1422 897 κύματα,

451 914 518 966 ’Δ
547 917 671 977 ταῖς
694 914 906 970 ἑαυτῶν
935 918 1224 988 ἐκδρομαῖς
1245 918 1384 971 ὠθού
1395 935 1532 989 μενα

303 1000 412 1057 265
449 1004 529 1057 Τὰ
564 1004 665 1075 μὲν
698 1006 835 1076 πρὸς
869 1007 1002 1077 ὕψος
1034 1010 1099 1061 ὲκ
1132 1008 1326 1078 βάθους
1349 1008 1658 1078 ἀνέρχεται,

446 1095 525 1147 Τὰ
550 1095 607 1148 δὲ
642 1097 941 1168 προπίπτει
972 1098 1067 1151 καὶ
1096 1098 1257 1152 πάλιν
1285 1098 1611 1151 κοιλαίνεται
1632 1114 1645 1127 ο

445 1184 635 1250 Οὕτως
660 1186 888 1241 ἐκείνων
915 1187 1025 1241 τῶν
1062 1189 1315 1243 ἀτάκτων
1344 1189 1640 1257 ταγμάτων

457 1276 548 1331 Ἐν
574 1279 690 1341 τοῖς
715 1278 965 1350 ἀνύδροις
999 1280 1429 1350 κυματουμένων
1460 1279 1645 1343 λίθοις,

442 1367 523 1420 Τὰ
553 1368 650 1437 μὲν
676 1369 812 1438 πρὸς
843 1368 976 1439 ὕψος
1006 1370 1070 1423 ὲκ
1100 1370 1301 1440 βάθους
1332 1371 1631 1441 ἀνήρχετο,

300 1455 408 1510 270
446 1458 526 1510 Τὰ
549 1459 606 1512 δὲ
641 1460 778 1531 πρὸς
805 1461 945 1514 αὐτὰ
972 1460 1083 1514 τῶν
1110 1462 1262 1515 κάτω
1287 1462 1356 1516 τὰ
1385 1463 1634 1533 τέρματα

445 1550 721 1605 Πίπτοντα
751 1552 962 1617 πυκνὰς
988 1553 1280 1624 συγχύσεις
1304 1554 1608 1626 εἰργάζετο.

442 1641 629 1707 Οὕτως
656 1644 887 1709 ἕκαστος
919 1646 1169 1715 ἀφρόνως
1192 1646 1496 1717 ἐδυστύχει,

459 1734 517 1787 '0
541 1734 598 1788 δὲ
628 1737 950 1807 προπίπτων
974 1733 1041 1807 ἦν
1071 1737 1365 1807 ἐπίφθονος
1400 1740 1559 1810 μόνον
1578 1755 1593 1770 ·

442 1826 558 1891 Πᾶς
592 1827 702 1898 γὰρ
726 1828 857 1899 παρ’
886 1829 1071 1892 αὐτοῖς
1100 1829 1331 1904 εὐτυχὴς
1354 1832 1631 1903 ἐκρίνετο,’

294 1915 405 1971 275
445 1917 539 1979 ’ος
565 1916 703 1987 πρὸς
728 1917 789 1970 τὸ
816 1918 1071 1989 θνήσκειν
1103 1921 1301 1992 εὑρέθη
1334 1920 1662 1995 τομώτερος.

451 2009 613 2081 Ἡμῖν
648 2010 706 2064 δὲ
740 2011 889 2064 πᾶσα
922 2011 1016 2064 καὶ
1043 2011 1251 2083 γαλήνη
1286 2013 1380 2068 καὶ
1411 2012 1593 2083 χάρις,

438 2098 643 2172 Τέρψις
670 2100 728 2154 δὲ
762 2100 961 2171 μᾶλλον
989 2101 1023 2173 ἢ
1054 2102 1219 2171 φόϐος
1249 2104 1611 2177 προσήρχετο.

296 2259 527 2331 quisque
547 2264 795 2312 nostrum
822 2256 979 2313 facile
996 2257 1366 2329 prospiciebat
1392 2257 1480 2313 illa
1507 2258 1641 2315 falsa
1667 2260 1885 2331 rupium

296 2351 735 2423 propugnacula,
792 2351 939 2423 (260)
989 2352 1134 2407 inter
1192 2368 1314 2423 quae
1371 2352 1665 2409 multitudo
1715 2353 1886 2411 etInsa

298 2443 662 2499 Barbarorum
709 2443 934 2499 densata
986 2444 1326 2509 versabatur,
1391 2460 1496 2501 nec
1548 2460 1607 2500 se
1647 2462 1887 2517 unquam

298 2536 573 2592 movebat.

370 2628 558 2699 Itaque
593 2627 669 2683 illi
699 2638 859 2683 erant
887 2627 941 2683 in
970 2629 1061 2683 tali
1095 2628 1527 2685 sollicitudinum
1559 2638 1886 2700 tempestate

298 2720 647 2784 ﬂuctuantes,
698 2721 841 2776 sicut
894 2722 1074 2787 undae,
1126 2738 1247 2792 qua:
1300 2737 1359 2777 se
1406 2722 1551 2792 ipsas
1582 2730 1779 2794 urgent
1828 2730 1889 2777 et

299 2813 591 2884 impellunt
621 2830 636 2867 :
663 2813 811 2884 (265)
840 2814 959 2868 aliae
983 2812 1201 2882 quidem
1226 2814 1277 2868 in
1310 2813 1480 2868 altum
1505 2828 1572 2868 ex
1594 2813 1705 2867 imo
1725 2813 1885 2867 attol-

298 2908 507 2972 luntur,
529 2907 648 2961 alia:
673 2917 855 2960 autem
880 2909 1179 2962 concidunt
1201 2914 1257 2961 et
1279 2920 1468 2960 rursus
1481 2904 1881 2975 deprimuntur.

299 2997 392 3053 Sic
432 2998 775 3067 incompositi
815 2998 1026 3053 illorum
1074 2998 1299 3052 ordines
1344 2997 1487 3051 inter
1546 2997 1730 3051 aridos
1776 2995 1882 3051 flu-

1256 352 1350 412 DE
1389 351 1903 415 EXPEDITIONE
1936 354 2251 415 PERSICA
2290 354 2455 413 ΔΕΒ.
2490 353 2604 413 III.

439 453 591 526 ῃρδς
612 454 711 519 τὰς
741 455 997 524 ἐπάλξεις
1025 472 1134 511 των
1169 461 1469 529 φαράγγων
1493 460 1594 524 τὰς
1626 462 1834 527 νόθους,
1904 489 1949 541 Α

2116 464 2226 515 Καὶ
2260 462 2368 522 πᾶς
2393 460 2529 530 πρὸς
2560 460 2693 528 ὕψος
2720 458 2796 529 τῷ
2823 458 2941 530 Θεῷ
2968 457 3076 513 τῶν
3101 461 3414 533 κτισμάτων

2122 551 2233 615 Τάς
2261 554 2446 622 χεῖρας
2474 550 2705 614 ἐξέτεινε
2736 552 2831 603 σὺν
2858 553 2923 620 τῇ
2952 551 3169 623 καρδίᾳ,

1979 644 2085 699 280
2125 645 2235 697 Καὶ
2259 644 2338 714 τῷ
2368 643 2660 714 στρατηγῷ
2690 645 2956 707 συντόνως
2983 644 3274 715 ἐπηύχετο.

2122 736 2329 797 Πάντες
2359 735 2469 804 γὰρ
2501 737 2549 787 οἱ
2580 736 2708 805 πρὶν
2736 736 2869 806 μηδὲ
2899 737 3175 807 Περσικὴν
3202 740 3347 794 κόνιν

2133 824 2286 878 ’ἰδεῖν
2311 826 2592 895 στέγοντες
2620 827 2741 880 οὐδὲ
2767 828 2864 891 τὰς
2893 830 3098 898 σκηνάς
3123 833 3241 882 τότε

2119 915 2406 981 Καθείλον,
2442 918 2557 971 ἀλλ’
2587 919 2814 983 ἕκαστος
2839 920 2905 991 ἢν
2938 918 3049 991 εἶχε.
3084 925 3310 991 σκέπην,

2124 1006 2314 1071 Οὕτως
2344 1010 2557 1078 ἀφῆκεν
2580 1009 2767 1080 ὥσπερ
2792 1008 2859 1081 ἦν
2891 1015 3240 1082 πεπηγμένη.

1980 1097 2087 1153 285
2126 1100 2265 1162 Τοὺς
2293 1100 2612 1172 Βαρὸἀρους
2638 1103 2697 1155 δὲ
2729 1104 2937 1166 πάντας
2964 1105 3173 1158 ὲκλόνει
3215 1106 3401 1174 φόϐος.

2135 1190 2414 1244 Ἐντεῦθεν
2442 1193 2561 1246 οὐδὲ
2590 1194 2787 1263 φόρτον
2819 1197 2884 1247 ἐκ
2914 1197 3142 1265 κτήνους
3176 1197 3296 1251 τότε

2120 1281 2386 1335 Καθεῖλεν
2412 1284 2605 1346 οὐδεὶς,
2642 1285 2766 1337 οὕτε
2801 1286 2910 1355 μὴν
2937 1288 3038 1355 τὴν
3071 1290 3315 1358 γαστέρα

2120 1373 2344 1444 Τροφῆς
2370 1375 2781 1445 ἀνεπλήρωσεν,
2814 1377 2937 1430 οὕτε
2968 1396 3049 1440 τις
3078 1379 3209 1446 γόνυ

2119 1464 2321 1527 Κλίνας
2350 1466 2618 1535 ἐλαφροὺς
2651 1469 2775 1531 τοὺς
2808 1469 3006 1533 πόνους
3034 1470 3352 1541 εἰργάζετο,

1978 1554 2084 1610 290
2132 1554 2271 1608 Ἀλλ’
2302 1557 2381 1618 εἰς
2412 1558 2740 1627 παρεξόδους
2769 1575 2827 1611 τε
2858 1560 2953 1613 καὶ
2992 1561 3353 1630 πλανωμένας

2121 1648 2356 1717 Τρίὸους
2389 1649 2618 1713 ἑαυτοὺς
2646 1650 2977 1719 ἐμϐαλόντες
3011 1654 3068 1705 ἐν
3100 1652 3251 1724 φόϐῳ

2125 1741 2387 1812 Ἔκριναν
2420 1737 2561 1795 εἶναι
2593 1743 2691 1812 τὴν
2722 1744 2901 1815 φυγὴν
2935 1746 3232 1816 σωτηρίαν.

2124 1832 2311 1897 Οὕτως
2338 1834 2406 1887 τὰ
2444 1834 2616 1888 πολλὰ
2642 1836 2737 1889 καὶ
2771 1835 2897 1900 ξένα
2924 1838 3283 1908 γνωρίσματα

2123 1926 2270 1996 Πρὸς
2293 1926 2421 1990 τοὺς
2459 1926 2772 1996 φθάσαντας
2801 1928 3209 2001 ἀντιμετρήσας
3236 1927 3461 2001 χρόνους

1981 2016 2087 2073 295
2120 2017 2281 2070 Θείαν
2316 2019 2676 2089 ἁπηκρίὸωσε
2699 2020 2798 2090 τὴν
2830 2019 3180 2089 στρατηγίαν.

2126 2108 2223 2171 Τίς
2252 2107 2361 2179 γὰρ
2389 2109 2451 2162 τὸ
2478 2110 2702 2182 Περσῶν
2727 2108 3149 2180 δυσμαχώτατον
3174 2109 3329 2178 γένος

1984 2264 2253 2319 serenitas
2282 2274 2337 2319 et
2360 2265 2529 2336 gratia
2562 2264 2840 2336 magisque
2863 2264 3179 2334 jucunditas
3210 2278 3369 2333 quam
3404 2263 3546 2319 timo‘

1985 2356 2304 2411 incesserat.
2348 2358 2415 2411 Et
2448 2357 2678 2427 quisque
2714 2356 2765 2410 in
2803 2358 2972 2410 altum
3005 2356 3071 2410 ad
3118 2356 3288 2409 Deum
3346 2365 3531 2409 ereatu

1984 2463 2167 2501 rarum
2200 2462 2394 2501 manus
2419 2447 2781 2516 protendebat
2810 2463 2915 2500 una
2950 2462 3073 2501 cum
3109 2445 3295 2507 corde,
3328 2444 3473 2513 (280)
3508 2459 3541 2499 e

1981 2538 2107 2596 duci
2154 2539 2440 2593 unanimes
2472 2540 2611 2595 bene
2659 2540 3115 2609 apprecabantur.
3166 2535 3369 2591 Omnes
3392 2537 3537 2590 enim

1982 2629 2076 2700 qui
2100 2631 2263 2686 modo
2284 2646 2386 2684 nec
2403 2630 2680 2700 pulverem
2700 2630 2978 2683 Persicum
2996 2629 3181 2683 videre
3202 2628 3545 2683 sustinebant

1985 2730 2115 2778 tunc
2144 2737 2213 2778 ne
2266 2722 2499 2777 tentoria
2548 2722 2766 2791 quidem
2813 2722 3147 2790 dejeceruut,
3206 2721 3298 2774 sed
3332 2719 3549 2790 quisqui

1982 2815 2126 2886 quod
2173 2814 2364 2870 habuit
2408 2815 2704 2875 tentorium
2736 2813 2970 2876 dimisit,
3004 2812 3082 2867 sic
3112 2821 3169 2865 nt
3201 2821 3317 2867 erat
3343 2828 3553 2881 compa

1981 2916 2147 2962 ctum.
2183 2907 2327 2977 (285)
2354 2906 2619 2961 Barbaros
2643 2916 2831 2960 contra
2854 2920 3044 2959 omnes
3069 2906 3347 2974 quatiebat
3370 2904 3552 2960 timor.

1980 3012 2160 3067 neque
2182 3013 2249 3052 ex
2273 2998 2378 3051 illis
2400 3007 2528 3051 tunc
2543 3013 2682 3051 onus
2705 2996 3013 3051 coriaceum
3032 2996 3231 3063 dejecit
3249 2996 3552 3064 quiSquam.

295 3088 556 3143 ctuabant
606 3088 888 3157 scopulos;
932 3097 1093 3157 atque
1138 3086 1229 3141 alii
1267 3085 1485 3155 quidem
1534 3085 1592 3139 in
1620 3085 1789 3139 altum
1820 3101 1889 3139 ex
1985 3098 2034 3145 et
2064 3105 2132 3144 ne
2160 3097 2406 3143 ventrem
2436 3088 2653 3157 quidem
2685 3088 2807 3142 cibo
2837 3088 3106 3156 explevit;
3140 3102 3242 3141 nec
3274 3088 3552 3156 quisquam

296 3181 408 3236 imo
437 3182 824 3244 ascendebant,
860 3181 1007 3249 (270)
1049 3179 1139 3234 alii
1175 3193 1306 3234 vero
1338 3177 1396 3230 in
1427 3192 1600 3247 prope
1635 3178 1881 3246 subjecta
1911 3218 1954 3278 Ο
1986 3194 2118 3234 sane
2136 3193 2313 3247 genua
2343 3175 2871 3230 inﬂectensleviores
2903 3176 3136 3229 reddidit
3158 3176 3390 3230 labores.
3413 3173 3552 3248 (290}

295 3274 600 3343 praecipitia
636 3284 858 3328 ruentes
889 3273 1111 3327 crebras
1136 3269 1490 3326 confusiones
1528 3268 1763 3323 ciebant.
1799 3268 1879 3323 lla
1915 3266 1952 3278 “’
1988 3270 2184 3324 Verum
2228 3269 2283 3322 in
2315 3269 2467 3322 avios
2499 3277 2553 3322 et
2602 3266 2867 3335 ancipites
2923 3267 3089 3319 calles
3136 3278 3195 3319 se
3248 3266 3396 3335 ipsos
3424 3281 3554 3321 con-

294 3381 492 3422 omnes
520 3381 631 3420 non
679 3367 862 3419 minus
907 3372 1068 3419 erant
1114 3362 1265 3417 stulti
1290 3376 1453 3430 quam
1507 3360 1782 3425 infelices;
1815 3375 1880 3414 ac
1982 3358 2237 3430 jicientes
2270 3357 2604 3427 trepidanter
2640 3356 3022 3410 existimarunt
3065 3354 3166 3409 sibi
3216 3370 3335 3409 esse
3383 3355 3553 3425 fugant

296 3458 475 3511 solum
494 3458 585 3527 qui
607 3458 957 3513 occumberet
980 3464 1097 3511 erat
1123 3453 1450 3508 invidendas
1481 3469 1494 3506 :
1525 3452 1703 3507 omnis
1729 3452 1877 3507 enim
1985 3450 2165 3507 saluti.
2222 3448 2315 3504 Sic
2368 3448 2567 3503 multas
2613 3455 2774 3515 atque
2830 3445 3140 3515 peregrinas
3186 3444 3553 3515 cognitiones.

294 3551 442 3620 apud
464 3551 609 3620 ipsos
636 3550 764 3605 felix
796 3550 1115 3615 habebatur,
1147 3547 1292 3619 (275)
1316 3545 1407 3615 qui
1435 3546 1501 3601 ad
1534 3545 1878 3600 moriendum
1986 3557 2107 3613 qua:
2139 3550 2267 3596 ante
2296 3540 2477 3608 ipsum
2503 3540 2875 3601 innotuerant,
2911 3537 3205 3591 remeliens
3238 3537 3384 3607 (295)
3418 3536 3553 3593 divi-

295 3643 556 3700 inventus
582 3651 729 3699 esset
751 3642 1075 3714 promptior.
1105 3639 1218 3694 Nos
1243 3646 1426 3694 autem
1455 3653 1522 3692 ex
1551 3638 1703 3693 omni
1724 3646 1880 3708 parte
1985 3650 2116 3692 nam
2162 3632 2253 3691 ille
2279 3630 2511 3706 perfecit
2551 3630 2977 3703 expeditionem.
3014 3628 3214 3701 Ecquis
3251 3630 3397 3687 enim
3424 3630 3555 3690 Per-

1596 3792 1830 3850 VARUE
1868 3789 2275 3850 LECTIONES.

366 3933 475 3990 269
504 3934 672 4004 ὕψους
696 3933 785 3989 ed.
864 3933 962 3987 271
994 3879 1192 4002 me;
1217 3930 1277 3985 P.

1830 4012 2066 4071 NOTAE.

364 4181 493 4235 253.
534 4178 702 4245 idem,
744 4179 913 4235 ibid.:
948 4179 1011 4234 Οἱ
1048 4180 1104 4234 δὲ
1142 4178 1403 4249 Ῥωμαῖοι
1435 4175 1572 4249 πρὸς
1614 4170 1748 4249 ὕψος
1784 4170 1883 4234 τὰς
1985 4172 2342 4249 recepissent,
2370 4170 2443 4225 ibi
2476 4184 2672 4249 securo
2700 4166 3201 4249 animoquievisse.

298 4254 487 4321 χεῖρας
508 4243 845 4321 ἐκτείναντες
866 4250 942 4319 τῷ
957 4252 1076 4320 θεῷ
1093 4243 1465 4319 εὐχαρίστουν,
1480 4243 1573 4298 καὶ
1586 4243 1664 4321 τῷ
1687 4258 1885 4311 στρατ-

301 4313 571 4389 ηγήσαντι
618 4318 800 4389 καλῶς
826 4313 1060 4389 βασιλεῖ’
1076 4313 1344 4381 συντόνως
1389 4313 1784 4389 προσηύχοντο.

538 4370 707 4466 idem,
728 4370 1134 4466 γάρ
1165 4389 1294 4466 πρὶν
1324 4370 1459 4466 μηδξ
1491 4370 1766 4466 Περσικὴν
1788 4381 1883 4433 κό-

295 4476 378 4529 νιν
403 4459 777 4529 τολμήσαντες
810 4460 939 4513 ἰδεῖν
959 4500 973 4521 ,
1006 4456 1117 4513 νῦν
1142 4456 1240 4521 τὰς
1287 4456 1492 4527 σκηνὰς
1512 4456 1715 4506 τούτων
1743 4456 1883 4504 ἀσα-

298 4528 518 4600 λεύτοίυς
539 4530 795 4600 φρόντες
824 4529 1321 4600 ὲλαφυρολόγησανέ

2054 4240 2182 4298 285.
2227 4242 2713 4311 Σκέπην,γοβίηοι·,
2770 4240 2924 4310 ponit
2977 4254 3076 4307 pro
3125 4246 3233 4311 tota
3289 4246 3560 4311 armatura

1984 4312 2156 4381 gravi,
2187 4326 2379 4384 quase
2400 4306 2617 4363 milites
2643 4306 2924 4384 tegebant;
2952 4306 3200 4384 quamvis
3235 4306 3411 4384 σκέπη
3434 4319 3562 4384 vere

1982 4375 2343 4451 éssetca'pitis
2363 4375 2735 4450 tegumentum
2764 4396 2794 4433 e
2823 4375 2984 4450 pelle;
3018 4377 3291 4451 Polybius,
3324 4375 3420 4427 loc.
3445 4375 3560 4436 εει..

2026 4490 2039 4503 .
2064 4451 2176 4521 7886
2207 4445 2233 4505 τ’
2257 4445 2791 4521 Προσέπικοσμείται
2823 4445 2889 4521 έδὲ
2946 4450 3039 4521 καὶ
3083 4445 3563 4521 λιτῷ.περικεφα-

2026 4490 2039 4503 .
2075 4466 2219 4505 δδυε
2257 4466 2791 4521 ιιροσεπικοσμειται
2833 4466 2889 4504 οε
2946 4466 3039 4501 και
3083 4466 3211 4513 Λιτῳ
3261 4466 3563 4513 περικεφα-

1981 4466 2139 4590 fuitp,
2190 4520 2320 4573 ποτὲ
2359 4520 2413 4572 δὲ
2439 4520 2532 4572 καὶ
2565 4519 2838 4590 λυκεὶανῆ
2872 4537 2923 4573 τι
2957 4518 3065 4571 τῶν
3099 4513 3354 4590 τοιούτων
3387 4513 3563 4590 ἐπιτί-

364 4583 515 4654 282(
536 4583 688 4662 Haec.
724 4583 947 4668 opinor;
970 4583 1147 4661 dicta:
1184 4583 1252 4668 ἰη
1292 4594 1659 4668 Romanorum
1716 4604 1877 4646 secu-
1910 4584 1953 4638 D
1984 4583 2159 4668 θᾷτάί,
2189 4590 2398 4668 σκέπης
2436 4590 2551 4659 ὅιμα
2591 4592 2685 4643 καὶ
2717 4583 2950 4668 σημέιοὲ
2975 4584 3299 4668 κᾴρι“ιο,ἓεῖι¹
3334 4592 3393 4637 ut
3420 4583 3563 4668 ‘Pcﬁi‘

300 4668 517 4741 [uatem
548 4664 915 4741 anteet—post
943 4670 1169 4741 relatam
1201 4666 1482 4741 victoriam
1518 4664 1879 4741 demonstret.

302 4731 566 4787 Solebant
604 4739 748 4791 enim
792 4731 1052 4801 Romani,
1092 4754 1215 4795 cum
1251 4737 1437 4791 datum
1480 4740 1598 4789 erat
1644 4732 1878 4800 signum.

301 4803 537 4858 tentoria
568 4804 861 4871 deponere,
895 4816 954 4860 ut
988 4810 1054 4863 ad
1102 4807 1465 4861 dimicandum
1495 4811 1682 4859 essent
1714 4801 1881 4871 magis

301 4872 563 4942 expediti.
612 4871 865 4995 Pogbius
934 4877 1008 4930 De
1062 4888 1313 4931 castram.
1365 4875 1517 4928 Rom.
1569 4874 1625 4926 in
1674 4872 1876 4940 antiqq.

301 4941 479 4995 Rom..
525 4952 654 4995 tom.
741 4984 754 4995 .
788 4960 842 4995 ι).
877 4946 980 4995 984
1009 4965 1021 4995 :
1057 4949 1227 4995 Ὅταν
1256 4945 1318 4995 τὸ
1355 4946 1571 4995 πρῶτον
1613 4942 1876 4995 σημαίνη.

300 4941 654 5014 Rem.,_t0m.
689 4941 754 5007 Χ,
788 4960 842 5013 p.
877 4946 980 5000 984
1009 4965 1021 4999 :
1057 4949 1227 5000 Ὅταν
1256 4945 1318 4998 τὸ
1355 4946 1571 5014 πρῶτον
1605 4942 1877 5014 σημαίνῃ,

298 5011 630 5065 καταλύουσι
661 5013 759 5085 τὰς
789 5011 1032 5084 ίσκηνάς.
1070 5016 1252 5085 Itaque
1284 5011 1463 5069 Pisida
1497 5013 1572 5067 ait
1600 5013 1876 5065 Romanos

299 5090 409 5154 tam
446 5096 640 5154 securo
668 5083 853 5136 animo
876 5083 1138 5152 prodiisse
1162 5083 1227 5139 ad
1272 5100 1526 5154 pugnam.
1566 5090 1625 5135 ut
1659 5097 1729 5135 ne
1763 5092 1879 5135 ten-

300 5152 437 5205 toria
488 5152 707 5220 quidem
750 5162 910 5208 antea
953 5152 1306 5219 demiserint’;
1332 5152 1651 5221 fredeuntes
1694 5160 1879 5208 autem

298 5222 483 5274 statim
523 5237 672 5275 arma
713 5224 1029 5291 projecisse,
1084 5239 1142 5280 ut
1191 5223 1338 5279 omni
1369 5239 1498 5277 cura
1546 5222 1707 5275 soluti
1738 5222 1880 5275 vires

298 5291 654 5362 animumque
678 5293 853 5361 epulis
881 5294 1203 5362 reﬁcerent;
1241 5293 1389 5362 quod
1418 5300 1535 5346 erat
1562 5307 1625 5345 ex
1654 5291 1880 5345 militari

296 5360 580 5430 disciplina
637 5360 837 5416 servari
894 5365 1133 5429 solitum,
1175 5360 1331 5418 utex
1379 5362 1561 5416 Leone
1607 5362 1738 5430 imp.
1768 5376 1879 5423 vvt,

294 5429 676 5503 2,_colligitur.
724 5432 1088 5503 Theophanes
1130 5436 1249 5489 loco
1304 5448 1478 5500 nuper
1511 5429 1698 5503 citato
1723 5430 1879 5483 aliter

296 5498 942 5571 videtur'interpretatiis
990 5505 1268 5559 Pisidam:
1304 5498 1552 5571 ait—enini
1601 5500 1879 5571 Romanos

296 5582 406 5620 non
447 5567 515 5621 ad
566 5586 663 5624 sua
702 5567 936 5627 tentoria
971 5590 1241 5638 reversos,
1285 5574 1377 5627 sed
1417 5571 1482 5625 ad
1533 5570 1749 5624 Persica
1784 5585 1876 5623 us-

297 5652 404 5713 que
427 5652 744 5713 progressos
777 5658 919 5705 esse,
945 5659 1065 5713 quae
1117 5645 1317 5698 intacta
1351 5643 1703 5713 invenerunt.
1748 5640 1879 5705 Quae

299 5706 682 5778 interpretatio
704 5707 746 5760 si
776 5706 1199 5778 magis'arridet,
1231 5712 1523 5768 dicendum
1554 5719 1637 5764 est
1675 5711 1874 5763 Roma-

303 5791 406 5831 nos
450 5780 742 5832 Persarum
784 5780 974 5833 castris
1008 5783 1231 5850 potitos,
1269 5790 1527 5851 tanquam
1567 5780 1634 5835 ad
1683 5796 1780 5834 sua
1817 5794 1876 5833 se

1981 4652 2379 4730 ρίίιιησκέπην
2424 4652 2521 4727 pro
2566 4652 2873 4724 armatura,
2926 4652 3063 4713 facit
3116 4656 3293 4730 addita
3336 4652 3566 4730 inotatio

1980 4722 2477 4809 ἇτεπηγμὲνῃξσμιὲε
2507 4740 2664 4809 scuto
2690 4722 2935 4809 maxime
2960 4728 3233 4809 con-venit!
3262 4722 3418 4792 cujus
3436 4724 3563 4809 (lon-

1979 4815 2099 4869 gam
2119 4792 2550 4868 descriptionem
2574 4799 3028 4855 instituensidem
3051 4796 3325 4869 Polyibius,
3353 4809 3408 4861 p.
3434 4792 3563 4869 874,

1977 4860 2093 4939 in:
2139 4870 2233 4921 Ἐκ
2260 4860 2447 4939 διπλοῦ
2489 4869 2861 4939 σανιδώματος
2902 4860 3236 4939 ταυροκόλλῃ
3264 4860 3561 4939 πεπηγὼς,

1978 4938 2188 5014 ὀθονίῳ,
2225 4940 2368 5014 μετὰ⁸
2389 4938 2443 4991 δὲ
2467 4939 2639 5014 ταῦτα
2668 4930 2905 5008 μοσχείῳ
2926 4930 3153 5014 δέρματι
3172 4930 3241 5014 .πὲ
3253 4930 3563 5014 ριείληπται

1975 5011 2077 5077 τὴν
2137 5004 2291 5069 ἐκτὸς
2352 5004 2707 5075 ἐπιφάνειαν,
2771 5004 2805 5063 5
2847 5004 2951 5076 qua
2992 5004 3374 5077 descriptione
3417 5016 3563 5077 sane

1978 5071 2086 5132 non
2132 5078 2342 5132 abludit
2398 5071 2527 5132 illud
2578 5078 2768 5132 Pisidae
2819 5071 2959 5147 quod
3017 5071 3559 5147 sequitur,__v._286:

1977 5150 2177 5218 Φόρτον
2214 5149 2276 5200 ὲκ
2309 5148 2558 5216 κτήνους.
2614 5147 2780 5203 Recte
2805 5140 3233 5218 autemscutum
3279 5140 3564 5196 dicebatur

1980 5216 2187 5285 σκέπη,
2219 5218 2343 5288 quia
2379 5227 2528 5271 tanta
2559 5227 2676 5272 erat
2716 5216 3092 5288 magnitudine
3122 5223 3182 5268 ut
3223 5222 3395 5268 totum
3421 5225 3564 5279 pene

1979 5288 2206 5341 militem
2226 5287 2542 5355 iobtegeret.

2052 5359 2174 5412 295.
2220 5348 2481 5425 Lechem
2531 5354 2692 5410 οὕτω.
2749 5355 2864 5411 Hoc
2922 5354 3344 5425 epiplionemate
3398 5348 3561 5420 primi

1980 5425 2107 5480 belli
2160 5424 2364 5479 Persici
2416 5427 2783 5480 narrationem
2835 5424 3066 5486 claudit,
3123 5424 3310 5477 dicens
3352 5427 3562 5473 tantam

1979 5498 2149 5551 fuisse
2181 5495 2412 5568 lleraelii
2439 5497 2492 5549 in
2521 5512 2581 5551 re
2604 5496 2818 5568 militari
2843 5495 3152 5568 scientiam,
3183 5501 3372 5545 utnon
3400 5489 3565 5568 modo

1977 5583 2041 5621 ea
2087 5566 2267 5620 omnia
2304 5581 2425 5634 quae
2453 5582 2483 5619 a
2518 5566 2793 5622 veteribus
2843 5566 3038 5621 tradita
3086 5563 3564 5634 fuerantomniiio

1977 5637 2216 5700 noverit,
2258 5627 2354 5690 sed
2407 5638 2756 5705 antiquorum
2804 5637 2969 5691 etiam
3004 5632 3243 5687 inventis
3277 5629 3432 5700 plura
3463 5627 3564 5682 ad-

1976 5707 2179 5761 diderit
2207 5721 2317 5776 non
2348 5712 2508 5759 antea
2538 5708 2607 5762 ab
2638 5707 2742 5761 illis
2771 5706 3096 5776 excogitata.

2048 5776 2170 5831 296.
2219 5774 2605 5845 The0plianes,
2657 5777 2752 5831 Ioc.
2805 5764 3039 5836 εἱι.”ἰ’ίς
3084 5768 3193 5841 γὰρ
3242 5764 3468 5839 ἤλπιζεν
3503 5765 3566 5820 τὸ
