4126 6282
640 326 771 394 1251

661 482 666 486 -
779 438 1012 504 Ἢλπιζε
1041 438 1224 492 δοῦναι
1253 438 1398 492 νῶτα
1435 438 1719 509 Ῥωμαίων
1749 438 1924 507 ξίφει;

773 535 870 596 Τίς
899 535 957 586 ἐν
982 531 1273 595 τοσαύταις
1312 531 1608 602 συμφορῶν
1637 531 1958 602 τρικυμίαις

770 623 1040 688 Ἥλπιζεν
1073 624 1255 694 εὑρεῖν
1289 624 1381 675 καὶ
1409 622 1652 692 γαλήνην
1682 623 1740 672 ὲν
1777 621 1962 691 psam;

630 715 736 770 500
771 717 868 778 Τίς
898 717 955 770 ἐν
979 714 1215 784 τοσαύτῃ
1247 713 1356 766 τῶν
1387 713 1702 780 ἀναγκαίων
1733 713 1927 766 σπάνει

771 805 994 877 Τροφῆς
1021 808 1312 875 μετασχεῖν
1339 805 1438 867 τὰς
1463 803 1648 865 πόλεις
1672 801 1942 868 ἐπείθετο,

773 898 837 951 Εἰ
867 897 940 968 μὴ
973 897 1039 950 δι’
1061 896 1216 966 ὑμῶν
1245 896 1372 959 τοὺς
1394 895 1700 968 ἀλάστορας
1727 893 1892 946 πάλιν

787 987 883 1042 Ἐκ
909 989 1008 1058 τῆς
1043 988 1163 1042 καθ’
1193 989 1340 1058 ἡμᾶς
1368 987 1607 1056 γείτονος
1636 985 1926 1055 παροικίας

770 1079 1006 1150 Μακράν
1031 1081 1059 1132 ὁ
1090 1080 1309 1132 πάντων
1338 1078 1505 1150 ἤλασε
1533 1077 1904 1149 ζυγοστάτης;

856 1170 994 1224 Ἀλλ’
1018 1172 1093 1234 ὼς
1119 1170 1354 1241 τοσαύτῃ
1386 1170 1646 1239 συγχύσει
1683 1165 2015 1239 μεμιγμένοι
2041 1219 2046 1226 ,

783 1263 1042 1316 Ἀπεῖπον
1071 1262 1170 1334 ἥδη
1197 1263 1297 1331 τὴν
1327 1261 1508 1332 μάχην
1535 1262 1586 1314 οἱ
1617 1260 1910 1330 Βάρϐαροι,

771 1355 843 1406 Σὺ
880 1353 997 1420 μὲν,
1033 1354 1294 1424 κράτιστε
1319 1353 1437 1422 (καὶ
1465 1352 1572 1423 γάρ
1597 1351 1788 1423 ἤθελες
1816 1352 1998 1422 μένειν

771 1446 894 1496 Τῶν
926 1446 1034 1497 σῶν
1059 1444 1335 1515 λογισμῶν
1361 1444 1496 1514 πρὸς
1525 1443 1719 1506 πόνους
1746 1442 2149 1514 πυρουμένων),

773 1535 984 1599 Πολλὰς
1015 1537 1270 1606 ἀφορμὰς
1299 1536 1552 1604 εὐλόγους
1581 1534 1892 1600 ἀνεπλάσω,

631 1630 736 1684 510
771 1629 950 1682 Θέλων
977 1632 1212 1682 συνεῖναι
1239 1627 1318 1698 τῷ
1346 1627 1561 1698 στρατῷ
1590 1628 1686 1680 καὶ
1716 1626 2029 1698 συντρέχειν
2047 1641 2064 1658 ⁸

783 1721 938 1773 Ἐπεὶ
959 1721 1015 1774 δὲ
1044 1720 1218 1774 καύτά
1243 1720 1310 1774 τά
1337 1719 1473 1790 πρὸς
1501 1718 1740 1789 ἑσπέραν
1770 1719 1901 1792 γένη

779 1813 1079 1866 Ἀσπονδον
1107 1808 1250 1882 εἶχεν
1276 1811 1336 1876 ἐξ
1363 1811 1518 1874 ἔθους
1547 1811 1804 1880 ὑποψίαν,

773 1902 940 1967 Αὖθίς
965 1921 1025 1957 τε
1050 1903 1254 1956 καινῶν
1281 1901 1577 1974 φροντίδων
1599 1901 1930 1972 κινουμένων

772 1999 883 2070 Τῆς
913 2000 1013 2068 σῆς
1041 1995 1272 2068 ἔχρῃζεν
1302 1998 1334 2066 ἡ
1365 1995 1516 2059 πόλις
1549 1995 1874 2066 παρουσίας,

631 2089 736 2145 515
785 2089 842 2140 '0
874 2087 932 2140 δὲ
963 2087 1190 2158 στρατός
1221 2103 1314 2139 σου
1344 2085 1502 2139 τοῦτο
1528 2087 1789 2155 πράττειν
1825 2087 1904 2148 εἰς
1932 2083 2052 2140 δέον

785 2179 984 2234 Ἐδεῖτο
1013 2177 1183 2230 πολλά
1217 2178 1308 2231 καὶ
1334 2177 1502 2231 θέλων
1535 2169 1907 2246 καιδακρύων

781 2273 908 2341 (Καὶ
939 2273 1004 2342 τῇ
1034 2269 1188 2323 πόλει
1218 2271 1328 2340 γάρ
1355 2267 1661 2340 συμπαθεῖν
1693 2268 1974 2338 ἠπείγετο,

778 2364 885 2417 Καὶ
915 2361 1008 2416 σοῦ
1048 2361 1354 2432 στερεῖσθαι
1383 2360 1587 2432 ζημίαν
1614 2359 1844 2431 ώρίζετο
1858 2361 1900 2430 ),

631 1171 734 1226 5θὸ

1927 328 2248 389 GEORGII
2302 327 2446 388 PISl
2461 328 2594 389 ΟιΕ.

2235 466 2282 521 Λ

3742 331 3860 397 Ῐ252

2455 440 2638 493 Πείθει
2665 440 2724 492 τὸ
2753 440 2938 493 λοιπόν
2959 456 2972 469 ·
3004 443 3065 495 οὐ
3092 445 3200 512 γάρ
3223 440 3395 505 οὕτως
3427 441 3662 506 εὐκόλως

2309 533 2415 588 3‘20
2452 533 2655 586 Λαὸεῖν
2683 549 2734 584 τι
2767 531 2999 600 τερπνὸν
3026 533 3184 596 ἄλλος
3213 533 3612 603 εύτρεπίζεται,

2460 622 2550 684 Ὠς
2582 621 2776 675 θᾶττον
2800 621 2963 684 αὐτὸς
2993 622 3292 693 εύτρεπίζῃ
3325 623 3462 693 πρὸς
3495 624 3710 689 πόνους.

2522 705 2650 774 Οἷος
2681 710 2740 764 δὲ
2771 711 2964 774 πιστὸς
2991 712 3380 782 ἀρχιποίμενος
3412 714 3704 784 τρόπος-

2463 806 2560 860 Ἐκ
2591 804 2700 858 τῶν
2725 803 2980 874 πονηρῶν
3004 805 3272 878 ἀρπάγων
3298 823 3360 859 τε
3389 806 3595 879 θηρίων

2449 896 2748 952 Κυκλωθὲν
2779 896 2945 950 αὑτοῦ
2979 897 3308 967 προϐλέπων
3343 899 3407 953 τὺ
3437 900 3711 970 ποίμνιον,

2309 992 2416 1048 525
2465 991 2767 1062 Ἀμηχανεῖ
2796 989 2898 1062 μὲν
2929 989 3006 1061 πῆ
3038 993 3222 1062 τραπῇ
3254 991 3391 1062 πρὸς
3421 991 3520 1063 τὴν
3555 992 3756 1063 μάχην,

2450 1082 2642 1153 Ὅμως
2678 1081 2736 1136 δὲ
2765 1082 2964 1153 κάμνει
2993 1082 3268 1153 πανταχοῦ
3300 1081 3619 1154 διατρέχων,

2450 1173 2520 1228 Et
2550 1189 2667 1236 πως
2694 1173 2825 1246 παρ’
2851 1174 3034 1226 αὐτῶν
3067 1174 3306 1245 ἀρπάσοι
3331 1173 3394 1227 τὸ
3417 1174 3695 1243 ποίμνιον,
3714 1204 3780 1214 -

2449 1262 2606 1316 οὕτω
2628 1263 2691 1316 τὸ
2718 1263 2906 1317 πιστὸν
2932 1264 3031 1334 τῆς
3065 1263 3290 1334 λογικῆς
3319 1261 3558 1334 ποίμνης
3594 1265 3746 1331 γένος

2457 1353 2790 1425 Ἀμηχανεῖς
2815 1356 2916 1425 μὲν
2942 1356 3270 1426 προϐλέπων
3297 1357 3560 1410 ἑκάστοτε

2308 1441 2414 1498 550
2463 1445 2558 1498 Ἐκ
2584 1445 2692 1498 τῶν
2717 1446 2961 1500 ἀπίστων
2987 1446 3192 1518 θηρίων
3217 1447 3608 1518 κυκλούμενον.

2452 1536 2644 1607 Ὅμως
2671 1537 2728 1591 δὲ
2762 1539 2993 1608 κάμνεις
3029 1539 3118 1592 καὶ
3153 1540 3498 1611 περιτρέχεις
3533 1540 3645 1604 ἀεὶ,

2463 1627 2706 1684 Ἐκεῖθεν
2743 1629 2895 1685 ἐνθεν
2927 1631 3208 1702 πανταχοῦ
3241 1633 3596 1702 πονούμενος,

2450 1721 2692 1789 Βάλλων,
2723 1722 2956 1789 διώκων,
2991 1724 3290 1796 ἐκτρέχων,
3319 1725 3703 1794 ὑποστρέιρων,

2453 1811 2522 1864 Εἴ
2545 1829 2664 1876 πως
2697 1813 2890 1867 ἑαυτὸν
2921 1815 3238 1887 ἀντίλυτρον
3276 1817 3513 1885 εἰσάγων

2309 1900 2416 1958 555
2464 1902 2882 1974 Ἐλευθερώσεις
2903 1907 3151 1975 αἱμάτων
3179 1907 3240 1958 τὸ
3264 1907 3536 1976 ποίμνιον.

2451 1993 2615 2048 Ὀθεν
2644 1993 2902 2058 τυπώσας
2931 1996 3110 2049 πάντα
3141 1995 3382 2067 σώφρονι
3416 1997 3630 2067 τρόπῳ,

2447 2087 2560 2141 Καὶ
2588 2087 2665 2158 τῷ
2697 2088 2987 2160 στρατηγῷ
3014 2090 3105 2143 τὸν
3141 2089 3369 2159 στρατὸν
3397 2091 3765 2160 συναρμόσας,

2450 2179 2560 2239 Καὶ
2594 2179 2671 2250 τῷ
2704 2181 2822 2252 Θεῷ
2851 2181 2973 2243 δοὺς
3005 2183 3102 2244 τὰς
3136 2184 3223 2235 ἐπ’
3250 2181 3427 2246 αὐτοῖς
3469 2182 3717 2244 ἐλπίδας,

2455 2269 2623 2324 Πάλιν
2658 2271 2795 2342 πρὸς
2826 2272 2998 2338 αὐτὴν
3027 2272 3127 2344 τὴν
3157 2272 3312 2326 πόλιν
3342 2289 3432 2326 σου
3466 2274 3737 2336 συντόνως

2311 2357 2417 2415 ’540
2453 2359 2703 2414 Τοσαῦτα
2738 2361 2950 2432 πράξας
2980 2364 3076 2417 καὶ
3101 2363 3452 2436 κατορθώσας
3478 2365 3719 2434 τρέχεις.

633 2536 816 2577 sarum
848 2519 1177 2574 indomabile
1224 2532 1396 2590 genus
1439 2525 1716 2587 sperasset
1768 2515 2014 2586 praebere
2058 2525 2211 2590 terga
2311 2515 2605 2570 statuebat.
2652 2515 2893 2572 Tandem
2941 2512 3178 2573 suadet:
3207 2534 3318 2574 non
3365 2518 3510 2574 enim
3563 2528 3674 2573 tam
3719 2520 3875 2576 facile,

635 2615 1003 2669 Romanorum
1045 2611 1311 2666 ensibus?
1355 2609 1490 2677 Quis
1518 2610 1572 2663 in
1629 2608 1793 2662 tantis
1837 2609 2208 2664 calamitatum
2315 2607 2463 2677 (520)
2499 2623 2620 2678 qua:
2669 2619 2797 2664 sunt
2825 2611 3245 2676 oblectamento,
3279 2611 3414 2665 alter
3447 2613 3778 2684 aggreditur.
3821 2627 3876 2666 ac

637 2703 1051 2774 tempestatibus
1086 2711 1361 2772 sperasset
1390 2701 1636 2756 invenire
1660 2699 1745 2754 vel
1776 2700 2125 2754 serenitatem
2153 2700 2208 2755 in
2314 2710 2370 2757 tu
2403 2703 2691 2759 confestim
2718 2706 3028 2776 aggrederis
3056 2707 3289 2762 labores.
3334 2765 3336 2770 ,

632 2796 857 2850 medio?
885 2795 1035 2866 (500)
1064 2793 1196 2860 Quis
1234 2795 1289 2849 in
1321 2803 1471 2851 tanta
1495 2793 1671 2848 victus
1703 2792 1930 2863 penuria
1961 2792 2028 2848 ad
2057 2808 2211 2849 com-
2382 2793 2571 2860 Qualis
2620 2805 2803 2852 autem
2842 2797 3002 2868 primi
3049 2798 3282 2868 pastoris
3317 2797 3458 2854 ﬁdus
3493 2809 3585 2856 est
3619 2815 3753 2864 mos,
3796 2799 3874 2868 qui

633 2896 870 2942 meatum
902 2885 1322 2941 ministrandum
1371 2885 1536 2941 urbes
1570 2885 1852 2950 suasisset,
1892 2885 1996 2940 nisi
2035 2901 2134 2956 per
2163 2893 2217 2940 te
2312 2883 2382 2938 ab
2432 2884 2695 2956 improbis
2743 2898 2800 2942 et
2827 2889 3113 2958 rapacibus
3158 2890 3291 2946 feris
3320 2891 3776 2946 circumclausum
3805 2888 3875 2944 vi-

633 2979 756 3034 illos
785 2978 1201 3035 scelestissimos
1229 2978 1424 3034 iterum
1459 2992 1489 3032 a
1527 2987 1708 3032 nostra
1741 2977 1984 3047 proxima
2011 2977 2208 3033 vicinia
2312 2975 2451 3032 dens
2479 2991 2641 3032 suum
2683 2979 2826 3035 ovile
2851 2981 3000 3050 (525)
3028 2982 3196 3038 haeret
3236 2983 3439 3050 animo,
3485 3000 3597 3055 qua
3633 2999 3692 3038 se
3722 2991 3876 3038 vertat

634 3073 823 3142 procul
853 3071 1124 3143 abegisset
1146 3071 1238 3142 qui
1265 3070 1446 3127 omnia
1487 3069 1642 3125 lance
1670 3069 1983 3140 ponderat?

705 3163 854 3233 (505)
890 3164 959 3217 At
987 3179 1117 3219 vero
1147 3179 1268 3218 cum
1301 3163 1357 3218 in
1403 3162 1496 3218 tali
1525 3177 1709 3217 rerum
1744 3160 2069 3216 confusione
2105 3158 2213 3215 im-

633 3252 800 3322 pliciti
836 3254 1048 3324 jamdiu
1107 3255 1439 3310 absisterent
1482 3269 1514 3308 a
1564 3266 1745 3325 pugna
1776 3251 2023 3316 Barbari,
2058 3259 2136 3315 tu,
2179 3263 2214 3304 ο

634 3345 931 3402 fortissime
982 3345 1225 3414 (volebas
1271 3345 1420 3400 enim
1457 3344 1639 3399 adhuc
1667 3358 1932 3398 manere:
1969 3358 2095 3396 nam
2125 3349 2216 3396 tua

633 3451 791 3491 mens
812 3437 879 3491 ad
904 3437 1118 3492 labores
1146 3437 1342 3491 callum
1365 3435 1887 3506 obduxerat),multa
1909 3435 2064 3490 valde
2079 3434 2216 3490 scita

632 3536 945 3582 commenta
999 3527 1339 3598 excogitasti,
1375 3525 1524 3597 (510)
1569 3525 1760 3582 volens
1801 3524 2058 3596 congredi
2089 3539 2216 3579 cum

633 3619 881 3674 exercitu
929 3627 985 3672 et
1027 3633 1378 3674 concurrere.
1417 3617 1630 3672 Interea
1673 3631 1804 3672 vero
1854 3623 2065 3686 gentes,
2094 3631 2215 3687 quae

637 3719 767 3766 sunt
813 3711 879 3765 ad
928 3710 1278 3765 Occidentem
1324 3710 1470 3780 rupti
1523 3709 1744 3765 [aderis
1789 3709 2102 3764 habuerunt
2144 3708 2214 3764 de

637 3816 791 3857 more
838 3802 1230 3874 suspicionem.
1278 3802 1347 3858 Et
1391 3819 1581 3858 rursus
1622 3803 1692 3859 ob
1741 3817 1910 3857 novas
1956 3801 2215 3856 excitatas

638 3910 799 3950 curas
846 3904 994 3950 tuam
1029 3894 1372 3950 desiderabat
1419 3895 1612 3950 civitas
1651 3895 2019 3966 praesentiam.
2067 3892 2213 3963 (515)

638 3987 924 4041 Exercitus
943 3995 1124 4041 autem
1148 3995 1294 4051 tuus,
1329 3996 1389 4041 ut
1408 3987 1631 4043 omnino
1657 3988 1760 4042 hoc
1777 3988 2004 4052 faceres,
2027 3985 2218 4043 orabat

637 4079 824 4134 multis
891 4095 1017 4134 cum
1080 4079 1338 4150 precibus
1395 4090 1451 4135 et
1511 4081 1763 4152 lacrymis
1817 4098 1831 4134 :
1886 4094 2011 4134 nam
2064 4077 2216 4133 urbis

635 4172 840 4242 pietate
873 4171 1018 4244 tangi
1049 4171 1364 4242 cogebatur,
1395 4182 1452 4227 et
1482 4181 1536 4228 te
1566 4172 1768 4244 privari
1797 4186 1919 4227 esse
1951 4171 2212 4226 damnum

2235 3083 2280 3144 (ς
2312 3067 2379 3123 ad
2411 3083 2668 3141 pugnam,
2705 3078 2887 3127 tamen
2932 3073 3217 3140 allaborat,
3245 3090 3660 3146 quaquaversus
3706 3087 3875 3130 excur-

2311 3173 2460 3220 rens,
2509 3160 2552 3214 si
2585 3175 2692 3230 qua
2721 3161 2936 3218 ratione
2983 3163 3052 3218 ab
3082 3163 3217 3232 ipsis
3251 3179 3468 3235 gregem
3506 3163 3784 3224 defendat,
3810 3158 3876 3213 sic

2311 3257 2370 3304 tu
2406 3250 2570 3306 ﬁdum
2602 3252 2884 3309 rationalis
2929 3255 3091 3310 ovilis
3127 3270 3302 3326 genus
3351 3255 3525 3310 haeres
3549 3255 3774 3325 quidem
3805 3251 3876 3304 vi-

2310 3340 2449 3396 dens
2491 3357 2614 3397 esse
2674 3343 2824 3397 omni
2876 3353 3030 3414 parte
3062 3344 3190 3414 (550
3223 3343 3294 3400 ab
3345 3342 3664 3398 inﬁdelibus
3711 3340 3876 3396 bestiis

2311 3432 2728 3499 circumdatum,
2767 3443 2950 3489 tamen
2978 3435 3268 3498 allaboras,
3309 3444 3366 3490 et
3394 3436 3659 3490 circumis
3683 3445 3876 3501 semper

2315 3529 2425 3586 huc
2476 3539 2533 3585 et
2579 3530 2743 3596 illuc,
2793 3547 3064 3602 nusquam
3114 3532 3496 3601 requiescens,
3547 3529 3874 3602 aggrediens,

2313 3621 2632 3692 insequens,
2681 3637 3001 3685 excurrens.
3027 3638 3336 3685 recurrens.
3368 3621 3413 3677 si
3461 3621 3609 3678 forte
3642 3631 3693 3676 te
3719 3621 3874 3690 ipsum

2314 3716 2537 3770 tradens
2561 3714 2615 3768 in
2643 3715 2879 3785 pretium
2908 3716 3054 3787 (555)
3086 3716 3264 3786 possis
3301 3715 3584 3770 liberarea
3633 3711 3875 3783 sanguine

2315 3819 2555 3876 gregem.
2629 3805 2770 3860 Hinc
2837 3807 3002 3862 rebus
3068 3807 3322 3888 omnibus
3383 3805 3620 3876 sapienti
3691 3804 3876 3860 ratione

2316 3897 2665 3966 praescriptis,
2714 3907 2770 3952 et
2819 3897 2886 3952 ad
2927 3898 3084 3954 ducis
3132 3898 3410 3968 ingenium
3457 3898 3710 3952 exercitu
3755 3904 3874 3948 tein-

2315 3997 2530 4057 perato,
2555 3988 2812 4059 omnique
2836 3989 2889 4042 in
2915 3988 3026 4044 Deo
3049 3989 3116 4045 de
3147 3989 3254 4044 illis
3276 4005 3371 4060 spe
3393 3989 3680 4053 collocata,
3709 3998 3874 4042 rursus

2318 4077 2387 4132 ad
2423 4087 2566 4132 tuam
2611 4079 2888 4134 civitatem
2937 4079 3165 4150 impigre
3211 4078 3358 4150 (540)
3415 4088 3497 4134 tot
3545 4079 3712 4134 rebus
3731 4074 3876 4149 gestis

2319 4178 2375 4224 et
2417 4169 2520 4226 rite
2545 4169 2860 4241 compositis
2897 4169 3160 4225 accurris.
3181 4169 3302 4226 Non
3334 4169 3480 4226 enim
3511 4168 3692 4224 solum
3718 4175 3874 4222 certa-

1927 4321 2162 4379 VAIllAS
2194 4319 2603 4378 LEC'IIONES.

2168 4456 2395 4514 NOTAE.

637 4586 748 4672 τών
777 4586 1002 4672 Περσῶν
1033 4586 1456 4658 δυσμαχώτατον
1492 4585 1646 4654 γένος
1694 4583 1840 4655 νῶτα
1871 4580 2054 4636 δοῦναί
2085 4595 2218 4633 ποτε
2250 4582 2294 4636 D
2325 4580 2655 4665 mentionem
2693 4583 3198 4672 facitzﬂazc‘tamen
3232 4578 3871 4672 erantsedulo‘notan'tll:

707 4396 814 4455 308
837 4416 899 4452 τυ
910 4414 1000 4470 ρου
1008 4397 1185 4469 μένων
1206 4395 1295 4454 ed.

649 4657 960 4719 Ῥωμαίοις.

635 4674 1021 4850 ιιξυιέῖιῗῖξτιὶ
1065 4725 1220 4796 quasi
1262 4727 1536 4795 legeretur
1573 4721 1939 4794 τυλουμένων,
1982 4731 2042 4777 ιιι
2082 4729 2217 4791 puto

656 4811 812 4850 02811(
833 4812 944 4848 Ulll.

656 4811 944 4849 ραθιιιιυηι.

689 4837 1005 4920 adiali-ide
1051 4880 1240 4935 supra,
1265 4883 1318 4921 ν.
1353 4866 1442 4932 6|,
1476 4880 1598 4934 qua:
1645 4864 1786 4920 circa
1809 4878 1998 4917 vocem
2029 4860 2129 4931 ὕλη
2161 4867 2218 4916 et

631 4935 859 5005 ἀφορμὴ
882 4936 1180 5006 attigimus,

705 5001 1099 5070 5HﬁAbaies,
1126 5021 1259 5076 gens
1288 5005 1398 5060 fera
1429 5012 1486 5060 et
1516 5003 1776 5059 Romanis
1799 5001 2030 5076 infensa,
2077 5015 2219 5070 quo-

634 5076 736 5129 ties
764 5077 905 5129 vires
942 5076 1008 5129 ad
1049 5071 1333 5130 inferenda
1363 5077 1556 5130 damna
1592 5082 1930 5143 receperant,
1951 5071 2209 5143 interpo-

633 5145 733 5215 sita
767 5156 917 5215 pacta
948 5160 1058 5198 non
1085 5161 1205 5200 esse
1231 5156 1442 5200 servata
1471 5142 1836 5202 causabantur
1860 5161 1872 5196 :
1909 5142 2036 5196 hinc
2064 5148 2212 5215 recte

632 5210 920 5286 Nosterait
949 5216 1006 5280 ἐξ
1038 5215 1210 5286 ἔθους.
1242 5215 1420 5282 Plura,
1450 5233 1572 5286 qua:
1611 5217 1717 5270 huc
1759 5220 2028 5286 spectant.
2059 5210 2212 5264 vide-

633 5285 710 5339 sis
742 5286 795 5338 in
833 5285 1013 5338 Poem.
1066 5285 1129 5337 de
1159 5287 1304 5354 ⁵ίνιείιο
1351 5282 1512 5342 Abar.
1556 5286 1734 5340 Pisida
1809 5282 2018 5336 Abares
2057 5288 2214 5354 vocat

632 5356 765 5424 γένη
804 5356 939 5426 πρὸς
966 5350 1222 5424 ἑσπέραν,
1255 5372 1321 5410 eo
1350 5358 1495 5426 quod
1526 5357 1624 5426 ipsi
1655 5356 1760 5409 late
1798 5350 2072 5424 pervagati
2099 5350 2214 5420 jam

632 5426 702 5479 ad
724 5426 922 5480 lstrum
950 5427 1328 5481 consederant.

706 5496 830 5552 519.
874 5495 1257 5564 Theophanes,
1295 5512 1349 5566 p.
1372 5495 1499 5562 $56,
1540 5493 1707 5566 refert
1738 5491 2043 5566 Heraclium
2074 5489 2208 5566 [ed-

633 5565 760 5621 iisse
817 5559 1131 5637 Byzantium
1160 5559 1313 5637 anno'
1349 5559 1632 5636 postriuam
1663 5564 1809 5637 inde
1841 5572 2033 5619 contra
2074 5559 2209 5637 I’er-

635 5651 724 5690 sas
769 5631 1123 5690 dimicaturus
1169 5631 1520 5697 discesserat}
1579 5636 1674 5690 sed
1727 5649 1944 5690 causam
1994 5631 2207 5687 reticet.

636 5705 976 5780 Nieepltorus
998 5705 1314 5780 Cpolitanus
1345 5707 2038 5780 autemo‘mniaperperam
2070 5716 2210 5780 con-

639 5771 872 5834 tundens
901 5777 968 5833 de
1010 5771 1111 5831 hac
1146 5777 1318 5846 prima
1357 5776 1700 5846 expeditione
1741 5771 1970 5830 Heraclii
2009 5771 2209 5829 nullam

2314 4669 2385 4709 ne
2415 4667 2520 4720 qua
2553 4655 2790 4708 oriretur
2813 4657 3119 4712 dillicultas.
3152 4658 3301 4712 Patet
3332 4657 3558 4712 enirnex
3592 4653 3758 4720 Pisidn
3783 4643 3874 4696 Πθ·

2317 4718 2722 4796 raclium_anno
2758 4725 2970 4796 imperii
3009 4728 3090 4781 sui
3118 4729 3200 4792 15,
3233 4727 3575 4796 Christiﬁﬂ
3603 4735 3670 4773 ex
3701 4718 3871 4796 arma:

2317 4793 2407 4846 nia
2456 4793 2511 4845 in
2547 4785 2852 4848 Tlirariam'
2891 4785 3199 4859 reversum,
3243 4807 3301 4850 ut
3351 4792 3662 4858 fmdifragos
3692 4785 3872 4859 ΑιξειΓθε

2317 4861 2672 4935 reprimeret:
2706 4881 2770 4935 ac
2793 4865 2978 4935 tribus
3008 4875 3130 4935 post
3169 4854 3326 4919 annis
3358 4879 3482 4918 cum
3516 4854 3704 4935 iisdem
3747 4854 3871 4935 ᾼιιᾳῖ

2318 4930 2408 5004 [οὲ
2454 4933 2668 5004 ‘Cpolim
2702 4934 2938 5004 diripere
2981 4930 3142 5004 atque
3175 4943 3422 5004 evertere
3454 4930 3872 5004 {nolitisuntktt‘t

2317 4990 2537 5056 Perside
2579 4990 2862 5060 trementis
2902 4990 3152 5076 degebat.
3175 5004 3309 5060 Vide
3351 5003 3425 5056 De
3455 5000 3588 5054 bello
3612 4990 3873 5052 Amrer

2315 5081 2373 5127 et
2399 5086 2550 5140 seqq.

2385 5087 2731 5197 .Codex
2784 5143 2873 5200 hic
2921 5144 3086 5198 habet
3126 5141 3477 5206 versiculum,
3513 5139 3604 5210 qui
3638 5130 3874 5210 legendus

2314 5229 2443 5269 mox
2476 5213 2628 5266 venit
2673 5213 2776 5267 sub
2821 5229 3050 5268 numero
3082 5214 3186 5268 528
3213 5231 3226 5266 :
3263 5211 3408 5264 οὕτω
3437 5200 3499 5262 τὸ
3531 5200 3748 5264 πιστόν.
3784 5200 3873 5253 Νοδ

2315 5291 2595 5354 tanquam_
2607 5283 2866 5354 περισσὸν
2903 5284 3270 5354 rejiciendutn
3290 5296 3409 5354 esse
3444 5279 3767 5354 putavimus.

2385 5346 2509 5407 556.
2552 5346 2938 5422 Theophanes,
2961 5346 3115 5407 'ibid.
3151 5354 3206 5406 '0
3228 5352 3284 5405 δὲ
3319 5346 3570 5422 βασιλεὺς
3604 5346 3692 5422 {silv
3729 5352 3873 5422 στρε-

2315 5423 2407 5476 τδν
2469 5426 2567 5474 σὺν
2620 5409 2723 5490 τῷ’
2752 5409 3044 5492 στρατηγῴ
3098 5409 3425 5492 καταλιπὼν
3472 5409 3560 5492 εἰς
3606 5409 3873 5492 Ἀρμενίαν

2317 5485 2751 5558 παραχειμάσαι,
2788 5485 3058 5556 αύτὸςεῐς
3090 5493 3378 5556 Βυζάντιον
3407 5485 3755 5558 ὑπέστρεψεν.
3841 5544 3850 5555 ,

2386 5510 2394 5543 ι
2435 5509 2467 5544 α
2506 5509 2552 5544 ει
2603 5509 2751 5556 ασαι,
2788 5509 2947 5556 αυτος
2979 5509 3058 5555 εις
3090 5509 3378 5556 υυςαντιον
3407 5509 3755 5558 υπεστρεγεν.
3841 5544 3850 5555 ,

2386 5509 2510 5638 ξιίᾶ
2554 5509 2710 5630 gaepe
2753 5561 2819 5638 in
2874 5563 3273 5638 ecclesiasticis
3309 5558 3619 5638 auctoribus
3658 5551 3874 5638 οεςξιξειξ

2315 5633 2544 5686 verbum
2577 5624 2879 5698 κατορθόω,
2927 5647 3037 5700 quo
3070 5633 3177 5686 vita
3210 5632 3274 5684 ad
3314 5625 3635 5700 Christianae
3678 5624 3871 5700 virtutis

2316 5717 2561 5754 normam
2623 5692 2872 5754 instituta
2924 5692 3274 5770 signiﬁcatur,
3330 5707 3388 5751 ut
3447 5697 3536 5752 llic
3571 5695 3624 5748 in
3676 5692 3867 5748 Nostro-

2321 5772 2452 5826 \'ide
2484 5770 2695 5826 Suiceri
2725 5770 2870 5825 Thes.
2905 5771 3194 5824 ecclesiasl.
