4126 6282
295 319 435 386 1253

435 438 510 490 Οὐ
545 436 646 509 γὰρ
678 437 933 510 μονήρεις
964 438 1089 504 τοὺς
1119 438 1341 509 ἀγῶνας
1368 441 1467 511 τῆς
1493 442 1697 511 μάχης,

430 529 628 600 Ψυχὴν
654 530 711 583 δὲ
738 532 837 603 τὴν
865 530 966 603 σὴν
1000 531 1483 602 συγκατώρϐωσας
1514 532 1697 586 πλέον.

430 624 606 687 Αὐτὸς
633 622 744 693 γὰρ
770 625 905 695 ἡμῖν
936 624 1251 697 ἑξαριθμῶν
1280 626 1547 689 πολλάκις

433 714 544 771 Τοῦ
572 714 665 766 σοῦ
693 714 811 785 βίου
840 714 903 768 τὸ
936 716 1156 789 μέτρον,
1189 718 1451 789 ἐτράνους
1475 716 1559 770 ὅτι

289 803 397 859 545
440 823 459 856 ι
484 804 640 868 Βιοὺς
670 805 863 875 χρόνον
890 806 1140 862 τοσοῦτον
1166 811 1227 863 ὲν
1256 809 1523 883 ῥᾳθυμίᾳ,

436 897 649 968 Ἐζησα
677 899 884 962 ταύτας
911 898 990 970 τῷ
1016 898 1135 970 Θεῷ
1158 900 1257 965 τὰς
1284 902 1519 973 ἡμέρας.
1551 923 1572 956 ι

431 991 542 1044 Καὶ
570 990 728 1045 τοῦτο
752 992 942 1065 δῆλον
973 994 1096 1047 οὐδὲ
1122 994 1231 1066 γὰρ
1252 995 1577 1068 καλύμματι

431 1076 678 1148 Ψεύδους
708 1087 975 1156 προσήκει
1004 1087 1104 1158 τὴν
1134 1088 1394 1159 ἀλήθειαν
1430 1092 1679 1146 σκέπειν.

432 1176 551 1230 Νῦν
581 1176 692 1249 γὰρ
724 1179 793 1232 τὰ
820 1178 1046 1250 Περσῶν
1075 1184 1177 1252 τῆς
1207 1181 1419 1253 πλάνης
1454 1186 1729 1257 μυστήρια

291 1267 396 1324 550
437 1270 624 1339 Γυμνὰ
653 1272 899 1341 πρόεισιν
923 1291 935 1303 ·
968 1273 1094 1344 ἄρτι
1122 1274 1224 1343 τῆς
1252 1276 1645 1347 κεκρυμμένης

431 1358 640 1431 ’Ὕδρας
670 1362 803 1430 παρ’
830 1361 1015 1425 αὐτοῖς
1047 1363 1079 1433 ὴ
1108 1363 1489 1432 πολυκέφαλος
1518 1365 1693 1439 πλάνη

431 1452 567 1506 Ἕνα
601 1453 906 1521 προτείνειν
936 1452 1079 1519 ἀξιοῖ
1109 1454 1199 1508 τὸν
1224 1455 1448 1526 αὐχένα,

435 1545 533 1596 Ὃν
568 1545 664 1597 νῦν
700 1544 987 1615 βλέποντες
1015 1546 1242 1615 εὶσάγαν
1273 1547 1625 1621 θαυμάζομεν

444 1636 743 1705 Ἡρακλέος
768 1636 1002 1707 τυχόντα
1033 1639 1127 1693 καὶ
1158 1639 1523 1709 σεσωσμένον.

290 1723 399 1781 355
435 1719 600 1795 Οἶμαι
630 1724 685 1778 δὲ
717 1726 913 1779 καύτὸν
944 1726 1289 1797 αίχμάλωτον
1317 1730 1375 1783 ἐν
1406 1729 1563 1800 τάχει

436 1819 594 1890 ’ὕψει
623 1819 845 1874 δεθέντα
880 1820 972 1873 τὸν
1000 1819 1270 1893 δράκοντα
1299 1822 1568 1894 Χοσρόην,

288 2025 500 2080 minmn
524 2023 674 2090 belli,
689 2024 784 2081 sed
810 2025 1004 2081 anima:
1026 2035 1133 2082 ture
1148 2042 1334 2083 curam
1358 2028 1594 2086 habuisti
1617 2028 1871 2085 maxime.

289 2117 371 2173 Tu
402 2118 547 2173 enim
576 2118 691 2189 ipse
716 2118 874 2173 nobis
930 2134 1213 2189 exponens
1252 2123 1452 2193 saepius
1497 2131 1603 2178 tua;
1632 2122 1757 2177 vita:
1786 2138 1873 2177 ra-

288 2209 496 2262 tionem
518 2210 623 2263 hoc
648 2208 915 2263 enarrasti
947 2226 962 2263 :
988 2210 1135 2279 (545)
1168 2230 1187 2263 ι
1217 2210 1354 2266 Cum
1379 2221 1590 2267 tantum
1614 2213 1877 2283 temporis

290 2300 646 2371 transegerim
671 2300 726 2354 in
750 2301 882 2367 otio,
908 2302 1015 2356 vixi
1041 2303 1258 2358 tandem
1290 2304 1389 2359 hos
1417 2320 1518 2377 ego
1550 2304 1661 2359 Deo
1682 2305 1819 2360 dies.
1851 2323 1871 2357 ι

288 2396 467 2463 Atque
517 2394 622 2448 hoc
647 2402 731 2448 est
770 2404 1060 2464 apertum:
1091 2412 1200 2451 non
1241 2385 1387 2451 enim
1432 2397 1553 2452 velo
1600 2396 1871 2453 mendacii

284 2487 437 2558 juvat
462 2488 747 2543 veritatem
768 2490 1043 2562 obtegere.
1059 2489 1214 2545 Nunc
1236 2490 1429 2545 enimP
1450 2491 1639 2546 ersica‘.
1660 2490 1870 2547 fraudis

287 2581 547 2650 mysteria
581 2581 724 2652 (350)
753 2583 898 2638 nuda
938 2583 1241 2653 procedunt
1279 2600 1292 2637 :
1328 2598 1505 2653 nuper
1534 2582 1869 2638 absconditae

286 2673 434 2743 apud
465 2674 610 2743 ipsos
638 2674 820 2746 hydra:
851 2676 1131 2747 multiplex
1154 2675 1519 2729 fraudulentia
1550 2690 1712 2730 unam
1750 2686 1870 2729 tan-

286 2772 407 2817 tum
454 2764 619 2819 audet
654 2765 981 2835 protendere
1024 2766 1317 2831 cervicem,
1357 2780 1521 2835 quam
1565 2765 1730 2819 modo
1768 2780 1870 2820 nos

287 2855 569 2912 intuentes
598 2858 755 2914 valde
799 2859 1063 2913 miramur
1108 2858 1161 2912 in
1195 2858 1487 2913 Herculem
1540 2857 1795 2913 incidisse
1823 2866 1880 2913 et

286 2946 529 3001 evasisse
573 2947 800 3003 salvam.
847 2948 993 3018 (555)
1041 2947 1178 3004 Puto
1237 2956 1420 3004 autem
1475 2948 1654 3019 ipsum
1710 2948 1877 3002 etiam

286 3034 565 3104 captivum
605 3036 754 3092 brevi
792 3037 1150 3108 vinctumque
1192 3048 1246 3093 te
1285 3038 1530 3093 visurum
1581 3038 1874 3093 draconem

1243 323 1340 384 DE
1370 324 1881 385 EXPEDITIONE
1911 325 2223 387 PERSICA
2294 330 2453 389 ΑΕΒ.
2497 332 2613 394 ΙΙΙ.

1905 1815 1953 1875 Β

3429 336 3566 406 1254

2125 445 2185 496 Εἰ
2218 445 2293 516 μὴ
2325 446 2481 499 λάϐοι
2516 464 2598 511 τις
2627 446 2727 519 τὴν
2756 447 2915 520 δίκην
2949 450 3211 521 ὑποψίαν,

2134 535 2223 600 Ὦς
2246 539 2406 609 εἴπερ
2435 540 2565 610 ὑμῖν
2598 540 2811 612 ἐκδοθῇ,
2847 542 2947 605 τὰς
2976 543 3135 610 ἀξίας

2118 628 2286 684 Λάθοι
2320 632 2607 702 παρελθὼν
2636 634 2695 687 ὲν
2728 633 2920 705 βραχεῖ
2950 636 3244 708 τιμωρίας.

1978 721 2087 777 360
2193 724 2303 779 Καί
2333 742 2426 797 μοι
2453 725 2731 797 λογισμῶν
2762 728 3023 794 πολλάκις
3054 730 3391 800 κινουμένων

2117 815 2293 880 Αὐτὸς
2316 818 2440 873 κατ’
2471 818 2709 889 ἐμαυτὸν
2736 819 3018 872 συλλαϐὼν
3046 819 3183 892 ἔφην
3210 821 3338 876 τάδε
3355 838 3371 854 ·

2119 904 2184 958 El
2212 904 2313 969 τὰς
2349 907 2409 960 ἐν
2435 907 2658 979 ἄστροις
2682 910 2710 961 ὁ
2737 907 3075 979 Πτολεμαῖος
3102 908 3361 975 ἐκϐάσεις

2121 996 2233 1049 Καὶ
2263 997 2401 1069 πρὸς
2429 998 2491 1052 τὸ
2526 1000 2721 1070 μέλλον
2748 996 2898 1071 εἶχεν
2920 1001 3332 1074 ἡκριϐωμένας,

2119 1087 2245 1153 Πῶς
2274 1091 2338 1143 οὐ
2371 1090 2798 1162 προεξήγγειλεν
2821 1087 2934 1147 οἷον
2960 1095 2993 1164 ή
3021 1092 3184 1163 φύσις

1978 1179 2087 1234 365
2134 1182 2254 1235 Ἐπ’
2286 1184 2537 1253 ἐσχάτων
2569 1184 2753 1254 μέλλει
2787 1203 2846 1239 σε
2877 1187 3169 1258 φωσφόρον
3196 1187 3453 1257 βλέπειν;

2129 1273 2270 1326 Ἀλλ’
2299 1276 2457 1346 ειπερ
2480 1271 2549 1347 ἦν
2575 1279 2781 1342 ἐκεῖνος
2815 1279 3042 1343 εἰκότως
3073 1280 3183 1350 ἄρα

2118 1364 2231 1436 Τῆς
2260 1366 2364 1436 γῆς
2389 1366 2792 1438 ὑπερϐαίνοντα
2822 1370 2949 1433 τοὺς
2977 1371 3139 1443 ὄρους
3172 1370 3409 1441 βλέπων,

2117 1457 2319 1527 ’Υμνει
2351 1475 2410 1511 σε
2440 1459 2644 1528 μᾶλλον
2672 1463 2785 1525 τοῖς
2814 1462 3129 1532 μεταρσίοις
3166 1461 3346 1532 λόγοις
3371 1481 3385 1495 ’

2113 1548 2230 1619 Τῆς
2249 1551 2524 1622 ἐκδρομῆς
2556 1552 2613 1605 δὲ
2633 1592 2649 1617 ,
2683 1554 2778 1607 καὶ
2818 1555 2980 1607 πλέον
3009 1555 3117 1609 τῶν
3148 1556 3419 1625 ἀστέρων,

1975 1637 2081 1694 570
2130 1640 2217 1692 Ἐν
2247 1643 2330 1694 σοὶ
2357 1641 2425 1695 τὰ
2453 1643 2624 1697 πολλὰ
2647 1646 2883 1716 προσϐλέ
2895 1665 3005 1701 πων
3039 1649 3318 1719 κινήματα

2117 1732 2232 1804 Τὴν
2260 1734 2360 1806 σὴν
2394 1735 2705 1807 ἀεικίνητον
2736 1737 2945 1809 ὕμνησε
2977 1739 3169 1812 φρένα,

2123 1825 2317 1881 ’Δλλον
2349 1828 2751 1900 νεουργηθέντα
2782 1834 2899 1895 τοῖς
2938 1832 3089 1887 κάτω
3126 1832 3291 1885 πόλον

1977 2032 2133 2104 quasi
2160 2034 2208 2090 si
2252 2033 2343 2090 ille
2375 2032 2603 2089 traditus
2637 2032 2800 2089 fuerit
2839 2051 2854 2088 :
2892 2034 3104 2092 meritis
3134 2044 3265 2092 tunc
3295 2033 3363 2091 ad
3390 2034 3559 2091 breve

1974 2135 2191 2197 tempus
2213 2126 2350 2181 clam
2372 2141 2432 2181 se
2452 2126 2706 2196 surripiet
2727 2127 2921 2197 pomis.

2046 2216 2193 2289 (360)
2238 2216 2417 2288 Atque
2460 2232 2562 2289 ego
2617 2219 2787 2274 multa
2845 2234 2993 2290 saepe
3053 2234 3266 2274 mecum
3331 2234 3561 2277 versans

1974 2308 2179 2373 animo,
2208 2322 2406 2378 meque
2438 2309 2575 2363 meis
2605 2308 2892 2364 involvens
2926 2310 3099 2375 curis,
3129 2311 3377 2366 dicebam
3404 2310 3555 2366 talia.

1980 2400 2038 2456 Si
2072 2417 2200 2455 vere
2233 2412 2505 2456 astrorum
2554 2401 2878 2457 Ptolemtnus
2911 2403 3265 2459 excursiones
3293 2404 3456 2458 etiam
3498 2404 3556 2458 in

1975 2492 2220 2548 futurum
2239 2493 2431 2548 habuit
2445 2493 2932 2563 perspectissimas,
2952 2496 3224 2564 quomodo
3235 2509 3343 2549 non
3359 2494 3559 2566 praedi-

1976 2585 2057 2640 xit
2083 2587 2296 2655 qualem
2326 2596 2519 2641 natura
2544 2586 2693 2657 (565)
2723 2594 2997 2656 postremo
3029 2596 3173 2641 esset
3208 2587 3261 2640 in
3300 2595 3349 2641 te
3372 2586 3557 2642 visura

1975 2677 2397 2748 Phosphorum?
2443 2677 2547 2733 Sed
2591 2694 2715 2733 cum
2754 2688 2930 2744 esset,
2983 2687 3044 2734 ut
3099 2679 3345 2746 videtur,
3388 2681 3440 2733 in
3489 2679 3558 2735 iis

1976 2768 2411 2839 contemplandis
2461 2786 2583 2840 qua:
2614 2779 2773 2824 terrae
2823 2770 3086 2826 terminos
3139 2773 3553 2837 transcendunt,

1973 2857 2239 2924 intentus,
2273 2867 2326 2915 te
2354 2858 2745 2930 depraedicavit
2776 2860 3095 2916 sublimiore
3135 2862 3306 2933 stylo;
3342 2871 3552 2933 tuaeque

1973 2949 2334 3014 excursionis,
2371 2950 2542 3022 magis
2571 2966 2734 3020 quam
2774 2960 3070 3016 astrorum,
3094 2952 3239 3024 (370)
3269 2954 3454 3008 multis
3490 2968 3553 3009 ac

1972 3041 2249 3111 praeclaris
2277 3041 2436 3113 longe
2469 3042 2713 3112 praevisis
2743 3043 3001 3109 motibus,
3032 3053 3178 3099 tuam
3205 3044 3551 3114 irrequietam

285 3124 625 3197 Chosroam;
673 3128 779 3185 nisi
836 3129 960 3200 quis
1010 3138 1191 3185 sumat
1230 3129 1432 3201 justam
1477 3130 1869 3202 suspicionem,
1898 3127 1941 3187 C
1975 3132 2269 3189 celebravit
2314 3143 2578 3200 mentem,
2627 3135 2862 3189 alterum
2902 3136 3092 3192 dicens
3143 3147 3459 3192 renovatum
3486 3137 3550 3192 iri

1815 3316 2050 3377 NOTAE.

354 3478 484 3535 ⁸543.
523 3479 729 3537 Confer
756 3494 922 3547 supra
958 3496 1013 3534 v.
1059 3476 1165 3534 182
1199 3485 1254 3533 et
1283 3490 1436 3547 seqq.
1484 3476 1559 3531 De
1600 3433 1885 3531 Pisidain'

282 3547 433 3605 bello
457 3551 756 3607 comitante
797 3546 1125 3613 Heraclium,
1165 3546 1411 3618 quocum
1436 3547 1605 3603 multa
1636 3546 1871 3602 familia-

284 3619 470 3687 ritate,
499 3631 559 3676 ut
583 3623 818 3688 videtur,
854 3622 1180 3691 conjunctus
1201 3619 1324 3673 fuit.

364 3712 491 3768 349.
531 3712 674 3778 Quid
726 3714 875 3769 hisce
923 3712 1114 3767 iambis
1162 3710 1292 3765 velit
1321 3709 1527 3775 Pisida,
1579 3724 1688 3763 non
1737 3708 1871 3763 satis

283 3782 475 3859 liquet.
511 3782 736 3859 Verum,
769 3784 823 3837 ni
857 3784 1032 3850 fallor,
1062 3782 1149 3859 hic
1191 3782 1382 3859 alludit
1417 3782 1483 3859 ad
1541 3778 1868 3859 Severiano-

282 3850 411 3924 rum
445 3854 717 3917 haeresim,
746 3870 867 3924 qua:
903 3864 979 3908 tot.
1025 3853 1226 3924 turbas
1256 3851 1512 3924 escitavit
1545 3850 1609 3924 in
1645 3850 1869 3904 Oriente

282 3933 338 3977 et
370 3923 621 3978 Heraclio
648 3921 951 3995 imperante
979 3925 1157 3978 adhuc
1176 3922 1412 3995 vigebat.
1432 3921 1869 3995 _ldcirco_a_t_1tem

282 3995 420 4049 dicit
457 4010 580 4049 esse
627 3989 839 4049 detecta
878 3994 1134 4064 mysteria
1174 3989 1495 4064 iniquitatis,
1528 3990 1671 4061 quod
1702 3989 1870 4043 Hera-

282 4064 445 4130 clius,
473 4074 531 4118 ut
552 4065 766 4133 opinor,
796 4065 899 4119 hoc
920 4060 1093 4133 primo
1124 4063 1179 4115 in
1209 4060 1432 4133 Oriente
1456 4062 1654 4133 itinere
1683 4067 1871 4133 aperte

281 4129 649 4204 deprehendit
701 4129 1101 4204 errores-circa
1137 4131 1477 4204 religionem
1527 4132 1669 4204 inter
1707 4129 1869 4182 Chri-

284 4200 492 4259 stianos
542 4205 885 4259 disseminari
924 4219 955 4258 a
999 4201 1199 4264 Persis.
1252 4200 1312 4255 ut
1352 4201 1583 4255 Romani
1627 4200 1768 4253 inter
1809 4213 1870 4253 se

285 4272 671 4329 dissentientes
697 4290 893 4329 norum
935 4273 1183 4327 Heraclio
1210 4271 1543 4325 facesserent
1567 4268 1864 4339 negotium,

284 4352 343 4415 et
374 4342 675 4399 Romanum
716 4345 1003 4415 imperium
1045 4358 1155 4396 non
1187 4350 1395 4415 tantum
1438 4342 1690 4415 externis
1704 4354 1867 4407 quam

283 4412 519 4468 internis
550 4409 889 4484 premeretur
914 4412 1289 4467 incommodis.
1324 4411 1478 4476 Quod
1506 4425 1638 4484 sane
1664 4409 1720 4462 [it
1750 4423 1867 4461 ma-

283 4479 650 4540 nifestum-ex
681 4503 733 4540 v.
767 4487 835 4539 ‘56
865 4494 920 4539 et
957 4499 1109 4552 seqq.
1161 4498 1340 4553 poem.
1372 4490 1559 4553 contra
1589 4479 1866 4553 Severum;

284 4555 378 4608 ubi
420 4556 577 4622 plura
623 4555 781 4610 nobis
813 4562 976 4610 erunt
1010 4548 1238 4609 dicenda
1268 4554 1335 4607 de
1368 4552 1472 4606 hoc
1499 4550 1665 4620 impio
1698 4548 1869 4603 haere-

286 4624 360 4670 bis
370 4626 519 4681 rcha.

355 4711 482 4788 551.
524 4718 804 4788 Mnltiplcx
846 4733 1001 4771 error
1031 4716 1115 4772 vel
1145 4715 1316 4788 hydra
1345 4722 1463 4788 erat
1494 4712 1718 4767 haeresis
1752 4710 1868 4788 ilia-

285 4783 449 4848 netis,
481 4798 603 4851 qua:
646 4783 712 4835 ei
756 4789 1043 4841 Persarum
1073 4783 1445 4841 deliramentis
1499 4792 1617 4838 orta
1654 4792 1709 4837 et
1759 4784 1868 4837 late

285 4862 578 4922 prOpagata
614 4853 789 4905 varios
838 4853 1015 4907 induit
1063 4866 1313 4922 aspectus
1354 4855 1455 4908 sub
1503 4854 1716 4907 Manete
1752 4852 1869 4923 pri-

283 4939 434 4977 mum
461 4923 601 4992 ipso,
628 4923 823 4977 deinde
844 4925 945 4977 sub
968 4924 1226 4992 Eutyche,
1253 4924 1502 4989 ,demum
1538 4925 1640 4978 sub
1666 4925 1868 4978 Severo

284 5004 339 5047 et
365 4994 491 5048 aliis
532 4994 834 5049 innumeris
876 4997 1193 5049 eorumdem
1224 4994 1463 5047 asseclis.
1500 4996 1571 5047 At
1596 5008 1743 5047 nunc
1776 4993 1867 5047 Pi-

281 5064 399 5119 sida
430 5066 572 5118 hanc
600 5064 822 5134 hydram
851 5080 1016 5118 unam
1056 5074 1264 5119 tantum
1300 5064 1378 5134 ait
1402 5063 1727 5132 protendere
1750 5078 1869 5117 cer-

281 5135 479 5199 vicem,
514 5133 724 5188 scilicet
769 5150 1008 5189 errorem
1053 5133 1579 5205 Monophysitarum,
1623 5134 1867 5189 Chosroa

280 5206 429 5260 vires
459 5214 513 5259 et
550 5206 788 5259 animum
828 5206 1228 5275 suppeditante.

351 5298 478 5352 555.
520 5297 657 5350 Hinc
688 5298 898 5352 videtur
939 5311 1097 5368 posse
1122 5296 1315 5367 conjici
1345 5294 1653 5368 Heracliam
1679 5295 1733 5368 in
1763 5298 1867 5368 Ar-

280 5368 462 5421 menia
512 5368 799 5437 degentem
846 5365 971 5423 cum
1025 5368 1206 5438 aliquo
1229 5365 1456 5420 doctore
1485 5365 1867 5438 M_onophysita

282 5452 466 5490 coram
506 5435 682 5492 Pis'ida
726 5439 1063 5507 disputasse;
1096 5435 1160 5493 ac
1190 5446 1478 5508 propterea
1515 5435 1752 5489 Pisidam
1785 5436 1869 5490 di-

282 5520 409 5560 cere
464 5523 522 5559 se
564 5509 747 5562 mirari
798 5510 901 5563 hoc
940 5509 1123 5579 hydra:
1164 5507 1361 5579 collum
1384 5521 1509 5579 non
1550 5520 1672 5579 esse
1705 5521 1866 5579 exse-

283 5585 454 5636 ctum,
472 5583 755 5644 postquam
784 5579 839 5633 in
865 5574 1168 5642 Herculem,
1194 5578 1248 5631 id
1270 5587 1354 5631 est
1382 5575 1710 5639 Heraclium,
1738 5574 1869 5630 inci-

283 5648 461 5700 derat.
511 5645 669 5698 Hunc
701 5659 878 5698 autem
917 5649 1195 5703 doctorem
1227 5647 1397 5701 fuisse
1430 5644 1658 5699 Paulum
1693 5645 1866 5700 Seve-

284 5718 524 5778 rianum,
576 5729 810 5785 quocum
864 5712 1143 5785 Heraclius
1184 5717 1482 5785 disputavit
1519 5716 1571 5767 in
1617 5716 1866 5784 partibus

283 5783 692 5845 Armenianut
727 5783 1217 5859 testatur-Sergius
1268 5783 1325 5839 in
1374 5800 1474 5841 sua
1521 5783 1751 5857 epiStola
1797 5787 1895 5843 ad'

1968 3472 2294 3545 Honorium,
2332 3471 2463 3527 alibi
2505 3471 2857 3543 probabimus
2909 3473 2964 3527 in
3013 3471 3216 3529 Monito
3252 3473 3318 3528 ad
3358 3488 3550 3545 poema

1970 3553 2156 3597 contra
2182 3543 2451 3598 Severum.

2040 3613 2338 3685 555.Yere
2379 3621 2561 3667 vatem
2590 3613 2715 3683 quis
2773 3613 2921 3668 dicat
2954 3612 3214 3682 Pisidam,
3252 3614 3345 3685 qui
3402 3615 3521 3671 Cho

1976 3697 2116 3739 sroae
2142 3684 2349 3738 cladem
2378 3684 2648 3753 praedixit.

2038 3753 2164 3809 557.
2196 3755 2306 3824 Τὴν
2336 3754 2513 3824 δίκην.
2544 3753 2784 3808 Subaudi
2821 3754 2982 3808 κατά.

2039 3824 2165 3878 362.
2189 3824 2399 3895 Claudii
2434 3824 2706 3878 Ptolemaei
2746 3824 3031 3880 Pelusiotae
3062 3840 3247 3895 opera,
3284 3826 3377 3895 qui
3406 3835 3549 3881 tem-

1968 3895 2193 3963 poribus
2221 3894 2291 3947 M.
2324 3894 2528 3947 Aurelii
2558 3896 2819 3948 Antonini
2867 3897 2919 3948 in
2962 3894 3331 3950 Alexandrina
3355 3898 3549 3951 acade-

1970 3964 2075 4017 mia
2103 3964 2448 4019 astronomiae
2477 3972 2532 4017 et
2562 3965 2865 4034 astrologia:
2883 3965 3079 4019 studiis
3104 3966 3281 4020 clarus
3306 3968 3547 4030 vivebat,

1967 4034 2185 4088 n0tiora
2243 4042 2371 4089 sunt
2400 4050 2560 4103 quam
2597 4034 2702 4087 dici
2731 4044 2996 4102 Oporteat.
3031 4034 3207 4089 Pisida
3252 4035 3339 4090 hic
3365 4035 3548 4089 Alma-

1966 4113 2178 4172 gestum
2212 4104 2435 4166 indicat,
2472 4118 2579 4172 quo
2601 4103 2655 4155 in
2692 4103 2833 4174 libro
2865 4104 3189 4158 Ptolemaeus
3225 4119 3323 4174 pro
3349 4106 3433 4159 sui
3462 4107 3546 4158 in-

1968 4174 2108 4241 genii
2145 4175 2366 4229 modulo
2401 4182 2632 4240 systema
2664 4173 2999 4242 planetarum
3022 4173 3269 4243 exponit.

2038 4244 2162 4298 565.
2183 4244 2635 4312 Subinlelligitur,
2653 4252 2711 4296 ut
2727 4252 2876 4311 puto,
2894 4244 3119 4313 χρόνων,
3141 4244 3367 4299 fortasse
3382 4245 3547 4299 etiam

1978 4315 2184 4384 μερῶν,
2210 4314 2377 4384 quod,
2403 4315 2445 4367 si
2474 4315 2669 4384 placet,
2707 4313 2793 4365 ἐπ’
2816 4316 3060 4384 ἐσχάτων
3107 4315 3425 4369 vertendum
3466 4324 3549 4369 est

1976 4382 2280 4438 ab‘ultiniis
2305 4395 2458 4437 terra:
2492 4382 2765 4452 partibus;
2806 4383 2958 4452 quasi
3002 4383 3195 4438 Noster
3226 4386 3363 4439 facta
3408 4385 3549 4438 allu-

1902 4463 1948 4519 ι)
1973 4453 2130 4509 sione
2159 4457 2226 4510 ad
2252 4451 2893 4525 expeditiOnesllcraclii,
2927 4454 3125 4522 quibus
3148 4454 3199 4525 in
3248 4454 3548 4524 penitiores

1978 4525 2121 4579 Asiae
2178 4524 2361 4595 partes
2395 4524 2722 4595 penetravit,
2754 4524 2900 4578 dicat
2933 4525 3052 4593 ejus
3088 4524 3323 4595 regionis
3352 4525 3547 4579 incolas

1976 4593 2230 4665 tanquam
2260 4593 2459 4650 novum
2481 4593 2858 4665 Phosphorum
2884 4593 3197 4663 apparuisse
3217 4594 3543 4665 Heraclium.

2045 4664 2170 4719 568.
2220 4665 2481 4731 Quamvis
2527 4664 2618 4718 diu
2667 4665 3004 4733 multumque
3050 4679 3213 4733 opera
3271 4664 3546 4719 Ptolemaei

1976 4737 2333 4800 versaverim,
2357 4734 2548 4788 nullibi
2579 4733 2713 4787 mihi
2744 4734 2897 4787 licuit
2936 4735 3181 4788 invenire
3205 4735 3545 4796 vaticinium,

1974 4806 2118 4875 quod
2138 4814 2319 4875 poeta,
2354 4820 2515 4874 quam
2548 4804 2687 4875 belle
2731 4806 2890 4874 plane
2918 4804 3124 4866 nescio,
3154 4804 3251 4875 sed
3278 4813 3457 4858 tamen
3492 4804 3547 4857 in

1975 4874 2284 4930 Ileraclium
2320 4874 2595 4930 transfert.
2626 4874 2810 4943 Itaque
2854 4884 2947 4928 aut
2974 4874 3309 4928 intercidisse
3345 4875 3543 4938 locum,

1976 4947 2042 5000 ad
2069 4961 2231 5015 quem
2254 4945 2443 5000 alludit
2468 4944 2673 5015 Pisida,
2693 4944 2981 4998 dicendum
3006 4952 3108 5005 est,
3141 4953 3234 4996 aut
3254 4945 3548 5015 esserjus-

1974 5013 2104 5070 deni
2123 5031 2188 5070 ex
2216 5015 2537 5085 quibusdam
2559 5014 2748 5085 verbis
2780 5015 3340 5085 interpretamentum.
3371 5013 3548 5068 Caete-

1975 5100 2096 5139 rum
2126 5101 2197 5140 ne
2226 5082 2447 5155 prorsus
2470 5082 2801 5206 ἀσύμϐουλοι
2831 5084 2955 5137 hinc
2983 5083 3345 5146 discedamus,
3391 5085 3548 5139 detur

1975 5157 2308 5206 coniecturae
2361 5156 2534 5206 locus.
2605 5162 2764 5206 tauue
2813 5153 2893 5206 sic
2929 5153 3181 5206 hariolor.
3226 5153 3548 5206 l’tolemzeus

1975 5153 2308 5225 conjecturae
2361 5156 2534 5208 locus.
2580 5153 2764 5223 Itaque
2813 5153 2893 5207 sic
2929 5153 3181 5207 hariolor.
3226 5153 3549 5207 l’tolemzeus

1974 5240 2101 5296 cum
2155 5230 2332 5296 plane_
2370 5232 2622 5296 nosceret
2657 5234 2922 5296 quantum
2968 5232 3198 5296 veteres
3227 5225 3545 5296 astrononii,

1973 5292 2252 5361 Eudoxus,
2293 5294 2706 5357 Eratosthenes,
2753 5292 3036 5357 Geminus,
3073 5293 3313 5349 Marinus
3353 5304 3408 5347 et
3436 5294 3546 5357 alii,

1975 5366 2119 5420 inter
2135 5381 2192 5419 se
2214 5367 2491 5433 disiiarent
2515 5364 2568 5416 in
2591 5364 2761 5432 polari
2789 5363 2940 5416 stella
2967 5364 3288 5427 definienda,
3313 5379 3415 5417 nec
3437 5365 3550 5431 ipse

1974 5437 2205 5505 alicujus
2232 5432 2476 5505 opinioni
2508 5434 2663 5487 facile
2691 5434 3071 5505 assentiretur,
3098 5434 3327 5488 fortasse
3350 5432 3548 5505 alicubi

1973 5503 2128 5561 dixit
2142 5503 2514 5574 fore—tempus
2539 5519 2648 5573 quo
2698 5503 2855 5572 polus
2885 5504 3038 5567 alter,
3075 5519 3138 5559 ac
3191 5505 3358 5574 plane,
3386 5503 3453 5555 ab
3482 5517 3551 5556 eo

1973 5578 2223 5631 diversus
2252 5576 2343 5643 qui
2380 5573 2510 5629 tunc
2540 5588 2661 5629 esse
2694 5574 2987 5639 ferebatur,
3019 5575 3323 5644 sapientum
3344 5573 3551 5641 judicio

1975 5646 2119 5700 inter
2147 5647 2396 5699 homines
2418 5645 2838 5713 constiueretur.
2871 5645 3003 5707 Quae
3031 5646 3400 5713 conjecturam
3428 5658 3530 5713 eon

1974 5716 2189 5770 firmare
2216 5725 2459 5785 possent,
2491 5714 2693 5785 videsis
2723 5713 2777 5766 in
2814 5712 3019 5767 Petavii
3060 5711 3374 5781 Urcnolaqio
3425 5711 3549 5764 Dis-

1972 5795 2100 5841 sert.
2141 5784 2260 5841 Var.
2289 5824 2305 5851 ,
2346 5785 2441 5841 lib.
2471 5801 2551 5841 tn.
2580 5800 2629 5840 c.
2663 5784 2697 5838 4
2721 5793 2775 5839 et
2804 5798 2956 5853 seqq.
