4126 6282
607 317 761 387 ⁸1255

757 435 864 490 Τὸν
891 433 1018 489 νοῦν
1047 432 1139 487 τὸν
1163 433 1222 487 ἒν
1249 433 1333 486 σοι
1355 432 1433 504 τῷ
1457 432 1593 505 ξένῳ
1623 430 1810 504 μαθὼν
1845 432 2010 503 λόγῳ.

828 528 1036 594 Ταῦτα,
1068 527 1339 599 στρατηγὲ
1372 527 1482 580 τῶν
1514 527 1696 597 σοφῶν
1725 526 2126 597 βουλευμάτων,

619 623 724 680 675
771 622 860 675 Ἐν
885 622 1008 685 ταῖς
1041 620 1306 684 ἀκάνθαις
1329 619 1430 688 τῆς
1457 619 1638 690 μάχης
1664 618 2036 690 πεπλεγμένα.

757 713 946 788 Εύρὼν
976 715 1045 768 τὰ
1071 713 1191 767 Gaia.
1219 712 1327 766 τῶν
1351 713 1530 766 πόνων
1561 712 1670 764 τῶν
1707 711 1814 764 σῶν
1841 711 1988 782 ῥόδα,

751 808 924 878 Ἀνθη
951 825 1011 860 τε
1038 806 1208 860 πολλά
1239 805 1488 877 ψυχικῶν
1518 804 1832 876 ἀρωμάτων

758 900 882 954 Τῶν
906 899 1015 953 σῶν
1041 898 1316 968 λογισμῶν
1351 895 1673 966 συναγαγὼν
1705 895 1778 948 τὰ
1809 895 2126 965 σπέρματα,

761 993 852 1046 Σοὶ
879 993 1029 1045 τόνδε
1063 991 1295 1044 πλεκτὸν
1318 991 1580 1058 στέφανον
1615 990 1673 1054 ἐξ
1705 987 1984 1058 ἀκηράτου

619 1087 725 1144 380
763 1087 1040 1157 Λειμῶνος
1066 1085 1190 1156 ἄρτι
1220 1082 1320 1152 τῆς
1343 1082 1602 1151 ἀληθείας
1634 1082 1807 1151 φέρω.

761 1178 948 1247 ’Ὅμως
975 1176 1029 1229 δὲ
1057 1175 1259 1246 μικρῷ,
1297 1174 1392 1228 καὶ
1429 1172 2023 1244 βραχυδρόμῳ·σκάφει

759 1269 869 1340 Τὴν
897 1269 994 1338 σὴν
1035 1267 1308 1322 θάλατταν
1339 1266 1580 1336 ἐκπερᾷν
1605 1265 1915 1332 εἰθισμένος

759 1364 1043 1436 ’Ἥμαρτον
1077 1362 1250 1426 οὐδὲν,
1280 1362 1354 1430 μὴ
1382 1359 1714 1421 διαπλεύσας
1741 1360 1868 1428 ὃλην
1891 1373 1905 1388 ·

760 1456 924 1527 Ὅρος
958 1457 1065 1527 γὰρ
1093 1457 1173 1518 εἰς
1197 1455 1422 1523 ἄπειρον
1452 1454 1551 1524 οὐχ
1579 1453 1841 1523 ὁρίζεται.

841 1545 1004 1610 Ἀλλ’,
1037 1540 1081 1599 ὦ
1115 1544 1389 1616 στρατηγέ
1418 1544 1525 1596 τῶν
1559 1545 1672 1598 ἅνω
1701 1546 1795 1598 καὶ
1821 1543 1928 1597 τῶν
1959 1544 2107 1597 κάτω

758 1636 870 1707 (Τῴ
898 1636 1007 1707 γάρ
1030 1637 1175 1704 λόγῳ
1207 1652 1302 1688 σου
1325 1635 1433 1697 πᾶς
1460 1633 1753 1703 ὑφίσταται
1781 1634 1961 1703 λόγος,

758 1731 866 1782 Καὶ
899 1730 1073 1782 πάντα
1093 1728 1170 1799 τῷ
1203 1727 1278 1798 σῷ
1301 1727 1582 1798 συντρέχει
1609 1725 1735 1796 ϐελή
1747 1742 1908 1796 ματι’

756 1821 828 1873 Σὺ
861 1821 955 1891 τὴν
986 1820 1220 1874 ἄϐυσσον
1253 1817 1527 1890 άσφαλίζῃ
1553 1817 1629 1890 τῷ
1652 1818 1866 1890 κράτει,

756 1914 938 1978 Ποιεῖς
965 1913 1024 1966 δὲ
1051 1913 1150 1984 τὴν
1183 1912 1287 1982 γῆν
1311 1914 1368 1964 ὲν
1401 1911 1551 1982 μέσῳ
1579 1911 1875 1982 μετάρσιον
1893 1924 1908 1938 ·

613 2005 720 2062 590
757 2006 898 2069 Τοὺς
925 2006 1187 2078 οὐρανοὺς
1211 2005 1269 2057 δὲ
1307 2005 1516 2066 πάντας
1537 2003 1728 2074 ἁψῖδος
1761 2003 1921 2072 δίκην

755 2098 846 2168 Τῷ
877 2097 955 2169 σῷ
987 2097 1281 2160 κατειλεῖς,
1305 2096 1381 2159 ὡς
1419 2094 1614 2161 θέλεις,
1638 2093 2026 2166 προστάγματι
2047 2106 2061 2120 ⁸

751 2191 844 2243 Σοὶ
871 2192 1021 2244 πᾶσα
1052 2189 1214 2260 δούλη
1245 2189 1354 2243 τῶν
1383 2188 1677 2259 ὁρωμένων
1712 2188 1874 2257 φύσις

752 2286 864 2338 Καὶ
892 2285 1000 2337 τῶν
1034 2284 1176 2353 ὑπὲρ
1206 2283 1333 2336 νοῦν
1359 2285 1510 2335 πάσα
1539 2280 1822 2344 σύνδουλος
1856 2278 2058 2349 κτίσις)

754 2376 1265 2451 Αὑςὸςκκρὰέιστε,
1296 2376 1408 2429 τῶν
1431 2375 1568 2428 ὅλων
1599 2375 1979 2443 παντόκρατορ

608 2471 714 2526 595
755 2472 866 2526 Καὶ
895 2471 1004 2525 τῶν
1029 2471 1154 2525 καθ’
1184 2469 1334 2541 ἡμᾶς
1364 2468 1706 2541 πραγμάτων
1735 2465 1985 2536 διαιρέτα

615 1545 720 1603 385

610 2647 772 2702 terris
819 2649 1036 2717 polum,
1076 2661 1224 2703 tuam
1269 2649 1562 2721 indigitans
1600 2658 1840 2704 mentem
1884 2646 1990 2700 boe
2033 2659 2195 2717 pere-

611 2745 768 2811 grino
796 2757 1071 2796 sermone.

681 2832 776 2886 His
801 2849 922 2904 ego,
954 2833 1060 2889 dux
1094 2834 1424 2904 prudentum
1465 2833 1840 2898 consiliorum,
1873 2832 2021 2903 (575)
2048 2831 2193 2886 inter

609 2924 794 2993 spinas
820 2925 947 2978 belli
978 2926 1289 2995 implicatis,
1321 2926 1528 2980 sanctis
1551 2925 1795 2979 laborum
1817 2933 2032 2978 tuorum
2054 2923 2193 2976 rosis

609 3016 883 3081 inventis,
937 3019 1233 3087 multisque
1289 3017 1516 3072 ﬂoribus
1569 3017 1813 3072 vitalium
1864 3023 2188 3079 aromatum,

606 3123 729 3176 qua:
753 3117 878 3162 sunt
909 3117 1016 3163 tuae
1035 3109 1274 3179 providae
1303 3109 1506 3163 mentis
1535 3108 1766 3173 semina,
1799 3106 2062 3171 collectis,
2092 3105 2189 3159 tibi

608 3199 750 3253 bane
773 3208 972 3254 textam
1000 3217 1257 3256 coronam
1292 3217 1357 3255 ex
1393 3200 1681 3254 immortali
1731 3201 1875 3270 (580)
1908 3207 2062 3269 prato
2092 3213 2186 3252 ve-
2213 3212 2258 3267 (ι

606 3290 781 3344 ritatis
823 3306 972 3346 nunc
1018 3291 1207 3346 oﬂero.
1251 3292 1521 3346 Caeterum
1570 3307 1691 3346 cum
1721 3305 1889 3360 parvo
1922 3297 1977 3343 et
2004 3289 2188 3342 brevis

602 3398 797 3437 cursus
827 3383 1042 3454 navigio
1073 3393 1226 3438 tuum
1252 3385 1474 3455 pelagus
1503 3399 1824 3454 percurrere
1847 3384 1950 3437 sim
1973 3391 2183 3446 suetus,

603 3489 730 3527 reus
775 3490 883 3528 non
914 3491 1060 3546 agar,
1094 3479 1237 3546 (11.1οά
1268 3492 1376 3530 non
1403 3478 1506 3531 sim
1532 3492 1791 3531 emensus
1821 3486 1994 3531 totum
2026 3493 2038 3529 Ξ
2073 3486 2186 3529 101⁵-

599 3568 788 3620 minus
823 3568 970 3621 enim
1000 3569 1118 3623 sine
1147 3571 1382 3625 termino
1416 3571 1606 3640 nequit
1642 3570 1944 3644 terminari.

675 3659 822 3728 (585)
846 3660 962 3726 Ast,
988 3677 1020 3716 o
1042 3662 1151 3716 dux
1172 3663 1472 3717 cwlestium
1505 3671 1560 3717 et
1581 3663 1902 3728 inferorum,
1931 3661 2180 3732 quando-

601 3752 818 3822 quidem
853 3762 945 3809 tuo
968 3756 1134 3811 verbo
1157 3772 1319 3812 omne
1344 3757 1558 3812 exsistit
1584 3758 1811 3811 verbum
1845 3765 1901 3811 et
1925 3755 2178 3810 omniain

600 3853 748 3898 tuam
787 3855 1125 3902 concurrunt
1157 3849 1518 3912 voluntatem,
1545 3853 1644 3911 ‘tu,
1673 3850 1764 3917 qui
1795 3849 2050 3918 abyssum
2083 3847 2178 3900 tir-

597 3951 715 3990 mas
741 3946 827 3991 tua
851 3939 1115 4006 potentia,
1147 3938 1388 4010 facisque
1414 3950 1612 3994 terram
1644 3941 1697 3994 in
1736 3939 1914 3994 medio
1943 3954 2176 4008 suspen-

596 4039 734 4087 sam,
773 4025 918 4096 (390)
959 4041 1258 4097 omnesque
1294 4029 1461 4084 cmlos
1495 4028 1720 4085 fornicis
1751 4029 1807 4082 in
1829 4026 2050 4081 modum
2082 4035 2176 4082 tuo

594 4115 789 4180 volvis,
811 4126 870 4171 ut
899 4119 1003 4182 vis,
1030 4117 1259 4189 imperio
1291 4138 1304 4174 :
1342 4129 1421 4187 tu,
1455 4121 1540 4176 cui
1567 4122 1747 4176 omnis
1789 4123 1955 4177 servit
1992 4137 2173 4178 rerum

593 4203 888 4258 visibilium
924 4215 1139 4273 natura,
1175 4217 1227 4262 et
1256 4208 1438 4263 omnis
1460 4217 1701 4264 mentem
1739 4212 2013 4266 excedens
2041 4227 2177 4266 con-

592 4293 762 4348 servit
795 4303 1080 4362 creatura;
1107 4304 1160 4350 tu
1196 4297 1331 4368 ipse,
1370 4299 1597 4369 optime,
1632 4299 1688 4353 in
1717 4301 1972 4356 omnibus
1993 4301 2174 4357 omni-

1915 318 2238 382 GEORGII
2299 315 2569 380 PISIDE

2453 429 2586 502 (Καὶ
2611 429 2720 503 γὰρ
2743 428 2974 502 διαιρεῖς
3002 430 3191 494 πᾶσιν,
3222 429 3298 493 ὡς
3327 429 3526 495 θέλεις,
3550 433 3724 502 μόνος

2445 523 2558 588 Τὰς
2579 523 2680 586 σὰς
2699 524 2784 576 ὲνε
2793 526 2943 594 ργεῖς
2973 523 3081 576 τῶν
3102 525 3462 594 χαρισμάτων
3489 524 3716 597 δόσεις),

2443 615 2556 677 Τάς
2586 617 2668 679 είς
2689 615 2750 668 σὲ
2781 615 3192 689 συμπλήρωσον
3225 618 3385 688 ἡμῶν
3416 617 3644 682 ἐλπίδας
3666 635 3684 652 ο

2454 707 2545 761 Ἐν
2580 709 2663 761 σοὶ
2691 709 2802 778 γάρ
2831 709 2934 764 οὐκ
2965 709 3174 764 ἔνεστιν
3199 710 3429 778 ἐλλιπὴς
3453 711 3617 781 χάρις
3637 727 3653 743 ’

2312 797 2408 856 100
2454 798 2666 855 Ἵθυνον
2692 799 2859 866 αὐτὸς
2879 801 2972 855 τὸν
3011 803 3122 865 σὺν,
3152 803 3229 866 ὡς
3247 803 3571 869 ἐπίστασαι,

2455 892 2926 966 ’Υποστράτηγον,
2957 895 3136 948 πάντα
3165 895 3429 967 πράττειν
3455 898 3530 960 ὡς
3569 897 3772 961 θέλεις.

2443 986 2680 1056 Ποίησον
2705 987 2870 1042 αὐτὸν
2898 988 3091 1042 πιστὸν
3121 989 3497 1062 ἀσπιδηφόρον

2443 1079 2564 1132 Τῶν
2591 1080 2834 1135 εὐσεϐῶν
2865 1099 2958 1135 σου
2986 1085 3264 1153 πανταχοῦ
3292 1071 3767 1155 προσταγμάτων.

2440 1169 2514 1220 Σὺ
2544 1167 2718 1233 δεῖξον
2741 1170 2906 1223 αὐτὸν
2929 1173 3045 1234 τοῖς
3073 1173 3343 1236 ἐναντίοις
3375 1173 3542 1243 φόϐον
3561 1189 3576 1202 °

2299 1259 2404 1316 405
2449 1262 2560 1314 Καὶ
2591 1263 2700 1325 πᾶς
2722 1279 2808 1326 τις
2826 1264 3126 1332 ἀλλόφυλος
3151 1267 3231 1328 εἰς
3255 1261 3398 1335 αἷμα
3421 1267 3635 1338 τρέχων

2439 1354 2626 1424 Τούτῳ
2662 1355 2980 1425 προκάμψει
3015 1359 3111 1411 σὺν
3144 1358 3336 1428 τρόμῳ
3356 1359 3449 1412 τὸν
3482 1359 3709 1428 αὐχένα.

2440 1446 2674 1517 Ποίησον
2703 1447 2856 1517 αὐτῷ
2886 1448 2995 1499 τῶν
3027 1448 3352 1515 φθασάντων
3384 1451 3757 1520 πταισμάτων

2341 1547 2358 1577 ι
2448 1536 2727 1608 Ἱδρῶτας,
2749 1537 2843 1602 οὒς
2871 1540 3116 1605 ἔσταξεν,
3146 1544 3226 1604 είς
3253 1540 3572 1612 καθάρσιον.

2433 1629 2599 1682 Λάϐοι
2627 1630 2746 1683 κατ’
2775 1630 2985 1702 ἐχθρῶν
3020 1633 3175 1685 διττά
3208 1637 3523 1704 νικητήρια.

2297 1719 2398 1774 410
2441 1721 2636 1790 Στήσοι
2663 1724 2898 1794 τρόπαια
2922 1724 3016 1777 καὶ
3042 1724 3231 1777 παθῶν
3257 1725 3350 1778 καὶ
3379 1725 3706 1797 Βαρϐάρων.

2435 1813 2731 1885 Πλήρωσον
2765 1814 2947 1879 αὑτὸν,
2981 1815 3058 1878 ὡς
3086 1815 3379 1869 ἐπίστασαι
3419 1817 3600 1886 μόνος,

2435 1907 2546 1978 Τῆς
2568 1910 2649 1971 εἰς
2673 1907 2732 1960 σὲ
2759 1908 3114 1980 θερμότητος,
3153 1909 3228 1973 ὡς
3254 1909 3345 1962 τὸν
3379 1910 3585 1974 Ἠλίαν,

2442 1999 2538 2060 Ὃς
2566 1997 2893 2070 ἐκπυρὼσας
2932 2000 3069 2072 πρὸς
3105 2001 3165 2054 σὲ
3199 2000 3321 2056 νοῦν
3350 2003 3445 2055 καὶ
3471 2001 3704 2074 καρδίαν

2435 2091 2580 2162 Πυρὶ
2608 2091 2746 2162 πρὸς
2770 2089 2904 2160 ὕψος
2938 2094 3167 2156 εἰκότως
3196 2094 3497 2164 ἡρπάζετο.

2297 2183 2404 2238 415
2448 2187 2556 2240 Καὶ
2581 2187 2758 2253 δεῖξον
2787 2187 2953 2239 αὐτὸν
2986 2190 3121 2241 πᾶσι
3152 2188 3358 2242 Μωσὲα
3387 2189 3532 2253 νέον,

2455 2277 2544 2330 Ἐν
2569 2280 2636 2349 τῇ
2663 2279 2784 2330 κατ’
2812 2277 3024 2348 ἐχθρῶν
3050 2278 3270 2330 εὐσεϐεῖ
3302 2279 3577 2350 πανοπλίᾳ

2437 2371 2542 2424 Τὸν
2577 2369 2809 2441 σταυρὸν
2842 2371 3154 2423 ἐκτείνοντα
3180 2371 3288 2424 τῶν
3319 2371 3518 2441 χειρῶν
3551 2371 3746 2437 πλέον,

2431 2462 2640 2530 Μωσῆν
2675 2463 2883 2514 ἐκεῖνον
2908 2461 2966 2525 ὃς
2996 2462 3159 2531 βάτον
3197 2462 3427 2534 καὶπῦρ
3463 2462 3686 2533 βλέπων

2293 2650 2512 2716 potens,
2552 2640 2698 2715 (395)
2734 2656 3026 2713 rerumque
3063 2652 3374 2699 nostrarum
3423 2643 3670 2699 omnium
3695 2644 3887 2700 distri-

2291 2737 2477 2802 butor,
2497 2735 2756 2806 quoniam
2803 2735 3001 2791 dividis
3032 2736 3310 2802 omnibus,
3354 2744 3520 2807 prout
3561 2736 3676 2798 vis,
3737 2737 3892 2792 solus

2294 2837 2414 2883 tuas
2437 2827 2683 2882 efﬁcaces
2706 2827 3099 2882 charismatum
3147 2827 3484 2900 largitiones,
3517 2836 3706 2882 nostra
3742 2828 3803 2881 in
3841 2838 3893 2883 ιο

2291 2922 2493 2993 perﬁce
2521 2921 2792 2976 desideria
2825 2914 2846 2975 ε’
2872 2920 2927 2976 in
2957 2931 3010 2976 te
3036 2921 3181 2976 enim
3216 2936 3323 2975 non
3357 2929 3441 2976 est
3473 2921 3742 2976 deﬁciens
3776 2937 3875 2992 gra

2291 3016 2362 3070 tia
2400 3015 2545 3086 (400)
2572 3024 2630 3070 ιιι
2657 3014 2828 3086 dirige
2863 3024 3039 3078 tuum,
3065 3025 3125 3070 ut
3163 3015 3303 3070 bene
3328 3015 3492 3079 nosti,
3531 3013 3892 3084 subimpera-

2292 3119 2466 3164 torem
2495 3108 2563 3162 ad
2595 3108 2844 3164 facienda
2877 3108 3060 3163 omnia
3086 3117 3146 3162 ut
3175 3108 3276 3162 vis.
3307 3107 3412 3162 Fac
3447 3108 3630 3176 ipsum
3662 3107 3892 3161 ﬁdelem

2288 3201 2460 3270 clypei
2480 3209 2812 3272 gestatorum
2841 3199 2895 3253 in
2922 3201 3179 3255 omnibus
3201 3201 3308 3254 tuis
3330 3199 3694 3254 sanctissimis
3722 3215 3892 3252 man-

2285 3293 2447 3346 datis.
2476 3290 2558 3346 Tu
2591 3293 2768 3362 ipsum
2793 3292 2960 3347 redde
2984 3293 3217 3347 inimicis
3247 3291 3686 3357 formidandum;
3727 3292 3891 3362 (405)

2285 3393 2340 3439 et
2372 3384 2552 3438 omnis
2572 3385 2876 3455 alienigena
2917 3385 2970 3437 in
3008 3385 3184 3440 caedes
3212 3399 3374 3438 ruens
3408 3385 3510 3453 ipsi
3539 3382 3725 3438 ﬂectat
3757 3399 3891 3437 cum

2287 3483 2520 3530 tremore
2547 3479 2838 3531 cervicem.
2875 3477 2981 3532 Fac
3006 3487 3065 3532 ut
3099 3479 3149 3532 ei
3184 3479 3295 3532 sint
3327 3487 3576 3532 veterum
3603 3492 3891 3531 noxarum

2284 3567 2534 3634 sudores,
2581 3585 2719 3638 quos
2749 3569 2961 3636 effudit,
3004 3570 3264 3640 expiatio.
3298 3569 3584 3638 Duplicern
3629 3578 3895 3638 reportet

2286 3676 2351 3714 ex
2389 3661 2641 3716 hostibus
2675 3663 2993 3718 victoriam:
3030 3665 3175 3735 (M0)
3208 3663 3366 3717 sistat
3388 3671 3590 3732 tropaea
3617 3662 3686 3717 de
3729 3661 3894 3716 vitiis

2285 3768 2350 3807 ac
2380 3754 2446 3808 de
2469 3753 2742 3823 Barbaris,
2778 3757 2927 3826 reple
2967 3756 3164 3825 ipsum,
3213 3765 3272 3810 ut
3310 3766 3367 3810 tu
3397 3755 3546 3810 solus
3575 3755 3751 3818 nosti,
3791 3764 3894 3809 tuo

2284 3845 2341 3900 in
2367 3855 2418 3901 te
2447 3849 2682 3914 fervore,
2733 3850 2882 3903 velut
2919 3849 3113 3913 Eliam,
3143 3849 3233 3919 qui
3261 3864 3383 3919 erga
3416 3856 3472 3902 te
3499 3846 3892 3902 inflammatus

2283 3947 2521 3993 mentem
2563 3948 2617 3994 et
2647 3949 2839 4010 pectus
2881 3942 2950 3995 ab
2989 3940 3112 4012 igne
3157 3941 3212 3995 in
3245 3941 3412 3994 altum
3443 3939 3646 3994 merito
3684 3948 3892 4008 raptus

2280 4040 2384 4085 est.
2421 4031 2566 4103 (M5)
2603 4031 2842 4088 Ostende
2878 4034 3055 4103 ipsum
3091 4033 3344 4088 omnibus
3391 4030 3599 4086 Mosem
3643 4045 3889 4094 novum,

2280 4125 2371 4193 qui
2403 4124 2492 4194 pia
2522 4125 2767 4180 munitus
2799 4126 2854 4180 in
2883 4127 3070 4180 hostes
3106 4134 3377 4180 armatura
3418 4138 3640 4179 crucem
3678 4135 3887 4178 exten-

2279 4216 2372 4272 dat
2401 4217 2584 4288 potius
2616 4235 2778 4290 quam
2805 4234 3032 4286 manus;
3081 4221 3288 4274 Mosem
3338 4217 3488 4273 illum
3534 4217 3629 4288 qui
3675 4217 3884 4272 rubum

2278 4318 2334 4365 et
2360 4310 2540 4382 ignem
2577 4312 2770 4369 videns
2805 4321 2916 4368 tam
2961 4313 3102 4368 bene
3131 4311 3391 4384 cognovit
3430 4320 3582 4367 tuam
3632 4311 3692 4364 in
3736 4310 3889 4363 rubo

1877 4480 2115 4540 VARUE
2161 4483 2564 4543 LECTIONES.

659 4627 766 4683 584
795 4627 1119 4703 βαθυδρόμῳ
1147 4631 1206 4688 Ρ.
1283 4633 1390 4688 402
1416 4635 1778 4710 ἀσπιδοφόρον
1803 4639 1892 4696 ed.

2119 4721 2344 4794 NOTAE.

656 4882 781 4964 δ80.
822 4883 1061 4964 Αὶιιιίζὶι,Δ
1086 4887 1301 4957 opinor,
1351 4888 1417 4964 ad
1449 4891 2027 4964 metrumiamhicum,
2063 4908 2173 4962 quo
2204 4896 2252 4953 ι)
2345 4893 2472 4948 415.
2511 4891 2589 4948 IV
2624 4893 2750 4964 Reg.
2790 4909 2851 4955 ιι,
2887 4893 2972 4946 11.

590 4953 759 5032 utitur
787 4973 801 5019 ;
828 4959 979 5032 quasi
1012 4953 1157 5013 dicat
1180 4969 1326 5028 gesta
1363 4959 1595 5032 Heraclii
1616 4962 1771 5032 epico
1789 4953 2034 5018 carmine
2055 4953 2170 5017 nie-

588 5023 780 5098 liu_s_et
806 5026 1026 5098 dignius
1066 5023 1283 5084 tractari
1319 5031 1582 5098 potuisse.

796 5095 1125 5176 Conferun
1138 5095 1440 5176 sequuntur
1452 5116 1573 5154 cum
1596 5100 2166 5176 llexaem.85etseqq.

655 5165 780 5218 396.
833 5166 849 5219 Ι
883 5165 1140 5224 Con—xu.
1171 5165 1224 5223 4.

617 5234 983 5317 .‘407..I.‘isida
1029 5248 1243 5317 veteres
1278 5243 1472 5317 culpas
1483 5240 1734 5317 Alleraelii
1764 5241 2056 5299 nominans
2084 5254 2166 5317 ta-

583 5306 725 5359 citus
750 5306 966 5389 videtur
989 5306 1390 5389 reprehendere
1419 5313 2050 5389 illicitas_nuptias,quas
2076 5316 2166 5370 ille

582 5391 709 5457 cum
901 5377 1106 5457 sororis
1129 5394 1261 5457 suae
1300 5385 1593 5457 contraxit.
1631 5377 1765 5438 Rern
1800 5377 1999 5457 acriter
2031 5400 2162 5457 exa-

581 5446 729 5528 gitat.
760 5445 1098 5528 Nicephorus
1123 5448 1247 5528 Cp.,
1277 5469 1329 5521 p.
1357 5456 1460 5528 t0;
1490 5455 1581 5524 qui
1609 5463 1792 5528 tamen
1827 5455 1966 5528 illud
1988 5456 2159 5528 addit,

580 5519 769 5587 Sergio
797 5520 1150 5592 vel_iernenter
1179 5519 1398 5577 instanti
1435 5519 1780 5580 ut'scelesta:
1815 5525 2018 5592 nuptize
2047 5519 2159 5579 sol-4

578 5595 854 5666 verentur,
874 5587 1179 5666 lleraeliutn
1203 5591 1277 5645 ita
1308 5596 1657 5666 respondisse
1682 5615 1696 5650 :
1731 5595 1818 5666 ’,Ως
1838 5587 1908 5653 εὖ
1924 5595 2025 5662 μὲν
2047 5595 2160 5666 ἔχοι

577 5658 663 5736 τὰ-
679 5660 829 5736 παρὰ
867 5660 969 5736 ’σοι
1017 5660 1283 5736 λεγόμενα
1303 5664 1370 5736 ξμὸ
1401 5658 1509 5734 γάρ
1542 5683 1631 5736 σοι
1655 5665 1831 5736 χρέως
1854 5658 1940 5731 ὡς
1964 5658 2158 5736 ἀρχιε-

581 5730 663 5808 psi:
690 5729 782 5778 καὶ
819 5731 958 5808 φίλῳ
981 5770 1004 5808 ,_
1025 5731 1124 5800 ἥδη
1148 5729 1494 5808 άποδὲδωιιας
1513 5752 1526 5766 ο
1553 5735 1638 5805 ἐφ’
1656 5729 1792 5808 ’ύμῖν
1814 5729 1870 5792 δὲ
1889 5729 1949 5791 τὸ
1973 5729 2158 5792 λοιπὸν

577 5800 819 5852 κείσεται
857 5801 924 5852 τὰ
943 5800 1043 5870 τῆς
1071 5803 1342 5872 πράξεως.

2342 5001 2467 5055 415.
2497 5002 2666 5054 Exod.
2703 5016 2860 5058 mu.
2897 4998 2984 5062 ll,
3018 4995 3328 5051 communis
3358 5003 3441 5047 est
3479 4991 3707 5049 Patrum
3735 5006 3882 5046 sen-

2271 5071 2440 5125 tentia
2469 5073 2652 5126 Moscn
2696 5072 2750 5124 in
2780 5070 2982 5124 vertice
3015 5067 3216 5120 montis
3244 5066 3636 5119 extendentem
3667 5077 3880 5116 manus

2268 5158 2392 5195 cum
2435 5144 2580 5213 virga
2633 5141 2803 5196 fuisse
2854 5135 3394 5213 symbol_urn_Cbristi
3437 5137 3491 5187 in
3526 5149 3694 5213 cruce
3725 5147 3882 5201 pen-

2267 5213 2471 5278 dentis,
2505 5205 2614 5281 (Ῐιιο
2663 5227 2859 5265 manus
2883 5205 3018 5263 snas
3059 5209 3114 5261 in
3147 5208 3304 5281 lign_o_
3328 5221 3431 5281 pro
3471 5205 3633 5258 nobis
3660 5217 3881 5281 expau-

2225 5305 2232 5308 ·
2265 5283 2431 5337 dente
2458 5271 2724 5337 vdi'abolus
2774 5289 3082 5350 superatus
3107 5271 3215 5350 est:
3246 5271 3635 5350 Theodoretus
3662 5271 3880 5350 Qua-st.

2263 5353 2319 5406 in
2361 5353 2529 5424 Exod.
2567 5351 2636 5407 54
2661 5371 2673 5405 :
2705 5351 2812 5424 Τοῦ
2839 5342 3413 5424 σταυρωθέντοςμύπὲρ
3439 5344 3600 5424 ἡμῶν
3621 5342 3881 5424 ἐπλήρου

2263 5423 2356 5475 τὸν
2384 5423 2556 5476 τύπον
2587 5421 2846 5489 ἐκτείνων
2869 5421 2972 5492 τάς
2984 5414 3178 5492 χεῖρας
3202 5431 3215 5445 ⁶
3243 5414 3667 5485 ἐδείχθητοίνυν
3692 5415 3789 5465 καὶ
3812 5414 3880 5461 ἐν

2259 5492 2342 5564 τῷ
2372 5493 2530 5564 τύπῳ
2573 5496 2674 5562 τῆς
2712 5488 3040 5562 άλὴθείάςῆ
3081 5488 3329 5557 δύναμις.

2333 5595 2460 5651 418.
2511 5595 2681 5650 Exod.
2728 5611 2811 5657 ιιι,
2845 5595 2899 5650 2.
2934 5592 3106 5649 Deum
3138 5607 3198 5647 re
3229 5605 3354 5657 vera
3386 5583 3471 5637 vel
3499 5582 3599 5638 Dei
3637 5581 3875 5657 Filinln,

2266 5683 2380 5720 non
2427 5669 2681 5736 angelum
2729 5651 3050 5736 apparuisse
3099 5654 3474 5736 Moabdiserle
3507 5661 3740 5736 testatur
3774 5651 3879 5707 Pi-

2269 5737 2406 5798 sida,
2461 5724 2706 5789 vEterum
2759 5724 2972 5785 Patrum
3023 5725 3266 5798 Opinioni
3303 5724 3684 5798 consentiens,
3719 5739 3878 5792 quos

2271 5793 2457 5860 laudat
2485 5801 2798 5867 Calmetius,
2835 5802 2888 5854 in
2923 5799 3036 5854 suis
3060 5793 3357 5854 Comment.
3396 5796 3454 5848 in
3484 5793 3748 5848 Exortum.
