4126 6282
506 411 620 481 Τὴν
652 408 752 482 σὴν
778 410 1171 484 ἁπηκρίϐωσεν
1199 413 1258 466 ὲν
1284 410 1432 483 βάτῳ
1469 413 1645 483 φλόγα

363 502 470 559 όὶθ
518 505 627 558 Καὶ
658 502 758 576 τὴν
784 503 943 575 βάτον
970 504 1261 574 μένουσαν,
1292 504 1353 558 οὐ
1387 505 1795 577 ἰτεφλεγμιίνην⁸

507 595 714 666 Μωσῆν
739 596 799 662 ὃς
821 596 981 667 ὤφθη
1016 595 1185 667 σαρκί
1216 612 1302 650 σοι
1330 596 1477 667 μόνῳ
1507 597 1687 666 μόνος,
1774 654 1781 659 _

505 688 615 740 Καὶ
649 691 886 760 σαρκικῇ
929 705 990 741 σε
1019 688 1322 759 προϐλέπει
1357 687 1581 760 θεωρίᾳ,

508 780 659 850 Τάχα
688 781 1014 850 προδεικνὺς
1040 782 1133 835 καὶ
1170 780 1303 835 Θεὸν
1331 782 1724 853 σαρκούμενον.

506 870 831 935 Κάντεῦθεν,
871 867 1048 941 οἶμαι,
1084 871 1338 926 συλλαλετ
1364 889 1445 926 σοι
1472 874 1568 927 καὶ
1592 874 1734 939 τότε,

360 962 469 1017 425
505 957 574 1034 ᾯ
607 963 888 1016 συλλαλεῖν
913 963 1105 1034 ἔμελλε
1128 964 1223 1018 καὶ
1256 965 1636 1036 σαρκουμένῳ.

505 1054 759 1108 Τοιοῦτον
783 1054 951 1111 αὐτὸν
971 1055 1067 1111 καὶ
1090 1056 1453 1131 τροπαιοῦχον
1479 1057 1657 1127 μέγαν

502 1148 617 1202 Καὶ
644 1147 734 1201 σὺν
764 1149 1092 1219 στρατηγὸν,
1131 1147 1207 1212 ὡς
1233 1148 1431 1214 θέλεις,
1463 1149 1780 1207 διάπλασον.

504 1240 915 1311 Συνευλόγησον
933 1240 1013 1311 τῷ
1043 1242 1240 1313 σπορεῖ
1270 1240 1340 1295 τά
1368 1240 1686 1312 σπέρματα,

503 1332 610 1384 Καὶ
642 1331 730 1396 δὸς
761 1332 821 1385 τὸ
848 1333 992 1386 θεῖον
1020 1331 1173 1386 τοῦδε
1212 1333 1307 1387 τοῦ
1349 1336 1552 1405 σπόρου
1587 1335 1745 1404 γένος

359 1420 467 1476 450
510 1424 746 1494 Κρατεῑν
773 1424 843 1478 τά
878 1424 1099 1494 Ῥώμης
1128 1425 1209 1490 εἰς
1230 1425 1384 1490 τέλος
1412 1425 1677 1497 γεώργια.

500 1515 764 1571 Τύπωσον
786 1517 970 1581 αὐτοῖς
1007 1518 1292 1589 πατρικῶν
1331 1519 1719 1589 μορφωμάτων

503 1606 613 1670 Τὰς
642 1607 1035 1680 εὐπροσώπους
1053 1609 1128 1673 ὡς
1157 1608 1371 1681 ἀληθῶς
1395 1610 1629 1675 εἰκόνας.

501 1697 689 1763 Ὅπως
720 1699 930 1754 ἔσοιντο
952 1701 1161 1772 πατρὸς
1186 1702 1563 1773 είκονίσματα,

501 1791 800 1863 Κάτοπτρα
826 1792 995 1846 πιστὰ
1018 1792 1309 1864 πατρικῶν
1339 1792 1755 1865 γνωρισμάτων,

356 1946 627 2002 ﬂammam
670 1945 815 2017 (420)
854 1961 1017 2016 quam
1047 1946 1267 2011 rubum,
1296 1945 1389 2017 qui
1421 1945 1684 2001 remansit
1726 1946 1938 2000 incom-

355 2040 590 2104 bustus;
637 2036 821 2093 Mosen
866 2038 956 2109 qui
1004 2040 1153 2094 visus
1196 2048 1279 2094 est
1327 2038 1615 2093 carnaliter
1665 2053 1695 2092 a
1744 2046 1794 2092 te
1822 2038 1939 2094 solo

355 2132 526 2196 solus,
560 2139 615 2186 et
650 2137 702 2187 te
726 2131 928 2186 carnali
966 2131 1102 2191 vidit
1142 2131 1365 2195 intuitu,
1408 2132 1516 2188 cito
1559 2131 1938 2188 demonstrans

353 2224 518 2280 etiam
571 2222 739 2277 Deum
776 2223 841 2279 iri
892 2224 1254 2279 incarnatum.
1294 2227 1374 2280 Ac
1407 2224 1656 2295 proinde,
1687 2232 1746 2278 ut
1778 2237 1931 2294 puto,

350 2314 657 2369 collocutus
685 2322 769 2367 est
800 2322 931 2369 tunc
981 2315 1103 2378 tibi,
1157 2315 1307 2387 (425)
1340 2315 1430 2370 cui
1460 2315 1623 2370 etiam
1654 2316 1935 2370 incarnato

352 2416 473 2460 erat
501 2405 891 2461 collocuturus.
926 2404 1082 2462 Hunc
1112 2407 1314 2479 ipsum,
1356 2407 1598 2478 inquam,
1628 2408 1936 2478 triumpha-

357 2507 532 2553 torum
562 2498 878 2563 maximum,
910 2509 1173 2571 tuumque
1216 2501 1432 2566 ducem,
1471 2512 1529 2556 ut
1566 2501 1733 2567 libet,
1769 2500 1934 2556 εαυτο-

350 2607 461 2646 ma.
498 2590 734 2646 Benedic
764 2607 871 2645 una
901 2608 1024 2648 cum
1056 2603 1235 2649 satore
1266 2595 1494 2660 semina,
1522 2603 1576 2649 et
1598 2594 1666 2649 da
1688 2594 1932 2648 divinum

352 2683 583 2755 hujusce
610 2685 834 2763 seminis
862 2703 1034 2760 genus
1054 2688 1201 2759 (450)
1231 2688 1500 2759 imperare
1533 2688 1586 2741 in
1612 2698 1934 2759 perpetuum

349 2773 723 2833 Romanorum
752 2782 928 2835 terris.
966 2781 1218 2850 lmprime
1250 2781 1302 2834 in
1334 2782 1456 2835 filiis
1479 2790 1716 2850 paterna:
1740 2781 1929 2838 forma:

348 2883 482 2924 vere
529 2882 833 2939 venustam,
882 2882 942 2927 ut
989 2872 1266 2927 fatendum
1314 2882 1419 2937 est,
1462 2874 1714 2946 efﬁgiem,
1746 2880 1807 2929 ut
1852 2882 1929 2929 tot

348 2960 583 3016 evadant
615 2964 786 3033 patris
814 2965 1097 3035 imagines,
1129 2973 1210 3019 tot
1244 2964 1347 3018 lida
1387 2965 1604 3034 specula
1647 2964 1813 3034 patris
1844 2977 1930 3019 re-

346 3051 579 3113 ferentia
602 3066 758 3112 notas
797 3074 809 3110 :
852 3055 997 3129 (455)
1032 3066 1214 3113 mente
1248 3057 1494 3127 perfecti,
1546 3058 1793 3115 moribus
1847 3058 1929 3116 in-

1323 305 1422 364 DE
1454 303 1967 367 EXPEDITIONE
1999 305 2317 371 PERSICA
2345 310 2513 373 ΑΕΒ.
2554 312 2670 374 III.

1970 425 2019 483 Α
2048 418 2153 474 455
2192 419 2296 474 Τὸν
2316 418 2441 473 νοῦν
2472 417 2690 483 τέλειοι,
2726 419 2854 484 τοὺς
2872 420 3117 491 τρόπους
3142 419 3443 495 ἐλεύθεροι,

3483 312 3618 379 19.58

2183 510 2384 581 Πραεῖς
2409 510 2469 563 τὸ
2494 509 2736 582 πνεῦμα,
2766 510 3071 582 συμπαθεῖς
3095 513 3194 585 τὴν
3216 514 3468 581 καρδίαν,

2194 602 2357 673 Ἡμῖν
2383 604 2679 673 προσηνεῖς
2707 603 2802 656 καὶ
2824 603 2946 657 κατ’
2967 602 3180 674 ἐχθρῶν
3205 604 3442 675 ὀργίλοι,

2196 692 2438 764 Ἑχθρῶν
2464 692 2732 747 σεϐόντων
2754 694 2883 756 τοὺς
2910 692 3065 757 θεοὺς
3091 695 3436 765 προσφάτως
3452 710 3469 727 ο

2179 784 2389 855 Χεῖρας
2420 784 2678 855 νέμοντες
2700 783 2917 847 άσεϐὦς
2942 786 3296 855 ἡπλωμένας,

2038 872 2145 928 440
2198 874 2566 946 Ἐσταλμένας
2594 874 2651 927 δὲ
2681 874 2816 945 πρὸς
2838 874 2901 927 τὸ
2922 874 3121 946 λῆμμα
3148 875 3247 946 τῆς
3275 874 3512 948 πλάνης,

2178 965 2349 1027 Πόδας
2376 966 2512 1037 πρὸς
2541 961 2681 1036 αἷμα
2713 965 2978 1036 μηδαμῶς
3019 966 3393 1037 κινουμένους,

2175 1056 2271 1119 Εἰς
2300 1054 2345 1108 δ’
2372 1052 2439 1110 αὖ
2466 1055 2527 1110 τὸ
2553 1054 2751 1120 σώζειν
2785 1056 3061 1129 πανταχοῦ
3076 1056 3485 1130 ταχυδρόμους.

2170 1145 2410 1213 Φύλαξον
2440 1146 2618 1201 αὐτῶν
2638 1148 2736 1210 τὰς
2768 1148 2964 1219 νοητὰς
2989 1149 3250 1215 εἰσόδους,

2176 1238 2286 1291 Καὶ
2314 1237 2609 1301 δυσϐάτους
2635 1239 2865 1310 ποίησον
2890 1238 3061 1304 αὐτὲις
3091 1237 3170 1309 τῷ
3201 1238 3401 1311 φθόνῳ,

2031 1329 2136 1384 M3
2185 1330 2281 1391 '0;
2311 1331 2379 1402 τῇ
2409 1329 2529 1383 καθ’
2560 1331 2709 1400 ἡμᾶς
2730 1330 3070 1384 ἀντιπίπτων
3102 1330 3262 1403 οὐσίᾳ

2174 1422 2362 1483 Εῖδους
2388 1421 2487 1491 μὲν
2516 1421 2633 1475 ἐστι
2655 1422 2845 1491 γένους
2874 1422 3175 1493 ἀλλότριος,

2174 1515 2353 1579 Ὀλως
2384 1515 2441 1567 δὲ
2476 1515 2643 1586 μηδὲν
2670 1516 2751 1579 είς
2784 1516 3081 1568 ὑπόστασιν
3108 1517 3291 1587 φέρων

2171 1610 2396 1662 Δάκνειν
2426 1608 2637 1678 νομίζει
2657 1607 2755 1677 τὴν
2784 1606 2919 1660 ὅλων
2941 1608 3261 1674 ὑπόστασιν,

2172 1698 2363 1761 Φίλους
2385 1698 2610 1770 διαιρῶν
2640 1698 2734 1751 καὶ
2765 1697 3009 1768 μερίζων
3040 1697 3138 1770 τὴν
3167 1698 3373 1769 σχέσιν,

1966 1794 2007 1847 Β
2036 1792 2139 1848 450
2179 1790 2444 1863 Ἐχθραις
2474 1790 2720 1861 ἀδελφῶν
2743 1793 2873 1855 τοὺς
2899 1790 3162 1861 ἀδελφοὺς
3186 1790 3539 1863 συμπλέκων.

2037 1945 2221 2018 genui,
2251 1946 2413 2001 miles
2446 1945 2660 2015 spiritu,
2697 1944 3075 2002 misericordes
3100 1945 3304 2013 animo,
3337 1947 3491 2003 nobis
3517 1948 3613 2003 be-

2037 2039 2209 2108 nigni,
2241 2048 2296 2093 et
2334 2038 2387 2091 in
2424 2038 2609 2091 hostes
2632 2048 2830 2101 truces,
2876 2038 2929 2090 in
2963 2038 3149 2093 hostes
3180 2039 3419 2095 colentes
3450 2041 3612 2095 modo

2035 2136 2364 2183 memoratos
2390 2128 2541 2193 deos,
2584 2129 2824 2184 colentes
2864 2130 3116 2185 manibus
3154 2130 3321 2202 impie
3355 2132 3611 2203 erpansis

2036 2220 2183 2293 (440)
2213 2229 2270 2278 et
2298 2220 2540 2277 extensis
2575 2220 2644 2276 ad
2691 2220 2892 2277 erroris
2929 2221 3301 2288 simulacrum,
3350 2223 3611 2294 pedibus-

2031 2328 2140 2382 que
2156 2328 2435 2382 nunquam
2461 2312 2531 2368 ad
2561 2312 2737 2369 credes
2764 2315 3184 2384 properantibus
3213 2323 3271 2369 et
3297 2315 3365 2370 ad
3401 2314 3612 2387 fugien-

2032 2408 2160 2463 dum
2187 2416 2378 2464 contra
2424 2422 2642 2479 semper
2682 2408 2979 2463 velocibus.
3012 2408 3234 2464 Custodi
3266 2407 3320 2463 in
3366 2407 3495 2480 ipsis
3524 2403 3640 2462 in-'

2032 2502 2280 2559 tellectus
2302 2502 2782 2573 ostium,idemque
2812 2501 2978 2560 redde
3006 2501 3344 2558 inaccessum
3366 2502 3608 2571 invidiae,

2033 2593 2327 2664 (445)quae
2372 2603 2571 2649 nostrae
2593 2609 2659 2649 ex
2705 2594 2937 2649 adverso
2987 2594 3263 2650 obsistens
3307 2603 3513 2648 natura:
3553 2600 3613 2649 et

2031 2684 2204 2740 forma
2236 2700 2365 2741 vere
2394 2694 2450 2741 et
2477 2700 2676 2757 genere
2696 2684 2854 2747 nobis
2883 2692 2968 2740 est
2990 2684 3199 2751 aliena;
3231 2699 3459 2755 qumque
3485 2699 3610 2739 cum

2035 2778 2171 2833 nihil
2222 2779 2291 2834 ad
2348 2779 2641 2834 essentiam
2702 2778 2969 2843 conferat,
3024 2777 3245 2832 turbare
3284 2778 3398 2832 vult
3427 2792 3611 2832 rerum

2034 2871 2277 2926 omnium
2304 2870 2619 2936 essentiam,
2649 2869 2765 2941 ipsa
2788 2869 2992 2924 amicos
3018 2868 3287 2934 dividens,
3319 2876 3376 2923 et
3398 2867 3611 2938 disjun-

2034 2978 2167 3035 gens
2187 2964 2418 3026 animos,
2448 2964 2596 3035 (450)
2636 2962 2692 3017 in
2715 2963 2958 3018 fraterna
2985 2962 3210 3018 dissidia
3234 2961 3432 3017 fratres
3459 2975 3613 3015 com-

2036 3057 2279 3122 mittens,
2297 3066 2351 3112 et
2374 3071 2617 3112 sororem
2637 3056 2920 3112 enutriens
2937 3055 3329 3120 simulatorem,
3354 3065 3412 3108 ut
3438 3052 3612 3124 Scylla

1664 3234 1749 3290 VA
1759 3235 1893 3290 ΒΙᾸΞ
1930 3235 2223 3292 LECTION
2232 3235 2335 3290 ES.

420 3375 525 3431 459
554 3374 801 3440 σέϐοντες
828 3376 916 3432 ed.
940 3375 1061 3431 Mox
1092 3378 1275 3432 malim
1308 3378 1567 3446 εὐσεϐῶς.
1643 3382 1750 3437 456
1784 3380 1875 3434 τοῦ
1906 3380 1968 3437 P.

1873 3518 2081 3575 ΝΟΤᾹΞ

421 3632 737 3712 H9._Deum
769 3632 821 3712 in
854 3636 990 3687 rubo
1019 3633 1331 3712 loquentem
1347 3636 1513 3712 fuisse
1534 3638 1928 3712 Yerhumcon-
1950 3655 1996 3712 ο
2029 3655 2138 3712 non
2171 3637 2417 3712 corporis
2447 3636 2542 3692 sed
2568 3636 2766 3712 mentis
2784 3635 2970 3712 oculo,
2998 3644 3261 3712 quantum
3294 3633 3495 3688 homini
3527 3634 3609 3690 fas

346 3703 652 3790 stansnfuit
694 3704 1052 3790 antiquorum-
1067 3703 1369 3790 lsententia:
1404 3709 1612 3764 Videsis
1748 3709 1923 3790 Cyril-
1958 3703 1996 3712 “
2029 3710 2151 3790 fuit,
2178 3703 2749 3790 ,ιιινῖιιξιιιι-εδεέξιιιίιιιιη
2784 3703 3174 3790 ἱιιιιρεριξιιίεεο
3204 3714 3498 3760 asseverat.

347 3775 462 3830 lum
508 3774 718 3828 llieros.
768 3772 983 3828 Cdteclt.
1032 3773 1099 3827 10
1124 3784 1179 3829 et
1212 3777 1296 3830 11.
1340 3780 1411 3831 At
1441 3796 1568 3834 vero
1607 3772 1809 3835 rubnm'
1836 3778 1923 3834 in-

348 3845 697 3919 combustum
742 3844 835 3919 Dei
879 3846 1316 3919 incarnationem
1372 3848 1707 3919 significasse
1761 3865 1923 3903 nemo

347 3931 458 3990 non
506 3914 810 3990 afﬁrmavit.
878 3914 1065 3990 llubus
1109 3918 1290 3990 carnis
1342 3914 1458 3990 cra't
1502 3920 1828 3990 symbolum,
1868 3930 1925 3990 et

346 3985 487 4055 ignis
514 3984 853 4058 divinitatis:
884 3987 1024 4040 sicut
1055 3996 1237 4041 autem
1266 3988 1404 4058 ignis
1443 3984 1658 4055 rubum,
1690 3991 1761 4043 ita
1803 3989 1922 4043 dei-

348 4065 430 4109 tas
480 4055 874 4109 humanitatem
916 4071 1028 4110 non
1079 4055 1460 4127 consumpsit;
1522 4062 1665 4113 unde
1698 4061 1835 4115 duas
1867 4062 1923 4113 in

344 4126 564 4180 Christo
596 4140 716 4179 esse
740 4136 963 4198 naturas
1003 4127 1258 4198 integras,
1293 4126 1486 4184 illaesas
1515 4139 1573 4183 et
1610 4131 1923 4185 inconfusus

344 4198 639 4270 tnanifeste‘
686 4196 975 4270 evincitur.
1028 4196 1147 4262 Quo
1197 4214 1328 4270 sane
1369 4202 1590 4270 respicit
1634 4201 1813 4255 Pisida
1852 4202 1921 4255 ad

344 4265 706 4338 confutandas
728 4266 963 4338 haareses
983 4270 1074 4338 sui
1103 4268 1362 4338 temporis
1390 4265 1625 4327 maxime
1652 4271 1918 4327 intentus.

344 4335 543 4412 piceus
592 4336 741 4412 enim
774 4338 918 4412 quod
947 4337 1121 4412 Moses
1152 4335 1508 4412 ἀπηκρίϐωσε
1537 4342 1635 4412 τὴν
1658 4343 1834 4412 φλόγα
1863 4344 1921 4394 ὲν

343 4407 513 4487 βάτῳ,
568 4408 661 4487 καὶ
692 4404 790 4475 τὴν
841 4407 1003 4487 eam
1033 4410 1092 4461 οὺ
1120 4404 1526 4487 πεφλεγμέ-νην,
1559 4404 1695 4467 (ιἰιιιὲ
1723 4404 1785 4465 in
1812 4412 1920 4487 Deo

342 4480 625 4553 incantato
675 4492 786 4553 non
822 4480 1079 4553 confusas
1114 4493 1335 4534 naturas
1367 4481 1551 4537 Mosen
1597 4484 1919 4553 cognovisse

340 4555 531 4600 contra
562 4546 967 4618 Mpnophysitas
998 4550 1246 4605 afﬁrmat.

404 4616 1018 4697 .421.“i'isida_'auct‘or
1063 4629 1152 4697 est
1187 4621 1374 4679 Mosen
1425 4631 1534 4677 tam
1589 4632 1914 4694 praesentem

340 4686 512 4741 fuisse
559 4686 670 4767 DeQ
701 4698 761 4767 ut
790 4687 1073 4767 ipse_l_)eus
1105 4689 1310 4767 Mosen,
1344 4703 1406 4748 ut
1446 4686 1791 4767 crat,'carne
1822 4711 1917 4748 vc-

339 4767 543 4836 ειιιιιιιιΔ
584 4758 799 4836 viderit,
836 4770 890 4812 et
911 4760 1086 4836 Moses
1108 4762 1270 4836 etiam
1295 4758 1405 4818 non
1434 4766 1629 4834 Spiritu
1658 4766 1751 4819 scd
1781 4782 1917 4836 σαρ-

338 4831 468 4899 κικῇ
519 4827 745 4899 Θεωρία,
808 4845 953 4896 vere,
991 4831 1242 4888 intuitive
1283 4845 1339 4889 et
1384 4827 1556 4888 oculis
1606 4827 1917 4889 carnalibus

336 4894 510 4950 Deum
549 4894 916 4974 conspexerit,
940 4894 1290 4974 Disputatum
1320 4906 1538 4974 quidem
1574 4914 1658 4959 est
1694 4905 1914 4974 saepius,

335 4969 608 5046 quomodo
637 4971 804 5046 Dem"
831 4970 1061 5046 viderint
1076 4970 1269 5038 Moses,
1300 4969 1497 5029 Paulus
1516 4983 1569 5029 et
1594 4969 1871 5046 propheta:
1899 4969 1911 5028 ἐ

335 5040 391 5089 δ.
434 5037 688 5110 Irenaeus,
721 5037 918 5110 Contra
961 5041 1200 5105 hmreses,
1255 5037 1347 5099 lib.
1397 5061 1480 5109 ιν,
1522 5037 1914 5110 ο.²20,ἰιειιιὶ-

335 5120 461 5185 nem
502 5109 669 5185 Deum
709 5109 907 5163 vidisse
936 5109 1075 5185 facie
1119 5115 1183 5167 ad
1216 5113 1429 5180 faciem,
1454 5116 1612 5170 sicuti
1642 5109 1746 5182 est,
1777 5117 1917 5169 mul-

337 5178 405 5255 tis
433 5178 624 5256 probat
648 5181 1000 5256 argumentis.
1027 5180 1144 5256 Non
1177 5178 1482 5250 manifeste,
1517 5188 1613 5249 ait,
1640 5178 1809 5255 ipsum
1830 5188 1917 5256 fa-

334 5246 467 5326 cient
521 5246 612 5300 Dei
640 5246 887 5326 videbant
911 5251 1195 5326 prophetat,
1220 5256 1309 5307 sed
1333 5246 1695 5326 dispositio-nes
1726 5266 1773 5310 et
1798 5246 1914 5326 nig-

2097 3780 2221 3835 451.
2289 3778 2502 3841 Αὑτοῖς.
2534 3776 2799 3832 Videlicet
2823 3781 2933 3840 τοῖς
2967 3777 3198 3839 τέκνοις.

2097 3852 2221 3904 452.
2250 3851 2323 3904 De
2354 3850 2524 3904 forma
2557 3847 2787 3903 ileraclii
2818 3847 3007 3903 confer
3032 3862 3250 3902 versum
3278 3845 3347 3901 99
3378 3846 3609 3917 hujusce

2024 3936 2330 3975 aCI'OtlSCOS.

2095 3992 2220 4045 458.
2255 3988 2463 4044 Alludit
2492 3988 2559 4043 ad
2586 4004 2785 4056 equum
2808 3987 2958 4050 solis,
2983 3987 3050 4041 de
3070 4002 3178 4056 quo
3199 4000 3405 4040 acroas.
3432 3990 3485 4044 1.
3512 3987 3603 4041 25.

2095 4061 2218 4116 459.
2281 4061 2536 4121 Σέϐοντες
2580 4074 2679 4127 pro
2722 4058 3010 4119 σεϐόντων,
3065 4057 3274 4111 scilicet
3301 4056 3350 4127 οἳ
3386 4056 3606 4108 σέϐουσι

2027 4132 2167 4201 μετὰ
2186 4131 2385 4201 χειρῶν
2426 4126 2642 4201 άσεϐῶς
2671 4128 3031 4201 ὴπλωμένων.
3074 4129 3271 4181 Persas
3300 4126 3373 4201 ita
3402 4139 3607 4201 reprae-

2024 4196 2220 4257 sentat'
2247 4196 2523 4255 incondite
2569 4196 2843 4269 iactantes
2874 4196 3377 4269 tendentesquead
3408 4196 3607 4250 caelum

2022 4288 2240 4339 manus,
2285 4282 2344 4326 ut
2368 4266 2610 4340 opponat
2635 4269 2964 4323 Christianis
2990 4268 3105 4337 qui,
3152 4266 3405 4340 manibus
3443 4282 3606 4340 supra

2022 4337 2285 4412 peetusin
2310 4337 2537 4396 formam
2562 4346 2742 4395 crucis
2764 4340 2974 4412 modice
2998 4338 3273 4412 expansis,
3301 4345 3359 4391 ut
3382 4337 3436 4412 in
3467 4339 3608 4389 mul-

2022 4407 2091 4468 tis
2134 4415 2377 4482 antiquis
2426 4411 2798 4466 monumentis
2837 4410 3023 4465 videre
3064 4417 3168 4473 est,
3199 4407 3367 4462 Deum
3408 4411 3606 4476 depre-

2020 4484 2304 4540 cabantur.

2093 4556 2214 4610 Ml.
2249 4556 2538 4610 Persarum
2566 4552 2871 4609 socordiam
2903 4557 3066 4613 taxat,
3096 4564 3235 4620 quos
3263 4547 3466 4620 ubique
3495 4562 3606 4620 non

2020 4627 2205 4679 minus
2223 4627 2418 4697 impios
2438 4641 2598 4696 quam
2618 4624 2748 4679 viles
2767 4624 2912 4678 facit.
2935 4618 3279 4697 Cmterumin
3307 4619 3455 4697 hisce
3479 4618 3603 4671 ulti-

2021 4697 2125 4750 mis
2145 4690 2424 4751 versiéulis
2445 4690 2748 4751 intendisse
2768 4696 2980 4749 videtur
2999 4695 3063 4746 ad
3084 4690 3215 4745 illud
3241 4690 3430 4759 psalmi
3451 4703 3601 4752 cxm,

2021 4766 2127 4821 15:
2167 4766 2361 4821 Manus
2391 4768 2601 4833 habent,
2639 4778 2687 4821 et
2722 4783 2827 4822 non
2855 4764 3184 4833 palpabunt;
3213 4765 3367 4833 pedes
3390 4760 3600 4833 habent,

2020 4848 2069 4889 et
2115 4838 2675 4902 nouambulabunt...,
2712 4832 2911 4890 similes
2952 4834 3057 4887 illis
3094 4834 3248 4903 ﬁant,
3274 4832 3363 4903 qui
3392 4832 3601 4903 iaciunt

2019 4923 2105 4973 ea,
2128 4917 2176 4962 et
2196 4924 2373 4962 omnes
2395 4910 2483 4979 qui
2514 4901 2782 4977 conﬁdunt
2819 4909 2875 4979 in
2904 4907 3013 4979 eis;
3045 4901 3198 4974 quasi
3230 4901 3373 4979 dicat
3398 4901 3596 4979 Persas

1947 5014 1990 5069 Β
2019 4980 2225 5069 similes
2269 4972 2456 5034 revera
2483 4972 2797 5034 esse'factos
2830 4976 3008 5043 idolis,
3038 4972 3159 5045 quae
3192 4974 3359 5029 stulte
3398 4972 3595 5027 adora-

2022 5050 2208 5177 bdﬁb.
2251 5119 2422 5176 Recte
2454 5119 2715 5175 invidiam
2749 5127 2810 5173 ut
2845 5128 3147 5175 monstrum
3185 5135 3215 5175 a
3248 5130 3443 5175 natura
3488 5120 3595 5175 hu—

2013 5205 2173 5246 mana
2234 5206 2459 5260 prorsus
2516 5191 2751 5245 alienum
2812 5191 3097 5246 describit.
3153 5190 3459 5245 Humanum
3513 5198 3598 5245 est

2010 5263 2156 5315 enim
2186 5262 2288 5317 sibi
2321 5262 2549 5332 aliisque
2584 5263 2725 5315 bona
2753 5261 3104 5329 desiderare;
3154 5262 3321 5317 invidi
3353 5273 3432 5316 est
3470 5276 3599 5329 pro-

333 5317 820 5405 ξξξριξνλιςῖλιαω
870 5317 1120 5405 διάείρὲτει
1145 5326 1297 5379 homo
1325 5317 1500 5405 videre
1544 5327 1735 5405 Deum.
1782 5317 1915 5405 Quae
2009 5334 2185 5399 Speris
2211 5334 2438 5387 aliorum
2460 5317 2628 5388 iebus
2664 5343 2872 5387 tantum
2907 5317 3168 5405 torqueri.
3215 5332 3401 5387 Horat.
3440 5317 3593 5399 epist.

333 5386 498 5440 verba
528 5402 651 5441 cum
678 5386 766 5452 iis,

333 5458 688 5538 auctam-sive
720 5458 1004 5538 Dionysius
1033 5463 1378 5538 Areopagila,
1412 5468 1489 5521 De
1523 5468 1638 5520 εισι.
1671 5458 1822 5523 Hier.
1852 5483 1902 5522 c.

334 5527 729 5607 5L5Lmiritice
749 5527 1102 5607 conveniunt.
1119 5527 1327 5591 iréniao
1347 5527 1694 5592 consentiunt
1723 5539 1907 5607 plures

466 5598 675 5678 Patres,
717 5616 859 5678 quos
889 5602 1034 5678 inter
1068 5608 1433 5662 consulendus
1464 5609 1522 5661 ὃ.
1570 5596 1906 5678 Augustinus

334 5666 428 5742 lib.
486 5684 564 5723 xu
598 5667 671 5742 De
706 5666 836 5728 Gen.
872 5673 943 5725 ad
999 5674 1078 5728 lit.
1112 5691 1163 5730 c.
1202 5678 1271 5732 27
1299 5687 1354 5732 et
1385 5678 1475 5742 28,
1508 5687 1565 5733 et
1597 5666 1686 5731 υέ
1715 5678 1898 5733 Trinit.

334 5734 425 5795 lib.
457 5755 519 5803 ιι,
551 5755 600 5793 c.
636 5739 700 5794 l7
746 5752 803 5795 ct
832 5743 917 5808 18,
965 5747 1054 5815 qui
1103 5755 1319 5802 sanctos
1364 5734 1510 5804 viros
1535 5759 1589 5803 et
1611 5750 1904 5822 prophetas

532 5832 802 5893 PATROL.
850 5836 964 5893 Gn.
999 5838 1177 5898 XCII.

805 5406 930 5466 quae
952 5393 1019 5446 de
1047 5392 1150 5466 hac
1184 5411 1242 5449 re
1276 5396 1436 5451 tradit
1461 5406 1617 5452 vetus
1644 5397 1910 5466 imprimis
2007 5392 2055 5465 ι,’
2078 5404 2131 5466 2,
2172 5405 2262 5459 57.

2085 5476 2207 5531 450.
2265 5474 2464 5537 l’isida,
2512 5475 2569 5530 ni
2598 5474 2796 5547 fallor,
2851 5477 3100 5547 previdit
3146 5478 3512 5533 dissensiones
3539 5480 3597 5529 et

2012 5545 2135 5618 odia
2190 5546 2512 5618 suscitatum
2546 5546 2610 5599 iri
2647 5546 2806 5618 inter
2854 5545 2997 5604 'lilios
3028 5564 3164 5618 quos
3217 5549 3494 5603 Heracllus
3526 5558 3593 5602 ex

2012 5615 2253 5671 Eudocia
2285 5617 2521 5687 primum
2548 5626 2603 5671 et
2624 5617 2825 5673 deinde
2846 5635 2910 5674 ex
2930 5615 3158 5674 Martio:
3192 5619 3452 5691 Augustis
3470 5634 3593 5675 sus-

2012 5699 2251 5757 ceperat.

3202 5851 3276 5913 40
