4126 6282
287 365 427 430 1273
1530 358 1834 424 BELLUM
1873 362 2281 425 AVARICUM.
3402 361 3542 432 1274

425 478 617 545 Ὅμως
649 472 720 529 τὰ
744 472 914 527 πολλά
938 472 1032 526 τοῦ
1072 471 1279 536 πάθους
1308 472 1560 544 σιγητέον
1580 488 1595 504 ο
1882 478 1928 535 Α
1959 473 2062 529 M5
2108 473 2282 545 Ὁρῶν
2305 471 2414 543 γάρ
2444 472 2604 544 ἡμῶν
2628 473 2755 538 τοὺς
2779 473 3114 539 ακανθὼδεις
3140 474 3347 548 ῥύπους

425 569 629 623 Λυπιῖν
656 564 767 635 γάρ
793 560 900 618 οῐδε
929 565 1026 618 κα)⁸
1057 562 1386 633 λαλούμενον
1407 561 1602 625 πάθος.
2120 564 2215 618 Ἕκ
2246 564 2346 634 τῆς
2381 552 2632 635 ἀκάρπου
2663 565 2773 618 τῶν
2799 567 2984 620 κακῶν
3010 570 3343 641 κακουργίας

282 661 389 717 125
506 658 649 712 Ἀλλ’
673 652 790 725 εἶμι
819 654 1005 710 λοιπὸν
1033 658 1169 725 πρὸς
1198 655 1266 709 τὰ
1291 654 1393 724 τῆς
1417 655 1687 727 νεωτέρας
2105 658 2249 727 Πρὸς
2277 657 2478 712 καῦσιν
2504 658 2605 727 ἤδη
2644 660 2737 711 καὶ
2770 659 2977 731 φθορὰν
3004 662 3394 732 ὴπειγμένους.

424 753 619 822 Μάχης
651 750 911 820 τρόπαια,
937 748 1032 802 καὶ
1057 747 1220 800 πάλιν
1253 746 1310 800 δὲ
1337 747 1629 817 συμμάχου
1904 790 1905 793 η
2104 748 2330 812 Φθάνεις
2357 750 2417 804 τὸ
2448 751 2559 822 πῦρ
2592 752 2688 821 μὲν
2718 752 2792 815 ὡς
2823 752 2959 824 πρὸς
2989 752 3118 824 ῦλην
3148 755 3411 827 ἡμμένον,

427 846 542 915 Τῆς
573 846 671 914 σῆς
698 842 1008 913 προσευχῆς
1035 839 1393 909 εὐποροῦντες
1415 842 1466 893 οί
1492 840 1662 908 λόγοι,
2106 842 2248 912 Πρὸς
2275 842 2321 895 δ’
2341 839 2408 896 αῦ
2434 843 2500 895 τὰ
2529 842 2720 913 δένδρα
2753 844 2850 915 τὴν
2875 844 3045 915 τομὴν
3074 844 3408 916 τεθειμένον,

439 940 526 1002 Ὠς
556 937 693 1008 πρὸς
725 937 930 1006 συνήθη
960 936 1058 988 καὶ
1080 932 1351 1003 φιλεύδιον
1377 934 1565 1005 πόρον,
1960 934 2065 993 150
2107 934 2293 1005 Πηγὰς
2323 934 2380 988 δὲ
2407 934 2514 987 τῶν
2546 935 2653 987 σῶν
2676 935 2952 1003 ὲξάνοιξας
2977 937 3241 1007 ὀμμάτων

434 1032 661 1099 Ἀγουσι
694 1029 830 1101 πρὸς
854 1027 914 1081 σὲ
938 1027 1037 1099 τὴν
1068 1027 1333 1081 λαλοῦσαν
1356 1026 1576 1091 ὁλκάδα,
2106 1026 2323 1098 Ἀρδεις
2354 1026 2420 1080 τά
2451 1028 2622 1098 χέρσα
2651 1029 2746 1081 καὶ
2773 1028 3040 1100 δροσίζεις
3068 1030 3166 1100 τὴν
3194 1029 3390 1097 φλόγα.

292 1123 395 1179 150
432 1118 502 1175 Ὅ
528 1122 703 1176 πάντα
735 1121 991 1192 πράττων
1013 1119 1153 1173 ὥστε
1188 1120 1263 1190 μὴ
1293 1120 1512 1191 στεῖράν
1537 1136 1669 1173 ποτε
2102 1118 2213 1171 Καὶ
2245 1120 2343 1178 τὰς
2376 1119 2660 1189 ἀκάρπους
2690 1120 2918 1190 καρδίας
2954 1123 3300 1193 μετειργὰσω

437 1215 626 1284 Ψυχὴν
654 1213 962 1286 παρελθεῖν,
989 1212 1133 1267 ἀλλᾶ
1157 1211 1397 1283 σπείρων
1418 1213 1525 1278 ἀεὶ,
2101 1212 2365 1281 Καρποῦς
2394 1212 2637 1279 ἐνεγκεῖν
2666 1210 2725 1277 ἐξ
2752 1212 3058 1283 ἐπομϐρίας
3081 1214 3257 1285 ξένης.

435 1310 545 1363 Καὶ
573 1306 904 1361 τεκνοποιῶν
930 1306 1009 1377 τῷ
1030 1306 1150 1377 Θεῷ
1174 1306 1294 1359 καθ’
1318 1306 1549 1377 ἡμέραν,
2104 1303 2291 1374 ᾝδεις
2320 1304 2449 1374 γὰρ,
2481 1304 2646 1375 ᾕδεις,
2674 1304 2750 1369 ὡς
2776 1305 3035 1376 γεωργῶν
3063 1306 3160 1369 τὰς
3186 1306 3410 1379 φρένας,

434 1400 545 1453 Καὶ
572 1398 942 1471 παρθενεύων,
975 1398 1068 1451 καὶ
1096 1398 1255 1451 πλέον
1291 1401 1473 1470 μήτηρ
1504 1397 1682 1468 μένων
1704 1416 1719 1430 ο
1966 1392 2068 1447 155
2114 1391 2203 1456 Ὠς
2230 1393 2328 1447 οὐκ
2357 1394 2565 1447 ἔνεστιν
2597 1396 2909 1467 ἐμφορῆσαι
2940 1396 3188 1467 καρδίαν,

433 1492 679 1547 Μάλιστα
708 1492 815 1561 γάρ
838 1489 934 1544 νῦν
957 1491 1167 1553 πάντας
1189 1489 1399 1554 ὠδίνεις
1427 1490 1606 1560 μόνος,
2103 1485 2166 1538 El
2195 1486 2269 1557 μὴ
2300 1486 2546 1559 καθαρθῇ
2573 1487 2791 1559 πρῶτον
2820 1490 3065 1560 ἀμπέλου
3092 1490 3267 1560 δίκην,

294 1583 401 1643 155
439 1584 547 1636 Καὶ
576 1581 725 1635 πᾶσά
759 1596 843 1634 σοι
872 1580 942 1650 γῆ
978 1580 1388 1651 σπαργανοῦται
1417 1582 1511 1635 καλ⁵
1544 1582 1720 1648 πόλις,
2108 1577 2339 1631 Ἔπειτα
2367 1578 2572 1632 πυκνὸν
2594 1579 2777 1651 ἐκχέοι
2806 1580 2868 1633 τὸ
2897 1580 3153 1650 δάκρυον,

434 1674 649 1745 Ταύτης
671 1673 738 1728 δι’
767 1670 920 1743 ὑμῶν
949 1675 1013 1726 lx
1041 1672 1175 1727 Θεοῦ
1208 1672 1579 1745 σεσωσμένης.
2104 1667 2262 1723 Οῦτω
2287 1686 2347 1723 τε
2381 1670 2567 1724 λοιπὸν
2588 1672 2812 1739 ὲγκαλοῖ
2832 1673 2959 1735 τοὺς
2982 1672 3259 1742 ὅμφακας.

434 1765 627 1830 Χαῖρε,
664 1762 934 1833 στρατηγέ
961 1762 1275 1834 πρακτικῆς
1302 1764 1648 1835 ἀγρυπνίας·
1894 1827 1931 1835 _
2105 1760 2252 1831 Πλὴν
2278 1761 2397 1814 οὐδὲ
2430 1764 2635 1833 ταύτης
2666 1762 2885 1832 ἐντελὴς
2917 1764 3187 1833 ἀκαρπία,

433 1856 505 1907 Σὺ
540 1827 771 1925 μὲνγὰρ
800 1827 973 1916 ἑστὼς
996 1827 1057 1920 έξ
1087 1827 1307 1925 ἑτοίμου
1335 1827 1562 1928 καρδίας
1595 1827 1607 1831 ν
1894 1827 1937 1884 Β
1971 1851 2068 1907 160
2108 1827 2250 1915 Ἕως
2281 1855 2309 1906 ὀ
2337 1854 2566 1924 βλαστὸς
2590 1827 2916 1926 ’προσλαϐὼν
2946 1827 3043 1909 τὸν
3068 1858 3240 1929 ἥλιον,

434 1945 616 2015 Μηδὲν
648 1944 822 1998 λαλῶν
850 1944 1115 2016 ἔφραζες,
1149 1948 1182 2015 ἡ
1213 1946 1271 2000 δὲ
1302 1947 1368 2018 σὴ
1405 1948 1593 2015 στάσις
2103 1946 2215 2000 Καὶ
2250 1948 2420 2017 μηδὲν
2446 1948 2597 2018 ὠμὸν
2628 1948 2824 2021 εὑρεθῇ
2861 1952 2961 2021 τῆς
2990 1951 3262 2021 ἀμπέλου.

293 2036 399 2091 HO
438 2038 653 2102 Πτῶσις
678 2038 798 2091 κατ’
819 2037 1029 2109 ἐχθρῶν
1056 2039 1257 2104 εὐθέως
1287 2041 1514 2109 ἐγίνετο.
2120 2039 2295 2111 Ἦμᾶς
2320 2040 2379 2094 δὲ
2409 2042 2511 2113 τῆς
2540 2043 2641 2113 σῆς
2673 2043 2911 2107 πίστεως
2937 2045 2969 2114 ἡ
3001 2045 3296 2115 θερμότης,

436 2132 631 2201 Χαῖρε,
668 2132 942 2201 στρατηγέ
969 2131 1077 2185 τῶν
1106 2130 1345 2186 ἐνόπλων
1377 2132 1650 2205 δακρύων,
2102 2138 2212 2192 Καὶ
2238 2138 2367 2208 πρὶν
2391 2138 2643 2205 γενέσθαι
2672 2137 2799 2197 τοὺς
2828 2138 3077 2209 συνήθεις
3108 2138 3362 2209 δμφακας
3380 2178 3397 2203 ,

434 2221 555 2274 Τῶν
583 2222 1005 2291 πυρπολούντων
1036 2223 1097 2276 τὸ
1128 2224 1327 2295 θράσος
1355 2225 1417 2278 τὸ
1446 2226 1721 2300 βάρϐαρον
1744 2244 1759 2261 ο
2104 2230 2365 2299 Καρποῦς
2390 2232 2634 2298 ἐνεγκεῖν
2654 2228 2897 2302 ὡρίμους
2926 2232 3205 2300 ἠνάγκασε

436 2311 599 2364 Ὅσον
628 2312 736 2381 γάρ
766 2313 953 2377 ἁπλοῖς
982 2312 1082 2376 τὰς
1114 2315 1243 2385 ροἀς
1274 2315 1383 2369 τῶν
1416 2316 1700 2387 ὀμμάτων,
1968 2320 2072 2377 165
2176 2322 2325 2375 Θέλω
2354 2322 2408 2376 δὲ
2433 2322 2637 2377 τούτων
2663 2325 2760 2388 τὰς
2782 2325 3034 2396 ἀφορμὰς
3064 2324 3169 2378 τῶν
3196 2324 3369 2393 λόγων

432 2402 699 2457 Τοσοῦτον
737 2404 942 2474 εῖργεις
967 2404 1061 2470 τὰς
1094 2404 1223 2476 ῥοάς
1250 2405 1357 2459 τῶν
1388 2407 1653 2477 αἱμάτων.
2115 2413 2206 2478 Ὠς
2240 2414 2339 2487 τὴν
2370 2414 2597 2487 ἔναγχος
2628 2416 2912 2489 ἱστορῆσαί
2947 2435 3029 2472 σοι
3058 2417 3261 2491 μάχην.

292 2556 527 2626 Verum,
571 2568 635 2615 ut
684 2560 1015 2630 plurimum,
1050 2572 1273 2633 praestat
1298 2571 1480 2619 tacere
1527 2565 1667 2621 mala
1705 2581 1869 2625 :nam
1976 2567 2153 2626 fluxus
2186 2573 2529 2644 sanguinum.
2576 2573 2720 2645 (HS)
2751 2572 2883 2628 Nam
2932 2573 3123 2629 videns
3168 2572 3339 2627 nostri
3371 2573 3548 2631 cordis

292 2663 380 2708 est
418 2655 642 2710 molesta
685 2655 849 2710 etiam
877 2657 1141 2711 malorum
1168 2656 1493 2713 recordatio.
1928 2680 1931 2685 ·
1975 2673 2159 2719 sentes
2210 2666 2455 2721 sordidas
2496 2667 2567 2722 ob
2613 2666 3006 2723 infructiferam
3053 2678 3397 2739 peccatorum
3449 2684 3551 2724 nc-

369 2748 537 2817 (ISS).
573 2748 686 2818 Age
714 2763 844 2803 vero
872 2749 983 2818 jam
1016 2750 1335 2820 progredior
1361 2750 1428 2805 ad
1465 2751 1701 2807 recentis
1744 2752 1869 2811 belli
1976 2756 2202 2828 quitiam
2248 2759 2315 2814 ad
2370 2760 2778 2831 corruptionem
2856 2760 3399 2828 combustionemque
3451 2760 3550 2815 ad-

297 2850 518 2911 tropma.
562 2841 775 2896 Rursus
820 2858 885 2897 ex
916 2842 1305 2897 commilitante
1354 2852 1441 2897 tua
1476 2859 1637 2914 prece
1675 2847 1875 2903 uberes
1977 2862 2155 2917 actas,
2203 2852 2380 2925 ignem
2412 2854 2694 2923 prmvertis
2734 2853 2844 2924 jam
2887 2852 2954 2908 ad
2984 2852 3173 2908 silvam
3222 2869 3547 2917 accensum,

297 2933 425 2989 facti
462 2934 566 2989 mei
603 2950 884 2990 sermones
916 2944 1168 3005 tanquam
1195 2935 1261 2990 ad
1294 2946 1616 2992 consuetum
1644 2947 1699 2994 et
1728 2946 1877 2994 tran-
1979 2951 2035 2998 et
2066 2944 2213 2997 velut
2253 2942 2318 2998 ad
2368 2943 2592 2999 arbores
2646 2944 2883 2999 succisas
2913 2942 3147 3013 positum
3179 2961 3192 2998 :
3226 2943 3370 3013 (l50)
3425 2943 3551 2999 fou-

295 3026 522 3096 quillum
574 3037 830 3097 portum,
864 3028 931 3082 ad
992 3038 1044 3082 te
1080 3029 1409 3098 compellunt
1469 3029 1667 3100 eloquii
1718 3032 1875 3087 uavi-
1980 3036 2125 3091 tibus
2172 3052 2302 3091 vero
2344 3047 2562 3091 tuorum
2605 3036 2878 3107 adapertis
2921 3037 3237 3103 oculorum,
3269 3037 3412 3107 quod
3440 3037 3554 3092 ari-

297 3119 467 3192 gium.
503 3120 653 3191 (l50)
703 3119 747 3175 Ο
794 3131 1061 3191 praestans
1098 3120 1317 3190 omnia,
1358 3131 1417 3177 ut
1451 3124 1543 3194 qui
1590 3141 1869 3195 nunquam
1902 3175 1943 3201 η
1978 3128 2106 3184 dum
2151 3138 2233 3185 est
2283 3130 2507 3200 irrigas,
2555 3138 2608 3185 et
2661 3130 2862 3184 irroras
2910 3128 3204 3185 ﬂammam.
3265 3130 3439 3201 Atque
3479 3130 3554 3186 ita

298 3214 540 3269 sterilem
584 3216 824 3270 animam
856 3216 1058 3285 linquis
1082 3254 1098 3279 ,
1131 3216 1228 3271 sed
1268 3216 1527 3272 fecundas
1564 3218 1784 3289 jugiter,
1819 3226 1876 3273 et
1901 3214 1944 3236 ν
1976 3220 2186 3284 fecisti,
2226 3230 2287 3275 ut
2327 3222 2664 3277 infructifera
2718 3222 2879 3277 corda
2934 3221 3142 3277 fructus
3188 3221 3448 3277 efferrent
3499 3221 3554 3277 vi

298 3306 439 3361 ﬁlios
476 3320 731 3375 procreas
764 3307 876 3361 Deo
916 3307 1193 3377 quotidie,
1235 3316 1291 3363 et
1326 3308 1484 3380 Virgo
1515 3318 1765 3380 perstans
1813 3309 1878 3365 fis
1974 3315 2278 3385 peregrina:
2327 3314 2546 3385 pluviae.
2593 3313 2809 3385 Optime
2857 3316 3005 3371 enim
3072 3315 3251 3382 nosti,
3298 3326 3555 3385 tanquam

297 3409 472 3454 mater
512 3398 813 3455 fecundior.
857 3399 1010 3455 Nunc
1049 3400 1196 3456 enim
1228 3416 1358 3456 vere
1395 3417 1587 3458 omnes
1636 3412 1693 3457 tu
1729 3404 1877 3458 solus
1976 3411 2238 3468 mentium
2271 3409 2540 3481 agricola,
2572 3409 2717 3478 (155)
2763 3407 3221 3478 quemadmodum
3268 3407 3342 3462 nil
3380 3407 3557 3462 valeat

297 3493 570 3562 parturis,
607 3494 751 3563 (155)
791 3503 847 3548 et
893 3495 1071 3550 omnis
1100 3510 1130 3550 a
1165 3504 1217 3551 te
1248 3504 1391 3551 terra
1419 3504 1474 3552 et
1521 3497 1650 3553 urbs
1694 3497 1877 3554 fasciis

1974 3522 2069 3562 cor
2100 3505 2438 3576 producere,
2492 3502 2595 3557 nisi
2641 3502 2937 3556 mundetur
2982 3501 3134 3572 prius
3190 3500 3362 3555 instar
3404 3498 3552 3562 vitis.

298 3585 630 3649 involvitur,
680 3587 782 3659 hac
833 3602 938 3641 una
982 3588 1119 3643 urbe
1168 3604 1265 3659 per
1316 3600 1369 3645 te
1412 3604 1442 3644 a
1491 3590 1602 3646 Deo
1639 3600 1872 3646 servata.
1975 3608 2092 3654 tum
2145 3599 2321 3671 largas
2372 3596 2615 3653 effundat
2648 3596 2939 3669 lacrymas,
2988 3605 3152 3665 atque
3205 3594 3279 3649 ita
3338 3592 3557 3648 tandem

296 3680 493 3746 Salve,
544 3680 653 3735 dux
702 3680 757 3733 in
812 3681 1034 3751 agendis
1082 3680 1267 3737 eﬂicax
1309 3683 1597 3738 excubiis:
1635 3691 1691 3739 tu
1726 3684 1874 3739 enim
1979 3691 2195 3747 emittat
2243 3706 2511 3745 racemos.
2563 3688 2632 3743 At
2663 3687 2791 3742 vitis
2834 3687 3041 3742 interea
3091 3700 3313 3758 prorsus
3358 3682 3560 3739 sterilis

298 3784 453 3830 stans
480 3780 670 3829 contra
703 3789 767 3829 ex
799 3774 1070 3844 intrepido
1096 3775 1290 3839 corde,
1320 3791 1413 3831 ore
1459 3777 1872 3843 obmutescens,
1980 3792 2201 3849 manet,
2236 3783 2381 3854 (t60)
2439 3799 2609 3853 usque
2656 3782 2784 3837 dum
2835 3797 3056 3853 germen
3113 3778 3413 3850 susceperit
3464 3792 3559 3831 so-

297 3867 642 3938 loquebaris:
667 3876 756 3922 tua
788 3884 919 3923 vero
947 3868 1271 3939 statio(NO)
1290 3869 1471 3924 clades
1498 3870 1553 3923 in
1578 3872 1761 3925 hostes
1784 3884 1876 3925 re-
1979 3874 2086 3928 lem
2106 3915 2120 3939 ,
2153 3874 2399 3944 nihilque
2432 3874 2586 3929 crudi
2622 3874 2947 3929 remanserit
2976 3872 3029 3925 in
3076 3870 3206 3925 vite.
3234 3869 3344 3924 Nos
3378 3877 3559 3922 autem

298 3971 464 4033 pente
492 3961 630 4015 facta
651 3968 755 4016 est.
787 3960 943 4015 Salve
964 3961 1330 4023 dux,armatis
1350 3962 1586 4016 militans
1604 3962 1873 4033 Iacrymis,
1982 3974 2090 4020 tua:
2117 3964 2240 4020 ﬁdei
2286 3964 2483 4029 fervor,
2517 3965 2834 4035 priusquam
2867 3964 3029 4019 etiam
3060 3962 3199 4018 sueti
3232 3960 3561 4031 pullularent

298 4070 421 4124 quae
469 4053 807 4108 barbaricam
864 4053 1118 4125 frangunt
1173 4054 1455 4111 audaciam
1504 4072 1519 4110 :
1566 4072 1676 4126 quo
1732 4055 1877 4111 enim
1983 4058 2311 4126 omphaccs,
2344 4056 2552 4111 fructus
2580 4056 2776 4111 eﬂ'erre
2808 4065 3050 4111 maturos
3080 4053 3276 4124 coegit.

300 4145 473 4217 magis
532 4144 723 4199 dilatas
759 4143 949 4201 ﬂuxus”
985 4147 1265 4203 oculorum
1287 4186 1303 4213 ,
1349 4160 1417 4203 eo
1454 4147 1626 4219 magis
1658 4162 1879 4204 coerces
2058 4150 2204 4221 (165)
2237 4149 2500 4221 Equidem
2525 4149 2687 4204 velim
2729 4164 2913 4205 rerum
2956 4146 3269 4219 huiusmodi
3296 4143 3558 4209 rationes.

1585 4308 1820 4365 VARIA'J
1861 4307 2152 4365 LECTION
2161 4310 2262 4365 ES.

373 4445 465 4497 ’δι
500 4444 724 4522 sim“-
745 4446 895 4522 J54
923 4447 1173 4522 nam
1203 4449 1291 4505 ed.
1369 4448 1474 4505 155
1498 4448 1835 4522 εὐφορῆσαιῖ
1906 4450 2009 4508 ws
2040 4451 2303 4507 ἐκκαλοῖῖ
2331 4467 2421 4507 an.
2453 4452 2711 4507 έκσάλοιῖ
2802 4410 2907 4507 εδει
2937 4448 3157 4513 ταύταις
3193 4445 3254 4501 P.
3294 4442 3420 4499 ibid.
3452 4439 3562 4497 imo

373 4465 465 4497 τοι
500 4465 703 4509 εισαει;
794 4465 895 4500 104
923 4465 1038 4518 ηοει
1104 4465 1135 4501 α

302 4516 592 4586 ιύκαρπία.
702 4515 806 4570 160
843 4465 1173 4590 πῳσλάέῃξ

1800 4699 2030 4759 NOTAE.

375 4856 499 4928 122.
540 4854 755 4912 Scelera
778 4866 836 4911 et
867 4856 1065 4928 ﬂagitia
1106 4857 1304 4925 quibus
1333 4856 1751 4928 tunc_temporis
1769 4856 1872 4912 ob—
1905 4858 1950 4915 D
1978 4856 2124 4928 stitia
2152 4866 2207 4912 et
2223 4854 2588 4928 Cpolitanide
2617 4853 2871 4928 Barbarie
2922 4853 3206 4928 victoriam
3262 4854 3557 4928 referrent.

304 4927 603 4980 tuebantur
644 4927 912 4996 Cpolitani
936 4925 1161 4997 itacitus
1219 4929 1412 4997 carpit.
1457 4925 1626 4982 Porro
1667 4928 1876 4982 Cedre-
1978 4925 2281 4997 Propterea
2302 4925 2585 4997 tot__laudes
2616 4925 2705 4980 hic
2732 4934 3001 4997 congesta:
3030 4928 3097 4997 ad
3131 4926 3563 4997 pii-Atatemojus-

306 5012 428 5057 nus,
455 5012 617 5065 quam
664 4995 849 5051 essent
898 4996 1099 5051 civium
1146 4995 1389 5051 omnium
1430 4998 1625 5067 perditi
1674 5012 1880 5062 mores,
1977 4995 2102 5052 dem
2135 4997 2307 5067 Sergii
2332 4995 2683 5060 offerendam,
2712 5010 2875 5066 quem
2898 4995 3079 5051 Pisida
3105 5005 3163 5051 ut
3215 4995 3338 5049 belli
3368 4996 3563 5050 ducem

305 5067 439 5120 satis
484 5067 1017 5149 ostendit-“narrans,
1054 5083 1109 5135 ι).
1141 5067 1266 5129 407.
1303 5076 1551 5149 sanctum
1592 5068 1879 5149 quemdam
1976 5076 2033 5123 et
2054 5068 2278 5149 heroem
2315 5068 2535 5149 salutat.
2572 5136 2584 5148 ο
2681 5136 2695 5149 ε
2790 5070 2793 5073 ’

305 5137 655 5201 monachum,
707 5138 881 5192 Phoea
922 5134 1248 5206 imperante,
1281 5153 1311 5191 a
1350 5137 1460 5193 Deo
1488 5134 1748 5206 quaesisse
1786 5153 1883 5192 cur
2050 5138 2171 5192 130,
2211 5138 2408 5206 Confer
2447 5137 2545 5190 hos
2572 5136 2780 5192 iambos
2808 5152 2937 5206 cum
2971 5134 3230 5191 Hexaem.
3261 5153 3312 5192 v.
3356 5136 3446 5190 39.

306 5207 673 5288 tam‘impium
701 5205 1029 5288 Christianis
1079 5207 1461 5288 imperatorem
1498 5205 1758 5288 dedisset,
1789 5222 1883 5262 νο-
2208 5205 2394 5288 "Saepe
2417 5207 2468 5288 in
2506 5206 2683 5288 Pisida
2704 5205 2857 5275 ὑμῶν
2888 5221 2985 5288 [ιι-ρ
3010 5206 3128 5288 σοῦτ

306 5274 542 5349 οοιιιιιιιο
572 5277 675 5349 sibi
701 5278 1124 5349 respondentem
1147 5274 1419 5349 audivisse
1448 5278 1619 5349 :f’O-rt
1661 5279 1882 5349 χείρονα
1996 5348 2003 5349 ί
2056 5277 2176 5349 159.
2207 5274 2415 5331 Similia
2456 5277 2511 5330 in
2542 5274 2899 5332 Hexaemero’
2932 5276 2999 5332 de
3032 5277 3224 5332 eodem
3258 5274 3471 5344 Sergio,
3504 5290 3558 5328 ν.

304 5341 496 5420 τούτου
538 5347 637 5416 ούχ
679 5341 847 5420 εὗρόν
888 5346 1383 5420 πρδςλτὴν-κακίαν
1422 5347 1530 5420 τῶν
1569 5341 1886 5403 νῦν”κὰτοι-
1986 5348 2143 5420 1881.

306 5415 553 5487 κούντων
584 5414 642 5469 ὲν
671 5414 943 5487 τῇπόλειζ
981 5414 1113 5471 Vide
1144 5417 1451 5471 Heracliad.
1490 5435 1551 5475 ιι.
1583 5420 1671 5474 85.
2056 5418 2179 5471 M3.
2210 5415 2347 5470 Vide
2372 5414 2633 5471 llexaem.
2663 5434 2716 5471 v.
2751 5416 2908 5472 1888.

378 5486 502 5541 liii.
536 5480 737 5542 Paucis
776 5489 1061 5557 expeditus
1110 5503 1141 5541 a
1194 5488 1381 5557 prima:
1410 5489 1653 5544 Abaricaa
1681 5488 1889 5543 fraudis
2053 5488 2177 5541 H5.
2203 5487 2492 5557 Spinarum
2552 5487 2756 5557 sordes
2784 5496 2911 5541 sunt
2940 5496 3184 5556 peccata.
3240 5482 3444 5539 Alludit
3493 5480 3562 5536 ad

306 5558 618 5629 narratione
649 5558 713 5611 ad
751 5555 1041 5613 secundam
1073 5555 1235 5629 latius
1264 5560 1640 5629 exponendam
1668 5573 1889 5629 progre-
1982 5555 2294 5629 parabolajn
2327 5557 2393 5629 de
2429 5556 2671 5629 zizaniis,
2710 5555 2900 5612 Matth.
2936 5555 3052 5623 im,
3080 5558 3169 5612 40.

308 5626 478 5682 ditur.
504 5627 630 5709 μοι)
656 5638 739 5683 est
771 5629 933 5709 enim
946 5643 1095 5709 vere
1120 5628 1317 5709 bellum
1336 5626 1756 5709 ‘Abarieum,_de
1774 5626 1888 5698 quo
1986 5626 2001 5628 ⁷
2325 5626 2480 5709 {nam
2506 5643 2591 5690 xv,
2618 5628 2671 5709 6-ἶ

310 5712 473 5767 agere
504 5697 556 5750 in
584 5698 687 5751 hoc
724 5700 997 5767 poematia
1024 5698 1271 5767 intelligit
1303 5706 1481 5767 poeta.
1797 5696 1811 5698 “
2062 5699 2183 5752 149.
2212 5696 2294 5749 Cf.
2332 5696 2458 5750 Luc.
2495 5713 2614 5760 ιιιι,
2642 5698 2692 5752 ’1.

311 5835 352 5848 _
383 5767 507 5846 127.
542 5766 720 5848 S‘e'rgii.
742 5768 1080 5848 patriarclm_
1111 5768 1366 5848 precibus
1427 5770 1626 5848 factum
1670 5777 1768 5848 _est
1796 5778 1885 5848 _ut
2058 5768 2181 5823 154.
2213 5768 2488 5848 Legerem‘
2520 5769 2618 5837 ἥδη
2648 5768 2729 5848 vel
2764 5780 2910 5848 certe
2944 5768 3108 5840 ἧδεις.
3133 5764 3263 5848 Quae
3320 5776 3563 5848 sequun-

311 5835 543 5907 Deipara
578 5835 797 5911 Virgine
840 5835 1212 5897 intercedente
1241 5840 1543 5910 placaretur
1575 5839 1757 5896 divina
1790 5840 1884 5911 ju-
1989 5850 2095 5904 tur,
2132 5835 2432 5895 secundum
2461 5835 2775 5909 Apostolum
2814 5838 2831 5892 l
2863 5835 2984 5895 Cor.
3020 5854 3095 5903 Ill,
3129 5838 3271 5893 dicta
3292 5844 3441 5891 sunt.
