4126 6282
297 365 431 432 1281

292 480 400 537 275
436 469 897 546 Ταχυδρομούσας
928 467 1178 540 μηχανὰς
1202 466 1298 519 καὶ
1323 463 1624 528 συνθέσεις,

435 578 545 632 Kal.
570 574 666 637 τὰς
701 571 956 635 ἐνόπλους
982 569 1327 640 εὐτρεπίζειν
1353 566 1606 630 ὁλκάδας,

443 670 541 730 ’Λς
568 666 664 718 καὶ
697 664 804 734 πρὸ
837 662 1031 716 πολλοῦ
1070 659 1386 730 συγκροτῶν
1420 659 1520 712 οὐκ
1549 658 1762 729 ἡμέλει.

437 756 512 810 Οὐ
544 754 655 826 γὰρ
682 752 972 823 πρόσωπον
1004 750 1079 822 μὴ
1116 750 1283 803 θέλων
1314 749 1443 802 ἰδεῖν
1475 749 1678 818 μάχης.

439 846 698 915 Ἕτοιμον
724 839 869 913 εἶχεν
904 842 962 909 ἐξ
992 842 1240 911 ἀνάγκης
1270 840 1369 911 τὴν
1397 839 1600 910 μάχην,

296 950 405 1005 280
442 944 683 1018 Στρατοῦ
711 961 768 999 τε
797 943 1002 1014 πλῆθος
1030 942 1379 1007 ἐξαπέστειλε
1404 941 1638 1011 φθάσας,

442 1046 550 1101 Kal.
576 1046 675 1114 τῆς
709 1042 830 1096 κατ’
858 1041 1038 1095 αὐτῶν
1064 1039 1363 1110 ἀσφαλείας
1384 1038 1597 1110 ἠμέλει,

442 1144 627 1214 Μόνην
653 1142 889 1213 νομίζων
915 1139 1135 1209 ἀσφαλῆ
1165 1139 1464 1211 σωτηρίαν,

444 1248 613 1316 Εἴπερ
640 1245 701 1298 τὸ
731 1244 908 1299 κοινδν
936 1242 1134 1313 εὑρεθῇ
1167 1241 1538 1312 σεσωσμένον’

442 1339 723 1411 Σχεδόνλτε
753 1338 930 1400 πάσας
964 1335 1061 1399 τὰς
1091 1333 1287 1390 ἑαυτοῦ
1311 1333 1601 1405 φροντίδας

303 1440 412 1495 285
450 1439 541 1502 Εἰς
566 1438 664 1501 τὰς
690 1437 757 1491 δι’
780 1438 929 1508 ἡμᾶς
957 1434 1250 1508 ἀντανῄρει
1278 1434 1585 1507 φροντίδας,
1624 1440 1627 1445 ’

447 1530 705 1584 Κίνδυνον
729 1528 918 1599 ῶσπερ
940 1526 1170 1598 ψυχικὸν
1198 1526 1371 1580 δοκῶν
1402 1526 1566 1597 ἔχειν.

447 1629 508 1683 Et
535 1628 612 1700 μὴ
640 1627 707 1681 δι’
732 1629 881 1699 ἡμᾶς
915 1627 1093 1681 πάντα
1118 1624 1361 1679 κίνδυνον
1400 1624 1585 1682 πάθοι.

446 1727 632 1791 Οὕτως
662 1726 874 1780 ἕκαστα
896 1725 992 1779 καὶ
1021 1722 1258 1778 κελεύων
1289 1724 1384 1778 καὶ
1408 1722 1634 1796 γράφων

450 1819 766 1892 Προῖστόρει
803 1816 905 1890 μὲν
931 1815 1008 1888 τῷ
1030 1816 1172 1888 λόγῳ
1199 1817 1268 1871 τὰ
1297 1816 1616 1889 πράγματα,

302 1921 411 1979 290
458 1920 794 1991 Ἐζωγράφει
818 1918 879 1998 δε
908 1919 984 1991 μὴ
1015 1916 1205 1990 παρὼν
1228 1917 1298 1972 τὰ
1328 1916 1426 1989 τῆς
1462 1916 1660 1987 μάχης,

446 2021 668 2074 Τάττων
702 2019 1023 2091 στρατηγῶν
1055 2017 1455 2089 μηχανουργῶν
1485 2017 1780 2087 ἐγγράφως

448 2116 528 2185 Τῇ
556 2112 664 2167 τῶν
696 2113 972 2183 λογισμῶν
997 2113 1217 2183 τεχνικῇ
1252 2108 1603 2183 λεπτουργίᾳ.

518 2204 592 2257 Οὐ
632 2205 742 2275 μὴν
769 2202 1138 2275 παρημελεῖτο
1171 2203 1240 2257 τὰ
1268 2203 1689 2274 προστάγματα,

460 2296 603 2352 Ἀλλ’
629 2293 699 2369 ἦν
723 2295 783 2351 τὸ
809 2297 1043 2369 γράμμα
1069 2297 1303 2369 πρᾶγμα
1334 2294 1790 2367 πεπληρωμένον,

313 2454 479 2512 tando
520 2455 625 2512 tela
676 2465 895 2513 etsaxa
931 2454 1078 2527 (275)
1118 2452 1400 2511 versatiles
1449 2452 1714 2509 machina:
1764 2467 1883 2508 mo-

314 2553 523 2623 lesque,
554 2560 886 2621 armataque
902 2558 1159 2620 aptentur
1186 2564 1377 2615 naves,
1396 2563 1531 2618 quas
1567 2548 1657 2603 ille
1674 2547 1882 2615 jamdiu

306 2643 558 2714 expediri
585 2651 888 2697 curaverat.
919 2640 1133 2697 Faciem
1180 2642 1381 2712 quippe
1417 2656 1528 2695 non
1574 2639 1762 2695 volens
1799 2639 1882 2693 vi-

314 2736 447 2790 dere
463 2734 586 2790 belli
610 2743 933 2804 praesentem
959 2733 1148 2789 habuit
1170 2734 1293 2788 belli
1308 2731 1707 2789 necessitatem.
1734 2732 1880 2805 (280)

318 2823 389 2880 Et
418 2825 651 2880 militum
685 2824 897 2894 copiam
936 2824 1083 2878 misit
1116 2832 1442 2894 opportune,
1486 2824 1553 2879 de
1587 2840 1683 2879 sua
1714 2823 1885 2893 ipsius

320 2918 613 2973 securitate
642 2931 753 2971 non
775 2916 1005 2970 multum
1037 2916 1320 2981 sollicitus,
1352 2932 1515 2971 unam
1570 2925 1719 2971 ratus
1767 2930 1890 2971 esse

320 3020 529 3065 certam
566 3010 817 3076 salutem,
855 3008 901 3064 si
930 3025 1110 3064 rerum
1142 3025 1352 3065 summa
1402 3010 1536 3064 nihil
1577 3009 1889 3065 detrimenti

324 3109 620 3169 pateretur,
658 3109 711 3155 et
754 3115 944 3156 omnes
977 3100 1091 3155 fere
1145 3116 1273 3156 suas
1326 3102 1715 3159 sollicitudines
1741 3100 1888 3172 (285)

1540 352 1847 415 BELLUM
1881 353 2107 413 AVARI
2116 352 2291 414 CUM.

1900 472 1941 529 Α
1970 466 2078 521 9.95
2117 465 2343 519 Πάντων
2370 463 2665 534 προθύμως
2694 465 2790 519 καὶ
2817 465 3054 521 πολιτῶν
3085 468 3183 522 καὶ
3210 469 3398 537 ξένων,

3409 354 3545 423 1282

2111 556 2225 609 Kal.
2246 554 2357 607 τῶν
2379 555 2437 607 ὲν
2465 555 2660 625 ἀρχαῖς
2688 554 2785 608 καὶ
2825 555 3109 624 μεγίσταις
3133 558 3332 625 ἀξίαις,

2127 644 2579 716 ’Υποδραμόντων
2610 645 2738 705 τοὺς
2770 645 3050 710 ἑκουσίους
3073 648 3289 711 πόνους.

2116 736 2264 789 Ἔδει
2304 736 2433 806 γὰρ,
2464 730 2639 805 οἴμαι,
2671 736 2763 790 τὸν
2786 738 3039 791 τοσοῦτον
3064 739 3334 810 δεσπότην

2117 829 2299 900 Ἐχειν
2327 828 2616 893 τοσούτους
2645 831 2725 893 εις
2754 831 3003 903 ἀνάγκην
3024 833 3264 897 οἰκέτας,

1974 920 2077 977 500
2114 920 2177 974 οἳ
2208 921 2306 984 τὰς
2331 919 2611 985 κελεύσεις
2640 921 2750 975 τῶν
2778 921 2957 992 σοφῶν
2986 923 3380 996 βουλευμάτων

2182 1010 2463 1077 Μάθοντες
2488 1010 2624 1084 ἔργα
2650 1013 2776 1077 τοὺς
2800 1013 2995 1082 λόγους
3028 1015 3319 1071 ἐδείκνυον.

2114 1100 2302 1164 Οὕτως
2319 1102 2630 1173 ἀεικίνητος
2669 1098 2744 1157 ὧν
2762 1106 2791 1158 ὁ
2809 1105 3080 1174 δεσπότης

2112 1192 2277 1262 Τάχει
2310 1191 2584 1263 λογισμῶν
2615 1193 2712 1247 καὶ
2738 1194 2949 1266 φρενῶν
2975 1196 3252 1268 ἀπληστίᾳ

2115 1281 2404 1352 Πόρρωθεν
2431 1282 2596 1351 ἐγγὺς
2622 1284 2691 1354 τῇ
2719 1282 2873 1336 πόλει
2899 1286 3223 1355 παρίστατο,

1976 1373 2081 1430 505
2118 1375 2229 1427 Kal.
2255 1376 2378 1439 ταῖς
2406 1375 2701 1447 μερίμναις
2730 1377 3007 1447 πανταχοῦ
3042 1379 3206 1449 συνῆν
3237 1379 3417 1450 μόνος,

2126 1463 2213 1527 Ὠς
2240 1461 2318 1529 εἷς
2343 1464 2601 1537 λογισμὸς
2621 1467 2741 1520 ἀντὶ
2764 1468 2983 1521 πάντων
3017 1468 3282 1539 ἀρκέσας.

2118 1555 2309 1627 Ὅμως
2331 1556 2391 1610 τὸ
2416 1556 2624 1628 πλῆθος
2657 1559 2766 1611 τῶν
2794 1559 2970 1612 πόνων
2992 1576 3104 1615 σου.
3131 1560 3389 1626 δέσποτα,

2116 1648 2207 1710 El;
2237 1647 2426 1719 καιρὸν
2450 1649 2585 1719 ἡμῖν
2617 1646 2835 1703 εὔθετον
2859 1650 3146 1721 τηρητέον,

2131 1739 2217 1793 Ἐν
2243 1733 2287 1808 ᾧ
2310 1739 2590 1809 παρούσης
2614 1741 2712 1811 τῆς
2735 1741 2975 1813 γαλήνης
3003 1744 3061 1795 ὲν
3099 1742 3250 1813 μέσῳ

1910 1818 1950 1873 Β
1978 1832 2080 1887 510
2121 1830 2384 1903 Εὔκαιρος
2409 1834 2437 1885 ὁ
2461 1832 2627 1897 πλοῦς
2651 1832 2751 1903 τῆς
2777 1833 3017 1887 ἀϐύσσου
3043 1833 3152 1887 τῶν
3177 1834 3372 1903 λόγων.

2208 1923 2361 1976 Ἐπεὶ
2386 1923 2442 1976 δὲ
2467 1924 2689 1993 φρικτὸν
2711 1925 2745 1995 ή
2772 1925 3092 1995 περίστασις
3118 1923 3283 1994 φόϐον

2120 2013 2245 2086 Εἶχε
2274 2014 2541 2085 βλέπουσα
2566 2017 2666 2086 τῆς
2699 2017 2881 2088 μάχης
2909 2017 2977 2070 τὰ
3009 2016 3255 2086 κύματα,

2125 2104 2310 2169 Ἔδοξε
2338 2107 2451 2169 τοῖς
2482 2105 2710 2177 ἄρχουσι
2743 2109 2854 2169 τοῖς
2880 2105 3145 2178 ὑπηκόοις

2116 2200 2227 2253 Kal.
2255 2197 2332 2269 τῷ
2366 2196 2652 2269 μαγίστρῳ
2680 2196 2789 2254 τῶν
2826 2198 3069 2252 ἐνόπλων
3108 2199 3412 2268 ταγμάτων

1975 2290 2083 2347 5ιό
2121 2293 2139 2362 (
2156 2291 2267 2345 Ἀεὶ
2295 2290 2402 2363 γὰρ
2433 2291 2561 2362 ὑμῖν
2590 2294 2671 2355 είς
2700 2292 2762 2345 τὸ
2789 2294 2896 2346 πᾶν
2930 2291 3265 2363 συνημμένοι

1988 2454 2155 2510 criter
2202 2471 2327 2512 cum
2383 2454 2593 2511 civibus
2650 2463 2763 2508 tum
2817 2451 3037 2515 exteris,
3091 2466 3303 2507 necnon
3362 2451 3427 2505 iis
3461 2454 3555 2521 qui

1987 2547 2160 2617 prima
2194 2558 2250 2605 et
2287 2548 2519 2603 maxima
2566 2546 2790 2602 obibant
2841 2558 3090 2608 munera,
3149 2544 3559 2600 accurrentibus

1989 2641 2055 2695 ad
2094 2641 2304 2697 labores
2339 2642 2637 2697 ullroneos.
2663 2638 2960 2709 Oportebat
3002 2635 3167 2698 enim,
3203 2635 3419 2713 opinor,
3475 2646 3559 2690 ta-

1990 2732 2095 2789 lem
2124 2734 2402 2789 dominum
2445 2735 2577 2789 tales
2606 2733 2809 2787 habere
2849 2731 2903 2784 in
2938 2728 3262 2784 necessitate
3308 2729 3558 2795 famulos,

1996 2825 2145 2899 (500)
2180 2826 2272 2896 qui
2314 2826 2619 2896 sapientum
2654 2823 3006 2879 consiliorum
3036 2820 3308 2875 mandatis
3348 2821 3431 2877 vix
3468 2836 3562 2877 co-

1994 2916 2179 2989 gnitis,
2206 2902 2358 2988 jussa
2390 2918 2548 2973 lactis
2575 2914 3010 2986 comprobarent.

2065 3007 2156 3063 Sic
2178 3008 2535 3078 irrequietum
2560 3023 2617 3062 se
2636 3022 2830 3078 gerens
2862 3006 3089 3075 despota
3116 3002 3325 3059 consilii
3378 3019 3565 3074 prom-

1994 3102 2265 3172 ptitudine
2295 3103 2600 3172 mentisque
2622 3098 2987 3154 immensitate
3034 3096 3118 3151 vel
3153 3113 3183 3151 υ
3215 3096 3372 3167 longe
3398 3112 3565 3167 prope

322 3192 382 3248 in
415 3206 581 3246 unam
624 3202 877 3246 nostrum
927 3192 1343 3247 sollicitudinem
1382 3201 1741 3248 converteret.
1798 3192 1893 3247 Pe-
1918 3185 1961 3243 C
1996 3195 2060 3249 ad
2092 3195 2281 3249 urbem
2317 3195 2522 3259 stabat;
2570 3193 2715 3267 (505)
2748 3200 2802 3245 et
2834 3206 2927 3244 sua
2958 3188 3298 3259 providentia
3332 3189 3565 3242 ubicun-

322 3283 557 3339 riculum
586 3283 737 3353 quasi
775 3283 969 3337 animae
990 3283 1240 3352 judicans
1266 3284 1487 3349 habere,
1527 3283 1629 3338 nisi
1657 3299 1755 3355 pro
1788 3300 1891 3338 no-

322 3374 413 3430 bis
457 3389 620 3430 omne
668 3376 859 3430 subeat
907 3375 1267 3445 periculum...
1292 3374 1383 3429 Sic
1446 3375 1537 3431 ille
1583 3376 1892 3447 singulatim

323 3466 507 3521 omnia
540 3467 807 3522 mandans
835 3479 891 3521 et
927 3467 1172 3522 scribens
1212 3482 1462 3521 sermone
1495 3468 1712 3538 quidem
1754 3485 1893 3538 pra:-

324 3558 665 3613 monstrabat
693 3574 877 3629 opera.
914 3560 1061 3630 (290)
1100 3560 1433 3631 Depingebat
1458 3569 1662 3625 autem,
1699 3577 1894 3632 quam-

324 3650 409 3704 vis
437 3651 653 3715 absens,
706 3665 795 3704 res
839 3649 1079 3715 bellicas,
1115 3651 1427 3721 disponens,
1458 3651 1749 3722 imperans,
1781 3670 1897 3709 ma-

326 3740 519 3795 chinas
552 3740 910 3810 praescribens
958 3740 1095 3795 mira
1140 3741 1341 3813 ingenii
1370 3742 1667 3799 subtilitate
1716 3755 1772 3800 et
1808 3761 1902 3817 pe-

326 3848 477 3887 rma.

380 3841 477 3887 tia.

400 3921 589 3992 Neque
617 3922 770 3993 parvi
802 3921 940 3978 facta
979 3934 1111 4014 sunt
1139 3926 1390 3980 mandata
1420 3943 1434 3980 :
1471 3926 1565 3982 sed
1605 3927 1749 3998 quod
1791 3928 1895 3984 fuit

326 4012 614 4083 scriptum,
656 4012 935 4084 impletum
961 4012 1045 4069 est
1065 4028 1250 4084 opere,
1277 4013 1422 4086 (295)
1475 4017 1729 4073 omnibus
1777 4018 1895 4073 ala-

1996 3301 2103 3357 que
2147 3286 2335 3341 aderat
2362 3286 2530 3350 solus,
2566 3292 2825 3353 tauquam
2866 3296 2974 3335 una
3006 3280 3260 3351 cogitatio
3294 3280 3566 3337 sullicieus

1997 3394 2096 3451 pro
2129 3379 2400 3433 omnibus.
2461 3378 2735 3433 Craterum
2797 3383 3013 3428 tuorum
3068 3373 3224 3444 copia
3282 3373 3564 3438 laborum,

2000 3471 2247 3541 despota,
2287 3471 2355 3525 ad
2386 3480 2597 3539 tempus
2630 3476 2714 3522 est
2736 3465 2867 3521 mihi
2897 3464 3356 3521 accommodatius
3386 3480 3566 3517 reser-

1999 3566 2196 3628 vanda,
2225 3563 2441 3632 quando
2470 3576 2603 3632 pace
2624 3566 2921 3629 apparente
2952 3557 3004 3610 in
3038 3556 3276 3611 medium
3299 3554 3570 3627 (διοιῆει

1999 3654 2238 3710 secunda
2274 3653 2547 3726 navigatio
2580 3666 2678 3721 per
2708 3664 2857 3704 mare
2883 3647 3229 3717 eloquentiae.

2067 3744 2205 3801 Cum
2254 3744 2419 3818 igitur
2478 3741 2785 3798 horrendus
2837 3738 3078 3807 undique
3118 3737 3280 3792 timor
3343 3737 3573 3791 instaret

1996 3837 2162 3892 rebus
2196 3835 2266 3891 ob
2295 3843 2595 3906 praesentes
2621 3832 2744 3887 belli
2774 3829 2991 3891 ﬂuctus,
3024 3828 3199 3883 visum
3230 3839 3315 3884 est
3342 3829 3572 3883 ducibus

1998 3928 2348 3984 inferioribus
2384 3941 2600 3982 necnon
2641 3921 2898 3994 magistro
2930 3928 3265 3974 armatorum
3317 3921 3571 3975 ordinum

2005 4019 2150 4091 (315)
2195 4017 2432 4091 (semper
2479 4018 2627 4073 enim
2664 4015 2762 4072 tibi
2817 4012 2892 4068 illi
2931 4012 2999 4067 ad
3058 4011 3241 4067 omnia
3296 4011 3574 4083 conjuncti

1118 4189 1164 4225 ω
1343 4142 1347 4149 '
1628 4148 1859 4205 vanus
1895 4146 2307 4205 LECTIONES.

393 4241 497 4296 281
530 4240 732 4296 αύτδνῖ
803 4238 909 4296 298
934 4243 1183 4296 τοσούτον
1213 4242 1274 4298 P.

1829 4306 2059 4364 ΝΟΤᾸΞ.

327 4410 518 4471 tesque
559 4401 705 4455 ἔνδον
743 4402 991 4471 γενέσθαι
1009 4402 1102 4456 τοῦ
1136 4402 1255 4456 νέου
1294 4398 1644 4471 Θεοδοσιακοῦ
1688 4399 1900 4471 τείχους

323 4471 421 4543 τοῦ
436 4470 454 4543 ί
474 4471 675 4543 ταύτης
721 4473 822 4540 τῆς
873 4472 1140 4543 βασιλίδος
1184 4472 1416 4543 πόλεως.
1461 4470 1591 4543 Vide

325 4540 475 4609 εροίὶ
504 4539 696 4596 Christ.
749 4539 842 4598 lib.
872 4539 910 4607 ἰ,
949 4558 1004 4612 p.
1038 4543 1125 4597 40.
1174 4541 1280 4597 Sed
1315 4541 1497 4612 forsan
1531 4542 1644 4612 haec
1677 4539 1899 4612 intelligi

324 4620 557 4680 possunt
601 4613 669 4666 de
720 4628 876 4667 muro
919 4610 986 4669 ab
1032 4612 1278 4681 lleraclio
1327 4611 1392 4664 ad
1442 4610 1769 4681 Blachernas
1816 4610 1901 4664 in-

326 4679 555 4746 Structo,
588 4692 648 4735 ut
679 4693 867 4739 contra
898 4679 1160 4739 Barbaros
1186 4692 1330 4738 esset
1360 4681 1541 4749 templi
1578 4679 1857 4749 munimen
1887 4697 1901 4734 :

326 4765 455 4823 nam
485 4752 1057 4823 in_eodem_Chronico
1083 4752 1322 4823 paschali
1361 4769 1373 4804 :
1409 4748 1499 4820 Tqi
1525 4750 1718 4823 cetera
1748 4748 1905 4823 βασι-

325 4818 480 4903 λείας
523 4819 841 4903 Ἡρακλείου
896 4818 1120 4903 ἐκτίσθη
1186 4821 1247 4875 τὸ
1304 4818 1483 4901 τεῖχος
1545 4818 1759 4903 ἔξωθεν
1794 4821 1904 4902 τῶν

328 4889 674 4971 Βλαχερνῶν..
724 4891 953 4971 Πηλέικειν
1000 4889 1152 4961 τείχη
1195 4906 1314 4971 esse
1365 4889 1680 4971 opinorjta
1714 4891 1903 4945 muenia

329 4960 536 5031 munire
578 4970 637 5015 ut
663 4962 937 5016 hostilium
984 4960 1374 5017 tormentorum
1404 4960 1905 5031 machinarumque

327 5027 471 5100 ictus
502 5032 714 5085 retuudi
762 5033 991 5100 possint.
1622 5080 1627 5084 .

400 5099 528 5172 $78.
560 5099 837 5156 Heraclius
859 5101 1106 5172 quamvis
1121 5108 1422 5172 amatreet
1440 5101 1660 5172 civibus
1675 5100 1905 5156 multum

329 5170 560 5227 sollicite
596 5169 907 5240 revocatus,
960 5179 1019 5225 ut
1052 5170 1201 5225 urbis
1248 5169 1490 5240 periculo
1539 5181 1904 5238 succurreret,

329 5240 506 5296 noluit
534 5258 565 5295 e
595 5239 815 5296 Perside
852 5240 1143 5310 proﬁcisci,
1175 5239 1541 5294 ne’Chrosroa
1572 5240 1716 5294 vires
1747 5256 1905 5296 resu-

329 5320 520 5367 meret.
543 5309 688 5365 Idem
714 5309 994 5366 conﬁrmat
1029 5309 1205 5365 Pisida
1236 5310 1539 5364 lleracliad.
1574 5327 1614 5376 1,
1648 5310 1768 5365 165.

398 5380 525 5435 280.
562 5379 638 5433 Ex
674 5380 948 5435 Chronico
996 5379 1240 5451 paschali
1274 5380 1578 5451 colligimus
1632 5380 1699 5434 ad
1754 5379 1905 5451 urbis

326 5450 704 5520 defensionem
753 5460 963 5519 reperta
997 5449 1202 5515 luisse,
1254 5466 1377 5504 cum
1408 5449 1715 5520 'Chaganus
1743 5449 1809 5504 de
1840 5465 1907 5506 ea

328 5519 589 5591 vastanda
620 5519 901 5591 cogitaret,
934 5524 1176 5591 equitum
1216 5520 1504 5575 duodecim
1542 5519 1728 5591 millia.

396 5588 904 5662 28l._Ka1:"a€irtbv
946 5600 1077 5660 puto
1109 5590 1312 5662 dictum
1343 5606 1441 5662 pro
1481 5589 1602 5662 κατ’
1628 5589 1816 5662 αὑτοῦ,
1846 5599 1906 5647 ιιι

521 5659 668 5731 ὑμᾶς
711 5675 810 5732 pro
843 5659 925 5726 σὲ,
949 5659 1089 5716 ειιιιι
1128 5659 1309 5717 Pisida
1345 5659 1587 5732 loquitur
1628 5661 1695 5717 de
1735 5659 1905 5716 Hera-

383 5747 398 5783 I
441 5771 455 5783 .

330 5744 455 5785 eno.

398 5799 527 5855 295.
580 5798 897 5855 Consonant
945 5800 1061 5856 hate
1110 5816 1234 5856 cum
1289 5801 1356 5857 iis
1403 5817 1522 5872 quae
1554 5800 1806 5874 leguntur
1848 5802 1904 5856 in

2006 4397 2320 4454 narratione
2347 4396 2416 4454 de
2448 4398 2593 4454 bello
2622 4398 2853 4454 Abarico
2889 4400 3032 4456 edita
3062 4416 3091 4456 a
3120 4400 3469 4455 Combeﬁsio.

1638 4468 1901 4541 plurajiin
1937 4474 1979 4530 D
2044 4471 2195 4541 298.
2226 4468 2409 4523 Codex
2454 4470 2621 4524 habet
2669 4469 2960 4535 τοσούτων,
3008 4472 3104 4526 sed
3138 4486 3302 4541 super
3332 4488 3378 4523 ω
3410 4485 3579 4539 appo-

2008 4540 2171 4595 situm
2198 4548 2280 4593 est
2305 4555 2352 4592 ο.

2078 4611 2201 4680 501.
2234 4607 2480 4663 Mandata
2516 4618 2622 4663 tam
2658 4609 2900 4665 studiose
2932 4609 3307 4680 pcrliciebant,
3330 4618 3392 4665 ut
3419 4626 3581 4666 exse-

2006 4681 2170 4750 cutio
2188 4679 2463 4750 imperatis
2489 4681 2556 4734 ad
2585 4681 2845 4735 amussim
2878 4679 3251 4750 responderet.

2076 4748 2292 4820 5081_ld
2320 4749 2572 4820 prtestitil
2594 4750 2648 4804 in
2677 4748 3069 4820 poematiis‘De
3090 4751 3271 4820 expeti.
3319 4749 3581 4813 Hei-aelii,

2006 4828 2062 4876 et
2092 4820 2146 4874 in
2178 4816 2518 4873 Hera’cliade.
2678 4816 2693 4820 ⁷
3154 4816 3163 4820 ’
3632 4848 3638 4869 ι

2075 4891 2201 4945 515.
2243 4890 2544 4959 Ἀρχοντας
2577 4891 2878 4960 ὑπηκόους,
2913 4890 3102 4960 Sergio
3135 4889 3407 4957 subjectos
3436 4890 3584 4958 ejus-

2005 4976 2113 5030 que
2145 4970 2401 5031 parentes
2432 4961 2598 5027 dicto,
2642 4962 2879 5031 appellat
2932 4962 3197 5015 militares
3231 4962 3418 5026 duces,
3454 4976 3584 5029 pro-

2006 5029 2193 5100 pterea
2244 5029 2389 5099 quod
2436 5031 2611 5101 ipsum
2658 5029 2902 5101 Sergium
2956 5031 3156 5099 primas
3196 5031 3339 5084 inter
3376 5046 3588 5101 omnes

2007 5102 2268 5165 tenuisse,
2294 5100 2548 5170 tanquam
2573 5100 2913 5157 verum'belli
2936 5101 3317 5171 imperatorem
3358 5100 3585 5155 demon-

2007 5179 2163 5225 stret.
3574 5198 3577 5201 -

2076 5242 2524 5311 514.Μάγιστρος
2546 5240 2686 5295 idem
2704 5257 2767 5295 ac
2782 5238 3005 5311 ἡγεμὼν
3020 5239 3129 5293 τῶν
3144 5240 3365 5305 τάξεων.
3386 5238 3467 5311 Pe.
3487 5240 3587 5311 hac

2006 5327 2142 5394 γροο
2183 5323 2253 5394 Aet
2284 5308 2566 5394 dignitate
2618 5313 2739 5394 vide
2788 5308 3088 5394 (iubesne,
3116 5311 3318 5394 “Gloss.
3362 5308 3583 5394 ,ενα-ἔτ.

2005 5379 2263 5451 Magister
2291 5378 2523 5437 militum
2554 5381 2607 5435 in
2645 5382 2781 5436 urbe
2811 5392 2940 5437 tunc
2966 5389 3083 5435 erat
3116 5379 3445 5451 Bonussive
3482 5378 3590 5451 lio-

2006 5448 2212 5522 nosus,
2240 5452 2323 5507 vir
2357 5451 2614 5522 patricius
2640 5461 2695 5505 et
2721 5452 2965 5506 illustris.
2997 5451 3265 5522 Nimirum
3307 5448 3587 5522 llera_clius

2007 5519 2063 5575 in
2090 5516 2373 5577 Persidem
2409 5521 2586 5577 iturus
2617 5522 2805 5577 urbem
2861 5522 3064 5589 regiam
3104 5520 3292 5590 Sergio
3335 5526 3392 5590 et
3436 5516 3589 5572 Bono

2006 5593 2518 5653 commendaverat;
2556 5592 2711 5647 testis
2741 5588 3136 5661 Theophanes,
3160 5588 3226 5658 p.‘
3247 5588 3356 5643 εδδ

2077 5662 2202 5717 515.
2248 5663 2330 5717 En
2361 5671 2421 5715 ut
2449 5662 2647 5717 clarius
2675 5677 2867 5717 omnes
2897 5657 2929 5716 ᾖ
2970 5659 3142 5730 Sergii
3168 5657 3306 5713 nutu
3346 5657 3590 5730 penden-

2010 5732 2306 5801 tesl‘aciat.
2339 5731 2527 5802 Neque
2553 5733 2700 5787 enim
2742 5733 2933 5787 dubito
2961 5727 3229 5802 Pisidam,
3259 5744 3385 5785 cuni
3440 5727 3589 5787 dicat

2010 5803 2137 5871 ὑμῖν
2183 5811 2238 5857 ct
2266 5802 2522 5872 deinceps
2554 5804 2656 5867 σοὶ,
2686 5804 2828 5873 loqui
2857 5803 2921 5857 de
2952 5801 3157 5872 Sergio.
