4126 6282
554 334 689 399 1283

694 535 828 591 Καθ’
850 532 1063 604 ἡμέραν
1086 531 1369 602 τρέχοντες
1392 529 1468 591 ὠς
1485 526 1775 598 ὁδοιπόροι,

697 627 808 683 Καὶ
837 624 1215 697 συμπαρόντες
1242 625 1308 693 τῇ
1344 619 1669 690 πολυπλόκῳ
1700 618 1848 689 μάχῃ

696 719 921 783 Ὄπλοις
948 715 1250 787 λογισμῶν,
1284 715 1575 776 τακτικαῖς
1599 707 1954 783 ἀγρυπνίαις,

549 818 654 874 320
693 815 950 883 Καίτοιγε
981 811 1151 867 ταῦτα
1186 811 1260 881 μὴ
1291 808 1579 870 πονοῦντες
1607 806 1668 871 ἐξ
1693 805 1844 869 ἔτους
1860 848 1874 872 ν

692 909 869 979 Ὅπερ
901 906 1135 977 μάλιστα
1163 904 1287 966 τοὺς
1319 902 1517 964 πόνους
1546 902 1690 953 ποιεῖ
1714 899 1913 962 πόνους

678 1000 831 1072 ,Παρ’
860 996 943 1064 οἷς
965 998 1026 1052 τὸ
1059 996 1280 1068 μοχθεῖν
1316 997 1395 1059 είς
1434 993 1614 1065 μάχην
1645 992 1706 1045 ού
1738 989 1971 1060 γίνεται)
1994 1018 2063 1029 --

692 1092 882 1161 Ὅμως
914 1088 1092 1155 ἔδοξεν
1119 1086 1258 1140 ὥστε
1289 1086 1425 1158 πρὸς
1453 1085 1578 1147 τοὺς
1601 1083 1920 1153 Βαρϐἁρους

696 1183 932 1253 ξἈνδρας
958 1181 1219 1251 σταλῆναι
1243 1179 1448 1241 παντὸς
1477 1178 1640 1248 ἔργου
1673 1176 1769 1228 καὶ
1797 1175 1959 1243 λόγου

552 1277 658 1332 325
696 1275 904 1344 Πολλὴν
931 1272 1339 1335 ἀποστάζοντας
1374 1268 1763 1341 εὐαρμοστίαν,

696 1365 1217 1439 Προσαγγελοῦντας
1249 1364 1389 1416 ὥστε
1415 1362 1576 1416 λῦσαι
1607 1359 1706 1431 τὴν
1744 1359 1925 1430 μάχην

696 1459 879 1530 Πέρας
904 1473 964 1509 τε
994 1455 1191 1509 κοινῶν
1220 1452 1542 1522 συντεθῆναι
1571 1449 1887 1520 φροντίδων.

766 1546 985 1600 Τούτων
1014 1546 1143 1616 παρ’
1171 1546 1304 1615 ἡμῖν
1331 1541 1610 1604 τακτικὼς
1637 1540 1992 1610 κινουμένων,

695 1640 769 1692 Τὸ
800 1637 1069 1717 Περσικὸν
1096 1636 1362 1708 φρύαγμα
1395 1635 1494 1687 σὺν
1517 1634 1652 1705 δόλῳ
1682 1632 1843 1687 πάλιν

555 1731 662 1789 550
698 1730 984 1785 Στέλλουσι
1013 1728 1256 1792 κλεπτὰς
1287 1728 1388 1799 τῆς
1422 1726 1699 1796 θαλάσσης
1725 1723 2014 1794 ἀγγέλους,

699 1824 1037 1887 Σπεύδοντας
1062 1823 1251 1893 ὥσπερ
1273 1821 1611 1892 ἠκονημένον
1638 1818 1792 1887 ξίφος

697 1918 899 1986 Θήγειν
931 1916 1052 1969 καθ’
1075 1915 1233 1986 ἡμῶν
1260 1915 1323 1968 τὸ
1352 1913 1505 1984 ξίφος
1535 1911 1597 1965 τὸ
1624 1909 1923 1982 βάρϐαρον.

714 2010 868 2064 Ἐπεὶ
904 2010 962 2063 δὲ
995 2007 1397 2078 συνδραμόντες
1426 2006 1486 2071 ἐξ
1511 2003 1737 2075 άδηλίας

714 2102 956 2157 Ἐκεῖθεν
984 2101 1137 2157 ἐνθεν
1161 2104 1209 2155 oi
1251 2100 1537 2164 σταλέντες
1565 2098 1788 2169 ἄγγελοι

556 2197 665 2252 335
701 2197 793 2260 Εἰς
821 2197 879 2250 ἓν
914 2197 1080 2268 μέρος
1108 2194 1367 2268 συνῆλθον
1395 2196 1460 2247 ἐκ
1483 2192 1664 2247 τόπων
1690 2191 1804 2257 δύο,

1863 324 2181 385 GEORGII
2247 326 2517 389 PlSIDE

692 442 773 497 Τά
799 439 957 497 κοινά
988 439 1087 493 σὺν
1114 438 1199 492 σοὶ
1224 435 1333 490 τῶν
1357 434 1536 489 πόνων
1564 433 1893 497 ἐϐάστασαν,
2158 441 2209 499 Α

3682 334 3825 397 1281

2378 434 2625 505 Συνῆψεν
2658 435 2827 506 ἄμφω
2846 450 2861 468 ο
2892 435 3054 490 τοῦτο
3081 436 3138 491 δὲ
3162 436 3320 506 δόξης
3347 440 3530 511 χάριν,

2370 527 2444 580 Τὸ
2467 527 2512 581 δ’
2534 524 2602 582 αὖ
2626 545 2690 597 γε
2717 528 2971 583 πλεῖστον
3002 529 3256 600 ἐκφοϐεῖν
3284 534 3431 602 ἡμᾶς
3462 532 3658 586 θέλων.

2231 618 2338 675 540
2386 620 2445 674 '0
2477 621 2740 692 Περσικὸς
2765 621 2875 695 γὰρ
2904 622 3207 694 ἐξανῆπτεν
3231 626 3451 695 οἰκέτης

2375 714 2479 767 Τὸν
2517 714 2710 786 θυμὸν,
2741 715 2818 779 ὡς
2846 715 2958 788 πῦρ
2989 717 3053 770 ὲκ
3087 716 3281 789 πυρὸς,
3306 718 3403 771 τοῦ
3423 719 3720 791 Βαρόάρου

2374 807 2488 861 Καὶ
2516 808 2723 878 χιλίους
2751 808 2848 878 μὲν
2880 809 3205 880 συμμάχους
3234 810 3537 881 ὑπέσχετο,

2384 900 2563 971 Ἦμᾶς
2590 899 2649 953 δὲ
2673 901 2866 964 δεινοῖς
2890 902 3214 970 ὲξεφαύλισε
3240 902 3420 971 λόγοις
3439 943 3455 967 ,

2374 994 2712 1064 Συνέστρεφέ
2738 1010 2796 1046 τε
2830 994 3110 1048 συλλαϐὼν
3142 997 3222 1066 τῷ
3257 994 3525 1068 Βαρδάρῳ

2233 1085 2339 1141 515
2379 1086 2605 1158 Γνώμας
2634 1086 2890 1150 ἐνόπλους
2920 1089 3018 1141 καὶ
3043 1089 3414 1161 τεθηγμένους
3444 1091 3658 1159 λόγους.

2375 1178 2599 1242 Τούτοις
2624 1179 2886 1251 ὑπαχθεὶς
2920 1185 3038 1244 τοῖς
3075 1181 3255 1251 λόγοις
3289 1183 3553 1253 ἐτέρπετο

2387 1269 2446 1323 ’0
2474 1270 2583 1323 τῶν
2612 1271 2833 1325 Σκυθῶν
2865 1271 3146 1345 τύραννος,
3180 1276 3214 1343 ἡ
3254 1260 3446 1346 πρώτη

2446 1363 2640 1433 Ὅμως
2675 1366 2705 1419 δ
2742 1365 2957 1419 πάντων
2990 1366 3237 1438 ἀσφαλὴς
3267 1366 3608 1437 ζυγοστάτης

2378 1454 2491 1510 Καὶ
2525 1456 2715 1511 τοῦτον
2742 1458 2905 1512 αὐτὸν
2933 1460 3025 1513 τὸν
3054 1460 3258 1513 σκοπὸν
3292 1461 3425 1533 παρ’
3452 1460 3682 1524 ἐλπίδας

2235 1547 2342 1601 550
2383 1547 2478 1613 Εἰς
2505 1547 2604 1619 τὴν
2634 1552 2756 1603 κατ’
2780 1549 2947 1605 αὐτοῦ
2981 1551 3270 1623 συμφορὰν
3307 1552 3681 1623 ἀντιστρέφει.

2378 1641 2507 1694 Δέον
2532 1640 2643 1712 γὰρ
2667 1640 2828 1695 αὐτὸν
2859 1641 3202 1711 συγκαλύψαι
3233 1642 3325 1697 τὸν
3349 1642 3500 1696 δόλον

2378 1730 2513 1801 Σιγῇ
2541 1747 2600 1783 τε
2635 1730 2841 1803 κρύψαι
2870 1733 2995 1795 τοὺς
3031 1730 3294 1795 λαθόντας
3317 1730 3583 1800 ἀγγέλους

2382 1823 2534 1875 Ποιεῖ
2561 1821 2623 1875 τὸ
2656 1823 2897 1894 κρυπτὸν
2938 1824 3201 1895 ἐμφανὲς,
3240 1824 3334 1877 καὶ
3366 1825 3578 1894 γίνεται

2385 1914 2695 1986 Σύμόουλος
2718 1917 2911 1989 ἐχθρὸς
2941 1918 3034 1972 καὶ
3061 1918 3369 1990 κατήγορος
3398 1917 3571 1987 φίλος.

2243 2009 2348 2064 555
2398 2008 2551 2061 Ἐπεὶ
2575 2009 2683 2082 γάρ
2708 2005 2873 2080 ἦλθον
2902 2010 2952 2063 οἱ
2979 2009 3159 2073 καλῶς
3193 2010 3535 2081 ἐσταλμένοι,

2399 2100 2707 2170 ’Δμήχανον
2737 2103 2835 2171 μὲν
2875 2102 2965 2155 τὸν
3002 2103 3139 2174 πρὸς
3163 2104 3387 2175 εἰρήνην
3416 2101 3576 2170 λόγον

2390 2193 2665 2259 Φήσαντες
2701 2190 2840 2247 εἶναι
2867 2195 2959 2249 τὸν
2995 2196 3196 2249 σκοπὸν
3226 2194 3321 2248 τοῦ
3349 2194 3666 2268 Βαρδάρου.

2392 2285 2496 2338 Τδν
2531 2287 2800 2359 Περσικὸν
2829 2286 2885 2341 δὲ
2916 2288 2990 2360 μὴ
3020 2287 3307 2360 διαδρᾶσαι
3342 2286 3511 2349 δόλον.

2389 2379 2721 2434 Φυλάττεται
2764 2382 2863 2453 μὲν
2892 2382 2991 2453 τῆς
3028 2381 3303 2455 θαλάσσης
3338 2385 3371 2455 ή
3403 2383 3543 2454 θύρα

711 2289 772 2343 '0
802 2290 1088 2364 Βάρϐαρος
1118 2290 1237 2361 μὲν,
1270 2289 1345 2353 ὡς
1376 2288 1513 2359 ὁμοῦ
1546 2287 1865 2358 δεδεγμένος

704 2382 971 2454 Πρέσϐεις
998 2383 1287 2444 τοσούτους
1321 2382 1416 2435 καὶ
1444 2380 1578 2452 πρὸς
1603 2380 1766 2449 ὄγκον
1792 2380 2052 2453 ἠρμένος,

566 2574 888 2615 communes
917 2567 1096 2614 tecum
1130 2557 1342 2612 labores
1373 2556 1639 2621 ferebant,
1686 2556 1927 2626 quotidie
1984 2557 2145 2612 simul
2246 2574 2342 2613 rus
2367 2557 2608 2629 quidem,
2626 2576 2691 2616 eo
2723 2561 2868 2632 quod
2900 2562 3064 2618 simul
3088 2563 3399 2634 excepisset
3434 2566 3571 2621 tales
3597 2566 3828 2637 legatos,

562 2664 855 2709 currentes
886 2661 1143 2721 tanquam
1177 2649 1427 2713 comites,
1456 2665 1671 2719 unaque
1697 2658 1938 2705 astantes
1957 2650 2146 2705 multi-
2248 2647 2302 2702 iu
2329 2650 2639 2720 superbiam
2662 2652 2838 2707 elatus
2860 2654 3146 2723 conjunxit
3164 2664 3423 2726 utrosque
3440 2659 3832 2714 ostentationis

566 2745 692 2816 plici
726 2744 869 2799 bello
891 2744 1058 2798 armis
1097 2742 1448 2797 consiliorum
1489 2751 1544 2796 et
1584 2740 1910 2797 militaribus
1928 2742 2145 2813 vigiliis;
2249 2753 2434 2807 causa,
2463 2749 2577 2796 tum
2631 2742 2757 2811 quia
2813 2758 2914 2798 nos
2963 2744 3131 2815 magis
3161 2755 3438 2801 exterrere
3463 2748 3651 2802 vellet.
3678 2751 3829 2819 (540)

568 2836 716 2907 (320)
763 2852 867 2892 nec
927 2844 1111 2891 tamen
1170 2834 1327 2890 fracti
1382 2833 1586 2889 laboris
1650 2834 1970 2890 assiduitate
2027 2852 2148 2906 qua:
2250 2830 2504 2887 Persicus
2526 2832 2672 2888 enim
2704 2833 2949 2888 incendit
2977 2850 3173 2890 servus
3214 2836 3480 2900 animum,
3510 2840 3661 2895 velut
3686 2841 3830 2912 ignis

566 2930 799 2983 maxime
836 2927 965 2983 facit
1003 2937 1061 2983 ut
1107 2927 1319 2982 labores
1366 2927 1477 2981 sint
1534 2926 1602 2981 iis
1646 2927 1889 2992 labores,
1947 2928 2144 2998 quibus
2251 2922 2454 2993 ignem,
2482 2922 2727 2988 Barbari,
2755 2923 3021 2993 siquidem
3054 2925 3200 2980 mille
3229 2926 3578 2982 auxiliatores
3608 2930 3825 2985 obtulit.

565 3021 929 3083 obdurescere
976 3021 1033 3076 in
1065 3021 1206 3076 bello
1246 3035 1356 3075 non
1402 3018 1644 3096 obtigit),
1673 3034 1827 3089 aeque
1862 3019 2039 3075 visum
2062 3029 2146 3077 est
2252 3012 2361 3068 Nos
2415 3030 2540 3070 vero
2587 3016 2875 3071 horrendis
2921 3018 3252 3089 contempsit
3305 3019 3486 3083 dictis,
3532 3020 3699 3091 inque
3727 3038 3828 3075 nos

566 3114 820 3169 omnibus
882 3124 943 3169 ut
1007 3115 1075 3170 ad
1136 3113 1402 3169 Barbaros
1450 3114 1552 3168 viri
1600 3113 1951 3170 mitteremur
2004 3123 2218 3186 [πω-ρ
2253 3107 2519 3163 contorsit
2549 3108 2768 3181 syllabis
2796 3110 3093 3166 barbaricis
3118 3111 3264 3181 (545)
3298 3126 3460 3167 voces
3480 3124 3722 3168 armatas
3773 3122 3829 3168 et

568 3214 775 3261 stantes
808 3222 993 3278 opere,
1047 3215 1102 3273 et
1145 3222 1421 3271 sermone,
1465 3205 1613 3276 (325)
1670 3207 1763 3277 qui
1797 3206 2023 3261 multam
2063 3206 2143 3262 εἰ·
2248 3200 2543 3271 pungentia
2569 3201 2835 3256 convicia.
2866 3202 3025 3257 llisce
3070 3203 3282 3258 illectus
3334 3204 3681 3259 sermonibus
3729 3205 3826 3260 de-

569 3298 861 3355 l'undentes
920 3315 1015 3355 ore
1076 3301 1398 3354 suavitatem
1462 3298 1714 3352 nuntium
1759 3297 2024 3353 all'errent
2074 3297 2143 3353 de
2249 3292 2547 3347 leclabatur
2574 3292 2895 3364 Scytharum
2924 3302 3204 3363 tyrannus,
3237 3292 3410 3362 prima
3444 3293 3614 3348 labes.

567 3391 717 3446 bello
756 3391 1109 3448 dissolvendo
1137 3399 1193 3447 et
1223 3391 1331 3446 line
1376 3390 1708 3462 imponendo
1761 3389 2143 3446 communibus
2319 3385 2387 3438 At
2412 3400 2561 3449 vero,
2602 3386 2694 3455 qui
2725 3401 2811 3439 res
2834 3400 3025 3439 omnes
3050 3394 3197 3439 recta
3222 3384 3374 3440 lance
3403 3386 3693 3454 ponderat.
3726 3386 3828 3442 hoc

568 3484 736 3540 curis.
930 3474 931 3477 “
2248 3476 2429 3546 ipsum
2465 3477 2751 3532 consilium
2776 3486 2973 3547 praeter
3001 3493 3153 3547 Spem
3182 3478 3329 3546 (550)
3365 3478 3417 3532 in
3446 3477 3591 3532 illius
3616 3479 3828 3551 calami—

642 3576 738 3632 llis
773 3577 876 3633 rite
908 3576 1047 3647 apud
1080 3592 1181 3631 nos
1210 3577 1525 3632 deliberatis
1553 3575 1734 3632 Persa:
1755 3577 1967 3632 feroces
1996 3575 2147 3631 frau-
2250 3577 2415 3623 talem
2445 3567 2736 3623 convertit.
2769 3567 3066 3638 Oportebat
3095 3568 3245 3629 enim
3290 3578 3350 3623 ut
3376 3568 3466 3623 ille
3495 3569 3702 3625 celaret
3729 3570 3827 3625 do-

571 3667 824 3722 dulenter
866 3677 1053 3721 contra
1103 3664 1250 3737 (550)
1297 3665 1522 3720 mittunt
1576 3665 1807 3720 furtivos
1852 3682 1950 3736 per
1995 3682 2146 3722 mare
2249 3661 2351 3727 lus,
2390 3670 2685 3731 tacensque
2738 3662 3097 3717 absconderet
3155 3662 3294 3716 clam
3342 3662 3539 3717 missos
3582 3662 3824 3716 nuntios.

574 3756 797 3811 nuntios
846 3756 900 3810 in
941 3756 993 3811 id
1042 3756 1281 3811 intentos
1340 3764 1399 3810 ut
1426 3765 1647 3811 acutum
1695 3755 1899 3811 ferrum
1957 3757 2011 3811 in
2045 3773 2146 3814 nos
2243 3751 2349 3808 Sed
2378 3753 2650 3809 occultum
2682 3751 2811 3808 facit
2828 3754 3209 3818 manifestum;
3238 3754 3381 3809 unde
3406 3753 3465 3807 ﬁt
3485 3753 3831 3808 consiliarius

573 3854 852 3912 acuerent,
896 3847 1101 3902 ferrum
1154 3847 1521 3903 barbaricum.
1560 3846 1679 3902 1am
1735 3864 1867 3904 vero
1912 3866 2147 3906 concur-
2244 3846 2417 3902 hostis
2459 3856 2515 3902 et
2563 3854 2847 3902 accusator
2892 3848 3119 3902 amicus.
3164 3847 3311 3919 (555)
3350 3845 3641 3916 Postquam
3683 3846 3827 3900 enim

574 3948 761 3993 rentes
789 3954 856 3993 ex
888 3940 1103 3995 occulto
1135 3939 1263 3994 hinc
1285 3949 1340 3995 et
1364 3940 1488 3996 inde
1518 3943 1671 3996 missi
1698 3940 1878 3995 nuntii
1917 3942 2062 4013 (335)
2089 3942 2147 3998 in
2244 3935 2456 4009 rediere
2490 3935 2631 3991 bene
2678 3935 2829 3991 missi
2860 3938 3058 4000 nuntii.
3097 3945 3156 3991 ut
3197 3937 3345 3991 nullo
3384 3946 3544 4006 pacto
3575 3946 3830 4007 ageretur

574 4044 738 4084 unam
762 4037 973 4101 partem
1002 4040 1387 4088 convenerunt
1414 4047 1480 4088 ex
1510 4030 1646 4089 locis
1673 4032 1909 4089 duobus.
1942 4032 2148 4088 Barba-
2243 4030 2312 4083 de
2342 4044 2499 4099 pace,
2529 4029 2788 4085 dixerunt
2815 4045 2937 4086 esse
2977 4039 3215 4086 mentem
3253 4028 3499 4097 Barbari,
3536 4043 3604 4083 ac
3634 4028 3828 4084 Persa-

1866 4208 2099 4266 VARIAS
2130 4208 2542 4267 LECTIONES.

641 4365 748 4421 5M
772 4363 1105 4436 συνέστρεψε
1129 4363 1357 4420 codices
1381 4374 1436 4421 et
1464 4363 1556 4420 ed.
1629 4365 1736 4421 556
1769 4380 1838 4420 an
1867 4366 1977 4419 τῶν
2008 4398 2077 4409 -
2104 4365 2312 4435 λόγωνῖ

2088 4525 2319 4583 ΝΟΤᾸῦ.

640 4660 780 4732 521.)
819 4659 1044 4732 Videtur
1086 4658 1328 4732 imitatus
1361 4660 1502 4732 illud
1549 4661 1837 4732 Sophoclis
1883 4661 1937 4715 in
1986 4660 2148 4730 Ajace
2180 4661 2225 4717 D
2323 4661 2449 4718 515.
2512 4662 2745 4732 οἰκέτην
2769 4671 2928 4717 vocat
2982 4660 3269 4717 Persarum
3298 4661 3568 4731 legatum,
3604 4666 3671 4721 ad
3725 4669 3832 4722 ori-

570 4729 798 4814 Περέα.
822 4747 886 4814 χ.
927 4730 1030 4786 878
1059 4748 1072 4783 :
1110 4730 1275 4814 Πόνος
1303 4729 1642 4814 πόνιμπόνον
1664 4734 1841 4802 φέρει.
1948 4801 1962 4814 _
2254 4732 2436 4814 ginem
2464 4733 2612 4814 regni
2645 4729 2866 4814 Persici
2896 4729 3513 4814 aniinttmhintettdens,
3568 4746 3629 4814 ut
3672 4755 3832 4807 quam

639 4749 798 4856 αὲἓιι.
834 4749 886 4785 v.
927 4749 1030 4786 διδ
1059 4749 1072 4783 :
1110 4749 1275 4811 ιιονος
1303 4749 1451 4801 πονῳ
1476 4749 1635 4785 πονον
1664 4749 1841 4802 φερει.
2254 4749 2436 4814 ginem
2464 4749 2612 4803 regni
2646 4749 2846 4787 rersncn
2896 4749 3135 4786 anunum
3186 4749 3513 4798 intendens,
3568 4749 3629 4789 ut
3672 4755 3832 4807 quam

639 4803 672 4855 5
749 4845 763 4859 .
820 4800 1002 4875 Bonus
1052 4809 1307 4871 magister
1357 4802 1592 4875 militum
1644 4801 1966 4875 non__seu_iel
2021 4800 2150 4854 hor-
2254 4804 2344 4857 ille
2377 4813 2532 4875 esset
2550 4803 2939 4873 despiciendus
2967 4818 3091 4857 cum
3137 4802 3439 4873 Cpolitanis
3468 4805 3661 4875 legatis
3689 4827 3836 4863 com-

570 4880 716 4926 tatus
760 4882 844 4945 est
907 4871 1218 4945 Cltagauum
1275 4880 1356 4945 ut,
1392 4872 1551 4945 donis
1609 4882 1665 4927 et
1717 4872 1936 4945 tributis
1991 4886 2148 4925 acce-
2256 4882 2477 4945 paratus
2503 4871 2861 4945 demonstret.

568 4944 696 5011 ptis,
732 4944 801 4996 ab
850 4944 982 4996 urbe
1029 4940 1330 5006 obsidenda
1375 4942 1681 4998 desisteret.
1728 4941 2022 4997 Chronicon
2042 4959 2145 5012 pa-
2257 4940 2272 4945 ⁷
2504 4943 2793 5023 Θαλάσσης
2853 4944 2886 5012 ἠ
2915 4941 3055 5013 θύρα
3101 4940 3325 5011 Bospori
3375 4944 3614 5066 £01166.”
3650 4945 3833 5017 Cpoli-

568 5012 742 5066 achate
774 5012 899 5066 (col.
935 5012 1112 5066 lOIOl.
2242 5024 2354 5066 tam
2407 5029 2585 5066 smum
2615 5014 2927 5066 Ceratinum
2962 5022 3075 5065 tum
3126 5023 3337 5066 portum
3420 5026 3615 5066 \zantu
3644 5031 3830 5066 catena

566 5012 742 5084 uitale
774 5012 899 5084 (c_ol.
935 5012 1112 5081 1010).
1173 5081 1185 5084 _
1316 5081 1327 5084 _
1479 5083 1484 5084 γ
1768 5082 1776 5084 _
1866 5083 1873 5084 ί
2010 5082 2020 5084 ᾉ
2242 5013 2354 5069 tani
2384 5013 2585 5084 sinum
2615 5012 2927 5084 Ceratinum
2962 5022 3075 5065 tum
3126 5023 3337 5082 portum
3375 5012 3615 5084 Byzantii
3644 5012 3831 5073 catena

635 5081 903 5156 ξαρρψ
933 5084 1134 5156 fuerint
1172 5081 1365 5153 legati,
1399 5083 1587 5154 quisve
1622 5082 1909 5155 legationis
1939 5082 2136 5148 exitus,
2242 5086 2413 5140 ferrea
2446 5083 2735 5156 occludere
2777 5083 3057 5156 solebant,
3084 5081 3207 5156 cum
3246 5081 3545 5156 necessitas
3590 5090 3831 5156 postula—

566 5150 690 5208 vide
729 5152 919 5210 Chron.
954 5154 1085 5208 ibid.
1201 5150 1248 5222 ί
1418 5150 1435 5154 ⁷
1678 5150 1701 5155 ⁷
2242 5163 2326 5209 ret
2354 5163 2413 5207 ut
2462 5154 2649 5208 hostes
2680 5153 2806 5207 illuc
2847 5153 3054 5220 ingredi
3080 5155 3525 5222 prohiberentur.
3560 5150 3620 5209 u't
3648 5161 3828 5213 videre

2241 5235 2325 5280 est
2390 5223 2445 5278 in
2486 5224 2633 5294 Cpoli
2664 5223 2880 5297 ῥιπίδι.
3064 5241 3104 5285 ι,
3143 5239 3191 5297 c_.
3325 5238 3376 5279 et
3425 5225 3829 5297 7._Diligenter

2244 5297 2296 5350 id
2344 5303 2592 5348 curatum
2658 5294 2826 5347 fuisse
2882 5293 3096 5363 videtur
3170 5294 3447 5349 insinuare
3496 5293 3717 5363 Pisidia,
3774 5310 3828 5352 ut

2242 5365 2550 5434 Persarum
2594 5363 2756 5434 legati
2828 5363 2895 5417 ad
2952 5361 3269 5434 Chaganum
3323 5364 3473 5419 missi
3537 5366 3593 5420 in
3656 5361 3826 5424 reditu

2242 5433 2785 5516 deprehenderentur
2801 5448 2832 5516 _;‘
2862 5434 3005 5516 quod
3052 5433 3242 5516 obtigit
3289 5434 3540 5516 feliciter.
3596 5435 3826 5516 Proinde

2242 5504 2438 5576 Opinor
2484 5504 2840 5576 l’isida_dicit
2887 5504 2986 5567 τὰς
3028 5504 3266 5576 εἰσόδους
3324 5505 3615 5559 κλείσασι.
3666 5507 3823 5563 Nobis

2246 5574 2394 5631 certe
2421 5590 2530 5629 non
2579 5574 2860 5645 probatur,
2907 5575 3051 5645 quod
3082 5575 3262 5645 eaidc
3313 5590 3372 5628 re
3425 5577 3589 5629 tradit
3640 5588 3823 5633 auctor

2250 5645 2494 5701 Chronici
2523 5644 2818 5716 paschalis,
2871 5644 2961 5714 qui
2997 5659 3124 5699 casu
3152 5644 3352 5699 factum
3394 5655 3546 5716 putat
3577 5655 3637 5701 ut
3666 5648 3821 5702 iidem

2250 5718 2409 5788 legati
2441 5717 2732 5772 redeuntes
2759 5715 3238 5785 interciperentur.

636 5224 761 5277 529.
800 5224 1039 5279 Chosroa
1083 5231 1142 5277 ut
1175 5221 1482 5277 lieraclium
1522 5223 1771 5293 pluribus
1817 5223 1975 5279 bellis
2030 5223 2144 5277 dis-

568 5300 773 5365 tentum
813 5294 1023 5348 facilius
1065 5298 1358 5365 traiigeret,
1393 5308 1461 5347 eo
1488 5310 1634 5347 anno
1674 5310 1798 5349 suas
1824 5295 2007 5365 copias
2044 5295 2138 5347 di-

564 5363 725 5428 visit,
751 5380 845 5431 ac,
879 5374 935 5417 ut
957 5367 1031 5419 ait
1057 5363 1449 5434 'l‘heOphanes,
1483 5379 1536 5433 p.
1568 5365 1698 5425 965.
1733 5365 1824 5419 τὸν
1856 5364 2140 5434 Σάρόαρον

562 5434 707 5488 κατά
751 5435 1013 5496 ΚΠόλεως
1063 5432 1403 5503 ἀπέστειλεν,
1453 5432 1544 5503 qui
1607 5435 1740 5489 inita
1772 5451 1894 5489 cum
1928 5432 2140 5487 Hunuis

565 5506 825 5560 societate
858 5506 1045 5560 urbem
1074 5511 1329 5575 vastare}.
1360 5502 1485 5575 Hic:
1511 5504 1676 5575 igitur
1705 5505 1967 5558 Sarbarus
2013 5518 2138 5575 cum

565 5575 974 5644 Chrysopolim,
1032 5573 1194 5644 hodie
1265 5570 1859 5644 Scutari,'venisset,
1918 5574 2140 5628 nuntios

565 5645 632 5715 ad
656 5642 969 5715 Chaganum
1017 5642 1198 5706 misit,
1229 5642 1485 5715 quicum
1514 5644 1582 5698 de
1625 5660 1724 5698 suo
1754 5644 1990 5699 adventu
2020 5660 2141 5715 cer-

566 5712 1057 5770 tiorem'lacerent
1109 5722 1165 5767 et
1215 5712 1505 5768 auxiliares
1570 5715 1756 5785 copias
1807 5714 1857 5769 ei
1914 5712 2144 5785 promit-

565 5790 763 5838 ιοηυι.
