4126 6282
725 459 913 533 Κῆρυξ
941 456 971 510 ὁ
1009 454 1218 518 καπνὸς
1248 448 1343 506 τοῦ
1376 449 1601 509 σκότους
1629 444 1855 513 ἐγίνετο.

722 531 905 621 Ἔρως
931 548 1038 619 γὰρ
1075 541 1145 616 ἦν
1168 561 1252 608 τις
1278 544 1390 603 τοῖς
1414 542 1499 593 ἐπ’
1526 540 1693 608 ἄμφω
1719 531 2051 605 Βαρϐἀροις,

581 649 687 703 400
724 645 834 713 Οὐχ
865 644 1014 703 ὅστις
1042 639 1186 693 ὅπλα
1221 630 1628 703 συντομώτερον
1664 626 1841 689 λάϐοι,

736 734 874 789 Ἀλλ’
898 733 956 796 ὃς
989 727 1282 801 προφλέξει
1308 727 1435 788 τοὺς
1475 720 1749 783 ἀναιτίους
1782 717 1981 779 λίθους.

721 825 832 877 Καὶ
860 821 1031 875 ταῦτα
1064 820 1161 889 μὶν
1189 816 1253 887 δὴ
1279 814 1465 868 τοῦτον
1496 808 1609 882 εἶχε
1643 810 1734 862 τὸν
1761 808 1982 879 τρόπον.

729 915 869 982 Ἤδη
896 913 952 965 δὲ
984 911 1167 964 λοιπὸν
1196 904 1623 978 συγκροτΟὖντες
1650 902 1749 973 τὴν
1779 901 1959 969 μάχην

724 1008 789 1060 Ol
834 1004 1105 1077 Βάρϐαροι
1140 1000 1240 1070 μὲν
1278 998 1372 1051 τοῦ
1405 994 1661 1049 δικαστοῦ
1697 994 1825 1056 τοὺς
1860 992 2059 1054 τόπους

584 1099 691 1156 405
731 1099 839 1152 Kal
864 1096 958 1152 τοῦ
995 1092 1303 1166 στρατηγοῦ
1332 1092 1397 1160 τῇ
1440 1087 1715 1160 ἀτρέπτου
1748 1085 2023 1156 παρθένου

727 1191 999 1252 Λαϐόντες
1022 1186 1171 1257 εἶχον
1197 1184 1397 1238 ὡσανεὶ
1424 1181 1521 1243 τὰς
1558 1177 1814 1241 ἀσπίδας,

727 1280 837 1333 Καὶ
868 1279 992 1341 τοὺς
1020 1277 1151 1347 παρ’
1178 1274 1359 1330 αὐτῶν
1395 1272 1673 1334 δυσσεϐῶς
1702 1269 2063 1341 ὑϐρισμένους

732 1371 915 1440 Ἔχειν
958 1369 1251 1441 συνεργοὺς
1280 1369 1360 1429 εἰς
1388 1365 1636 1435 ἀνάγκην
1662 1362 1867 1433 ἠξίουν.

726 1464 983 1517 Συλὰϐων
1009 1478 1070 1514 τε
1105 1460 1282 1531 πλήθη
1313 1457 1640 1528 Bonnam;
1673 1452 1984 1524 μεμιγμένα

586 1556 692 1611 ΗΟ
741 1557 798 1608 ὐ
833 1554 1116 1626 Βάρϐαρος
1144 1552 1272 1617 νοῦς
1304 1549 1557 1622 ἐμϐαλὼν
1587 1550 1710 1611 ταῖς
1738 1545 1931 1600 ὁλκάσι
1954 1540 1965 1547 ’

729 1645 966 1716 (meae
1003 1646 1113 1715 γάρ
1138 1639 1285 1715 εἶχεν
1312 1640 1677 1711 ὲσκυφωμένα
1709 1637 1917 1707 σκάφη)

1903 330 2217 396 GEORGII
2269 328 2545 391 PISIDIB

3688 328 3837 397 #1288

2408 437 2603 508 Ἐμιξε
2631 438 2699 507 τῇ
2734 436 2803 506 τῇ
2837 435 2936 505 τῆς
2968 436 3240 509 θαλάττης
3276 436 3377 510 τὴν
3405 439 3611 513 1&6an-

2465 528 2650 600 Κάμοὶ
2674 529 2732 582 δὲ
2773 528 2919 600 μίξις
2948 528 3250 601 συνεπῆλθε
3286 532 3380 584 καὶ
3420 534 3571 603 μάχη
3592 549 3609 563 ·

2399 621 2511 675 Καὶ
2538 622 2819 691 πανταχοῦ
2851 639 2940 693 μοι
2970 621 3065 675 τοῦ
3101 621 3305 675 σκοποῦ
3339 626 3701 694 πεφυρμένου

2255 711 2359 766 415
2398 711 2509 765 Καὶ
2549 710 2971 780 συγκλονοῦντος
3002 714 3127 775 τοὺς
3160 712 3351 776 λόγους
3391 713 3467 777 ὡς
3511 718 3592 779 εἰς
3637 717 3839 786 μάχην.

2396 803 2462 855 Τί
2496 802 2713 870 πρῶτον
2755 802 2925 855 εἰπὼν
2952 803 3202 874 δεύτερον
3233 806 3589 876 ἁπάρξομαις

2469 894 2659 958 Ἀλλος
2689 894 2787 964 μὲν
2814 890 2908 948 οὖν
2937 895 3165 949 ἔπιπτεν
3193 897 3258 949 ὲκ
3291 899 3459 968 ῥιπῆς
3498 898 3653 951 λίθου

2398 985 2591 1039 Λαϐὼν
2624 986 2744 1040 κατ’
2764 987 2894 1040 αὐτὸ
2925 986 3023 1057 τὴν
3061 986 3221 1057 βολὴν
3262 989 3358 1041 καὶ
3390 990 3482 1041 τὸν
3526 991 3702 1060 τάφον

2406 1078 2597 1143 Ἀλλος
2623 1078 2678 1132 δὲ
2706 1077 2928 1142 σύννους
2956 1080 3276 1151 προσλαλῶν
3303 1081 3383 1152 τῷ
3418 1085 3720 1155 συμμάχῳ,

2262 1169 2366 1227 420
2404 1170 2629 1241 Βληθεὶς
2659 1170 2864 1225 ἀνωθεν
2891 1172 2952 1236 ἐξ
2974 1171 3171 1242 ἀδήλου
3206 1172 3451 1239 τοξότου,

2403 1263 2476 1315 Τὸ
2510 1262 2728 1334 πνεῦμα
2770 1263 2965 1317 Θᾶττον
2992 1265 3276 1335 ἀνταφῆκε
3301 1265 3397 1320 τοῦ
3430 1267 3612 1335 λόγου.

2406 1356 2511 1408 Καί
2539 1374 2621 1419 τις
2664 1358 2794 1426 παρ’
2818 1357 2998 1419 αὐτοῖς
3026 1359 3083 1409 ἐν
3119 1357 3403 1427 μεγίσταις
3435 1360 3619 1426 ἀξίαις

2401 1448 2572 1512 mea.
2606 1448 2843 1519 νομίζων
2867 1451 2949 1512 είς
2975 1448 3091 1501 δέον
3118 1450 3186 1502 τὰ
3211 1450 3491 1520 τάγματα.

2408 1539 2576 1612 Ἐστη
2610 1542 2906 1612 παρεισδὺς
2931 1544 2990 1595 ὲν
3026 1542 3179 1613 μέσῳ
3205 1542 3315 1595 τῶν
3343 1544 3610 1611 ἀσπίδων,

2261 1633 2367 1688 4'23
2406 1633 2688 1705 Κρύπτειν
2720 1634 2913 1688 ἑαυτὸν
2938 1634 3196 1704 ἀσφαλῶς
3221 1637 3556 1707 ἠπειγμένος
3574 1654 3592 1669 ο

588 1786 654 1881 ad
682 1824 901 1887 bellum,
930 1821 1076 1891 quod
1122 1821 1232 1890 jam
1285 1826 1475 1873 contra
1539 1830 1640 1869 nos
1700 1813 1932 1868 iniretur
1961 1824 2158 1881 pugna,
2194 1821 2235 1876 Β
2334 1810 2403 1864 At
2432 1808 2563 1863 mihi
2592 1824 2812 1881 quoque
2845 1810 3096 1866 confusio
3144 1812 3391 1869 oboritur
3421 1824 3477 1869 et
3514 1814 3809 1871 conﬂictus
3832 1861 3851 1876 .

590 1913 960 1972 tenebricosus
1002 1911 1186 1965 fumus
1232 1910 1406 1964 factus
1448 1917 1532 1961 est.
1573 1920 1769 1975 praeco.
1823 1904 2163 1959 Convenerat

589 2008 735 2063 enim
771 2006 912 2060 inter
944 2013 1203 2073 utrosque
1248 2002 1535 2064 Barbaros,
1568 1998 1712 2068 (400)
1760 2011 1830 2051 ne
1860 1996 1982 2066 quis
2013 2010 2162 2049 arma

588 2101 749 2155 citius
782 2098 952 2171 altero
968 2105 1188 2167 caperet
1217 2110 1383 2165 quam
1408 2092 1498 2147 ille
1524 2100 1685 2146 antea
1712 2089 2046 2144 incendisset
2075 2088 2162 2141 in-

589 2191 887 2262 culpabiles
915 2189 1136 2260 lapides.
1165 2193 1339 2257 Atque
1363 2188 1478 2240 haac
1500 2184 1720 2254 quidem
1745 2193 1855 2236 non
1882 2182 1989 2237 alio
2015 2190 2164 2252 gesta

590 2293 718 2340 sunt
759 2283 942 2337 modo.
976 2279 1115 2334 Tum
1152 2278 1371 2335 demum
1409 2277 1648 2346 undique
1684 2277 1891 2329 cientes
1936 2287 2168 2343 pugnam

593 2375 818 2430 Barbari
852 2373 1073 2443 quidem
1125 2372 1327 2442 judicis
1386 2368 1537 2423 locos
1569 2367 1715 2438 (405)
1747 2376 1803 2421 et
1849 2365 2170 2435 imperantis

591 2468 932 2521 intemerata:
984 2462 1253 2533 Virginis,
1301 2476 1438 2531 quos
1487 2466 1853 2529 occuparant,
1900 2456 2173 2511 habebant

592 2558 695 2614 sibi
745 2573 845 2629 pro
884 2556 1073 2612 scutis.
1130 2554 1205 2608 Ita
1236 2568 1372 2624 quos
1418 2553 1496 2608 illi
1548 2552 1711 2622 impie
1762 2549 2170 2610 laeessiverant,

592 2650 695 2705 sibi
738 2650 945 2704 habere
982 2648 1260 2718 adjutores
1310 2647 1365 2699 in
1410 2645 1733 2700 necessitate
1772 2640 2173 2714 putabant.‘At

595 2742 953 2797 Sthlaborum
1004 2739 1411 2795 multitudinem
1466 2737 1683 2791 mistam
1746 2735 1989 2805 Bulgaris
2027 2733 2171 2804 (410)

574 2850 719 2889 cum
753 2833 1080 2903 conjecisset
1135 2832 1402 2886 Barbarus
1434 2831 1485 2883 in
1542 2844 1709 2883 naves
1740 2826 1997 2898 (habebat
2029 2825 2177 2894 enim

597 2928 750 2983 trabe
794 2934 1083 2982 excavatae
1135 2922 1661 2997 cymbas),.miscuit
1697 2928 2011 2977 terrestrem
2052 2933 2178 2973 cum

596 3020 807 3075 marina
836 3034 1041 3091 pugna.

2264 1920 2499 1973 cumque
2541 1911 2690 1958 tanta
2721 1904 2793 1958 sit
2827 1905 3092 1975 propositi
3138 1908 3443 1977 argumenti
3479 1912 3851 1979 perturbatio,

2266 1993 2411 2065 (415)
2446 2004 2504 2049 ut
2538 1994 2703 2049 veluti
2761 1995 2828 2049 ad
2882 2010 3121 2065 pugnam
3160 1998 3507 2052 concitentur
3539 2015 3834 2055 sermones

2266 2089 2393 2159 quid
2425 2089 2658 2159 primum
2687 2088 2883 2153 dicam,
2908 2088 3000 2158 qui
3028 2089 3227 2145 deinde
3252 2092 3593 2161 prosequar?
3624 2095 3694 2148 At
3723 2110 3857 2148 vero

2266 2184 2486 2253 quidam
2527 2184 2723 2239 cecidit
2764 2198 2832 2238 ex
2862 2184 3012 2254 jactu
3054 2184 3266 2255 lapidis,
3298 2187 3460 2242 simul
3490 2189 3723 2245 vulnere
3760 2206 3856 2244 ac-

2266 2285 2426 2346 ccpto
2465 2285 2521 2331 et
2561 2278 2863 2347 sepultura.

2337 2367 2487 2421 Alter
2520 2383 2647 2422 vero
2671 2368 3089 2440 cogitabundus,
3110 2371 3338 2443 loquens
3358 2389 3480 2427 cum
3504 2372 3675 2439 socio,
3704 2374 3855 2439 (420)

2243 2454 2527 2527 'trajectus
2554 2458 2789 2527 desuper
2817 2459 2885 2511 ab
2913 2460 3129 2513 occulto
3174 2460 3449 2530 sagittario
3476 2460 3641 2515 citius
3672 2461 3864 2514 emisit

2270 2550 2520 2621 Spiritum
2553 2567 2714 2621 quam
2747 2551 2933 2605 verba.
2986 2552 3211 2607 Necnon
3254 2554 3375 2624 quis
3422 2554 3567 2607 inter
3601 2555 3755 2623 ipsos
3796 2570 3864 2608 ex

2268 2646 2603 2715 primoribus
2628 2646 2899 2701 instruere
2932 2648 3120 2703 volens
3147 2649 3211 2703 ad
3236 2665 3374 2719 opus
3403 2650 3644 2713 ordines,
3679 2650 3866 2703 media

2270 2739 2412 2793 inter
2442 2746 2591 2793 scuta
2618 2754 2677 2794 se
2713 2740 3041 2808 coniecerat,
3078 2742 3224 2814 (425)
3272 2743 3343 2796 ita
3378 2758 3437 2798 se
3470 2742 3648 2813 ipsum
3678 2744 3867 2797 celare

2272 2831 2338 2884 ad
2359 2832 2702 2885 securitatem
2736 2833 2979 2889 adactus.
3020 2834 3205 2888 Jactus
3237 2850 3365 2889 vero
3393 2845 3735 2905 prmvertens
3769 2851 3866 2889 ce-

2277 2920 2404 2975 leris
2428 2922 2620 2991 lapidis
2658 2938 2723 2977 ex
2756 2922 3054 2993 improviso
3098 2933 3350 2994 protenta
3387 2924 3570 2979 divisit
3599 2937 3764 2981 scuta
3804 2942 3868 2980 ac

2276 3010 2633 3066 vehementer
2676 3011 2945 3083 impellit:
2984 3013 3111 3069 huic
3149 3015 3309 3070 timor
3346 3016 3625 3085 oboritur;
3672 3018 3867 3073 caeteri

1905 3167 2139 3223 VARI/I5
2171 3165 2574 3224 LECTlONES.

667 3309 767 3367 401
802 3306 1135 3382 προσφλέξει
1174 3304 1389 3362 codices
1422 3313 1477 3361 et
1504 3304 1593 3361 ed.
1667 3305 1774 3360 415
1801 3304 2230 3377 συγκροτοῦντος
2254 3305 2344 3361 ed.
2418 3305 2520 3359 417
2543 3304 2690 3368 λίθος
2719 3304 2776 3360 Ρ.

2100 3464 2333 3524 ΝΟΤΕ·

603 3613 864 3669 cedonem
893 3628 907 3663 :
936 3611 1009 3666 ibi
1039 3612 1185 3667 enim
1221 3612 1487 3667 Sarbarus
1513 3626 1634 3665 cum
1681 3610 1795 3663 suis
1838 3608 2019 3680 Persis
2073 3606 2173 3662 ad-
2210 3623 2253 3680 ο
2286 3607 2456 3680 fuisse
2488 3605 2840 3680 disiunctum
2871 3607 3175 3680 colligimus
3216 3622 3286 3662 ex
3333 3605 3453 3660 Nic.
3487 3604 3735 3680 Callisto,
3772 3626 3866 3675 xv,

606 3684 851 3738 orienda:
882 3682 1029 3736 urbis
1062 3692 1276 3752 tempus
1302 3683 1671 3751 exspectabat.
1701 3680 1833 3733 Pera
1850 3679 2180 3752 enimqu‘on-

605 3757 730 3807 dam
760 3752 1069 3823 Byzantinis
1101 3750 1208 3806 non
1239 3750 1493 3808 modo’ea
1534 3767 1656 3822 pars
1695 3760 1813 3804 erat
1853 3764 1975 3823 quae
2015 3750 2180 3823 etiam

609 3823 769 3877 hodie
804 3819 859 3876 id
901 3822 1140 3876 nominis
1183 3824 1415 3885 retinet,
1452 3819 1639 3875 verum
1674 3830 1845 3873 totum
1882 3821 1986 3873 late
2030 3819 2182 3873 littus

607 3893 693 3946 vel
724 3892 788 3945 ad
825 3893 1047 3946 Boream
1078 3894 1164 3946 vel
1191 3894 1256 3947 ad
1293 3892 1572 3947 Orientem
1603 3890 1840 3961 positum
1878 3898 2029 3944 trans
2064 3890 2181 3961 fre-

610 3973 762 4026 tum;
797 3964 1087 4031 omniaque
1130 3981 1191 4017 ea
1237 3964 1351 4018 loca
1400 3963 1466 4017 ad
1509 3959 1631 4032 qua:
1672 3960 1895 4032 nonnisi
1949 3959 2183 4032 navibus

612 4034 860 4099 trajicere
890 4030 1013 4101 quis
1054 4032 1285 4103 poterat,
1344 4030 1611 4104 περατίκά
1650 4031 1792 4104 μέρη
1828 4030 2179 4104 vocabantur.

677 4104 802 4158 599.
846 4101 1367 4175 Ἔρωςίεοηυεηιίο,
1417 4101 1972 4173 ραειιιηιζϐιινοηὶεοιι
2000 4101 2181 4171 pascit.

610 4190 723 4228 rem
762 4173 945 4227 narrat
976 4173 1099 4243 (col.
1137 4175 1313 4243 1006).

679 4244 805 4298 401.
845 4239 1052 4299 Abares
1098 4254 1152 4299 ct
1184 4239 1375 4298 Persas
1417 4242 1584 4298 multa
1638 4251 1951 4296 sanctorum
1983 4239 2183 4310 templa

612 4313 941 4374 incendisse.
985 4330 1130 4377 eum,
1180 4330 1237 4368 re
1283 4315 1585 4382 desperata,
1631 4314 1699 4367 ab
1746 4313 1878 4366 urbe
1923 4311 2182 4382 recedere

611 4386 782 4439 coacti
817 4394 965 4445 sunt,
997 4387 1161 4438 refert
1202 4380 1491 4439 Clironicon
1528 4387 1709 4453 pasdt.
1755 4382 1878 4452 (col.
1914 4380 2072 4450 1015)
2113 4380 2185 4435 At

616 4454 856 4508 narratio
880 4455 1022 4509 edita
1038 4471 1066 4508 a
1092 4456 1415 4508 tiombelisio
1438 4470 1559 4507 cum
1586 4462 1769 4507 nostro
1787 4461 1945 4522 poeta
1967 4466 2186 4520 semper

610 4526 961 4580 consentiens
998 4526 1112 4594 ipso
1137 4525 1259 4579 belli
1296 4525 1467 4586 initio,
1502 4540 1607 4577 non
1636 4523 1689 4575 in
1728 4523 1833 4575 fine
1857 4522 1908 4575 id
1939 4523 2186 4594 evenisse

614 4595 794 4648 tradit.
830 4591 1377 4665 Itaque'inculpabilcs
1413 4594 1612 4663 lapides
1641 4603 1768 4648 sunt
1806 4591 2005 4662 templa
2063 4592 2186 4663 igne

613 4673 839 4718 vastata.

688 4734 809 4788 402.
854 4735 987 4788 Boni
1019 4732 1227 4804 patricii
1273 4733 1501 4788 consilio
1548 4731 1747 4787 factum
1777 4739 1945 4786 estut
1982 4730 2183 4804 Persis,

615 4801 821 4858 Sclavis
864 4801 1240 4874 Abaribusqne
1296 4804 1436 4856 male
1491 4803 1720 4858 cesserit
1774 4802 2082 4865 sententia,
2131 4803 2185 4855 in

615 4889 776 4941 quam
800 4890 989 4929 omnes
1022 4873 1412 4937 convenerant,
1450 4882 1507 4927 ut
1532 4873 1656 4926 dato
1697 4888 1794 4942 per
1821 4874 1998 4943 ignem
2032 4874 2187 4943 signo

618 4891 776 4941 quam
800 4891 989 4929 omnes
1022 4891 1412 4937 convenerant,
1450 4891 1507 4927 υι
1532 4891 1656 4926 uato
1697 4891 1794 4942 per
1821 4891 1998 4994 Ig\nem
2032 4891 2187 4943 signo

618 4944 857 5013 undique
898 4962 1087 5000 omnes
1117 4946 1506 5013 irrumperent.
1534 4943 1710 4997 Testis
1738 4950 1819 4995 est
1854 4942 2188 5013 i'icephorus

617 5022 785 5136 path,
829 5030 882 5084 p.
921 5016 1021 5078 1‘2;
1052 5032 1114 5069 ex
1148 5031 1256 5083 quo
1283 5012 1578 5083 repetenda
1604 5029 1723 5081 qua:
1754 5022 1897 5065 tacet
1929 5012 2109 5066 Pisida
2136 5014 2188 5065 in

641 5083 891 5136 audando
922 5095 1133 5136 tantum
1168 5085 1356 5136 Serszio
1382 5094 1698 5136 oceunatus.
1728 5082 2037 5136 Nicenhoro
2060 5082 2188 5136 asti-

641 5082 907 5156 audando
917 5095 1133 5156 tantum
1168 5082 1362 5156 Sergio,
1382 5094 1698 5152 occupatus.
1728 5082 2037 5151 Nicephoro
2060 5082 2192 5156 asti-

621 5153 859 5233 pulatur_
888 5153 1176 5208 Chronicon
1221 5153 1421 5233 ρᾱδεξιη
1468 5171 1536 5233 ex
1574 5169 1681 5233 quo
1713 5161 1873 5233 .patet
1921 5153 2193 5233 Armeniis

619 5222 799 5294 ignem
828 5226 952 5279 data
987 5241 1148 5294 opera
1178 5222 1252 5279 ad
1277 5225 1449 5280 aedem
1481 5226 1535 5279 S.
1579 5222 1781 5277 Nieolai
1822 5223 2195 5278 excitantibus

668 5295 892 5349 arbaros
927 5311 1115 5349 omnes
1143 5296 1399 5364 deceptos
1423 5295 1610 5348 fuisse.

702 5367 825 5420 405.
864 5366 1070 5421 Abares
1111 5382 1233 5420 enm
1261 5368 1373 5435 jam
1416 5364 1637 5436 propius
1675 5366 1742 5421 ad
1782 5366 1971 5421 urbem
2008 5380 2193 5436 acces-

622 5438 843 5502 sissent,
865 5453 928 5489 ex
957 5452 1018 5490 ea
1045 5446 1193 5506 parte
1216 5434 1308 5491 ubi
1345 5434 1758 5491 celeberrimum
1786 5436 2031 5505 Deipara:
2063 5434 2189 5490 Vir-

623 5509 761 5577 ginis
791 5509 858 5561 ad
894 5507 1218 5562 Blarhernas
1255 5507 1516 5577 templum
1557 5516 2088 5577 exstructumicrat,
2120 5507 2190 5560 ir-

625 5576 878 5647 rumpere
919 5578 1095 5631 conali
1142 5586 1289 5633 sunt.
1325 5576 1571 5631 Narratio
1616 5593 1646 5631 a
1688 5576 2015 5631 Combelisio
2046 5578 2192 5631 edita

624 5651 792 5705 refert
826 5647 1054 5719 Scythas
1085 5647 1150 5701 ad
1192 5648 1454 5719 templum
1478 5685 1493 5709 ,
1525 5649 1670 5716 quod
1713 5648 1765 5700 in
1800 5649 1937 5718 {ante
1962 5658 2190 5719 vocant,

623 5718 948 5774 cxcurrisse.
980 5719 1085 5772 Sed
1115 5718 1374 5788 templum
1407 5719 1461 5770 in
1492 5719 1650 5787 fonte,
1678 5719 1834 5786 cujus
1859 5718 2004 5770 nulla
2039 5732 2194 5771 men-

628 5792 703 5843 tio
725 5790 779 5843 in
811 5789 957 5859 Cpcli
983 5790 1310 5856 (ἱβηὶδείιιηα,
1329 5805 1359 5843 a
1388 5788 1819 5843 Blachernarum
1850 5789 2052 5858 templo
2078 5804 2186 5841 non

2288 3694 2336 3730 e.
2370 3678 2441 3731 25
2471 3686 2526 3731 et
2567 3682 2654 3730 26.
2691 3677 2789 3731 llic
2830 3676 3159 3745 igitur'acta
3208 3685 3291 3732 est
3337 3694 3537 3747 pugna.
3587 3677 3685 3733 llic
3731 3682 3870 3734 Dei-

2290 3763 2415 3816 para
2464 3747 3065 3820 Cpolitanosdelendit
3101 3757 3158 3802 et
3211 3748 3866 3820 Barbarosproﬂigavit.

2286 3819 2491 3872 Omnes
2543 3820 2700 3887 plane
2753 3819 2994 3872 historici
3045 3818 3285 3872 fatentur
3312 3817 3547 3887 Virginis
3592 3817 3869 3874 miraculo

2291 3889 2476 3943 urbem
2513 3889 2678 3942 fuisse
2713 3888 3017 3943 liberatam.
3048 3891 3118 3942 At
3155 3889 3455 3950 Cedrenus,
3488 3903 3538 3957 p.
3577 3890 3705 3953 416,
3744 3890 3872 3944 Vir-

2288 3960 2466 4030 ginem
2517 3959 2689 4029 ipsam
2718 3974 2845 4013 vere
2883 3974 2944 4013 se
2985 3958 3441 4030 conspiciendam
3472 3958 3721 4013 hostibus
3763 3963 3871 4015 de-

2288 4028 2432 4085 disse
2460 4039 2673 4095 narrat;
2701 4030 2846 4098 quod
2892 4037 2985 4083 aut
3014 4045 3081 4084 ex
3110 4030 3285 4100 Pisida
3315 4028 3492 4089 tinxit,
3523 4030 3637 4100 qui,
3676 4042 3735 4084 ut
3763 4047 3871 4100 pa-

2291 4111 2387 4166 tet,
2439 4099 2761 4153 militantem
2808 4100 3091 4169 Deiparam
3141 4099 3291 4162 facit,
3340 4108 3433 4151 ant
3486 4114 3551 4169 ex
3599 4099 3868 4155 Chronico

2290 4171 2562 4240 paschali,
2612 4172 2663 4223 in
2710 4186 2818 4239 quo
2876 4168 2948 4225 ita
2996 4172 3190 4240 legitur
3232 4187 3246 4223 :
3299 4168 3635 4240 Kalfrofno-
3673 4172 3869 4239 ἔλεγεν

2289 4238 2317 4293 ὁ
2366 4241 2524 4302 ἀυεος
2570 4238 2817 4307 Χαγάνος
2847 4241 2927 4310 τῷ
2957 4238 3134 4310 καιρῴ
3179 4239 3275 4293 τοῦ
3307 4238 3568 4307 πολέμου,
3611 4242 3696 4293 ὅτι
3745 4238 3870 4309 ἐγὼ

2292 4311 2481 4381 θεωρῶ
2530 4315 2764 4383 γυναῖκα
2810 4311 3253 4383 σεμνοφοροῦσαν
3300 4310 3735 4381 περιτρέχουσαν
3783 4316 3871 4376 εἰς

2288 4383 2351 4435 τὸ
2375 4376 2552 4451 τεῖχος
2582 4382 2750 4450 μόνην
2782 4376 2969 4436 οὖσαν.

2360 4450 2484 4505 407⁷.
2527 4453 2691 4512 Dolis,
2729 4452 3001 4520 perjuriis,
3032 4450 3321 4507 incendiis.

2360 4524 2484 4575 408.
2524 4523 2706 4577 Codex
2735 4523 2895 4577 habet
2915 4522 3086 4592 ἠξίου.

2363 4595 2485 4647 400.
2519 4593 2712 4647 Decem
2746 4593 2940 4649 diebus
2975 4605 3117 4647 terra
3150 4594 3398 4663 marique
3418 4602 3721 4664 pugnatum
3742 4604 3867 4651 est:

2290 4663 2419 4718 dum
2466 4664 2621 4716 enim
2660 4664 2863 4717 Abares
2898 4666 3130 4718 admotis
3169 4664 3439 4719 machinis
3465 4663 3657 4717 urbem
3686 4680 3873 4733 oppu-

2292 4733 2746 4806 gnarent,_Scla_vi
2791 4742 2845 4786 ct
2892 4734 3101 4804 Bulgari
3132 4734 3312 4803 parvis
3338 4734 3569 4806 navigiis
3596 4738 3733 4806 vecti
3769 4752 3874 4802 per

2293 4807 2471 4858 sinum
2526 4804 2842 4859 Ceratinum
2887 4806 2939 4857 in
2989 4806 3140 4859 littus
3177 4804 3511 4859 descendere
3562 4804 3871 4872 urbemque

2295 4875 2465 4944 ipsam
2496 4884 2707 4927 vastare
2737 4874 3115 4929 moliebantur.
3154 4876 3437 4945 Itaquein
3477 4874 3679 4945 duplici
3723 4876 3873 4929 bello

2292 4962 2356 4998 ac
2385 4948 2453 4998 de
2486 4944 2735 5015 pluribus
2766 4960 2872 4998 una
2899 4946 3061 4999 simul
3091 4944 3398 5015 conjunctis
3429 4947 3598 4999 Deum
3634 4955 3691 4999 et
3738 4946 3865 4999 Dei-

2296 5030 2481 5087 param
2508 5014 2906 5087 triumphantes
2931 5014 3293 5087 demonstrat.
3322 5014 3422 5080 Qui
3456 5031 3570 5069 rem
3593 5017 3767 5087 magis
3798 5018 3869 5069 ad

2288 5084 2605 5140 historieam
2632 5084 2792 5140 fidem
2824 5101 3117 5155 expensam
3147 5086 3304 5156 cupit
3329 5086 3632 5156 intelligere
3653 5124 3670 5151 ,
3690 5084 3873 5141 ’,δεδι

2290 5156 2583 5212 Clironicon
2616 5156 2881 5224 paschale.

2359 5228 2419 5280 «il
2442 5228 2486 5280 l.
2530 5226 2605 5279 lix
2653 5242 2761 5280 uno
2790 5235 2983 5281 trunco
3010 5236 3167 5281 erant
3194 5236 3466 5280 excavaue
3496 5226 3871 5282 Barbarornm

2289 5296 2514 5366 cymbae,
2555 5313 2691 5365 quas
2717 5298 2915 5351 merito
2956 5298 3221 5351 trabarias
3245 5312 3487 5352 vocares.
3525 5296 3872 5366 Nicephorus

2292 5367 2596 5437 patriarcha
2627 5378 2683 5423 et
2709 5366 3002 5423 Chronicon
3046 5367 3295 5435 paschale
3337 5367 3601 5436 μονόξυλα
3646 5382 3740 5422 eas
3766 5384 3873 5437 ap-

2293 5438 2517 5507 pellant,
2551 5438 2933 5507 Theophanes,
2954 5440 3048 5509 qui
3075 5440 3278 5507 legerat
3300 5438 3559 5501 Pisidam,
3585 5448 3641 5491 et
3666 5438 3873 5493 Cedro-

2291 5523 2415 5573 nus,
2462 5509 2555 5577 qui
2602 5509 3012 5578 'l‘heophanem,
3058 5509 3272 5576 γλυπτὰ
3319 5510 3503 5579 σκρφη
3556 5509 3868 5562 nominant.

2289 5580 2613 5633 Ammianus
2661 5580 3026 5643 Marcellinus,
3059 5596 3218 5641 xm,
3247 5582 3281 5634 5
3315 5598 3327 5633 :
3364 5578 3874 5649 Transfretabanmr

2291 5650 2346 5703 in
2378 5650 2486 5721 dies
2508 5660 2558 5703 et
2591 5662 2786 5713 noctes,
2825 5653 3043 5705 navibus
3070 5652 3373 5721 ratibusque
3398 5660 3446 5704 et
3470 5653 3675 5704 cavatis
3703 5654 3869 5704 arbo-

2291 5737 2407 5773 rum
2427 5720 2590 5775 alveis
2612 5721 2926 5791 agminatim
2961 5720 3212 5791 impositi.
