4126 6282
278 326 419 397 1289

415 441 553 513 Βολὴ
585 439 643 494 δέ
673 456 757 503 τις
785 440 1039 509 φθάσασα
1068 439 1338 507 συντόμου
1366 438 1516 493 λίθου

426 534 869 607 Ἀπροσὸοκήτως
904 533 1185 601 διχοτομεῖ
1214 532 1312 595 τὰς
1342 533 1574 597 ἀσπίδας
1593 572 1607 595 ο

415 629 524 681 Καὶ
558 628 658 689 τὰς
689 626 787 695 μὲν
821 623 971 687 ὠθεῖ,
1005 623 1083 693 τῷ
1110 624 1166 677 δὲ
1206 625 1419 691 γίνεται
1456 626 1641 693 φόῦος.

414 720 477 772 0i
512 717 558 771 δ’
582 713 648 770 αὖ
688 732 752 782 γε
784 715 960 767 λοιποὶ
991 713 1214 777 πάντες,
1244 714 1484 783 ἀκρίδων
1515 716 1691 785 δίκην,

271 809 378 863 £30
419 809 684 860 Ἐπιπτον
713 804 880 876 ἄρδην
910 803 1300 873 δυστυχοῦντες
1335 803 1626 873 εὐστόχως,

417 898 604 961 οὕτως
639 897 1091 967 ἁπηκρίὸωσενὴ
1136 896 1255 949 θεία
1300 896 1482 967 κρίσις

414 992 494 1042 Τὰ
523 990 670 1054 τόξα,
701 990 826 1052 τούς
860 988 1171 1058 βάλλοντας,
1206 989 1404 1052 αὐτοὺς
1431 989 1557 1051 τοὺς
1582 988 1780 1053 λίθους.

430 1080 519 1143 Ὧς
558 1080 722 1151 μηδὲν
757 1080 878 1146 εικῆ
912 1081 1214 1149 συμπεσεῖν
1243 1080 1577 1150 ἐρριμμένον
1598 1096 1610 1110 ·

429 1170 566 1223 Ἀλλ’
604 1166 673 1240 ἦν
700 1171 761 1223 τὸ
796 1170 1044 1238 πεμφθὲν
1074 1169 1345 1238 εὐστόχως
1372 1170 1677 1239 ἀφιγμένον

271 1261 379 1315 εδδ
416 1261 559 1332 Πρὸς
583 1260 682 1331 τὴν
706 1262 943 1330 ἑκαστην
972 1260 1084 1313 τῶν
1121 1259 1469 1329 βεὸλημένων
1491 1259 1684 1329 τύχην.

482 1352 592 1405 Καὶ
618 1351 790 1405 ταῦτα
818 1352 917 1421 μὲν
951 1352 1014 1421 δὴ
1043 1351 1147 1421 τῆς
1172 1353 1343 1421 τύχης
1377 1351 1446 1403 τὰ
1480 1352 1783 1422 πράγματα

413 1443 496 1496 Τὰ
529 1444 673 1495 νῶτα
703 1444 800 1510 τῆς
826 1446 932 1513 γῆς
955 1444 1203 1512 εὐφόρως
1232 1442 1535 1495 ἐϐάστασεν
1553 1460 1566 1473 ·

415 1536 561 1588 Ἔδει
589 1536 648 1588 δὲ
680 1536 867 1588 λοιπὸν
900 1537 994 1588 καὶ
1024 1536 1093 1588 τὰ
1130 1537 1238 1587 τῶν
1266 1534 1572 1589 θαλαττίων

412 1626 611 1679 Λαόεῖν
640 1626 865 1694 ἀγώνων
892 1626 990 1695 τὴν
1032 1626 1321 1698 ἰσόρροπον
1362 1628 1569 1698 κρίσιν.

267 1717 375 1775 ιω
412 1717 518 1770 Καί
562 1734 651 1788 μοι
681 1719 940 1789 πρόσεστι
968 1718 1128 1773 τοῦτο
1156 1720 1433 1787 θαυμάσαι
1466 1719 1650 1783 πλέον,

416 1812 539 1875 Πῶς
563 1813 661 1884 τὴν
692 1814 960 1880 τοσαύτην
988 1814 1088 1883 τῆς
1119 1814 1391 1884 θαλάττης
1429 1814 1616 1867 οὐσίαν

411 1904 475 1957 οι
515 1904 789 1976 Βάρϐαροι
820 1904 1109 1973 βλέποντες
1148 1903 1565 1975 έξηπλωμένην,

409 1996 703 2059 Δοκοῦντες
739 1996 926 2067 ὥσπερ
960 1996 1287 2049 έστενῶσθαι
1319 1994 1397 2062 τῷ
1430 1993 1645 2056 πλάτει,

422 2087 569 2141 Ἐκεῖ
598 2087 1052 2158 συνεκλείσθησαν
1083 2087 1319 2148 εὐθέτως
1343 2086 1478 2138 ὅπου

266 2179 376 2234 “5
411 2180 514 2232 Τὸν
548 2175 695 2233 οἷκον
732 2177 878 2251 εἶχεν
905 2182 941 2250 ἡ
974 2179 1276 2250 στρατηγὸς
1307 2177 1598 2250 παρθένος.

264 2396 398 2437 vero
436 2395 626 2434 omnes
681 2380 1012 2435 locustarum
1070 2393 1220 2433 more
1263 2377 1409 2447 (450)
1463 2380 1715 2448 prostrati
1765 2396 1850 2450 Ja-

262 2488 430 2529 cuere
466 2473 520 2526 in
570 2472 869 2527 infortunio
907 2471 1158 2526 solertcs.
1191 2469 1283 2523 Sic
1316 2470 1558 2524 divinum
1587 2471 1850 2541 judicium

265 2579 505 2633 peneete
563 2562 758 2618 direxit
798 2564 925 2629 tela,
971 2561 1299 2631 iaculatores
1347 2569 1403 2615 et
1444 2560 1591 2630 ipsos
1625 2562 1851 2631 lapides,

266 2661 327 2710 υἱ
354 2668 631 2725 umquam
668 2652 879 2707 irritum
906 2652 1123 2706 caderet
1155 2650 1301 2721 quod
1328 2650 1535 2721 jactuni
1575 2660 1728 2706 erat:
1758 2653 1852 2709 sed

262 2756 382 2803 erat
416 2747 615 2801 missile
656 2746 723 2799 ad
776 2760 999 2814 scopum
1039 2751 1347 2813 Opportune
1390 2742 1660 2798 directum
1701 2744 1849 2815 (455)

262 2852 369 2907 pro
402 2837 550 2891 varia
582 2835 1009 2890 transfossorum
1043 2834 1283 2887 fortuna.

333 2927 412 2982 Ac
476 2927 565 2983 tali
635 2926 854 2996 quidem
912 2940 1033 2980 cum
1109 2939 1293 2978 rerum
1372 2923 1513 2979 felici
1588 2940 1848 2982 successu

1516 322 1824 392 BELLUM
1866 326 2278 394 AVARICUM.

2109 446 2255 498 Ἐκεῖ
2279 444 2390 515 γὰρ
2415 446 2606 519 ὥσπερ
2636 450 2694 503 ἐν
2722 452 2934 525 σαγήνῃ
2970 453 3202 510 δικτύων

2100 537 2183 589 Τὰ
2218 536 2432 605 γλυπτα
2472 540 2829 606 συζεύξαντες
2855 544 3122 614 ῆπλωσαν
3151 551 3355 621 σκάφη.

2112 629 2265 682 Ἐπεὶ
2293 631 2351 683 δὲ
2392 632 2781 698 συννεύσαντες
2813 634 3067 707 ἀλλήλοις
3093 640 3205 693 ὅλοι

2108 719 2377 790 Ἑπῆλθον
2413 722 2570 792 ἡμῶν
2599 725 2700 778 σὺν
2737 725 2832 797 βοῇ
2863 731 2986 792 ταῖς
3012 730 3258 794 ὁλκάσιν,

1956 808 2061 865 450
2110 810 2392 865 Ἐντεῦθεν
2425 808 2493 884 ῆν
2524 813 2717 882 ἄδηλος
2741 818 2775 887 ἡ
2814 817 2948 889 δήλη
2994 821 3141 893 μάχη
3163 839 3179 854 ο

2098 901 2284 972 Μάνην
2321 904 2432 975 γὰρ
2456 899 2610 972 οἶμαι
2647 908 2748 975 τὴν
2773 909 3039 964 τεκοῦσαν
3068 912 3325 984 ἀσπόρως

2096 990 2179 1043 Τὰ
2214 992 2348 1057 τόξα
2374 998 2549 1048 τεῖναι
2574 998 2669 1051 καὶ
2698 998 2881 1067 βαλεῖν
2913 1000 3015 1073 τὴν
3042 1004 3264 1069 ἀσπίδα,

2094 1082 2205 1135 Καὶ
2232 1087 2352 1148 ταῖς
2384 1086 2599 1159 ἀδήλοις
2631 1090 2974 1160 συμπλοκαῖς
3004 1098 3355 1167 μεμιγμένην

2096 1173 2344 1244 Βάλλειν,
2382 1177 2729 1249 τιτρώσκειν,
2764 1182 3132 1254 ἀντιπέμπειν
3153 1185 3216 1238 τὺ
3244 1186 3425 1255 ξίφος,

1952 1262 2059 1317 455
2108 1266 2461 1339 ’Ᾱνατρέπειν
2488 1288 2549 1325 τε
2588 1274 2685 1325 καὶ
2709 1274 3006 1329 καλύπτειν
3033 1276 3101 1329 τὰ
3132 1279 3337 1349 σκάςη,

2093 1354 2287 1411 Δοῦναι
2314 1375 2373 1410 τε
2403 1360 2538 1413 πᾶσι
2566 1362 2662 1416 τὸν
2688 1361 2849 1433 βυθὸν
2882 1367 3185 1421 κατοικίαν.

2090 1447 2251 1501 Ξένον
2291 1450 2401 1520 γὰρ
2426 1451 2596 1517 οὐδὲν,
2626 1456 2675 1507 εἰ
2715 1455 2944 1526 πολεμεῖ
2973 1457 3260 1529 παρθένος.

2101 1540 2178 1591 Δι’
2209 1536 2276 1611 ἦς
2308 1542 2585 1613 παρῆλθεν
2618 1546 2699 1609 εἰς
2731 1546 2794 1599 τὸ
2820 1547 2919 1617 τῆς
2956 1547 3132 1618 ψυχῆς
3168 1549 3334 1612 σέϐας

2091 1633 2206 1684 Οὐκ
2242 1628 2361 1687 οἶδα
2408 1634 2525 1698 πῶς
2565 1636 2879 1706 πεμφθεῖσα
2910 1640 3154 1709 ῥομφαία
3188 1641 3348 1695 πάλιν
3370 1659 3385 1672 ·

1951 1722 2057 1779 460
2094 1724 2286 1792 Ὅμως
2316 1725 2594 1795 παρῆλθεν
2622 1727 2656 1798 ἢ
2686 1728 2901 1799 διῆλθεν
2934 1730 3102 1795 ὀξέως

2096 1813 2370 1885 Τρώσασα
2394 1815 2493 1885 τὴν
2528 1816 2773 1886 ἄτρωτον
2800 1818 3038 1889 οὐδαμοῦ
3067 1820 3248 1888 φύσιν.

2160 1905 2317 1959 Οὐτω
2357 1906 2458 1975 μὲν
2498 1904 2595 1961 οὖν
2631 1912 2817 1963 ἐκεῖνα
2850 1910 2917 1963 τὰ
2954 1910 3172 1978 γλυπτὰ
3206 1915 3388 1983 σκάφη

2084 1996 2191 2050 Τὸν
2216 1998 2389 2067 ὅρμον
2412 1993 2561 2068 εἶχον
2584 1999 2646 2064 ἐξ
2676 2001 2927 2071 ἀνάγκης
2966 2004 3048 2066 εις
3078 2002 3248 2073 ζάλην
3268 2021 3282 2035 ο

2084 2089 2260 2158 Πολλὴ
2296 2089 2353 2142 δὲ
2386 2090 2585 2161 φύρσις
2617 2092 2714 2144 καὶ
2744 2093 2908 2162 φόδος
2936 2096 3031 2148 καὶ
3060 2096 3321 2163 σύγχυσις

1944 2179 2052 2235 εδδ
2084 2180 2211 2243 Τοῖς
2244 2181 2586 2252 ναυμαχοῦσι
2620 2184 2928 2256 Βαρὸάροις
2961 2188 3285 2258 συνήρχετο.

1955 2390 2036 2437 tes
2076 2383 2130 2436 in
2179 2400 2345 2438 unum
2394 2383 2628 2454 aggressi
2679 2391 2807 2437 sunt
2859 2391 3072 2439 nostras
3122 2400 3246 2440 cum
3295 2386 3537 2444 clamore

1954 2490 2141 2529 naves.
2180 2475 2325 2547 (450)
2368 2476 2543 2546 Atque
2572 2489 2633 2528 ca
2670 2474 2772 2529 fuit
2802 2477 3010 2531 occulta
3038 2477 3309 2547 simulque
3342 2487 3538 2549 pateris

1953 2581 2151 2637 pugna.
2177 2568 2301 2621 Sola
2330 2568 2496 2633 enim,
2528 2576 2587 2621 ut
2611 2576 2759 2637 puto,
2784 2582 2905 2637 qua:
2929 2568 3140 2638 peperit
3164 2568 3281 2623 sine
3304 2568 3533 2632 semine,

1952 2672 2113 2713 arcus
2160 2659 2479 2715 intendebat
2518 2668 2573 2715 et
2624 2659 2919 2728 objiciebat
2962 2660 3211 2731 clypeos;
3242 2668 3299 2716 et
3336 2675 3401 2716 ex
3440 2676 3535 2716 oc-

1953 2748 2101 2803 culto
2131 2764 2190 2805 se
2231 2750 2550 2807 immiscens
2583 2750 2927 2808 conflictibus
2965 2752 3070 2807 tela
3100 2752 3367 2819 mittebat,
3407 2770 3536 2809 sau-

1953 2839 2156 2903 ciabat,
2201 2842 2529 2898 rctundehat
2571 2842 2796 2914 gladios,
2838 2843 2984 2914 (455)
3025 2844 3433 2914 evertebatque,
3480 2853 3539 2899 et

1950 2932 2334 3002 submergebat
2372 2934 2610 3002 eymhas,
2643 2935 2903 3005 deditque
2945 2949 3136 2991 omnes
3191 2935 3436 2989 habitare
3471 2935 3525 2989 in

262 3015 320 3072 in
400 3025 541 3073 terra
622 3026 921 3090 pugnatum
1004 3024 1109 3071 est.
1172 3013 1468 3086 Oportebat
1532 3025 1713 3071 autem
1789 3024 1844 3070 ut
1943 3020 2305 3090 profundum.
2348 3020 2561 3078 Novum
2598 3024 2745 3077 enim
2786 3031 2871 3078 est
2900 3024 3303 3095 nihil,quando
3336 3025 3534 3081 militat

260 3108 426 3163 etiam
473 3108 746 3165 maritima
780 3108 1159 3179 experirentur
1199 3108 1384 3178 praelia
1442 3108 1648 3177 aequale
1706 3108 1820 3178 judi
1897 3181 1915 3182 ﬂ
1954 3110 2139 3180 Virgo,
2182 3126 2281 3180 per
2306 3126 2470 3181 quam
2500 3110 2725 3167 advenit
2750 3112 2933 3168 animo
2966 3112 3177 3182 religio.

261 3202 410 3256 cium
439 3201 608 3268 (MO).
636 3200 715 3265 Ac
736 3209 939 3271 quanto
980 3200 1151 3272 magis
1203 3198 1333 3253 mihi
1374 3198 1521 3254 subit
1564 3198 1843 3264 admirari,
1880 3181 1921 3237 (ἶ
2022 3200 2188 3253 Certe
2217 3200 2401 3253 nescio
2449 3199 2673 3269 quinam
2716 3199 2960 3254 immissa
2988 3181 3266 3256 estitoties
3294 3198 3536 3264 framea;

260 3292 533 3361 quomodo
564 3302 768 3348 tantam
806 3292 971 3347 maris
1008 3292 1365 3346 substantiam
1410 3290 1626 3344 barbari
1660 3289 1851 3345 viden-
1957 3287 2105 3359 (460)
2132 3304 2195 3345 ac
2235 3299 2387 3345 certe
2415 3291 2593 3346 evasit
2630 3291 2979 3361 pervasitque
3010 3291 3284 3354 celeriter,
3316 3300 3537 3362 gentem

262 3393 347 3439 tes
371 3383 478 3439 late
505 3394 833 3454 protensam,
855 3384 1010 3453 quasi
1039 3384 1355 3439 viderentur
1385 3381 1501 3450 ipsa
1524 3382 1725 3435 arctari
1761 3382 1846 3435 la-
1955 3381 2252 3436 vulnerans
2302 3396 2411 3436 non
2466 3382 2809 3437 vulneratam
2860 3390 3021 3437 antea
3053 3398 3067 3434 :
3104 3381 3177 3436 ita
3234 3380 3398 3451 igitur
3436 3380 3539 3436 illa:

262 3473 514 3539 titudine,
544 3489 611 3528 eo
656 3489 715 3530 se
764 3488 957 3528 omnes
986 3484 1112 3542 apte
1150 3471 1541 3532 concluserint,
1574 3470 1664 3525 ubi
1699 3469 1845 3541 (MSS)
1954 3484 2102 3524 cava:
2145 3472 2349 3542 cymba:
2402 3481 2619 3543 portum
2660 3479 2789 3527 sunt
2836 3472 3044 3527 adacta;
3100 3472 3303 3527 habere
3346 3472 3541 3527 subtus

258 3562 480 3618 domum
514 3565 746 3620 habebat
788 3564 1105 3634 imperatrix
1160 3564 1337 3633 virgo.
1372 3561 1485 3616 lllic
1519 3562 1667 3615 enim
1702 3562 1849 3618 velut
1956 3577 2124 3617 mare.
2169 3562 2332 3618 Multa
2366 3578 2495 3618 vero
2540 3564 2850 3620 commistio
2905 3572 2959 3618 et
3009 3563 3172 3618 timor
3202 3574 3255 3618 et
3292 3562 3541 3619 confusio

260 3652 316 3706 in
340 3668 535 3726 sagena
583 3656 812 3727 piscium
858 3670 1019 3710 cavas
1059 3655 1201 3708 inter
1226 3669 1284 3708 se
1324 3653 1541 3723 iunctas
1577 3654 1837 3708 extende-
1946 3652 2093 3728 (465)
2140 3653 2195 3708 in
2230 3653 2362 3709 mari
2394 3664 2699 3725 pugnantes
2727 3655 2993 3709 barbaros
3022 3654 3245 3710 incessit
3277 3653 3537 3724 undique.

260 3757 390 3801 runt
415 3748 652 3819 cymhas.
678 3747 817 3803 Tum
848 3762 975 3802 vero
1014 3761 1205 3801 omnes
1239 3744 1470 3798 invicem
1504 3744 1835 3815 conspiran-
1942 3744 2020 3798 Ac
2061 3747 2280 3815 quidam
2324 3762 2388 3801 ex
2435 3747 2569 3817 ipsis
2610 3748 2900 3817 procidens
2928 3762 2959 3803 e
3002 3747 3150 3814 navi,
3180 3746 3310 3802 dum
3362 3755 3539 3800 artem

1559 3918 1788 3975 VARI/8
1825 3918 2227 3976 LECTIONES.

332 4080 437 4136 428
463 4082 659 4150 eam?
725 4081 830 4136 457
859 4082 1075 4151 γραφῆς
1110 4080 1324 4136 codices
1347 4091 1397 4135 ct
1428 4082 1516 4136 ed.
1549 4078 1798 4135 Correxit
1829 4079 2113 4136 Pinderus.
2214 4082 2310 4135 Ml
2349 4080 2624 4151 θαλάσσης
2656 4080 2716 4135 P.

1784 4260 2009 4318 NOTAE.

330 4423 457 4477 4'57.
489 4421 763 4476 Hactenus
811 4421 989 4477 Pisida
1029 4422 1130 4478 sibi
1176 4422 1325 4477 visus
1376 4432 1457 4476 est
1513 4430 1831 4493 terrestrem
1870 4473 1913 4493 η
1940 4420 2244 4493 Cpolitanis
2270 4424 2519 4479 allirmat.
2549 4422 2728 4477 Prima
2763 4421 2927 4493 igitur
2952 4420 3177 4476 victoria
3212 4436 3241 4474 a
3284 4418 3416 4484 Deo,
3445 4422 3528 4475 al-

258 4508 496 4563 pngnam
547 4493 898 4563 descripsisse
920 4532 935 4553 ,
993 4508 1061 4547 ex
1109 4508 1212 4561 qua
1244 4493 1469 4563 idcirco
1518 4492 1835 4563 Cpolitanos
1869 4492 1913 4530 υ
1943 4502 2054 4546 tera
2087 4509 2117 4547 a
2150 4492 2377 4563 Deipara
2410 4504 2559 4563 parta
2592 4501 2697 4547 est.

259 4559 497 4618 victores
526 4561 760 4615 evasisse
785 4561 1041 4631 declarat,
1073 4559 1193 4631 quia
1230 4562 1450 4629 Sergius
1484 4559 1597 4618 sola
1644 4560 1831 4631 imagi-
2004 4564 2129 4618 MO.
2163 4559 2386 4617 Miratur
2405 4559 2503 4618 cur
2554 4564 2605 4616 in
2650 4564 2774 4617 sinu
2803 4559 3059 4614 Ceratino
3105 4574 3229 4614 cum
3266 4559 3533 4631 suisses-

260 4633 344 4686 nis
367 4631 777 4702 ἀχειροποιήτου
800 4630 1304 4697 circumgestatione
1326 4634 1584 4687 barbaros
1616 4630 1829 4700 repres-
1932 4632 2057 4701 phis
2079 4648 2135 4687 se
2157 4633 2491 4701 conjecerint
2515 4631 2752 4688 barbari.
2786 4631 3025 4702 Stultum
3062 4644 3193 4685 sane
3215 4630 3526 4702 consilium,

258 4702 423 4771 serit.
446 4700 627 4769 Itaque
669 4701 907 4771 primam
929 4702 1211 4755 victoriam
1258 4702 1367 4755 Deo
1410 4712 1687 4771 acceptam
1728 4716 1830 4771 re-
1936 4700 2063 4756 cum
2094 4719 2202 4771 pra:
2238 4700 2585 4758 multitudine
2635 4704 2828 4757 lintres
2854 4701 3107 4771 lintribus
3138 4712 3323 4771 essent
3356 4700 3529 4768 impc-

1933 4769 2199 4843 dimcnto.
2236 4771 2435 4826 Verum
2469 4782 2578 4827 tam
2613 4772 2826 4843 exiguis
2869 4769 3099 4840 navigiis
3125 4784 3185 4823 se
3224 4770 3335 4843 alto
3375 4784 3531 4823 com-

1934 4842 2152 4896 mittere
2181 4843 2442 4897 barbaros
2484 4841 2750 4906 timuisse,
2798 4849 2961 4910 atque
2994 4855 3057 4910 ex
3091 4854 3196 4892 una
3232 4841 3531 4909 eademque

1933 4913 2306 4992 parteru‘rhem
2322 4912 2601 4992 invadere
2618 4909 3219 4992 voluisse_'ctredendum
3242 4918 3359 4977 est;
3381 4910 3527 4979 quod

1932 4980 2112 5035 innuit
2140 4983 2431 5035 Chronicon
2454 4983 2723 5049 paschale,
2762 4998 2815 5050 p.
2844 4980 2967 5033 720.

1999 5052 2126 5106 445.
2158 5051 2369 5121 Templi
2402 5052 2457 5106 in
2490 5049 2804 5106 Blachernis
2834 5051 2987 5121 locus
3010 5049 3522 5121 rectedesignatur,

1932 5131 1991 5190 ut
2032 5137 2082 5175 v.
2107 5121 2229 5175 405.
2268 5118 2470 5175 Confer
2490 5121 2694 5190 Cpolim
2721 5120 3100 5183 Christianam,
3122 5118 3214 5173 lih.
3256 5118 3335 5186 ιη’,
3360 5137 3412 5188 p.
3440 5122 3526 5174 83.

1933 5188 2005 5244 Ea
2041 5192 2205 5253 aades,
2266 5208 2387 5259 qua:
2429 5188 2582 5245 extra
2634 5192 2824 5244 urbem
2855 5197 2974 5244 erat
3024 5190 3090 5242 ad
3141 5190 3290 5243 littus
3339 5191 3526 5248 maris,

1932 5270 2054 5328 post
2107 5260 2335 5330 fugatos
2391 5262 2597 5330 Ahares
2648 5261 2788 5313 intra
2838 5259 3027 5312 urbem
3077 5260 3316 5314 excitato
3371 5275 3529 5313 muro

1932 5330 2137 5383 inclusa
2167 5339 2269 5383 est.
2306 5329 2498 5384 Chron.
2533 5329 2718 5382 Pasch.
2752 5348 2803 5399 p.
2837 5330 2959 5383 726.

2001 5400 2125 5454 457.
2153 5399 2399 5469 cherim
2427 5400 2731 5468 πολεμίζει,
2768 5412 2825 5453 ut
2856 5408 3072 5453 constet
3097 5398 3261 5453 metri
3291 5399 3450 5469 ratio.

2002 5470 2123 5523 465.
2182 5466 2257 5523 Ei
2324 5466 2605 5537 repentina
2664 5480 2986 5539 tempestate
3053 5471 3311 5539 disjectas
3363 5466 3530 5539 fuisse

1934 5536 2291 5593 Barbarorum
2340 5536 2603 5599 traharias
2646 5536 2997 5596 consentiunt
3029 5538 3305 5599 historici;
3335 5554 3397 5590 ac
3439 5536 3528 5588 Pi-

1933 5609 2050 5661 sida
2094 5608 2226 5661 satis
2265 5608 2445 5663 innuit
2484 5594 2586 5663 hoc
2630 5594 2802 5665 fuisse
2840 5594 3199 5670 miraculum,
3241 5594 3349 5675 quo
3370 5604 3531 5677 Virgo

1938 5678 2159 5731 Deipara
2190 5678 2596 5747 Cpolitanorum
2629 5682 2792 5735 rebus
2819 5681 3081 5751 opitulata
3106 5687 3210 5732 est.

260 4772 383 4825 fert.
414 4770 522 4825 lloc
546 4784 674 4825 sane
708 4780 839 4839 puto
870 4770 1154 4839 signiﬁcari
1182 4787 1276 4840 per
1303 4788 1364 4825 ea
1388 4770 1553 4827 verba
1580 4772 1647 4825 τὰ
1682 4770 1829 4824 νῶτα

257 4842 359 4909 τῆς
386 4840 602 4909 γραφῆς
645 4850 792 4910 terga
828 4841 910 4893 vel
940 4842 1093 4893 dorsa
1124 4843 1361 4908 pii-tune.
1410 4843 1463 4894 Si
1517 4842 1661 4895 enim
1695 4841 1828 4895 velis

257 4912 506 4981 Sergium
540 4910 783 4965 barbaris
818 4910 1081 4981 objecisse
1104 4911 1291 4981 vultus
1320 4912 1647 4966 sanctissimi
1683 4912 1831 4965 anti-

258 4979 383 5035 cani
415 4988 642 5050 partem,
677 4996 773 5050 per
798 4980 865 5031 τὰ
902 4979 1045 5032 νῶτα
1074 4980 1285 5033 dorsum
1308 5022 1324 5044 ,
1360 4981 1607 5035 videlicet
1642 4996 1831 5049 super~

261 5051 435 5103 ﬁciem
483 5050 676 5103 tahnlze
705 5065 779 5120 ac
816 5050 997 5120 ipsam
1024 5050 1179 5117 plane
1217 5050 1481 5118 picturam
1510 5050 1779 5120 intelliges
1810 5064 1823 5101 :

263 5121 331 5173 ita
362 5121 507 5172 enim
550 5120 618 5171 τὰ
648 5119 792 5171 νῶτα
836 5122 936 5187 τῆς
980 5118 1254 5187 θαλάσσης
1290 5121 1455 5173 maris
1506 5118 1829 5188 superficies

258 5191 513 5260 explicari
545 5189 699 5242 solet.
728 5188 783 5241 Si
814 5200 993 5241 autem
1040 5192 1208 5241 mavis
1242 5188 1415 5260 ipsum
1468 5192 1715 5260 Sergium
1737 5192 1829 5260 40h

261 5258 617 5318 reverentiam
650 5260 910 5326 posticam
947 5268 1152 5312 tantum
1208 5259 1403 5312 tabula:
1447 5258 1656 5327 partiam
1687 5258 1831 5311 Aba-

260 5332 407 5383 ritms
429 5330 766 5397 opposuisse,
794 5330 936 5395 quml
981 5328 1051 5381 illi
1101 5328 1326 5382 minime
1348 5328 1492 5397 digni
1525 5338 1709 5386 essent
1736 5328 1828 5395 qui

256 5408 502 5453 sanctam
549 5398 756 5452 iconem
790 5400 1071 5457 viderent,
1103 5398 1292 5451 eadem
1332 5401 1495 5452 verba
1539 5413 1637 5467 per
1682 5408 1829 5465 terga

258 5469 515 5523 vertenda
548 5483 666 5520 esse
688 5469 969 5520 concedes.
1002 5467 1068 5522 Ut
1090 5476 1272 5521 autem
1313 5470 1415 5521 iste
1444 5468 1689 5521 senarius
1720 5482 1826 5520 non

260 5540 547 5599 claudicet,
575 5538 833 5591 articulus
857 5538 952 5606 τῆς
976 5538 1389 5606 eXpungcndus.
1420 5538 1619 5591 (letifer
1651 5555 1702 5592 v.
1726 5538 1830 5591 578

260 5620 313 5664 et
343 5624 496 5664 scim.

328 5624 573 5733 Σὲέέἷιλᾱ
605 5676 825 5730 alterum
865 5691 1119 5746 pugnam.
1150 5692 1269 5743 qnze
1304 5677 1354 5729 in
1388 5676 1519 5729 mari
1571 5685 1688 5729 acta
1722 5686 1824 5739 est,

263 5748 624 5818 progreditur,
668 5748 721 5798 in
754 5762 859 5815 qua
905 5747 1073 5799 solam
1110 5746 1381 5817 Virginem
1430 5762 1695 5817 pugnasse
1730 5762 1827 5815 pro

514 5836 785 5896 Parant.
824 5837 941 5895 Gn.
994 5834 1159 5894 XCII
3138 5829 3205 5891 41
