4126 6282
716 457 822 512 Καί
861 454 960 508 πού
995 467 1077 514 τις
1110 446 1290 502 αὐτῶν
1317 440 1562 498 ἐκπεσὼν
1591 439 1689 508 τῆς
1724 435 1945 497 ὁλκάδος

717 546 948 614 Πλωτῆρ
982 537 1277 611 σχεδιάζων
1303 536 1402 604 τὴν
1430 532 1626 600 τέχνην
1656 527 1970 598 ηὑρίσκετο.

722 639 912 700 Ἄλλος
940 635 996 687 δὲ
1021 630 1215 702 νεκρὸν
1249 631 1328 690 εἰς
1366 624 1509 693 ὕδωρ
1542 618 1875 692 μιμούμενος

719 729 953 794 Ἤλπιςε
987 726 1232 796 φεύγειν,
1263 718 1342 790 τῷ
1369 719 1544 770 δοκεῖν
1574 710 1946 780 πεπνιγμένος

580 825 684 882 170
718 821 827 876 Καί
855 837 936 882 τις
972 814 1099 887 παρ’
1121 813 1304 875 αὐτοῖς
1334 808 1457 862 ἀντὶ
1489 805 1698 874 πύργου
1729 800 1828 870 τὴν
1857 799 2051 869 τρόπιν

721 912 914 970 Λαθὼν
942 909 1171 978 ὑπῆλθε.
1200 904 1294 958 κα).
1327 901 1493 955 πολὺν
1529 897 1719 969 μείνας
1752 891 1942 962 χρόνον

723 1007 829 1060 ’Ἐκ
853 1003 952 1074 τῆς
989 1000 1235 1067 ἀνάγκης
1260 990 1536 1062 δυστυχῶν
1563 985 1872 1074 ἐκαρτέρει.

718 1072 920 1168 Ὀμως-
943 1091 1185 1152 ἐκείνους
1215 1086 1444 1146 πάντας,
1473 1079 1547 1142 ὡς
1577 1078 1674 1131 ἓνα
1705 1072 1914 1168 στόλον,

729 1165 919 1252 Ὃ-τῆς
950 1181 1227 1250 θαλάσσης
1259 1169 1666 1242 συγκατέκλυσε
1694 1165 1876 1226 σάλος.

804 1275 1086 1332 Ἐντεῦθεν
1117 1274 1146 1326 ὁ
1181 1269 1311 1340 πρὶν
1345 1263 1592 1335 ἀφθόνως
1619 1255 1934 1328 ἀνημμένος

723 1369 907 1424 Πνὲων
947 1382 1008 1418 τε
1041 1361 1249 1432 πυρσὸν
1281 1361 1346 1412 ὲκ
1378 1356 1553 1422 λόγων
1584 1347 1934 1418 πυρεκὸόλων

733 1458 1085 1530 Ἀπῃθάλωτο
1113 1451 1390 1521 συντόμως
1418 1451 1446 1501 ό
1479 1444 1758 1516 Βάρϐαρος
1781 1455 1794 1468 °

729 1552 920 1620 ’Δφνω
941 1548 1000 1602 δὲ
1025 1545 1201 1614 τέφρα
1235 1540 1562 1610 προσφόρως
1597 1533 1825 1603 ἐγίνετο,

738 1642 827 1703 Ὦς
855 1639 964 1709 πῦρ
988 1636 1199 1704 ἀνάψας
1233 1635 1312 1695 είς
1353 1629 1666 1697 ἀνέγκλητα
1706 1621 1860 1690 ξύλα.

588 1733 695 1789 480
734 1729 922 1790 Ἀλλος
965 1727 1073 1794 γὰρ
1112 1723 1268 1778 ἄλλον
1296 1719 1602 1787 ἐξέπεμπεν
1641 1710 1872 1781 ἄγγελον

728 1820 999 1892 Φέροντας
1025 1813 1174 1885 αὐτῷ
1209 1810 1496 1881 συμφορὰς
1528 1807 1603 1870 ὡς
1631 1804 1947 1876 δράγματα,

738 1889 836 1966 Ἐκ
867 1910 972 1979 γῆς
1005 1908 1106 1978 μὲν
1140 1905 1218 1966 είς
1243 1901 1536 1965 θάλατταν,
1563 1899 1642 1960 είς
1673 1894 1728 1948 δὲ
1757 1893 1861 1962 γῆν
1896 1889 2058 1944 πάλιν

738 2007 834 2059 Ἐκ
868 2004 967 2074 τῆς
1001 2001 1269 2068 θαλάττης
1295 1991 1730 2064 δυστυχημάτων
1771 1986 1952 2040 σάλον.

727 2096 885 2150 Οὕτω
922 2093 1020 2164 μὲν
1055 2087 1148 2145 οὖν
1176 2089 1382 2156 ἔπασχε
1410 2084 1502 2138 τὸν
1533 2081 1716 2135 καινὸν
1748 2078 1931 2141 σάλον,

586 2187 694 2245 485
729 2188 823 2249 Είς
854 2183 959 2252 γῆν
988 2179 1246 2250 νομίζων,
1277 2172 1656 2246 κυματοῦσθαι
1683 2171 1782 2232 τὰς
1811 2167 2032 2238 φρέναςο

739 2277 829 2338 Ὠς
860 2272 1122 2343 κυμάτων
1159 2268 1269 2339 γὰρ
1299 2263 1722 2333 ἀντισύνδρομον
1765 2258 1946 2328 μάχην

727 2368 822 2430 Εἰς
857 2366 916 2418 ἓν
949 2381 1001 2416 τι
1036 2361 1216 2433 ῥεῦμα
1251 2354 1550 2426 συμφορῶν
1577 2352 1920 2421 ἀφιγμένων.

731 2459 817 2527 Ili;
851 2457 949 2526 μὲν
979 2452 1088 2523 γὰρ
1117 2453 1150 2520 ὴ
1177 2451 1250 2520 γῆ
1277 2448 1385 2502 τῶν
1424 2447 1683 2500 ἀθάπτων
1725 2439 2028 2512 Βαρϐάρων

733 2549 910 2617 ’Ὑλην
952 2542 1370 2615 παρεὸλάστησε
1396 2539 1503 2593 τῶν
1536 2536 1767 2605 δένδρων
1808 2531 1991 2594 πλέον,

582 1281 686 1338 475

594 2700 818 2760 natandi
839 2699 1010 2772 ﬁngit,
1035 2695 1412 2767 deprehensus
1437 2701 1559 2758 est;
1587 2691 1725 2746 alter
1747 2704 1875 2745 vero
1900 2693 2178 2742 mortuum

593 2811 757 2866 super
781 2807 977 2863 aquam
1003 2789 1247 2844 imitatus
1279 2785 1533 2856 sperabat
1557 2783 1811 2846 evadere,
1855 2795 1914 2834 se
1941 2776 2180 2833 suffoca-

597 2899 712 2944 tum
744 2885 1040 2947 simulans;
1084 2881 1230 2953 (470)
1277 2878 1496 2933 et'alter
1529 2891 1594 2930 ex
1625 2873 1755 2944 ipsis
1787 2888 1890 2942 pro
1919 2871 2054 2925 turri
2085 2884 2178 2925 ca-

594 2982 770 3034 rinam
797 2978 934 3031 clam
965 2973 1149 3036 subiit,
1185 2971 1272 3024 ubi
1296 2971 1389 3024 diu
1411 2981 1738 3038 permanens
1763 2981 1827 3019 ex
1855 2961 2182 3017 necessitate

594 3085 748 3125 suam
797 3065 1158 3121 calamitatem
1203 3058 1483 3113 sustinuit.
1513 3050 1783 3110 Cieterum
1821 3067 1916 3107 eos
1959 3065 2172 3114 omnes,

1895 322 2215 385 GEORGII
2254 318 2531 381 ΡΙΞῙΌᾹΞ

2177 440 2223 493 Α
2252 430 2354 485 490
2391 431 2472 499 [ιη
2507 430 2551 483 δ’
2577 430 2612 499 ἡ
2653 426 2893 481 θάλαττα
2921 426 2986 495 τῇ
3024 425 3167 495 φορᾷ
3195 423 3302 477 τῶν
3327 422 3610 492 ,λειψάνων

3705 311 3840 376 1292

2413 519 2747 590 Ὀχλουμένη
2779 534 2839 569 τε
2870 517 2964 570 καὶ
2994 517 3467 586 κατεστορεσμένη
3577 538 3588 548 ε

2409 609 2498 675 Ἐξ
2537 607 2851 677 ἀλλοφύλων
2894 606 3144 675 αἱμάτων
3176 604 3545 674 φοινίσσεται·

2400 700 2510 754 Καὶ
2538 699 2635 752 νῦν
2674 695 2913 767 Ἐρυθρά
2945 696 3151 767 κυρίως
3181 695 3464 757 ἀκούεται,

2405 789 2603 850 Καλῶς
2639 787 2874 858 βαφεῖσα
2895 789 2969 856 ,τῇ
3009 785 3154 856 βαφῇ
3181 786 3291 838 τῶν
3318 785 3644 854 Βαρϐάρων.

2260 885 2365 941 495
2403 881 2554 934 Ἔδει
2583 879 2712 949 γὰρ,
2747 873 2924 947 οἶμαι,
2956 877 3049 929 τὸν
3086 874 3289 947 Φαραὼ
3322 876 3414 928 τὸν
3449 875 3708 946 δεύτερον

2401 973 2716 1027 Βλέπουσαν
2749 970 2920 1040 αὐτὴν
2949 969 3046 1023 καὶ
3077 969 3197 1022 νέον
3232 986 3292 1022 σε
3325 968 3554 1033 Μωσέα,

2401 1066 2512 1130 Τὰς
2542 1064 2646 1133 τῆς
2678 1061 2944 1134 Ἐρυθρᾶς
2973 1061 3260 1125 εἰκονίζειν
3288 1061 3560 1130 ἐμφάσεις
3580 1075 3597 1092 ο

2404 1157 2513 1208 Καὶ
2557 1154 2651 1208 νῦν
2681 1152 2899 1223 ἔχουσιν
2931 1153 3012 1216 είς
3044 1151 3240 1220 σοροὺς
3272 1150 3343 1204 τὰ
3372 1149 3594 1220 κύματα

2401 1247 2641 1316 Μνήμην
2675 1244 2903 1315 ἔνυγρον
2932 1244 3028 1297 καὶ
3061 1231 3247 1312 ταφὴν
3268 1243 3600 1309 Αἰγυπτίαν.

2266 1339 2367 1395 500
2406 1339 2521 1391 Οὐκ
2545 1333 2613 1408 ἦν
2645 1337 2753 1406 γάρ
2777 1335 2924 1398 εἰκὸς
2953 1333 3303 1403 ἐνδεεστέραν
3333 1333 3556 1402 βλέπειν

2406 1430 2549 1500 Πρὸς
2577 1429 2676 1499 τὴν
2706 1425 2941 1480 παλαιὰν
2970 1426 3070 1491 τὴν
3107 1426 3234 1477 νέαν
3273 1423 3563 1495 τιμωρίαν.

2409 1523 2665 1593 ’ᾼσωμεν
2695 1515 2790 1572 οὖν
2820 1519 2911 1570 τὸν
2950 1516 3142 1587 ὕμνον,
3186 1517 3287 1568 οὐκ
3315 1517 3372 1567 ἐν
3400 1514 3713 1583 τυμπάνοις

2409 1615 2704 1684 Ἀρῤυθμα
2739 1609 3137 1680 βομὸἡσαντες,
3162 1608 3277 1660 ἀλλ’
3301 1609 3358 1659 ὲν
3387 1605 3644 1674 ὀργάνοις

2407 1705 2530 1758 Τῶν
2570 1704 2718 1757 ἔνδον
2757 1705 2889 1773 ἡμῖν
2923 1701 3201 1771 μυστικῶς
3229 1698 3618 1771 ἡρμοσμένων.

2197 1785 2241 1840 Β
2271 1797 2375 1853 505
2415 1798 2525 1850 Καὶ
2565 1795 2736 1866 νεῦρα
2771 1795 2870 1865 μὲν
2901 1794 3170 1864 τείνωμεν
3201 1789 3532 1862 ἐψυχωμένα

2412 1889 2525 1942 Καὶ
2564 1887 2820 1956 πλῆκτρα
2857 1885 3106 1955 γλώσσας
3143 1886 3236 1938 καὶ
3270 1885 3340 1938 τὰ
3369 1884 3525 1954 χείλη
3558 1881 3860 1953 κύμϐαλα,

2413 1978 2732 2047 Αἱσθήσεων
2765 1978 2821 2030 δὲ
2857 1977 3208 2046 πενταχόρδῳ
3237 1975 3483 2028 συνθέσει

2415 2071 2519 2123 Τὸν
2560 2056 2730 2141 ἄκρον
2763 2072 2843 2132 είς
2875 2069 2969 2122 τὸν
2997 2068 3218 2140 πρῶτον
3244 2068 3491 2138 εἴπωμεν
3519 2067 3701 2120 τόνον.

2416 2159 2574 2212 Οὖτω
2614 2158 2723 2228 γὰρ
2755 2160 2790 2227 ἡ
2821 2157 2919 2228 μὲν
2947 2156 3069 2226 ὄψις
3099 2158 3133 2228 ἡ
3165 2157 3273 2209 τῶν
3305 2156 3573 2227 ὀμμάτων

2275 2254 2378 2308 510
2420 2253 2605 2305 Πᾶσαν
2640 2248 2897 2320 καθαιρεῖ
2929 2247 3232 2317 βλαπτικὴν
3261 2247 3500 2317 θεωρίαν
3521 2263 3536 2278 ·

2424 2344 2490 2396 Ἢ
2530 2345 2575 2396 δ’
2605 2337 2672 2397 αὖ
2701 2340 2869 2412 νοητὴ
2897 2340 3006 2393 τῶν
3040 2341 3402 2410 ἀκουσμάτων
3435 2340 3578 2413 πύλη

2419 2435 2612 2504 Ἥχοις
2647 2433 2905 2495 ἀτάκτοις
2947 2432 3047 2484 οὐκ
3074 2431 3275 2496 ἀνοίξει
3305 2431 3403 2494 τὰς
3437 2431 3628 2503 θύρας.

2415 2525 2540 2580 Οὐδ’
2569 2520 2634 2579 αὖ
2671 2541 2735 2593 γε
2770 2525 2869 2594 τὴν
2899 2523 3166 2594 ὄσφρησιν
3202 2523 3564 2594 ὴπατημένην

2276 2697 2397 2739 vam
2452 2680 2665 2736 ferebat
2711 2681 2836 2750 plus
2875 2695 3038 2751 quam
3091 2695 3156 2734 ex
3211 2679 3544 2732 arboribus:
3579 2677 3732 2748 (490)
3783 2677 3877 2735 hic

2278 2785 2460 2831 autem
2493 2789 2644 2829 mare
2683 2774 2845 2828 dorso
2890 2781 3108 2843 gestans
3139 2771 3400 2825 cadavera
3432 2785 3608 2839 nuper
3638 2780 3877 2824 contur-

2278 2869 2463 2922 batum
2495 2876 2550 2920 et
2583 2879 2732 2918 nunc
2785 2863 3033 2918 sedatum
3085 2877 3149 2916 ex
3179 2862 3608 2932 alienigenarum
3659 2877 3880 2932 purpu-

2279 2957 2446 3011 rascit
2486 2955 2782 3026 sanguine;
2813 2963 2867 3008 et
2914 2969 3062 3008 nunc
3104 2967 3232 3007 vere
3279 2960 3334 3008 et
3381 2952 3599 3023 proprie
3635 2967 3878 3008 raorum

2281 3047 2454 3110 audit,
2519 3055 2629 3100 tam
2700 3046 2840 3100 bene
2900 3045 3130 3100 tinctum
3191 3045 3425 3099 tinctura
3485 3045 3878 3101 barbarorum.

598 3169 857 3229 tanquam
900 3169 1063 3210 unam
1111 3152 1324 3218 navim,
1371 3147 1538 3203 maris
1586 3145 1729 3202 unda
1778 3141 2048 3198 concitata
2092 3140 2178 3197 di-
2204 3153 2247 3210 ο
2283 3138 2429 3208 (495)
2461 3136 2759 3206 Oportebat
2792 3135 2961 3197 enim,
2986 3146 3046 3192 ut
3079 3145 3231 3207 puto,
3259 3135 3597 3191 Pharaonem
3631 3138 3879 3192 alterum

599 3257 819 3412 ερῖιὶζὲ)
858 3335 1065 3390 Exinde
1089 3331 1180 3403 qui
1220 3346 1393 3400 nuper
1419 3331 1680 3384 incensus
1708 3325 1996 3381 immodice
2021 3323 2176 3377 ﬂam-

597 3448 739 3486 mam
776 3429 1036 3484 fundebat
1062 3442 1127 3480 ex
1163 3439 1279 3485 ore,
1309 3423 1488 3492 ignem
1520 3437 1584 3475 ex
1609 3420 1826 3490 jaeulis,
1859 3417 2179 3472 combustus

597 3533 683 3578 est
706 3528 930 3591 repente
961 3519 1248 3578 barbarus,
1274 3514 1566 3582 statimque
1597 3513 1734 3566 cinis
1755 3510 1929 3565 factus
1957 3518 2040 3563 est
2069 3506 2178 3561 uti-

592 3607 745 3676 liter,
781 3617 842 3662 ut
873 3605 1014 3677 ignis
1056 3604 1148 3672 qui
1195 3603 1338 3672 ligna
1384 3597 1728 3652 immerentia
1780 3595 2174 3649 eombusserat.

604 3701 749 3772 (480)
778 3699 988 3766 Quippe
1044 3695 1181 3747 alius
1230 3700 1350 3762 post
1406 3691 1572 3744 alium
1629 3687 1879 3743 mittebat
1930 3683 2177 3746 nuntios,

602 3793 695 3864 qui
719 3793 787 3846 ad
827 3806 952 3846 eum
976 3787 1234 3842 aﬂ‘erreut
1259 3785 1396 3838 mala
1425 3783 1573 3838 velut
1605 3780 1909 3849 manipulos
1936 3795 1948 3830 :
1982 3793 2010 3829 a
2037 3785 2181 3830 terra

603 3888 749 3942 enim
811 3885 878 3938 ad
941 3895 1123 3945 mare,
1179 3889 1234 3933 et
1291 3878 1358 3932 ad
1416 3886 1612 3930 terram
1678 3873 1879 3942 pariter
1935 3887 1962 3924 a
2019 3867 2178 3932 mari,

603 3986 720 4031 erat
768 3973 1137 4030 calamitatum
1179 3975 1496 4039 tempestas.
1540 3967 1613 4020 Ita
1664 3966 1826 4035 igitur
1870 3977 2061 4033 passus
2096 3969 2180 4013 est

606 4083 799 4123 novam
845 4072 1219 4134 tempestatem
1262 4060 1430 4132 (485),
1473 4059 1526 4112 ἱιι
1560 4070 1702 4113 terra
1734 4065 1884 4109 ratus
1919 4051 2181 4105 ﬂuctuare

604 4168 837 4214 mentes.
891 4157 1013 4209 Non
1075 4153 1235 4208 aliter
1277 4166 1443 4221 quam
1495 4164 1680 4204 secum
1737 4143 2183 4216 depraaliantihus

605 4249 768 4304 undis
812 4249 867 4302 in
914 4260 1080 4300 unam
1133 4242 1352 4297 tandem
1406 4249 1617 4310 partem
1673 4235 2006 4292 calamitates
2049 4245 2184 4284 con-

604 4341 798 4395 ﬂuunt.
829 4339 942 4392 lllic
987 4335 1135 4390 enim
1178 4341 1321 4389 terra
1361 4349 1427 4386 ex
1468 4329 1768 4386 inhumatis
1812 4323 2060 4381 barbaris
2095 4322 2193 4376 sil-

2279 3244 2429 3283 mare
2465 3229 2642 3298 ipsum
2685 3244 2809 3282 cum
2848 3228 3076 3293 videret,
3121 3239 3282 3298 teque
3316 3244 3518 3283 novum
3549 3228 3784 3293 Mosem,
3819 3239 3880 3284 ut

2277 3321 2457 3376 vivam
2489 3319 2753 3390 Erythrzei
2785 3318 3016 3374 referret
3057 3319 3334 3388 speciem;
3375 3328 3429 3371 et
3459 3334 3608 3372 nunc
3641 3318 3696 3371 hi
3729 3336 3878 3388 quo-

2281 3430 2388 3483 que
2420 3413 2621 3468 habent
2654 3429 2750 3482 pro
2780 3412 3001 3466 tumulis
3029 3413 3222 3476 undas,
3254 3412 3474 3465 humida
3508 3423 3880 3466 monumenta

2282 3513 2338 3557 et
2365 3502 2613 3571 sepulcra
2645 3501 2914 3572 IEgyptia.
2951 3500 3096 3570 (500)
3126 3499 3363 3569 quuum
3405 3499 3550 3553 enim
3594 3516 3704 3554 non
3756 3510 3883 3554 erat

2283 3602 2342 3646 ut
2375 3602 2520 3647 esset
2554 3591 2780 3646 inferior
2811 3591 2897 3645 illa
2935 3591 3156 3659 antiqua
3186 3591 3304 3644 haec
3335 3604 3476 3643 nova
3501 3589 3656 3643 ultio.
3693 3589 3880 3643 Cana-

2285 3698 2408 3738 mus
2441 3683 2604 3753 igitur
2633 3684 2915 3753 hymnum,
2969 3697 3079 3736 non
3109 3696 3234 3736 cum
3286 3681 3555 3751 tympanis
3591 3681 3881 3736 incondita

2287 3785 2712 3846 perstrepentes,
2761 3775 2854 3829 sed
2881 3789 3004 3828 cum
3035 3774 3254 3843 organis
3283 3774 3430 3828 intus
3474 3773 3530 3826 in
3569 3773 3737 3826 corde
3777 3789 3882 3826 no-

2286 3879 2400 3923 stro
2422 3867 2649 3938 mystice
2704 3866 3015 3937 temperatis
3044 3885 3056 3921 :
3099 3865 3245 3935 (505)
3275 3876 3330 3920 et
3379 3881 3582 3919 nervos
3618 3865 3884 3919 intenda-

2280 3976 2402 4014 mus
2443 3959 2656 4024 animte,
2708 3958 2948 4028 ﬁantque
2988 3958 3193 4028 plectra
3248 3958 3444 4027 linguae
3469 3968 3527 4012 et
3545 3957 3689 4011 labia
3726 3972 3885 4026 cym-

2281 4052 2423 4106 bala.
2455 4050 2521 4105 Et
2548 4065 2808 4104 sensuum
2838 4049 3212 4119 pentachordo
3250 4047 3679 4116 coniunctorum
3705 4047 3885 4100 altum

2284 4141 2339 4196 in
2365 4140 2556 4211 primis
2605 4139 2897 4194 eﬂ'eramus
2948 4140 3242 4194 canticum.
3287 4139 3364 4191 Ita
3400 4137 3546 4191 enim
3575 4137 3752 4200 visus,
3786 4137 3885 4206 qui

2286 4239 2371 4285 est
2413 4244 2480 4283 ex
2535 4229 2732 4295 oculis,
2781 4229 2928 4300 (510)
2979 4230 3049 4284 ab
3091 4227 3240 4282 omni
3270 4227 3665 4282 emundabitur
3716 4230 3888 4282 noxio

2304 4319 2656 4393 spectaculo;
2697 4322 2936 4391 itemque
2983 4317 3369 4376 intellectualis
3413 4320 3890 4375 auscultationum

1909 4479 2140 4537 VARIA‘I
2176 4479 2587 4537 LECTIONES.

676 4629 794 4696 505⁶
835 4626 894 4691 ἐξ
914 4625 1161 4696 ὀργάνων
1189 4623 1248 4677 Ρ.
1326 4621 1431 4677 505
1459 4619 1852 4693 ἑμψυχωμένα.
1932 4617 2034 4672 515
2064 4618 2398 4691 ἠπατημένη
2427 4617 2644 4672 codices
2677 4623 2730 4670 et
2761 4616 2851 4669 ed.

2128 4777 2363 4834 NOTAE.
2403 4781 2408 4787 ’

676 4924 800 4978 466.
834 4924 1008 4977 Simili
1038 4922 1200 4977 modo
1227 4937 1290 4977 ac
1340 4936 1478 4992 pene
1508 4921 1720 4992 iisdem,
1742 4919 2187 4992 artibuslegatos
2219 4925 2264 4980 D
2291 4920 3141 4992 fuisseroppresstss‘narrans,in:
3166 4917 3260 4971 τοῦ
3278 4917 3496 4992 εὐθέως
3516 4916 3593 4971 ait
3615 4915 3886 4992 ξκτεινον,

606 5011 637 5048 a
673 4994 849 5047 Persis
892 4995 958 5047 ad
997 4994 1314 5062 Chaganum
1341 4990 1556 5046 iuissos
1588 4991 1822 5062 evadere
1852 4990 2125 5062 studuisse
2155 5005 2186 5044 a

607 5065 1014 5183 Cpolitangrum
1045 5059 1317 5124 manibus,
1350 5061 1586 5116 vidimus
1616 5061 1682 5114 ad
1709 5077 1762 5114 v.
1793 5061 1888 5114 561
1924 5075 1990 5114 ex
2021 5059 2190 5113 Chro-

609 5150 724 5183 meo
751 5150 874 5183 υαδε
892 5151 926 5183 ι.

609 5150 724 5186 meo
751 5150 926 5200 pascn.

680 5198 801 5256 470.
829 5201 1002 5255 Naves
1019 5217 1140 5255 cum
1166 5201 1405 5256 turribus
1429 5201 1484 5254 in
1503 5215 1603 5253 usu
1623 5198 1790 5253 fuisse
1802 5200 1951 5270 apud
1975 5209 2192 5253 veteres

609 5282 882 5327 testantur
915 5273 1151 5326 historiae
1185 5281 1240 5324 et
1271 5271 1598 5324 numismata
1657 5287 1670 5322 :
1721 5269 1817 5323 sed
1847 5269 1965 5324 non
1997 5270 2192 5338 hujus-

609 5343 754 5396 modi
785 5351 941 5396 erant
974 5350 1089 5394 arte
1116 5341 1354 5394 Abarum
1383 5342 1623 5409 scaphae.

679 5412 803 5466 476.
825 5411 1029 5464 Alludit
1053 5410 1119 5463 ad
1141 5411 1315 5464 minas
1343 5419 1397 5464 et
1419 5406 1662 5463 convicia
1687 5408 1904 5479 superbi
1924 5406 2185 5478 Chagani,

606 5499 728 5553 qua:
756 5498 819 5536 ex
847 5481 1096 5553 Chronico
1127 5479 1359 5553 paschali
1385 5479 1669 5553 retulimus
1692 5481 1855 5553 adgv.‘
1874 5479 1998 5532 32L.

676 5553 801 5606 481.
841 5546 1135 5620 Maximam
1189 5549 1293 5601 vim
1329 5549 1733 5620 calamitatum;
1763 5549 1987 5620 δράγμα
2039 5546 2185 5601 idem

607 5637 670 5679 ac
691 5607 892 5744 πληθῄ.
921 5607 974 5673 in
1008 5607 1373 5690 Etymologico
1403 5618 1622 5686 δράγμα
1651 5607 1758 5672 τῶν
1796 5607 2110 5686 κερμάτων.

673 5692 799 5744 495.
833 5705 849 5744 ι
882 5690 1170 5744 teeohorus
1214 5689 1544 5744 patriarcha.
1602 5705 1655 5744 ι).
1707 5690 1792 5744 15.
1833 5703 1941 5740 non
1974 5699 2110 5744 temp

673 5689 799 5746 495λί
833 5689 1170 5760 Nieephorus
1214 5689 1544 5760 patriarcha,
1602 5705 1655 5756 p.
1707 5690 1792 5750 15,
1833 5703 1941 5760 non
1974 5699 2183 5760 tempe-

607 5763 782 5821 statis.
814 5761 908 5816 sed
937 5757 1330 5816 incurrentium
1379 5757 1785 5828 Cpolitauorum
1838 5757 1886 5809 vi
1922 5757 2180 5811 barbaros

2291 4979 2616 5069 rulime-rt
2637 4979 2828 5069 fro)th
2861 4991 2922 5040 τὸ
2951 4979 3242 5069 θαλάσσιον
3276 4987 3417 5058 ὕδωρ
3443 4987 3811 5054 ἑφοινίσσετο.

2359 5060 2484 5112 490.
2520 5058 2698 5127 Αὐτὴν
2733 5058 2927 5127 opinor
2957 5058 3250 5111 θάλατταν.

2359 5130 2484 5183 497.
2514 5128 2596 5182 Cf.
2627 5128 2800 5182 Exod.
2831 5143 2939 5192 xw,
2969 5129 3058 5182 51.

2361 5198 2500 5269 502.
2545 5197 2820 5268 Tympana
2875 5209 2930 5252 et
2967 5198 3284 5269 cymbalos,
3328 5197 3546 5269 quibus_
3587 5198 3888 5269 utebantur

2289 5267 2528 5332 barbari,
2571 5266 2825 5336 tanquam
2856 5266 3080 5336 profana
3113 5269 3479 5321 instrumenta
3519 5266 3739 5336 Deoque
3769 5267 3877 5319 lau-

2290 5337 2470 5391 dando
2503 5337 2685 5390 minus
2730 5338 3108 5391 convenientia
3145 5337 3386 5391 excludit
3423 5336 3626 5396 Pisida.
3659 5353 3722 5391 ac
3750 5351 3890 5390 sen-

2291 5421 2449 5461 suum
2497 5407 2912 5476 pantochordon
2937 5446 2951 5465 .
2980 5407 3235 5460 videlicet
3261 5408 3428 5476 animi
3459 5407 3714 5475 puriores
3750 5405 3892 5459 ασθ-

2290 5485 2432 5539 ctus,
2449 5477 2828 5530 tantummodo
2850 5476 3111 5532 admittit.
3131 5476 3332 5532 Confer
3349 5475 3425 5531 De
3449 5477 3636 5544 expert.
3661 5477 3887 5530 Heracl.

2290 5562 2352 5600 ιι.
2383 5546 2487 5600 Ξόϐ
2511 5555 2565 5599 et
2592 5561 2744 5600 seua.

2290 5562 2352 5610 ιι,
2383 5555 2487 5600 246
2511 5555 2565 5599 et
2592 5561 2744 5614 seqq.

2359 5616 2482 5686 511.
2514 5613 2730 5686 Νοητῆν
2761 5614 2935 5685 πύλην
2967 5623 3126 5669 vocat
3155 5615 3512 5680 intellectum,
3553 5615 3681 5684 quia
3727 5613 3888 5686 Plato

2287 5684 2342 5739 in
2379 5684 2421 5738 Τ
2421 5687 2592 5747 immo,
2617 5684 2674 5754 'p.
2709 5686 2798 5746 45,
2836 5684 2998 5754 caput
3029 5686 3114 5739 vel
3146 5685 3430 5738 cerebrum
3461 5687 3563 5753 τὴν
3588 5686 3686 5738 τοῦ
3735 5685 3886 5736 θειο-

2284 5756 2448 5809 τὰτου
2466 5755 2557 5809 καὶ
2581 5757 2873 5825 ἱερωτάτου
2898 5755 3064 5823 φέρον
3085 5755 3301 5819 οἴκησιν
3321 5755 3601 5810 sapienter
3627 5755 3883 5808 aﬂirmat.
