4126 6282
508 230 649 296 1303

545 346 612 399 53
650 344 788 410 Τοὺς
829 342 992 409 ἑπτὰ,
1025 344 1210 415 φησιν,
1249 343 1364 397 ἀλλ’
1386 343 1541 408 ὅλους
1573 344 1699 407 τοὺς
1730 343 1990 419 ἀστέρας.

647 433 760 487 Νῦν
792 434 1002 496 πάντας
1030 433 1229 497 αὐτοὺς
1252 433 1505 503 ἐμπεσὼν
1534 431 1611 511 τῷ
1639 433 1908 504 Ταρτάρῳ

644 525 847 578 Βλέπει
874 524 1181 587 σκοτεινοὺς
1213 524 1272 590 ἐξ
1310 522 1554 597 ἀνάγκης
1583 523 1850 593 ἑσπέρους

651 615 758 669 Kal.
785 616 886 684 τῆς
919 615 1005 667 ἐπ’
1030 614 1213 677 αὐτοῖς
1242 613 1548 683 ἀστοχήσας
1579 613 1637 665 ὲλ
1649 613 1815 681 πίδος,

648 704 755 768 Οὓς
790 703 897 767 ζῶν
923 702 1106 773 ἐτίμα,
1134 703 1380 757 δυσσεσεῖ
1404 703 1766 773 τεθαμμένος.

542 793 611 851 60
718 794 830 849 Ποῦ
863 792 961 848 νῦν
987 796 1014 845 ὁ
1040 792 1203 864 λῆρος
1239 791 1347 845 τῶν
1380 792 1690 862 ἁεισφαλῶν
1728 794 1968 862 Μάγων;

648 887 755 941 Ποῦ
784 887 891 939 τῶν
929 887 986 939 ὲν
1021 886 1240 956 ἄστροις
1266 884 1466 955 ὀργίων
1499 885 1570 939 τὰ
1600 885 1936 955 σκάμματα;

646 982 805 1043 Ποῖος
846 980 1080 1033 πεσόντα
1115 978 1359 1049 Χοσρόην
1389 978 1727 1049 rimosae-nat;

646 1074 868 1136 Πάντως
895 1072 1070 1137 ἔδοξεν
1100 1074 1358 1143 ἐμπεσεῖν
1396 1071 1474 1142 τῷ
1502 1070 1595 1125 τοῦ
1624 1072 1819 1143 κρόνου
1840 1087 1855 1102 ’

507 1225 837 1290 obscurum,
883 1224 1041 1294 eique
1102 1235 1229 1280 sunt
1297 1231 1536 1280 errantia
1574 1222 1686 1295 (55)
1746 1237 1855 1277 non
1914 1225 2087 1278 solum

507 1325 736 1386 septem,
770 1324 830 1370 ut
857 1316 1029 1381 aiunt,
1060 1325 1223 1381 astra,
1258 1314 1354 1370 sed
1379 1313 1580 1369 omnia.
1605 1312 1763 1368 Nunc
1790 1314 1970 1368 omnia
1999 1314 2087 1368 illa

505 1409 779 1464 demissus
801 1410 856 1464 in
885 1409 1172 1463 Tartarum
1205 1407 1574 1462 tenebricosas
1602 1406 1749 1462 videt
1777 1404 2087 1462 necessario

503 1515 801 1570 vesperas;
836 1509 999 1571 atque
1032 1516 1062 1555 a
1092 1515 1186 1570 spe
1208 1500 1453 1569 dejectus
1481 1500 1535 1553 in
1563 1499 1695 1570 ipsis
1721 1496 1916 1570 posita,
1963 1513 2084 1568 quae

502 1589 661 1645 vivus
696 1590 978 1658 adorabat,
1008 1599 1321 1645 exsecratur
1354 1598 1621 1646 mortuus.

576 1682 689 1753 (60)
721 1679 824 1738 Ubi
852 1697 1000 1737 nunc
1029 1696 1245 1754 semper
1273 1680 1614 1735 mendacium
1643 1678 1917 1751 Magorum
1944 1676 2080 1733 deli-

502 1774 619 1839 ria,
660 1774 751 1829 ubi
803 1773 1034 1829 deducta
1082 1774 1150 1827 ab
1201 1773 1367 1827 astris
1416 1770 1689 1842 orgiorum
1748 1770 2082 1825 scammata?

505 1863 943 1936 Quotusquisque
965 1863 1217 1922 exstincti
1253 1862 1540 1919 Chrosroae
1563 1864 1771 1918 notavit
1800 1863 1941 1931 dies,
1978 1880 2081 1936 pro

1813 229 2134 291 GEORGII
2182 232 2455 296 PISID/E

2113 354 2162 417 Δ

3638 224 3779 288 1300

2329 350 2531 404 Τέκνου
2561 346 2671 419 γὰρ
2699 346 2897 418 ὁρμαῖς
2920 342 2950 398 ὀ
2984 341 3227 412 worth;
3255 340 3524 412 ἀνῃρέθη.

2217 437 2287 495 65
2396 441 2632 512 Ὅμηρε,
2662 439 2754 492 τὸν
2787 436 2918 507 πρὶν
2954 433 3221 505 μηδαμῶς
3258 430 3535 503 Ἠρακλέα

2320 529 2453 584 Θεὸν
2481 530 2801 603 προσειπεῖν
2829 524 3070 597 ἀξιώσῃς
3100 523 3379 586 ἀσκόπως.

2388 620 2455 674 Τί
2484 619 2592 692 γὰρ
2615 618 2678 673 τὸ
2703 616 2881 672 κοινὸν
2910 616 3159 685 ὠφέλησε
3186 613 3281 667 τοῦ
3314 613 3434 684 βίου

2318 715 2549 786 Κάπρος
2593 713 2874 785 φονευθεὶς
2909 710 2942 781 ἢ
2983 710 3121 764 λέων
3154 709 3556 779 πεπνιγμένοςς

2319 803 2577 875 Θαύμαζε
2615 803 2839 874 μᾶλλον,
2873 802 2948 864 ὼς
2974 803 3033 854 ὲν
3062 799 3371 870 ἀνθρώποις
3397 799 3519 864 ἕνα,

2220 890 2287 947 70
2326 893 2428 945 Τὸν
2467 891 2853 965 κοσμορύστην
2882 888 3121 959 εὐλόγως
3158 889 3453 961 Ἡρακλέα.

2321 984 2607 1054 Κατῆλθεν
2643 977 2798 1047 οὗτος
2829 980 2956 1054 ἄχρι
2982 986 3080 1055 τῆς
3103 979 3262 1034 Αἴδου
3290 980 3482 1051 θύρας,

2320 1075 2430 1147 Τὴν
2460 1074 2659 1132 λύτταν
2686 1072 2821 1149 ἦγξε
2853 1074 2947 1129 τοῦ
2977 1075 3138 1139 κυνὸς
3167 1074 3260 1127 τοῦ
3298 1074 3627 1144 παμφάγου,

2185 1233 2337 1281 certo
2380 1226 2568 1282 statuit
2610 1226 2934 1282 moriturum
2977 1227 3127 1296 lapsu
3161 1225 3420 1297 temporis
3458 1244 3472 1280 :
3526 1236 3583 1281 at
3611 1226 3770 1280 illum

2184 1318 2297 1372 nati
2331 1318 2483 1374 furor
2510 1319 2838 1375 homicidam
2868 1320 3105 1375 sustulit.

2258 1409 2367 1480 r65)
2392 1408 2644 1476 Homere,
2692 1412 2934 1481 priscum
2982 1410 3133 1465 illum
3167 1425 3438 1480 nusquam
3475 1407 3767 1464 Herculem

2182 1497 2343 1553 deum
2370 1514 2566 1554 vocare
2594 1500 2890 1556 oscitanter
2913 1503 3345 1571 praesumpseris.

2258 1588 2469 1660 Ecquid
2500 1590 2645 1646 enim
2677 1591 2803 1646 boni
2828 1591 2951 1647 vitae
3001 1591 3244 1647 societati
3300 1590 3480 1646 attulit
3502 1604 3637 1660 aper
3653 1604 3769 1643 ma-

2188 1688 2363 1735 ctatus
2410 1689 2505 1734 aut
2532 1678 2828 1737 suﬂ‘ocatus
2855 1682 2977 1738 leo?
3027 1681 3183 1739 llunc
3213 1682 3485 1738 admirare
3543 1680 3765 1751 potius,

2188 1771 2339 1827 velut
2363 1786 2532 1827 unum
2561 1772 2706 1827 inter
2734 1772 2986 1829 homines
3025 1772 3135 1845 (70)
3166 1773 3355 1828 mundi
3389 1772 3763 1835 liberatorem,

2184 1864 2367 1919 verius
2409 1862 2700 1920 dicendum
2750 1860 3057 1920 Herculem.
3103 1864 3203 1921 Hic
3259 1879 3430 1936 usque
3476 1864 3544 1918 ad
3578 1872 3765 1934 portas

2026 1954 2257 2013 ΝΟΓᾹΞ.

501 2046 596 2120 qui
632 2056 842 2120 tantum
878 2048 935 2104 in
966 2048 1129 2120 astris
1160 2048 1348 2104 fideret
1375 2056 1437 2104 ut
1466 2063 1527 2103 ea
1548 2063 1647 2119 pro
1681 2048 1785 2120 diis
1818 2048 2068 2116 haberet,

502 2118 653 2173 nunc
686 2118 904 2173 demum
947 2119 1151 2175 sentire
1186 2134 1294 2174 non
1325 2133 1357 2173 a
1385 2118 1787 2189 septemrmodo
1813 2120 2067 2189 planetis,

503 2205 640 2259 quos
673 2203 791 2243 esse
825 2189 1001 2243 sidera
1027 2189 1255 2244 erratica
1289 2203 1421 2259 vaga
1449 2188 1502 2244 ei
1536 2188 1769 2257 palantia
1807 2188 2075 2246 noverant

503 2258 719 2314 veteres
741 2259 1063 2324 astronomi,
1083 2260 1177 2315 sed
1201 2258 1377 2314 etiam
1394 2259 1462 2314 ab
1478 2258 1598 2313 aliis
1613 2260 1868 2315 omnibus
1878 2260 2070 2325 stellis,

510 2344 649 2399 quas
706 2328 847 2399 ﬂexas
887 2344 1084 2399 vocare
1122 2329 1319 2393 solent,
1350 2343 1410 2384 se
1445 2328 1616 2399 fuisse
1648 2329 1957 2399 deceptum.
1984 2329 2076 2385 Sic

502 2397 665 2454 etiam
680 2397 819 2453 salse
838 2397 1025 2453 irridet
1044 2397 1333 2453 Persarum
1352 2398 1672 2469 religionem
1693 2408 1747 2453 et
1768 2397 2072 2464 scientiam,

501 2484 625 2538 quae
659 2469 1000 2537 potissimum
1040 2469 1094 2522 in
1115 2484 1253 2523 vana
1309 2468 1651 2538 planetarum
1694 2469 2077 2525 observatione

503 2536 708 2610 versari
740 2538 972 2610 solebat,
992 2553 1118 2592 cum
1160 2538 1229 2594 ab
1252 2536 1443 2593 eorum
1483 2536 1691 2593 influxu
1739 2538 1921 2594 omnia
1942 2553 2077 2610 pen-

505 2609 637 2663 dere
675 2608 1093 2662 arbitrarentur.

575 2679 665 2733 60.
684 2677 1045 2748 ‘Aeraeaketg.
1080 2676 1260 2747 Magos
1292 2676 1530 2748 appellat
1571 2693 1638 2732 eo
1664 2677 1809 2747 quod
1841 2692 2077 2748 semper,

500 2761 568 2819 ac
607 2747 879 2817 praecipue
911 2747 1145 2819 Heraclii
1196 2747 1531 2819 temporibus
1560 2790 1575 2812 ,
1612 2748 1901 2819 astrologia
1937 2747 2085 2817 judio

501 2816 670 2873 ciaria
717 2816 1284 2888 θιίὰποτελεσματικὴ
1333 2817 1558 2871 facultas
1594 2827 1744 2873 tanto
1788 2816 1841 2873 in
1870 2816 2081 2873 honore

500 2888 645 2956 apud
673 2902 768 2942 eos
811 2895 977 2950 esset,
1010 2896 1072 2941 ut
1101 2902 1223 2942 cum
1265 2889 1447 2958 omnia
1496 2903 1560 2941 ex
1591 2889 1810 2958 magicae
1836 2888 2077 2957 discipli-

500 2972 586 3012 ηαξ
630 2958 844 3022 arcanis
884 2958 1113 3026 petenda
1150 2957 1382 3011 consilia
1427 2966 1633 3022 essent,
1674 2957 1728 3013 et
1778 2957 1914 3012 nihil
1955 2958 2077 3012 fau-

499 3034 646 3081 stum
672 3042 795 3097 esse
823 3042 983 3097 posse
1020 3028 1419 3082 existimaretur
1447 3027 1588 3096 quod
1612 3029 1679 3082 ab
1702 3028 1779 3083 eis
1814 3043 1919 3082 non
1946 3028 2080 3083 fuis-

498 3104 587 3180 set
619 3096 924 3180 definitum,
956 3098 1215 3180 quidquid
1234 3097 1519 3180 agendum
1531 3108 1698 3179 esset,
1734 3114 1832 3168 per
1863 3098 2075 3180 divina?

503 3166 679 3222 tiones
721 3177 777 3222 et
818 3166 1158 3222 somniorum
1200 3166 1683 3236 interpretationes
1734 3166 1970 3236 expendi
2019 3176 2075 3223 et

497 3236 653 3307 juxta
680 3239 859 3291 varias
889 3237 1227 3309 planetarum
1262 3237 1473 3307 species
1494 3237 1986 3309 conversionesque
2020 3247 2076 3294 et

500 3316 800 3377 potestates
837 3308 1108 3375 explorari
1141 3316 1299 3363 antea
1321 3316 1616 3377 oporteret.

437 3439 439 3441 1
500 3376 509 3447 ᾖ
546 3376 667 3447 ﬁl.
689 3377 829 3442 Quid
872 3378 983 3431 sint
1014 3377 1335 3447 σκάμματα,
1362 3376 1580 3432 dictum
1604 3392 1767 3447 supra
1800 3393 1855 3432 v.
1889 3377 1978 3433 51.
2008 3378 2079 3433 At

498 3446 591 3500 hic
650 3446 881 3501 Pisidam
938 3456 1070 3516 puto
1118 3446 1315 3502 vocare
1350 3446 1759 3502 scammata’ex
1806 3456 2076 3502 astrorum

498 3518 883 3587 observatione
918 3517 1117 3585 petitas
1146 3532 1177 3571 a
1202 3517 1371 3587 Magis
1401 3516 1752 3584 deﬁnitiones,
1783 3518 1983 3586 quibus
2001 3517 2078 3571 illi

496 3585 779 3655 vanissimi
826 3596 1205 3650 aeruscatores,
1252 3585 1441 3655 quales
1480 3586 1696 3655 qualive
1759 3585 1872 3643 fato
1910 3587 2078 3642 futuri

500 3663 695 3725 essent
713 3654 984 3725 homines.
1015 3655 1108 3724 qui
1136 3656 1240 3710 sub
1270 3654 1655 3725 cujuscunque
1693 3656 1885 3713 sideris
1909 3656 2080 3712 forma

499 3733 556 3779 et
584 3723 856 3795 positione
874 3726 986 3779 nati
1032 3723 1238 3786 essent.
1287 3723 1621 3780 divinabam.
1666 3727 1863 3795 Ὄργια
1896 3737 2079 3783 autem

498 3794 822 3877 huiusmodi
846 3811 1044 3877 .nugas
1082 3803 1139 3877 et
1181 3795 1551 3877 deliramenta
1590 3794 1847 3877 appellat,
1872 3807 2000 3877 tum
2025 3805 2084 3854 ut

498 3876 593 3947 eas
637 3867 793 3932 aeque
845 3863 1040 3947 impias
1082 3873 1138 3947 et
1178 3864 1402 3947 insanas
1420 3879 1579 3947 “esse.
1625 3863 1973 3947 demonstret
2019 3881 2084 3921 ac

496 3932 808 4005 Grzeeorum
830 3932 1001 4005 orgia,
1024 3934 1223 4005 quibus
1263 3934 1393 3991 clim
1420 3934 1636 3991 Baccho
1669 3952 1821 3991 sacra
1858 3936 2080 3999 ﬁebant,

498 4009 615 4056 tum
645 4013 703 4076 ut
721 4003 999 4076 Magorum
1025 4003 1332 4076 stultitiam,
1355 4014 1529 4069 vexet,
1560 4007 1656 4075 qui
1700 4016 1758 4060 ut
1785 4007 1999 4076 popello
2032 4005 2086 4060 id

496 4074 891 4146 praestigiarum
924 4074 1139 4146 facilius
1176 4074 1539 4146 venditareut,
1583 4077 1639 4130 in
1673 4074 1875 4146 templa
1900 4086 1956 4132 et
1988 4092 2086 4146 py-

497 4157 590 4216 rea
646 4144 886 4216 coibant,
936 4153 996 4199 ut
1023 4145 1091 4216 de
1130 4144 1438 4209 vaticiniis,
1482 4160 1603 4214 quae
1640 4144 1809 4216 orgiis
1846 4146 1974 4214 quid
1993 4144 2087 4216 si-

495 4211 645 4277 mile,
676 4213 720 4266 si
749 4228 929 4283 rerum
956 4214 1253 4269 vanitatem
1276 4211 1517 4283 spectes,
1536 4211 1734 4270 merito
1749 4211 1968 4280 dixeris,
2001 4215 2088 4268 in-

498 4289 583 4336 ter
613 4298 671 4336 se
699 4282 1139 4352 colloquerentur
1175 4292 1230 4337 et
1254 4282 1639 4339 deliberarent.
1674 4284 1860 4352 Itaque
1905 4284 2088 4340 Pisida

494 4367 595 4419 per
628 4353 726 4406 has
752 4355 1041 4407 verborum
1087 4354 1360 4422 ambages,
1392 4352 1607 4422 opinor,
1646 4354 1903 4422 exprimit
1954 4355 2089 4409 Per-

2180 2060 2235 2120 et
2258 2064 2367 2120 quo
2395 2048 2624 2120 quisque
2655 2063 2860 2120 genere
2880 2046 3073 2120 mortis
3107 2056 3161 2102 et
3183 2047 3293 2120 ictu
3324 2046 3586 2115 temporis
3615 2057 3764 2120 esset

2176 2117 2519 2190 interiturus,
2536 2117 2610 2174 ‘se
2638 2117 2796 2189 posse
2830 2119 3122 2190 praedicere
3150 2117 3761 2190 proﬁterenturpcujns

2170 2189 2248 2242 rei
2272 2198 2439 2243 testes
2481 2197 2611 2244 sunt
2642 2186 2743 2243 “tot
2793 2186 3167 2243 oraculorum'
3189 2197 3245 2242 et
3275 2187 3544 2241 visionum
3579 2186 3706 2241 libri
3732 2203 3765 2243 a

2170 2258 2820 2314 Christianisauctoribus
2836 2258 3142 2326 memorati,
3168 2258 3237 2312 de
3264 2258 3464 2326 quibus
3492 2256 3765 2313 videndus

2170 2327 2471 2395 Fabricius,
2492 2328 2627 2399 Bibl.
2663 2328 2829 2384 Graec.
2848 2328 2954 2383 vol.
2993 2325 3089 2399 Vl,
3116 2344 3169 2399 p.
3195 2325 3320 2399 565Δ
3348 2328 3460 2399 qui,
3504 2336 3567 2399 ut
3596 2326 3760 2394 solet,

2172 2399 2481 2468 pet-erudite
2523 2398 2794 2453 disserens
2842 2410 3022 2452 utrum
3072 2395 3238 2452 Leoni
3287 2395 3544 2468 Sapienti,
3586 2412 3765 2453 necne

2173 2467 2326 2537 recte
2366 2469 2676 2522 tribuantur
2715 2470 2935 2523 oracula
2981 2483 3102 2537 qua:
3126 2468 3227 2523 sub
3259 2469 3379 2535 ejus
3401 2467 3627 2521 nomine
3647 2468 3765 2521 cir-

2175 2535 2577 2601 cumferuntur,
2620 2537 2852 2606 plurima
2891 2535 3203 2607 huiusmodi
3234 2538 3433 2607 scripta
3478 2546 3761 2591 recenset.

2178 2607 2289 2662 Leo
2337 2608 2500 2662 etiam
2557 2606 2806 2672 Allatius,
2854 2606 3081 2664 Diatrib.
3147 2607 3208 2661 de
3235 2606 3493 2677 Georgiis,
3543 2623 3600 2675 p.
3629 2608 3760 2671 35f,

2176 2678 2354 2732 obiter
2396 2677 2691 2732 nonnullos
2726 2678 3106 2733 vaticiniorum
3151 2677 3317 2731 libros
3370 2686 3659 2743 memorat,
3690 2692 3763 2732 ex

2176 2746 2376 2816 quibus
2413 2748 2577 2803 etiam
2623 2756 2850 2817 apparet
2878 2748 3152 2804 exstitisse
3195 2747 3331 2817 olim,
3360 2747 3611 2816 quaedam
3628 2762 3765 2817 ora-

2180 2818 2303 2873 cula
2340 2817 2600 2888 Cbosroae
2645 2816 2929 2873 Persarum
2988 2819 3134 2888 reg-is
3189 2816 3433 2888 nomine;
3476 2816 3762 2888 inscripta,

2180 2903 2434 2957 quorum,
2470 2887 2526 2941 ni
2575 2886 2750 2951 fallor,
2790 2885 3076 2957 specimen
3103 2896 3189 2943 est
3213 2887 3265 2942 id
3291 2886 3437 2956 quod
3462 2885 3533 2940 de
3559 2888 3763 2957 vaticif

2181 2953 2287 3013 niis
2315 2957 2574 3028 Cbosroae
2601 2959 2761 3013 tradit
2797 2953 3094 3028 Theopbyl.
3129 2953 3442 3028 Simocatta,
3475 2971 3529 3025 p.
3564 2957 3689 3028 158.
3754 2953 3774 2972 ⁸

2106 3062 2147 3122 c
2251 3028 2341 3083 65.
2369 3027 2754 3097 Theophanes,
2779 3044 2832 3098 p.
2862 3028 2986 3092 271,
3015 3026 3200 3081 narrat
3231 3026 3463 3102 Siroam,
3490 3027 3767 3082 suadente

2182 3095 2452 3151 Heraclio.
2470 3096 2525 3151 in
2551 3097 2850 3151 Cbosroam
2876 3097 3199 3151 parricidam
3215 3111 3366 3150 arma
3394 3096 3650 3151 movisse.
3678 3097 3766 3151 io—

2229 3098 2452 3162 eraclio,
2470 3096 2525 3151 in
2551 3096 2850 3168 Cbosroam
2876 3097 3199 3168 parricidam
3215 3111 3366 3150 arma
3394 3096 3650 3168 I'u_ovisse,
3678 3097 3766 3166 ip-

2178 3182 2411 3237 sumque
2450 3167 2660 3223 catenis
2702 3166 2960 3222 onustum
2998 3167 3053 3222 in
3093 3181 3368 3237 carcerem
3422 3166 3760 3222 detrusisse:

2176 3238 2251 3293 ibi
2275 3236 2457 3292 autem
2500 3246 2746 3306 satrapas
2788 3237 3164 3302 constituisse,
3214 3236 3307 3305 qui
3347 3251 3471 3290 eum
3513 3250 3656 3304 pane
3702 3246 3763 3291 et

2174 3323 2315 3377 aqua
2354 3322 2518 3376 parce
2546 3315 2908 3377 sustentatum
2943 3306 3157 3377 injuriis
3188 3306 3521 3377 lacesserent
3547 3315 3602 3360 et
3626 3321 3766 3361 con-

2176 3375 2502 3446 spurcarent
2573 3377 2786 3446 sputis;
2842 3375 3141 3432 Merdasam
3185 3377 3304 3446 ejus
3349 3375 3543 3446 ﬁlium,
3590 3391 3761 3443 quem

2176 3448 2448 3505 Cbosroes
2484 3463 2582 3517 pro
2609 3447 2765 3502 Siroa
2789 3447 2842 3501 in
2870 3462 3053 3515 regem
3087 3445 3339 3517 coronari
3361 3445 3645 3517 voluerat,
3674 3447 3766 3500 in—

2178 3517 2350 3573 terﬁci
2378 3515 2627 3586 jussisse,
2647 3533 2946 3586 omnesque
2964 3516 3200 3586 reliquos
3222 3515 3343 3586 ejus
3361 3515 3564 3586 liberos
3591 3531 3621 3569 e
3644 3530 3766 3570 nte-

2178 3532 2350 3573 terum
2378 3533 2627 3586 jusstsse,
2647 3533 2946 3586 omnesque
2964 3532 3200 3640 reurguos
3222 3532 3343 3638 θέμις
3361 3532 3564 3569 ηοω-οε
3591 3532 3621 3569 e
3644 3532 3762 3570 nte-

2178 3588 2270 3644 dio
2296 3588 2410 3643 tolli
2445 3589 2750 3665 mandasse.
2892 3587 3052 3665 πέντε
3106 3586 3129 3638 ὲ
3146 3587 3236 3665 ῃμ
3271 3584 3571 3665 ραις-τοῦτο
3602 3586 3762 3665 ποιῇς

2180 3675 2382 3720 σαντας
2441 3659 2729 3712 ἐκέλευσεν
2771 3659 2799 3711 ὁ
2831 3658 3028 3725 Σιρόης
3080 3655 3279 3710 τοῦτον
3313 3655 3490 3722 τόξοις
3519 3655 3762 3719 ἀνελεῖν,

2180 3730 2278 3782 καὶ
2326 3726 2503 3799 οὕτως
2550 3727 2691 3799 κατα
2739 3724 2935 3799 μικρὸν
2979 3724 3037 3781 ὲν
3067 3727 3263 3787 δεινοῖς
3312 3724 3601 3793 παρέδωκε
3659 3726 3763 3796 τὴν

2182 3815 2318 3869 πονη
2328 3798 2425 3869 ραν
2454 3796 2619 3851 αὑτοῦ
2648 3796 2849 3868 ψυχήν.

2252 3863 2341 3921 63ξ
2382 3863 2675 3922 Homerum
2717 3863 2906 3923 inonet
2952 3881 3021 3921 ne
3054 3863 3340 3920 Herculem
3385 3865 3457 3920 ob
3492 3880 3756 3935 prasenara

2219 3947 2333 3991 esta
2363 3936 2507 3991 inter
2544 3937 2676 3991 deos
2709 3946 3021 4000 recenseat,
3067 3950 3140 3991 ne
3173 3936 3433 3990 ridiculus
3465 3935 3672 3999 audiat,
3706 3946 3766 3990 et

2223 4006 2521 4068 ποθεὼσεις
2536 4021 2674 4074 quas
2700 4017 2885 4063 narrat
2915 4007 3197 4062 vilescant.
3217 4005 3313 4068 Ac,
3346 4006 3399 4059 ni
3440 4004 3618 4065 fallor.
3668 4020 3762 4059 re-

2186 4077 2345 4156 spicit
2370 4077 2435 4130 ad
2468 4076 2654 4156 locum
2688 4078 2964 4156 Odyggeaz,
3078 4074 3453 4156 quelllyssem
3481 4075 3581 4156 ait“
3604 4075 3765 4156 inve-

2186 4144 2336 4201 nisse
2371 4146 2514 4215 apud
2568 4144 2783 4201 inferos
2808 4145 3054 4201 Herculis
3092 4144 3351 4215 idolum,
3376 4145 3438 4198 Η
3478 4144 3603 4199 600.
3640 4145 3765 4215 Cae-

2187 4226 2367 4271 terum
2408 4214 2478 4270 de
2514 4230 2669 4270 more
2717 4216 2911 4271 ludens
2944 4224 3102 4285 poeta
3134 4214 3187 4267 in
3218 4214 3464 4285 vocibus,
3500 4215 3573 4285 ob
3605 4214 3762 4268 simi-

2190 4286 2477 4341 litudinem
2513 4285 2751 4341 nominis
2779 4286 3010 4340 Her-aelii
3045 4299 3167 4339 cum
3216 4284 3467 4345 Hercule,
3521 4284 3765 4353 impera-

2190 4355 2336 4436 toris.
2361 4364 2508 4426 gesta
2537 4354 2694 4425 longe
2724 4354 3061 4436 praeierenda
3089 4362 3144 4407 et
3168 4352 3578 4436 immortalitate
3605 4353 3766 4436 valde

497 4413 681 4495 sarum
713 4423 1009 4495 levitatem,
1034 4413 1482 4495 quihoroscopes
1511 4431 1565 4476 et
1595 4413 1892 4493 genituras,
1922 4434 2085 4479 caete-
2115 4413 2166 4475 Ι)
2192 4413 2436 4495 ᾱίειιίονιιε
2470 4440 2591 4478 esse
2628 4413 2793 4495 quam
2832 4424 3097 4495 Herculis
3119 4423 3431 4495 certamina
3457 4424 3763 4495 contendit.

495 4492 691 4559 roquin
739 4507 827 4546 res
869 4492 1214 4555 vanissimas,
1259 4499 1320 4545 ut
1352 4491 1482 4560 quid
1506 4491 1725 4547 sacrum
1765 4501 2084 4548 tractarent.

494 4560 597 4633 Qui
619 4563 771 4633 plura
788 4561 935 4633 velit,
952 4577 1075 4630 qua:
1093 4562 1161 4633 ad
1185 4577 1300 4633 rem
1328 4560 1551 4633 faciant,
1570 4562 1698 4631 περὶ
1732 4562 2089 4633 γενεθλιακῆς

498 4632 661 4701 adeat
691 4630 988 4701 Lucianmn
1009 4633 1073 4701 de
1100 4630 1385 4701 Astrology
1408 4630 1506 4701 qui
1532 4630 1676 4685 hanc
1695 4631 1857 4701 plane
1879 4630 2087 4689 ridicu-

496 4698 918 4771 larnscientiam
952 4699 1215 4763 defendit,
1242 4698 1558 4771 etGellium
1590 4698 1761 4764 HJ,
1790 4718 1899 4771 quo
1922 4717 2088 4757 nemo

494 4767 869 4888 meliuzltli‘nter
904 4776 1120 4825 veteres
1175 4769 1541 4825 subtilissima:
1570 4771 1705 4826 artis
1732 4767 2088 4829 fundamenta

495 4852 670 4888 COBVB
713 4854 726 4888 Ι
759 4876 773 4888 .

495 4837 773 4890 convellit.

566 4905 657 4976 69..
693 4905 966 4976 Magorum
988 4909 1256 4964 inscitiam
1296 4918 1353 4964 et
1369 4908 1662 4965 vanitatem
1680 4911 2088 4968 evincitexem-

492 4974 588 5053 plu
608 4974 889 5053 Chosroaa,
915 4993 1077 5053 quem
1097 4979 1189 5053 diu
1218 4980 1490 5053 victurum
1516 4981 1907 5053 ex‘horoscOpo
1945 4997 2087 5053 prae-

470 5044 768 5125 dixerant3
816 5048 1117 5125 usquedum
1164 5049 1281 5125 ipse
1312 5051 1539 5125 ab‘urbe
1559 5044 1916 5125 Ctesiphonte
1937 5044 2088 5125 invi-

497 5114 669 5193 senda
716 5114 1034 5193 abstineret,
1080 5114 1204 5171 eum
1238 5118 1583 5193 interfectum
1628 5114 1763 5175 iri'a
1796 5122 1905 5177 filio
1931 5121 2087 5193 Siroa

495 5183 718 5305 penitus
740 5183 1070 5265 ignorantes.
1109 5189 1353 5255 quamvis
1396 5204 1510 5271 eos.
1536 5199 1596 5243 ut
1626 5206 1797 5271 genus
1817 5192 2088 5260 quoddam

520 5253 777 5305 atldtcum
809 5261 865 5305 et
898 5253 1140 5305 dtvmum
1175 5256 1356 5305 laudet
1385 5259 1655 5305 Interamna
1705 5278 1757 5305 ιιι
1792 5262 2082 5305 Mam-abiis-

520 5253 777 5307 atidicum
809 5261 865 5307 et
898 5253 1142 5308 divinum
1175 5256 1356 5312 laudet
1385 5253 1655 5315 Lucianus
1704 5262 1757 5315 in
1788 5253 2083 5315 Macrobiis.

496 5322 701 5376 florum
730 5322 799 5377 de
828 5330 1002 5378 morte
1024 5324 1278 5381 Cbosroa'.
1298 5328 1605 5384 vaticinium
1636 5330 1803 5387 trabes
1830 5333 1885 5386 in
1906 5331 2087 5386 Theo-

495 5392 699 5464 phane,
727 5408 784 5462 p.
818 5392 942 5447 269.
972 5394 1239 5449 Caeterum
1289 5398 1364 5451 nil
1401 5400 1617 5464 mirum,
1655 5401 1702 5456 si
1722 5402 1969 5457 omnium
1997 5416 2086 5454 re-

495 5478 616 5540 rum
645 5462 1008 5540 humanarum
1047 5469 1580 5540 tempus,_rationem
1606 5462 1666 5525 et
1684 5485 1905 5525 causam
1949 5471 2086 5540 Magi

494 5530 551 5617 in
579 5533 841 5617 cmlonet
874 5549 937 5617 ex
967 5534 1137 5617 stellis
1162 5530 1528 5617 ieqUirebant,
1567 5555 1689 5594 cum
1719 5541 1898 5617 aetatis
1957 5530 2087 5617 vitio

498 5610 612 5681 turn
633 5603 803 5681 inulti
836 5604 1001 5681 etiam
1052 5604 1178 5681 alibi
1209 5603 1694 5681 circumferrentur
1725 5611 1975 5665 homines
2000 5611 2085 5665 fa-

498 5671 667 5737 tidici,
689 5673 780 5742 qui
808 5676 1022 5745 regibus
1055 5674 1180 5731 vita:
1206 5689 1484 5735 momenta
1523 5679 1735 5751 singula
1770 5682 2082 5752 explanare,

2259 4490 2347 4549 67.
2390 4495 2506 4548 Prae
2543 4490 2983 4564 czeterispoetis,
3011 4492 3101 4564 qui
3136 4490 3382 4564 Herculis
3418 4492 3631 4548 labores
3662 4492 3763 4564 de:

2189 4565 2456 4625 scribunt.
2483 4562 2846 4619 consulendus
2876 4562 3179 4624 Lucretius,
3210 4562 3308 4618 lib.
3332 4580 3363 4617 v
3391 4564 3444 4615 in
3474 4564 3645 4631 princ.
3672 4562 3764 4617 cui

2188 4635 2323 4690 deus
2353 4634 2441 4688 ille
2465 4641 2569 4697 est,
2599 4632 2711 4702 qui,
2739 4649 2845 4703 qua
2876 4634 3086 4688 ratione
3106 4632 3320 4687 animus
3343 4632 3560 4703 purgari
3590 4632 3767 4703 possit

2186 4720 2219 4759 a
2258 4704 2435 4768 vitiis,
2476 4718 2588 4756 non
2617 4701 2909 4773 quot—nodo
2953 4712 3096 4759 terra
3136 4716 3167 4755 a
3210 4701 3471 4757 monStris
3506 4701 3761 4767 liberari,

2187 4774 2453 4830 docuerit.

2257 4843 2344 4914 68.
2386 4845 2593 4914 Aprum
2623 4844 2676 4898 in
2707 4850 2892 4898 monte
2912 4842 3246 4914 Erymantho
3270 4840 3515 4895 Arcadiae
3528 4850 3761 4914 natum,

2187 4914 2279 4983 qui
2324 4909 2572 4970 Phocidis
2621 4930 2808 4984 agrum
2855 4909 3134 4974 vastabat,
3198 4912 3440 4984 vinctum
3477 4910 3544 4964 ad
3585 4909 3761 4979 Eury-

2188 4978 2405 5038 stheum
2436 4978 2963 5044 deduxit'ﬂercules.
2994 4992 3050 5037 et
3106 4984 3319 5037 leonem
3344 4978 3623 5034 Nemzeum
3644 4978 3765 5034 om-

2187 5054 2339 5108 nium
2371 5064 2616 5109 armenta
2645 5054 2699 5107 in
2730 5051 3040 5106 Phliuntem
3066 5062 3121 5107 et
3149 5052 3380 5107 Cleonos
3404 5049 3760 5105 dilaniantem

2186 5124 2352 5178 nudis
2382 5124 2631 5180 manibus
2669 5124 3071 5192 apprehensum
3100 5118 3404 5176 suffocavit.

2260 5195 2348 5270 70.
2391 5189 2959 5270 1-16τθοιίυιιι“-Ηοιόυιί
2990 5192 3330 5270 praelaturus,
3362 5204 3483 5270 qua;
3511 5189 3581 5244 de
3619 5203 3761 5270 tier-

2189 5264 2310 5319 cule
2336 5272 2646 5326 narrantur,
2687 5262 2913 5331 ejusque
2943 5259 3341 5331 κοσμορύστουΔ
3359 5259 3605 5323 titulum,
3654 5260 3761 5313 int-

2188 5333 2421 5402 peratori
2454 5334 2650 5388 melius
2676 5328 2969 5387 convenire
3010 5328 3268 5402 ostendit,
3312 5328 3504 5402 Persas
3535 5344 3759 5383 eorum-

2187 5397 2294 5473 que
2322 5418 2501 5473 regem
2550 5402 2845 5458 Cbosroam
2881 5400 3136 5473 monstris
3186 5408 3297 5453 toto
3327 5397 3444 5454 orbi
3488 5409 3759 5454 terrarum

2188 5471 2569 5527 iiifensissintis
2596 5486 2693 5541 per
2716 5471 3025 5542 allegoriam
3057 5484 3400 5542 comparans.

2258 5543 2346 5597 7i.
2388 5536 2662 5598 Persidem
2686 5557 2809 5596 cum
2826 5536 3041 5597 'inferis
3067 5536 3299 5609 confert,
3336 5539 3404 5595 ad
3446 5553 3587 5610 quos
3617 5536 3758 5594 Her-

2188 5612 2337 5667 cules
2362 5611 2710 5668 descendissc
2748 5612 2940 5666 fertur.

2257 5682 2346 5736 7‘2.
2386 5682 2677 5739 Cerberum
2747 5696 2939 5737 canent
2986 5681 3053 5738 ab
3101 5680 3289 5737 inferis
3346 5678 3604 5736 abactum
3655 5691 3756 5749 per
