4126 6282
481 274 809 435 130⁵1Κοινδν
834 375 896 431 τὸ
923 376 1130 447 δόγμαο
1158 372 1257 429 νῦν
1296 370 1597 436 ἀκινδύνως
1626 370 1785 441 μόνον

479 474 583 530 100
623 470 841 537 Ἔξεστι
865 466 1076 530 δούλοις
1102 463 1415 535 νομοθετεῖν
1458 461 1595 534 πρὸς
1624 460 1913 523 δεσπότας.

618 561 904 631 Κύρωσον,
937 552 983 612 ὧ
1023 555 1304 627 κράτιστε,
1333 552 1426 606 τὸν
1458 552 1623 623 νόμον
1648 549 1825 621 τύπῳ.

623 652 810 723 Ἔχεις
838 648 1099 713 συνειδὸς,
1124 647 1224 700 οὐκ
1250 644 1394 715 ἔχεις
1424 643 1683 714 ὑποψίαν·

621 745 806 814 Ἔχεις
847 742 1061 813 ἄμετρα
1097 734 1479 810 μαρτυροῦντά
1513 752 1594 789 σοι
1637 735 1786 807 βέλη,

625 836 813 906 Ἔχεις
840 834 1131 903 συνεργοὺς
1160 828 1431 901 ἐμφύτους
1460 826 1529 881 τὰ
1567 826 1878 897 τραύματα,

483 928 586 986 105
625 928 807 997 Ἔχεις
837 925 1054 994 ἀγῶνας
1085 921 1372 993 εύφραδεῖς
1411 919 1760 990 συνηγόρους,

629 1020 810 1089 Ἔχεις
839 1017 1057 1086 ἀγῶνας
1084 1014 1326 1083 εὐγενεῖς
1355 1011 1757 1082 ταχυγράφους,

483 1190 571 1230 me
598 1173 872 1229 dicuntor.
914 1171 1221 1226 Commune
1253 1177 1337 1223 est
1377 1167 1692 1223 decretum:
1723 1183 1870 1223 nunc
1892 1168 2062 1223 solem

487 1273 602 1319 tuto
641 1264 785 1333 (100)
818 1262 946 1317 licet
988 1262 1162 1315 servis
1193 1268 1435 1317 statuere
1480 1260 1653 1329 legem
1689 1258 1742 1311 in
1788 1259 2062 1328 despotas.

483 1351 777 1414 Confirma,
808 1367 840 1406 ο
869 1349 1183 1412 fortissime,
1237 1348 1411 1418 legem
1446 1355 1539 1400 tuo
1577 1356 1742 1415 typo:
1780 1344 1877 1399 tibi
1913 1344 2065 1399 testis

484 1451 571 1499 est
603 1442 956 1506 conscientia,
989 1458 1098 1496 non
1131 1450 1214 1496 est
1255 1439 1516 1509 suspicio.
1556 1438 1677 1492 Tibi
1702 1437 1860 1491 fidem
1900 1437 2063 1491 innu-

485 1550 651 1590 merae
680 1534 885 1589 faciunt
913 1534 1119 1604 sagith
1142 1549 1157 1597 ;
1181 1530 1275 1586 tibi
1314 1539 1442 1585 sunt
1474 1527 1626 1583 insiti
1680 1528 2063 1597 suﬁragatorcs

486 1628 743 1693 vulnera;
772 1626 918 1695 (105)
958 1626 1053 1679 tibi
1096 1634 1224 1681 sunt
1251 1638 1453 1695 agones
1484 1621 1671 1676 diserti
1700 1622 1934 1691 patroni,
1970 1622 2065 1677 tibi

1784 258 2105 325 GEORGII
2132 251 2410 318 PISIDB

2081 372 2129 429 Α

2297 358 2366 412 Οἳ·
2399 357 2490 411 τὸν
2518 353 2682 424 νόμον
2712 348 3016 421 γράψουσιν
3061 347 3122 403 οὐ
3149 351 3336 422 γραφῇ
3370 349 3516 420 νόθῳ

2312 447 2453 501 Ἀλλ’
2478 444 2537 511 ἐξ
2566 441 2837 514 ὲρυθρῶν,
2862 438 3256 511 οὒς-προσήκει,
3285 439 3641 509 γραμμάτων
3659 453 3677 471 ο

2301 537 2376 589 Τὸ
2400 535 2492 589 σὸν
2524 533 2633 604 γὰρ
2667 525 2810 601 αἷμα
2833 531 2945 594 τοῖς
2969 529 3276 602 γραφεῦσιν
3319 530 3570 598 ἀρκέσει.

2165 628 2267 685 110
2376 626 2712 696 Πλούταρχε,
2740 625 2868 693 σῖγα
2892 624 3021 686 τοὺς
3051 621 3437 693 παραλλήλους
3457 621 3715 692 γράφων.

2302 718 2366 772 Τί
2394 717 2564 771 πολλά
2593 716 2821 786 κάμνεις
2847 717 2941 769 καὶ
2972 715 3316 785 στρατηγοὺς
3344 712 3665 779 συλλέγεις;

2304 810 2410 864 Τὸν
2438 809 2706 880 δεσπότην
2738 807 3003 878 ἔκφραζε,
3034 807 3130 859 καὶ
3159 806 3387 876 γράφεις
3429 806 3606 868 ὅλους.

2311 901 2449 973 Ἤδη
2484 900 2592 971 γὰρ
2623 901 2651 953 ὁ
2685 898 3031 970 Πλούταρχος
3072 898 3267 969 ἐξᾶραι
3298 896 3468 950 θέλων

2308 988 2414 1042 Τὸν
2446 988 2541 1042 τοῦ
2569 988 2836 1041 Φιλίππου
2876 988 2974 1042 καὶ
3004 986 3140 1059 πρὸς
3176 987 3308 1056 ὕψος
3336 986 3608 1059 ἁρπάσαι,

2162 1164 2366 1219 ﬁetitiis
2400 1164 2697 1231 coloribus,
2725 1164 2822 1220 sed
2848 1164 3162 1229 rubricatis,
3197 1172 3258 1219 ut
3301 1173 3385 1219 est
3414 1164 3757 1219 conveniens

2167 1256 2392 1311 litteris:
2425 1266 2551 1311 tuus
2580 1257 2730 1311 enim
2764 1257 2987 1328 sanguis
3019 1256 3254 1311 sufficiet
3291 1256 3683 1312 scribentibus.

2231 1347 2376 1418 (110)
2401 1347 2591 1414 Sileas,
2608 1349 2917 1412 Plutarche,
2944 1348 3329 1403 Parellelorum
3355 1348 3611 1418 scriptor.
3638 1347 3753 1402 Cur

2164 1440 2404 1510 undique
2434 1449 2590 1496 tanto
2634 1442 2815 1497 studio
2840 1442 3009 1497 duces
3038 1441 3287 1512 colligis?
3319 1442 3610 1510 Despotam
3639 1440 3757 1495 elo-

2169 1546 2357 1600 quere,
2390 1540 2443 1586 et
2469 1533 2536 1586 de
2572 1532 2828 1587 omnibus
2849 1533 3156 1602 scripseris.
3186 1531 3401 1587 Jamdiu
3427 1530 3759 1586 Plutarchus

2173 1637 2297 1676 cum
2345 1622 2505 1677 vellet
2543 1624 2799 1678 extollere
2857 1623 3026 1678 tilium
3082 1622 3320 1693 Philippi
3362 1623 3653 1693 ipsumque
3700 1623 3759 1675 in

487 1727 618 1777 sunt
648 1733 847 1791 agones
880 1718 1092 1773 nobiles
1119 1714 1489 1789 tachygraphi,
1516 1713 1607 1784 qui
1632 1714 1802 1784 legem
1827 1713 2068 1771 scribent
2098 1698 2139 1752 Β
2167 1714 2337 1769 altum
2372 1713 2567 1770 eil‘erre
2588 1756 2602 1780 ,
2660 1716 2807 1787 (115)
2848 1716 3135 1772 contendit
3177 1717 3433 1772 omnibus
3462 1714 3759 1770 ostenderc

2009 1868 2243 1927 NOTAE.

486 2027 758 2073 eerentur.
788 2012 1015 2080 Idcirco,
1045 2015 1102 2070 ni
1141 2014 1314 2079 fallor,
1362 2014 1525 2084 paulo
1558 2012 1956 2084 anteiApellem
2003 2020 2058 2084 et

488 2086 926 2151 Demosthenem,
960 2096 1018 2140 ut
1047 2087 1100 2139 in
1136 2086 1274 2141 vivis
1314 2082 1525 2145 essent,
1560 2083 1918 2148 desiderabat,
1953 2082 2058 2136 sci-

487 2156 615 2212 licet
646 2167 706 2211 ut
747 2157 883 2212 alter
910 2157 1181 2211 coloribus
1209 2166 1263 2210 et
1306 2156 1442 2209 alter
1468 2154 1646 2209 verbis
1685 2154 1862 2224 digne,
1897 2162 2058 2222 atque

488 2236 551 2281 ut
609 2227 740 2282 tanti
823 2226 1081 2297 principis
1140 2226 1373 2295 dignitas
1416 2234 1483 2297 Aet
1545 2224 1717 2297 virtus
1774 2224 2059 2297 videbatur

489 2293 1231 2367 exposcerefexprimeren‘t
1268 2295 1577 2367 imaginem.
1624 2294 1743 2358 Quo
1786 2302 1966 2347 tamen
2001 2293 2055 2367 in

490 2362 609 2422 loco
638 2368 786 2422 urbis
821 2362 1091 2421 exstiterit
1133 2367 1249 2421 haec
1285 2362 1495 2434 pictura
1524 2378 1633 2417 non
1664 2372 1916 2418 constat:
1956 2362 2070 2433 prie

492 2452 614 2490 mus
659 2442 803 2490 enim
853 2452 919 2490 ex
968 2435 1326 2505 scriptoribus
1372 2435 1680 2505 Byzantinis
1732 2435 1836 2488 hoc
1887 2444 2071 2488 narrat

491 2505 705 2567 Pisida,
762 2521 937 2575 neque
980 2508 1122 2559 inter
1169 2506 1557 2576 epigrammata
1601 2513 1656 2576 et
1716 2514 2067 2576 monum_enta

494 2577 643 2631 urbis
674 2574 973 2644 Cpolitanaa
1000 2592 1030 2630 a
1069 2576 1245 2644 poetis
1266 2574 1406 2630 'olim
1446 2574 1752 2643 conscripta
1783 2583 1838 2628 et
1864 2590 1890 2627 a
1928 2574 2069 2627 Ban-

492 2646 649 2701 durio
677 2647 962 2715 diligenter
1000 2647 1224 2701 collecta
1268 2645 1428 2714 (Imp.
1463 2644 1688 2715 0rient.,
1733 2652 1868 2715 tom.
1891 2644 1941 2709 Ι,
1968 2644 2067 2715 lib.

493 2732 606 2786 vn,
643 2732 695 2786 p.
748 2713 892 2783 135).
927 2717 1033 2771 ulla
1092 2713 1370 2770 invenitur
1423 2714 1707 2786 inscriptio
1747 2713 1802 2767 in
1856 2714 2069 2786 laudem

496 2784 724 2857 Heraclii
759 2786 918 2857 facta.
951 2790 1267 2857 Anonymus
1294 2786 1452 2857 plane
1482 2784 1715 2857 scriptor
1741 2784 1882 2857 apud
1915 2800 2071 2857 eum-

496 2801 724 2841 neracnt
759 2801 918 2840 taeta.
951 2801 1267 2857 Anonymus
1294 2801 1452 2909 plane
1482 2801 1715 2853 scriptor
1741 2801 1882 2852 apuu
1915 2801 2071 2838 eum-

494 2858 616 2911 dem
660 2855 989 2911 Bandurium
1009 2895 1024 2917 ,
1053 2866 1185 2911 tom.
1213 2856 1264 2921 l,
1318 2856 1389 2910 ib.
1416 2870 1486 2919 ιι,
1520 2869 1573 2923 p.
1602 2854 1691 2918 29,
1722 2854 2072 2923 antiquitates

495 2926 726 2996 Cpoleos
756 2926 1085 2997 isingulatim
1134 2926 1468 2997 describens,
1500 2923 1667 2997 refert
1708 2939 1879 2994 prope
1926 2924 2074 2997 basi-

495 2994 652 3051 licam
692 2994 1304 3051 fuisse'monumentum
1334 2994 1581 3049 Heraclio
1615 2995 1884 3061 dicatum,
1926 2994 2075 3048 Exa-

496 3083 641 3137 _mum
689 3067 927 3137 dictum,
971 3066 1113 3137 quod
1158 3065 1350 3120 Petrus
1384 3064 1604 3137 Gillius,
1634 3064 1876 3137 Typogr._
1898 3064 2071 3137 (ἐροίη

494 3135 588 3191 lib.
616 3152 671 3195 ll.
690 3154 739 3193 c.
768 3136 832 3189 19
858 3134 1172 3202 Επαήιηιοη,
1201 3136 1453 3206 appellat.
1478 3134 1742 3206 Anonymi
1767 3134 1930 3190 verba
1963 3135 2079 3206 haec

496 3215 667 3278 sunt:
701 3207 795 3278 Εἰς
836 3205 891 3278 δὲ
937 3207 1029 3260 τὸν
1049 3208 1158 3278 τῆς
1178 3204 1869 3278 ΛΒασιλιδιῆς-χρυσόφορον
1888 3205 2078 3278 ’ὀπίσω

495 3277 591 3347 τοῦ
635 3277 810 3347 μιλιου
858 3271 943 3347 ἦνί
974 3271 1345 3347 ἀνδρὸείκελον
1394 3271 1614 3347 diem;
1658 3271 2071 3347 xpuoép6agov,

497 3294 591 3333 του
635 3293 810 3347 μιλιου
858 3293 927 3347 ην
974 3293 1345 3347 ανοροεικελον
1394 3293 1614 3355 αγαλμα
1698 3293 2071 3346 ρυσεμοαςρον,

497 3346 627 3401 ἔνθα
680 3345 748 3417 ἦν
792 3348 853 3401 τὸ
886 3346 1129 3417 Ἐξαμον
1167 3346 1489 3417 Ἡρακλείου
1521 3362 1617 3397 του
1651 3293 1933 3417 gaudi-5mg.
1965 3345 2072 3417 Sed

497 3432 621 3472 cum
655 3414 783 3487 quid
800 3417 901 3472 sub
921 3414 1174 3487 hac'voce
1196 3414 1463 3470 Easamum
1479 3414 1824 3487 lateatinemo
1845 3414 2075 3487 dixerit,

497 3487 637 3542 nihil
671 3484 888 3543 deﬁnio.
917 3486 1306 3540 Verumtamen
1346 3500 1455 3539 non
1497 3484 1663 3538 semel
1696 3490 1905 3538 tantum
1935 3484 2082 3541 cives

500 3556 557 3610 in
588 3556 917 3627 gratianitni
950 3556 1322 3627 testimonium
1368 3553 1688 3627 huiusmodi
1710 3553 1955 3627 publicos
1982 3555 2082 3608 ho-

500 3624 665 3681 nores
698 3625 945 3681 Heraclio
987 3625 1316 3689 decrevisse,
1346 3640 1457 3679 non
1487 3632 1570 3679 est
1602 3624 1986 3687 dubitandum,
2019 3640 2083 3679 ac

500 3704 687 3766 noster
714 3696 933 3766 quidem
966 3693 1229 3766 Georgius
1260 3695 1415 3749 testis
1440 3703 1525 3766 est
1556 3694 1657 3747 alia
1686 3693 1803 3747 vice
1834 3704 2082 3766 curatum

500 3765 671 3820 fuisse
697 3763 1046 3891 aéﬁpolitanis
1068 3763 1131 3820 ut
1153 3765 1449 3836 imperator
1470 3765 1807 3837 pingeretur.
1838 3763 2078 3834 (Acroas.

502 3850 617 3891 sea.
646 3853 700 3891 ν.
828 3876 841 3890 .

502 3850 617 3906 seq.
646 3853 700 3892 ν.
728 3839 841 3905 64).

501 3972 647 4044 aliud
680 3972 826 4027 cives
861 3972 1111 4029 Heraclio
1139 3972 1367 4044 ejusque
1406 3972 1593 4029 liberis
1623 3971 1987 4035 attribuerint,
2023 3982 2083 4029 ut

502 4058 566 4097 ex
601 4043 702 4098 hoc
732 4045 968 4107 senario,
1011 4042 1434 4113 quod‘coritinet
1484 4044 1789 4113 decretum,
1822 4056 2081 4112 apparet,

502 4128 620 4167 eam
673 4122 804 4182 puto
835 4129 955 4168 esse
1002 4110 1243 4178 causam,
1286 4114 1430 4237 quod
1462 4110 1659 4169 merito
1693 4114 1835 4183 apud
1858 4110 2083 4168 veteres

502 4198 699 4237 magno
738 4184 794 4237 in
845 4185 1051 4237 honore
1093 4192 1240 4237 esset
1329 4184 1606 4237 cinionum
1657 4199 1853 4237 nomen
1891 4204 1902 4237 :
1934 4185 2082 4237 nulla

502 4198 699 4252 magno
738 4184 794 4237 in
845 4185 1051 4238 honore
1093 4192 1240 4238 esset
1289 4184 1606 4252 Scipionum
1657 4199 1853 4238 nomen
1891 4204 1902 4237 :
1934 4185 2082 4238 nulla

504 4256 649 4308 enim
710 4269 844 4324 gens
922 4262 1002 4308 tot
1080 4254 1238 4308 claris
1298 4255 1428 4308 viris
1497 4255 1722 4309 illustris
1771 4268 1949 4323 neque
2003 4262 2083 4309 tot

503 4327 668 4378 rebus
710 4323 968 4393 prmclare
1002 4324 1168 4394 gestis
1196 4324 1348 4378 adeo
1395 4325 1624 4394 insignis
1673 4333 1732 4377 ut
1768 4324 2079 4394 Scipiadum

503 4410 634 4463 gens
669 4394 797 4456 fuit,
831 4394 973 4449 unde
1006 4393 1165 4463 fortes
1206 4402 1260 4447 et
1298 4395 1418 4447 duri
1453 4394 1583 4447 bello
1616 4402 1669 4448 et
1699 4393 1921 4462 fulmina
1962 4394 2081 4448 belli

504 4452 702 4587 Passim
758 4452 826 4518 ab
869 4452 1108 4544 antiquis
1168 4463 1524 4544 scriptoribus
1587 4452 1861 4544 appellati.
1907 4468 2079 4533 Atque
2115 4452 2156 4506 ί)

527 4551 621 4587 nec
648 4534 720 4587 ita
748 4548 868 4587 esse
890 4534 1224 4587 accipienda.
1251 4531 1379 4587 facrt
1407 4534 1568 4587 etiam
1598 4544 1893 4587 auctoritas
1913 4533 2085 4587 Theo-

527 4551 621 4588 IIL‘C
648 4534 720 4587 ita
748 4548 868 4588 esse
890 4531 1224 4603 accipienda,
1251 4531 1379 4587 facit
1407 4534 1568 4587 etiam
1598 4531 1893 4587 auctoritas
1913 4531 2085 4589 Theo.

504 4603 738 4673 phylacti
768 4604 1098 4666 Simocattaa,
1128 4620 1166 4668 ι,
1205 4604 1289 4667 14,
1328 4603 1421 4671 qui
1452 4602 1811 4672 Philippicum
1844 4604 2083 4659 Mauricii

507 4673 773 4744 sororium
802 4680 856 4744 et
888 4675 1118 4727 militum
1148 4674 1341 4727 ducem
1373 4674 1813 4744 strenuissimum
1845 4674 2083 4744 Scipioni

505 4742 709 4814 pariter
744 4740 907 4796 fuisse
940 4753 1312 4812 comparatum
1335 4742 1528 4814 refert.
1560 4742 1714 4814 Unde
1751 4740 1996 4813 apparet,
2032 4744 2085 4799 id

506 4812 651 4882 quod
687 4812 963 4882 hominum
1020 4813 1277 4882 opinione
1317 4813 1384 4865 de
1430 4813 1738 4881 Philippico
1788 4812 2082 4880 ferebatur,

509 4880 695 4951 postea
727 4880 892 4952 fuisse
928 4880 1350 4952 lege—sancitum
1383 4882 1451 4936 de
1475 4880 1743 4937 Heraclio.

583 4948 900 5022 100.7Smpe
939 4948 1246 5006 Hei-actium
1292 4951 1473 5007 Pisida
1504 4953 1739 5021 appellat
1780 4953 2084 5022 despotam,

511 5036 671 5093 quem
692 5020 936 5093 _honoris
975 5022 1188 5093 titulum
1242 5020 1643 5093 amplissimum
1679 5020 2086 5078 fuisse‘ohseré

511 5092 658 5145 vavit
685 5091 997 5163 illucangius
1023 5092 1164 5163 ωδε.
1190 5093 1254 5145 de
1280 5091 1433 5163 infer.
1465 5093 1562 5147 wvi
1595 5092 1757 5145 Num.
1787 5110 1839 5162 p.
1867 5094 1955 5147 55.
1983 5096 2086 5149 Sed

512 5177 634 5217 cum
682 5160 769 5214 ille
802 5161 1177 5232 appellationis
1228 5160 1390 5229 hujus
1436 5160 1808 5232 antiquitatem
1843 5165 2090 5219 videatur

514 5240 760 5302 repetere
786 5246 849 5302 es
880 5246 1104 5302 nummo
1133 5231 1213 5285 Fl.
1246 5232 1556 5301 Nicephori,
1575 5231 1671 5302 'qui
1703 5233 1849 5286 circa
1878 5250 2087 5288 annum

513 5301 718 5372 Christi
746 5300 849 5355 800
876 5301 1139 5371 regnavit,
1170 5302 1419 5357 videlicet
1446 5300 1731 5357 annis—200
1762 5304 1880 5372 plus
1910 5304 2091 5359 minus

516 5384 638 5496 gost
679 5370 1000 5435 Heraclium,
1028 5372 1566 5426 animadvertendum
1586 5373 1691 5427 fuit
1719 5370 1927 5442 jamdiu
1947 5375 2091 5443 apud

565 5442 842 5496 vzantinos
871 5442 1163 5496 invaluisse
1192 5450 1253 5494 ut
1286 5442 1639 5496 imperatores
1668 5443 1897 5496 demota:
1928 5460 2090 5496 voca-

562 5442 842 5512 yzantinos
871 5442 1163 5496 invaluisse
1192 5450 1253 5512 ut
1286 5442 1639 5512 imperatores
1668 5443 1897 5511 despota:
1928 5442 2090 5500 voca-

518 5511 730 5567 rentur.
762 5512 949 5582 Neque
994 5512 1124 5566 illud
1155 5511 1314 5581 plane
1359 5511 1592 5583 Constat,
1624 5516 1769 5583 quod
1803 5513 1947 5568 idem
1980 5513 2089 5569 Du-

519 5584 742 5654 rangius
789 5584 1033 5646 adnotat,
1057 5583 1346 5654 despotam
1382 5582 1608 5654 minoris
1642 5582 1931 5654 dignitatis
1961 5584 2091 5641 titu-

521 5651 646 5723 litin
664 5653 831 5707 fuisse
857 5668 1019 5722 quam
1054 5653 1453 5723 imperatorem.
1483 5652 1644 5723 certe
1674 5651 1850 5709 Pisida
1890 5656 2092 5723 passim

526 5720 834 5779 lleraclium
863 5720 1145 5792 despotam'
1175 5722 1391 5788 salutat,
1420 5738 1484 5777 ac
1518 5722 1563 5779 si
1597 5724 1725 5794 quid
1768 5720 1946 5792 video,
1981 5740 2091 5783 non

2163 2011 2265 2066 alia
2290 2012 2433 2083 inter
2457 2011 2802 2083 imperatoris
2825 2019 2880 2067 et
2904 2012 3141 2082 despotze
3162 2008 3579 2083 appellationem
3603 2006 3763 2062 diﬁc-

2164 2082 2337 2137 rentia
2380 2080 2717 2149 intercessit,
2752 2098 2912 2153 quam
2944 2080 3017 2137 uti
3037 2083 3127 2136 ille
3168 2081 3376 2153 regiam,
3412 2080 3759 2153 dignitatem,

2163 2153 2330 2206 altera
2360 2162 2682 2222 potestatem
2702 2147 3074 2220 Vin'subjectos
3101 2147 3327 2221 populos
3368 2147 3761 2222 ind_icar_et._lta

2165 2218 2450 2276 Noster'De
2472 2223 2654 2291 expeti.
2680 2241 2737 2289 ιι,
2764 2225 2851 2287 99,
2882 2218 3188 2291 lleraeliutn
3220 2220 3426 2275 inducit
3454 2220 3528 2272 ita
3558 2220 3627 2291 de
3651 2218 3763 2272 Deo

2171 2294 2479 2361 loquentem
2510 2288 2725 2357 ίΟὗτος
2754 2294 2810 2346 δὲ
2845 2292 3021 2353 κοινὸς
3054 2290 3307 2361 βασιλεὺς
3335 2292 3426 2342 καὶ
3450 2290 3758 2361 Δεσπότης.

2171 2360 2373 2432 Aperte
2398 2371 2578 2417 autem
2616 2363 2701 2418 hic
2729 2363 2837 2418 vim
2870 2362 3019 2419 vocis
3046 2360 3313 2429 δεσπότης
3343 2360 3603 2432 declarat,
3633 2373 3761 2413 cum

2173 2430 2493 2502 ἐριφατικῶς
2542 2434 2674 2490 dicit
2706 2448 2854 2487 nunc
2906 2441 3115 2487 tantum
3156 2432 3320 2485 licere
3367 2431 3545 2502 servis
3587 2430 3762 2502 legem

2172 2500 2316 2557 ferre
2363 2503 2418 2573 in
2451 2504 2736 2573 despotas;
2778 2503 2977 2572 quibus
3007 2502 3191 2573 verbis
3223 2500 3497 2573 propriam
3525 2500 3762 2573 relatio:

2172 2587 2297 2644 nem
2325 2568 2567 2639 adnotat;
2610 2568 2770 2644 quam
2796 2568 2969 2627 habet
2999 2568 3271 2643 princeps,
3301 2568 3361 2624 ut
3391 2570 3650 2626 dominus
3677 2568 3763 2623 vel

2172 2643 2416 2711 despota,
2446 2645 2513 2697 ad
2541 2643 2749 2699 servos.

2248 2709 2369 2767 l‘0l.
2414 2712 2605 2768 Utrum
2654 2714 2935 2770 Heraclius
2978 2714 3258 2769 decretum
3318 2709 3760 2774 conﬁrmaverit,

2173 2797 2285 2837 non
2316 2784 2505 2853 liquet.
2548 2783 2722 2838 Τύποι
2772 2785 3095 2840 dicebantur
3137 2783 3441 2853 principum
3487 2780 3763 2853 constitu-

2176 2854 2352 2908 tiones
2373 2850 2440 2909 et
2473 2855 2691 2910 decreta
2720 2872 2735 2909 :
2768 2855 2859 2909 sed
2892 2854 2983 2909 hic
3015 2850 3185 2916 τύπος
3211 2862 3296 2907 est
3316 2850 3459 2906 'nota
3490 2850 3763 2921 approba-

2177 2923 2360 3049 gonis,
2403 2924 2489 3012 vel
2518 2924 2663 2996 regia
2692 2924 3043 2996 subscriptio.
3077 2922 3211 2980 Vide
3243 2918 3581 2993 Ducangiuni
3625 2918 3764 2975 Lex.

2227 3010 2270 3047 Γ.
2298 3010 2352 3049 ν.
2386 3011 2577 3049 τυπος.

2227 3010 2270 3047 r.
2298 3010 2352 3049 ν.
2386 3010 2577 3058 τύπος.

2253 3064 2371 3119 102.
2414 3063 2597 3120 Codex
2653 3064 2894 3125 habebat
2947 3062 3204 3127 συνειδὼς
3251 3077 3377 3118 cum
3430 3062 3458 3114 ὁ
3506 3060 3764 3131 superi-rs

2179 3134 2577 3204 scripto,iquod
2606 3150 2727 3191 esse
2756 3134 3101 3190 retinendum
3126 3142 3341 3204 certum
3368 3140 3475 3204 est.

2250 3200 2723 3262 £04.7Heraclium
2765 3205 2832 3265 ad
2871 3205 3067 3260 Sarum
3114 3203 3315 3258 ﬂumen
3359 3201 3530 3256 fuisse
3565 3200 3763 3254 vulne-

2179 3284 2378 3346 ratum,
2416 3275 2571 3330 testis
2599 3283 2692 3346 est
2725 3274 3112 3346 Theophanes,
3145 3289 3203 3345 p.
3228 3272 3356 3329 265.
3400 3271 3536 3327 Vide
3579 3269 3763 3325 Poem.

2178 3344 2245 3399 de
2283 3354 2556 3399 resurrect.
2589 3345 2711 3400 116.

2254 3415 2374 3487 106.
2398 3414 2493 3487 De
2522 3414 2921 3487 tachygraphis,
2951 3413 3061 3487 ἀπὸ
3094 3412 3305 3487 rodet;
3334 3410 3499 3487 τάχος
3527 3410 3766 3487 γράφειν

2254 3432 2374 3470 ιυυ.
2418 3432 2493 3470 ue
2522 3432 2921 3540 tacnggrapnts,
2951 3432 3061 3470 απο
3094 3432 3189 3467 του
3217 3432 3302 3474 εις
3334 3432 3499 3481 ταχος
3527 3432 3765 3481 γραφειν

2181 3499 2212 3538 a
2245 3486 2499 3561 celeriter
2529 3486 2634 3541 seri
2682 3486 2824 3561 endo
2867 3482 3202 3561 dictis,_qui
3248 3481 3548 3561 ὀξ-υγρᾲεροι
3597 3482 3765 3561 etiam

2182 3556 2375 3610 eodem
2407 3570 2572 3610 sensu
2613 3558 2973 3619 vocabantur,
3002 3551 3271 3610 videndus
3299 3551 3766 3612 Montfaucenius,

2183 3624 2448 3697 Palazogr.
2477 3623 2569 3680 Cr.
2599 3626 2690 3681 lib.
2724 3643 2761 3691 ι,
2793 3642 2843 3681 c.
2868 3625 2921 3681 5.
2951 3624 3204 3697 Ηὶίεηιιι
3231 3623 3424 3697 scriba:
3453 3638 3484 3677 θ
3524 3621 3769 3676 notario-

2182 3710 2303 3749 rum
2339 3694 2569 3751 n'umero
2593 3698 2661 3752 ad
2690 3697 2897 3753 litteras
2925 3703 2981 3750 et
3009 3696 3229 3756 decreta
3262 3694 3647 3763 imperatorum
3680 3706 3771 3745 ve.

2184 3764 2287 3819 loci
2322 3766 2531 3821 calamo
2564 3766 2919 3822 exscribenda
2948 3764 3223 3821 destinati.

2257 3834 2380 3911 1οξ1.
2422 3836 2558 3911 Cum
2604 3837 2832 3911 γραφὴν-
2862 3836 3015 3890 νόθον
3044 3835 3204 3911 dicit,
3239 3830 3766 3911 inteiligit,_op_inot'.

2184 3903 2415 3977 ﬁctitios,
2432 3900 2680 3977 colores,
2722 3900 2923 3977 quibus
2952 3906 3246 3961 utebantur
3276 3900 3469 3977 scriba:
3514 3901 3583 3977 in_
3613 3900 3771 3977 libris

2184 3976 2503 4040 exarandis,
2558 3970 2815 4033 videlicet
2863 3984 3230 4033 atramentum
3277 3974 3518 4043 aliasque
3568 3970 3768 4043 hujus-

2186 4046 2330 4099 modi
2373 4046 2659 4112 misturas,
2711 4056 2769 4101 ut
2802 4056 2888 4101 est
2929 4048 2982 4100 in
3014 4046 3190 4100 Plinio
3222 4044 3314 4099 lib.
3360 4040 3524 4107 xxiv,
3558 4058 3610 4111 p.
3639 4040 3767 4095 687.

2185 4114 2318 4168 Nam
2348 4116 2529 4171 Pisida
2556 4126 2740 4185 aperte
2769 4117 3017 4172 alludens
3055 4116 3121 4169 ad
3164 4113 3540 4185 imperatorias
3571 4126 3769 4181 super-

2184 4185 2531 4255 scriptiones,
2557 4204 2677 4256 qua:
2702 4188 2873 4241 minio
2914 4186 3197 4241 cinnabari
3228 4194 3283 4240 et
3312 4198 3468 4239 sacro
3496 4193 3767 4256 encausto

2188 4254 2408 4320 liebant,
2444 4254 2595 4311 hisce
2629 4257 2832 4311 ﬁctitiis
2859 4258 3135 4314 coloribus
3170 4272 3337 4309 unum
3370 4254 3599 4323 opponit
3634 4267 3769 4307 san-

2187 4327 2569 4398 guinemtquo
2599 4328 2859 4382 sincerior
2888 4329 3045 4398 plane
3071 4326 3254 4380 nullus
3280 4326 3445 4398 color.

2260 4398 2383 4450 108.
2429 4390 2503 4451 De
2535 4398 2811 4455 coloribus
2840 4390 3019 4451 rtibris
3060 4397 3349 4466 purpureis
3376 4392 3556 4466 aureis
3582 4390 3649 4466 ad
3686 4391 3773 4444 tir-

2186 4466 2411 4537 mandas
2434 4467 2579 4537 leges
2605 4468 2850 4523 adhiberi
2880 4460 3075 4528 solitis,
3101 4460 3276 4535 nu'per
3304 4464 3554 4537 laudatus
3588 4460 3771 4537 Mont-

2189 4534 2509 4601 fauconiusf
2539 4538 2633 4592 lib.
2666 4556 2712 4601 ι,
2745 4554 2795 4593 e.
2828 4538 2881 4602 1,
2916 4538 3005 4606 qui
3050 4534 3259 4590 colores
3307 4543 3464 4589 erant
3510 4534 3566 4584 in
3624 4534 3773 4586 hunc

2191 4622 2345 4660 usum
2394 4608 2815 4675 imperatoribus
2856 4608 3141 4661 reservati.
3172 4606 3251 4660 Ac
3296 4615 3444 4660 tanta
3474 4612 3610 4675 erat
3640 4618 3771 4675 erga

2187 4677 2406 4730 eosdem
2444 4672 2801 4745 imperatores
2843 4677 2929 4732 vel
2969 4678 3021 4730 in
3076 4677 3238 4731 rebus
3284 4674 3523 4729 minimis
3567 4672 3769 4745 civium

2189 4743 2607 4816 Byzantinoritm
2642 4748 2967 4810 reverentia,
3016 4758 3077 4801 ut
3124 4745 3345 4816 quidam
3378 4753 3525 4798 esset
3556 4743 3639 4795 vir
3674 4759 3774 4795 no-

2187 4815 2309 4871 bilis
2339 4817 2427 4886 qui
2454 4818 2755 4882 caniclium,
2786 4818 2890 4872 hoc
2914 4827 2999 4871 est
3030 4815 3309 4871 vasculum
3342 4815 3396 4869 in
3420 4830 3530 4883 quo
3552 4828 3770 4886 sacrum
3803 4818 3816 4829 °

2189 4885 2511 4941 encau'stum
2544 4889 2947 4951 continebatur,
2989 4895 3315 4951 asservaret,
3359 4886 3561 4954 quique
3598 4885 3627 4935 ὁ
3670 4900 3773 4935 κα-

2189 4957 2698 5028 νίκλειοςκεαηὶειεὶ
2724 4959 3018 5028 praefectus,
3050 4958 3340 5028 diceretur.

2262 5027 2382 5080 110.
2414 5022 2849 5099 Παραλλήλους,
2894 5027 2948 5081 id
2972 5036 3055 5099 est
3092 5026 3257 5095 βίους,
3296 5026 3436 5078 Vitas
3476 5022 3776 5093 parallelos

2190 5095 2487 5157 Plutarchi,
2516 5095 2655 5166 Opus
2673 5095 2845 5167 'plane
2880 5096 3198 5167 pretiosum.

2264 5168 2386 5222 115.
2430 5164 2737 5223 Heracliuin
2776 5164 3026 5221 omnibus
3059 5166 3199 5220 bello
3230 5164 3387 5219 claris
3415 5164 3648 5220 ducibus
3674 5180 3773 5217 an-

2195 5236 2391 5291 teferre
2446 5239 2673 5293 studens
2732 5237 3084 5291 Plutarchum
3141 5234 3454 5299 insimulat,
3513 5234 3659 5302 quod
3715 5235 3770 5288 in

2193 5307 2478 5361 scribenda
2513 5307 2633 5360 Vita
2687 5306 2981 5375 Alexandri
3023 5306 3209 5375 virtuti
3273 5305 3393 5374 ejus
3438 5304 3767 5375 plurimum,

2194 5375 2426 5431 fortunas
2473 5392 2665 5446 parum
2720 5372 2990 5431 tribuerit.
3042 5374 3269 5431 Exstant
3305 5372 3461 5446 inter
3507 5375 3771 5446 opuscula

2192 5448 2414 5500 maximi
2453 5444 2615 5516 hujus
2652 5446 3197 5517 scriptorisggemina:
3226 5444 3634 5517 orationessub
3668 5446 3771 5499 hoc

2196 5517 2372 5597 titulo,
2404 5514 2537 5587 napi.
2582 5518 2683 5587 τῆς
2712 5514 3063 5597 Ἀλεξάνδρου
3104 5516 3337 5597 τύχηςλῆ
3367 5514 3604 5584 ἀρετῆς,
3633 5530 3772 5583 quas

2194 5586 2387 5657 legisse
2416 5601 2541 5642 eum
2582 5586 2689 5641 nan
2721 5586 3010 5657 ptenitebit
3043 5586 3135 5656 qui
3167 5588 3297 5657 velit
3336 5600 3559 5657 noscere
3584 5598 3767 5657 quam

2195 5654 2475 5726 ingeniose
2530 5654 2751 5714 Graccus
2810 5659 2975 5715 homo
3028 5654 3205 5713 Graeci
3264 5655 3523 5727 principis
3581 5654 3769 5710 laudes

2194 5735 2571 5799 prosequatur.
