4126 6282
474 273 606 340 1311

612 381 681 435 Et
705 380 812 451 πέρ
848 396 932 443 τις
959 379 1074 433 ἔστι
1102 377 1197 433 καὶ⁴
1228 377 1541 450 τυραννίδος
1569 375 1707 448 τύχη
1728 392 1741 406 ⁸

609 471 726 526 Ούκ
759 470 1004 542 ἧρκεσάν
1033 487 1116 523 σοι
1149 469 1446 542 φροντίδων
1469 468 1825 539 πολυτρόπων

624 561 934 632 Ἐμφυλίων
967 578 1027 614 τε
1056 561 1150 615 καὶ
1179 561 1347 627 ξένων
1383 561 1476 613 καὶ
1506 558 1807 630 Βαρϐάρων

616 652 809 705 Ἀλλαι
835 652 953 723 μετ’
989 652 1155 717 ἄλλας
1188 651 1500 722 συμπλοκαὶ
1528 650 1622 705 καὶ
1658 650 1967 719 συγχύσεις.

474 741 576 795 155
612 741 727 795 Οὐκ
756 741 996 813 ἦρκεσάν
1027 759 1111 795 σοι
1138 740 1233 796 τοῦ
1263 740 1491 812 στρατοῦ
1513 740 1582 793 τὰ
1609 740 1929 810 πράγματα,

626 828 769 882 Ἀλλ’
800 829 880 892 είς
906 829 1176 900 τοσαύτην
1198 827 1437 891 εὐσεϐῶς
1473 826 1780 897 ἀπληστίας

617 919 834 991 Ὀρεξιν
862 918 1046 992 ἦλθες,
1073 919 1213 973 ὥστε
1243 917 1465 972 καὶτῶν
1492 918 1742 987 ὲγκάτων

624 1011 806 1075 Ἐντὸς
835 1012 1127 1085 παρελθεῖν
1153 1013 1251 1083 τῆς
1272 1010 1511 1083 ἀθέσμου
1534 1010 1815 1083 Περσίδος.

682 1104 878 1169 Ποίους
906 1105 1244 1178 στρατηγοὺς
1280 1105 1314 1176 ἢ
1350 1103 1711 1174 Σταγειρίτας
1737 1102 1877 1173 ἔχων

476 1196 580 1252 160
628 1195 891 1267 Ἐπῆλθες
912 1199 993 1261 είς
1016 1198 1121 1268 γῆν
1144 1194 1519 1267 εὐτυχούντων
1541 1194 1843 1269 Βαρϐάρων
1862 1211 1877 1260 ;

612 1288 687 1341 Ού
713 1288 812 1352 τὰς
833 1288 1097 1359 ἀπείρους
1118 1288 1220 1359 τῆς
1250 1286 1371 1342 ὁδοῦ
1397 1287 1708 1350 διαστάσεις
1740 1272 1743 1277 ’

625 1377 685 1433 '0
705 1380 797 1444 σὺς
822 1381 1082 1452 λογισμὸς
1113 1379 1311 1435 ἐννοῶν
1340 1378 1661 1448 συνεστάλη,

615 1470 839 1527 Βλέπων
865 1472 1101 1544 μάλιστα
1123 1474 1217 1529 καὶ
1236 1471 1307 1527 τά
1327 1469 1494 1544 νεῦρα
1520 1471 1619 1542 τῆς
1641 1469 1841 1541 μάχης,

1777 262 2097 326 GEORGII
2128 259 2404 321 ΡΙδίοΒ

2070 379 2121 436 Δ

3609 260 3751 333 1312

2288 369 2393 424 Τὸν
2414 368 2668 439 πλοῦτον,
2695 372 3045 443 ὲκρεύσαντα
3072 370 3213 442 πρὸς
3232 374 3362 436 τοὺς
3397 374 3749 448 Βαρϐάρους.

2154 460 2255 516 165
2297 461 2371 514 Ού
2407 463 2615 534 μητρὸς
2641 459 2823 526 οἶκτος
2843 462 3051 535 πυρσὸν
3081 463 3326 534 ἐμφατον
3349 468 3553 525 πνέων.

2306 552 2572 624 Ἑπέσχεν
2598 555 2743 627 ὑμᾶς
2762 572 2776 588 ·
2805 555 2868 609 ού
2898 556 2967 609 τὰ
2992 554 3161 609 τέκνα
3185 571 3277 609 σου
3309 556 3454 624 τότε,

2295 644 2357 697 Oi
2379 644 2701 716 ψυχαγωγοὶ
2735 648 3074 718 μαργαρῖται
3100 646 3195 700 τοῦ
3225 646 3365 719 βίου,

2298 735 2510 810 Στοργῇ
2534 737 2760 793 δεθέντα
2789 740 2995 811 φυσικῇ
3026 741 3432 811 παρεκράτουν.

2300 827 2413 882 Οὐκ
2441 830 2752 902 εὐλαϐήθης
2776 830 2874 895 τὰς
2899 832 3224 903 ἐνοχλούσας
3248 833 3454 899 νόσους,

2160 914 2262 972 170
2296 919 2370 973 Ού
2398 920 2497 985 τὰς
2520 921 2589 976 δι’
2618 924 2766 993 ἡμᾶς
2799 923 3267 994 ἀντιπραττούσας
3295 924 3484 997 τύχας,

2305 1014 2369 1067 Ei
2389 1014 2496 1085 χρὴ
2527 1014 2717 1069 καλεῖν
2745 1031 2812 1086 με
2835 1015 2936 1079 τὰς
2962 1015 3238 1087 ἁμαρτίας
3258 1016 3452 1087 τύχας.

2308 1104 2450 1158 Ἀλλ’
2485 1103 2562 1168 ὼς
2586 1105 2847 1177 ἄσαρκος,
2885 1106 2981 1160 καὶ
3006 1108 3166 1177 μόνος
3191 1107 3366 1162 δοκῶν
3392 1108 3539 1178 ἔχειν

2300 1196 2373 1248 Ἧ
2402 1194 2559 1264 σῶμα
2579 1196 2816 1267 χαλκοῦν
2844 1198 2878 1268 ἢ
2908 1197 3137 1269 σιδηρᾶν
3156 1197 3409 1269 καρδίαν,

2311 1284 2603 1355 Ἀπῆλθες,
2631 1289 3024 1357 ὲστράτευσας,
3062 1288 3289 1342 ὡπλίσω
3327 1288 3494 1342 πάλιν

2161 1380 2265 1437 175
2300 1375 2397 1445 Εἷς
2435 1382 2557 1438 ἀντὶ
2589 1381 2828 1435 πάντων.
2861 1381 2926 1433 Ὦ
2948 1378 3329 1450 φιλάνθρωπος
3360 1379 3511 1446 ζέσις

2303 1471 2493 1543 Πάσης
2523 1473 2768 1542 ἀνάγκης
2796 1472 3098 1544 δραστικῆς
3126 1468 3436 1544 ύπερτέραί

474 1632 640 1688 citius
680 1640 737 1687 et
773 1646 943 1702 prepe
990 1632 1161 1701 prima
1214 1630 1450 1695 fortuna,
1486 1631 1530 1685 si
1562 1645 1668 1700 qua
1729 1638 1911 1685 tamen
1970 1639 2055 1685 est
2162 1633 2309 1699 belli,
2348 1632 2588 1699 divitias,
2622 1632 2917 1689 deﬂuxisse
2963 1634 3032 1689 ad
3082 1631 3367 1688 Barbaros.
3423 1630 3573 1701 (165)
3624 1632 3747 1689 Non

475 1722 563 1778 vel
589 1722 645 1777 in
681 1722 961 1794 tyrannide
992 1721 1227 1777 fortuna.
1255 1714 1375 1777 Tibi
1409 1723 1542 1777 satis
1567 1737 1679 1776 non
1709 1718 1932 1776 fuerunt
1956 1736 2047 1775 va-
2085 1709 2128 1766 Β
2157 1726 2347 1781 matris
2388 1726 2565 1796 pietas
2612 1725 2834 1781 insitam
2888 1724 3163 1779 ﬂammam
3211 1724 3463 1781 excitans
3520 1732 3638 1779 tum
3691 1734 3748 1782 te

476 1814 679 1871 riarum
723 1813 1148 1871 sollicitudinum
1200 1829 1267 1870 ex
1312 1814 1543 1880 civibus,
1595 1829 1661 1869 ex
1710 1813 1934 1879 exteris,
1987 1828 2057 1869 ex

475 1906 740 1973 barbaris,
772 1906 891 1963 alite
922 1922 1046 1962 cum
1083 1906 1202 1962 aliis
1233 1906 1509 1978 implicita:
1548 1916 1605 1963 et
1648 1908 1825 1963 mistae
1879 1922 2047 1962 curae.

478 1997 625 2070 (155)
663 1997 792 2052 Tibi
825 1999 959 2054 satis
999 2014 1111 2055 non
1145 1997 1372 2053 fuerunt
1398 1999 1669 2054 exercitus
1697 1999 1903 2063 munia,
1962 1992 2059 2055 sed

475 2085 533 2140 in
600 2094 804 2141 tantam
875 2087 1093 2157 pietatis
1169 2088 1351 2144 studio
1413 2088 1728 2143 aviditatem
1794 2097 2059 2159 appeten-

478 2176 718 2248 tiamque
747 2178 966 2245 venisti,
997 2187 1057 2233 ut
1084 2179 1249 2235 etiam
1278 2179 1333 2234 in
1362 2179 1587 2237 intimas
1634 2182 1846 2252 partes
1872 2194 2046 2252 pene-

481 2268 713 2325 traveris
742 2270 1123 2327 abominanda!
1157 2269 1430 2328 Persidos.

546 2359 695 2426 Quos
715 2377 845 2417 vero
884 2362 1051 2419 duces
1087 2372 1181 2418 aut
1225 2362 1509 2436 Stagiritas
1552 2364 1761 2420 habens
1794 2363 1942 2436 (160)
1988 2361 2048 2419 in

479 2461 681 2507 terram
713 2453 1024 2523 processisti
1068 2453 1471 2509 fortunatorum
1501 2454 1888 2511 barbarorum?
1933 2454 2058 2510 Non

478 2544 773 2601 immensas
812 2545 1025 2603 itineris
1074 2545 1363 2603 distantias
1413 2557 1501 2603 tua
1551 2563 1704 2604 mens
1750 2547 2062 2621 recogitans

486 2643 764 2692 contracta
786 2644 890 2704 est,
921 2636 1225 2707 praesertim
1270 2652 1394 2694 cum
1420 2638 1634 2695 videres
1670 2638 1836 2695 etiam
1864 2653 2063 2695 nervos

2158 1813 2432 1879 distinuit,
2477 1830 2589 1869 non
2641 1815 2771 1870 item
2809 1813 2888 1869 tui
2942 1813 3058 1879 ﬁlii,
3101 1813 3357 1885 pretiosa:
3411 1814 3743 1884 margaritae,

2158 1902 2411 1974 praesidia
2470 1903 2616 1969 vitae,
2685 1902 2792 1958 etsi
2823 1902 3137 1958 vehementi
3193 1916 3379 1958 amore
3426 1902 3747 1957 devinctum

2158 1995 2521 2050 retardarunt.
2542 1992 2661 2050 Non
2684 1993 3048 2050 reformidasti
3080 1993 3474 2050 tumultuantes
3495 1994 3744 2057 morbos,

2159 2085 2307 2157 (170)
2345 2101 2460 2141 non
2494 2085 2594 2141 tibi
2622 2094 2811 2140 nostra
2843 2100 3007 2140 causa
3032 2084 3391 2139 obsistentem
3438 2083 3746 2149 fortunam,

2161 2176 2207 2233 si
2236 2175 2372 2232 mihi
2409 2174 2492 2231 fas
2523 2185 2608 2230 est
2653 2188 2851 2231 vocare
2884 2183 3107 2245 peccata
3148 2173 3447 2229 fortunam.
3476 2173 3609 2249 qSed
3650 2190 3750 2231 ve-

2161 2269 2262 2327 luti
2293 2283 2404 2324 non
2434 2274 2717 2324 constares
2744 2282 2926 2330 carne,
2958 2274 3015 2321 et
3046 2266 3194 2321 solus
3225 2265 3450 2321 haberes
3488 2275 3585 2321 aut
3616 2281 3750 2322 cor-

2165 2374 2268 2433 pus
2318 2374 2532 2415 aaneum
2586 2364 2682 2413 aut
2727 2373 2823 2414 cor
2846 2355 3105 2423 ferreum,
3169 2357 3490 2425 discessisti,
3527 2374 3753 2429 unaque

2164 2452 2326 2509 simul
2355 2451 2534 2509 factus
2585 2464 2645 2506 es
2672 2450 2781 2505 dux
2819 2456 2877 2505 et
2904 2449 3080 2521 miles,
3124 2446 3273 2518 (175)
3310 2463 3456 2504 unus
3499 2464 3601 2520 pro
3623 2465 3750 2505 om-

2164 2545 2349 2600 nibus.

2237 2635 2283 2690 0
2330 2633 2548 2690 fervens
2586 2630 2941 2688 humanitatis
2969 2630 3053 2686 vis
3079 2600 3245 2687 omni
3272 2630 3603 2687 necessitate
3632 2630 3753 2686 for-

1747 2825 1982 2884 VARIE
2038 2821 2442 2882 LECTIONES.

552 2962 655 3026 158
685 2917 976 3042 ἓάῖελθειν
993 2966 1101 3025 PV.
1185 2967 1288 3025 168
1312 2917 1521 3044 infixi]
1556 2968 1618 3037 P,
1660 2968 1869 3041 ψυχικῇ
1895 2967 1983 3024 ed.
2010 2984 2065 3023 ν.
2102 2966 2348 3049 171⁸0111.
2379 2963 2622 3022 codices.

1980 3082 2217 3142 ΝΟΤΕ.

551 3201 675 3257 155.
707 3200 1039 3271 Ἐμφυλίων,
1072 3202 1263 3256 civium
1298 3200 1519 3258 dissidia
1548 3245 1563 3267 ,
1599 3198 1800 3271 quibus
1828 3206 1939 3255 tota
1960 3198 2057 3254 lla-
2085 3203 2128 3261 c
2162 3207 2375 3271 veteres
2412 3197 2719 3271 scriptores
2753 3197 3030 3271 dixerunt,
3066 3211 3221 3271 _quos
3274 3208 3529 3271 recenset
3571 3198 3753 3257 liena-

687 2914 797 2970 προ

481 3273 671 3345 grabat
704 3272 912 3345 civitas,
938 3275 1156 3345 quando
1198 3272 1477 3345 Heraclius
1520 3272 1817 3345 imperator
1842 3276 1928 3345 est
1970 3285 2057 3345 re_-

480 3339 785 3398 nuntiatus.
820 3339 997 3397 Ξένων
1018 3343 1251 3397 Abarum
1276 3341 1496 3396 fraudes
1517 3351 1572 3397 et
1599 3339 1913 3405 damna,.de
1941 3339 2060 3409 qui-

482 3414 585 3469 bus
614 3413 769 3483 plura
814 3413 867 3466 in
902 3411 1081 3467 Poem.
1110 3415 1173 3466 de
1205 3409 1325 3465 bell.
1370 3411 1531 3466 Abar.
1566 3414 1642 3466 Ac
1666 3410 1707 3467 si
1737 3410 1859 3481 quis
1893 3408 2060 3483 ξένων

483 3479 637 3564 malit
667 3492 881 3538 vertere
910 3482 1201 3564 hospitum,
1225 3497 1338 3564 non
1364 3494 1629 3564 repugno,
1661 3479 1793 3561 satis
1819 3479 1966 3564 enim
1993 3495 2062 3535 ex

484 3554 663 3634 yisida
692 3562 920 3634 apparet
941 3553 997 3605 in
1027 3552 1300 3634 principio
1322 3551 1528 3634 laudati
1557 3551 1826 3634 poematis
1854 3551 2062 3634 Abares

485 3623 652 3677 fuisse
673 3620 851 3677 veluti!
885 3620 1121 3691 hospitio
1152 3631 1400 3691 receptos
1425 3636 1455 3675 a
1488 3620 1751 3691 Romanis
1774 3629 1830 3675 et
1860 3621 2063 3675 contri-

484 3693 642 3746 bules
689 3691 879 3747 factos.
940 3690 1167 3747 Demum
1222 3690 1525 3762 Βαρϐάρων
1582 3690 1867 3745 Persarum
1924 3690 2063 3746 bella

486 3771 544 3817 et
574 3762 977 3816 immanissimae
1006 3762 1200 3817 caedes.

560 3831 684 3886 155.
721 3832 935 3885 Dixerat
983 3831 1150 3897 enim,
1186 3831 1264 3885 De
1303 3832 1485 3901 δωρεά.
1528 3847 1587 3895 n,
1630 3829 1718 3894 44,
1754 3829 2062 3885 Heraclium

487 3902 764 3959 invenisse
794 3904 1092 3958 exercitum
1119 3902 1282 3969 [nulla
1326 3902 1547 3956 militari
1593 3901 1881 3971 disciplina
1908 3917 2062 3956 exer-

487 3972 712 4028 citatum
742 3980 797 4027 et
825 3973 938 4027 otio
964 3971 1336 4039 ditlluentem;
1382 3972 1526 4027 unde
1568 3982 1730 4041 supra
1747 3989 1802 4027 v.
1831 3972 1931 4028 l'50
1953 3971 2065 4026 Ro-

487 4058 680 4098 manos
712 4042 911 4097 milites
942 4042 1211 4113 lapidibus
1238 4051 1436 4099 terram
1468 4042 1647 4098 inutili
1673 4042 1912 4113 pondere
1941 4057 2065 4114 gra-

488 4114 744 4169 vantibus
777 4114 1132 4182 comparavit.

562 4184 705 4255 158._
721 4183 779 4238 In
804 4184 991 4239 codice
1013 4198 1180 4255 supra
1203 4183 1434 4255 primam
1465 4182 1733 4255 syllabam,
1750 4182 1899 4255 verbi
1926 4198 2068 4253 παρ-

490 4253 665 4307 ελθεῖν
693 4253 889 4323 legitur
916 4253 1043 4323 πρό.
1085 4254 1153 4307 Et
1173 4254 1464 4323 παρελθεῖν
1494 4253 1550 4308 et
1588 4254 1871 4323 προελθεῖν
1894 4262 2062 4307 recte.

564 4324 687 4379 159.
730 4322 846 4379 Duo
900 4322 1131 4394 proximi
1197 4322 1396 4394 senarii,
1448 4325 1682 4379 citantur
1725 4340 1755 4378 a
1806 4322 1974 4377 Suida
2012 4324 2069 4377 in

490 4411 559 4476 ν..
584 4392 962 4476 Σταγειρίτης.
1013 4392 1221 4476 Stagira
1275 4393 1933 4475 oppidumdllacedoniaa,
1965 4409 2070 4517 ra-

496 4474 595 4517 trta
635 4463 969 4517 Aristotelis.
1000 4479 1090 4517 aut
1134 4465 1235 4517 futt
1273 4463 1565 4517 Alexandri
1607 4472 1927 4517 praecentor.
1988 4474 2070 4517 tev-

496 4464 595 4519 tria
635 4463 969 4528 Aristdtelis,
1000 4467 1090 4533 qui
1134 4465 1235 4520 fuit
1273 4463 1565 4518 Alexandri
1607 4472 1927 4533 praeceptor.
1965 4463 2070 4517 lte-

494 4551 615 4588 rum
645 4535 953 4588 Alexandro

495 4602 630 4658 Vide
664 4620 825 4672 supra
847 4620 899 4657 v.
934 4603 1038 4657 H5
1065 4612 1119 4658 et
1144 4619 1294 4672 seqq.

566 4674 688 4728 160.
730 4673 922 4744 Persas
948 4674 1310 4744 εὐτυχοῦντας
1338 4673 1593 4743 appellat,
1628 4684 1687 4728 ut
1730 4673 1785 4727 in
1816 4673 2075 4729 invidiam

496 4745 708 4807 trahat,
759 4742 849 4813 qui
896 4759 1006 4797 non
1054 4742 1256 4799 virtute
1294 4742 1451 4806 duee,
1486 4745 1581 4798 sed
1620 4744 1819 4799 comite
1862 4745 2074 4799 fortuna

496 4813 893 4884 Chalcedonem
932 4829 1105 4883 usque
1139 4814 1378 4869 victores
1410 4825 1795 4884 pervenerant.

571 4883 692 4937 165.
764 4882 934 4937 Etiam
957 4882 1152 4939 biduo
1176 4884 1375 4938 senarii
1412 4882 1777 4939 inveniuntur
1817 4883 1874 4938 in
1906 4882 2077 4938 Suida

497 4970 554 5009 ν.
588 4953 774 5024 νεῦρα.
808 4952 887 5007 lbi
913 4953 1169 5009 IEmilius
1198 4954 1393 5009 Portus
1423 4954 1763 5024 ὲκρεύσαντα
1791 4954 1958 5009 vertit
1982 4955 2076 5008 de-

499 5026 663 5096 ﬂuere
703 5038 804 5096 pro
863 5024 1161 5093 deﬂuxisse.
1211 5025 1443 5087 lleraclii
1482 5025 2075 5096 magnanimitatemex

501 5109 569 5165 eo
592 5094 774 5148 laudat
816 5104 993 5162 poeta,
1018 5096 1161 5164 quod
1194 5112 1225 5150 a
1261 5096 1404 5151 bello
1445 5094 1791 5165 suscipiendo
1836 5110 1949 5149 non
1982 5094 2079 5149 de-

503 5164 722 5228 stiterit,
755 5166 1003 5232 quamvis
1031 5167 1080 5220 ei
1116 5167 1262 5222 vires
1306 5182 1415 5220 non
1444 5164 1762 5221 viderentur
1786 5173 2083 5234 suppetere

502 5247 559 5289 et
597 5234 978 5304 pecuniaAjam
1019 5236 1085 5291 ad
1132 5237 1315 5291 hostes
1366 5238 1689 5291 transisset;
1726 5251 1851 5289 nam
1877 5234 2079 5304 Persae,

502 5312 564 5359 ut
597 5302 1216 5377 :narratifl‘lteophanes,
1260 5323 1315 5377 p.
1362 5307 1497 5369 252,
1542 5308 1652 5375 jam
1700 5307 1770 5360 ab
1801 5320 1946 5377 anno
1978 5303 2084 5377 He-

503 5375 654 5428 raclii
680 5376 713 5429 6
742 5375 959 5429 collecta
984 5374 1306 5443 captivorum
1342 5374 1695 5440 multitudine,
1718 5376 1898 5444 spoliis
1925 5374 2084 5428 etiam

504 5446 843 5515 amplissimis
889 5454 935 5499 et
966 5447 1309 5514 pecuniarum
1340 5448 1390 5499 vi
1411 5456 1709 5515 asportata,
1741 5463 1865 5500 suas
1886 5447 1941 5499 in
1962 5462 2083 5512 pro-

504 5516 702 5569 vincias
754 5516 1051 5578 redierunt;
1092 5516 1164 5570 ita
1212 5527 1272 5570 ut
1320 5515 1618 5582 Heraclius,
1664 5517 1857 5572 eodem
1906 5516 2086 5570 Theo-

505 5585 694 5657 phane
712 5594 869 5649 teste,
891 5601 944 5655 p.
972 5586 1099 5652 255,
1134 5586 1185 5640 in
1216 5602 1425 5641 summa
1448 5588 1654 5657 argenti
1678 5587 1863 5657 inopia
1882 5585 2086 5655 Magnae

507 5655 747 5709 ecclesiae
774 5671 901 5710 vasa
930 5668 983 5712 et
1010 5657 1329 5713 candelabra
1360 5655 1621 5712 cudendis
1649 5655 1887 5711 nummis
1918 5672 2075 5709 usuro

510 5724 742 5781 uaverit.
761 5726 865 5781 Τὸν
888 5726 1117 5784 πλοῦτον
1142 5722 1371 5782 εἶναιτὰ
1396 5729 1495 5795 τῆς
1526 5728 1704 5793 αάγης
1729 5726 1895 5793 νεῦρα
1915 5725 2070 5780 multi

2162 3268 2291 3341 gius,
2311 3270 2367 3324 in
2410 3268 2647 3341 Diogene
2698 3268 2881 3341 Laert.
2917 3267 3025 3322 νει.
3056 3267 3259 3341 Bionis,
3301 3266 3395 3334 48,
3426 3269 3522 3340 qui
3561 3271 3755 3330 dicere

2162 3338 2374 3395 solebat
2396 3338 2489 3410 τὸν
2520 3338 2753 3410 πλοῦτον
2780 3338 2952 3410 νεῦρα
2980 3338 3345 3410 πραγμάτων.

2236 3410 2359 3466 169.
2401 3408 2597 3465 Suidas
2619 3408 2674 3480 in
2703 3427 2757 3464 ν.
2792 3408 3114 3480 εὐλαϐηθεὶς
3142 3408 3277 3480 citat
3303 3408 3458 3480 hunc
3484 3408 3752 3480 iambum,

2164 3491 2241 3545 et,
2268 3489 2339 3535 ut
2364 3479 2736 3552 puto,il_nel_ius
2768 3495 2933 3552 quam
2974 3478 3160 3552 noster
3180 3478 3544 3552 codex_babet
3577 3478 3755 3552 ηύλαὲ

2164 3552 2338 3620 ϐήθης
2365 3547 2464 3620 pro
2491 3547 2822 3620 εὐλαϐήθης.
2854 3549 3031 3605 Vertit
3056 3547 3310 3620 Emilius
3354 3548 3552 3605 Portus
3576 3547 3755 3609 {Non

2164 3619 2539 3692 reformidasti
2571 3619 2810 3675 molestas
2850 3621 3073 3674 morbos.
3116 3619 3222 3692 Sed
3264 3620 3578 3692 ἐνοχλοῦσαι
3605 3624 3754 3679 νόσοι

2166 3689 2256 3747 hic
2285 3706 2396 3746 non
2420 3691 2583 3746 modo
2615 3692 2817 3745 molesti
2844 3699 2973 3745 sunt
3015 3689 3211 3750 morbi,
3248 3689 3649 3757 sedintestini,
3681 3710 3751 3750 ex

2165 3762 2417 3818 civilibus
2448 3760 3028 3835 dissidiis__orti,__quos
3058 3775 3274 3835 summo
3309 3762 3495 3835 studio
3522 3778 3756 3835 compo-

2165 3840 2299 3887 nere
2338 3838 2623 3887 curaverat
2670 3830 2972 3898 Heraclius,
3019 3831 3337 3902 priusquam
3380 3831 3439 3886 in
3466 3830 3753 3891 Persidem

2166 3902 2544 3958 contenderet.
2946 3928 2959 3935 η

2239 3972 2360 4027 171.
2412 3971 2569 4027 Hune
2611 3971 2883 4041 iambum,
2912 3969 3005 4042 qui
3050 3970 3104 4042 in
3145 3971 3336 4027 codice
3382 3971 3752 4041 desideratur,

2167 4042 2540 4113 supplevimus
2562 4058 2628 4096 ex
2660 4042 2823 4097 Suida
2850 4042 2905 4096 in
2935 4041 2985 4097 v.
3017 4041 3179 4112 τύχη.
3203 4042 3366 4105 ῖοίνοε
3389 4042 3662 4112 Cpolitani
3696 4047 3755 4101 in

2169 4112 2436 4169 factiones
2484 4112 2647 4168 divisi
2689 4121 2744 4167 et
2785 4112 3061 4168 intestinis
3095 4112 3338 4168 dissidiis
3379 4113 3629 4169 distracti
3660 4126 3759 4171 oc-

2168 4185 2448 4254 casionem
2498 4182 2757 4254 Chosroat
2805 4183 3157 4254 praebuerunt
3200 4193 3270 4254 ut
3321 4181 3534 4239 facilius
3577 4185 3757 4254 impe~

2169 4256 2312 4310 rium
2358 4252 2663 4308 Romanum
2699 4253 2982 4324 invaderet
3013 4253 3162 4324 etab
3199 4252 3573 4324 Hierosolyma
3613 4252 3756 4309 vivi-

2169 4326 2333 4381 ﬁcum
2360 4332 2562 4378 sancta:
2591 4324 2767 4378 crucis
2793 4323 2998 4393 lignum
3027 4323 3080 4377 in
3121 4322 3397 4393 Persidem
3424 4322 3755 4393 asportaret.

2171 4396 2324 4452 Hanc
2346 4393 2567 4466 quidem
2591 4402 2753 4466 tantae
2775 4391 3282 4466 calamitatisfuisse
3307 4391 3528 4449 causam
3554 4411 3760 4466 cogno-

2171 4462 2381 4521 verunt
2418 4464 2601 4536 statim
2642 4464 2925 4536 Byzantini
2973 4479 3037 4536 ac
3085 4462 3213 4536 fassi
3257 4474 3406 4528 sunt,
3426 4465 3582 4536 apud
3616 4462 3759 4536 quos

1028 4535 1291 4591 eraclium
1317 4533 1539 4589 videtur
1562 4535 1722 4589 tacite
1744 4533 2067 4604 praetulisse.
2104 4542 2148 4598 υ
2178 4536 2363 4591 multis
2402 4535 2567 4589 etiam
2604 4533 2728 4603 poSt
2773 4534 2933 4589 annis
2976 4534 3091 4588 haec
3128 4533 3269 4604 fama
3310 4533 3651 4603 perduravit,
3678 4536 3759 4604 si;-

2176 4607 2394 4677 quidem
2420 4605 2489 4677 ‘in
2535 4599 2992 4677 aspernantis:
3023 4604 3181 4677 Joan.
3216 4599 3565 4677 Damasceni,
3606 4599 3646 4661 t.
3687 4599 3757 4670 ll,

2177 4674 2230 4747 p.
2262 4677 2387 4739 749,
2420 4674 2857 4747 hincleguntur:
2891 4674 3061 4747 Τοῦτο
3094 4675 3188 4728 καὶ
3221 4675 3352 4747 ἡμῖν
3388 4676 3454 4727 ὲκ
3485 4675 3595 4729 τῶν
3616 4678 3759 4747 γήμε-

2174 4743 2348 4817 τέρων
2375 4743 2721 4817 συμϐέϐηκεν
2758 4745 3211 4817 ἁμαρτημάτων-⁸
3244 4743 3511 4815 καύχημα
3540 4743 3760 4801 stated-

2175 4813 2360 4887 ξασμα
2381 4815 2582 4887 παντὸς
2604 4813 2798 4887 γένους
2815 4813 3159 4887 Χριστιανῶν
3177 4814 3205 4867 ὁ
3231 4813 3501 4887 σωτήριος
3522 4818 3761 4887 σταυρὸς

2174 4884 2345 4955 atati)
2400 4884 2683 4955 ζωηφόρος
2726 4884 3021 4949 ἀνάστασις
3068 4885 3336 4957 ὑπῆρχον,
3383 4886 3541 4939 ἅτινα
3577 4884 3762 4940 διὰτὸ

2181 4956 2561 4993 ηειηηηιιέυηυ
2602 4956 3050 4993 Ωσυεήηιπηᾶηιυηυ
3094 4955 3263 4993 Ἁυηηη
3324 4955 3353 4993 λ
3403 4956 3761 4993 Even-Annuus

2179 4956 2561 5027 μεμιαμμένον
2600 4956 3050 5025 βενετοπράσινον
3094 4955 3353 5035 summa
3402 4956 3761 5034 ἐπεθήκαμεν

2177 5029 2389 5088 ἑαυτοῖς
2416 5027 2515 5097 καί
2537 5024 2942 5097 ἐϐδελύχθημεν
2964 5025 3067 5097 ύπὸ
3098 5027 3338 5097 Χριστου
3368 5043 3462 5078 του
3495 5027 3735 5093 ἁγιᾶσσν

2176 5115 2267 5160 τος
2290 5098 2437 5168 ἡμᾶς
2452 5096 2532 5166 τῷ
2550 5095 2677 5164 θείῳ
2707 5094 2874 5149 αὑτοῦ
2901 5094 3255 5166 ὁνόματι,ἐὶς
3284 5098 3473 5166 χεῖρας
3549 5114 3759 5167 εμιαμ-

2186 5169 2364 5220 μένων
2395 5164 2773 5220 παρεδόθησαν
2801 5167 2893 5218 καὶ
2914 5166 3273 5220 ἐμιάνθησαν.
3295 5170 3375 5220 Ac
3405 5114 3567 5220 nauita
3592 5179 3714 5220 post
3742 5187 3756 5220 :

2240 5179 2364 5221 :vwv
2395 5179 2773 5238 παρεδόθησαν
2801 5179 2893 5218 και
2914 5179 3273 5236 εμιανυησαν.
3295 5179 3375 5220 Ac
3405 5179 3567 5235 paulo
3592 5179 3714 5235 post
3742 5187 3756 5221 :

2240 5238 2481 5308 άθωμεν.
2510 5277 2523 5291 .
2553 5273 2574 5308 .A
2600 5236 2652 5290 τί
2691 5237 2751 5288 τδ
2792 5235 2966 5308 αἴτιον
3009 5238 3106 5308 τῆς
3153 5235 3570 5308 καταλαϐούσης
3613 5240 3759 5308 ἡμᾶς

2180 5305 2466 5380 ἀναρχίαςΔ
2494 5306 2600 5380 καὶ.
2635 5306 2974 5380 συγχύσεως.
3003 5347 3018 5361 .
3047 5305 3070 5361 .’
3092 5305 3440 5380 ἐμολύναμεν
3471 5305 3588 5380 Δγὰρ

2182 5376 2303 5441 τοῖς
2327 5376 2549 5448 μυρίοις
2576 5376 2737 5448 ἡμῶν
2788 5378 3109 5448 ἀτοπήμασι
3130 5376 3255 5448 καί
3277 5376 3528 5448 ἐμφυλίῳ
3559 5376 3756 5446 αἵματ’

2182 5444 2474 5518 τὴνᾶγίαν
2502 5447 2597 5501 καλ⁹
2622 5444 2707 5517 ⁷τῷ
2738 5446 2900 5500 παντὶ
2935 5444 3127 5518 κόσμῳ
3164 5444 3469 5518 σεϐασμίαν
3494 5444 3591 5501 τοῦ
3622 5444 3761 5502 Θεοῦ

2182 5517 2365 5600 ἡμῶν.
2385 5517 2538 5571 πόλιν
2560 5534 2573 5548 ο
2602 5518 2676 5580 ὠς
2702 5518 2835 5600 ‘xal‘
2868 5517 3212 5600 μετανάστην
3253 5517 3507 5600 γενέσθαι
3556 5518 3760 5600 ταύτης

2183 5587 2277 5658 τὸν
2314 5589 2495 5657 τίμιον
2524 5587 2758 5657 σταυρὸν
2786 5588 2883 5658 τὴν
2905 5587 3051 5658 ζωὴν
3076 5587 3257 5658 ἡμῶν.
3287 5587 3413 5643 Haec
3440 5588 3646 5658 placuit
3674 5587 3735 5644 re

2186 5605 2277 5641 τον
2314 5605 2495 5657 τιμιον
2524 5605 2758 5657 σταυρον
2786 5606 2883 5657 την
2905 5605 3051 5658 ςωην
3076 5605 3257 5658 ημων.
3287 5605 3413 5643 tunc
3478 5605 3646 5643 lacu“
3674 5605 3735 5644 re

2186 5657 2351 5724 ferre,
2390 5658 2519 5728 quia
2553 5673 2697 5729 saepe
2735 5657 2914 5713 Pisida
2953 5657 3146 5714 eadem
3185 5666 3282 5713 aut
3314 5605 3512 5714 simiiia
3542 5660 3760 5731 repetit.
