4126 6282
576 408 767 472 Ποίαν,
803 401 1099 477 πρατηγέ,
1127 400 1311 473 χειρὸς
1342 398 1565 454 ἔκτασιν
1594 400 1803 471 φέρων,

503 502 674 558 Ποίαν
701 499 760 553 δὲ
798 496 961 568 μέχρι
988 494 1098 549 τῶν
1122 492 1303 562 νεφῶν
1331 490 1508 561 εὑρὼν
1545 489 1720 560 βάσιν,

508 591 738 647 Σεαυτὺν
767 588 1062 653 ἐξέτεινας,
1095 583 1237 638 ὥστε
1269 600 1328 635 σε
1351 581 1555 652 φθάσαι

372 683 474 741 180
511 681 620 735 Καὶ
645 679 746 750 τὴν
768 676 904 747 πρὸς
936 677 1106 746 ἄκρον
1127 672 1520 744 ὑπερηρμένην
1553 670 1724 744 τύχην

508 768 613 821 Τοῦ
633 764 1012 836 πυρσολάτρου
1038 760 1280 832 Χοσρόου
1319 760 1697 824 κατασπάσαι;

515 858 586 910 Ἦ
614 855 773 927 δῆλον
803 854 880 918 ὡς
908 854 940 924 ἡ
969 850 1092 923 χεὶρ
1115 852 1214 922 μὲν
1245 851 1311 904 ἐκ
1335 849 1445 902 τῶν
1476 849 1721 921 ίκμάδων

513 949 624 1017 Τῆς
652 945 935 1008 εὐσεϐείας
960 943 1203 1006 εὐκόλως
1229 941 1489 1007 ὲτείνετο,

514 1041 696 1111 Πέτρα
722 1038 781 1091 δέ
813 1037 896 1091 σοί
919 1053 1006 1100 τις
1032 1034 1279 1107 οὐρανῶν
1305 1033 1590 1106 ὑπερτέρα

286 1138 293 1143 ’
378 1131 479 1188 185
527 1130 585 1185 '0
612 1129 849 1200 Χριστὸς
881 1128 1050 1197 ἐγγὺς
1072 1128 1154 1191 είς
1182 1126 1339 1198 βάσιν
1368 1129 1695 1199 παρίστατο,

512 1221 591 1274 Δι’
624 1213 686 1273 οὗ
709 1218 800 1272 τὸν
835 1218 1029 1289 ἐχθρὸν
1055 1219 1114 1271 ἐν
1139 1220 1331 1283 κακοῖς
1362 1219 1671 1289 ἐπηρμένον

527 1314 625 1370 Ἐκ
642 1313 750 1367 τῶν
773 1312 951 1382 νεφῶν
977 1310 1225 1375 καθεῖλες
1254 1313 1311 1364 ὲν
1330 1311 1409 1381 τῷ
1441 1313 1734 1385 Ταρτάρῳ.

584 1405 754 1458 Ποίαν
784 1402 1065 1475 παρῆλθες
1092 1402 1165 1473 μὴ
1191 1401 1552 1473 τεθλιμμένος
1579 1405 1766 1474 τρίϐον

514 1486 627 1569 Τῆς
653 1497 761 1567 γῆς
788 1496 1006 1566 ἀπάσης
1031 1495 1309 1559 δυσσεϐῶς
1332 1496 1716 1567 πεφλεγμένης
1740 1514 1756 1564 ς

378 1590 481 1647 190
519 1584 593 1643 Τὸ
620 1588 733 1660 πῦρ
770 1588 878 1661 γὰρ
906 1587 1030 1653 είκῆ
1064 1585 1384 1657 προσκυνῶν
1409 1588 1437 1639 ὁ
1469 1588 1722 1659 Χοσρόης

517 1679 630 1731 οὐκ
654 1680 735 1741 εις
760 1677 823 1730 τὸ
847 1675 1043 1742 σώζειν
1059 1675 1207 1747 εἶχεν
1227 1716 1245 1744 ,
1268 1676 1384 1730 ἀλλ’
1412 1678 1493 1740 είς
1516 1678 1577 1731 τὸ
1605 1678 1846 1748 φλέγειν.

1573 291 1903 353 HERACLl
1913 292 2109 351 ADUS
2152 293 2317 351 ΑΕΒ.
2354 294 2401 351 1.

1975 405 2025 461 Λ

2192 401 2319 465 Πῶς
2349 394 2443 454 oin;
2472 402 2753 473 παρῆλθες
2776 404 2876 468 τὰς
2904 405 3144 479 ἐρήμους
3166 408 3241 474 ὡς
3273 409 3482 479 πόλεις,

2189 491 2252 545 El
2284 492 2359 563 μὴ
2387 492 2455 545 δι’
2479 494 2651 565 αὐτῆς
2677 494 2779 564 τῆς
2817 498 3111 570 νοουμένης
3137 500 3312 571 πύλης

2201 581 2409 636 Ἐλθὼν
2435 583 2687 655 ἑδείχθης
2715 584 2961 657 ἀπλανὴς
2990 588 3303 662 ὁδοιπόρος;

2050 672 2150 731 I95
2220 669 2293 726 Ὠ
2318 677 2413 727 νῦν
2442 674 2618 746 ἀληθῆ
2649 675 2911 731 δεικνύων
2931 680 3031 751 τὴν
3059 682 3350 755 πορφύραν
3377 701 3394 716 ο

2188 764 2540 835 Πορφύρεται
2569 767 2680 838 γὰρ
2702 770 2781 831 είς
2803 768 2982 841 βαφὴν
3004 774 3229 830 αἰωνίαν

2201 854 2415 927 Ἰδρῶσι
2442 859 2556 920 τοῖς
2582 861 2698 921 σοῖς
2719 861 2961 926 εὐσεϐῶς
2994 865 3314 939 ᾑμαγμένη.

2185 947 2352 1002 Μένει
2377 948 2435 1002 δὲ
2465 949 2653 1021 λευκὴ,
2676 953 2881 1024 καίπερ
2906 951 3041 1009 οὖσα
3066 960 3322 1031 πορφύρα
3344 977 3359 991 θ

2190 1044 2300 1097 Καὶ
2328 1047 2394 1116 τῇ
2427 1045 2525 1117 νέᾳ
2560 1046 2852 1102 στίλϐουσα
2884 1049 3227 1125 καλλιεργίᾳ,

2048 1132 2155 1189 200
2194 1134 2360 1189 Ὅσον
2390 1140 2658 1207 φορεῖται,
2688 1140 2950 1210 μειζόνως
2987 1143 3386 1218 λαμπρύνεται.

2214 1290 2231 1300 ἥ
2261 1225 2457 1295 Χαῖρε,
2490 1229 2787 1300 στρατηγὲ,
2817 1233 3086 1301 κοσμικοῦ
3122 1236 3397 1303 γενεθλίου

2192 1313 2297 1367 Τὸν
2320 1316 2412 1369 σὸν
2438 1318 2546 1388 γὰρ
2578 1315 2741 1373 ἆθλον
2761 1322 2906 1375 πᾶσα
2929 1326 3082 1396 χώρα
3112 1328 3206 1381 καὶ
3234 1330 3389 1394 πόλις

2199 1407 2558 1479 Ἐμπρακτον
2580 1407 2689 1466 οἶδε
2714 1414 2808 1467 τοῦ
2832 1414 2948 1486 βίου
2977 1419 3277 1486 γενέθλιον.

2191 1499 2298 1554 Τὸν
2318 1503 2659 1557 πεντάπλουν
2688 1509 2767 1570 εἰς
2790 1508 2960 1579 ἄκρον
2988 1510 3192 1581 ἤνυσας
3221 1512 3420 1584 δρόμον

2050 1591 2159 1648 205
2203 1592 2409 1663 ἰδρῶν,
2437 1596 2697 1663 ἐλαύνων,
2732 1600 3082 1673 ἀντεγείρων,
3112 1607 3441 1676 συντρέχων,

2199 1685 2345 1749 Ἕως
2366 1687 2617 1754 καθεῖλες
2636 1694 2962 1764 παραϐάτην
2985 1696 3255 1768 Χοσρόην.

380 1833 501 1889 tiori
525 1833 745 1890 fortiorl
783 1835 994 1907 quales,
1027 1850 1061 1890 ο
1093 1835 1224 1903 dux,
1254 1835 1483 1906 supinas
1519 1836 1704 1893 ferens
1733 1853 1952 1908 manus,
1988 1857 2028 1913 Β
2055 1852 2256 1921 agi-351i
2294 1862 2354 1909 ιιι
2410 1854 2597 1921 urbes,
2644 1852 2750 1908 nisi
2787 1854 2915 1923 quia
2958 1869 3058 1924 per
3106 1870 3250 1921 eam,
3296 1872 3418 1926 qua;
3448 1869 3631 1913 meum

377 1941 649 1996 quamque
682 1942 855 1997 usque
894 1928 963 1982 ad
1002 1927 1178 1982 nubes
1208 1929 1543 1997 protendens
1580 1930 1753 1985 basim
1788 1941 1841 1987 te
1876 1933 1958 2004 ip-

377 2034 499 2073 sum
528 2018 794 2083 extulisti,
822 2028 880 2074 ut
908 2029 1270 2090 prmverteres
1299 2020 1447 2092 (180)
1473 2031 1530 2078 et
1579 2024 1647 2077 ad
1679 2023 1957 2097 fastigium

378 2120 619 2166 evectam
654 2111 929 2166 fortunam
955 2112 1202 2183 ignicolae
1239 2113 1500 2169 Chosroa:
1534 2119 1958 2186 prosterneres?

377 2206 446 2260 At
468 2205 627 2275 plane
657 2213 872 2260 constat
899 2206 1045 2276 quod
1073 2222 1269 2262 manus
1306 2222 1340 2262 a
1374 2209 1667 2278 vaporibus
1697 2219 1805 2267 tua:
1838 2211 1957 2283 pie-

381 2298 508 2353 tatis
542 2297 700 2353 facile
729 2298 1183 2368 intendebantur;
1220 2309 1373 2371 petra
1401 2316 1531 2357 vero
1561 2301 1655 2357 tibi
1686 2303 1839 2358 caelis
1862 2319 1958 2358 su-

379 2388 595 2445 blimior
633 2389 782 2463 (185)
816 2391 1007 2448 aderat
1036 2409 1204 2464 prope
1241 2394 1309 2449 ad
1334 2394 1508 2450 basim
1557 2393 1829 2460 Christus,
1862 2413 1959 2452 cu-

373 2482 466 2553 jus
495 2498 598 2554 ope
627 2484 907 2540 inimicum
938 2486 992 2540 in
1029 2489 1187 2544 malis
1215 2488 1621 2559 superbientem
1656 2505 1686 2545 a
1719 2491 1959 2547 nubibus

380 2576 625 2647 deiecisti
654 2579 709 2631 in
740 2576 1049 2633 Tartarum.
1363 2587 1371 2595 '

450 2670 622 2736 Quale
648 2670 928 2741 perfecisti
961 2688 1071 2726 non
1096 2672 1440 2743 defatigatus
1484 2673 1587 2729 iter
1620 2689 1718 2744 per
1740 2688 1959 2730 omnem

380 2773 582 2819 terram
610 2764 775 2835 impie
799 2765 1187 2820 combustam?
1222 2766 1368 2837 (190)
1387 2766 1569 2837 Ignem
1596 2767 1765 2830 enim,
1797 2782 1959 2836 quem

381 2864 585 2911 temere
612 2856 823 2912 colebat
848 2855 1139 2923 Chosroes,
1172 2872 1280 2911 non
1309 2858 1376 2912 ad
1398 2856 1715 2924 servandas,
1756 2857 1854 2912 sed
1884 2857 1953 2913 ad

380 2947 617 3004 urendas
654 2962 742 3004 res
779 2947 1046 3004 adhibuit.
1066 2946 1336 3015 Quidnam
1378 2946 1542 3020 igitur
1582 2946 1799 3001 deserta
1827 2962 1953 3019 per-

2055 1943 2361 2014 concipitur
2402 1955 2613 2017 portam
2663 1960 2916 2017 egressus
2942 1947 3241 2017 apparuisti
3286 1956 3435 2003 tutus
3476 1966 3632 2019 perc-

2055 2034 2321 2105 grinator.

2125 2127 2273 2199 (195)
2302 2127 2346 2184 Ο
2370 2143 2500 2183 vere
2527 2144 2673 2184 nunc
2703 2138 2983 2185 ostentans
3022 2145 3320 2201 purpuram
3348 2134 3362 2189 ι
3416 2148 3629 2203 purpu-

2056 2221 2221 2274 rascit
2242 2221 2387 2275 enim
2416 2237 2482 2276 ex
2508 2222 2797 2277 immortali
2825 2222 3029 2287 colore,
3055 2239 3181 2279 cum
3211 2224 3317 2280 tuis
3341 2226 3631 2280 sudoribus

2057 2309 2127 2364 sit
2147 2310 2235 2380 pie
2251 2319 2551 2378 cruentata;
2570 2321 2859 2382 manetque
2883 2314 3131 2377 candida,
3150 2316 3396 2385 quamvis
3412 2318 3481 2369 sit
3498 2331 3632 2384 pur-

2057 2417 2211 2472 pura,
2248 2412 2304 2458 et
2322 2419 2464 2459 novo
2488 2404 2657 2475 fulget
2676 2419 2841 2474 opere
2867 2415 3127 2461 exornata
3154 2423 3166 2460 :
3202 2406 3350 2475 (200i
3376 2423 3500 2462 nam
3523 2424 3632 2478 quo

2058 2495 2232 2566 magis
2261 2511 2360 2550 usu
2398 2497 2614 2562 teritur,
2646 2496 2786 2550 nitet
2809 2497 3001 2568 magis.

2131 2583 2310 2649 Salve,
2342 2583 2470 2647 dux,
2498 2599 2597 2654 per
2634 2599 2797 2653 quem
2832 2584 3070 2639 mundus
3089 2585 3393 2641 renascitur
3425 2603 3438 2639 :
3479 2594 3632 2640 tuum

2058 2672 2207 2727 enim
2244 2680 2521 2727 certamen
2560 2672 2739 2727 omnis
2772 2673 2901 2728 urbs
2947 2683 3003 2728 et
3033 2674 3177 2745 regio
3224 2674 3346 2729 vitae
3399 2675 3633 2729 natalem

2059 2765 2231 2820 sensit
2276 2780 2401 2820 esse
2450 2763 2746 2820 ellicacem.
2778 2762 3181 2838 Quintuplicem
3234 2766 3636 2837 perfectissime

2062 2851 2334 2922 perfecisti
2379 2867 2620 2919 cursum,
2674 2851 2823 2923 (205)
2872 2853 3092 2919 sudans,
3148 2852 3452 2923 impellens,
3496 2853 3636 2908 inci-

2060 2956 2201 3013 tans,
2252 2962 2621 3017 concurrens,_
2647 2953 2821 3003 donec
2871 2947 3115 3019 deiecisti
3142 2958 3413 3004 armatum
3458 2949 3637 3006 (lbos-

1903 3121 2142 3179 NO'NE.

452 3284 572 3359 illo.
612 3283 832 3359 gonfer.
871 3287 946 3343 De
976 3289 1156 3359 exped.
1189 3302 1249 3353 ιι,
1280 3287 1345 3342 51
1372 3294 1439 3359 et
1452 3299 1606 3359 seqq.

381 3442 502 3499 rum
536 3426 879 3499 plrsolatria,
895 3444 1017 3498 qua:
1042 3427 1387 3499 occasionem
1410 3440 1506 3499 eos
1524 3427 1796 3499 irridendi
1819 3444 1961 3499 prte-

380 3496 502 3568 buit
540 3494 797 3568 ’Maximo
842 3494 1023 3568 Tyrio,
1056 3499 1275 3553 dissert.
1324 3496 1432 3568 38;
1460 3496 1669 3568 Πέρσαι
1718 3494 1921 3568 μὲν’πῦ

380 3515 502 3551 nunt
561 3515 797 3552 maximo
851 3515 1023 3568 tyrio,
1056 3515 1275 3553 dissert.
1324 3515 1432 3552 οδε
1460 3515 1536 3549 us
1578 3515 1669 3552 σαι
1718 3515 1817 3568 μεν
1847 3515 1921 3551 πυ

378 3566 963 3638 ᾇγαλμαῄέφήμερον,
997 3569 1306 3638 ἀκόρεστον
1342 3566 1441 3619 καὶ
1493 3515 1808 3638 ᾴὲηφάγοψ
1866 3515 1962 3622 καῖ

379 3636 570 3710 θύουσι
606 3635 812 3710 Πέρσαι
850 3635 1011 3710 πυρὶ,
1054 3635 1445 3710 ἐπιφοροῦντες
1473 3635 1624 3710 αὐτῷ
1655 3635 1753 3710 τὴν
1788 3638 1960 3709 πυρὸς

376 3706 610 3829 τροφὲν,
636 3706 986 3776 ἐπιλέγοντες
1007 3725 1020 3738 ·
1053 3725 1072 3757 ι
1106 3706 1232 3778 Πῦρ
1246 3708 1506 3771 δέσποτα,
1537 3706 1720 3762 ἔσθιε.⁷
1746 3727 1766 3761 ι

450 3776 519 3829 18
561 3812 575 3828 .
608 3774 806 3833 Enhes.
849 3793 913 3833 ιι.
946 3779 1036 3833 9.0.

561 3812 575 3828 .
608 3791 806 3842 upnes.
849 3793 913 3842 ιι,
946 3791 1036 3833 zu.

450 3791 575 3829 tua.
608 3791 806 3859 upnes.
849 3793 913 3842 ιι,
946 3791 1036 3833 zu.
1440 3846 1452 3858 .

448 3846 575 3917 189.
620 3846 892 3917 Lhosroes
931 3847 1300 3902 Romanorum
1343 3861 1611 3917 regiones
1638 3862 1747 3900 non
1797 3848 1959 3902 modo

377 3916 614 3988 spoliare
632 3916 734 3988 sed
748 3918 917 3988 etiam
949 3918 1073 3988 igne
1102 3927 1315 3979 vastare
1360 3916 1679 3988 contendit;
1711 3918 1856 3988 quod
1886 3932 1956 3971 an

376 4000 445 4040 ex
477 3986 644 4041 animi
675 3987 759 4040 sui
793 3986 1007 4044 feritate
1039 4003 1108 4041 an
1144 4003 1209 4042 ex
1252 4001 1405 4041 vanae
1438 3986 1717 4055 religionis
1751 3986 1956 4055 princi-

376 4057 470 4126 pio
493 4056 699 4110 factum
743 4057 930 4122 fuerit,
966 4058 1174 4113 nescio.
1191 4055 1432 4126 Constat
1479 4066 1661 4109 autem
1709 4057 1766 4109 in
1806 4071 1957 4112 more

376 4125 745 4197 fuisseietiam
777 4128 917 4197 apud
949 4135 1161 4183 veteres
1184 4125 1465 4197 Persasut
1490 4140 1650 4197 agros
1684 4127 1957 4197 urbesque

376 4196 736 4251 incenderent
760 4216 773 4250 :
797 4195 923 4253 nam
953 4197 1182 4263 Xerxes,
1215 4195 1489 4251 Herodoto
1514 4195 1672 4260 teste,
1706 4195 1800 4251 lib.
1834 4211 1952 4260 vm,

377 4282 435 4336 p.
462 4266 588 4336 474,
625 4274 793 4321 totam
828 4268 1064 4322 Atticam
1103 4267 1332 4322 exussit.
1363 4264 1519 4332 Quod
1558 4264 1662 4318 fuit
1704 4265 1758 4320 in
1791 4281 1957 4321 causa

377 4335 439 4390 ut
470 4335 945 4408 MaximusTyrius
967 4336 1161 4408 Persas
1186 4336 1393 4408 acriter
1421 4335 1850 4408 reprehenderet
1869 4336 1956 4408 his

375 4406 595 4478 verbis:
643 4405 941 4478 Torirt'patp
986 4407 1266 4478 ἀγάλματι
1312 4406 1409 4459 καὶ
1453 4406 1533 4478 τῷ
1571 4405 1695 4478 Θεῷ
1723 4406 1955 4478 ᾐκαὶτὴν

388 4476 678 4547 Ἐρέτριαν
732 4475 1046 4531 ἀναλῶσαι⁷
1080 4475 1352 4532 δεδώκατε
1405 4475 1672 4547 και-τὰς
1722 4475 1955 4547 Ἀθήνας

375 4544 678 4609 αὑτὰςκαὶ
721 4548 789 4601 τὰ
841 4548 1037 4601 Ἰώνων
1086 4548 1212 4619 ιερὰ
1257 4547 1351 4601 καὶ
1387 4546 1457 4600 τὰ
1483 4544 1755 4617 Ἐλλήνων
1784 4544 1956 4615 ἁγάλη

459 4632 546 4670 τα.

604 4686 914 4757 Νοούμενον
941 4696 1026 4743 est
1076 4686 1329 4758 quidquid
1368 4694 1542 4758 mente
1576 4685 1868 4755 concipitur
1908 4696 1959 4741 et

376 4757 471 4828 sub
528 4758 937 4828 intelligentiam
1003 4757 1185 4811 cadit:
1253 4757 1552 4828 opponitur
1608 4759 1961 4828 autemaol;

376 4827 678 4897 όρωμένοις
700 4826 757 4883 et
784 4828 1081 4897 αἰσθητοῖς,
1113 4828 1262 4882 rebus
1292 4826 1589 4897 'visibilibtts
1618 4836 1666 4881 et
1694 4826 1958 4897 sensibili-

378 4894 714 4967 biuiltaque
756 4894 1024 5021 νοουμέἭ
1065 4898 1210 4967 πύλη
1253 4898 1408 4967 po’rta
1438 4895 1837 4963 intellectualis,
1862 4912 1959 4966 per

378 4980 542 5021 uuam
566 4981 819 5021 egressus
863 4975 951 5021 est
1031 4967 1286 5021 eraclius.
1324 4967 1409 5021 vel
1436 4976 1521 5021 est
1542 4970 1720 5021 pietas
1757 4967 1840 5021 vel
1868 4982 1957 5021 sa-

377 4980 543 5039 quam
566 4981 819 5039 egressus
863 4975 951 5039 est
981 4967 1286 5039 Heraclitus,
1324 4967 1409 5023 vel
1432 4976 1521 5039 est
1542 4970 1720 5037 pietas
1757 4967 1840 5039 vel
1868 4982 1957 5021 sa-

376 5037 622 5105 pientia,‘
650 5038 737 5092 vel
782 5037 1006 5092 tandem
1048 5038 1213 5102 Deus,
1261 5052 1370 5107 quo
1413 5037 1554 5093 duce
1607 5047 1663 5093 et
1692 5037 1892 5093 comite
1924 5052 1957 5092 a

380 5116 532 5177 recto
568 5107 763 5162 itinere
789 5108 1048 5162 aberrare
1080 5123 1189 5162 non
1220 5107 1418 5177 potuit.

448 5176 827 5249 200.7‘Alludit
861 5178 1107 5249 ad__diem
1135 5176 1371 5249 natalem
1418 5177 1658 5249 imperii,
1705 5177 1798 5247 qui
1839 5176 1959 5232 dies

378 5246 443 5319 το
470 5247 748 5319 γενέθλιον
790 5247 1105 5319 simpliciter
1147 5247 1254 5319 dici
1295 5246 1583 5319 solebat—et
1609 5246 1803 5319 magna
1837 5262 1959 5319 om-

379 5315 535 5371 nium
613 5317 866 5372 ordinum
896 5315 1277 5372 'solemnitate
1329 5315 1738 5382 celebrabatur;
1813 5317 1964 5371 unde

379 5386 658 5459 γενέθλιον
696 5386 921 5440 ίππικδν
960 5395 1017 5442 et
1044 5387 1394 5459 ,γενεθλιακὴ
1448 5387 1685 5459 θεωρῇ,
1732 5387 1963 5442 natalitii

377 5454 888 5529 ludi‘circensesret
913 5458 1153 5511 natalitia
1196 5454 1506 5527 spectacula
1545 5454 1577 5512 a
1601 5457 1959 5529 Theophane,

379 5540 434 5606 p.
469 5525 565 5581 191
614 5536 670 5582 et
714 5527 820 5583 195
850 5525 1244 5593 memorantur,
1292 5542 1415 5597 quae
1462 5529 1520 5584 in
1555 5529 1702 5585 diem
1742 5525 1800 5583 fl
1836 5527 1960 5581 Maii

379 5596 716 5652 incidebant.

306 5641 313 5647 .
378 5605 716 5652 metuebant.

448 5666 787 5740 202_.___S_atpe
820 5667 1132 5723 Heracliam
1186 5679 1245 5724 ut
1278 5670 1539 5725 athletam
1579 5683 1954 5740 repraesentat,

1987 3290 2035 3354 ο
2066 3288 2279 3346 iambis.
2312 3290 2500 3360 Itaque
2542 3284 2751 3343 inducit
2781 3286 3090 3345 Heraclium
3121 3299 3176 3346 et
3205 3291 3502 3348 Chosroam
3537 3308 3637 3350 ve-

452 3355 576 3409 181.
615 3352 752 3410 Vide
788 3374 949 3424 supra
984 3352 1049 3415 νζ
1074 3360 1109 3413 2
1136 3366 1191 3413 et
1226 3359 1314 3421 14,
1352 3355 1443 3411 ubi
1473 3352 1628 3425 plura
1666 3357 1736 3414 de
1763 3358 1961 3414 Persa—
2006 3352 2030 3354 “
2068 3360 2165 3415 luti
2196 3362 2339 3416 inter
2370 3352 2429 3415 se
2452 3365 2723 3415 certantes
2754 3372 2920 3413 cursu
2947 3378 2962 3415 :
3006 3361 3280 3416 theatrum
3312 3363 3429 3417 sive
3454 3365 3637 3421 circus

2062 3437 2146 3484 est
2194 3440 2337 3487 terra
2378 3429 2653 3489 universa,
2704 3437 3041 3497 spectatores
3082 3440 3209 3485 sunt
3254 3433 3497 3488 omnium
3544 3452 3636 3488 ur-

2063 3499 2213 3555 bium
2250 3500 2420 3563 cives,
2447 3498 2617 3572 judex
2646 3496 2741 3553 est
2759 3496 2923 3555 Deus.
2970 3499 3089 3555 Huc
3115 3500 3321 3557 faciunt
3348 3518 3469 3572 quae
3491 3505 3636 3560 dixi-

2061 3584 2186 3625 mus
2218 3584 2404 3638 supra,
2439 3567 2493 3623 v.
2516 3567 2606 3624 51.

2131 3641 2255 3697 204.
2289 3637 2363 3697 Ut
2384 3653 2658 3694 summum
2689 3637 2951 3694 athletam
2999 3638 3169 3696 fuisse
3202 3639 3507 3699 Heracliam
3535 3644 3637 3700 de-

2062 3719 2353 3775 monstret,
2392 3709 2635 3779 quinque
2656 3723 2914 3763 cursuum
2947 3711 3035 3765 vel
3061 3713 3418 3767 certaminum
3459 3719 3636 3769 victo-

2060 3782 2198 3854 riam
2238 3781 2288 3835 ei
2330 3779 2522 3854 tribuit
2550 3778 2569 3832 ξ
2626 3778 2861 3854 utenitn
2907 3781 3291 3854 antiquitatum
3341 3785 3636 3854 scriptorcs

2060 3852 2301 3913 tradunt,
2336 3850 2414 3921 illi
2458 3850 2601 3921 inter
2639 3848 2874 3921 athletas
2911 3848 3251 3906 habebantur
3293 3848 3633 3921 peritissimi,

2058 3921 2153 3990 qui
2178 3919 2461 3989 πεντάθλῳ
2482 3919 2846 3992 sivequiuque
2873 3922 3218 3974 certaminum
3242 3919 3513 3992 generibus
3539 3919 3635 3979 de-l

2058 3988 2386 4062 certassent,
2434 3988 2709 4062 videlicet
2749 4003 2936 4062 cursu,
2999 3991 3161 4062 saltu,
3210 3988 3384 4062 disco,
3426 3994 3631 4062 jaeulo,

2058 4059 2244 4125 lucta;
2287 4073 2351 4113 ac
2391 4057 2621 4130 proinde
2669 4056 2975 4130 πεντᾴθλᾳυ
3010 4060 3135 4130 sive
3179 4061 3322 4130 quod
3376 4056 3518 4116 idem
3550 4073 3637 4118 est

2058 4126 2472 4201 quinquertieigis
2510 4128 2629 4201 laus
2666 4134 2775 4180 tam
2822 4126 3227 4201 insignisapuil
3268 4139 3483 4186 veteres
3510 4131 3632 4197 fuit,

2058 4197 2120 4254 ut
2147 4197 2241 4269 qui
2270 4198 2333 4269 in
2366 4198 2473 4269 illis
2511 4197 2753 4269 quinque
2791 4197 3277 4255 exercitationibus
3306 4201 3630 4267 eminerent,

2059 4268 2349 4341 πένταθλοι
2387 4268 2474 4323 vel
2512 4268 2938 4341 quinquenium:
2975 4269 3308 4341 dicerentur.
3358 4269 3490 4336 Quae
3512 4273 3636 4341 qui-

2057 4339 2184 4394 dem
2232 4340 2350 4394 laus
2392 4346 2503 4393 tam
2542 4338 2649 4391 late
2696 4337 2894 4409 patuit,
2944 4347 3006 4393 ut
3046 4340 3138 4409 qui
3169 4337 3633 4409 aliquovirtut'um

2058 4424 2257 4480 genere
2317 4414 2663 4480 praestarent,
2718 4408 3634 4480 translatitie’rrévae‘totappella-

2057 4477 2268 4550 fentur.
2301 4477 2454 4545 Quod
2482 4480 2552 4533 de
2589 4477 2898 4550 Demucrito
2942 4480 3149 4535 dictum
3182 4479 3349 4534 refert
3371 4477 3636 4550 Diogenes

2058 4547 2338 4619 Laertius,
2403 4550 2499 4604 lib.
2562 4547 2784 4619 5,37
2839 4567 2853 4603 :
2918 4550 3007 4613 Ὧς
3069 4550 3355 4619 πεντάθλῳ
3409 4547 3552 4603 ἔοικε
3608 4555 3639 4606 ό

1989 4624 2037 4681 D
2064 4613 2382 4692 φιλόσοφος’
2416 4621 2513 4674 καὶ
2558 4613 2629 4691 ἦν
2664 4617 2741 4682 ὡς
2775 4618 2997 4690 ἀληθῶς
3033 4621 3093 4675 ιν
3143 4613 3435 4692 φιλοσοφίᾳ
3472 4621 3637 4675 πέντ-

2058 4689 2239 4747 αθλος.

2300 4758 2683 4833 Ἀντεγείρων,
2715 4758 3009 4833 binc_inde
3063 4760 3286 4833 stimulo
3313 4761 3401 4815 vel
3430 4760 3639 4833 ﬂagello

2056 4829 2291 4886 incitans
2324 4845 2517 4913 equos,
2563 4836 2623 4883 ut
2649 4830 2725 4913 'in
2762 4830 2949 4885 multis
2981 4831 3223 4901 antiquis
3268 4829 3641 4889 monumentis

2056 4909 2522 4971 repraesentantur
2545 4909 2766 4970 aurigae.

2059 5040 2070 5042 4
2125 4971 2251 5027 206.
2286 4971 2617 5042 Παραϐἁτην
2640 4978 2789 5042 recte
2818 4977 2973 5024 vocat
3001 4970 3323 5037 Chosream,
3344 4979 3466 5042 tum
3492 4972 3640 5042 quod

2055 5040 2190 5113 legis
2246 5041 2564 5113 violatorem
2636 5040 3277 5113 parabatamuvocabant
3328 5040 3523 5113 Graeci,
3578 5048 3640 5113 ut

2056 5110 2469 5167 observavimus
2499 5110 2573 5181 De
2603 5110 2785 5177 expect.
2821 5126 2882 5170 ιι.
2912 5110 3038 5175 289,
3066 5121 3182 5166 tum
3198 5112 3343 5181 quod
3370 5113 3424 5166 in
3459 5112 3640 5166 curri-

2057 5183 2181 5249 bus,
2224 5181 2423 5249 quibus
2463 5179 2758 5234 utebantur
2788 5188 2999 5235 veteres
3043 5196 3152 5235 non
3183 5179 3345 5236 modo
3376 5183 3433 5235 in
3471 5182 3639 5250 bello,

2061 5253 2154 5308 sed
2183 5256 2347 5306 etiam
2392 5250 2448 5303 in
2492 5249 2839 5319 spectaculis,
2878 5250 3092 5306 duobus
3135 5260 3254 5306 erat
3286 5253 3458 5313 locus,
3492 5249 3641 5306 scili-L

2061 5332 2150 5377 cet
2177 5322 2377 5392 ἡνιόχῳ
2403 5322 2607 5392 auriga:
2627 5328 2682 5392 et
2709 5319 2898 5392 ὁπλίτῃ
2930 5319 3018 5374 vel
3049 5321 3342 5392 παραϐάτῃ
3371 5321 3528 5375 militi
3552 5321 3638 5376 vel

2062 5390 2526 5461 parabatw;unde
2548 5390 3067 5461 hujusmodie'urrus
3087 5390 3267 5461 δίφροι
3295 5390 3640 5454 dicebantur,

2070 5460 2129 5516 ut
2170 5471 2358 5531 aperte
2412 5461 2805 5533 interpretatur
2858 5460 3193 5516 Eustathius
3231 5463 3289 5515 in
3340 5461 3639 5516 Homerum

2070 5533 2232 5587 Iliad.
2267 5546 2304 5587 ι.
2342 5530 2450 5584 262
2488 5532 2570 5586 ed.
2602 5530 2909 5587 Florentm.
2936 5532 3081 5587 880:
3120 5532 3320 5587 Δίφρος
3355 5531 3520 5587 τόπος
3545 5530 3639 5585 τοῦ

2070 5546 2232 5593 ιιιαα,
2267 5546 2304 5595 ι,
2342 5546 2450 5584 zu:
2488 5546 2570 5586 ea.
2602 5546 2909 5602 r'torem.p.
2936 5546 3081 5587 5w:
3120 5546 3320 5654 Διφρος
3355 5546 3520 5594 τοπος
3545 5549 3640 5585 του

2067 5602 2368 5675 ἅρματοςᾉὸ
2396 5602 2521 5675 τους
2550 5601 2813 5673 ῥηθέντας
2842 5603 3041 5675 φέρων⁸
3063 5601 3143 5675 διο
3160 5618 3231 5654 κα
3278 5599 3638 5675 δίφροςλλέγε-

2064 5671 2162 5753 ται,
2181 5672 2255 5753 ὡς
2279 5673 2445 5753 οἱονει
2467 5671 2705 5744 δίφορος,
2730 5675 2823 5727 καὶ
2845 5671 3639 5753 τροφῇκκαὶσυχκοπῇῼδίιφρες.

381 5750 445 5790 ac
475 5737 670 5792 nullibi
695 5737 826 5794 sane
854 5741 1094 5809 apertius
1122 5755 1283 5810 quam
1316 5741 1402 5797 hic
1422 5749 1480 5796 et
1510 5742 1565 5795 in
1600 5737 1957 5811 sequentibus
2070 5742 2278 5799 Videsis
2329 5737 2541 5799 ibidem
2580 5737 2968 5801 commentaria
2993 5737 3078 5798 "P.
3121 5737 3284 5801 ΡοΙὶιὶ
3321 5737 3640 5801 81⁷8οῆεῶ-
