4126 6282
529 301 665 372 1315

662 413 1103 483 Κατεπλάγησαν
1131 411 1182 464 οἱ
1208 410 1315 482 πρὸ
1347 409 1439 462 σοῦ
1464 410 1814 479 διφροττάται

674 505 763 556 Ἐν
785 505 847 574 τῇ
870 502 1108 572 τοσαύτῃ
1141 502 1234 555 τοῦ
1263 501 1465 572 δρόμου
1492 502 1829 571 παρεκτάσει

675 594 941 665 Ὀρῶντες
970 592 1124 663 ὑμῶν
1146 593 1272 654 τοὺς
1291 593 1521 663 τροχοὺς
1564 591 1884 661 βεϐηκότας.

522 685 631 742 210
668 686 777 738 Kal.
810 687 918 747 πᾶς
948 686 975 737 ὁ
1009 685 1107 753 τῆς
1130 682 1234 752 γῆς
1261 683 1430 752 δῆμος
1466 684 1531 735 ὲκ
1554 682 1662 734 τῶν
1690 680 1967 751 τεττάρων

667 778 921 846 ’Ύμνησε
953 775 1202 844 πλευρῶν
1227 776 1284 826 ἐν
1308 774 1519 843 Θεάτρῳ
1546 773 1623 843 τῷ
1656 772 1754 842 βίῳ
1774 786 1787 801 ·

669 868 950 937 Κοσμοῦσι
980 866 1179 929 πάντες
1208 865 1299 918 σοῦ
1324 865 1583 933 φανέντος
1612 864 1709 935 τὴν
1743 864 1915 928 πόλιν,

672 958 842 1029 ’Λνθη
878 958 933 1011 δὲ
963 957 1311 1022 συλλέξαντες
1338 956 1667 1027 ἐψυχωμένα

670 1051 963 1118 Στέφουσιν
994 1051 1135 1120 ὑμᾶς
1160 1052 1278 1111 ταῖς
1318 1051 1649 1120 προσευχαῖς
1678 1048 1755 1111 ὡς
1790 1048 1983 1117 ῥόδοις.

528 1143 635 1199 215
671 1141 781 1204 Τάς
813 1140 1081 1210 κοσμικὰς
1112 1138 1220 1209 γάρ
1249 1138 1516 1207 ὲξανοίγει
1549 1156 1630 1190 σοι
1662 1138 1829 1209 Θύρας

680 1231 739 1285 Ὁ
772 1231 882 1284 τῶν
905 1230 1132 1298 ἀγώνων
1164 1228 1466 1299 βραϐευτὴς
1502 1231 1598 1282 καὶ
1627 1230 1916 1299 δεσπότης,

667 1325 745 1376 Δι’
783 1316 858 1376 ὧν
888 1321 1164 1394 προελθὼν
1195 1320 1477 1391 παγγενὴς
1504 1322 1801 1392 νικηφόρος

673 1418 856 1487 Ἔχεις
882 1417 1148 1487 ἄχραντον
1170 1413 1268 1484 τὴν
1306 1414 1397 1482 ἀφ’
1435 1412 1603 1482 ὕψους
1634 1414 1839 1468 εἰκόνα.

742 1507 928 1570 Οὕτως
973 1504 1265 1573 ἀπλήστως
1295 1504 1545 1574 ἐκχυοεὶς
1592 1505 1727 1575 πρὸς
1760 1503 1888 1567 τοὺς
1922 1503 2113 1572 λόγους

532 1599 639 1656 220
679 1600 899 1669 Στέργω
924 1596 988 1649 δι’
1024 1596 1164 1665 ὑμᾶς
1191 1595 1291 1664 τὴν
1325 1595 1496 1664 καλὴν
1527 1594 1851 1666 ἀπληστίαν.

671 1691 737 1743 Τί
764 1689 979 1761 πρῶτον
1032 1688 1224 1752 εἰπὼν,
1260 1689 1385 1739 ποῖα
1416 1688 1745 1758 συγγράφων
1777 1688 1935 1757 μέσα,

674 1783 795 1837 Τῶν
824 1781 1069 1852 ἐσχάτων
1110 1797 1204 1833 σου
1231 1780 1494 1850 δράξομαι
1517 1781 1852 1851 προοιμίων;

686 1871 1061 1944 Ἀντεμπλοκὴ
1082 1872 1190 1941 γὰρ
1213 1873 1589 1940 συγκροτεῖται
1616 1872 1709 1923 καὶ
1743 1870 1889 1940 μάχη

675 1974 796 2027 Τῶν
823 1970 929 2025 σῶν
957 1964 1183 2035 ἀγώνων
1212 1965 1307 2021 νῦν
1327 1966 1461 2037 ὁμοῦ
1498 1966 1871 2038 μεμιγμένων,

537 2138 706 2180 roam.
742 2122 1154 2196 Obstupucrunt
1191 2133 1317 2177 ante
1365 2132 1417 2176 te
1446 2122 1668 2194 auriga},
1706 2121 1849 2191 quod
1885 2120 1937 2173 in
1966 2128 2117 2195 {tanta

536 2231 729 2271 cursus
774 2218 1095 2273 extensione
1150 2215 1399 2270 viderent
1450 2224 1567 2269 tuas
1638 2224 1783 2270 rotas
1825 2229 1933 2267 non
1991 2227 2114 2268 esse

536 2306 880 2363 imminutas.
916 2308 1064 2379 (210)
1093 2307 1235 2361 Tum
1267 2321 1396 2360 vero
1426 2306 1604 2361 omnis
1635 2304 1825 2360 mundi
1874 2304 2023 2358 natio
2051 2318 2117 2358 ex

535 2408 767 2467 quatuor
811 2399 1054 2470 partibus
1107 2397 1203 2452 tibi
1234 2397 1435 2467 plausit
1464 2397 1517 2450 in
1562 2397 1774 2451 theatro
1800 2395 1947 2450 vitaz.
1982 2394 2117 2449 Om-

536 2505 633 2544 nes
660 2504 811 2544 suam
842 2498 1041 2543 ornant
1065 2497 1117 2544 te
1146 2495 1445 2558 apparente
1472 2486 1768 2551 civitatem,
1804 2494 1860 2540 et
1882 2484 2109 2538 ﬂoribus

537 2581 777 2636 collectis
825 2580 1101 2645 vitalibus,
1152 2587 1418 2634 coronant
1463 2586 1515 2632 te
1553 2577 1807 2648 precibus
1859 2585 2117 2645 tanquam

538 2673 697 2727 rosis.
732 2672 878 2743 (215)
917 2669 1037 2725 Tibi
1062 2670 1206 2724 enim
1253 2669 1440 2724 mundi
1482 2668 1587 2724 late
1636 2676 1823 2739 portas
1871 2666 2120 2737 adaperit

537 2762 896 2818 certaminum
932 2760 1136 2815 arbiter
1184 2768 1241 2815 et
1276 2760 1558 2825 Dominus,
1619 2760 1687 2814 ad
1721 2775 1844 2829 quae
1892 2773 2118 2829 proces-

539 2854 656 2910 sisti
696 2854 871 2909 victor
894 2852 945 2906 in
982 2851 1259 2917 omnibus,
1297 2860 1489 2907 tenens
1529 2850 1782 2905 intactam
1827 2849 2111 2906 desursum

538 2945 851 3016 imaginem.

611 3037 699 3091 Sic
725 3037 780 3091 in
812 3049 1091 3089 sermones
1116 3032 1321 3088 eﬂ‘usus
1348 3033 1745 3104 inexplebiliter
1771 3032 1916 3103 (220)
1938 3048 2033 3103 per
2062 3040 2115 3087 te

1840 301 2159 361 GEORGII
2192 299 2467 362 PISIDE

2137 415 2181 469 A
2207 409 2314 465 225
2354 408 2462 462 Καὶ
2497 406 2640 478 μῖξις
2670 404 2859 476 ὥσπερ
2887 404 3096 473 γίνεταί
3129 408 3336 477 μοικαὶ
3368 410 3578 474 στάσις,

3667 304 3803 370 1316

2353 501 2565 568 Ὥσπερ
2600 498 2831 569 ῥεόντων
2860 498 2967 550 τῶν
3002 499 3261 570 ποταμῶν
3292 501 3399 555 τῶν
3429 503 3679 574 ὀμϐρίων

2362 590 2420 644 Ὁ
2444 591 2657 652 πόντιος
2687 589 2815 659 ῥοῦς
2843 591 3053 645 ἵσταται
3080 592 3438 663 μεμιγμένος.

2352 684 2508 737 υῦτω
2546 682 2654 752 γὰρ
2680 681 3045 747 ὲκῦλύσαντες
3066 683 3126 748 ἐξ
3155 686 3274 749 ἐνὸς
3302 686 3472 759 πόρου

2351 776 2473 828 Τῶν
2500 776 2608 829 σῶν
2642 775 2881 849 ἱδρώτων
2901 779 2951 830 οἱ
2981 781 3211 849 ποταμοὶ
3248 782 3582 851 μεμιγμένοι

2208 868 2313 923 250
2356 868 2565 922 Ὠϐοὖσι
2591 870 2684 923 καὶ
2715 869 3007 938 σφύζουσιν
3035 871 3224 943 ὥσπερ
3254 874 3317 925 ὲκ
3348 874 3469 943 βίας

2356 959 2547 1021 ’Ἄλλος
2569 960 2659 1011 τὸν
2691 960 2869 1023 ἄλλον,
2895 962 3186 1032 ἐκδραμεῖν
3218 963 3544 1033 ἡπειγμένοι

2354 1049 2464 1102 Καὶ
2502 1052 2622 1111 ταῖς
2659 1050 2917 1114 άὸύσσοις
2946 1052 3227 1123 ἐντεθῆναι
3248 1053 3354 1106 τῶν
3384 1054 3576 1121 λόγων.

2354 1141 2462 1193 Καί
2490 1140 2593 1194 πού
2623 1159 2705 1203 τις
2736 1141 2917 1194 αὐτῶν
2950 1143 3109 1213 εἴπερ
3144 1143 3552 1213 ἐμϐριθεστέρῳ

2352 1233 2519 1303 Τάχει
2544 1232 2814 1303 προκύψει
2848 1233 2984 1303 πρὸς
3008 1234 3098 1285 τὸν
3135 1234 3313 1298 ἄλλον,
3349 1234 3554 1297 εὐθέως

2212 1326 2318 1381 255
2365 1324 2427 1380 '0
2458 1321 2582 1387 νοῦς
2615 1324 2888 1393 μεταστάς
2922 1325 3097 1395 ἡδέως
3131 1327 3435 1397 μερίζεται,

2368 1417 2456 1480 Ὠς
2486 1415 2546 1481 ἐξ
2572 1418 2819 1488 ἀνάγκης
2842 1417 3029 1471 λοιπὸν
3059 1418 3425 1487 ἐστενωμένος

2355 1508 2574 1580 Είργειν
2612 1510 2829 1573 ἑαυτοῖς
2861 1510 2957 1580 τὴν
2983 1510 3159 1582 φοράν
3189 1512 3286 1580 τῆς
3310 1510 3514 1575 ἐξόδου,

2358 1601 2502 1664 Ἕως
2524 1602 2552 1655 ὁ
2580 1601 2671 1663 σὸς
2700 1600 2826 1664 νοῦς
2860 1603 2955 1655 καὶ
2986 1604 3044 1655 τὸ
3075 1606 3308 1671 πηγαῖον
3339 1605 3512 1674 στόμα

2358 1693 2525 1746 Λύσει
2556 1692 2625 1746 τά
2658 1692 2829 1746 πολλά
2860 1693 2970 1745 τῶν
2992 1692 3167 1761 λόγων
3195 1696 3595 1765 ὲμφράγματα.

2147 1753 2188 1808 Β
2219 1784 2325 1839 240
2369 1785 2556 1855 ’Ὅμως
2584 1783 2842 1847 ἀπλώσας
2876 1753 3442 1859 ῥιψοκινδύνῳ’θ’ρ’άσει

2360 1876 2465 1928 Τὸν
2499 1874 2622 1929 νοῦν
2678 1876 2765 1928 ἐπ’
2791 1876 2970 1931 αὐτῶν
3021 1878 3255 1949 νήχομαι
3284 1880 3392 1933 τῶν
3431 1882 3797 1952 πραγμάτων.

2216 2117 2414 2174 mistis.
2454 2119 2603 2189 (225)
2642 2120 2721 2175 Ac
2750 2120 2886 2176 mihi
2917 2120 3163 2190 quaedam
3213 2120 3378 2176 veluti
3416 2123 3593 2178 cietur
3641 2126 3803 2180 turba

2213 2219 2263 2265 et
2302 2210 2519 2273 seditio,
2551 2209 2711 2265 sicuti
2732 2226 2797 2266 ex
2818 2209 3113 2265 ﬂuentibus
3148 2211 3323 2265 imbre
3345 2211 3594 2266 adauctis
3617 2212 3805 2268 ﬂuviis

2214 2302 2379 2358 maris
2414 2303 2555 2358 unda
2585 2312 2829 2358 remanet
2864 2302 3119 2357 immista.
3172 2303 3249 2357 Ita
3298 2304 3443 2358 enim
3492 2305 3675 2360 educti
3730 2322 3797 2359 ex

2214 2412 2321 2450 una
2377 2396 2709 2466 scaturigine
2765 2395 3026 2451 sudorum
3079 2404 3295 2450 tuorum
3348 2395 3498 2451 ﬂuvii
3547 2398 3801 2467 βρτωίειί

2216 2486 2366 2558 (230)
2388 2487 2734 2542 subsilientes
2773 2487 2998 2552 instant,
3040 2497 3299 2558 tanquam
3332 2504 3397 2545 ex
3434 2490 3642 2560 impete
3658 2490 3802 2545 alius

2215 2589 2340 2650 post
2364 2579 2528 2633 alium
2559 2578 2733 2633 adacti
2765 2594 3011 2642 currere,
3051 2590 3106 2634 et
3136 2581 3191 2634 in
3221 2580 3445 2651 abyssos
3479 2596 3801 2637 sermonum

2216 2670 2521 2726 scribentes
2548 2671 2785 2726 trudere.
2813 2671 2891 2726 Ac
2917 2672 2962 2726 si
3000 2672 3123 2742 quis
3156 2672 3297 2727 forte
3329 2687 3396 2727 ex
3443 2673 3580 2744 ipsis
3625 2674 3804 2745 magis

2217 2769 2475 2816 contento
2504 2776 2665 2816 cursu
2701 2761 2967 2815 incumbit
2996 2762 3049 2815 in
3084 2762 3342 2829 alterum,
3374 2773 3602 2833 repente
3648 2764 3801 2834 (255)

2220 2869 2376 2910 mens
2407 2854 2631 2925 abrepta
2661 2853 2893 2909 dulciter
2926 2855 3204 2920 dividitur,
3237 2866 3297 2911 ut
3347 2871 3412 2911 ex
3470 2858 3803 2914 necessitate

2222 2945 2442 3000 demum
2490 2960 2676 3015 pressa
2711 2946 2977 3016 angustiis
3020 2946 3266 3002 inhibeat
3311 2946 3567 3002 omnibus
3617 2947 3802 3002 exitus

2229 3038 2356 3103 vias,
2394 3038 2568 3092 donec
2604 3048 2694 3091 tua
2734 3052 2888 3093 mens
2922 3047 2978 3093 et
3007 3054 3069 3093 os
3106 3048 3259 3092 tuum
3294 3038 3461 3093 fontis
3492 3039 3665 3093 instar
3702 3054 3802 3108 pe-

540 3138 646 3185 tam
678 3128 961 3199 pulchram
993 3125 1476 3196 inexplebilitatem
1514 3139 1834 3195 prosequor.
1870 3124 1941 3179 At
1983 3124 2117 3195 quid
2144 3122 2187 3181 Ο
2218 3145 2392 3185 renne
2437 3129 2611 3183 solvat
2637 3138 2785 3184 tanta
2820 3144 3137 3185 sermonum
3194 3131 3603 3199 impedimenta.
3646 3130 3799 3198 (240)

538 3221 771 3291 primum
805 3220 1003 3281 dicam,
1040 3234 1159 3288 quae
1188 3218 1420 3273 scribam
1446 3218 1501 3271 in
1535 3218 1750 3273 medio?
1795 3218 1877 3271 An
1918 3232 1986 3271 ex
2031 3217 2113 3269 ul-

537 3314 683 3368 timis
703 3328 911 3367 sumam
939 3311 1191 3366 initium?
1214 3310 1351 3365 llinc
1372 3311 1517 3364 enim
1542 3311 1667 3365 inde
1688 3312 1957 3365 conﬂatur
1978 3325 2112 3364 con-

535 3405 713 3462 ﬂictus
740 3415 794 3460 et
828 3420 1002 3476 pugna
1044 3418 1108 3457 ex
1165 3403 1270 3457 tuis
1322 3402 1588 3472 agonibus
1622 3418 1728 3456 una
1767 3402 1927 3456 simul
1955 3418 2108 3457 com-

2218 3224 2287 3276 At
2320 3236 2466 3275 nunc
2492 3221 2684 3275 audaci
2719 3230 2773 3276 et
2802 3233 3119 3292 exporrecta
3154 3223 3458 3293 impavidus
3485 3230 3667 3277 incute
3700 3238 3802 3276 na-

2221 3326 2336 3370 tare
2354 3315 2467 3385 ipsa
2498 3314 2639 3369 inter
2654 3325 2801 3385 gesta
2829 3315 3073 3369 instituo.

1850 3557 2083 3613 VARle
2124 3556 2530 3613 LECTIONES.

601 3678 708 3732 209
737 3676 896 3746 ἡμῶν
928 3675 986 3729 Ρ.
1065 3674 1171 3729 225
1195 3674 1417 3746 ὄμϐρων
1447 3674 1681 3730 codices.
1758 3673 1855 3725 251
1889 3674 1978 3725 τὸν
2008 3674 2165 3727 ἄλλον
2196 3675 2259 3727 Ρ.
2292 3673 2399 3725 τῶν
2437 3672 2613 3725 ἄλλων
2632 3672 2722 3727 ed.
2800 3673 2904 3727 259
2937 3671 3074 3746 λύσῃ
3096 3672 3220 3728 cod.

2050 3806 2275 3861 NOTAE.

532 3947 654 3986 rum
681 3933 743 3985 de
772 3947 827 3985 re
858 3932 1015 3985 velu'c.
1049 3940 1149 3985 vel.
1176 3932 1286 3997 1,7,
1313 3947 1368 4000 p.
1394 3932 1481 3986 7|.
1509 3930 1639 3985 Jure
1662 3939 1842 3984 autem
1874 3929 2098 3984 merito-

531 4018 639 4073 que
689 4002 860 4072 primo
902 4017 1075 4073 sensu
1131 4004 1393 4073 parabam
1442 4001 1548 4056 dici
1593 4001 1768 4073 potuit
1809 4000 2099 4073 Chosroes,

532 4070 626 4141 qui
657 4070 762 4126 non
791 4072 952 4126 modo
981 4070 1215 4125 Mauritii
1256 4072 1599 4140 imperatoris
1636 4070 1775 4125 [ilius
1794 4070 1975 4141 vocari
2004 4086 2102 4141 vo-_

531 4139 651 4206 luit,
676 4143 770 4197 sed
790 4142 954 4195 etiam
980 4142 1256 4211 religionis
1278 4139 1600 4196 Christianae
1633 4141 1915 4196 veritatem
1924 4139 2101 4211 _lateri

531 4215 616 4268 vel
653 4226 949 4283 agnoscere
984 4208 1103 4266 non'
1125 4212 1426 4283 dubitavit:
1460 4222 1522 4283 ut
1544 4212 1691 4266 enim
1709 4208 2104 4283 narrat‘Theo-

529 4279 814 4354 phylactus
846 4282 1160 4354 Simocatta,
1201 4282 1469 4354 Chosroes
1500 4281 1869 4354 Roinanorum
1897 4279 2105 4354 beneﬂ-

530 4348 631 4408 ciis
653 4352 937 4408 devinctus
953 4352 1206 4420 ὁμολογεῖ
1237 4353 1491 4421 μέγιστον
1514 4348 1659 4421 εἶναι
1686 4351 1944 4404 ἁπάντων
1966 4348 2101 4402 Θεὸν

528 4422 821 4505 τὸνμταρά
879 4421 1187 4505 Ῥωμαίοις
1220 4422 1455 4505 δριστον
1502 4420 1943 4505 Ορησκευόμενον
1993 4421 2102 4505 ,καὶ

528 4440 619 4475 τον
668 4440 821 4493 παρα
896 4440 1169 4505 ι’ωμαιοις
1222 4440 1455 4492 Αριστον
1502 4440 1603 4543 up?

528 4493 860 4562 τιμώμενον,
917 4509 1012 4545 και
1051 4491 1325 4562 Αάπνλώτῳ
1371 4490 1449 4562 τῷ
1506 4508 1567 4543 στ

530 4560 827 4633 Θρησκείαν
874 4560 1123 4624 ώὸἐλιζε.

636 4634 724 4687 07.
771 4634 1167 4702 Διφροστάτης,
1230 4638 1291 4684 ιιι
1330 4639 1478 4700 patet
1527 4646 1594 4683 ex
1659 4630 1724 4685 iis
1760 4641 1881 4702 qua;
1930 4643 2111 4697 nuper

527 4701 671 4755 dicta
704 4713 851 4765 sunt,
880 4700 1032 4755 idem
1076 4717 1139 4755 ac
1165 4702 1373 4771 ἡνίοχος
1404 4702 1614 4770 auriga,
1640 4701 1793 4771 quod
1826 4700 1913 4752 ille
1943 4708 2112 4753 staret

530 4772 585 4823 in
615 4786 827 4825 summa
872 4781 927 4826 ct
968 4770 1233 4826 anteriori
1278 4779 1431 4839 parte
1469 4770 1672 4839 diphri,
1718 4781 1774 4823 et
1817 4777 1938 4839 post
1982 4784 2110 4822 eum

530 4787 585 4823 in
615 4787 827 4825 summa
872 4787 927 4826 ct
968 4787 1233 4826 anteriori
1278 4787 1431 4839 parte
1469 4787 1520 4824 dl
1549 4787 1672 4833 um,
1718 4787 1774 4823 et
1817 4787 1938 4839 p055
1982 4787 2108 4822 eum

525 4851 673 4894 esset
716 4841 971 4910 parabata
1013 4841 1101 4896 vel
1156 4843 1447 4911 paraabata,
1494 4787 1548 4893 ltl
1592 4849 1676 4894 est
1720 4840 1804 4893 vir
1845 4848 2108 4911 armatus,

527 4910 621 4979 qui
646 4926 674 4963 e
700 4908 896 4979 diphro
921 4921 1065 4967 esset
1092 4908 1449 4980 pugnaturus,
1479 4910 1551 4963 ita
1577 4918 1759 4963 tamen
1788 4920 1846 4963 ut
1867 4908 2112 4976 utrisque

526 4992 676 5051 esset
716 4980 867 5034 locus
897 4982 951 5035 in
1004 4983 1198 5037 eadem
1248 4992 1405 5051 parte
1450 4980 1738 5051 anteriori,
1787 4996 1913 5033 cum
1963 4986 2113 5032 esset

526 5048 1035 5123 dimicandum,tnt
1076 5048 1304 5123 apparet
1350 5066 1413 5104 ex
1442 5050 2111 5123 Selinuntinorun1_t_iun_i-

526 5121 632 5172 mis
683 5121 825 5188 apud
867 5116 1165 5185 Goltzium,
1204 5123 1278 5176 De
1325 5138 1380 5175 re
1426 5137 1694 5173 nummar.
1754 5129 1885 5172 tom.
1932 5116 2022 5179 IV,
2053 5118 2111 5171 in

525 5203 635 5258 quo
675 5190 785 5261 duo
811 5199 958 5244 stant
1002 5191 1056 5244 in
1087 5192 1343 5261 diphrum
1384 5191 1657 5261 inclinati,
1706 5204 1937 5261 quorum
1973 5188 2112 5242 alter

525 5268 610 5313 est
649 5259 877 5330 ὁπλίτης
917 5274 1041 5314 cum
1092 5259 1308 5316 in'tenso
1331 5260 1395 5315 ad
1426 5261 1594 5315 ictum
1622 5274 1777 5321 arcu,
1818 5259 1951 5330 alter
1976 5272 2110 5330 vero

523 5337 619 5402 est
641 5326 917 5402 sugg,
946 5331 1037 5397 qui
1073 5330 1315 5385 habenas
1353 5331 1493 5402 regit
1549 5338 1605 5385 et
1648 5343 1822 5399 equos
1860 5326 2107 5383 imbellit.

593 5400 718 5453 212.
764 5400 896 5454 Vide
921 5416 1085 5469 supra
1114 5418 1163 5454 v.
1194 5401 1318 5455 202.
1424 5400 1435 5402 ⁷
1708 5437 1714 5442 -

593 5470 719 5529 215.
766 5469 876 5524 Hoc
923 5468 1030 5523 non
1104 5471 1345 5541 intelligo
1389 5472 1456 5527 de
1495 5471 1631 5525 urbe
1662 5468 1838 5541 Cpoli,
1872 5468 2109 5541 in_quam

524 5549 651 5610 post
683 5549 891 5609 septem
944 5556 1213 5595 annorum
1260 5537 1463 5595 bellant
1515 5537 1882 5610 triumphatur
1930 5537 2110 5610 ρει-εἰς

524 5607 768 5665 subactis
812 5612 1088 5677 ingressus
1131 5619 1217 5665 est
1276 5611 1574 5675 lleraclius,
1625 5607 1801 5665 ut'est
1841 5611 1893 5662 in
1928 5607 2108 5661 Theo-

525 5679 727 5747 phane,
776 5696 830 5750 p.
866 5681 994 5744 275,
1048 5682 1144 5736 sed
1208 5682 1277 5735 de
1336 5682 1591 5735 omnibus
1645 5680 2111 5750 civitatibusper

526 5764 661 5817 quas
695 5748 1058 5819 pertransibat
1100 5753 1419 5822 imperator,
1462 5761 1759 5821 antequam
1814 5752 1867 5805 in
1918 5748 2109 5803 urbem

2206 3944 2264 3985 se
2298 3930 2606 3999 recepisset.
2765 3964 2769 3970 -

2279 3998 2583 4081 21οζνίι1ιξ
2615 4015 2777 4081 supra
2819 4018 2869 4055 ν.
2906 4000 3013 4081 202
3039 4019 3051 4053 :
3077 4000 3359 4081 βραϐευτὴ
3403 4001 3715 4081 designatur
3747 4011 3798 4054 et

2212 4070 2453 4123 ludorum
2523 4073 2818 4141 prwfeclus,
2881 4072 2975 4139 qui
3033 4072 3194 4141 etiam
3269 4071 3447 4141 dictus
3518 4070 3799 4125 invenitur

2210 4138 2591 4209 ἀγωνοθέτης,
2638 4138 2939 4209 ἀθλοθέτης
2964 4183 2979 4206 ,
3021 4140 3248 4209 ἀγώνων
3286 4138 3562 4208 διαθέτης,
3617 4142 3799 4194 ἄθλων

2211 4210 2572 4281 ἐπιμελητὴς,
2601 4212 2930 4281 προστάτης,
2958 4212 3221 4280 ἐπόπτης,
3266 4210 3467 4279 quibus
3481 4211 3802 4281 numinibus

2212 4294 2375 4349 supra
2401 4296 2431 4334 a
2468 4280 2721 4335 Patribus
2772 4282 2912 4333 Deus
2938 4282 3075 4335 bene
3101 4281 3435 4349 certantibus
3459 4280 3797 4334 distribuens

2214 4348 2433 4417 prtemia
2465 4351 2784 4420 appellatur.
2817 4350 3014 4405 Confer
3045 4350 3189 4403 Thes.
3224 4348 3379 4421 Eccl.
3411 4348 3643 4421 Stiiceri.
3687 4352 3798 4421 Ego

2208 4429 2390 4492 autem
2436 4419 2630 4476 cuncta
2655 4422 2974 4492 apponenda
3002 4431 3187 4492 esseet
3215 4419 3523 4490 βραϐευτὴς
3548 4419 3798 4492 scribet]-

1606 4508 1731 4561 ματι
1782 4481 1881 4559 τὴν
1936 4488 2103 4542 πάλαι
2139 4481 2181 4535 Ι)
2210 4489 2341 4543 dum
2369 4506 2491 4546 esse
2534 4481 2779 4559 puto,'ut
2802 4492 2977 4545 soluta
3007 4481 3365 4561 diphthongo,
3401 4481 3627 4561 spondei
3655 4492 3793 4553 loco,

2211 4573 2373 4630 quem
2429 4561 2592 4615 metri
2639 4563 2774 4617 ratio
2800 4576 2907 4616 non
2950 4560 3219 4630 admittit,
3259 4559 3793 4630 habeaturiambus.

2282 4630 2405 4685 217.
2446 4632 2733 4701 Παγγενὴς
2774 4631 3089 4701 νικηφόρος,
3135 4629 3225 4698 qui
3265 4630 3317 4682 in
3353 4628 3796 4701 omni‘athletico

2211 4702 2511 4754 certamine
2556 4698 2730 4755 victor
2758 4698 2987 4764 evaditi
3022 4715 3273 4769 peraeque
3307 4714 3369 4754 ac
3401 4700 3444 4752 si
3481 4698 3793 4753 llcraclium

2214 4780 2371 4825 vocet
2403 4770 2711 4823 πένταθλον.
2739 4771 2872 4825 V‘ide
2912 4787 3072 4840 supra
3106 4789 3159 4823 v.
3191 4771 3316 4824 204.

2281 4842 2405 4894 218.
2457 4840 2750 4911 Imaginem
2782 4836 3219 4911 ἀχειροποίητον,
3270 4841 3339 4894 de
3388 4854 3493 4908 qua
3525 4840 3681 4908 plura
3723 4836 3799 4891 De

2211 4912 2397 4977 expert.
2425 4910 2600 4980 1,140
2624 4920 2679 4964 et
2708 4910 2857 4980 seqq.

2280 4982 2406 5034 221.
2466 4978 2755 5034 Succurrit
2787 4977 2931 5035 illud
2970 4978 3313 5033 Ilomcricum
3344 4978 3535 5047 Odyss.
3575 4994 3649 5036 ιιι.
3682 4977 3745 5031 11
3780 4997 3793 5031 ;

2212 5050 2277 5102 Τί
2302 5051 2538 5119 πρῶτον,
2565 5052 2617 5102 τί
2643 5051 2685 5102 δ’
2720 5050 2932 5115 ἔπειτα,
2961 5052 3013 5103 τί
3042 5050 3085 5103 δ’
3116 5050 3371 5103 ὑστάτιον
3402 5048 3722 5113 καταλέξως

2279 5121 2406 5191 226.
2449 5122 2631 5191 tludex
2665 5121 2828 5174 habet
2855 5121 3079 5191 ὄμϐρων
3111 5120 3439 5191 reclamante
3472 5128 3671 5191 metro.

2280 5190 2405 5246 258.
2446 5189 2645 5255 l’isida,
2684 5200 2741 5244 ut
2780 5187 3015 5252 videtur.
3072 5190 3186 5244 haec
3227 5188 3502 5243 scribebat
3546 5187 3796 5241 Heraclio

2213 5259 2266 5314 in
2290 5259 2509 5316 Perside
2559 5260 2737 5316 adhuc
2765 5268 2981 5329 agente.
3010 5262 3243 5329 necdum
3272 5257 3491 5329 Persico
3520 5257 3666 5329 bello
3696 5273 3794 5326 pe-

2214 5331 2359 5385 nitus
2382 5330 2667 5394 confecto;
2699 5327 2820 5399 qua
2840 5330 2908 5384 de
2941 5344 3000 5385 re
3028 5330 3104 5384 ait
3130 5344 3189 5383 se
3219 5328 3446 5383 dubium
3491 5334 3547 5399 et
3576 5327 3794 5399 haereu-

2215 5410 2321 5455 tem
2357 5400 2635 5454 abstinere
2664 5396 2733 5453 ab
2773 5400 3105 5455 exornandis
3133 5400 3199 5453 iis
3230 5414 3352 5467 qua:
3382 5398 3627 5452 nondum
3657 5396 3796 5467 satis

2211 5472 2357 5526 clare
2388 5480 2445 5525 et
2469 5471 2725 5525 distincte
2758 5470 2826 5523 ab
2876 5471 3203 5538 imperatore
3248 5466 3394 5539 gesta
3443 5467 3612 5539 fuisse
3642 5466 3792 5539 lere-

2213 5541 2432 5603 bantur,
2456 5542 2633 5595 donec
2661 5541 2803 5595 idem
2831 5536 3270 5609 ipsc-imperator
3287 5538 3453 5609 redux
3488 5536 3789 5609 ini-rbem,

2214 5625 2301 5691 res
2328 5619 2787 5691 ut'crantgestaz,
2830 5605 2892 5666 ea
2937 5605 3305 5691 qualp'ollebat
3358 5605 3789 5691 dicendi‘facul-

2215 5690 2345 5745 tate,
2359 5676 2685 5764 .singulatim
2718 5676 3031 5746 enarraret.
3054 5676 3197 5733 λύων
3235 5680 3305 5733 τά
3356 5677 3524 5730 πολλά
3554 5676 3664 5728 τῶν
3698 5676 3789 5726 λό-

2216 5768 2326 5819 γων
2356 5751 2752 5822 ὲμφράγματα.
