4126 6282
496 301 629 368 1323

640 412 909 469 Κάκεῖθεν
946 413 1137 482 ὥσπερ
1168 406 1523 480 ἁντερίζουσα
1558 404 1717 458 πλέον

529 509 599 563 80
650 504 1094 576 Ἀντιπρόσωπος
1117 504 1152 571 ἡ
1179 501 1511 570 δυσάντητος
1539 497 1635 551 θέα

634 599 745 668 Τῆς
773 595 1035 665 Γοργόνος
1068 592 1347 664 προσῆκτο
1370 593 1468 660 τῆς
1492 589 1586 643 τοῦ
1618 588 1890 657 Περσέως,

636 691 747 744 Καὶ
775 690 885 753 πᾶς
912 689 942 740 ό
966 685 1179 757 κόσμος
1208 679 1279 755 ἦν
1302 682 1439 753 ὁμοῦ
1468 680 1839 751 πεφυρμένος.

636 781 704 833 Σὲ
727 780 785 833 δὲ
818 779 1147 850 στρατηγεῖν
1171 770 1239 846 ἦν
1264 774 1479 844 ἀνάγκη
1510 773 1609 841 τῆς
1638 770 1840 841 μάχης.

640 869 829 942 Τυχὼν
862 870 962 941 μὲν
994 868 1157 932 ἄλλος
1186 869 1245 920 ὲν
1268 862 1505 935 τοσαύτῃ
1535 863 1793 933 συγχύσει

534 963 603 1017 85
641 964 754 1017 Οὐκ
777 963 845 1017 ἂν
866 960 1137 1031 κυϐερνᾷν
1166 957 1366 1029 ῥᾳδίως
1395 956 1668 1026 ἐνέσχετο,

649 1053 811 1123 Ὑμῖν
838 1052 896 1106 δὲ
917 1050 1072 1116 δόξαν
1104 1049 1247 1101 ὥστε
1280 1048 1390 1101 πᾶν
1420 1046 1480 1099 τὸ
1508 1044 1753 1116 φορτίον,

646 1142 823 1213 Εἴπερ
847 1139 1105 1211 δυνηθῇς,
1133 1139 1256 1192 άντὶ
1287 1136 1504 1190 πάντων
1537 1134 1830 1205 βαστάσαι,

653 1234 1064 1306 Ἀπηγόρευσας
1093 1231 1201 1285 τῶν
1227 1227 1455 1283 σεαυτοῦ
1482 1224 1778 1298 φροντίδων

639 1324 752 1378 Καὶ
779 1323 878 1387 σὰς
906 1323 1093 1377 ὲποίου
1128 1321 1227 1384 τὰς
1256 1320 1514 1374 ἁπάντων
1545 1315 1854 1388 φροντίδας.

536 1416 604 1473 90
641 1416 751 1469 Καὶ
781 1415 1046 1478 πολλάκις
1069 1414 1131 1467 τὸ
1156 1413 1312 1477 τόξον
1337 1413 1571 1465 ἐντεῖναι
1596 1408 1763 1461 θέλων

642 1504 833 1558 Βαλεῖν
861 1521 921 1557 τε
950 1504 1049 1575 τὴν
1069 1502 1368 1573 Χάρυϐδιν,
1398 1501 1477 1563 εἰς
1502 1499 1602 1568 τὴν
1629 1497 1868 1568 Γοργόνα

642 1597 753 1669 Τὴν
779 1596 1104 1669 πετροποιὸν
1132 1595 1241 1650 τῶν
1265 1592 1471 1648 θεατῶν
1496 1590 1681 1645 εἰκόνα

638 1691 906 1761 Στραφεῖς
934 1692 1159 1760 ἐπέσχες
1182 1689 1279 1758 τὴν
1307 1686 1466 1757 βολήν
1492 1682 1853 1754 ἡπειγμένην.

639 1784 754 1836 Καὶ
780 1783 844 1852 δὴ
875 1781 996 1835 κατ’
1028 1780 1199 1849 αὐτῆς
1228 1777 1636 1837 άντιὸάλλοντες
1675 1774 1827 1843 βέλος

532 1879 603 1935 95
648 1875 957 1933 Ἀνθεῖλκον
988 1876 1132 1945 ὑμᾶς
1153 1874 1205 1927 οἰ
1238 1870 1582 1943 φιλάρπαγες
1607 1866 1784 1943 λύκοι.

502 2065 704 2118 autem,
744 2062 1001 2121 tanquam
1032 2051 1098 2106 ad
1127 2052 1479 2122 pugnandum
1515 2047 1731 2111 aemula,
1763 2044 1873 2116 (80)
1921 2044 2077 2097 nobis

499 2154 690 2203 contra
753 2142 1115 2201 truculentior
1180 2151 1404 2213 aspectu
1461 2142 1678 2211 Gorgon
1731 2148 1813 2193 est
1865 2137 2076 2205 objecta

501 2239 762 2310 Gorgone
811 2235 1019 2292 Persei.
1081 2232 1149 2288 Et
1176 2234 1287 2304 jam
1318 2233 1605 2288 universus
1633 2228 1781 2285 orbis
1810 2237 1926 2283 erat
1945 2242 2075 2281 con-

503 2329 773 2393 turbatus,
814 2337 867 2382 te
897 2340 1028 2381 vero
1061 2330 1126 2379 ad
1167 2324 1365 2378 bellum
1401 2322 1551 2378 exire
1595 2329 1713 2374 erat
1757 2316 2073 2373 necessitas.

501 2418 655 2472 Alter
679 2416 912 2472 fortasse
943 2415 999 2469 in
1035 2422 1187 2468 tanta
1212 2428 1394 2468 rerum
1421 2410 1743 2467 confusione
1769 2409 1879 2480 (85)
1930 2406 2075 2463 haud

498 2509 660 2564 faetle
704 2509 810 2564 hoc
849 2517 1023 2563 totum
1059 2507 1361 2578 gubernare
1389 2503 1667 2559 valuisset.
1703 2500 1819 2555 Tibi
1850 2515 1975 2557 vero
2002 2499 2079 2554 vi-

498 2615 646 2664 sum,
677 2599 821 2669 quod
862 2598 1030 2654 totius
1055 2596 1239 2652 oneris
1267 2594 1538 2650 sarcinam
1573 2607 1735 2663 quam
1768 2591 1906 2646 belle
1949 2606 2077 2661 pos-

503 2705 591 2747 ses
619 2698 829 2761 gestare
855 2704 955 2758 pro
998 2688 1270 2743 omnibus.
1303 2684 1440 2740 Tum
1466 2685 1731 2740 valedicto
1760 2684 1866 2740 tuis
1888 2684 2080 2740 sollici-

504 2782 786 2838 tudinibus
817 2790 937 2835 tuas
963 2778 1193 2833 effecisti
1229 2777 1477 2831 omnium
1515 2775 1923 2847 sollicitudines,
1965 2775 2076 2846 (90)

503 2887 567 2926 ac
601 2885 746 2939 saepe
778 2869 941 2924 telum
971 2883 1095 2922 cum
1133 2867 1298 2921 velles
1324 2865 1630 2929 intendere,
1656 2874 1707 2919 et
1747 2864 2071 2935 Charybdim

503 2962 557 3013 in
573 2959 873 3031 Gorgonem
901 2957 1212 3023 innnittere,
1238 2954 1523 3027 imaginem
1548 2964 1847 3010 vertentem
1864 2964 2075 3023 specta-

506 3063 652 3107 tores
689 3053 744 3105 in
805 3050 1044 3120 lapides,
1089 3064 1385 3104 conversus
1427 3047 1718 3103 cohibuisri
1763 3055 2071 3101 contortum

1793 291 2105 355 GEORGII
2142 294 2413 355 PISID/E

2314 405 2507 475 Χρόνῳ
2531 403 2589 457 δὲ
2615 402 2801 475 μικρῷ
2835 402 3150 474 συγκρότῶν
3183 402 3505 473 ἐκαρτέρεις

2313 497 2455 551 Μίαν
2486 496 2606 550 κατ’
2629 496 2812 550 αὐτῶν
2843 494 3289 567 τριπλοκὶνδυνον
3322 496 3527 565 μάχην.

2397 588 2553 641 Ἐπεὶ
2579 588 2637 641 δὲ
2668 585 2840 641 ταῦτα
2861 588 2961 655 τῆς
2986 588 3236 656 ἀνάγκης
3266 588 3339 642 τά
3370 586 3501 655 ξίφη

2322 683 2542 745 Κοιναῖς
2567 680 2689 734 καθ’
2716 680 2874 750 ἡμῶν
2897 681 3225 752 προσϐολαῖς
3246 680 3562 750 τεθηγμένα

2178 774 2279 828 100
2314 773 2447 837 Ταῖς
2473 774 2596 835 σαῖς
2626 772 2920 844 μερίμναις
2944 776 3002 827 ὲν
3036 772 3229 843 βραχεῖ
3259 773 3510 845 διῃρέθη,

2317 861 2536 932 Χειμὼν
2556 861 2615 914 δὲ
2642 860 2828 915 λοιπὸν
2852 861 2913 914 ού
2942 861 3103 930 μόνον
3132 861 3241 914 τῶν
3267 868 3637 935 πραγμάτιον,

2315 955 2425 1007 Καὶ
2453 954 2555 1024 τῆς
2581 955 2757 1024 φορᾶς
2782 953 2840 1006 δὲ
2860 953 2955 1006 τοῦ
2980 955 3173 1025 χρόνου
3202 960 3556 1027 κατεκράτει,

2334 1045 2422 1100 Ἐν
2450 1038 2495 1113 ᾧ
2530 1044 2765 1115 μάλιστα
2794 1048 2917 1109 ταῖς
2958 1046 3254 1117 μερίμναις
3285 1049 3527 1113 εἰσόδους

2314 1137 2425 1207 Τῆς
2454 1135 2647 1199 νυκτὸς
2669 1135 2951 1190 ὠδίνουσιν
2976 1140 3030 1191 αἰ
3064 1142 3453 1210 παρεκτάσεις,

2182 1227 2281 1281 105
2318 1227 2550 1297 Γνώμης
2578 1226 2764 1295 ὲγίνου
2793 1227 2890 1291 τὰς
2920 1228 3017 1281 ἀπ’
3048 1230 3235 1301 ἄκρων
3266 1232 3449 1303 ἡλίου,

2326 1318 2412 1381 Ὡς
2440 1314 2508 1389 ἦν
2536 1318 2778 1386 ἐφικτὸν,
2810 1321 3064 1391 ἐκτεμεῖν
3092 1325 3444 1393 περιστάσεις
3466 1344 3480 1356 ⁸

2316 1408 2502 1478 [Ιηγὴν
2527 1408 2634 1479 γὰρ
2663 1408 2811 1479 ᾔδεις
2835 1409 2944 1464 τῶν
2969 1410 3156 1464 κακῶν
3186 1413 3285 1485 τὴν
3312 1414 3573 1484 Περσίδα.

2317 1500 2425 1553 Καὶ
2455 1500 2519 1570 δὴ
2545 1499 2607 1553 τὸ
2637 1502 2869 1572 πρᾶγμα
2894 1502 3246 1572 σχηματίζων
3287 1504 3510 1559 ἐπλάσω

2319 1592 2527 1645 Σαυτὸν
2554 1594 2860 1662 παρασχεῖν
2885 1595 2998 1655 τοῖς
3027 1592 3136 1662 πρὸ
3165 1594 3376 1658 ἄστεως
3408 1596 3597 1659 τόποις

2180 1684 2280 1739 110
2318 1684 2429 1753 Οὐχ
2452 1682 2526 1745 ὥς
2553 1700 2606 1735 τι
2632 1682 2887 1754 τερπνὸν,
2924 1683 3017 1736 καὶ
3042 1684 3282 1754 μάλιστα
3305 1686 3401 1741 τοῦ
3431 1689 3627 1759 χρόνου

2311 1771 2596 1839 Χειμῶνος
2626 1772 2800 1835 ὄντος,
2834 1772 3086 1841 εὐπορεῖν
3118 1773 3482 1845 εἰθισμένους,

2325 1863 2464 1917 Ἀλλ’
2493 1862 2635 1917 ὥστε
2656 1865 2769 1927 τοῖς
2795 1866 2907 1928 σοῖς
2934 1862 3200 1935 μηδαμῶς
3232 1865 3586 1938 βουλεύμασι.

2174 2042 2331 2096 brevi
2364 2040 2609 2095 futurum
2638 2039 2754 2093 lucc
2780 2038 2962 2095 animo
2991 2057 3216 2097 versans
3247 2041 3447 2098 duxisti
3482 2059 3656 2100 unum
3706 2046 3761 2099 in

2177 2133 2326 2203 ipsos
2359 2132 2582 2194 bellum,
2626 2129 2717 2184 sed
2755 2130 2981 2200 triplicis
3008 2132 3256 2202 periculi.

2245 2227 2431 2296 itaque
2465 2234 2749 2295 postquam
2799 2234 2877 2280 tot
2918 2225 3165 2281 furentes
3188 2227 3350 2298 gladii
3400 2227 3453 2282 in
3487 2242 3611 2291 nos,
3648 2244 3762 2284 uno

2176 2318 2380 2388 impetu
2412 2316 2575 2381 facto,
2642 2317 2923 2371 constricti
2955 2316 3098 2388 (100)
3135 2328 3221 2372 tua
3269 2334 3397 2373 cura
3451 2328 3582 2373 sunt
3611 2320 3764 2375 cele-

2176 2408 2310 2462 riter
2358 2406 2550 2472 divisi,
2580 2406 2693 2476 jam
2750 2408 2965 2461 tandem
3003 2408 3178 2463 hiems
3229 2424 3339 2463 non
3388 2425 3585 2479 operas
3640 2421 3766 2465 tan-

2178 2498 2494 2563 tummodo,
2554 2498 2650 2554 sed
2707 2500 2871 2554 etiam
2929 2515 3149 2556 cursum
3201 2502 3561 2555 contrahebat
3618 2511 3761 2555 tem-

2175 2592 2341 2662 poris.
2379 2591 2617 2661 Tempus
2648 2603 2761 2646 erat
2802 2608 2911 2661 quo
2963 2592 3309 2662 potissimum
3363 2592 3510 2647 curis
3558 2593 3762 2647 introi-

2177 2695 2293 2741 tum
2332 2685 2509 2740 noctis
2535 2684 2778 2755 praebent
2806 2685 2979 2756 longae
3013 2684 3381 2739 cxtensiones.
3422 2683 3575 2755 (105)
3616 2684 3759 2738 Tum

2175 2777 2419 2849 cogitasti
2471 2785 2530 2830 ut
2559 2776 2823 2832 instantes
2859 2778 2926 2831 ab
2960 2777 3152 2832 ultimo
3202 2776 3461 2843 Oriente,
3494 2788 3759 2846 quantum

2181 2867 2295 2921 ﬁeri
2356 2878 2571 2937 posset,
2621 2868 2957 2924 calamitates
2997 2879 3275 2924 avertercs
3304 2888 3317 2923 :
3351 2870 3553 2923 fontem
3609 2872 3759 2924 enim

2184 2952 2450 3013 malorum
2480 2960 2691 3014 sciebas
2716 2974 2835 3015 esse
2862 2961 3160 3016 Persidem.
3193 2960 3258 3015 Et
3282 2963 3393 3031 jam
3434 2977 3545 3015 rem
3576 2963 3760 3017 animo

2187 3049 2411 3104 molitus
2460 3050 2726 3106 simulasti
2760 3059 2812 3105 te
2855 3051 3032 3121 ipsum
3061 3052 3311 3107 conferre
3355 3053 3409 3107 in
3457 3054 3758 3116 suburbia,

501 3145 758 3215 jaculum.
790 3143 1000 3215 Quippe
1044 3143 1099 3196 in
1128 3144 1298 3213 ipsam
1351 3142 1631 3197 mittentes
1668 3142 1769 3195 alia
1806 3158 1872 3195 ex
1922 3151 2074 3211 parte
2103 3153 2144 3211 ο
2183 3143 2328 3213 (110)
2386 3158 2496 3197 non
2529 3152 2587 3198 ut
2620 3144 2709 3214 qui
2753 3142 2992 3211 deliciis,
3021 3161 3143 3201 cum
3192 3146 3491 3216 praesertim
3542 3158 3762 3216 tempus

506 3238 710 3309 spicula
747 3238 858 3309 (95)
917 3244 971 3292 te
1015 3243 1361 3291 retraxerunt
1426 3233 1539 3305 lupi
1594 3233 1949 3303 rapacissimi.
1998 3233 2073 3287 Ac

2181 3235 2345 3289 instat
2396 3234 2717 3300 hibernum,
2771 3236 2823 3290 in
2874 3253 3024 3293 more
3057 3230 3269 3293 habent
3328 3237 3616 3305 difﬂuere,
3660 3240 3761 3293 sed

1784 3410 2019 3467 VARle
2056 3408 2465 3467 LECTIONES.

574 3538 646 3596 94
676 3534 1142 3597 ἁντιϐάλλονταςῗ
1216 3530 1284 3586 96
1309 3527 1590 3599 ἑκατέρεις
1620 3530 1707 3584 ed.

2018 3625 2247 3683 NOTIE.

579 3788 663 3844 79.
708 3786 841 3843 Vide
867 3805 918 3843 v.
948 3787 1049 3843 592
1087 3798 1142 3843 et
1169 3803 1318 3844 seuit.

580 3804 663 3844 ἰν.
716 3804 841 3843 Viue
867 3805 918 3843 v.
948 3804 1049 3843 oua
1087 3804 1142 3843 et
1169 3804 1226 3843 se
1266 3807 1318 3841 ι.

579 3858 668 3912 80.
711 3858 816 3913 Per
839 3858 1185 3929 Charybdim
1229 3804 1469 3929 “mea,
1517 3872 1614 3927 per
1651 3854 1880 3929 Scyllam
1931 3856 2081 3912 Scla-

508 3945 636 3992 vos,
668 3945 765 3998 per
809 3926 1127 4000 Gorgonem
1175 3926 1617 4000 deinumPersas
1661 3926 1949 4000 intelligit,
1990 3929 2081 3997 qui
2177 3927 2251 4000 ὡς
2290 3929 2557 3998 ἐνόμιζεν,

510 4000 740 4054 Sarbaro
792 3998 1237 4069 duce'oecupata
1289 3998 1661 4061 Chalcedone,
1699 3998 2084 4053 dum’Abm-es

508 4088 573 4125 ex
607 4082 757 4139 parte
788 4070 987 4124 boreali
1036 4068 1243 4140 Cpolim
1289 4085 1602 4139 Oppuguare
1637 4078 1941 4140 tentarent,
1980 4068 2081 4139 ipsi

508 4158 575 4195 ex
623 4150 776 4209 parte
828 4139 1165 4195 iueridionali
1222 4155 1281 4195 se
1329 4140 1576 4209 eamdem
1630 4139 1834 4208 regiam
1889 4140 2077 4193 urbem

508 4208 854 4282 aggressuros
888 4226 1007 4265 esse
1038 4218 1428 4266 convenerant.
1478 4208 1613 4264 Vide
1642 4209 2075 4282 ibidem,_v.496.

579 4279 665 4336 9i.
709 4279 1061 4349 Sequentiuin
1093 4295 1345 4349 versuum
1379 4295 1597 4334 sensum
1629 4294 1736 4331 non
1766 4280 1897 4333 satis
1921 4294 2079 4348 aper-

2178 3788 2255 3858 τῷ
2287 3786 2587 3841 καθεστῶτι
2625 3783 2764 3841 εἶναι
2795 3788 3048 3858 ἠδύνατο.
3074 3788 3207 3841 Τότε
3247 3787 3567 3860 Ἡράκλειος
3600 3790 3765 3863 ζῆλον

2178 3857 2314 3910 Θεοῦ
2346 3857 2631 3912 ἀναλαϐὼν
2680 3860 2773 3912 καὶ
2805 3859 2942 3912 μετὰ
2973 3858 3080 3911 τῶν
3104 3860 3356 3912 ’Λὸάοων
3399 3862 3725 3912 εἰσπνεύσας
3745 3904 3761 3912 -

2385 3876 2631 3912 ναΑαοων
2680 3876 2773 3913 και
2804 3876 2942 3928 μετα
2973 3878 3080 3911 των
3112 3876 3356 3930 Λυαρων
3399 3876 3725 3931 ειρηνευσας
3745 3904 3761 3927 ,

2385 3931 2557 4001 μιςεν,
2594 3930 2928 4001 μετήνεγκεν
2958 3930 3029 4001 τά
3078 3931 3465 4001 στρατεύματα
3510 3931 3612 4000 τῆς
3658 3934 3764 3986 E0-

2184 3948 2251 3992 ως
2290 3948 2557 3998 ενομιςεν,
2608 3948 2928 3998 ιετηνεγκεν
2958 3948 3028 3982 τα
3078 3948 3465 4001 στρατευματα
3510 3949 3612 4000 της
3658 3948 3764 3986 ιυ-

2184 3999 2371 4068 ρώπης
2417 4000 2498 4070 εἰς
2552 3948 2652 4069 rip)
2678 3999 2906 4070 γέΑσίαν,
2951 4000 3045 4052 καὶ
3092 3999 3347 4070 διενοεῖτο
3375 4004 3455 4070 ,τῇ
3492 4003 3587 4054 τοῦ
3624 4004 3764 4056 Θεοῦ

2183 4068 2473 4152 (Iuv/emetat
2502 4068 2645 4122 κατὰ
2675 4068 2937 4139 Περσίδος
2962 4070 3232 4141 χωρῆσαι.
3260 4068 3334 4124 Ita
3369 4068 3760 4141 Theophanes,

2418 4209 2575 4284 Anno
2605 4208 2835 4284 lleraclii
2868 4210 2928 4263 11
2969 4220 3221 4284 exeunte,
3255 4210 3432 4284 hicine
3461 4223 3645 4266 autem
3676 4230 3767 4284 ap-

2186 4289 2424 4353 petente,
2454 4279 2820 4353 lleracliusin
2858 4295 3008 4334 oram
3050 4280 3340 4353 Asiaticam
3372 4280 3635 4351 Byzantio
3659 4279 3763 4353 op-

511 4362 622 4405 tum
660 4350 740 4404 sic
771 4347 999 4420 accipio.
1028 4350 1163 4405 Cum
1201 4347 1480 4405 lleraclius
1520 4350 1722 4403 civium
1752 4347 2079 4420 dissidentes
2117 4416 2141 4420 _
2185 4347 2413 4418 positam
2440 4350 2682 4414 secessit,
2705 4350 2792 4404 ubi
2823 4364 2992 4420 usque
3016 4350 3084 4403 ad
3108 4349 3250 4403 diem
3275 4347 3528 4419 quartum
3557 4347 3766 4407 mensis

507 4423 719 4476 animos
752 4420 803 4473 in
838 4416 1004 4474 unum
1031 4422 1337 4475 coalescere
1369 4420 1602 4484 fecisset,
1627 4420 1695 4473 de
1720 4419 2082 4489 reprimendis
2114 4416 2156 4469 Ι)
2186 4416 2386 4489 Aprilis
2415 4420 2692 4488 sequentis
2721 4421 2847 4473 anni
2879 4416 3245 4474 commoratus
3276 4416 3381 4475 est.
3414 4422 3570 4476 Tunc
3613 4425 3764 4477 enim

507 4492 778 4545 Aharibns
810 4491 1081 4559 cogitavit.
1112 4506 1176 4545 ac
1209 4506 1352 4560 saepe
1386 4489 1646 4544 voluisset
1678 4504 1782 4559 ope
1811 4489 1995 4544 divina
2024 4498 2080 4543 et

512 4560 751 4631 Virginis
779 4560 960 4614 Maria:
988 4559 1298 4630 patrocinio
1334 4559 1504 4631 fretus
1530 4559 1597 4613 ad
1626 4570 1781 4628 pacta
1816 4560 2079 4631 servanda

509 4648 603 4686 eos
621 4629 957 4698 compellere
976 4629 998 4695 ;⁷
1026 4632 1121 4684 sed
1170 4646 1294 4685 eum
1333 4630 1387 4683 in
1421 4644 1487 4684 eo
1526 4639 1671 4683 esset
1706 4638 1763 4683 ut
1807 4629 2080 4684 Abaribus

508 4717 660 4755 arma
700 4697 945 4765 inferret,
985 4700 1195 4755 Sclavis
1235 4715 1302 4754 ex
1330 4697 1434 4753 alia
1468 4708 1620 4769 parte
1650 4699 1947 4753 Romanam
1994 4700 2079 4752 di-

512 4772 714 4825 tionem
766 4771 1119 4833 vastantihus,
1170 4778 1359 4825 contra
1401 4770 1548 4839 ipsos
1590 4784 1878 4839 occurrere
1918 4779 1971 4822 ct
2012 4771 2080 4824 ab

508 4842 729 4909 incepto
767 4840 1029 4895 desistere
1072 4842 1384 4911 cogebatur.
1422 4838 1616 4911 itaque
1657 4838 1989 4911 Charybdis,
2024 4848 2082 4894 ut

510 4908 704 4979 supra,
746 4920 832 4964 est
889 4908 1369 4975 Abarum'natio;
1422 4910 1534 4979 lupi
1590 4918 1717 4963 sunt
1775 4908 1948 4963 Sclavi
1997 4910 2080 4964 vel

511 4980 691 5051 Persae
713 4998 725 5051 ξ
751 4988 808 5051 at
826 4979 1047 5051 Gorgon
1078 4982 1165 5035 hic
1189 4997 1297 5035 non
1323 4988 1406 5051 e_s_t
1430 4989 1752 5045 monstrum,
1780 4980 1873 5035 sed
1907 4979 2082 5050 imago

516 5050 762 5120 Virginis
786 5047 986 5121 Miariai;
1014 5052 1168 5120 cujus
1214 5066 1317 5121 ope
1347 5049 1627 5121 Heraclius
1664 5051 1771 5120 jam
1808 5047 2084 5121 antea_tjr-

512 5118 744 5175 rannum
786 5119 1020 5174 l’hocaln
1055 5118 1348 5176 devicerat.
1392 5120 1593 5176 Confer
1635 5118 1797 5189 supra
1839 5138 1893 5189 v.
1940 5118 2001 5172 12
2027 5118 2085 5174 et

513 5207 687 5260 seqq.,
719 5197 775 5243 et
802 5191 981 5261 omnia
1024 5201 1208 5255 erunt,
1234 5192 1286 5246 ni
1320 5190 1496 5254 fallor,
1529 5188 1768 5261 plana'et
1798 5188 2082 5245 dilliculta-

514 5263 657 5317 tibus
687 5260 959 5330 expedita.

582 5332 670 5386 97.
713 5330 1162 5403 Τριπλοκίνδυνον
1198 5331 1299 5386 fuit
1325 5330 1526 5385 bellum
1558 5330 1893 5403 Abaricum;
1929 5346 2085 5384 nam-

509 5418 617 5473 quc
660 5400 793 5473 uno_
817 5400 1119 5473 eodemque
1170 5411 1415 5473 tempore
1458 5411 1647 5473 contra
1694 5409 1829 5473 tres
1863 5401 2080 5473 hostes,

510 5468 739 5536 A’bares,
763 5468 984 5525 Sclavos
1012 5468 1067 5525 et
1102 5468 1316 5537 Persas,
1342 5469 1708 5526 dimicandum
1759 5469 1858 5523 fuit
1901 5471 2084 5541 Cpoli-

513 5554 675 5600 tants.

584 5611 705 5665 101.
748 5610 905 5664 Anno
930 5609 987 5662 ll
1026 5607 1239 5678 imperii
1274 5608 1357 5663 sui
1405 5607 1685 5664 Heraclius
1730 5623 1918 5678 pacem
1957 5626 2081 5664 cum

512 5683 767 5752 Chagano
803 5680 1039 5734 Abarum
1069 5680 1207 5733 duce
1241 5680 1571 5752 composuit,
1606 5688 1663 5752 ut
1693 5689 1883 5752 contra
1908 5682 2078 5752 Chos-

512 5747 660 5809 ευθειιῇ
690 5766 841 5805 arma
871 5757 1131 5817 moveret,
1162 5749 1253 5819 qui
1284 5747 1545 5820 ἐπαρθεὶς
1569 5750 1635 5820 τῇ
1672 5748 1792 5821 νίκῃ
1818 5750 1999 5804 οὐκέτι
2023 5753 2080 5804 ὲν

2182 4488 2535 4565 τελέσας-*τὴν
2565 4491 2757 4565 εορτὴν
2784 4490 3113 4565 τοῦῃμμάσχα
3157 4488 3407 4561 ἐκίνησεν
3440 4492 3581 4545 κατὰ
3625 4494 3768 4565 Περ-

2187 4560 2350 4623 σίδος.
2380 4559 2730 4630 TheOphan.,
2762 4576 2816 4629 p.
2845 4561 2968 4630 252⁸)Ϊ

2256 4630 2377 4703 lit).
2420 4628 2728 4703 Ducangius
2759 4630 2909 4700 Cpal.
2935 4628 3124 4685 Christ.
3150 4632 3245 4686 lib.
3269 4648 3341 4695 tv,
3370 4647 3419 4685 c.
3448 4633 3533 4695 15,
3567 4633 3765 4703 palatia

2183 4700 2897 4771 suburbanaimperatorum
2919 4717 3235 4771 recensens,
3255 4703 3518 4771 palatium
3537 4700 3766 4759 Chalce-

2184 4771 2341 4825 donis
2356 4780 2411 4825 et
2426 4769 2797 4824 suburbanum
2816 4769 3174 4826 Chalcedonis
3190 4769 3455 4827 nominat.
3483 4773 3768 4829 Heraclitus

2186 4840 2239 4894 in
2268 4842 2637 4912 suburbanum
2661 4841 2948 4912 concessit,
2975 4843 3130 4909 cujus
3155 4842 3575 4912 descriptionem
3608 4846 3768 4899 nobis

2185 4911 2404 4980 reliquit
2448 4912 2801 4982 Sozomenus,
2846 4910 2941 4982 lib.
2969 4928 3087 4974 vm,
3117 4927 3166 4966 c.
3202 4910 3485 4980 fintque
3518 4914 3571 4967 id
3607 4915 3769 4982 plane

2185 4991 2269 5035 cst
2302 4980 2712 5051 suburbanum,
2761 4981 2905 5049 quod
2954 4984 3141 5051 paucis
3189 4984 3389 5037 abhinc
3425 4980 3769 5038 annis—Sar-

2184 5051 2351 5106 barus
2392 5050 2595 5123 Persici
2624 5058 2897 5123 exercitus
2924 5050 3043 5123 duit
3064 5051 3230 5105 armis
3261 5064 3317 5106 et
3354 5053 3477 5123 igne
3513 5064 3769 5108 vastave-

2187 5131 2270 5176 rat
2297 5140 2308 5175 :
2344 5136 2470 5176 nam
2502 5120 2776 5175 Chronico
2805 5120 3173 5175 Alexandrino
3204 5130 3360 5186 teste,
3380 5120 3396 5123 ἡ
3423 5138 3546 5175 cum
3598 5124 3766 5177 Chal-

2186 5193 2449 5247 cedonem
2482 5190 2571 5245 ille
2594 5190 2959 5261 accessisset,
3001 5192 3180 5245 πάντα
3227 5192 3313 5261 τὰς
3338 5194 3639 5261 προάστεια
3673 5195 3770 5246 καὶ

2185 5262 2311 5324 τοὺς
2338 5332 2345 5333 7
2376 5259 2698 5333 εὐκτηρίους
2749 5261 2929 5323 οἱκους
2978 5262 3239 5333 incendit.
3288 5259 3469 5333 Certe
3511 5262 3765 5317 Heraeum

2187 5332 2478 5401 palatium,
2528 5330 2671 5400 quod
2724 5340 2839 5385 erat
2896 5340 3045 5385 trans
3097 5330 3294 5387 fretum
3340 5331 3767 5387 celeberrimum

2188 5403 2589 5465 suburbanum,
2634 5401 2869 5471 hicinon
2910 5401 3156 5471 designat
3197 5401 3395 5463 Pisida,
3428 5404 3518 5471 qui
3573 5404 3651 5456 De
3680 5422 3767 5458 ex~

2188 5473 2304 5539 ped.
2333 5489 2372 5537 I,
2394 5472 2519 5537 157,
2551 5472 2683 5525 dicit
2711 5470 3049 5536 lleraclium,
3074 5486 3197 5525 cum
3226 5470 3521 5527 conscensa
3551 5474 3678 5529 navi
3713 5475 3767 5527 in

2187 5543 2463 5613 Persidem
2499 5543 2621 5605 iret,
2654 5540 2901 5613 Heraeum
2934 5542 3439 5613 praeternavigasse.

2258 5610 2973 5691 142._.lte_spicit,._opinor,_
3000 5613 3067 5691 ad
3108 5610 3241 5666 festa
3272 5610 3591 5675 'Brunialia,
3641 5628 3763 5682 quae

2183 5680 2442 5753 Kalendis
2492 5680 2787 5753 Januariis’
2811 5682 3145 5752 incipiebant
3188 5691 3243 5737 et
3279 5699 3470 5753 magna
3508 5699 3634 5736 cum
3660 5680 3764 5736 ’so-

2186 5752 2467 5809 lemnitate
2490 5752 2903 5809 celebrabantur
2926 5768 2956 5807 a
2978 5753 3190 5808 civibus
3216 5762 3269 5808 ct
3300 5752 3717 5822 imperatoribus
3745 5771 3760 5808 :
