4126 6282
565 280 696 349 1331

722 402 958 465 Ἐκεῖνος
985 396 1079 458 οῦν
1102 402 1285 469 ἔκτιζε
1318 405 1479 475 τήνδε
1504 406 1603 477 τὴν
1630 407 1783 461 πόλιν

706 494 799 557 Εἰς
829 492 1038 564 πύργον
1067 492 1257 566 ἄκρον,
1292 495 1374 559 εἰς
1405 494 1714 568 ἀπόρθητον
1740 496 1925 559 τόπον,

701 587 796 649 Εἰς
820 588 1018 656 τεῖχος,
1053 586 1130 650 ὡς
1165 586 1355 654 ἔδειξε,
1379 588 1478 658 τῆς
1510 589 1805 658 ἁμαρτίας.

560 677 666 734 200
717 679 864 732 Ἐκεῖ
894 678 1005 749 γὰρ
1032 676 1144 749 εἶχε
1167 679 1416 751 Χοσρόης
1447 681 1687 744 καὶτοὺς
1713 683 1941 751 Μάγους

702 773 815 827 Kal.
837 773 965 835 τοὺς
995 770 1189 827 ἑαυτοῦ
1218 773 1531 842 προστάτας
1552 775 1678 837 τοὺς
1715 774 2016 843 ἄνθρακας,

700 864 857 934 Δεινῇ
900 862 1196 934 κρατηθεὶς
1220 865 1444 929 εἰκότως
1480 864 1706 937 ὑποψίᾳ,

700 955 793 1026 Μὴ
821 957 947 1019 τοὺς
975 956 1270 1020 σεϐαστοὺς
1302 956 1684 1026 αἰχμαλώτους
1716 959 1991 1029 ἁρπάσῃς.

714 1047 855 1100 Ἀλλ’
877 1049 1039 1112 αὐτὸς
1068 1049 1236 1105 ἐλθὼν
1260 1050 1447 1123 ὥσπερ
1477 1052 1765 1122 ἀστραπῆς
1790 1052 1975 1122 τάχος,

559 1136 667 1193 205
705 1139 816 1193 Καὶ
840 1141 932 1194 τὸν
956 1142 1043 1194 ἐπ’
1074 1144 1259 1206 αὐτοῖς
1282 1147 1779 1216 σχηματουργήσας
1809 1146 1974 1213 φόϐον

705 1233 888 1304 (Φόνον
919 1234 1028 1305 γὰρ
1056 1236 1219 1300 αὐτὸς
1250 1237 1369 1290 οὐδὲ
1396 1236 1699 1311 Βαρϐάρων
1738 1238 1934 1303 Θέλεις,

697 1325 761 1378 Ei
787 1325 861 1397 μὴ
888 1325 1011 1417 Ξαθ’
1036 1327 1215 1381 αὐτῶν
1235 1327 1567 1382 ἀσπάσοιντο
1586 1330 1654 1382 τὰ
1681 1329 1853 1399 ξίφη),

698 1416 913 1489 Στήσας
934 1435 993 1470 τε
1020 1419 1220 1483 πολλὰς
1251 1421 1499 1491 μηχανὰς
1526 1420 1636 1474 τῶν
1665 1422 1937 1492 ὀργάνων,

696 1506 923 1576 Κριοὺς,
951 1506 1207 1576 χελώνας,
1231 1511 1654 1579 πετροπομποὺς
1683 1511 1994 1578 σφενδόνας,

555 1596 662 1651 210
696 1597 912 1668 Φρὰξας
938 1601 1118 1671 τεοτὴν
1141 1590 1398 1671 φάλαγγα
1426 1601 1522 1655 καὶ
1553 1602 1722 1671 τείχει
1746 1603 1852 1673 νέῳ

696 1689 770 1741 Τὸ
788 1692 966 1760 τεῖχος
987 1692 1164 1745 αὐτῶν
1194 1692 1617 1762 ὲμπερικλείσας
1642 1694 1783 1759 ὃλον,

696 1781 981 1847 ’Ἃπαντας
1004 1782 1150 1837 ἔνδον
1184 1779 1333 1848 εἷλες
1362 1787 1427 1839 ὲκ
1468 1786 1630 1856 μόνου
1660 1787 1847 1856 φόϐου.

763 1874 985 1945 Πρῶτον
1017 1877 1116 1947 μὲν
1148 1873 1261 1944 οὖν,
1291 1878 1572 1949 κράτιστε,
1594 1879 1703 1933 τῶν
1725 1880 1935 1934 σκύλων
1953 1883 2089 1936 ὅλων

514 2082 519 2087 ~
550 2060 760 2116 rentur,
782 2052 839 2107 in
865 2067 1022 2124 pares
1051 2055 1385 2113 calamitates
1401 2065 1816 2113 concurrerent.
1842 2055 1938 2113 Ille
1961 2058 2124 2129 igitur

550 2144 693 2198 hanc
724 2144 898 2214 ipsam
932 2145 1122 2201 urbem
1149 2146 1397 2202 condidit
1425 2148 1480 2201 in
1508 2147 1730 2203 modum
1754 2150 1984 2204 excelsa:
2011 2157 2124 2205 tur-

550 2232 661 2297 ris,
697 2233 817 2289 loco
850 2234 1290 2306 inexpugnabili,
1341 2246 1597 2307 tanquam
1642 2254 1893 2306 murum,
1929 2249 1986 2295 ut
2024 2254 2124 2310 ap-

1778 300 1783 307 ‘
1885 287 2204 350 GEORGII
2265 290 2536 353 PISIDrE

2170 409 2218 466 Α

2402 408 2871 481 ’Δπηνθράκωσας
2890 412 3013 477 τοὺς
3035 412 3193 477 θεοὺς
3224 414 3324 485 τῆς
3350 416 3631 486 Περσίδος,

2238 499 2345 554 215
2381 502 2590 567 Δεκτὰς
2628 503 2883 574 ἀπαρχὰς
2918 506 2997 576 τῷ
3026 505 3145 576 Θεῷ
3174 522 3268 559 σου
3304 510 3631 579 προσφέρων

2379 594 2461 648 Τὰ
2480 594 2590 649 τῶν
2618 596 2968 667 προπάππων
2992 598 3231 669 Χοσρόου
3260 600 3543 671 κειμήλια.

2379 687 2615 751 Σϐεννὺς
2646 686 2757 759 γὰρ
2792 689 2995 753 αὐτοὺς
3020 690 3249 760 ἐφλεγες
3280 692 3372 748 τὸν
3412 695 3687 767 Χοσρὸην,

2384 779 2499 849 Οὐχ
2523 779 2713 851 ὥσπερ
2739 780 2932 851 ἐχθρὸς
2973 782 3067 836 τοῦ
3091 784 3263 854 πυρὸς
3296 786 3397 856 τῆς
3425 787 3613 849 οὐσίας

2380 870 2565 941 (Ὅλος
2583 872 2692 944 γὰρ
2711 870 2765 927 εἴ
2788 874 2900 946 πῦρ
2918 875 2998 945 τῷ
3023 876 3141 948 Θεῷ
3170 879 3555 948 συνημμένος),

2236 962 2343 1018 220
2392 964 2533 1017 Ἀλλ’
2565 967 2645 1029 ὡς
2671 966 2965 1036 ἐλευθέραν
2997 984 3057 1021 τε
3092 967 3187 1022 καὶ
3208 972 3577 1040 σεσωσμένην

2376 1056 2559 1112 Θέλων
2591 1059 2863 1130 προσάξαι
2881 1059 2960 1129 τῷ
2981 1058 3100 1131 Θεῷ
3133 1061 3228 1114 καὶ
3251 1063 3351 1133 τὴν
3378 1063 3575 1118 κτίσιν.

2327 1172 2334 1179 ν
2390 1150 2704 1221 Ἀπηλλάγη
2733 1152 2842 1221 γὰρ
2868 1151 3048 1205 καὶτὸ
3077 1151 3190 1224 πῦρ
3226 1155 3591 1225 μολυσμάτων

2376 1241 2455 1311 Τῇ
2495 1243 2865 1313 προσκυνήσει
2897 1244 3098 1313 μᾶλλον
3123 1245 3532 1317 ὲξυϐρισμένον,

2380 1332 2535 1402 Ἔχει
2565 1332 2622 1385 δὲ
2652 1333 2816 1404 τιμὴν
2844 1335 2944 1405 τὴν
2977 1334 3148 1407 καλὴν
3176 1337 3424 1407 ἀτιμίαν,

2235 1422 2339 1477 225
2378 1423 2457 1494 Τῇ
2484 1425 2551 1494 σῇ
2577 1422 2852 1493 καθαρθὲν
2884 1425 3102 1479 εὐσεϐεῖ
3126 1426 3464 1499 καθαιρέσει,

2376 1513 2488 1566 Καὶ
2521 1513 2910 1585 συμφερόντως
2945 1514 3232 1585 δυστυχεῖν
3266 1517 3544 1588 ἠνέσχετο,

2374 1604 2572 1669 Καλῶς
2611 1604 2890 1676 τεφρωθὲν
2912 1606 2944 1677 ἦ
2974 1605 3159 1670 κακῶς
3179 1608 3517 1679 ἀνημμένον.

2445 1698 2635 1761 Οὕτως
2663 1697 2841 1751 ἐκεῖνο
2865 1697 2976 1751 πᾶν
2995 1697 3057 1751 τὸ
3077 1697 3192 1768 πῦρ
3224 1700 3590 1765 κατασϐέσας,

2387 1790 2628 1860 ’Δφῆκας
2651 1788 2823 1854 οὐδὲν,
2855 1788 2995 1859 πλὴν
3024 1790 3148 1844 ὅσον
3171 1788 3351 1844 λαλεῖν
3377 1791 3510 1855 ἔδει,

2231 1882 2341 1938 250
2377 1881 2658 1952 Σπινθῆρα
2690 1880 2884 1951 μικρὸν
2910 1882 2991 1944 εἰς
3026 1881 3088 1934 τὸ
3120 1880 3312 1950 φλέξαι
3341 1882 3608 1953 Χοσρόην.

2294 2057 2411 2114 Hoc
2438 2057 2600 2129 igitur
2621 2057 2859 2128 primum
2880 2058 3070 2128 spoliis
3098 2059 3295 2116 dedisti
3324 2059 3536 2116 initium
3564 2080 3581 2129 ;
3613 2062 3673 2119 in
3702 2080 3821 2120 car-

2224 2150 2394 2205 bones
2437 2149 2688 2221 redegisti
2734 2150 2866 2206 deos
2913 2150 3169 2219 Persidis,
3208 2153 3355 2225 (215)
3409 2164 3663 2226 acceptas
3705 2158 3823 2214 Deo

2224 2250 2318 2295 tuo
2345 2240 2583 2297 oﬂerens
2613 2241 2882 2311 primitias
2925 2244 3070 2300 avita
3091 2244 3351 2300 Chosroaa
3400 2246 3612 2303 cimelia
3645 2267 3659 2302 :
3695 2248 3821 2304 illos

546 2324 747 2393 paruit,
779 2326 981 2395 peccati
1017 2326 1181 2398 (200).
1219 2328 1298 2382 lbi
1326 2329 1473 2383 enim
1501 2329 1734 2385 habebat
1765 2330 2038 2388 Chosroes
2066 2344 2125 2389 et
2221 2332 2366 2386 enim
2391 2332 2738 2403 exstinguens
2767 2333 3113 2391 combussisti
3144 2336 3462 2402 Chosroam,
3502 2355 3615 2393 non
3666 2341 3820 2409 quod

546 2417 728 2488 Magos
758 2427 815 2472 et
846 2418 949 2473 sibi
982 2418 1181 2474 ascitos
1208 2419 1464 2489 praesides
1495 2420 1760 2475 carbones
1792 2439 1805 2475 :
1839 2420 1895 2476 in
1926 2422 2118 2477 fortem

2222 2424 2297 2478 sis
2330 2423 2501 2479 hostis
2551 2424 2719 2495 ignea:
2758 2426 3077 2481 substantia:
3122 2425 3323 2498 (omnis
3360 2429 3506 2483 enim
3557 2430 3701 2501 ignis
3734 2442 3821 2487 est

545 2508 845 2575 adductus,
895 2517 957 2563 ut
1012 2524 1111 2580 par
1154 2519 1240 2564 est
1294 2510 1553 2576 credere,
1604 2511 2001 2581 suspicionem,
2053 2528 2122 2567 ne
2222 2515 2333 2570 Deo
2359 2516 2697 2587 succensus),
2726 2516 2873 2588 (220)
2905 2518 3003 2575 sed
3026 2521 3166 2589 quod
3192 2520 3417 2575 liberam
3449 2531 3503 2575 et
3524 2522 3819 2577 liberatam

543 2615 683 2671 quos
733 2600 980 2666 colebat,
1013 2602 1255 2674 captivos
1304 2603 1621 2659 abduceres.
1658 2604 1741 2658 Tu
1783 2619 1914 2658 vero
1960 2620 2118 2660 acce-

543 2694 716 2763 dens,
758 2704 1012 2767 tanquam
1040 2696 1124 2751 vis
1175 2695 1454 2762 fulminis,
1487 2694 1634 2767 (205)
1675 2704 1938 2750 terrorem
1988 2696 2119 2765 ipsis

547 2785 796 2857 undique
849 2786 1251 2856 repraesentasti
1284 2804 1298 2841 :
1335 2802 1448 2840 non
1490 2787 1639 2841 enim
1692 2785 1868 2840 caedes
1912 2785 2115 2841 Barba-

542 2892 732 2934 rorum
780 2877 1037 2944 volebas,
1085 2878 1188 2931 nisi
1221 2878 1277 2932 in
1324 2887 1378 2932 te
1409 2877 1560 2948 prius
1600 2877 1806 2949 gladios
1847 2878 2118 2933 constrin-

542 2978 751 3041 gerent.
784 2969 1002 3025 Eductis
1042 2981 1220 3025 autem
1252 2969 1435 3026 multis
1460 2969 1839 3024 machinarum
1867 2970 2080 3041 organis
2100 3012 2113 3038 ,

2218 2606 2383 2661 velles
2408 2606 2605 2662 otl‘crre
2627 2608 2739 2663 Deo
2762 2608 2927 2663 etiam
2961 2618 3289 2666 creaturam.
3316 2610 3457 2665 Vere
3491 2613 3637 2666 enim
3664 2613 3816 2668 libe—

2217 2705 2365 2752 ratus
2388 2707 2472 2753 est
2494 2699 2634 2769 ignis
2672 2715 2701 2754 a
2726 2699 3210 2769 profanationibus,
3238 2703 3324 2759 cui
3358 2704 3601 2758 adoratio
3634 2706 3819 2760 fuerat

2216 2790 2545 2845 contumelia
2578 2807 2592 2855 ;
2643 2801 2699 2846 et
2731 2807 2878 2847 nunc
2909 2792 3132 2848 honoris
3162 2794 3324 2849 habet
3364 2795 3482 2850 loco
3517 2796 3817 2865 pulchrum

2222 2879 2479 2942 dedecus,
2506 2880 2653 2951 (225)
2684 2882 2827 2950 quod
2864 2892 2952 2937 tua
2980 2898 3039 2937 se
3069 2883 3267 2939 sentiat
3308 2885 3393 2954 pia
3437 2886 3817 2942 destructione

2222 2979 2548 3043 purgatum;
2584 2981 2638 3026 et
2669 2972 2820 3028 lucro
2854 2974 3079 3043 apponit
3128 2975 3332 3029 illatum
3373 2977 3476 3031 sibi
3523 2978 3811 3042 damnum,

541 3060 802 3116 arietibus
824 3102 840 3128 ,
894 3062 1290 3124 testudinibus,
1343 3077 1470 3115 saxa
1523 3060 1853 3131 jacientibus
1902 3059 2114 3125 fundis,
2147 3075 2189 3132 ο
2219 3063 2400 3133 potius
2428 3063 2567 3119 bene
2595 3065 2899 3119 exstinctus
2929 3081 3091 3135 quam
3126 3068 3265 3123 male
3290 3084 3569 3125 accensus.
3606 3068 3698 3125 Sic
3724 3080 3815 3126 to-

543 3151 691 3224 (210)
721 3161 778 3207 et
835 3153 1043 3207 munita
1104 3153 1371 3223 phalange
1408 3168 1551 3208 novo
1600 3160 1879 3209 scutorum
1926 3168 2119 3216 muro,

2227 3162 2338 3209 tum
2366 3154 2515 3211 illum
2566 3155 2744 3225 ignem
2790 3155 3117 3223 exstinxisti,
3149 3160 3224 3212 nil
3266 3175 3489 3229 prorsus
3540 3161 3811 3231 reliquisti

535 3257 727 3301 eorum
779 3244 977 3303 muenia
1034 3246 1141 3299 late
1174 3243 1604 3308 circumelusisti,
1647 3257 1941 3311 omnesque
1994 3250 2122 3297 sunt
2222 3245 2347 3310 nisi,
2380 3254 2441 3299 ut
2468 3245 2542 3301 ita
2570 3247 2766 3316 dicam,
2811 3248 2957 3321 (250)
3000 3264 3219 3321 parvam
3259 3251 3548 3305 scintillam
3568 3251 3815 3307 adcom-

539 3333 688 3391 intus
710 3335 1035 3405 deprehensi
1073 3336 1184 3390 sola
1215 3333 1522 3390 formidine.

2223 3336 2527 3392 burendum
2563 3336 2882 3395 Chosroam.

1837 3518 2073 3573 vanae
2110 3494 2513 3572 LECTIONES.

613 3676 713 3731 199
737 3677 815 3741 εἰς
846 3677 906 3743 Ρ,
946 3678 1021 3741 ὡς
1050 3678 1137 3732 ed.
1210 3678 1315 3733 210
1345 3676 1462 3748 καὶ]
1490 3675 1567 3747 τῷ
1596 3676 1814 3732 codices
1844 3686 1900 3732 et
1923 3677 2012 3731 ed.
2086 3678 2329 3758 21.5ng
2359 3679 2447 3733 ed.

2053 3831 2278 3888 NOTr‘E.

609 3991 733 4046 197.
784 3992 1018 4054 Ἐκεῖνος
1046 3992 1270 4047 Artaser
1300 3992 1386 4047 vel
1415 3992 1705 4047 Artaxares
1737 4003 1830 4045 ver
1856 3988 2116 4046 Artaxer-

537 4076 661 4133 ses.
676 4062 838 4116 Πόλιν
866 4061 1205 4133 Βοττιιῗιιιεὶηι
1224 4062 1308 4117 vel
1342 4061 1748 4133 Dastagerdam.

604 4132 732 4187 200.
771 4133 831 4187 ln
887 4132 1143 4187 omnibus
1189 4132 1477 4187 Persarum
1512 4129 1737 4200 'templis
1780 4143 1941 4189 erant
1976 4129 2114 4201 Magi

534 4203 796 4258 custodia:
843 4202 1305 4273 ignisdestinati.
1349 4201 1478 4256 Vide
1509 4217 1672 4271 supra
1702 4219 1910 4258 aereas.
1957 4221 1996 4264 ι,
2022 4202 2112 4266 25,

534 4273 626 4328 ubi
654 4274 722 4328 de
757 4272 957 4338 templo
983 4272 1200 4337 Gazaci,
1236 4272 1290 4325 in
1329 4286 1438 4339 quo
1463 4281 1581 4327 erat
1610 4273 1644 4341 ἡ
1675 4273 1853 4343 πλάνη
1880 4273 1988 4327 τῶν
2014 4273 2110 4327 ἀν-

533 4343 751 4414 θράκων
769 4344 1061 4414 carbonum
1088 4344 1400 4414 impactum.

602 4414 727 4469 204.
768 4412 1127 4482 Theophanes
1172 4428 1203 4466 a
1248 4427 1303 4480 p.
1332 4412 1438 4482 267
1482 4412 1549 4466 ad
1582 4427 1635 4481 p.
1667 4412 1771 4467 269
1800 4413 2095 4469 Chosroam

531 4492 678 4554 metu
710 4480 1038 4554 perculsum,
1065 4480 1630 4554 Dastagerda_rel_ieta,
1650 4498 1809 4537 amne
1846 4482 2094 4554 Trigride

532 4551 777 4619 traiecto,
800 4553 938 4607 ultra
963 4552 1369 4621 Ctesiphontem
1397 4551 1597 4621 fugisse
1621 4562 1832 4619 narrat;
1849 4551 1989 4610 unde
2008 4553 2114 4610 He-

531 4623 734 4695 raclius
769 4638 912 4695 ‘vere
966 4622 1306 4695 ut_fulmen,
1332 4622 1508 4695 nullo
1559 4622 1878 4695 obsistente,
1915 4625 2114 4695 ubique

531 4692 730 4763 vietor,
764 4692 1143 4763 Dastagerdam
1176 4707 1270 4761 spe
1298 4690 1458 4763 citius
1487 4693 1795 4763 occupavit.

603 4761 731 4832 205.
773 4760 1276 4832 Σχηματουργήσίας
1315 4761 1503 4828 φόϐον,
1552 4760 1827 4832 ineutiens
1863 4763 2110 4818 timorem

533 4831 728 4885 bellico
756 4842 1019 4900 apparatu
1057 4831 1112 4886 ct
1152 4832 1438 4894 incendiis,
1470 4831 1667 4900 quibus
1704 4832 1973 4887 Persidem
2006 4836 2112 4889 late

533 4902 783 4973 vastabat
833 4901 1283 4973 lleraclius,ioox
1304 4901 1488 4973 ﬁme,
1527 4910 1585 4955 ut
1638 4901 1779 4973 idem
1817 4902 2112 4973 imperator

536 4970 1046 5044 testej‘heophane,
1065 4990 1118 5043 p.
1136 4970 1547 5044 270.C_hosro:e
1568 4972 1803 5043 scripsit,
1822 4970 2111 5044 πυρπολῶν

534 5040 633 5113 τὴν
651 5040 919 5113 ᾲΙΙερσίδα,
955 5040 1089 5113 ἀλλὰ
1124 5042 1386 5113 βιασθείς.

603 5110 903 5185 207.Καο’
928 5110 1146 5185 ,αὑτῶνί
1160 5127 1257 5182 pro
1288 5112 1411 5166 καθ’
1445 5111 1662 5177 ἑαυτοῦ,
1712 5121 1771 5167 ιιι
1808 5113 1935 5168 alibi
1968 5114 2110 5185 ὑμᾶς

436 5218 439 5223 ν
532 5189 587 5235 et
615 5182 744 5247 ὑμῖν
766 5197 865 5247 pro
892 5182 951 5233 σὲ
980 5192 1034 5237 et
1065 5181 1167 5236 σοί.

600 5250 736 5322 212.
770 5251 1029 5322 Plurima;
1063 5252 1319 5307 Chosroa:
1381 5253 1579 5322 palatia
1633 5263 2008 5308 memorantur
2054 5254 2109 5308 in

534 5318 867 5392 Theophane
897 5321 966 5375 ab
990 5320 1239 5392 Heraclio
1267 5318 1475 5384 eversa,
1502 5339 1621 5392 quae
1646 5323 1863 5377 Persico
1890 5325 2110 5379 nomine

532 5384 965 5462 distinguuntur.
996 5384 1113 5462 N_on_
1163 5392 1320 5462 longe
1353 5407 1384 5446 a
1415 5384 1728 5462 Dasiagerd,
1772 5404 1833 5447 ut
1873 5394 2105 5458 videtur,

532 5409 965 5460 atsunguunrur.
996 5409 1113 5445 non
1163 5409 1250 5446 ton
1290 5409 1320 5446 e
1353 5409 1384 5446 a
1415 5409 1728 5462 uasmgeru,
1772 5409 1833 5447 ut
1873 5409 2105 5458 videtur,

531 5470 653 5532 erat
679 5460 963 5532 palatium
1018 5409 1290 5515 Bebdracﬁ
1330 5472 1727 5532 nuncupatum,
1775 5464 1842 5532 de
1887 5479 1995 5532 quo
2037 5463 2110 5518 ita

534 5545 586 5598 p.
625 5530 730 5601 268
759 5552 771 5585 :
838 5532 896 5584 ὐ
932 5531 1188 5601 βασιλεὺς
1215 5531 1452 5601 ἐπῆλθεν
1482 5530 1561 5594 εἷς
1590 5532 1719 5586 ἄλλο
1749 5530 2009 5588 παλάτιον
2049 5534 2111 5586 τὸ

533 5600 921 5672 ἐπιλεγόμενον
966 5600 1243 5672 Βεϐδράχ·
1285 5602 1378 5654 καὶ
1437 5602 1594 5654 τοῦτο
1635 5603 2109 5672 καταστρέψαντες

534 5670 629 5721 καὶ
655 5670 789 5742 πυρὶ
816 5671 1148 5742 παραδόντες
1191 5672 1545 5742 εὐχαρίστουν
1571 5672 1649 5741 τῷ
1677 5672 1814 5739 Θεῷ.
1952 5673 2111 5742 paulo

534 5689 629 5721 και
655 5689 789 5737 πυρι
816 5689 891 5723 πα
934 5689 1148 5734 αοοντες
1191 5689 1545 5742 ευχαριστουν
1571 5689 1649 5741 τῳ
1677 5689 1814 5739 δίῳ.
1851 5689 1920 5725 Al.
1952 5689 2106 5742 ρςιιιιο

534 5748 657 5809 post
679 5739 823 5796 idem
848 5689 1230 5811 Theophanes,
1254 5738 1587 5797 enumeratis
1640 5740 1947 5812 ingentibus
1975 5743 2106 5798 divis

2227 3987 2314 4064 ti_is
2340 4008 2460 4064 (ιιιιιι
2497 3992 2551 4044 in
2590 3992 2935 4064 Dastagerdae
2970 3994 3182 4064 palatiis
3227 3994 3462 4049 inventa).
3494 4002 3645 4060 sunt,
3671 3988 3797 4051 ait:

2234 4060 2521 4136 Ἐποίησεν
2552 4131 2563 4136 _
2582 4063 2624 4136 ὁ-
2652 4060 2901 4133 βασιλεὺς
2954 4060 3045 4119 καὶ
3070 4065 3195 4136 τὴν.
3221 4065 3412 4136 ἑορτὴν
3454 4066 3563 4136 τῷν
3600 4066 3801 4135 φώτων

2223 4130 2751 4205 ὲν-ᾼασταγέρδ.’....
2785 4136 2876 4188 καὶ
2924 4130 3316 4205 καταστρέφων
3341 4130 3406 4187 τὰ
3432 4134 3524 4205 τοῦ
3552 4130 3799 4205 Χὸσρόου

2220 4201 2475 4276 παλάτια,
2508 4201 2783 4276 κτίσματα
2827 4205 3110 4276 ίῦπέρτιμα
3142 4201 3292 4276 ὄντα,
3352 4207 3444 4258 καὶ
3479 4201 3796 4276 Doruuerni.

2219 4272 2322 4345 κοιλἶ
2346 4270 2786 4345 καταπληκτικὸς,
2822 4270 2964 4345 ἅπερ
2998 4270 3100 4337 ἕως
3118 4274 3380 4345 ,ἐδάφους
3406 4270 3676 4338 καθεῖλεν,
3709 4278 3798 4328 ἴνα

2221 4340 2367 4413 μᾷιοῃ
2421 4340 2670 4411 Χοσρόης
2722 4343 2833 4399 οἷον
2886 4340 3048 4398 πόνον
3088 4340 3252 4412 εἶχον
3282 4345 3331 4396 οἱ
3369 4344 3628 4413 Ῥωμαῖοι
3684 4345 3798 4397 τῶν

2216 4411 2420 4488 πόλεων
2468 4412 2859 4484 ἐρημουμένων
2913 4416 3040 4488 παρ’
3101 4411 3266 4467 αὑτοῦ
3324 4415 3417 4468 καὶ
3480 4411 3797 4485 πυρπολου-

2128 4465 2172 4520 θ
2201 4479 2396 4545 μένων.

2284 4554 2408 4607 224.
2447 4556 2737 4629 Eleganter
2785 4570 2881 4629 per
2914 4554 3371 4629 prosopopceiam
3428 4554 3605 4629 ignem
3656 4572 3793 4629 gau~

2217 4621 2438 4694 dentem
2464 4621 2695 4691 inducit,
2716 4621 2861 4694 quod
2883 4621 2952 4679 ab
2978 4621 3144 4694 impio
3170 4621 3472 4679 Persarum'
3494 4626 3641 4679 cultu
3660 4621 3792 4679 'fue-

2214 4693 2286 4746 rit
2341 4695 2618 4761 liberatus,
2665 4693 2908 4751 debitum
2944 4693 3067 4749 Deo,
3107 4694 3370 4749 honorem
3402 4694 3502 4746 sibi
3543 4696 3791 4763 praestari

2212 4778 2354 4832 mgre
2408 4766 2696 4822 ferentem.
2745 4765 2823 4819 Ita
2874 4781 3037 4833 supra
3096 4779 3304 4818 acroas.
3358 4764 3397 4833 1,
3458 4763 3489 4817 6
3533 4773 3589 4818 et
3636 4782 3789 4833 seqq.

2213 4837 2379 4888 solem
2419 4845 2473 4890 et
2515 4838 2696 4890 iuuant
2745 4832 3036 4889 eadem’de
3069 4849 3229 4887 causa
3269 4832 3467 4902 gestire
3517 4850 3579 4886 ac
3617 4832 3791 4889 lactari

2208 4904 2453 4972 jubebat.
2481 4906 2665 4961 Simile
2686 4914 2867 4960 autem
2895 4913 2976 4958 est
2998 4904 3126 4958 illud
3154 4901 3303 4957 Pauli
3328 4901 3483 4955 Rom.
3514 4902 3650 4968 Vill,
3677 4904 3742 4957 21
3776 4924 3787 4957 :

2212 4973 2350 5039 Quia
2394 4985 2443 5029 et
2484 4977 2594 5043 ipsa
2636 4985 2879 5029 creatura
2913 4974 3217 5027 liberabitur
3246 4992 3277 5043 ιι
3320 4974 3567 5027 servitute
3604 4992 3789 5028 conu-

2212 5046 2406 5112 ptiouis
2440 5042 2753 5115 inllibertate
2772 5044 2951 5115 gloria:
2979 5044 3206 5112 ﬁliorum
3232 5042 3361 5115 ρεὶ.

2280 5116 2405 5170 227.
2442 5114 2526 5170 Cf.
2553 5116 2627 5169 De
2647 5111 2839 5184 cxped.
2870 5111 3076 5169 aereas.
3100 5130 3190 5184 ιιι,
3226 5111 3295 5174 5.,

2282 5187 2407 5241 250.
2443 5186 2517 5239 Eo
2548 5182 2791 5255 frigidior
2835 5184 2992 5238 nobis
3024 5183 3308 5255 videbatur
3337 5182 3500 5255 hujus
3538 5184 3792 5255 pocmalii

2158 5240 2162 5244 δ
2212 5256 2511 5317 conclusio,
2536 5240 2679 5322 quod
2696 5254 2971 5309 Chosroes
2992 5270 3101 5308 non
3122 5254 3241 5324 igne
3263 5240 3583 5308 combustus
3604 5254 3789 5322 periit.

2213 5325 2468 5397 Miserum
2506 5341 2683 5397 genus
2723 5324 2933 5397 mortis,
2970 5324 3116 5397 quod
3148 5322 3568 5397 Subiit,_t_iarrat
3607 5324 3790 5397 Ther

2212 5395 2443 5464 phanes,
2496 5393 2547 5465 β.
2587 5394 2712 5449 272.
2750 5394 2853 5448 Sed
2887 5402 2947 5465 ut
2974 5394 3210 5465 videtur,
3257 5394 3437 5465 Pisida
3467 5393 3713 5465 intentus
3737 5394 3790 5447 in

2210 5462 2477 5521 laudanda
2496 5462 2845 5535 potissimum
2894 5464 3094 5535 pietate
3125 5462 3355 5519 Heraclii
3388 5464 3519 5519 illud
3553 5478 3792 5535 przecas-

2212 5536 2341 5591 teris
2392 5535 2757 5599 commendat,
2799 5534 2943 5603 quod
2998 5534 3285 5589 Persarum
3340 5537 3534 5604 πυρεῖα
3589 5534 3792 5604 ubique

2212 5607 2539 5661 subverterit
2582 5606 2899 5674 imperator,
2946 5615 3004 5659 ut
3043 5605 3167 5659 alibi
3214 5603 3425 5659 dictum
3461 5613 3564 5658 est.
3613 5603 3784 5657 Tanta

2210 5677 2356 5730 enim
2400 5676 2500 5730 fuit
2534 5676 2818 5730 Persarum
2853 5676 2904 5728 in
2946 5676 3122 5745 ignem
3165 5675 3374 5745 religio,
3409 5682 3465 5728 ut
3498 5674 3662 5727 etiam
3698 5689 3785 5727 re—

2211 5764 2335 5820 gum
2386 5748 2578 5817 palatia
2621 5748 2816 5815 πυρεῖα
2853 5746 3184 5811 dicerentur,
3220 5748 3362 5816 quod
3407 5745 3611 5799 nullum
3645 5752 3789 5798 esset
