4126 6282
367 367 499 431 133⁵1

1575 366 1789 426 HYMN
1796 367 1892 427 US
1932 366 2423 428 ACATHISTUS.

3474 362 3612 430 1338

360 479 786 553 σωματούμενόν
847 496 907 533 σε
961 478 1205 550 θεωρῶν,
1265 479 1459 551 Κύριε,
1502 479 1785 547 ἐξίστατο,
1845 487 1938 536 καὶ⁵

2053 492 2277 538 mentem
2299 497 2499 554 corpus
2525 497 2619 537 sua
2650 498 2772 537 cum
2800 482 3123 552 incorporea
3145 496 3277 538 voce
3310 482 3612 554 obstupuit,

359 574 547 626 ἵστατο
577 571 907 642 κραυγάζων
934 572 1070 642 πρὸς
1102 571 1274 642 αὐτὴν
1307 570 1554 627 τοιαῦτα.

430 667 625 736 Χαῖρε,
659 665 727 718 δι’
754 660 821 737 ἧς
856 666 889 736 ἡ
925 663 1069 736 χαρὰ
1096 665 1387 736 ἐκλάμψει.

427 759 620 827 Χαῖρε,
655 759 724 810 δι’
748 753 816 830 ἧς
851 758 1014 829 ἡάρά
1040 757 1301 825 ἐκλείψει.

432 850 624 921 Χαῖρε,
650 849 745 903 τοῦ
770 850 1027 914 πεσόντος
1071 849 1243 920 ’Δδὰμ
1272 850 1307 922 η
1342 848 1660 921 ἀνάκλησις.

428 942 621 1013 Χαῖρε,
650 939 759 994 τῶν
789 940 1038 1012 δακρύων
1058 942 1155 1012 τῆς
1178 940 1321 1004 Εὔας
1353 941 1387 1012 ἡ
1415 939 1705 1010 λύτρωσις.

427 1031 619 1101 Χαῖρε,
665 1030 800 1100 ὕψος
828 1031 1199 1085 δυσανάϐατον
1228 1032 1591 1103 ἀνθρωπίνοις
1634 1030 1933 1103 λογισμοῖς.

430 1120 624 1194 Χαῖρε,
652 1122 813 1193 βάθος
866 1122 1241 1195 δυσθεώρητον
1288 1124 1382 1177 καὶ
1431 1123 1680 1193 ἀγγέλων
1738 1123 1941 1194 ὀφθαλ-

362 1214 504 1283 μοῖς.

428 1324 622 1397 Χαῖρε,
656 1324 739 1379 ὅτι
770 1325 1034 1397 ὑπάρχεις
1054 1325 1327 1392 Βασιλέως
1356 1328 1612 1399 καθέδρα.

428 1417 622 1485 Χαῖρε,
653 1417 735 1470 ὅτι
762 1416 1051 1488 βαστάζεις
1079 1419 1169 1474 τὸν
1192 1418 1529 1489 βαστάζοντα
1560 1420 1757 1476 πάντα.

428 1506 624 1579 Χαῖρε,
654 1508 830 1580 ἀστὴρ
857 1509 1139 1579 ἐμφαίνων
1166 1511 1258 1563 τὸν
1289 1511 1498 1566 Ἥλιον.

428 1598 623 1670 Χαῖρε,
668 1601 881 1673 γαστὴρ
911 1601 1094 1655 ἐνθέου
1122 1605 1473 1675 σαρκώσεως.

428 1691 622 1763 Χαῖρε,
644 1691 711 1744 δι’
743 1686 811 1763 ἧς
840 1696 1180 1764 νεουργεῖται
1203 1698 1237 1767 ἡ
1268 1696 1465 1764 κτίσις.

428 1785 621 1855 Χαῖρε,
647 1784 717 1839 δι’
754 1780 820 1856 ἦς
848 1785 1266 1858 βρεφουργεῖται
1302 1791 1331 1843 ό
1350 1790 1612 1862 Κτίστης.

429 1876 622 1948 Χαῖρε,
646 1878 715 1932 δι’
742 1873 812 1950 ἦς
846 1882 1228 1950 προσκυνεῖται
1253 1882 1282 1935 ό
1304 1880 1577 1953 Πλάστης.

429 1971 622 2042 Χαῖρε,
654 1971 842 2043 νύμφη
882 1973 1218 2044 άνύμφευτε.

429 2085 711 2142 Βλέπουσα
730 2089 765 2158 ἡ
800 2087 930 2156 ἁγία
951 2089 1149 2160 ἑαυτὴν
1173 2091 1233 2145 ἐν
1258 2089 1477 2162 ἁγνείᾳ,
1524 2089 1661 2162 φησὶ
1699 2088 1779 2163 τῷ
1834 2091 1943 2146 Γα-

360 2175 521 2249 ϐριὴλ
544 2176 864 2249 θαρσαλέως
880 2196 895 2210 ⁸
915 2179 989 2233 Τὸ
1015 2180 1317 2252 παράδοξόν
1340 2198 1433 2235 σου
1454 2181 1553 2252 τῆς
1582 2181 1789 2253 φωνῆς,
1817 2182 1943 2238 δυσ-

361 2268 702 2340 παράδεκτόν
725 2287 827 2341 μου
854 2274 921 2344 τῇ
948 2272 1094 2344 ψυχῇ
1119 2272 1369 2342 φαίνεται
1389 2289 1405 2304 ’
1433 2274 1676 2347 ἀσπόρου
1694 2275 1804 2347 γὰρ
1824 2276 1943 2331 συλ-

359 2360 572 2433 λήψεως
625 2361 723 2433 τὴν
780 2362 979 2435 κύησιν
1028 2365 1149 2431 πῶς
1203 2365 1417 2436 λέγεις,
1447 2367 1701 2439 κράζων·
1791 2426 1795 2430 ,

442 2456 758 2529 Ἀλληλούῖα
772 2474 787 2525 ;

431 2572 637 2627 Γνῶσιν
692 2573 972 2643 ἄγνωστον
1025 2576 1294 2647 γνῶναιὴ
1348 2576 1627 2647 Παρθένος
1680 2576 1940 2648 ζητοῦσα,

361 2665 555 2738 ἐϐόησε
576 2667 712 2739 πρὸς
748 2668 842 2721 τὸν
876 2668 1290 2741 λειτουργοῦντα
1310 2684 1327 2700 ’
1365 2670 1462 2723 Ἐκ
1493 2669 1737 2739 λαγόνων
1765 2669 1946 2739 ἁγνῶν

361 2757 477 2811 υίδν
503 2758 619 2824 πῶς
648 2761 765 2813 ἔστι
786 2761 1044 2832 τεχθῆναι
1077 2762 1332 2828 δυνατόνς
1360 2761 1513 2826 λέξον
1547 2777 1669 2832 μοι’
1703 2762 1841 2834 πρὸς
1880 2760 1947 2833 ἦν

362 2854 569 2916 ἐκεῖνος
587 2851 788 2923 ἔφησεν
817 2854 876 2908 ὲν
898 2853 1069 2923 φόϐῳ,
1100 2854 1239 2926 πλὴν
1264 2855 1593 2926 κραυγάςων
1619 2853 1763 2910 οὕτω
1788 2871 1803 2887 ⁸

432 2968 629 3040 Χαῖρε,
668 2966 867 3039 βουλῆς
896 2968 1210 3041 ἀπορρήτου
1240 2968 1453 3039 μύστις.

434 3062 630 3135 Χαῖρε,
662 3062 825 3133 σιγῆς
847 3062 1119 3134 δεομένων
1144 3062 1347 3127 πίστις.

434 3154 641 3227 Χαῖρε,
725 3152 837 3209 τῶν
937 3154 1231 3227 θαυμάτων
1315 3153 1555 3226 Χριστοῦ
1633 3155 1693 3211 τὸ
1761 3158 1946 3228 προοί-

370 3261 627 3403 μιξέαῖρε,
651 3332 761 3387 τῶν
814 3333 1101 3405 δογμάτων
1128 3332 1294 3387 αὐτοῦ
1323 3334 1386 3387 τὸ
1413 3336 1730 3406 κεφάλαιον.

435 3423 629 3495 Χαῖρε,
653 3424 858 3498 κλίμαξ
893 3426 1203 3497 ἑπούρανιε,
1231 3427 1299 3481 δι’
1323 3422 1392 3501 ἦς
1418 3431 1625 3503 κατέϐη
1653 3433 1683 3486 ὁ
1712 3432 1863 3497 Θεός.

440 3602 636 3672 Χαῖρε,
656 3601 874 3674 γέφυρα
906 3601 1221 3673 μετάγουσα
1249 3602 1375 3664 τοὺς
1407 3600 1472 3652 ὲκ
1505 3601 1611 3671 γῆς
1636 3600 1773 3671 πρὸς
1789 3601 1950 3673 ούρα-

366 3693 477 3749 νόν.

438 3787 631 3859 Χαῖρε,
660 3786 723 3840 τὸ
748 3786 857 3840 τῶν
896 3786 1144 3856 ἀγγέλων
1175 3787 1609 3860 πολυθρύλλητον
1633 3785 1838 3855 θαῦμα.

440 3880 639 3951 Χαῖρε,
662 3879 723 3933 τὸ
749 3878 862 3933 τῶν
889 3880 1160 3950 δαιμόνων
1187 3881 1595 3953 πολυθρήνητον
1621 3878 1862 3950 τραῦμα.

446 3973 648 4043 Χαῖρε,
677 3972 738 4025 τὸ
763 3971 880 4042 φῶς
909 3973 1165 4044 ἀρρήτως
1196 3977 1529 4044 γεννήσασα.

440 4065 634 4136 Χαῖρε,
664 4064 726 4118 τὸ
750 4065 868 4129 πῶς
900 4065 1102 4136 μηδένα
1135 4065 1409 4132 διδάξασα.

440 4154 635 4227 Χαῖρε,
673 4155 853 4225 σοφῶν
880 4157 1283 4228 ὑπερϐαίνουσα
1314 4155 1538 4226 γνῶσιν.

442 4248 638 4319 Χαῖρε,
670 4248 879 4302 πιστῶν
908 4250 1331 4319 καταυγάζουσα
1366 4249 1590 4322 φρένας.

440 4341 635 4412 Χαῖρε,
660 4340 847 4414 νύμφη
879 4340 1213 4412 ἀνύμφευτε.

442 4458 682 4529 Δύναμις
712 4457 808 4512 τοῦ
853 4457 1111 4527 Ὑψίστου
1145 4456 1439 4511 ὲπεσκίασε
1475 4456 1598 4509 τότε
1651 4454 1787 4526 πρὸς
1824 4453 1952 4511 σύλ-

2034 584 2091 631 et
2119 576 2270 631 stetit
2298 575 2367 631 ad
2398 575 2571 646 ipsam
2596 575 2838 630 clamans
2868 574 2993 629 talia
3019 593 3032 627 :

2106 670 2241 735 Ave,
2272 683 2371 739 per
2390 684 2553 739 quam
2591 667 2896 738 splendebit
2918 666 3123 722 laetitia.

2106 762 2241 827 Ave,
2269 777 2368 833 per
2399 778 2559 833 quam
2586 761 2801 816 deficiet
2826 761 3197 817 maledictum.

2106 853 2243 917 Ave,
2266 853 2403 925 lapsi
2440 854 2570 909 Adm
2592 854 2889 909 revocatio.

2106 944 2241 1012 Ave,
2268 946 2624 1017 lacrymarum
2654 945 2777 1002 Evae
2807 946 3131 1017 redemptio.

2105 1034 2241 1101 Ave,
2270 1035 2525 1091 humanis
2555 1037 2972 1107 cOgitationibus
2991 1037 3264 1093 inaccessa
3292 1033 3540 1091 altitudo.

2106 1130 2242 1196 Ave,
2267 1128 2399 1200 ipsis
2431 1129 2745 1203 angelorum
2790 1130 2965 1186 oculis
2994 1130 3278 1187 invisibilis
3330 1127 3617 1202 profundi-

2042 1230 2143 1277 tas.

2109 1336 2244 1400 Ave,
2271 1334 2530 1405 quoniam
2561 1334 2724 1408 Regis
2753 1352 2813 1391 es
2843 1337 3094 1392 thronus.

2110 1425 2246 1493 Ave,
2271 1427 2528 1499 quoniam
2563 1438 2866 1498 portantem
2891 1429 3073 1485 omnia
3099 1440 3304 1502 portas.

2112 1523 2246 1589 Ave,
2274 1522 2448 1588 stella,
2469 1537 2591 1592 quae
2613 1520 2790 1577 Solem
2814 1522 3044 1593 profers.

2113 1613 2248 1677 Ave,
2272 1614 2473 1670 divina:
2494 1614 2892 1671 incarnationis
2914 1622 3127 1673 uteru;.

2115 1707 2249 1774 Ave,
2279 1722 2379 1777 per
2410 1721 2571 1778 quam
2593 1718 2887 1763 renovatur
2910 1718 3177 1766 creatura.

2117 1796 2250 1863 Ave,
2287 1812 2386 1867 per
2405 1811 2567 1867 quam
2596 1797 2656 1852 ﬁt
2684 1796 2865 1853 infans
2880 1797 3107 1854 Creator

1971 1851 2017 1911 Β
2116 1851 2251 1955 Ave,
2279 1851 2377 1959 ᾖεν
2401 1851 2562 1961 quam
2592 1851 3077 1947 nemeae}...

2114 1982 2251 2048 Ave,
2283 1997 2480 2054 sponsa
2510 1981 2757 2053 innupta.

2118 2092 2192 2150 Se
2222 2100 2388 2149 totam
2414 2094 2604 2150 videns
2635 2093 2691 2149 in
2719 2095 2955 2166 puritate
2984 2102 3172 2150 sancta
3210 2092 3393 2167 Virgo,
3448 2094 3621 2152 ﬁden-

2050 2194 2133 2244 ter
2153 2187 2291 2243 dixit
2310 2186 2546 2244 Gabrieli
2573 2204 2587 2241 :
2617 2187 2946 2244 Admiranda
2996 2202 3097 2244 vox
3131 2197 3221 2244 tua
3278 2202 3401 2243 meo
3439 2187 3624 2243 animo

2046 2286 2306 2349 perceptu
2367 2278 2599 2335 diﬂicilis
2656 2277 2912 2333 videtur:
2951 2293 3177 2349 ecquem
3226 2279 3373 2335 enim
3422 2292 3624 2336 concc-

2047 2364 2253 2435 ptionis
2309 2365 2428 2422 sine
2478 2366 2687 2423 semine
2732 2367 2901 2423 fetum
2950 2384 3163 2432 narras,
3196 2368 3425 2426 dicens:

2120 2455 2380 2528 Alleluia}?

2118 2567 2345 2623 Arcana:
2387 2566 2468 2623 rei
2523 2566 2773 2623 notitiam
2834 2567 3033 2623 habere
3060 2581 3310 2638 quaerens
3334 2564 3523 2636 Virgo,
3557 2566 3626 2620 ad

2051 2662 2360 2717 ministrum
2410 2660 2706 2717 clamavit:
2744 2659 2786 2715 E
2811 2661 2965 2732 puris
3001 2658 3325 2731 visceribus,
3366 2674 3486 2730 age,
3538 2657 3629 2713 dic

2051 2753 2206 2818 mihi,
2240 2753 2464 2823 quinam
2506 2753 2623 2809 ﬁeri
2678 2762 2877 2825 potest,
2909 2762 2969 2808 ut
3014 2762 3269 2808 nascatur
3310 2750 3495 2807 ﬁlius?
3535 2748 3629 2808 cui

2052 2846 2163 2914 ille,
2195 2847 2445 2917 quamvis
2477 2846 2532 2900 in
2560 2846 2776 2913 timore,
2799 2845 3040 2901 clamans
3072 2844 3208 2901 dixit
3233 2844 3346 2903 ita:

2120 2957 2257 3024 Ave,
2288 2956 2499 3013 consilii
2524 2955 2816 3011 inetl'abilis
2844 2954 3054 3027 mystis.

2123 3050 2259 3113 Ave,
2286 3064 2498 3115 eorum,
2532 3063 2654 3118 qua:
2677 3056 2803 3103 sunt
2826 3046 3126 3112 reticenda,
3156 3044 3311 3101 fides.

2128 3142 2264 3209 Ave,
2291 3141 2678 3197 miraculorum
2708 3138 2911 3195 Christi
2932 3137 3237 3194 exordium.

2119 3315 2254 3382 Ave,
2284 3316 2595 3387 dogmatum
2617 3313 2790 3385 ipsius
2818 3311 3170 3384 principium.

2116 3408 2252 3477 Ave,
2298 3409 2444 3465 scala
2509 3407 2781 3473 caelestis,
2841 3420 2937 3477 per
2987 3420 3150 3476 quam
3208 3404 3351 3460 Deus
3400 3401 3629 3460 dosoen.

2048 3504 2148 3560 dit.

2118 3595 2253 3661 Ave,
2283 3611 2424 3668 pons
2452 3595 2750 3669 terrigenas
2780 3594 2846 3651 ad
2877 3595 3073 3651 caelum
3105 3593 3418 3665 deportatis.

2119 3776 2253 3843 Ave,
2284 3776 2515 3832 multum
2550 3774 2776 3848 insignis
2804 3775 3120 3848 angelorum
3148 3770 3455 3831 admiratio.

2118 3868 2254 3933 Ave,
2278 3867 2508 3922 multum
2532 3866 2775 3923 luctuosa
2806 3868 3111 3923 dmmonum
3144 3867 3349 3923 clades.

2120 3961 2254 4025 Ave,
2280 3977 2401 4031 quae
2430 3961 2608 4015 lucem
2641 3961 2989 4017 ineffabiliter
3005 3962 3265 4033 genuisti.

2120 4053 2255 4117 Ave,
2283 4068 2406 4121 qua:
2435 4052 2710 4107 neminem
2745 4053 2813 4107 de
2837 4052 3000 4107 modo
3033 4052 3287 4107 docuisti.

2120 4142 2252 4209 Ave,
2289 4158 2409 4211 quae
2438 4142 2747 4212 sapientum
2774 4141 3141 4211 cognitionem
3163 4140 3525 4197 transcendis.

2120 4238 2253 4301 Ave,
2290 4249 2412 4304 qua:
2437 4232 2676 4288 fidelium
2702 4243 2915 4288 mentes
2940 4233 3233 4288 illuminas.

2070 4388 2073 4395 ,
2119 4329 2253 4391 Ave,
2286 4342 2482 4398 sponsa
2514 4326 2764 4397 innupta.

2119 4436 2310 4498 Virtus
2338 4440 2605 4496 Altissimi
2651 4449 2780 4497 tunc
2814 4440 3160 4497 obumbravit
3197 4441 3272 4505 ei,
3316 4456 3437 4512 qua:
3491 4439 3635 4498 thori

372 4547 534 4620 λῆψιν
561 4553 629 4620 τῇ
681 4551 1082 4619 ἀπειρογάμῳο
1112 4549 1205 4602 καὶ
1257 4548 1354 4617 τὴν
1407 4547 1683 4619 εύκαρπον
1743 4545 1949 4617 ταύτης

2055 4544 2171 4589 erat
2220 4534 2427 4599 nescia,
2452 4542 2513 4589 ut
2555 4534 2887 4605 conciperet,
2919 4542 2975 4589 et
3026 4534 3145 4606 ejus
3168 4534 3461 4589 fecundum
3513 4541 3637 4590 ute-

372 4640 558 4708 νηδὺν,
582 4640 659 4704 ὡς
688 4638 858 4710 ἀγρὸν
887 4640 1165 4707 ὑπέδειξεν
1191 4639 1320 4710 ἡδὺν
1353 4638 1548 4704 ἅπασι,
1576 4639 1689 4701 τοῖς
1740 4636 1951 4691 θέλουσι

375 4731 613 4803 θερίζειν
646 4733 941 4804 σωτηρίαν,
973 4735 1031 4786 ὲν
1057 4732 1136 4804 τῷ
1168 4732 1392 4803 ψάλλειν
1419 4730 1594 4790 οὕτως
1619 4748 1636 4765 '

455 4824 793 4897 ’Δλληλούῖα.

448 4915 692 4987 Ἐχουσα
744 4918 992 4989 θεοδόχω
1019 4921 1052 4989 ἠ
1100 4918 1376 4989 Παρθένος
1422 4917 1522 4987 τὴν
1582 4916 1817 4987 μήτραν.
1867 4914 1959 4968 ἀν-

376 5007 582 5082 έδραμε
616 5010 754 5082 πρὸς
805 5012 906 5081 τὴν
948 5011 1265 5067 Ἐλισάϐετ·
1293 5010 1354 5065 τὸ
1380 5010 1436 5063 δὲ
1485 5009 1683 5081 βρέφος
1745 5006 1959 5077 ἐκείνης

373 5100 538 5167 εὐθὺς
566 5102 825 5171 ὲπιγνοῦν
853 5103 943 5157 τὸν
993 5102 1200 5174 ταύτης
1246 5104 1537 5172 ἀσπασμὸν
1608 5101 1817 5172 ἔχαιρε,
1866 5098 1960 5153 καὶ

374 5190 633 5262 ἅλμασιν,
658 5194 735 5257 ὡς
756 5192 996 5265 ᾄσμασιν
1025 5193 1157 5247 ἐϐόα
1186 5193 1322 5264 πρὸς
1349 5192 1612 5246 Θεοτόκον
1641 5207 1656 5221 ·
1720 5272 1725 5281 ἱ
1840 5267 1853 5283 κ

444 5303 637 5375 Χαῖρε,
669 5302 899 5374 βλαστοῦ
931 5304 1246 5374 ἁμαράντου
1277 5303 1483 5374 κλῆμα.
1728 5306 1735 5351 ὶ
1796 5298 1819 5341 λ
1914 5292 1949 5339 V

447 5395 641 5466 Χαῖρε,
672 5396 887 5468 καρποῦ
915 5398 1196 5470 ἀκηράτου
1230 5395 1442 5467 κτῆμα.

447 5488 643 5560 Χαῖρε,
669 5488 916 5561 γεωργὸν
948 5488 1271 5561 γεωργοῦσα
1294 5487 1699 5561 φιλάνθρωπον.

447 5665 642 5736 Χαῖρε,
678 5668 981 5739 φυτουργὸν
1002 5668 1101 5739 τῆς
1125 5667 1273 5740 ζωῆς
1306 5667 1465 5739 ἡμῶν
1486 5665 1717 5738 φύουσα.

451 5755 645 5829 Χαῖρε,
666 5757 875 5832 ἄρουρα
906 5758 1277 5831 βλαστάνουσα
1298 5758 1557 5832 εὐφορίαν
1578 5756 1901 5828 οίκτιρμῶν.

2058 4642 2203 4694 rum,
2260 4637 2517 4697 tanquam
2570 4642 2759 4699 agrum
2787 4627 3104 4683 deliciosum
3125 4627 3366 4683 ostendit
3385 4626 3640 4683 omnibus

2058 4718 2151 4789 qui
2181 4725 2389 4774 metere
2416 4718 2607 4773 volunt
2639 4718 2889 4781 salutem,
2919 4718 3047 4773 dum
3078 4717 3322 4789 psallunt
3354 4717 3425 4772 ita
3453 4735 3467 4772 :

2129 4809 2380 4865 Alleluia.

2126 4901 2332 4957 Ferens
2365 4910 2579 4957 uterum
2607 4900 2793 4975 Virgo,
2822 4918 2930 4973 quo
2959 4900 3154 4970 ,Deum
3210 4910 3520 4971 exceperat,
3558 4900 3638 4956 fe-

2058 4991 2282 5049 stinavit
2308 4994 2375 5049 ad
2406 4993 2703 5058 Elisabetb,
2735 4994 2893 5064 cujus
2951 4992 3133 5049 infans
3158 4993 3536 5049 salutationem
3569 4992 3635 5046 il—

2058 5083 2164 5139 lius
2196 5085 2379 5139 statim
2413 5101 2713 5155 agnoscens
2750 5085 2964 5156 gavisus
2998 5095 3103 5153 est,
3133 5094 3189 5142 et
3210 5085 3457 5154 saltibus,
3483 5086 3635 5156 quasi

2058 5175 2310 5231 cantibus
2342 5175 2596 5231 clamavit
2622 5176 2687 5230 ad
2723 5176 3006 5247 Deiparam
3036 5195 3051 5232 :

2128 5285 2265 5355 Ave,
2294 5286 2554 5359 germinis
2578 5286 3042 5344 immarcescibilis
3073 5288 3297 5360 palmes.

2128 5381 2265 5447 Ave,
2298 5379 2508 5435 fructus
2536 5378 2835 5450 incorrupti
2860 5382 3150 5451 possessio.

2130 5474 2265 5537 Ave,
2292 5487 2412 5542 quae
2441 5471 2737 5544 benignum
2760 5472 2985 5528 humani
3014 5474 3231 5547 generis
3275 5471 3411 5529 colis
3462 5470 3641 5528 culto-

2058 5581 2196 5621 rem.

2128 5659 2264 5724 Ave,
2297 5673 2422 5728 quae
2448 5658 2577 5714 vita:
2608 5669 2809 5716 nostrae
2833 5675 3061 5732 generas
3087 5668 3348 5715 satorem.

2128 5750 2264 5816 Ave,
2296 5760 2460 5821 terra,
2492 5769 2612 5824 quae
2642 5754 3051 5811 miserationum
3094 5751 3480 5809 fecunditatem
3519 5765 3644 5822 ger-

2060 5859 2257 5905 minas.
