  <div class='ocr_page' id='page_1' title='image "/cluster/home/n/w/nwhite01/storage/ocr_20150623/92/hvd.32044019208032/675.png"; bbox 0 0 4056 6398; ppageno 0'>
   <div class='ocr_carea' id='block_1_1' title="bbox 545 367 680 434">
    <p class='ocr_par' dir='ltr' id='par_1_1' title="bbox 545 367 680 434">
     <span class='ocr_line' id='line_1_1' title="bbox 545 367 680 434; baseline 0 0"><span class='ocrx_word' id='word_1_1' title='bbox 545 367 680 434; x_wconf 81' lang='grc'><strong>1339</strong></span> 
     </span>
    </p>
   </div>
   <div class='ocr_carea' id='block_1_2' title="bbox 1846 355 2574 418">
    <p class='ocr_par' dir='ltr' id='par_1_2' title="bbox 1846 355 2574 418">
     <span class='ocr_line' id='line_1_2' title="bbox 1846 355 2574 418; baseline -0.005 0"><span class='ocrx_word' id='word_1_2' title='bbox 1846 355 2168 418; x_wconf 85' lang='lat' dir='ltr'><strong>GEORGII</strong></span> <span class='ocrx_word' id='word_1_3' title='bbox 2205 357 2477 418; x_wconf 64' lang='lat' dir='ltr'><strong>PISIDAE</strong></span> <span class='ocrx_word' id='word_1_4' title='bbox 2571 411 2574 414; x_wconf 89' lang='lat'><strong>.</strong></span> 
     </span>
    </p>
   </div>
   <div class='ocr_carea' id='block_1_3' title="bbox 3657 360 3783 426">
    <p class='ocr_par' dir='ltr' id='par_1_3' title="bbox 3657 360 3783 426">
     <span class='ocr_line' id='line_1_3' title="bbox 3657 360 3783 426; baseline 0.032 -4"><span class='ocrx_word' id='word_1_5' title='bbox 3657 360 3783 426; x_wconf 74' lang='grc'><strong>1340</strong></span> 
     </span>
    </p>
   </div>
   <div class='ocr_carea' id='block_1_4' title="bbox 603 436 2104 548">
    <p class='ocr_par' dir='ltr' id='par_1_4' title="bbox 603 436 2104 544">
     <span class='ocr_line' id='line_1_4' title="bbox 603 436 2104 544; baseline -0.011 -10"><span class='ocrx_word' id='word_1_6' title='bbox 603 480 741 544; x_wconf 80' lang='lat' dir='ltr'><strong>Ave,</strong></span> <span class='ocrx_word' id='word_1_7' title='bbox 772 487 979 540; x_wconf 87' lang='lat' dir='ltr'><strong>mensa,</strong></span> <span class='ocrx_word' id='word_1_8' title='bbox 1011 486 1132 541; x_wconf 70' lang='lat' dir='ltr'><strong>qua:</strong></span> <span class='ocrx_word' id='word_1_9' title='bbox 1181 466 1622 540; x_wconf 80' lang='lat' dir='ltr'><strong>propitiationum</strong></span> <span class='ocrx_word' id='word_1_10' title='bbox 1657 436 1986 522; x_wconf 84' lang='lat' dir='ltr'><strong>aflluentiam</strong></span> <span class='ocrx_word' id='word_1_11' title='bbox 2017 482 2104 536; x_wconf 86' lang='lat' dir='ltr'><strong>ge-</strong></span> 
     </span>
    </p>
   </div>
   <div class='ocr_carea' id='block_1_5' title="bbox 2208 436 3691 548">
    <p class='ocr_par' dir='ltr' id='par_1_5' title="bbox 2229 464 3691 548">
     <span class='ocr_line' id='line_1_5' title="bbox 2229 464 3691 548; baseline 0.003 -28"><span class='ocrx_word' id='word_1_12' title='bbox 2229 525 2233 528; x_wconf 36' lang='lat'>.</span> <span class='ocrx_word' id='word_1_13' title='bbox 2283 468 2473 548; x_wconf 80' lang='grc' dir='ltr'>Χαῖρε,</span> <span class='ocrx_word' id='word_1_14' title='bbox 2503 464 2750 538; x_wconf 77' lang='grc' dir='ltr'>τράπεζα</span> <span class='ocrx_word' id='word_1_15' title='bbox 2782 465 3124 536; x_wconf 77' lang='grc' dir='ltr'><strong>βαστάζουσα</strong></span> <span class='ocrx_word' id='word_1_16' title='bbox 3149 465 3402 538; x_wconf 79' lang='grc' dir='ltr'><strong>εὐθηνίαν</strong></span> <span class='ocrx_word' id='word_1_17' title='bbox 3424 467 3691 539; x_wconf 86' lang='grc' dir='ltr'>ίλασμῶν.</span> 
     </span>
    </p>
   </div>
   <div class='ocr_carea' id='block_1_6' title="bbox 534 581 666 626">
    <p class='ocr_par' dir='ltr' id='par_1_6' title="bbox 534 581 666 626">
     <span class='ocr_line' id='line_1_6' title="bbox 534 581 666 626; baseline -0.015 0"><span class='ocrx_word' id='word_1_18' title='bbox 534 581 666 626; x_wconf 80' lang='lat' dir='ltr'><strong>stas.</strong></span> 
     </span>
    </p>
   </div>
   <div class='ocr_carea' id='block_1_7' title="bbox 603 649 2112 734">
    <p class='ocr_par' dir='ltr' id='par_1_7' title="bbox 603 649 2112 734">
     <span class='ocr_line' id='line_1_7' title="bbox 603 649 2112 734; baseline -0.009 -18"><span class='ocrx_word' id='word_1_19' title='bbox 603 664 759 730; x_wconf 86' lang='lat' dir='ltr'><strong>Ave,</strong></span> <span class='ocrx_word' id='word_1_20' title='bbox 810 657 1068 734; x_wconf 84' lang='lat' dir='ltr'><strong>quoniam</strong></span> <span class='ocrx_word' id='word_1_21' title='bbox 1118 657 1275 716; x_wconf 76' lang='lat' dir='ltr'><strong>facis.</strong></span> <span class='ocrx_word' id='word_1_22' title='bbox 1307 655 1551 711; x_wconf 90' lang='lat' dir='ltr'><strong>efllorere</strong></span> <span class='ocrx_word' id='word_1_23' title='bbox 1614 659 1835 723; x_wconf 91' lang='lat' dir='ltr'><strong>pratum</strong></span> <span class='ocrx_word' id='word_1_24' title='bbox 1892 649 2112 705; x_wconf 81' lang='lat' dir='ltr'><strong>delicia-</strong></span> 
     </span>
    </p>
   </div>
   <div class='ocr_carea' id='block_1_8' title="bbox 535 771 677 809">
    <p class='ocr_par' dir='ltr' id='par_1_8' title="bbox 535 771 677 809">
     <span class='ocr_line' id='line_1_8' title="bbox 535 771 677 809; baseline -0.007 -1"><span class='ocrx_word' id='word_1_25' title='bbox 535 771 597 809; x_wconf 85' lang='lat' dir='ltr'><strong>l&#39;ll</strong></span> <span class='ocrx_word' id='word_1_26' title='bbox 605 771 653 809; x_wconf 73' lang='grc'><strong>111</strong></span> <span class='ocrx_word' id='word_1_27' title='bbox 663 794 677 808; x_wconf 91' lang='grc'><strong>.</strong></span> 
     </span>
    </p>
   </div>
   <div class='ocr_carea' id='block_1_9' title="bbox 602 825 1897 916">
    <p class='ocr_par' dir='ltr' id='par_1_9' title="bbox 602 825 1897 916">
     <span class='ocr_line' id='line_1_9' title="bbox 602 825 1897 916; baseline -0.007 -15"><span class='ocrx_word' id='word_1_28' title='bbox 602 849 738 912; x_wconf 89' lang='lat' dir='ltr'><strong>Ave,</strong></span> <span class='ocrx_word' id='word_1_29' title='bbox 768 844 1025 916; x_wconf 90' lang='lat' dir='ltr'><strong>quoniam</strong></span> <span class='ocrx_word' id='word_1_30' title='bbox 1046 825 1549 914; x_wconf 83' lang='lat' dir='ltr'><strong>praeparasportum</strong></span> <span class='ocrx_word' id='word_1_31' title='bbox 1572 837 1897 892; x_wconf 88' lang='lat' dir='ltr'><strong>animarum.</strong></span> 
     </span>
    </p>
   </div>
   <div class='ocr_carea' id='block_1_10' title="bbox 602 931 1675 1008">
    <p class='ocr_par' dir='ltr' id='par_1_10' title="bbox 602 931 1675 1008">
     <span class='ocr_line' id='line_1_10' title="bbox 602 931 1675 1008; baseline -0.008 -14"><span class='ocrx_word' id='word_1_32' title='bbox 602 939 737 1004; x_wconf 89' lang='lat' dir='ltr'><strong>Ave,</strong></span> <span class='ocrx_word' id='word_1_33' title='bbox 770 947 1052 1008; x_wconf 88' lang='lat' dir='ltr'><strong>acceptum</strong></span> <span class='ocrx_word' id='word_1_34' title='bbox 1079 934 1338 990; x_wconf 88' lang='lat' dir='ltr'><strong>orationis</strong></span> <span class='ocrx_word' id='word_1_35' title='bbox 1363 931 1675 1004; x_wconf 85' lang='lat' dir='ltr'><strong>thymiama.</strong></span> 
     </span>
    </p>
   </div>
   <div class='ocr_carea' id='block_1_11' title="bbox 603 1025 1470 1097">
    <p class='ocr_par' dir='ltr' id='par_1_11' title="bbox 603 1025 1470 1097">
     <span class='ocr_line' id='line_1_11' title="bbox 603 1025 1470 1097; baseline -0.007 -10"><span class='ocrx_word' id='word_1_36' title='bbox 603 1033 739 1096; x_wconf 86' lang='lat' dir='ltr'><strong>Ave,</strong></span> <span class='ocrx_word' id='word_1_37' title='bbox 767 1031 934 1086; x_wconf 91' lang='lat' dir='ltr'><strong>totius</strong></span> <span class='ocrx_word' id='word_1_38' title='bbox 956 1028 1104 1084; x_wconf 84' lang='lat' dir='ltr'><strong>orbis</strong></span> <span class='ocrx_word' id='word_1_39' title='bbox 1139 1025 1470 1097; x_wconf 66' lang='lat' dir='ltr'><strong>pr0pitiatio,</strong></span> 
     </span>
    </p>
   </div>
   <div class='ocr_carea' id='block_1_12' title="bbox 601 1114 1735 1190">
    <p class='ocr_par' dir='ltr' id='par_1_12' title="bbox 601 1114 1735 1190">
     <span class='ocr_line' id='line_1_12' title="bbox 601 1114 1735 1190; baseline -0.004 -14"><span class='ocrx_word' id='word_1_40' title='bbox 601 1125 736 1190; x_wconf 79' lang='lat' dir='ltr'><strong>Ave,</strong></span> <span class='ocrx_word' id='word_1_41' title='bbox 774 1121 866 1176; x_wconf 87' lang='lat' dir='ltr'><strong>Dei</strong></span> <span class='ocrx_word' id='word_1_42' title='bbox 899 1119 1275 1176; x_wconf 85' lang='lat' dir='ltr'><strong>benevolentia</strong></span> <span class='ocrx_word' id='word_1_43' title='bbox 1305 1133 1429 1190; x_wconf 84' lang='lat' dir='ltr'><strong>erga</strong></span> <span class='ocrx_word' id='word_1_44' title='bbox 1462 1114 1735 1174; x_wconf 82' lang='lat' dir='ltr'><strong>mortales.</strong></span> 
     </span>
    </p>
   </div>
   <div class='ocr_carea' id='block_1_13' title="bbox 600 1210 1606 1279">
    <p class='ocr_par' dir='ltr' id='par_1_13' title="bbox 600 1210 1606 1279">
     <span class='ocr_line' id='line_1_13' title="bbox 600 1210 1606 1279; baseline -0.007 -9"><span class='ocrx_word' id='word_1_45' title='bbox 600 1218 734 1279; x_wconf 87' lang='lat' dir='ltr'><strong>Ave,</strong></span> <span class='ocrx_word' id='word_1_46' title='bbox 764 1213 1076 1270; x_wconf 82' lang='lat' dir='ltr'><strong>mortalium</strong></span> <span class='ocrx_word' id='word_1_47' title='bbox 1105 1212 1172 1267; x_wconf 91' lang='lat' dir='ltr'><strong>ad</strong></span> <span class='ocrx_word' id='word_1_48' title='bbox 1197 1211 1367 1267; x_wconf 91' lang='lat' dir='ltr'><strong>Deum</strong></span> <span class='ocrx_word' id='word_1_49' title='bbox 1391 1210 1606 1266; x_wconf 89' lang='lat' dir='ltr'><strong>fiducia.</strong></span> 
     </span>
    </p>
   </div>
   <div class='ocr_carea' id='block_1_14' title="bbox 601 1305 1306 1379">
    <p class='ocr_par' dir='ltr' id='par_1_14' title="bbox 601 1305 1306 1379">
     <span class='ocr_line' id='line_1_14' title="bbox 601 1305 1306 1379; baseline -0.007 -17"><span class='ocrx_word' id='word_1_50' title='bbox 601 1307 732 1372; x_wconf 86' lang='lat' dir='ltr'><strong>Ave,</strong></span> <span class='ocrx_word' id='word_1_51' title='bbox 758 1321 956 1376; x_wconf 91' lang='lat' dir='ltr'><strong>sponsa</strong></span> <span class='ocrx_word' id='word_1_52' title='bbox 996 1305 1240 1374; x_wconf 90' lang='lat' dir='ltr'><strong>innupta.</strong></span> <span class='ocrx_word' id='word_1_53' title='bbox 1304 1375 1306 1379; x_wconf 87' lang='lat'><em>_</em></span> 
     </span>
    </p>
   </div>
   <div class='ocr_carea' id='block_1_15' title="bbox 601 1389 2104 1466">
    <p class='ocr_par' dir='ltr' id='par_1_15' title="bbox 601 1389 2104 1466">
     <span class='ocr_line' id='line_1_15' title="bbox 601 1389 2104 1466; baseline -0.005 -15"><span class='ocrx_word' id='word_1_54' title='bbox 601 1399 750 1454; x_wconf 91' lang='lat' dir='ltr'><strong>lntus</strong></span> <span class='ocrx_word' id='word_1_55' title='bbox 772 1399 981 1452; x_wconf 88' lang='lat' dir='ltr'><strong>habens</strong></span> <span class='ocrx_word' id='word_1_56' title='bbox 1033 1395 1330 1466; x_wconf 89' lang='lat' dir='ltr'><strong>ancipitum</strong></span> <span class='ocrx_word' id='word_1_57' title='bbox 1363 1393 1748 1465; x_wconf 76' lang='lat' dir='ltr'><strong>cngitationum</strong></span> <span class='ocrx_word' id='word_1_58' title='bbox 1798 1389 2104 1455; x_wconf 85' lang='lat' dir='ltr'><strong>tumultum,</strong></span> 
     </span>
    </p>
   </div>
   <div class='ocr_carea' id='block_1_16' title="bbox 533 1485 2106 1558">
    <p class='ocr_par' dir='ltr' id='par_1_16' title="bbox 533 1485 2106 1558">
     <span class='ocr_line' id='line_1_16' title="bbox 533 1485 2106 1558; baseline -0.007 -12"><span class='ocrx_word' id='word_1_59' title='bbox 533 1492 780 1546; x_wconf 86' lang='lat' dir='ltr'><strong>turbatus</strong></span> <span class='ocrx_word' id='word_1_60' title='bbox 809 1498 891 1546; x_wconf 87' lang='lat' dir='ltr'><strong>est</strong></span> <span class='ocrx_word' id='word_1_61' title='bbox 919 1497 1103 1544; x_wconf 90' lang='lat' dir='ltr'><strong>castus</strong></span> <span class='ocrx_word' id='word_1_62' title='bbox 1123 1487 1326 1558; x_wconf 84' lang='lat' dir='ltr'><strong>Joseph</strong></span> <span class='ocrx_word' id='word_1_63' title='bbox 1369 1487 1423 1540; x_wconf 90' lang='lat' dir='ltr'><strong>in</strong></span> <span class='ocrx_word' id='word_1_64' title='bbox 1459 1495 1509 1541; x_wconf 92' lang='lat' dir='ltr'><strong>te</strong></span> <span class='ocrx_word' id='word_1_65' title='bbox 1554 1485 1864 1556; x_wconf 78' lang='lat' dir='ltr'><strong>nuptiarum</strong></span> <span class='ocrx_word' id='word_1_66' title='bbox 1916 1498 2106 1553; x_wconf 79' lang='lat' dir='ltr'><strong>exper-</strong></span> 
     </span>
    </p>
   </div>
   <div class='ocr_carea' id='block_1_17' title="bbox 531 1579 2108 1652">
    <p class='ocr_par' dir='ltr' id='par_1_17' title="bbox 531 1579 2108 1652">
     <span class='ocr_line' id='line_1_17' title="bbox 531 1579 2108 1652; baseline -0.006 -11"><span class='ocrx_word' id='word_1_67' title='bbox 531 1595 660 1652; x_wconf 91' lang='lat' dir='ltr'><strong>tem,</strong></span> <span class='ocrx_word' id='word_1_68' title='bbox 697 1595 751 1642; x_wconf 93' lang='lat' dir='ltr'><strong>et</strong></span> <span class='ocrx_word' id='word_1_69' title='bbox 783 1585 1115 1641; x_wconf 86' lang='lat' dir='ltr'><strong>furtinubam</strong></span> <span class='ocrx_word' id='word_1_70' title='bbox 1157 1592 1240 1638; x_wconf 90' lang='lat' dir='ltr'><strong>est</strong></span> <span class='ocrx_word' id='word_1_71' title='bbox 1285 1582 1613 1651; x_wconf 86' lang='lat' dir='ltr'><strong>suspicatus,</strong></span> <span class='ocrx_word' id='word_1_72' title='bbox 1649 1595 1682 1634; x_wconf 92' lang='lat' dir='ltr'><strong>o</strong></span> <span class='ocrx_word' id='word_1_73' title='bbox 1713 1579 1978 1632; x_wconf 85' lang='lat' dir='ltr'><strong>innocens</strong></span> <span class='ocrx_word' id='word_1_74' title='bbox 2008 1594 2018 1629; x_wconf 91' lang='lat'>:</span> <span class='ocrx_word' id='word_1_75' title='bbox 2053 1586 2108 1632; x_wconf 88' lang='lat' dir='ltr'><strong>at</strong></span> 
     </span>
    </p>
   </div>
   <div class='ocr_carea' id='block_1_18' title="bbox 2284 633 3579 717">
    <p class='ocr_par' dir='ltr' id='par_1_18' title="bbox 2284 633 3579 717">
     <span class='ocr_line' id='line_1_18' title="bbox 2284 633 3579 717; baseline 0.002 -19"><span class='ocrx_word' id='word_1_76' title='bbox 2284 647 2477 716; x_wconf 87' lang='grc' dir='ltr'>Χαῖρε,</span> <span class='ocrx_word' id='word_1_77' title='bbox 2501 647 2583 699; x_wconf 79' lang='grc' dir='ltr'>ὅτι</span> <span class='ocrx_word' id='word_1_78' title='bbox 2610 645 2850 716; x_wconf 87' lang='grc' dir='ltr'>λειμῶνα</span> <span class='ocrx_word' id='word_1_79' title='bbox 2881 633 2975 717; x_wconf 85' lang='grc' dir='ltr'>τῆς</span> <span class='ocrx_word' id='word_1_80' title='bbox 2999 645 3213 717; x_wconf 76' lang='grc' dir='ltr'>τρυφῆς</span> <span class='ocrx_word' id='word_1_81' title='bbox 3237 645 3579 711; x_wconf 84' lang='grc' dir='ltr'>ἀναθάλλεις.</span> 
     </span>
    </p>
   </div>
   <div class='ocr_carea' id='block_1_19' title="bbox 2281 822 3498 896">
    <p class='ocr_par' dir='ltr' id='par_1_19' title="bbox 2281 822 3498 896">
     <span class='ocr_line' id='line_1_19' title="bbox 2281 822 3498 896; baseline 0.001 -18"><span class='ocrx_word' id='word_1_82' title='bbox 2281 825 2474 896; x_wconf 88' lang='grc' dir='ltr'>Χαῖρε,</span> <span class='ocrx_word' id='word_1_83' title='bbox 2501 824 2583 876; x_wconf 81' lang='grc' dir='ltr'><strong>ὅτι</strong></span> <span class='ocrx_word' id='word_1_84' title='bbox 2617 822 2811 893; x_wconf 83' lang='grc' dir='ltr'>λιμένα</span> <span class='ocrx_word' id='word_1_85' title='bbox 2833 822 2940 876; x_wconf 90' lang='grc' dir='ltr'><strong>τῶν</strong></span> <span class='ocrx_word' id='word_1_86' title='bbox 2962 823 3149 894; x_wconf 75' lang='grc' dir='ltr'>ψυχῶν</span> <span class='ocrx_word' id='word_1_87' title='bbox 3173 822 3498 895; x_wconf 77' lang='grc' dir='ltr'><strong>ἑτοιμάζεις.</strong></span> 
     </span>
    </p>
   </div>
   <div class='ocr_carea' id='block_1_20' title="bbox 2281 915 3306 988">
    <p class='ocr_par' dir='ltr' id='par_1_20' title="bbox 2281 915 3306 988">
     <span class='ocr_line' id='line_1_20' title="bbox 2281 915 3306 988; baseline -0.002 -18"><span class='ocrx_word' id='word_1_88' title='bbox 2281 918 2471 988; x_wconf 82' lang='grc' dir='ltr'>Χαῖρε,</span> <span class='ocrx_word' id='word_1_89' title='bbox 2502 916 2688 970; x_wconf 83' lang='grc' dir='ltr'>δεκτὸν</span> <span class='ocrx_word' id='word_1_90' title='bbox 2714 915 3007 987; x_wconf 81' lang='grc' dir='ltr'>πρεσϐείας</span> <span class='ocrx_word' id='word_1_91' title='bbox 3033 916 3306 986; x_wconf 87' lang='grc' dir='ltr'>θυμίαμα.</span> 
     </span>
    </p>
   </div>
   <div class='ocr_carea' id='block_1_21' title="bbox 2279 1008 3412 1081">
    <p class='ocr_par' dir='ltr' id='par_1_21' title="bbox 2279 1008 3412 1081">
     <span class='ocr_line' id='line_1_21' title="bbox 2279 1008 3412 1081; baseline 0.001 -19"><span class='ocrx_word' id='word_1_92' title='bbox 2279 1009 2472 1081; x_wconf 84' lang='grc' dir='ltr'>Χαῖρε,</span> <span class='ocrx_word' id='word_1_93' title='bbox 2502 1008 2702 1071; x_wconf 79' lang='grc' dir='ltr'>παντὸς</span> <span class='ocrx_word' id='word_1_94' title='bbox 2742 1008 2836 1062; x_wconf 89' lang='grc' dir='ltr'><strong>τοῦ</strong></span> <span class='ocrx_word' id='word_1_95' title='bbox 2883 1009 3088 1080; x_wconf 82' lang='grc' dir='ltr'><strong>κόσμου</strong></span> <span class='ocrx_word' id='word_1_96' title='bbox 3127 1009 3412 1080; x_wconf 78' lang='grc' dir='ltr'>ἐξίλασμα.</span> 
     </span>
    </p>
   </div>
   <div class='ocr_carea' id='block_1_22' title="bbox 2280 1099 3313 1172">
    <p class='ocr_par' dir='ltr' id='par_1_22' title="bbox 2280 1099 3313 1172">
     <span class='ocr_line' id='line_1_22' title="bbox 2280 1099 3313 1172; baseline 0.002 -18"><span class='ocrx_word' id='word_1_97' title='bbox 2280 1103 2473 1171; x_wconf 86' lang='grc' dir='ltr'>Χαῖρε,</span> <span class='ocrx_word' id='word_1_98' title='bbox 2503 1099 2638 1154; x_wconf 85' lang='grc' dir='ltr'>Θεοῦ</span> <span class='ocrx_word' id='word_1_99' title='bbox 2672 1100 2806 1172; x_wconf 84' lang='grc' dir='ltr'>πρὸς</span> <span class='ocrx_word' id='word_1_100' title='bbox 2836 1100 3061 1172; x_wconf 78' lang='grc' dir='ltr'>θνητοὺς</span> <span class='ocrx_word' id='word_1_101' title='bbox 3077 1101 3313 1161; x_wconf 83' lang='grc' dir='ltr'>εὐδοκία.</span> 
     </span>
    </p>
   </div>
   <div class='ocr_carea' id='block_1_23' title="bbox 2279 1197 3371 1270">
    <p class='ocr_par' dir='ltr' id='par_1_23' title="bbox 2279 1197 3371 1270">
     <span class='ocr_line' id='line_1_23' title="bbox 2279 1197 3371 1270; baseline 0.002 -20"><span class='ocrx_word' id='word_1_102' title='bbox 2279 1199 2473 1268; x_wconf 85' lang='grc' dir='ltr'>Χαῖρε,</span> <span class='ocrx_word' id='word_1_103' title='bbox 2507 1197 2717 1268; x_wconf 80' lang='grc' dir='ltr'><strong>θνητῶν</strong></span> <span class='ocrx_word' id='word_1_104' title='bbox 2746 1198 2881 1268; x_wconf 74' lang='grc' dir='ltr'>πρὸς</span> <span class='ocrx_word' id='word_1_105' title='bbox 2909 1197 3044 1250; x_wconf 80' lang='grc' dir='ltr'>θεὸν</span> <span class='ocrx_word' id='word_1_106' title='bbox 3069 1199 3371 1270; x_wconf 73' lang='grc' dir='ltr'>παρρησία.</span> 
     </span>
    </p>
   </div>
   <div class='ocr_carea' id='block_1_24' title="bbox 2280 1289 3376 1361">
    <p class='ocr_par' dir='ltr' id='par_1_24' title="bbox 2280 1289 3376 1361">
     <span class='ocr_line' id='line_1_24' title="bbox 2280 1289 3376 1361; baseline 0 -18"><span class='ocrx_word' id='word_1_107' title='bbox 2280 1291 2471 1361; x_wconf 88' lang='grc' dir='ltr'>Χαῖρε,</span> <span class='ocrx_word' id='word_1_108' title='bbox 2500 1289 2687 1361; x_wconf 83' lang='grc' dir='ltr'>νύμφη</span> <span class='ocrx_word' id='word_1_109' title='bbox 2708 1289 3039 1360; x_wconf 81' lang='grc' dir='ltr'>ἀνύμφευτε.</span> <span class='ocrx_word' id='word_1_110' title='bbox 3373 1351 3376 1355; x_wconf 92' lang='lat'><strong><em>_</em></strong></span> 
     </span>
    </p>
   </div>
   <div class='ocr_carea' id='block_1_25' title="bbox 2278 1377 3775 1450">
    <p class='ocr_par' dir='ltr' id='par_1_25' title="bbox 2278 1377 3775 1450">
     <span class='ocr_line' id='line_1_25' title="bbox 2278 1377 3775 1450; baseline 0.003 -19"><span class='ocrx_word' id='word_1_111' title='bbox 2278 1378 2456 1448; x_wconf 84' lang='grc' dir='ltr'>Ζάλην</span> <span class='ocrx_word' id='word_1_112' title='bbox 2499 1378 2710 1432; x_wconf 71' lang='grc' dir='ltr'>ἔνδοθεν</span> <span class='ocrx_word' id='word_1_113' title='bbox 2755 1378 2893 1448; x_wconf 77' lang='grc' dir='ltr'>ἔχων</span> <span class='ocrx_word' id='word_1_114' title='bbox 2940 1377 3215 1450; x_wconf 74' lang='grc' dir='ltr'><strong>λογισμῶν</strong></span> <span class='ocrx_word' id='word_1_115' title='bbox 3263 1379 3580 1450; x_wconf 75' lang='grc' dir='ltr'>ἀμφιϐόλων</span> <span class='ocrx_word' id='word_1_116' title='bbox 3607 1383 3635 1434; x_wconf 83' lang='grc' dir='ltr'><strong>δ</strong></span> <span class='ocrx_word' id='word_1_117' title='bbox 3682 1382 3775 1435; x_wconf 84' lang='grc' dir='ltr'>σώ-</span> 
     </span>
    </p>
   </div>
   <div class='ocr_carea' id='block_1_26' title="bbox 2208 1471 3776 1543">
    <p class='ocr_par' dir='ltr' id='par_1_26' title="bbox 2208 1471 3776 1543">
     <span class='ocr_line' id='line_1_26' title="bbox 2208 1471 3776 1543; baseline 0.002 -19"><span class='ocrx_word' id='word_1_118' title='bbox 2208 1488 2358 1543; x_wconf 78' lang='grc' dir='ltr'>φρων</span> <span class='ocrx_word' id='word_1_119' title='bbox 2404 1471 2602 1541; x_wconf 79' lang='grc' dir='ltr'>Ἰωσὴφ</span> <span class='ocrx_word' id='word_1_120' title='bbox 2630 1471 2906 1541; x_wconf 78' lang='grc' dir='ltr'><strong>ἐταράχθη</strong></span> <span class='ocrx_word' id='word_1_121' title='bbox 2931 1487 2945 1501; x_wconf 95' lang='grc'><strong>·</strong></span> <span class='ocrx_word' id='word_1_122' title='bbox 2987 1472 3124 1542; x_wconf 81' lang='grc' dir='ltr'>πρὸς</span> <span class='ocrx_word' id='word_1_123' title='bbox 3155 1471 3251 1543; x_wconf 81' lang='grc' dir='ltr'>τὴν</span> <span class='ocrx_word' id='word_1_124' title='bbox 3295 1473 3510 1543; x_wconf 72' lang='grc' dir='ltr'>ἄγαμόν</span> <span class='ocrx_word' id='word_1_125' title='bbox 3541 1490 3602 1526; x_wconf 86' lang='grc' dir='ltr'><strong>σε</strong></span> <span class='ocrx_word' id='word_1_126' title='bbox 3655 1476 3776 1529; x_wconf 86' lang='grc' dir='ltr'>θεω-</span> 
     </span>
    </p>
   </div>
   <div class='ocr_carea' id='block_1_27' title="bbox 2209 1567 3776 1640">
    <p class='ocr_par' dir='ltr' id='par_1_27' title="bbox 2209 1567 3776 1640">
     <span class='ocr_line' id='line_1_27' title="bbox 2209 1567 3776 1640; baseline -0.001 -19"><span class='ocrx_word' id='word_1_127' title='bbox 2209 1570 2337 1640; x_wconf 92' lang='grc' dir='ltr'>ρῶν,</span> <span class='ocrx_word' id='word_1_128' title='bbox 2391 1570 2486 1622; x_wconf 83' lang='grc' dir='ltr'>καὶ</span> <span class='ocrx_word' id='word_1_129' title='bbox 2545 1568 2881 1639; x_wconf 73' lang='grc' dir='ltr'>κλεψίγαμον</span> <span class='ocrx_word' id='word_1_130' title='bbox 2927 1567 3189 1632; x_wconf 82' lang='grc' dir='ltr'><strong>ὑπονοῶν,</strong></span> <span class='ocrx_word' id='word_1_131' title='bbox 3240 1569 3535 1639; x_wconf 81' lang='grc' dir='ltr'>ἀμεμπτε·</span> <span class='ocrx_word' id='word_1_132' title='bbox 3600 1570 3776 1639; x_wconf 86' lang='grc' dir='ltr'>μαθὼν</span> 
     </span>
    </p>
   </div>
   <div class='ocr_carea' id='block_1_28' title="bbox 529 1657 2104 1746">
    <p class='ocr_par' dir='ltr' id='par_1_28' title="bbox 529 1669 2103 1746">
     <span class='ocr_line' id='line_1_28' title="bbox 529 1669 2103 1746; baseline -0.007 -14"><span class='ocrx_word' id='word_1_133' title='bbox 529 1694 661 1732; x_wconf 88' lang='lat' dir='ltr'><strong>vero</strong></span> <span class='ocrx_word' id='word_1_134' title='bbox 685 1679 910 1734; x_wconf 90' lang='lat' dir='ltr'><strong>edoctus</strong></span> <span class='ocrx_word' id='word_1_135' title='bbox 940 1685 1084 1731; x_wconf 91' lang='lat' dir='ltr'><strong>tuam</strong></span> <span class='ocrx_word' id='word_1_136' title='bbox 1118 1675 1185 1731; x_wconf 89' lang='lat' dir='ltr'><strong>de</strong></span> <span class='ocrx_word' id='word_1_137' title='bbox 1220 1673 1425 1746; x_wconf 87' lang='lat' dir='ltr'><strong>Spiritu</strong></span> <span class='ocrx_word' id='word_1_138' title='bbox 1452 1681 1642 1727; x_wconf 88' lang='lat' dir='ltr'><strong>sancto</strong></span> <span class='ocrx_word' id='word_1_139' title='bbox 1669 1669 2103 1739; x_wconf 80' lang='lat' dir='ltr'><strong>conceptionem,</strong></span> 
     </span>
    </p>
   </div>
   <div class='ocr_carea' id='block_1_29' title="bbox 2208 1657 3596 1746">
    <p class='ocr_par' dir='ltr' id='par_1_29' title="bbox 2208 1657 3596 1730">
     <span class='ocr_line' id='line_1_29' title="bbox 2208 1657 3596 1730; baseline -0.001 -17"><span class='ocrx_word' id='word_1_140' title='bbox 2208 1660 2262 1714; x_wconf 80' lang='grc' dir='ltr'>δέ</span> <span class='ocrx_word' id='word_1_141' title='bbox 2290 1677 2382 1713; x_wconf 93' lang='grc' dir='ltr'><strong>σου</strong></span> <span class='ocrx_word' id='word_1_142' title='bbox 2411 1659 2510 1730; x_wconf 77' lang='grc' dir='ltr'>τὴν</span> <span class='ocrx_word' id='word_1_143' title='bbox 2532 1659 2792 1728; x_wconf 76' lang='grc' dir='ltr'><strong>σύλληψιν</strong></span> <span class='ocrx_word' id='word_1_144' title='bbox 2817 1659 2881 1711; x_wconf 85' lang='grc' dir='ltr'><strong>ἐκ</strong></span> <span class='ocrx_word' id='word_1_145' title='bbox 2907 1657 3220 1729; x_wconf 86' lang='grc' dir='ltr'>Πνεύματος</span> <span class='ocrx_word' id='word_1_146' title='bbox 3253 1659 3430 1727; x_wconf 87' lang='grc' dir='ltr'>ἀγίου,</span> <span class='ocrx_word' id='word_1_147' title='bbox 3458 1659 3562 1729; x_wconf 78' lang='grc' dir='ltr'>ἔφη</span> <span class='ocrx_word' id='word_1_148' title='bbox 3583 1677 3596 1690; x_wconf 90' lang='grc'><strong>·</strong></span> 
     </span>
    </p>
   </div>
   <div class='ocr_carea' id='block_1_30' title="bbox 531 1768 712 1823">
    <p class='ocr_par' dir='ltr' id='par_1_30' title="bbox 531 1768 712 1823">
     <span class='ocr_line' id='line_1_30' title="bbox 531 1768 712 1823; baseline 0.006 -2"><span class='ocrx_word' id='word_1_149' title='bbox 531 1768 666 1823; x_wconf 85' lang='lat' dir='ltr'><strong>dixit</strong></span> <span class='ocrx_word' id='word_1_150' title='bbox 698 1786 712 1822; x_wconf 90' lang='lat'><strong>:</strong></span> 
     </span>
    </p>
   </div>
   <div class='ocr_carea' id='block_1_31' title="bbox 600 1860 849 1916">
    <p class='ocr_par' dir='ltr' id='par_1_31' title="bbox 600 1860 849 1916">
     <span class='ocr_line' id='line_1_31' title="bbox 600 1860 849 1916; baseline 0.004 -1"><span class='ocrx_word' id='word_1_151' title='bbox 600 1860 849 1916; x_wconf 83' lang='lat' dir='ltr'><strong>Alleluia.</strong></span> 
     </span>
    </p>
   </div>
   <div class='ocr_carea' id='block_1_32' title="bbox 601 1940 2102 2023">
    <p class='ocr_par' dir='ltr' id='par_1_32' title="bbox 601 1940 2102 2023">
     <span class='ocr_line' id='line_1_32' title="bbox 601 1940 2102 2023; baseline -0.007 -16"><span class='ocrx_word' id='word_1_152' title='bbox 601 1954 904 2008; x_wconf 87' lang='lat' dir='ltr'><strong>Audierunt</strong></span> <span class='ocrx_word' id='word_1_153' title='bbox 929 1960 1175 2023; x_wconf 89' lang='lat' dir='ltr'><strong>pastores</strong></span> <span class='ocrx_word' id='word_1_154' title='bbox 1210 1949 1428 2022; x_wconf 83' lang='lat' dir='ltr'><strong>angelos</strong></span> <span class='ocrx_word' id='word_1_155' title='bbox 1482 1945 1852 2004; x_wconf 77' lang='lat' dir='ltr'><strong>collautlantes</strong></span> <span class='ocrx_word' id='word_1_156' title='bbox 1899 1940 2102 1997; x_wconf 76' lang='lat' dir='ltr'><strong>Christi</strong></span> 
     </span>
    </p>
   </div>
   <div class='ocr_carea' id='block_1_33' title="bbox 531 2033 2102 2116">
    <p class='ocr_par' dir='ltr' id='par_1_33' title="bbox 531 2033 2102 2116">
     <span class='ocr_line' id='line_1_33' title="bbox 531 2033 2102 2116; baseline -0.008 -17"><span class='ocrx_word' id='word_1_157' title='bbox 531 2045 872 2116; x_wconf 69' lang='lat' dir='ltr'><strong>praasentiam</strong></span> <span class='ocrx_word' id='word_1_158' title='bbox 900 2045 955 2099; x_wconf 87' lang='lat' dir='ltr'><strong>in</strong></span> <span class='ocrx_word' id='word_1_159' title='bbox 978 2057 1172 2110; x_wconf 90' lang='lat' dir='ltr'><strong>carne;</strong></span> <span class='ocrx_word' id='word_1_160' title='bbox 1205 2051 1260 2098; x_wconf 92' lang='lat' dir='ltr'><strong>et</strong></span> <span class='ocrx_word' id='word_1_161' title='bbox 1287 2050 1572 2112; x_wconf 83' lang='lat' dir='ltr'><strong>postquam</strong></span> <span class='ocrx_word' id='word_1_162' title='bbox 1601 2048 1854 2108; x_wconf 82' lang='lat' dir='ltr'><strong>tanquam</strong></span> <span class='ocrx_word' id='word_1_163' title='bbox 1897 2034 1963 2090; x_wconf 87' lang='lat' dir='ltr'><strong>ad</strong></span> <span class='ocrx_word' id='word_1_164' title='bbox 1997 2033 2102 2087; x_wconf 73' lang='lat' dir='ltr'><strong>Pa-</strong></span> 
     </span>
    </p>
   </div>
   <div class='ocr_carea' id='block_1_34' title="bbox 531 2123 2103 2203">
    <p class='ocr_par' dir='ltr' id='par_1_34' title="bbox 531 2123 2103 2203">
     <span class='ocr_line' id='line_1_34' title="bbox 531 2123 2103 2203; baseline -0.009 -13"><span class='ocrx_word' id='word_1_165' title='bbox 531 2144 731 2191; x_wconf 86' lang='lat' dir='ltr'><strong>storem</strong></span> <span class='ocrx_word' id='word_1_166' title='bbox 778 2141 1155 2198; x_wconf 89' lang='lat' dir='ltr'><strong>cucurrerunt,</strong></span> <span class='ocrx_word' id='word_1_167' title='bbox 1179 2133 1376 2203; x_wconf 89' lang='lat' dir='ltr'><strong>ipsum,</strong></span> <span class='ocrx_word' id='word_1_168' title='bbox 1413 2140 1472 2185; x_wconf 91' lang='lat' dir='ltr'><strong>ut</strong></span> <span class='ocrx_word' id='word_1_169' title='bbox 1525 2144 1722 2201; x_wconf 84' lang='lat' dir='ltr'><strong>agnum</strong></span> <span class='ocrx_word' id='word_1_170' title='bbox 1789 2123 2103 2180; x_wconf 75' lang='lat' dir='ltr'><strong>immacula-</strong></span> 
     </span>
    </p>
   </div>
   <div class='ocr_carea' id='block_1_35' title="bbox 530 2223 2106 2292">
    <p class='ocr_par' dir='ltr' id='par_1_35' title="bbox 530 2223 2106 2292">
     <span class='ocr_line' id='line_1_35' title="bbox 530 2223 2106 2292; baseline -0.01 -8"><span class='ocrx_word' id='word_1_171' title='bbox 530 2231 668 2292; x_wconf 86' lang='lat' dir='ltr'><strong>tum,</strong></span> <span class='ocrx_word' id='word_1_172' title='bbox 710 2229 764 2284; x_wconf 92' lang='lat' dir='ltr'><strong>in</strong></span> <span class='ocrx_word' id='word_1_173' title='bbox 823 2227 944 2284; x_wconf 90' lang='lat' dir='ltr'><strong>sinu</strong></span> <span class='ocrx_word' id='word_1_174' title='bbox 1003 2226 1182 2281; x_wconf 56' lang='lat' dir='ltr'><strong>Mariae</strong></span> <span class='ocrx_word' id='word_1_175' title='bbox 1223 2225 1518 2279; x_wconf 86' lang='lat' dir='ltr'><strong>enutritum</strong></span> <span class='ocrx_word' id='word_1_176' title='bbox 1577 2223 1896 2281; x_wconf 78' lang='lat' dir='ltr'><strong>intuentur;</strong></span> <span class='ocrx_word' id='word_1_177' title='bbox 1945 2231 2106 2287; x_wconf 88' lang='lat' dir='ltr'><strong>quam</strong></span> 
     </span>
    </p>
   </div>
   <div class='ocr_carea' id='block_1_36' title="bbox 531 2302 1599 2392">
    <p class='ocr_par' dir='ltr' id='par_1_36' title="bbox 531 2302 1599 2392">
     <span class='ocr_line' id='line_1_36' title="bbox 531 2302 1599 2392; baseline -0.009 -16"><span class='ocrx_word' id='word_1_178' title='bbox 531 2321 740 2392; x_wconf 83' lang='lat' dir='ltr'><strong>hymnis</strong></span> <span class='ocrx_word' id='word_1_179' title='bbox 761 2320 1099 2377; x_wconf 89' lang='lat' dir='ltr'><strong>celebrantes</strong></span> <span class='ocrx_word' id='word_1_180' title='bbox 1126 2319 1381 2374; x_wconf 85' lang='lat' dir='ltr'><strong>dixerunt</strong></span> <span class='ocrx_word' id='word_1_181' title='bbox 1414 2331 1428 2367; x_wconf 91' lang='lat'><strong>:</strong></span> <span class='ocrx_word' id='word_1_182' title='bbox 1597 2302 1599 2304; x_wconf 62' lang='grc'><em>’</em></span> 
     </span>
    </p>
   </div>
   <div class='ocr_carea' id='block_1_37' title="bbox 597 2409 1496 2484">
    <p class='ocr_par' dir='ltr' id='par_1_37' title="bbox 597 2409 1496 2484">
     <span class='ocr_line' id='line_1_37' title="bbox 597 2409 1496 2484; baseline -0.003 -17"><span class='ocrx_word' id='word_1_183' title='bbox 597 2414 734 2478; x_wconf 87' lang='lat' dir='ltr'><strong>Ave,</strong></span> <span class='ocrx_word' id='word_1_184' title='bbox 759 2411 896 2484; x_wconf 88' lang='lat' dir='ltr'><strong>Agni</strong></span> <span class='ocrx_word' id='word_1_185' title='bbox 954 2419 1009 2467; x_wconf 90' lang='lat' dir='ltr'><strong>et</strong></span> <span class='ocrx_word' id='word_1_186' title='bbox 1033 2409 1270 2466; x_wconf 86' lang='lat' dir='ltr'><strong>Pastoris</strong></span> <span class='ocrx_word' id='word_1_187' title='bbox 1302 2419 1496 2464; x_wconf 84' lang='lat' dir='ltr'><strong>mater.</strong></span> 
     </span>
    </p>
   </div>
   <div class='ocr_carea' id='block_1_38' title="bbox 597 2499 1513 2566">
    <p class='ocr_par' dir='ltr' id='par_1_38' title="bbox 597 2499 1513 2566">
     <span class='ocr_line' id='line_1_38' title="bbox 597 2499 1513 2566; baseline -0.003 -10"><span class='ocrx_word' id='word_1_188' title='bbox 597 2504 730 2566; x_wconf 85' lang='lat' dir='ltr'><strong>Ave,</strong></span> <span class='ocrx_word' id='word_1_189' title='bbox 758 2503 1099 2558; x_wconf 88' lang='lat' dir='ltr'><strong>rationalium</strong></span> <span class='ocrx_word' id='word_1_190' title='bbox 1133 2501 1314 2557; x_wconf 86' lang='lat' dir='ltr'><strong>ovium</strong></span> <span class='ocrx_word' id='word_1_191' title='bbox 1352 2499 1513 2556; x_wconf 86' lang='lat' dir='ltr'><strong>ovile.</strong></span> 
     </span>
    </p>
   </div>
   <div class='ocr_carea' id='block_1_39' title="bbox 597 2590 1754 2662">
    <p class='ocr_par' dir='ltr' id='par_1_39' title="bbox 597 2590 1754 2662">
     <span class='ocr_line' id='line_1_39' title="bbox 597 2590 1754 2662; baseline -0.003 -13"><span class='ocrx_word' id='word_1_192' title='bbox 597 2595 732 2662; x_wconf 85' lang='lat' dir='ltr'><strong>Ave,</strong></span> <span class='ocrx_word' id='word_1_193' title='bbox 760 2595 993 2651; x_wconf 88' lang='lat' dir='ltr'><strong>hostium</strong></span> <span class='ocrx_word' id='word_1_194' title='bbox 1028 2593 1375 2650; x_wconf 85' lang='lat' dir='ltr'><strong>invisibilium</strong></span> <span class='ocrx_word' id='word_1_195' title='bbox 1402 2590 1754 2662; x_wconf 84' lang='lat' dir='ltr'><strong>propulsatio.</strong></span> 
     </span>
    </p>
   </div>
   <div class='ocr_carea' id='block_1_40' title="bbox 599 2683 1610 2757">
    <p class='ocr_par' dir='ltr' id='par_1_40' title="bbox 599 2683 1610 2757">
     <span class='ocr_line' id='line_1_40' title="bbox 599 2683 1610 2757; baseline -0.005 -16"><span class='ocrx_word' id='word_1_196' title='bbox 599 2689 732 2753; x_wconf 86' lang='lat' dir='ltr'><strong>Ave,</strong></span> <span class='ocrx_word' id='word_1_197' title='bbox 754 2686 1042 2757; x_wconf 83' lang='lat' dir='ltr'><strong>januarum</strong></span> <span class='ocrx_word' id='word_1_198' title='bbox 1071 2685 1302 2756; x_wconf 85' lang='lat' dir='ltr'><strong>paradisi</strong></span> <span class='ocrx_word' id='word_1_199' title='bbox 1329 2683 1610 2740; x_wconf 64' lang='lat' dir='ltr'><strong>reseratio.</strong></span> 
     </span>
    </p>
   </div>
   <div class='ocr_carea' id='block_1_41' title="bbox 598 2776 1914 2848">
    <p class='ocr_par' dir='ltr' id='par_1_41' title="bbox 598 2776 1914 2848">
     <span class='ocr_line' id='line_1_41' title="bbox 598 2776 1914 2848; baseline -0.005 -16"><span class='ocrx_word' id='word_1_200' title='bbox 598 2779 734 2843; x_wconf 87' lang='lat' dir='ltr'><strong>Ave,</strong></span> <span class='ocrx_word' id='word_1_201' title='bbox 764 2779 1020 2848; x_wconf 90' lang='lat' dir='ltr'><strong>quoniam</strong></span> <span class='ocrx_word' id='word_1_202' title='bbox 1051 2776 1289 2833; x_wconf 85' lang='lat' dir='ltr'><strong>coelestia</strong></span> <span class='ocrx_word' id='word_1_203' title='bbox 1324 2776 1573 2831; x_wconf 65' lang='lat' dir='ltr'><strong>laetantur</strong></span> <span class='ocrx_word' id='word_1_204' title='bbox 1599 2787 1722 2829; x_wconf 91' lang='lat' dir='ltr'><strong>cum</strong></span> <span class='ocrx_word' id='word_1_205' title='bbox 1753 2781 1914 2827; x_wconf 86' lang='lat' dir='ltr'><strong>terra.</strong></span> 
     </span>
    </p>
   </div>
   <div class='ocr_carea' id='block_1_42' title="bbox 597 2863 1964 2941">
    <p class='ocr_par' dir='ltr' id='par_1_42' title="bbox 597 2863 1964 2941">
     <span class='ocr_line' id='line_1_42' title="bbox 597 2863 1964 2941; baseline -0.005 -16"><span class='ocrx_word' id='word_1_206' title='bbox 597 2871 732 2937; x_wconf 85' lang='lat' dir='ltr'><strong>Ave,</strong></span> <span class='ocrx_word' id='word_1_207' title='bbox 754 2871 1010 2941; x_wconf 90' lang='lat' dir='ltr'><strong>quoniam</strong></span> <span class='ocrx_word' id='word_1_208' title='bbox 1033 2867 1604 2926; x_wconf 71' lang='lat' dir='ltr'><strong>terrestria&#39;exsultant</strong></span> <span class='ocrx_word' id='word_1_209' title='bbox 1633 2869 1756 2920; x_wconf 86' lang='lat' dir='ltr'><strong>cum</strong></span> <span class='ocrx_word' id='word_1_210' title='bbox 1791 2863 1964 2918; x_wconf 77' lang='lat' dir='ltr'><strong>caelis.</strong></span> 
     </span>
    </p>
   </div>
   <div class='ocr_carea' id='block_1_43' title="bbox 594 2959 1684 3033">
    <p class='ocr_par' dir='ltr' id='par_1_43' title="bbox 594 2959 1684 3033">
     <span class='ocr_line' id='line_1_43' title="bbox 594 2959 1684 3033; baseline -0.006 -15"><span class='ocrx_word' id='word_1_211' title='bbox 594 2964 730 3026; x_wconf 86' lang='lat' dir='ltr'><strong>Ave,</strong></span> <span class='ocrx_word' id='word_1_212' title='bbox 755 2962 1120 3033; x_wconf 87' lang='lat' dir='ltr'><strong>apostolorum</strong></span> <span class='ocrx_word' id='word_1_213' title='bbox 1154 2976 1216 3016; x_wconf 89' lang='lat' dir='ltr'><strong>os</strong></span> <span class='ocrx_word' id='word_1_214' title='bbox 1245 2959 1684 3015; x_wconf 86' lang='lat' dir='ltr'><strong>disertissimum.</strong></span> 
     </span>
    </p>
   </div>
   <div class='ocr_carea' id='block_1_44' title="bbox 597 3047 1742 3123">
    <p class='ocr_par' dir='ltr' id='par_1_44' title="bbox 597 3047 1742 3123">
     <span class='ocr_line' id='line_1_44' title="bbox 597 3047 1742 3123; baseline -0.005 -17"><span class='ocrx_word' id='word_1_215' title='bbox 597 3055 732 3116; x_wconf 88' lang='lat' dir='ltr'><strong>Ave,</strong></span> <span class='ocrx_word' id='word_1_216' title='bbox 767 3059 1062 3123; x_wconf 86' lang='lat' dir='ltr'><strong>martyrum</strong></span> <span class='ocrx_word' id='word_1_217' title='bbox 1099 3050 1362 3106; x_wconf 81' lang='lat' dir='ltr'><strong>fortitudo</strong></span> <span class='ocrx_word' id='word_1_218' title='bbox 1387 3047 1742 3105; x_wconf 85' lang='lat' dir='ltr'><strong>invincibilis.</strong></span> 
     </span>
    </p>
   </div>
   <div class='ocr_carea' id='block_1_45' title="bbox 599 3141 1591 3209">
    <p class='ocr_par' dir='ltr' id='par_1_45' title="bbox 599 3141 1591 3209">
     <span class='ocr_line' id='line_1_45' title="bbox 599 3141 1591 3209; baseline -0.005 -11"><span class='ocrx_word' id='word_1_219' title='bbox 599 3145 731 3209; x_wconf 84' lang='lat' dir='ltr'><strong>Ave,</strong></span> <span class='ocrx_word' id='word_1_220' title='bbox 769 3143 981 3208; x_wconf 85' lang='lat' dir='ltr'><strong>firmum</strong></span> <span class='ocrx_word' id='word_1_221' title='bbox 1007 3141 1132 3198; x_wconf 84' lang='lat' dir='ltr'><strong>fidei</strong></span> <span class='ocrx_word' id='word_1_222' title='bbox 1161 3141 1591 3196; x_wconf 82' lang='lat' dir='ltr'><strong>fundamentum.</strong></span> 
     </span>
    </p>
   </div>
   <div class='ocr_carea' id='block_1_46' title="bbox 597 3233 1748 3306">
    <p class='ocr_par' dir='ltr' id='par_1_46' title="bbox 597 3233 1748 3306">
     <span class='ocr_line' id='line_1_46' title="bbox 597 3233 1748 3306; baseline -0.007 -14"><span class='ocrx_word' id='word_1_223' title='bbox 597 3237 733 3300; x_wconf 83' lang='lat' dir='ltr'><strong>Ave,</strong></span> <span class='ocrx_word' id='word_1_224' title='bbox 761 3236 1099 3306; x_wconf 89' lang='lat' dir='ltr'><strong>splendidum</strong></span> <span class='ocrx_word' id='word_1_225' title='bbox 1128 3235 1311 3306; x_wconf 78' lang='lat' dir='ltr'><strong>gratiae</strong></span> <span class='ocrx_word' id='word_1_226' title='bbox 1345 3233 1748 3288; x_wconf 90' lang='lat' dir='ltr'><strong>documentum.</strong></span> 
     </span>
    </p>
   </div>
   <div class='ocr_carea' id='block_1_47' title="bbox 597 3321 1739 3400">
    <p class='ocr_par' dir='ltr' id='par_1_47' title="bbox 597 3321 1739 3400">
     <span class='ocr_line' id='line_1_47' title="bbox 597 3321 1739 3400; baseline -0.005 -18"><span class='ocrx_word' id='word_1_227' title='bbox 597 3327 731 3392; x_wconf 90' lang='lat' dir='ltr'><strong>Ave,</strong></span> <span class='ocrx_word' id='word_1_228' title='bbox 766 3343 862 3397; x_wconf 90' lang='lat' dir='ltr'><strong>per</strong></span> <span class='ocrx_word' id='word_1_229' title='bbox 887 3342 1050 3397; x_wconf 90' lang='lat' dir='ltr'><strong>quam</strong></span> <span class='ocrx_word' id='word_1_230' title='bbox 1081 3325 1339 3400; x_wconf 74' lang='lat' dir='ltr'><strong>spoliatus</strong></span> <span class='ocrx_word' id='word_1_231' title='bbox 1367 3331 1448 3380; x_wconf 86' lang='lat' dir='ltr'><strong>est</strong></span> <span class='ocrx_word' id='word_1_232' title='bbox 1473 3321 1739 3377; x_wconf 84' lang='lat' dir='ltr'><strong>infernus.</strong></span> 
     </span>
    </p>
   </div>
   <div class='ocr_carea' id='block_1_48' title="bbox 596 3413 1682 3488">
    <p class='ocr_par' dir='ltr' id='par_1_48' title="bbox 596 3413 1682 3488">
     <span class='ocr_line' id='line_1_48' title="bbox 596 3413 1682 3488; baseline -0.005 -16"><span class='ocrx_word' id='word_1_233' title='bbox 596 3418 732 3484; x_wconf 82' lang='lat' dir='ltr'><strong>Ave,</strong></span> <span class='ocrx_word' id='word_1_234' title='bbox 769 3433 865 3488; x_wconf 89' lang='lat' dir='ltr'><strong>per</strong></span> <span class='ocrx_word' id='word_1_235' title='bbox 893 3431 1055 3487; x_wconf 83' lang='lat' dir='ltr'><strong>quam</strong></span> <span class='ocrx_word' id='word_1_236' title='bbox 1084 3414 1260 3471; x_wconf 87' lang='lat' dir='ltr'><strong>induti</strong></span> <span class='ocrx_word' id='word_1_237' title='bbox 1279 3429 1468 3476; x_wconf 76' lang='lat' dir='ltr'><strong>sumus</strong></span> <span class='ocrx_word' id='word_1_238' title='bbox 1493 3413 1682 3484; x_wconf 83' lang='lat' dir='ltr'><strong>gloria.</strong></span> 
     </span>
    </p>
   </div>
   <div class='ocr_carea' id='block_1_49' title="bbox 597 3508 1233 3580">
    <p class='ocr_par' dir='ltr' id='par_1_49' title="bbox 597 3508 1233 3580">
     <span class='ocr_line' id='line_1_49' title="bbox 597 3508 1233 3580; baseline -0.009 -14"><span class='ocrx_word' id='word_1_239' title='bbox 597 3511 734 3576; x_wconf 92' lang='lat' dir='ltr'><strong>Ave,</strong></span> <span class='ocrx_word' id='word_1_240' title='bbox 765 3525 960 3580; x_wconf 88' lang='lat' dir='ltr'><strong>sponsa</strong></span> <span class='ocrx_word' id='word_1_241' title='bbox 985 3508 1233 3577; x_wconf 85' lang='lat' dir='ltr'><strong>innupta.</strong></span> 
     </span>
    </p>
   </div>
   <div class='ocr_carea' id='block_1_50' title="bbox 603 3590 2108 3669">
    <p class='ocr_par' dir='ltr' id='par_1_50' title="bbox 603 3590 2108 3669">
     <span class='ocr_line' id='line_1_50' title="bbox 603 3590 2108 3669; baseline -0.007 -15"><span class='ocrx_word' id='word_1_242' title='bbox 603 3600 784 3658; x_wconf 79' lang='lat' dir='ltr'><strong>Stellae</strong></span> <span class='ocrx_word' id='word_1_243' title='bbox 816 3597 1082 3669; x_wconf 75' lang='lat' dir='ltr'><strong>fulgorem</strong></span> <span class='ocrx_word' id='word_1_244' title='bbox 1113 3596 1287 3652; x_wconf 88' lang='lat' dir='ltr'><strong>secuti</strong></span> <span class='ocrx_word' id='word_1_245' title='bbox 1316 3603 1446 3649; x_wconf 91' lang='lat' dir='ltr'><strong>sunt</strong></span> <span class='ocrx_word' id='word_1_246' title='bbox 1471 3592 1631 3664; x_wconf 78' lang='lat' dir='ltr'><strong>Magi,</strong></span> <span class='ocrx_word' id='word_1_247' title='bbox 1661 3606 1824 3662; x_wconf 89' lang='lat' dir='ltr'><strong>quam</strong></span> <span class='ocrx_word' id='word_1_248' title='bbox 1859 3590 2108 3648; x_wconf 79' lang='lat' dir='ltr'><strong>viderant</strong></span> 
     </span>
    </p>
   </div>
   <div class='ocr_carea' id='block_1_51' title="bbox 529 3681 2104 3751">
    <p class='ocr_par' dir='ltr' id='par_1_51' title="bbox 529 3681 2104 3751">
     <span class='ocr_line' id='line_1_51' title="bbox 529 3681 2104 3751; baseline -0.006 -7"><span class='ocrx_word' id='word_1_249' title='bbox 529 3705 693 3746; x_wconf 88' lang='lat' dir='ltr'><strong>cursu</strong></span> <span class='ocrx_word' id='word_1_250' title='bbox 722 3703 821 3741; x_wconf 92' lang='lat' dir='ltr'><strong>suo</strong></span> <span class='ocrx_word' id='word_1_251' title='bbox 853 3686 1165 3740; x_wconf 89' lang='lat' dir='ltr'><strong>tendentem</strong></span> <span class='ocrx_word' id='word_1_252' title='bbox 1194 3684 1263 3738; x_wconf 88' lang='lat' dir='ltr'><strong>ad</strong></span> <span class='ocrx_word' id='word_1_253' title='bbox 1285 3684 1453 3738; x_wconf 90' lang='lat' dir='ltr'><strong>Deum</strong></span> <span class='ocrx_word' id='word_1_254' title='bbox 1479 3701 1493 3747; x_wconf 88' lang='lat'>;</span> <span class='ocrx_word' id='word_1_255' title='bbox 1526 3696 1696 3751; x_wconf 90' lang='lat' dir='ltr'><strong>eaque</strong></span> <span class='ocrx_word' id='word_1_256' title='bbox 1727 3690 1982 3751; x_wconf 88' lang='lat' dir='ltr'><strong>tanquam</strong></span> <span class='ocrx_word' id='word_1_257' title='bbox 2019 3681 2104 3734; x_wconf 90' lang='lat' dir='ltr'><strong>Iu-</strong></span> 
     </span>
    </p>
   </div>
   <div class='ocr_carea' id='block_1_52' title="bbox 531 3773 2106 3848">
    <p class='ocr_par' dir='ltr' id='par_1_52' title="bbox 531 3773 2106 3848">
     <span class='ocr_line' id='line_1_52' title="bbox 531 3773 2106 3848; baseline -0.007 -12"><span class='ocrx_word' id='word_1_258' title='bbox 531 3795 694 3836; x_wconf 87' lang='lat' dir='ltr'><strong>cerna</strong></span> <span class='ocrx_word' id='word_1_259' title='bbox 724 3777 1234 3848; x_wconf 85' lang='lat' dir='ltr'><strong>muniti,-potentem</strong></span> <span class='ocrx_word' id='word_1_260' title='bbox 1257 3773 1600 3844; x_wconf 87' lang='lat' dir='ltr'><strong>inquirebant</strong></span> <span class='ocrx_word' id='word_1_261' title='bbox 1621 3787 1804 3843; x_wconf 87' lang='lat' dir='ltr'><strong>regem</strong></span> <span class='ocrx_word' id='word_1_262' title='bbox 1829 3790 1844 3826; x_wconf 90' lang='lat'>:</span> <span class='ocrx_word' id='word_1_263' title='bbox 1872 3782 1927 3826; x_wconf 90' lang='lat' dir='ltr'><strong>et</strong></span> <span class='ocrx_word' id='word_1_264' title='bbox 1944 3786 2106 3842; x_wconf 88' lang='lat' dir='ltr'><strong>quem</strong></span> 
     </span>
    </p>
   </div>
   <div class='ocr_carea' id='block_1_53' title="bbox 532 3862 2105 3940">
    <p class='ocr_par' dir='ltr' id='par_1_53' title="bbox 532 3862 2105 3940">
     <span class='ocr_line' id='line_1_53' title="bbox 532 3862 2105 3940; baseline -0.008 -14"><span class='ocrx_word' id='word_1_265' title='bbox 532 3869 748 3940; x_wconf 83' lang='lat' dir='ltr'><strong>assequi</strong></span> <span class='ocrx_word' id='word_1_266' title='bbox 778 3883 940 3936; x_wconf 85' lang='lat' dir='ltr'><strong>nemo</strong></span> <span class='ocrx_word' id='word_1_267' title='bbox 968 3874 1169 3938; x_wconf 87' lang='lat' dir='ltr'><strong>potest,</strong></span> <span class='ocrx_word' id='word_1_268' title='bbox 1217 3866 1475 3934; x_wconf 88' lang='lat' dir='ltr'><strong>assecuti,</strong></span> <span class='ocrx_word' id='word_1_269' title='bbox 1521 3865 1691 3937; x_wconf 78' lang='lat' dir='ltr'><strong>gavisi</strong></span> <span class='ocrx_word' id='word_1_270' title='bbox 1719 3872 1869 3930; x_wconf 86' lang='lat' dir='ltr'><strong>sunt,</strong></span> <span class='ocrx_word' id='word_1_271' title='bbox 1914 3862 1982 3918; x_wconf 93' lang='lat' dir='ltr'><strong>ad</strong></span> <span class='ocrx_word' id='word_1_272' title='bbox 2022 3864 2105 3933; x_wconf 88' lang='lat' dir='ltr'><strong>ip-</strong></span> 
     </span>
    </p>
   </div>
   <div class='ocr_carea' id='block_1_54' title="bbox 531 3963 1020 4019">
    <p class='ocr_par' dir='ltr' id='par_1_54' title="bbox 531 3963 1020 4019">
     <span class='ocr_line' id='line_1_54' title="bbox 531 3963 1020 4019; baseline -0.008 -1"><span class='ocrx_word' id='word_1_273' title='bbox 531 3977 652 4019; x_wconf 87' lang='lat' dir='ltr'><strong>sum</strong></span> <span class='ocrx_word' id='word_1_274' title='bbox 685 3963 979 4016; x_wconf 91' lang='lat' dir='ltr'><strong>clamantes</strong></span> <span class='ocrx_word' id='word_1_275' title='bbox 1005 3977 1020 4014; x_wconf 91' lang='lat'><strong>:</strong></span> 
     </span>
    </p>
   </div>
   <div class='ocr_carea' id='block_1_55' title="bbox 608 4053 860 4109">
    <p class='ocr_par' dir='ltr' id='par_1_55' title="bbox 608 4053 860 4109">
     <span class='ocr_line' id='line_1_55' title="bbox 608 4053 860 4109; baseline -0.004 0"><span class='ocrx_word' id='word_1_276' title='bbox 608 4053 860 4109; x_wconf 84' lang='lat' dir='ltr'><strong>Alleluia.</strong></span> 
     </span>
    </p>
   </div>
   <div class='ocr_carea' id='block_1_56' title="bbox 602 4140 2103 4216">
    <p class='ocr_par' dir='ltr' id='par_1_56' title="bbox 602 4140 2103 4216">
     <span class='ocr_line' id='line_1_56' title="bbox 602 4140 2103 4216; baseline -0.007 -12"><span class='ocrx_word' id='word_1_277' title='bbox 602 4149 662 4204; x_wconf 90' lang='lat' dir='ltr'><strong>ln</strong></span> <span class='ocrx_word' id='word_1_278' title='bbox 687 4147 938 4203; x_wconf 88' lang='lat' dir='ltr'><strong>manibus</strong></span> <span class='ocrx_word' id='word_1_279' title='bbox 973 4143 1207 4216; x_wconf 82' lang='lat' dir='ltr'><strong>Virginis</strong></span> <span class='ocrx_word' id='word_1_280' title='bbox 1233 4158 1362 4198; x_wconf 89' lang='lat' dir='ltr'><strong>eum</strong></span> <span class='ocrx_word' id='word_1_281' title='bbox 1407 4141 1664 4198; x_wconf 87' lang='lat' dir='ltr'><strong>viderunt</strong></span> <span class='ocrx_word' id='word_1_282' title='bbox 1701 4140 1961 4206; x_wconf 62' lang='lat' dir='ltr'><strong>Chaldaai,</strong></span> <span class='ocrx_word' id='word_1_283' title='bbox 2011 4140 2103 4210; x_wconf 89' lang='lat' dir='ltr'><strong>qui</strong></span> 
     </span>
    </p>
   </div>
   <div class='ocr_carea' id='block_1_57' title="bbox 533 4230 2104 4303">
    <p class='ocr_par' dir='ltr' id='par_1_57' title="bbox 533 4230 2104 4303">
     <span class='ocr_line' id='line_1_57' title="bbox 533 4230 2104 4303; baseline -0.006 -8"><span class='ocrx_word' id='word_1_284' title='bbox 533 4255 696 4295; x_wconf 91' lang='lat' dir='ltr'><strong>manu</strong></span> <span class='ocrx_word' id='word_1_285' title='bbox 723 4236 974 4293; x_wconf 83' lang='lat' dir='ltr'><strong>formavit</strong></span> <span class='ocrx_word' id='word_1_286' title='bbox 1019 4234 1292 4298; x_wconf 87' lang='lat' dir='ltr'><strong>homines,</strong></span> <span class='ocrx_word' id='word_1_287' title='bbox 1328 4233 1613 4303; x_wconf 89' lang='lat' dir='ltr'><strong>ipsumque</strong></span> <span class='ocrx_word' id='word_1_288' title='bbox 1645 4230 1933 4286; x_wconf 89' lang='lat' dir='ltr'><strong>Dominum</strong></span> <span class='ocrx_word' id='word_1_289' title='bbox 1985 4247 2104 4286; x_wconf 87' lang='lat' dir='ltr'><strong>esse</strong></span> 
     </span>
    </p>
   </div>
   <div class='ocr_carea' id='block_1_58' title="bbox 495 4323 2104 4400">
    <p class='ocr_par' dir='ltr' id='par_1_58' title="bbox 495 4323 2104 4400">
     <span class='ocr_line' id='line_1_58' title="bbox 495 4323 2104 4400; baseline -0.009 -10"><span class='ocrx_word' id='word_1_290' title='bbox 495 4327 498 4332; x_wconf 72' lang='grc'><em>’</em></span> <span class='ocrx_word' id='word_1_291' title='bbox 530 4333 850 4397; x_wconf 80' lang='lat' dir='ltr'><strong>sentientes,</strong></span> <span class='ocrx_word' id='word_1_292' title='bbox 876 4327 1126 4400; x_wconf 90' lang='lat' dir='ltr'><strong>quamvis</strong></span> <span class='ocrx_word' id='word_1_293' title='bbox 1169 4325 1313 4380; x_wconf 78' lang='lat' dir='ltr'><strong>servi</strong></span> <span class='ocrx_word' id='word_1_294' title='bbox 1361 4325 1593 4380; x_wconf 80' lang='lat' dir='ltr'><strong>formam</strong></span> <span class='ocrx_word' id='word_1_295' title='bbox 1627 4323 1943 4393; x_wconf 89' lang='lat' dir='ltr'><strong>accepisset,</strong></span> <span class='ocrx_word' id='word_1_296' title='bbox 1991 4333 2104 4378; x_wconf 86' lang='lat' dir='ltr'><strong>stu-</strong></span> 
     </span>
    </p>
   </div>
   <div class='ocr_carea' id='block_1_59' title="bbox 529 4415 2102 4482">
    <p class='ocr_par' dir='ltr' id='par_1_59' title="bbox 529 4415 2102 4482">
     <span class='ocr_line' id='line_1_59' title="bbox 529 4415 2102 4482; baseline -0.008 -1"><span class='ocrx_word' id='word_1_297' title='bbox 529 4427 770 4481; x_wconf 86' lang='lat' dir='ltr'><strong>duerunt</strong></span> <span class='ocrx_word' id='word_1_298' title='bbox 817 4419 1133 4476; x_wconf 85' lang='lat' dir='ltr'><strong>muneribus</strong></span> <span class='ocrx_word' id='word_1_299' title='bbox 1181 4417 1380 4482; x_wconf 88' lang='lat' dir='ltr'><strong>colere,</strong></span> <span class='ocrx_word' id='word_1_300' title='bbox 1436 4423 1490 4470; x_wconf 91' lang='lat' dir='ltr'><strong>et</strong></span> <span class='ocrx_word' id='word_1_301' title='bbox 1539 4415 1833 4469; x_wconf 85' lang='lat' dir='ltr'><strong>inclamare</strong></span> <span class='ocrx_word' id='word_1_302' title='bbox 1873 4415 2102 4471; x_wconf 88' lang='lat' dir='ltr'><strong>Benedi-</strong></span> 
     </span>
    </p>
   </div>
   <div class='ocr_carea' id='block_1_60' title="bbox 529 4528 673 4577">
    <p class='ocr_par' dir='ltr' id='par_1_60' title="bbox 529 4528 673 4577">
     <span class='ocr_line' id='line_1_60' title="bbox 529 4528 673 4577; baseline -0.035 0"><span class='ocrx_word' id='word_1_303' title='bbox 529 4528 673 4577; x_wconf 62' lang='grc' dir='ltr'>(ειωε</span> 
     </span>
    </p>
   </div>
   <div class='ocr_carea' id='block_1_61' title="bbox 601 4601 1499 4676">
    <p class='ocr_par' dir='ltr' id='par_1_61' title="bbox 601 4601 1499 4676">
     <span class='ocr_line' id='line_1_61' title="bbox 601 4601 1499 4676; baseline -0.013 -12"><span class='ocrx_word' id='word_1_304' title='bbox 601 4612 735 4676; x_wconf 89' lang='lat' dir='ltr'><strong>Ave,</strong></span> <span class='ocrx_word' id='word_1_305' title='bbox 774 4601 942 4662; x_wconf 73' lang='lat' dir='ltr'><strong>stellae</strong></span> <span class='ocrx_word' id='word_1_306' title='bbox 973 4602 1276 4660; x_wconf 74' lang='lat' dir='ltr'><strong>inocciduze</strong></span> <span class='ocrx_word' id='word_1_307' title='bbox 1308 4612 1499 4655; x_wconf 89' lang='lat' dir='ltr'><strong>mater.</strong></span> 
     </span>
    </p>
   </div>
   <div class='ocr_carea' id='block_1_62' title="bbox 597 4691 1420 4770">
    <p class='ocr_par' dir='ltr' id='par_1_62' title="bbox 597 4691 1420 4770">
     <span class='ocr_line' id='line_1_62' title="bbox 597 4691 1420 4770; baseline -0.013 -15"><span class='ocrx_word' id='word_1_308' title='bbox 597 4703 731 4765; x_wconf 87' lang='lat' dir='ltr'><strong>Ave,</strong></span> <span class='ocrx_word' id='word_1_309' title='bbox 757 4697 1014 4770; x_wconf 88' lang='lat' dir='ltr'><strong>splendor</strong></span> <span class='ocrx_word' id='word_1_310' title='bbox 1050 4691 1262 4767; x_wconf 82' lang='lat' dir='ltr'><strong>mystici</strong></span> <span class='ocrx_word' id='word_1_311' title='bbox 1291 4694 1420 4749; x_wconf 88' lang='lat' dir='ltr'><strong>dici.</strong></span> 
     </span>
    </p>
   </div>
   <div class='ocr_carea' id='block_1_63' title="bbox 597 4775 1911 4861">
    <p class='ocr_par' dir='ltr' id='par_1_63' title="bbox 597 4775 1911 4861">
     <span class='ocr_line' id='line_1_63' title="bbox 597 4775 1911 4861; baseline -0.009 -14"><span class='ocrx_word' id='word_1_312' title='bbox 597 4795 732 4857; x_wconf 88' lang='lat' dir='ltr'><strong>Ave,</strong></span> <span class='ocrx_word' id='word_1_313' title='bbox 757 4806 878 4861; x_wconf 68' lang='lat' dir='ltr'><strong>qua:</strong></span> <span class='ocrx_word' id='word_1_314' title='bbox 907 4775 1249 4859; x_wconf 85' lang='lat' dir='ltr'><strong>deceptionis</strong></span> <span class='ocrx_word' id='word_1_315' title='bbox 1281 4785 1554 4840; x_wconf 82' lang='lat' dir='ltr'><strong>fornacem</strong></span> <span class='ocrx_word' id='word_1_316' title='bbox 1586 4781 1911 4838; x_wconf 75' lang='lat' dir='ltr'><strong>exstinxisti.</strong></span> 
     </span>
    </p>
   </div>
   <div class='ocr_carea' id='block_1_64' title="bbox 597 4879 2105 4953">
    <p class='ocr_par' dir='ltr' id='par_1_64' title="bbox 597 4879 2105 4953">
     <span class='ocr_line' id='line_1_64' title="bbox 597 4879 2105 4953; baseline -0.001 -16"><span class='ocrx_word' id='word_1_317' title='bbox 597 4883 734 4948; x_wconf 87' lang='lat' dir='ltr'><strong>Ave,</strong></span> <span class='ocrx_word' id='word_1_318' title='bbox 774 4897 896 4953; x_wconf 67' lang='lat' dir='ltr'><strong>qua:</strong></span> <span class='ocrx_word' id='word_1_319' title='bbox 948 4879 1236 4935; x_wconf 86' lang='lat' dir='ltr'><strong>Trinitatis</strong></span> <span class='ocrx_word' id='word_1_320' title='bbox 1281 4893 1480 4934; x_wconf 87' lang='lat' dir='ltr'><strong>arcana</strong></span> <span class='ocrx_word' id='word_1_321' title='bbox 1527 4879 1871 4944; x_wconf 84' lang='lat' dir='ltr'><strong>addiscentes</strong></span> <span class='ocrx_word' id='word_1_322' title='bbox 1905 4883 2105 4936; x_wconf 87' lang='lat' dir='ltr'><strong>illumi-</strong></span> 
     </span>
    </p>
   </div>
   <div class='ocr_carea' id='block_1_65' title="bbox 529 4991 649 5032">
    <p class='ocr_par' dir='ltr' id='par_1_65' title="bbox 529 4991 649 5032">
     <span class='ocr_line' id='line_1_65' title="bbox 529 4991 649 5032; baseline -0.017 0"><span class='ocrx_word' id='word_1_323' title='bbox 529 4991 649 5032; x_wconf 86' lang='lat' dir='ltr'><strong>uas.</strong></span> 
     </span>
    </p>
   </div>
   <div class='ocr_carea' id='block_1_66' title="bbox 599 5059 2104 5134">
    <p class='ocr_par' dir='ltr' id='par_1_66' title="bbox 599 5059 2104 5134">
     <span class='ocr_line' id='line_1_66' title="bbox 599 5059 2104 5134; baseline 0.003 -18"><span class='ocrx_word' id='word_1_324' title='bbox 599 5063 734 5131; x_wconf 89' lang='lat' dir='ltr'><strong>Ave,</strong></span> <span class='ocrx_word' id='word_1_325' title='bbox 753 5076 876 5134; x_wconf 69' lang='lat' dir='ltr'><strong>qua:</strong></span> <span class='ocrx_word' id='word_1_326' title='bbox 898 5059 1256 5116; x_wconf 90' lang='lat' dir='ltr'><strong>inhumanum</strong></span> <span class='ocrx_word' id='word_1_327' title='bbox 1293 5069 1580 5134; x_wconf 89' lang='lat' dir='ltr'><strong>tyrannum</strong></span> <span class='ocrx_word' id='word_1_328' title='bbox 1608 5077 1638 5118; x_wconf 90' lang='lat' dir='ltr'><strong>e</strong></span> <span class='ocrx_word' id='word_1_329' title='bbox 1668 5062 1974 5134; x_wconf 88' lang='lat' dir='ltr'><strong>principatu</strong></span> <span class='ocrx_word' id='word_1_330' title='bbox 2008 5064 2104 5121; x_wconf 88' lang='lat' dir='ltr'><strong>dc-</strong></span> 
     </span>
    </p>
   </div>
   <div class='ocr_carea' id='block_1_67' title="bbox 523 5155 724 5228">
    <p class='ocr_par' dir='ltr' id='par_1_67' title="bbox 523 5155 724 5228">
     <span class='ocr_line' id='line_1_67' title="bbox 523 5155 724 5228; baseline -0.02 -16"><span class='ocrx_word' id='word_1_331' title='bbox 523 5155 724 5228; x_wconf 84' lang='lat' dir='ltr'><strong>jecisti.</strong></span> 
     </span>
    </p>
   </div>
   <div class='ocr_carea' id='block_1_68' title="bbox 599 5244 2103 5317">
    <p class='ocr_par' dir='ltr' id='par_1_68' title="bbox 599 5244 2103 5317">
     <span class='ocr_line' id='line_1_68' title="bbox 599 5244 2103 5317; baseline 0.001 -14"><span class='ocrx_word' id='word_1_332' title='bbox 599 5249 732 5315; x_wconf 88' lang='lat' dir='ltr'><strong>Ave,</strong></span> <span class='ocrx_word' id='word_1_333' title='bbox 766 5261 887 5317; x_wconf 63' lang='lat' dir='ltr'><strong>quae</strong></span> <span class='ocrx_word' id='word_1_334' title='bbox 917 5244 1196 5302; x_wconf 90' lang='lat' dir='ltr'><strong>Christum</strong></span> <span class='ocrx_word' id='word_1_335' title='bbox 1229 5261 1350 5302; x_wconf 84' lang='lat' dir='ltr'><strong>esse</strong></span> <span class='ocrx_word' id='word_1_336' title='bbox 1382 5245 1788 5301; x_wconf 87' lang='lat' dir='ltr'><strong>misericordem</strong></span> <span class='ocrx_word' id='word_1_337' title='bbox 1815 5245 2103 5304; x_wconf 89' lang='lat' dir='ltr'><strong>Dominum</strong></span> 
     </span>
    </p>
   </div>
   <div class='ocr_carea' id='block_1_69' title="bbox 526 5341 838 5399">
    <p class='ocr_par' dir='ltr' id='par_1_69' title="bbox 526 5341 838 5399">
     <span class='ocr_line' id='line_1_69' title="bbox 526 5341 838 5399; baseline -0.01 0"><span class='ocrx_word' id='word_1_338' title='bbox 526 5341 838 5399; x_wconf 89' lang='lat' dir='ltr'><strong>ostendisti.</strong></span> 
     </span>
    </p>
   </div>
   <div class='ocr_carea' id='block_1_70' title="bbox 598 5431 1886 5503">
    <p class='ocr_par' dir='ltr' id='par_1_70' title="bbox 598 5431 1886 5503">
     <span class='ocr_line' id='line_1_70' title="bbox 598 5431 1886 5503; baseline -0.001 -15"><span class='ocrx_word' id='word_1_339' title='bbox 598 5437 734 5498; x_wconf 90' lang='lat' dir='ltr'><strong>Ave,</strong></span> <span class='ocrx_word' id='word_1_340' title='bbox 764 5446 889 5503; x_wconf 68' lang='lat' dir='ltr'><strong>qua:</strong></span> <span class='ocrx_word' id='word_1_341' title='bbox 913 5447 945 5487; x_wconf 90' lang='lat' dir='ltr'><strong>a</strong></span> <span class='ocrx_word' id='word_1_342' title='bbox 967 5431 1199 5487; x_wconf 82' lang='lat' dir='ltr'><strong>barbara</strong></span> <span class='ocrx_word' id='word_1_343' title='bbox 1230 5431 1619 5502; x_wconf 88' lang='lat' dir='ltr'><strong>superstitione</strong></span> <span class='ocrx_word' id='word_1_344' title='bbox 1651 5433 1886 5489; x_wconf 88' lang='lat' dir='ltr'><strong>redimis.</strong></span> 
     </span>
    </p>
   </div>
   <div class='ocr_carea' id='block_1_71' title="bbox 599 5523 1655 5594">
    <p class='ocr_par' dir='ltr' id='par_1_71' title="bbox 599 5523 1655 5594">
     <span class='ocr_line' id='line_1_71' title="bbox 599 5523 1655 5594; baseline 0 -16"><span class='ocrx_word' id='word_1_345' title='bbox 599 5525 733 5589; x_wconf 85' lang='lat' dir='ltr'><strong>Ave,</strong></span> <span class='ocrx_word' id='word_1_346' title='bbox 757 5535 879 5594; x_wconf 62' lang='lat' dir='ltr'><strong>quae</strong></span> <span class='ocrx_word' id='word_1_347' title='bbox 910 5523 981 5578; x_wconf 89' lang='lat' dir='ltr'><strong>ab</strong></span> <span class='ocrx_word' id='word_1_348' title='bbox 1003 5537 1230 5594; x_wconf 89' lang='lat' dir='ltr'><strong>operum</strong></span> <span class='ocrx_word' id='word_1_349' title='bbox 1257 5539 1414 5578; x_wconf 72' lang='lat' dir='ltr'><strong>coeno</strong></span> <span class='ocrx_word' id='word_1_350' title='bbox 1444 5525 1655 5579; x_wconf 82' lang='lat' dir='ltr'><strong>eximis.</strong></span> 
     </span>
    </p>
   </div>
   <div class='ocr_carea' id='block_1_72' title="bbox 599 5613 1970 5686">
    <p class='ocr_par' dir='ltr' id='par_1_72' title="bbox 599 5613 1970 5686">
     <span class='ocr_line' id='line_1_72' title="bbox 599 5613 1970 5686; baseline 0 -15"><span class='ocrx_word' id='word_1_351' title='bbox 599 5618 734 5681; x_wconf 90' lang='lat' dir='ltr'><strong>Ave,</strong></span> <span class='ocrx_word' id='word_1_352' title='bbox 773 5631 894 5686; x_wconf 71' lang='lat' dir='ltr'><strong>quae</strong></span> <span class='ocrx_word' id='word_1_353' title='bbox 928 5613 1102 5670; x_wconf 84' lang='lat' dir='ltr'><strong>fecisti</strong></span> <span class='ocrx_word' id='word_1_354' title='bbox 1134 5628 1350 5670; x_wconf 85' lang='lat' dir='ltr'><strong>cessare</strong></span> <span class='ocrx_word' id='word_1_355' title='bbox 1374 5615 1513 5684; x_wconf 81' lang='lat' dir='ltr'><strong>ignis</strong></span> <span class='ocrx_word' id='word_1_356' title='bbox 1543 5617 1934 5672; x_wconf 85' lang='lat' dir='ltr'><strong>adorationem.</strong></span> <span class='ocrx_word' id='word_1_357' title='bbox 1963 5633 1970 5638; x_wconf 83' lang='lat'>&#39;</span> 
     </span>
    </p>
   </div>
   <div class='ocr_carea' id='block_1_73' title="bbox 597 5702 1705 5774">
    <p class='ocr_par' dir='ltr' id='par_1_73' title="bbox 597 5702 1705 5774">
     <span class='ocr_line' id='line_1_73' title="bbox 597 5702 1705 5774; baseline 0 -14"><span class='ocrx_word' id='word_1_358' title='bbox 597 5708 730 5770; x_wconf 88' lang='lat' dir='ltr'><strong>Ave,</strong></span> <span class='ocrx_word' id='word_1_359' title='bbox 757 5719 878 5774; x_wconf 78' lang='lat' dir='ltr'><strong>qua:</strong></span> <span class='ocrx_word' id='word_1_360' title='bbox 904 5719 934 5758; x_wconf 92' lang='lat' dir='ltr'><strong>a</strong></span> <span class='ocrx_word' id='word_1_361' title='bbox 963 5703 1174 5759; x_wconf 86' lang='lat' dir='ltr'><strong>flamma</strong></span> <span class='ocrx_word' id='word_1_362' title='bbox 1203 5702 1514 5773; x_wconf 78' lang='lat' dir='ltr'><strong>passionum</strong></span> <span class='ocrx_word' id='word_1_363' title='bbox 1541 5705 1705 5760; x_wconf 70' lang='lat' dir='ltr'><strong>eruis.</strong></span> 
     </span>
    </p>
   </div>
   <div class='ocr_carea' id='block_1_74' title="bbox 598 5798 1809 5869">
    <p class='ocr_par' dir='ltr' id='par_1_74' title="bbox 598 5798 1809 5869">
     <span class='ocr_line' id='line_1_74' title="bbox 598 5798 1809 5869; baseline 0.002 -17"><span class='ocrx_word' id='word_1_364' title='bbox 598 5799 732 5863; x_wconf 86' lang='lat' dir='ltr'><strong>Ave,</strong></span> <span class='ocrx_word' id='word_1_365' title='bbox 762 5798 1000 5854; x_wconf 82' lang='lat' dir='ltr'><strong>ﬁdelium</strong></span> <span class='ocrx_word' id='word_1_366' title='bbox 1037 5798 1412 5868; x_wconf 67' lang='lat' dir='ltr'><strong>temperantia:</strong></span> <span class='ocrx_word' id='word_1_367' title='bbox 1443 5801 1809 5869; x_wconf 77' lang='lat' dir='ltr'><strong>gubernatrix.</strong></span> 
     </span>
    </p>
   </div>
   <div class='ocr_carea' id='block_1_75' title="bbox 2135 4534 2185 4590">
    <p class='ocr_par' dir='ltr' id='par_1_75' title="bbox 2135 4534 2185 4590">
     <span class='ocr_line' id='line_1_75' title="bbox 2135 4534 2185 4590; baseline 0 0"><span class='ocrx_word' id='word_1_368' title='bbox 2135 4534 2185 4590; x_wconf 89' lang='lat' dir='ltr'><strong>D</strong></span> 
     </span>
    </p>
   </div>
   <div class='ocr_carea' id='block_1_76' title="bbox 2287 1837 2620 1910">
    <p class='ocr_par' dir='ltr' id='par_1_76' title="bbox 2287 1837 2620 1910">
     <span class='ocr_line' id='line_1_76' title="bbox 2287 1837 2620 1910; baseline 0.003 -18"><span class='ocrx_word' id='word_1_369' title='bbox 2287 1837 2620 1910; x_wconf 84' lang='grc' dir='ltr'>Ἀλληλούῖα.</span> 
     </span>
    </p>
   </div>
   <div class='ocr_carea' id='block_1_77' title="bbox 2281 1928 3778 2002">
    <p class='ocr_par' dir='ltr' id='par_1_77' title="bbox 2281 1928 3778 2002">
     <span class='ocr_line' id='line_1_77' title="bbox 2281 1928 3778 2002; baseline -0.004 -16"><span class='ocrx_word' id='word_1_370' title='bbox 2281 1934 2558 1987; x_wconf 86' lang='grc' dir='ltr'>Ἤκουσαν</span> <span class='ocrx_word' id='word_1_371' title='bbox 2579 1933 2628 1985; x_wconf 83' lang='grc' dir='ltr'>οἱ</span> <span class='ocrx_word' id='word_1_372' title='bbox 2660 1930 2912 2002; x_wconf 80' lang='grc' dir='ltr'>ποιμένες</span> <span class='ocrx_word' id='word_1_373' title='bbox 2932 1929 3039 1983; x_wconf 92' lang='grc' dir='ltr'><strong>τῶν</strong></span> <span class='ocrx_word' id='word_1_374' title='bbox 3062 1929 3306 1998; x_wconf 84' lang='grc' dir='ltr'>ἀγγέλων</span> <span class='ocrx_word' id='word_1_375' title='bbox 3351 1928 3664 1998; x_wconf 79' lang='grc' dir='ltr'><strong>ὑμνούντων</strong></span> <span class='ocrx_word' id='word_1_376' title='bbox 3689 1930 3778 1998; x_wconf 75' lang='grc' dir='ltr'>τὴν</span> 
     </span>
    </p>
   </div>
   <div class='ocr_carea' id='block_1_78' title="bbox 2206 2019 3777 2098">
    <p class='ocr_par' dir='ltr' id='par_1_78' title="bbox 2206 2019 3777 2098">
     <span class='ocr_line' id='line_1_78' title="bbox 2206 2019 3777 2098; baseline -0.008 -17"><span class='ocrx_word' id='word_1_377' title='bbox 2206 2028 2468 2098; x_wconf 83' lang='grc' dir='ltr'>ἐνσαρκον</span> <span class='ocrx_word' id='word_1_378' title='bbox 2513 2023 2751 2098; x_wconf 85' lang='grc' dir='ltr'>Χριστοῦ</span> <span class='ocrx_word' id='word_1_379' title='bbox 2801 2022 3143 2094; x_wconf 75' lang='grc' dir='ltr'>παρουσίαν·</span> <span class='ocrx_word' id='word_1_380' title='bbox 3192 2021 3287 2074; x_wconf 78' lang='grc' dir='ltr'>καὶ</span> <span class='ocrx_word' id='word_1_381' title='bbox 3329 2019 3648 2090; x_wconf 80' lang='grc' dir='ltr'>δραμόντες,</span> <span class='ocrx_word' id='word_1_382' title='bbox 3711 2020 3777 2081; x_wconf 79' lang='grc' dir='ltr'>ὡς</span> 
     </span>
    </p>
   </div>
   <div class='ocr_carea' id='block_1_79' title="bbox 2208 2111 3778 2191">
    <p class='ocr_par' dir='ltr' id='par_1_79' title="bbox 2208 2111 3778 2191">
     <span class='ocr_line' id='line_1_79' title="bbox 2208 2111 3778 2191; baseline -0.01 -16"><span class='ocrx_word' id='word_1_383' title='bbox 2208 2121 2343 2191; x_wconf 85' lang='grc' dir='ltr'>πρὸς</span> <span class='ocrx_word' id='word_1_384' title='bbox 2374 2118 2625 2189; x_wconf 83' lang='grc' dir='ltr'>ποιμένα,</span> <span class='ocrx_word' id='word_1_385' title='bbox 2655 2115 2920 2188; x_wconf 82' lang='grc' dir='ltr'>θεωροῦσι</span> <span class='ocrx_word' id='word_1_386' title='bbox 2977 2113 3186 2179; x_wconf 87' lang='grc' dir='ltr'>τοῦτον,</span> <span class='ocrx_word' id='word_1_387' title='bbox 3213 2111 3290 2176; x_wconf 83' lang='grc' dir='ltr'>ὡς</span> <span class='ocrx_word' id='word_1_388' title='bbox 3310 2112 3482 2182; x_wconf 83' lang='grc' dir='ltr'>ἀμνὸν</span> <span class='ocrx_word' id='word_1_389' title='bbox 3552 2111 3778 2181; x_wconf 76' lang='grc' dir='ltr'>ἄμωμον</span> 
     </span>
    </p>
   </div>
   <div class='ocr_carea' id='block_1_80' title="bbox 2209 2199 3777 2284">
    <p class='ocr_par' dir='ltr' id='par_1_80' title="bbox 2209 2199 3777 2284">
     <span class='ocr_line' id='line_1_80' title="bbox 2209 2199 3777 2284; baseline -0.009 -16"><span class='ocrx_word' id='word_1_390' title='bbox 2209 2217 2266 2268; x_wconf 85' lang='grc' dir='ltr'><strong>ἐν</strong></span> <span class='ocrx_word' id='word_1_391' title='bbox 2289 2215 2353 2284; x_wconf 88' lang='grc' dir='ltr'>τῇ</span> <span class='ocrx_word' id='word_1_392' title='bbox 2383 2211 2583 2282; x_wconf 80' lang='grc' dir='ltr'>γαστρὶ</span> <span class='ocrx_word' id='word_1_393' title='bbox 2601 2208 2819 2282; x_wconf 77' lang='grc' dir='ltr'>Μαρίας</span> <span class='ocrx_word' id='word_1_394' title='bbox 2855 2206 3210 2278; x_wconf 82' lang='grc' dir='ltr'>βοσκηθέντα,</span> <span class='ocrx_word' id='word_1_395' title='bbox 3242 2207 3307 2277; x_wconf 79' lang='grc' dir='ltr'>ἣν</span> <span class='ocrx_word' id='word_1_396' title='bbox 3356 2201 3656 2274; x_wconf 84' lang='grc' dir='ltr'>ὑμνοῦντες</span> <span class='ocrx_word' id='word_1_397' title='bbox 3705 2199 3777 2254; x_wconf 81' lang='grc' dir='ltr'><strong>εἷ-</strong></span> 
     </span>
    </p>
   </div>
   <div class='ocr_carea' id='block_1_81' title="bbox 2209 2325 2344 2362">
    <p class='ocr_par' dir='ltr' id='par_1_81' title="bbox 2209 2325 2344 2362">
     <span class='ocr_line' id='line_1_81' title="bbox 2209 2325 2344 2362; baseline 0.015 -2"><span class='ocrx_word' id='word_1_398' title='bbox 2209 2325 2309 2362; x_wconf 87' lang='grc' dir='ltr'><strong>πον</strong></span> <span class='ocrx_word' id='word_1_399' title='bbox 2331 2325 2344 2339; x_wconf 86' lang='grc'><strong><em>⁸</em></strong></span> 
     </span>
    </p>
   </div>
   <div class='ocr_carea' id='block_1_82' title="bbox 2279 2392 3354 2472">
    <p class='ocr_par' dir='ltr' id='par_1_82' title="bbox 2279 2392 3354 2472">
     <span class='ocr_line' id='line_1_82' title="bbox 2279 2392 3354 2472; baseline -0.01 -18"><span class='ocrx_word' id='word_1_400' title='bbox 2279 2401 2470 2472; x_wconf 81' lang='grc' dir='ltr'>Χαῖρε,</span> <span class='ocrx_word' id='word_1_401' title='bbox 2514 2395 2710 2470; x_wconf 81' lang='grc' dir='ltr'>Ἀμνοῦ</span> <span class='ocrx_word' id='word_1_402' title='bbox 2734 2396 2826 2450; x_wconf 73' lang='grc' dir='ltr'>καὶ</span> <span class='ocrx_word' id='word_1_403' title='bbox 2856 2394 3120 2464; x_wconf 83' lang='grc' dir='ltr'>Ποιμένος</span> <span class='ocrx_word' id='word_1_404' title='bbox 3149 2392 3354 2463; x_wconf 83' lang='grc' dir='ltr'>μήτηρ.</span> 
     </span>
    </p>
   </div>
   <div class='ocr_carea' id='block_1_83' title="bbox 2280 2487 3235 2566">
    <p class='ocr_par' dir='ltr' id='par_1_83' title="bbox 2280 2487 3235 2566">
     <span class='ocr_line' id='line_1_83' title="bbox 2280 2487 3235 2566; baseline -0.012 -17"><span class='ocrx_word' id='word_1_405' title='bbox 2280 2496 2472 2566; x_wconf 83' lang='grc' dir='ltr'>Χαῖρε,</span> <span class='ocrx_word' id='word_1_406' title='bbox 2503 2490 2642 2562; x_wconf 80' lang='grc' dir='ltr'>αὐλὴ</span> <span class='ocrx_word' id='word_1_407' title='bbox 2667 2488 2901 2559; x_wconf 85' lang='grc' dir='ltr'>λογικῶν</span> <span class='ocrx_word' id='word_1_408' title='bbox 2931 2487 3235 2559; x_wconf 82' lang='grc' dir='ltr'>προϐάτων.</span> 
     </span>
    </p>
   </div>
   <div class='ocr_carea' id='block_1_84' title="bbox 2279 2579 3366 2657">
    <p class='ocr_par' dir='ltr' id='par_1_84' title="bbox 2279 2579 3366 2657">
     <span class='ocr_line' id='line_1_84' title="bbox 2279 2579 3366 2657; baseline -0.007 -15"><span class='ocrx_word' id='word_1_409' title='bbox 2279 2589 2472 2657; x_wconf 87' lang='grc' dir='ltr'>Χαῖρε,</span> <span class='ocrx_word' id='word_1_410' title='bbox 2501 2584 2745 2656; x_wconf 81' lang='grc' dir='ltr'>ἀοράτων</span> <span class='ocrx_word' id='word_1_411' title='bbox 2771 2580 2982 2652; x_wconf 78' lang='grc' dir='ltr'>ἐχθρῶν</span> <span class='ocrx_word' id='word_1_412' title='bbox 3011 2579 3366 2650; x_wconf 84' lang='grc' dir='ltr'>ἀμυντήριον.</span> 
     </span>
    </p>
   </div>
   <div class='ocr_carea' id='block_1_85' title="bbox 2280 2671 3441 2748">
    <p class='ocr_par' dir='ltr' id='par_1_85' title="bbox 2280 2671 3441 2748">
     <span class='ocr_line' id='line_1_85' title="bbox 2280 2671 3441 2748; baseline -0.009 -14"><span class='ocrx_word' id='word_1_413' title='bbox 2280 2681 2475 2747; x_wconf 85' lang='grc' dir='ltr'>Χαῖρε,</span> <span class='ocrx_word' id='word_1_414' title='bbox 2508 2674 2836 2748; x_wconf 76' lang='grc' dir='ltr'>παραδείσου</span> <span class='ocrx_word' id='word_1_415' title='bbox 2868 2671 3050 2742; x_wconf 88' lang='grc' dir='ltr'>θυρῶν</span> <span class='ocrx_word' id='word_1_416' title='bbox 3077 2671 3441 2740; x_wconf 85' lang='grc' dir='ltr'>ἀνοικτήριον.</span> 
     </span>
    </p>
   </div>
   <div class='ocr_carea' id='block_1_86' title="bbox 2285 2762 3610 2844">
    <p class='ocr_par' dir='ltr' id='par_1_86' title="bbox 2285 2762 3610 2844">
     <span class='ocr_line' id='line_1_86' title="bbox 2285 2762 3610 2844; baseline -0.011 -18"><span class='ocrx_word' id='word_1_417' title='bbox 2285 2773 2476 2844; x_wconf 89' lang='grc' dir='ltr'>Χαῖρε,</span> <span class='ocrx_word' id='word_1_418' title='bbox 2509 2771 2590 2824; x_wconf 85' lang='grc' dir='ltr'>ὅτι</span> <span class='ocrx_word' id='word_1_419' title='bbox 2615 2769 2684 2823; x_wconf 86' lang='grc' dir='ltr'><strong>τὰ</strong></span> <span class='ocrx_word' id='word_1_420' title='bbox 2705 2766 2934 2838; x_wconf 83' lang='grc' dir='ltr'>οὐράνια</span> <span class='ocrx_word' id='word_1_421' title='bbox 2965 2763 3388 2833; x_wconf 83' lang='grc' dir='ltr'>συναγάλλονται</span> <span class='ocrx_word' id='word_1_422' title='bbox 3415 2763 3483 2832; x_wconf 79' lang='grc' dir='ltr'><strong>τῇ</strong></span> <span class='ocrx_word' id='word_1_423' title='bbox 3514 2762 3610 2830; x_wconf 81' lang='grc' dir='ltr'><strong>γῇ.</strong></span> 
     </span>
    </p>
   </div>
   <div class='ocr_carea' id='block_1_87' title="bbox 2281 2853 3559 2935">
    <p class='ocr_par' dir='ltr' id='par_1_87' title="bbox 2281 2853 3559 2935">
     <span class='ocr_line' id='line_1_87' title="bbox 2281 2853 3559 2935; baseline -0.01 -16"><span class='ocrx_word' id='word_1_424' title='bbox 2281 2865 2474 2935; x_wconf 84' lang='grc' dir='ltr'>Χαῖρε,</span> <span class='ocrx_word' id='word_1_425' title='bbox 2496 2864 2580 2918; x_wconf 83' lang='grc' dir='ltr'><strong>ὅτι</strong></span> <span class='ocrx_word' id='word_1_426' title='bbox 2612 2862 2681 2916; x_wconf 84' lang='grc' dir='ltr'><strong>τά</strong></span> <span class='ocrx_word' id='word_1_427' title='bbox 2705 2859 2924 2926; x_wconf 80' lang='grc' dir='ltr'>ἐπίγεια</span> <span class='ocrx_word' id='word_1_428' title='bbox 2947 2854 3264 2928; x_wconf 87' lang='grc' dir='ltr'>συγχορεύει</span> <span class='ocrx_word' id='word_1_429' title='bbox 3285 2853 3559 2923; x_wconf 80' lang='grc' dir='ltr'>οὐρανοῖς.</span> 
     </span>
    </p>
   </div>
   <div class='ocr_carea' id='block_1_88' title="bbox 2283 2946 3558 3030">
    <p class='ocr_par' dir='ltr' id='par_1_88' title="bbox 2283 2946 3558 3030">
     <span class='ocr_line' id='line_1_88' title="bbox 2283 2946 3558 3030; baseline -0.013 -17"><span class='ocrx_word' id='word_1_430' title='bbox 2283 2959 2474 3030; x_wconf 87' lang='grc' dir='ltr'>Χαῖρε,</span> <span class='ocrx_word' id='word_1_431' title='bbox 2505 2957 2612 3010; x_wconf 86' lang='grc' dir='ltr'><strong>τῶν</strong></span> <span class='ocrx_word' id='word_1_432' title='bbox 2642 2953 2954 3013; x_wconf 84' lang='grc' dir='ltr'>ἀποστόλων</span> <span class='ocrx_word' id='word_1_433' title='bbox 2978 2951 3040 3003; x_wconf 78' lang='grc' dir='ltr'>τὸ</span> <span class='ocrx_word' id='word_1_434' title='bbox 3067 2950 3324 3017; x_wconf 85' lang='grc' dir='ltr'>ἀσίγητον</span> <span class='ocrx_word' id='word_1_435' title='bbox 3360 2946 3558 3016; x_wconf 87' lang='grc' dir='ltr'>στόμα.</span> 
     </span>
    </p>
   </div>
   <div class='ocr_carea' id='block_1_89' title="bbox 2283 3033 3562 3123">
    <p class='ocr_par' dir='ltr' id='par_1_89' title="bbox 2283 3033 3562 3123">
     <span class='ocr_line' id='line_1_89' title="bbox 2283 3033 3562 3123; baseline -0.014 -16"><span class='ocrx_word' id='word_1_436' title='bbox 2283 3053 2477 3123; x_wconf 80' lang='grc' dir='ltr'>Χαῖρε,</span> <span class='ocrx_word' id='word_1_437' title='bbox 2505 3051 2613 3103; x_wconf 89' lang='grc' dir='ltr'><strong>τῶν</strong></span> <span class='ocrx_word' id='word_1_438' title='bbox 2645 3033 2957 3116; x_wconf 74' lang='grc' dir='ltr'>ἀθλοφόρων</span> <span class='ocrx_word' id='word_1_439' title='bbox 2977 3045 3037 3096; x_wconf 82' lang='grc' dir='ltr'>τὸ</span> <span class='ocrx_word' id='word_1_440' title='bbox 3063 3043 3317 3110; x_wconf 77' lang='grc' dir='ltr'>ἀνίκητον</span> <span class='ocrx_word' id='word_1_441' title='bbox 3342 3039 3562 3109; x_wconf 85' lang='grc' dir='ltr'>θάρσος.</span> 
     </span>
    </p>
   </div>
   <div class='ocr_carea' id='block_1_90' title="bbox 2277 3132 3404 3217">
    <p class='ocr_par' dir='ltr' id='par_1_90' title="bbox 2277 3132 3404 3217">
     <span class='ocr_line' id='line_1_90' title="bbox 2277 3132 3404 3217; baseline -0.016 -16"><span class='ocrx_word' id='word_1_442' title='bbox 2277 3147 2472 3217; x_wconf 84' lang='grc' dir='ltr'>Χαῖρε,</span> <span class='ocrx_word' id='word_1_443' title='bbox 2509 3141 2734 3214; x_wconf 76' lang='grc' dir='ltr'>στερρὸν</span> <span class='ocrx_word' id='word_1_444' title='bbox 2761 3141 2861 3210; x_wconf 82' lang='grc' dir='ltr'>τῆς</span> <span class='ocrx_word' id='word_1_445' title='bbox 2888 3137 3123 3198; x_wconf 85' lang='grc' dir='ltr'>πίστεως</span> <span class='ocrx_word' id='word_1_446' title='bbox 3152 3132 3404 3204; x_wconf 77' lang='grc' dir='ltr'>ἔρεισμα.</span> 
     </span>
    </p>
   </div>
   <div class='ocr_carea' id='block_1_91' title="bbox 2282 3224 3450 3309">
    <p class='ocr_par' dir='ltr' id='par_1_91' title="bbox 2282 3224 3450 3309">
     <span class='ocr_line' id='line_1_91' title="bbox 2282 3224 3450 3309; baseline -0.015 -17"><span class='ocrx_word' id='word_1_447' title='bbox 2282 3239 2472 3309; x_wconf 86' lang='grc' dir='ltr'>Χαῖρε,</span> <span class='ocrx_word' id='word_1_448' title='bbox 2499 3234 2747 3307; x_wconf 85' lang='grc' dir='ltr'>λαμπρὸν</span> <span class='ocrx_word' id='word_1_449' title='bbox 2779 3231 2878 3301; x_wconf 86' lang='grc' dir='ltr'>τῆς</span> <span class='ocrx_word' id='word_1_450' title='bbox 2898 3230 3118 3300; x_wconf 89' lang='grc' dir='ltr'>χάριτος</span> <span class='ocrx_word' id='word_1_451' title='bbox 3140 3224 3450 3296; x_wconf 86' lang='grc' dir='ltr'>γνώρισμα.</span> 
     </span>
    </p>
   </div>
   <div class='ocr_carea' id='block_1_92' title="bbox 2281 3318 3206 3402">
    <p class='ocr_par' dir='ltr' id='par_1_92' title="bbox 2281 3318 3206 3402">
     <span class='ocr_line' id='line_1_92' title="bbox 2281 3318 3206 3402; baseline -0.016 -19"><span class='ocrx_word' id='word_1_452' title='bbox 2281 3328 2471 3402; x_wconf 83' lang='grc' dir='ltr'>Χαῖρε,</span> <span class='ocrx_word' id='word_1_453' title='bbox 2503 3327 2568 3382; x_wconf 90' lang='grc' dir='ltr'>δι’</span> <span class='ocrx_word' id='word_1_454' title='bbox 2589 3319 2655 3398; x_wconf 85' lang='grc' dir='ltr'>ἦς</span> <span class='ocrx_word' id='word_1_455' title='bbox 2689 3320 2978 3393; x_wconf 77' lang='grc' dir='ltr'>ἐγυμνώθη</span> <span class='ocrx_word' id='word_1_456' title='bbox 3001 3322 3028 3372; x_wconf 86' lang='grc' dir='ltr'><strong>δ</strong></span> <span class='ocrx_word' id='word_1_457' title='bbox 3055 3318 3206 3389; x_wconf 70' lang='grc' dir='ltr'>ᾅδης.</span> 
     </span>
    </p>
   </div>
   <div class='ocr_carea' id='block_1_93' title="bbox 2279 3409 3233 3491">
    <p class='ocr_par' dir='ltr' id='par_1_93' title="bbox 2279 3409 3233 3491">
     <span class='ocr_line' id='line_1_93' title="bbox 2279 3409 3233 3491; baseline -0.013 -16"><span class='ocrx_word' id='word_1_458' title='bbox 2279 3421 2472 3491; x_wconf 85' lang='grc' dir='ltr'>Χαῖρε,</span> <span class='ocrx_word' id='word_1_459' title='bbox 2507 3419 2572 3472; x_wconf 83' lang='grc' dir='ltr'>δι’</span> <span class='ocrx_word' id='word_1_460' title='bbox 2606 3412 2674 3491; x_wconf 83' lang='grc' dir='ltr'>ἦς</span> <span class='ocrx_word' id='word_1_461' title='bbox 2702 3413 3026 3484; x_wconf 76' lang='grc' dir='ltr'>ἐνεδύθημεν</span> <span class='ocrx_word' id='word_1_462' title='bbox 3059 3409 3233 3474; x_wconf 76' lang='grc' dir='ltr'>δόξαν.</span> 
     </span>
    </p>
   </div>
   <div class='ocr_carea' id='block_1_94' title="bbox 2280 3501 3054 3580">
    <p class='ocr_par' dir='ltr' id='par_1_94' title="bbox 2280 3501 3054 3580">
     <span class='ocr_line' id='line_1_94' title="bbox 2280 3501 3054 3580; baseline -0.01 -16"><span class='ocrx_word' id='word_1_463' title='bbox 2280 3501 2684 3580; x_wconf 80' lang='grc' dir='ltr'>Χαῖρε,νύμφη</span> <span class='ocrx_word' id='word_1_464' title='bbox 2725 3503 3054 3573; x_wconf 83' lang='grc' dir='ltr'>ἀνύμφευτε.</span> 
     </span>
    </p>
   </div>
   <div class='ocr_carea' id='block_1_95' title="bbox 2281 3588 3775 3674">
    <p class='ocr_par' dir='ltr' id='par_1_95' title="bbox 2281 3588 3775 3674">
     <span class='ocr_line' id='line_1_95' title="bbox 2281 3588 3775 3674; baseline -0.013 -16"><span class='ocrx_word' id='word_1_465' title='bbox 2281 3602 2585 3674; x_wconf 86' lang='grc' dir='ltr'>Θεοδρόμον</span> <span class='ocrx_word' id='word_1_466' title='bbox 2611 3598 2818 3669; x_wconf 83' lang='grc' dir='ltr'>ἀστέρα</span> <span class='ocrx_word' id='word_1_467' title='bbox 2845 3596 3222 3667; x_wconf 82' lang='grc' dir='ltr'>θεωρήσαντες</span> <span class='ocrx_word' id='word_1_468' title='bbox 3251 3591 3456 3660; x_wconf 86' lang='grc' dir='ltr'>Μάγοι,</span> <span class='ocrx_word' id='word_1_469' title='bbox 3489 3591 3557 3660; x_wconf 80' lang='grc' dir='ltr'>τῇ</span> <span class='ocrx_word' id='word_1_470' title='bbox 3590 3588 3775 3641; x_wconf 75' lang='grc' dir='ltr'>τούτου</span> 
     </span>
    </p>
   </div>
   <div class='ocr_carea' id='block_1_96' title="bbox 2211 3681 3779 3769">
    <p class='ocr_par' dir='ltr' id='par_1_96' title="bbox 2211 3681 3779 3769">
     <span class='ocr_line' id='line_1_96' title="bbox 2211 3681 3779 3769; baseline -0.013 -18"><span class='ocrx_word' id='word_1_471' title='bbox 2211 3695 2585 3769; x_wconf 76' lang='grc' dir='ltr'>ἠκολούθησαν</span> <span class='ocrx_word' id='word_1_472' title='bbox 2629 3691 2825 3762; x_wconf 80' lang='grc' dir='ltr'>αἴγλῃ·</span> <span class='ocrx_word' id='word_1_473' title='bbox 2859 3688 2954 3741; x_wconf 78' lang='grc' dir='ltr'>καὶ</span> <span class='ocrx_word' id='word_1_474' title='bbox 2977 3687 3052 3748; x_wconf 86' lang='grc' dir='ltr'>ὼς</span> <span class='ocrx_word' id='word_1_475' title='bbox 3099 3683 3288 3753; x_wconf 81' lang='grc' dir='ltr'>λύχνον</span> <span class='ocrx_word' id='word_1_476' title='bbox 3326 3682 3658 3754; x_wconf 84' lang='grc' dir='ltr'>κρατοῦντες</span> <span class='ocrx_word' id='word_1_477' title='bbox 3687 3681 3779 3732; x_wconf 65' lang='lat' dir='ltr'><strong>ati-</strong></span> 
     </span>
    </p>
   </div>
   <div class='ocr_carea' id='block_1_97' title="bbox 2210 3774 3778 3856">
    <p class='ocr_par' dir='ltr' id='par_1_97' title="bbox 2210 3774 3778 3856">
     <span class='ocr_line' id='line_1_97' title="bbox 2210 3774 3778 3856; baseline -0.013 -13"><span class='ocrx_word' id='word_1_478' title='bbox 2210 3791 2321 3854; x_wconf 79' lang='grc' dir='ltr'>τὸν,</span> <span class='ocrx_word' id='word_1_479' title='bbox 2379 3787 2444 3842; x_wconf 85' lang='grc' dir='ltr'>δι’</span> <span class='ocrx_word' id='word_1_480' title='bbox 2493 3785 2655 3840; x_wconf 80' lang='grc' dir='ltr'>αὑτοῦ</span> <span class='ocrx_word' id='word_1_481' title='bbox 2708 3781 2970 3856; x_wconf 75' lang='grc' dir='ltr'>ἠρεύνων</span> <span class='ocrx_word' id='word_1_482' title='bbox 3023 3777 3284 3851; x_wconf 76' lang='grc' dir='ltr'>κραταιὸν</span> <span class='ocrx_word' id='word_1_483' title='bbox 3345 3777 3631 3828; x_wconf 77' lang='grc' dir='ltr'>Ἄνακτα·</span> <span class='ocrx_word' id='word_1_484' title='bbox 3693 3774 3778 3824; x_wconf 72' lang='grc' dir='ltr'>καὶ</span> 
     </span>
    </p>
   </div>
   <div class='ocr_carea' id='block_1_98' title="bbox 2212 3866 3774 3952">
    <p class='ocr_par' dir='ltr' id='par_1_98' title="bbox 2212 3866 3774 3952">
     <span class='ocr_line' id='line_1_98' title="bbox 2212 3866 3774 3952; baseline -0.013 -16"><span class='ocrx_word' id='word_1_485' title='bbox 2212 3881 2514 3952; x_wconf 80' lang='grc' dir='ltr'>φθάσαντες</span> <span class='ocrx_word' id='word_1_486' title='bbox 2539 3878 2632 3932; x_wconf 82' lang='grc' dir='ltr'>τὸν</span> <span class='ocrx_word' id='word_1_487' title='bbox 2662 3875 2960 3944; x_wconf 75' lang='grc' dir='ltr'>ἄφθαστον,</span> <span class='ocrx_word' id='word_1_488' title='bbox 2989 3871 3282 3942; x_wconf 86' lang='grc' dir='ltr'>ἐχάρησαν,</span> <span class='ocrx_word' id='word_1_489' title='bbox 3318 3867 3466 3938; x_wconf 82' lang='grc' dir='ltr'>αὐτῷ</span> <span class='ocrx_word' id='word_1_490' title='bbox 3499 3866 3728 3936; x_wconf 79' lang='grc' dir='ltr'>βοῶντες</span> <span class='ocrx_word' id='word_1_491' title='bbox 3763 3879 3774 3892; x_wconf 90' lang='grc'><strong>·</strong></span> 
     </span>
    </p>
   </div>
   <div class='ocr_carea' id='block_1_99' title="bbox 2281 4057 2616 4132">
    <p class='ocr_par' dir='ltr' id='par_1_99' title="bbox 2281 4057 2616 4132">
     <span class='ocr_line' id='line_1_99' title="bbox 2281 4057 2616 4132; baseline -0.009 -17"><span class='ocrx_word' id='word_1_492' title='bbox 2281 4057 2616 4132; x_wconf 82' lang='grc' dir='ltr'>Ἀλληλούῖα.</span> 
     </span>
    </p>
   </div>
   <div class='ocr_carea' id='block_1_100' title="bbox 2285 4135 3780 4214">
    <p class='ocr_par' dir='ltr' id='par_1_100' title="bbox 2285 4135 3780 4214">
     <span class='ocr_line' id='line_1_100' title="bbox 2285 4135 3780 4214; baseline -0.017 -4"><span class='ocrx_word' id='word_1_493' title='bbox 2285 4154 2422 4210; x_wconf 83' lang='grc' dir='ltr'>Ἰδον</span> <span class='ocrx_word' id='word_1_494' title='bbox 2451 4151 2637 4213; x_wconf 88' lang='grc' dir='ltr'>παῖδες</span> <span class='ocrx_word' id='word_1_495' title='bbox 2667 4146 2949 4202; x_wconf 85' lang='grc' dir='ltr'>Χαλδαίων</span> <span class='ocrx_word' id='word_1_496' title='bbox 2977 4145 3037 4197; x_wconf 91' lang='grc' dir='ltr'><strong>ἐν</strong></span> <span class='ocrx_word' id='word_1_497' title='bbox 3068 4141 3224 4214; x_wconf 75' lang='grc' dir='ltr'>χερσὶ</span> <span class='ocrx_word' id='word_1_498' title='bbox 3260 4140 3355 4211; x_wconf 80' lang='grc' dir='ltr'>τῆς</span> <span class='ocrx_word' id='word_1_499' title='bbox 3384 4136 3669 4208; x_wconf 81' lang='grc' dir='ltr'>Παρθένου</span> <span class='ocrx_word' id='word_1_500' title='bbox 3699 4135 3780 4186; x_wconf 71' lang='grc' dir='ltr'><strong>τὸν</strong></span> 
     </span>
    </p>
   </div>
   <div class='ocr_carea' id='block_1_101' title="bbox 2210 4226 3780 4313">
    <p class='ocr_par' dir='ltr' id='par_1_101' title="bbox 2210 4226 3780 4313">
     <span class='ocr_line' id='line_1_101' title="bbox 2210 4226 3780 4313; baseline -0.018 -9"><span class='ocrx_word' id='word_1_501' title='bbox 2210 4251 2490 4305; x_wconf 90' lang='grc' dir='ltr'>πλάσαντα</span> <span class='ocrx_word' id='word_1_502' title='bbox 2513 4245 2656 4313; x_wconf 85' lang='grc' dir='ltr'>χειρὶ</span> <span class='ocrx_word' id='word_1_503' title='bbox 2680 4241 2805 4305; x_wconf 77' lang='grc' dir='ltr'>τοὺς</span> <span class='ocrx_word' id='word_1_504' title='bbox 2827 4237 3163 4309; x_wconf 85' lang='grc' dir='ltr'>ἀνθρώπους,</span> <span class='ocrx_word' id='word_1_505' title='bbox 3190 4235 3283 4289; x_wconf 72' lang='grc' dir='ltr'>καὶ</span> <span class='ocrx_word' id='word_1_506' title='bbox 3309 4231 3589 4299; x_wconf 82' lang='grc' dir='ltr'>Δεσπότην</span> <span class='ocrx_word' id='word_1_507' title='bbox 3610 4226 3780 4281; x_wconf 80' lang='grc' dir='ltr'>νοοῦνο</span> 
     </span>
    </p>
   </div>
   <div class='ocr_carea' id='block_1_102' title="bbox 2209 4318 3780 4406">
    <p class='ocr_par' dir='ltr' id='par_1_102' title="bbox 2209 4318 3780 4406">
     <span class='ocr_line' id='line_1_102' title="bbox 2209 4318 3780 4406; baseline -0.018 -10"><span class='ocrx_word' id='word_1_508' title='bbox 2209 4359 2301 4406; x_wconf 88' lang='grc' dir='ltr'><strong>τες</strong></span> <span class='ocrx_word' id='word_1_509' title='bbox 2330 4338 2514 4404; x_wconf 82' lang='grc' dir='ltr'>αὐτὸν,</span> <span class='ocrx_word' id='word_1_510' title='bbox 2567 4338 2616 4389; x_wconf 89' lang='grc' dir='ltr'>εἰ</span> <span class='ocrx_word' id='word_1_511' title='bbox 2670 4333 2766 4387; x_wconf 74' lang='grc' dir='ltr'>καὶ</span> <span class='ocrx_word' id='word_1_512' title='bbox 2796 4318 2984 4384; x_wconf 89' lang='grc' dir='ltr'>δούλου</span> <span class='ocrx_word' id='word_1_513' title='bbox 3037 4325 3197 4379; x_wconf 77' lang='grc' dir='ltr'>ἔλαϐε</span> <span class='ocrx_word' id='word_1_514' title='bbox 3237 4320 3473 4395; x_wconf 76' lang='grc' dir='ltr'>μορφὴν,</span> <span class='ocrx_word' id='word_1_515' title='bbox 3510 4318 3780 4372; x_wconf 76' lang='grc' dir='ltr'>ἔσπευσαν</span> 
     </span>
    </p>
   </div>
   <div class='ocr_carea' id='block_1_103' title="bbox 2208 4411 3777 4501">
    <p class='ocr_par' dir='ltr' id='par_1_103' title="bbox 2208 4411 3777 4501">
     <span class='ocr_line' id='line_1_103' title="bbox 2208 4411 3777 4501; baseline -0.018 -13"><span class='ocrx_word' id='word_1_516' title='bbox 2208 4435 2320 4497; x_wconf 85' lang='grc' dir='ltr'>τοῖς</span> <span class='ocrx_word' id='word_1_517' title='bbox 2348 4429 2539 4501; x_wconf 86' lang='grc' dir='ltr'>δώροις</span> <span class='ocrx_word' id='word_1_518' title='bbox 2567 4422 2929 4500; x_wconf 88' lang='grc' dir='ltr'>θεραπεῦσαι,</span> <span class='ocrx_word' id='word_1_519' title='bbox 2968 4420 3063 4475; x_wconf 69' lang='grc' dir='ltr'>καὶ</span> <span class='ocrx_word' id='word_1_520' title='bbox 3095 4417 3283 4489; x_wconf 84' lang='grc' dir='ltr'>βοῆσαι</span> <span class='ocrx_word' id='word_1_521' title='bbox 3312 4417 3375 4486; x_wconf 81' lang='grc' dir='ltr'>τῇ</span> <span class='ocrx_word' id='word_1_522' title='bbox 3407 4411 3745 4481; x_wconf 68' lang='grc' dir='ltr'>εὐλογημένη</span> <span class='ocrx_word' id='word_1_523' title='bbox 3765 4441 3777 4453; x_wconf 79' lang='lat'><strong>-</strong></span> 
     </span>
    </p>
   </div>
   <div class='ocr_carea' id='block_1_104' title="bbox 2280 4604 3183 4683">
    <p class='ocr_par' dir='ltr' id='par_1_104' title="bbox 2280 4604 3183 4683">
     <span class='ocr_line' id='line_1_104' title="bbox 2280 4604 3183 4683; baseline -0.02 -13"><span class='ocrx_word' id='word_1_524' title='bbox 2280 4616 2473 4683; x_wconf 87' lang='grc' dir='ltr'>Χαῖρε,</span> <span class='ocrx_word' id='word_1_525' title='bbox 2501 4609 2734 4681; x_wconf 80' lang='grc' dir='ltr'>ἀστέρος</span> <span class='ocrx_word' id='word_1_526' title='bbox 2761 4605 2954 4660; x_wconf 87' lang='grc' dir='ltr'>ἀδύτου</span> <span class='ocrx_word' id='word_1_527' title='bbox 2983 4604 3183 4672; x_wconf 77' lang='grc' dir='ltr'>μήτηρ.</span> 
     </span>
    </p>
   </div>
   <div class='ocr_carea' id='block_1_105' title="bbox 2280 4694 3204 4776">
    <p class='ocr_par' dir='ltr' id='par_1_105' title="bbox 2280 4694 3204 4776">
     <span class='ocr_line' id='line_1_105' title="bbox 2280 4694 3204 4776; baseline -0.018 -16"><span class='ocrx_word' id='word_1_528' title='bbox 2280 4707 2482 4776; x_wconf 68' lang='grc' dir='ltr'>Χαῖρε,</span> <span class='ocrx_word' id='word_1_529' title='bbox 2504 4701 2647 4771; x_wconf 83' lang='grc' dir='ltr'>αὐγὴ</span> <span class='ocrx_word' id='word_1_530' title='bbox 2682 4695 2946 4770; x_wconf 79' lang='grc' dir='ltr'>μυστικῆς</span> <span class='ocrx_word' id='word_1_531' title='bbox 2974 4694 3204 4764; x_wconf 81' lang='grc' dir='ltr'>ἡμέρας.</span> 
     </span>
    </p>
   </div>
   <div class='ocr_carea' id='block_1_106' title="bbox 2276 4779 3530 4869">
    <p class='ocr_par' dir='ltr' id='par_1_106' title="bbox 2276 4779 3530 4869">
     <span class='ocr_line' id='line_1_106' title="bbox 2276 4779 3530 4869; baseline -0.018 -16"><span class='ocrx_word' id='word_1_532' title='bbox 2276 4801 2468 4869; x_wconf 86' lang='grc' dir='ltr'>Χαῖρε,</span> <span class='ocrx_word' id='word_1_533' title='bbox 2498 4795 2599 4864; x_wconf 82' lang='grc' dir='ltr'>τῆς</span> <span class='ocrx_word' id='word_1_534' title='bbox 2626 4791 2842 4860; x_wconf 80' lang='grc' dir='ltr'>ἀπάτης</span> <span class='ocrx_word' id='word_1_535' title='bbox 2878 4787 2978 4858; x_wconf 82' lang='grc' dir='ltr'>τὴν</span> <span class='ocrx_word' id='word_1_536' title='bbox 3012 4785 3241 4854; x_wconf 83' lang='grc' dir='ltr'>κάμινον</span> <span class='ocrx_word' id='word_1_537' title='bbox 3269 4779 3530 4833; x_wconf 76' lang='grc' dir='ltr'>σϐέσασα.</span> 
     </span>
    </p>
   </div>
   <div class='ocr_carea' id='block_1_107' title="bbox 2279 4868 3633 4963">
    <p class='ocr_par' dir='ltr' id='par_1_107' title="bbox 2279 4868 3633 4963">
     <span class='ocr_line' id='line_1_107' title="bbox 2279 4868 3633 4963; baseline -0.018 -18"><span class='ocrx_word' id='word_1_538' title='bbox 2279 4868 2472 4963; x_wconf 85' lang='grc' dir='ltr'>Χαῖρε,</span> <span class='ocrx_word' id='word_1_539' title='bbox 2510 4887 2611 4957; x_wconf 84' lang='grc' dir='ltr'>τῆς</span> <span class='ocrx_word' id='word_1_540' title='bbox 2638 4882 2866 4954; x_wconf 84' lang='grc' dir='ltr'>Τριάδος</span> <span class='ocrx_word' id='word_1_541' title='bbox 2897 4879 3024 4940; x_wconf 79' lang='grc' dir='ltr'>τοὺς</span> <span class='ocrx_word' id='word_1_542' title='bbox 3056 4875 3264 4946; x_wconf 82' lang='grc' dir='ltr'>μύστας</span> <span class='ocrx_word' id='word_1_543' title='bbox 3299 4868 3633 4938; x_wconf 75' lang='grc' dir='ltr'>φωτίζουσα.</span> 
     </span>
    </p>
   </div>
   <div class='ocr_carea' id='block_1_108' title="bbox 2276 5045 3776 5138">
    <p class='ocr_par' dir='ltr' id='par_1_108' title="bbox 2276 5045 3776 5138">
     <span class='ocr_line' id='line_1_108' title="bbox 2276 5045 3776 5138; baseline -0.017 -15"><span class='ocrx_word' id='word_1_544' title='bbox 2276 5070 2470 5138; x_wconf 86' lang='grc' dir='ltr'>Χαῖρε,</span> <span class='ocrx_word' id='word_1_545' title='bbox 2493 5066 2758 5136; x_wconf 88' lang='grc' dir='ltr'>τύραννον</span> <span class='ocrx_word' id='word_1_546' title='bbox 2789 5056 3157 5127; x_wconf 80' lang='grc' dir='ltr'>ἀπάνθρωπον</span> <span class='ocrx_word' id='word_1_547' title='bbox 3203 5047 3512 5104; x_wconf 78' lang='grc' dir='ltr'>ἐκϐαλοῦσα</span> <span class='ocrx_word' id='word_1_548' title='bbox 3543 5045 3646 5118; x_wconf 81' lang='grc' dir='ltr'>τῆς</span> <span class='ocrx_word' id='word_1_549' title='bbox 3687 5047 3776 5116; x_wconf 80' lang='grc' dir='ltr'><strong>ἀρ⁴⁹</strong></span> 
     </span>
    </p>
   </div>
   <div class='ocr_carea' id='block_1_109' title="bbox 2205 5181 3773 5326">
    <p class='ocr_par' dir='ltr' id='par_1_109' title="bbox 2205 5181 3773 5326">
     <span class='ocr_line' id='line_1_109' title="bbox 2205 5181 3773 5326; baseline -0.016 -15"><span class='ocrx_word' id='word_1_550' title='bbox 2205 5181 2470 5326; x_wconf 67' lang='grc' dir='ltr'>χηΧαῖρε,</span> <span class='ocrx_word' id='word_1_551' title='bbox 2501 5249 2707 5322; x_wconf 83' lang='grc' dir='ltr'>Κύριον</span> <span class='ocrx_word' id='word_1_552' title='bbox 2750 5244 3131 5315; x_wconf 81' lang='grc' dir='ltr'>φιλάνθρωπον</span> <span class='ocrx_word' id='word_1_553' title='bbox 3175 5237 3487 5306; x_wconf 80' lang='grc' dir='ltr'>ἐπιδείξασα</span> <span class='ocrx_word' id='word_1_554' title='bbox 3528 5235 3773 5308; x_wconf 66' lang='grc' dir='ltr'>Χριστόν.</span> 
     </span>
    </p>
   </div>
   <div class='ocr_carea' id='block_1_110' title="bbox 2278 5403 3694 5502">
    <p class='ocr_par' dir='ltr' id='par_1_110' title="bbox 2278 5403 3694 5502">
     <span class='ocr_line' id='line_1_110' title="bbox 2278 5403 3694 5502; baseline -0.016 -16"><span class='ocrx_word' id='word_1_555' title='bbox 2278 5433 2471 5502; x_wconf 89' lang='grc' dir='ltr'>Χαῖρε,</span> <span class='ocrx_word' id='word_1_556' title='bbox 2500 5431 2533 5498; x_wconf 86' lang='grc' dir='ltr'>ἡ</span> <span class='ocrx_word' id='word_1_557' title='bbox 2573 5427 2674 5497; x_wconf 82' lang='grc' dir='ltr'>τῆς</span> <span class='ocrx_word' id='word_1_558' title='bbox 2703 5421 2980 5496; x_wconf 72' lang='grc' dir='ltr'>βαρϐάρου</span> <span class='ocrx_word' id='word_1_559' title='bbox 3005 5403 3346 5490; x_wconf 82' lang='grc' dir='ltr'>λυτρουμένη</span> <span class='ocrx_word' id='word_1_560' title='bbox 3373 5412 3694 5484; x_wconf 75' lang='grc' dir='ltr'>θρησκείας.</span> 
     </span>
    </p>
   </div>
   <div class='ocr_carea' id='block_1_111' title="bbox 2278 5504 3594 5592">
    <p class='ocr_par' dir='ltr' id='par_1_111' title="bbox 2278 5504 3594 5592">
     <span class='ocr_line' id='line_1_111' title="bbox 2278 5504 3594 5592; baseline -0.015 -16"><span class='ocrx_word' id='word_1_561' title='bbox 2278 5524 2472 5592; x_wconf 88' lang='grc' dir='ltr'>Χαῖρε,</span> <span class='ocrx_word' id='word_1_562' title='bbox 2504 5521 2538 5590; x_wconf 78' lang='grc' dir='ltr'><strong>ἡ</strong></span> <span class='ocrx_word' id='word_1_563' title='bbox 2565 5517 2660 5570; x_wconf 88' lang='grc' dir='ltr'><strong>τοῦ</strong></span> <span class='ocrx_word' id='word_1_564' title='bbox 2694 5513 2960 5588; x_wconf 76' lang='grc' dir='ltr'>βορϐόρου</span> <span class='ocrx_word' id='word_1_565' title='bbox 2987 5510 3226 5583; x_wconf 80' lang='grc' dir='ltr'>ῥυομένη</span> <span class='ocrx_word' id='word_1_566' title='bbox 3259 5507 3366 5559; x_wconf 87' lang='grc' dir='ltr'><strong>τῶν</strong></span> <span class='ocrx_word' id='word_1_567' title='bbox 3395 5504 3594 5576; x_wconf 73' lang='grc' dir='ltr'>ἔργων.</span> 
     </span>
    </p>
   </div>
   <div class='ocr_carea' id='block_1_112' title="bbox 2277 5601 3376 5684">
    <p class='ocr_par' dir='ltr' id='par_1_112' title="bbox 2277 5601 3376 5684">
     <span class='ocr_line' id='line_1_112' title="bbox 2277 5601 3376 5684; baseline -0.014 -18"><span class='ocrx_word' id='word_1_568' title='bbox 2277 5615 2471 5684; x_wconf 87' lang='grc' dir='ltr'>Χαῖρε,</span> <span class='ocrx_word' id='word_1_569' title='bbox 2497 5610 2665 5680; x_wconf 83' lang='grc' dir='ltr'>πυρὸς</span> <span class='ocrx_word' id='word_1_570' title='bbox 2699 5605 3067 5680; x_wconf 86' lang='grc' dir='ltr'>προσκύνησιν</span> <span class='ocrx_word' id='word_1_571' title='bbox 3097 5601 3376 5654; x_wconf 85' lang='grc' dir='ltr'>παύσασα.</span> 
     </span>
    </p>
   </div>
   <div class='ocr_carea' id='block_1_113' title="bbox 2277 5694 3421 5775">
    <p class='ocr_par' dir='ltr' id='par_1_113' title="bbox 2277 5694 3421 5775">
     <span class='ocr_line' id='line_1_113' title="bbox 2277 5694 3421 5775; baseline -0.013 -14"><span class='ocrx_word' id='word_1_572' title='bbox 2277 5708 2472 5775; x_wconf 88' lang='grc' dir='ltr'>Χαῖρε,</span> <span class='ocrx_word' id='word_1_573' title='bbox 2508 5702 2704 5773; x_wconf 81' lang='grc' dir='ltr'>φλογὸς</span> <span class='ocrx_word' id='word_1_574' title='bbox 2763 5699 2954 5754; x_wconf 87' lang='grc' dir='ltr'>παθῶν</span> <span class='ocrx_word' id='word_1_575' title='bbox 2984 5694 3421 5750; x_wconf 85' lang='grc' dir='ltr'>ἀπαλλάττουσα.</span> 
     </span>
    </p>
   </div>
   <div class='ocr_carea' id='block_1_114' title="bbox 2277 5789 3314 5871">
    <p class='ocr_par' dir='ltr' id='par_1_114' title="bbox 2277 5789 3314 5871">
     <span class='ocr_line' id='line_1_114' title="bbox 2277 5789 3314 5871; baseline -0.015 -16"><span class='ocrx_word' id='word_1_576' title='bbox 2277 5801 2471 5871; x_wconf 85' lang='grc' dir='ltr'>Χαῖρε,</span> <span class='ocrx_word' id='word_1_577' title='bbox 2505 5795 2711 5852; x_wconf 82' lang='grc' dir='ltr'>πιστῶν</span> <span class='ocrx_word' id='word_1_578' title='bbox 2751 5793 2909 5861; x_wconf 79' lang='grc' dir='ltr'>δδηγὲ</span> <span class='ocrx_word' id='word_1_579' title='bbox 2944 5789 3314 5861; x_wconf 74' lang='grc' dir='ltr'>σωφροσύνης.</span> 
     </span>
    </p>
   </div>
  </div>
