  <div class='ocr_page' id='page_1' title='image "/cluster/home/n/w/nwhite01/storage/ocr_20150623/92/hvd.32044019208032/676.png"; bbox 0 0 4126 6282; ppageno 0'>
   <div class='ocr_carea' id='block_1_1' title="bbox 382 320 2011 402">
    <p class='ocr_par' dir='ltr' id='par_1_1' title="bbox 382 320 2011 395">
     <span class='ocr_line' id='line_1_1' title="bbox 382 320 2011 395; baseline -0.002 -2"><span class='ocrx_word' id='word_1_1' title='bbox 382 327 511 395; x_wconf 74' lang='grc'><strong>1341</strong></span> <span class='ocrx_word' id='word_1_2' title='bbox 1583 320 1899 391; x_wconf 82' lang='lat' dir='ltr'><strong>HYMNUS</strong></span> <span class='ocrx_word' id='word_1_3' title='bbox 1934 329 2011 390; x_wconf 83' lang='lat' dir='ltr'><strong>AC</strong></span> 
     </span>
    </p>
   </div>
   <div class='ocr_carea' id='block_1_2' title="bbox 1997 320 3626 402">
    <p class='ocr_par' dir='ltr' id='par_1_2' title="bbox 1997 320 3626 402">
     <span class='ocr_line' id='line_1_2' title="bbox 1997 320 3626 402; baseline 0.007 -12"><span class='ocrx_word' id='word_1_4' title='bbox 1997 329 2415 393; x_wconf 70' lang='lat' dir='ltr'><strong>ZATHISTUS.</strong></span> <span class='ocrx_word' id='word_1_5' title='bbox 3482 320 3626 402; x_wconf 57' lang='lat' dir='ltr'><strong>1342i</strong></span> 
     </span>
    </p>
   </div>
   <div class='ocr_carea' id='block_1_3' title="bbox 445 442 2074 519">
    <p class='ocr_par' dir='ltr' id='par_1_3' title="bbox 445 442 2021 519">
     <span class='ocr_line' id='line_1_3' title="bbox 445 442 2021 519; baseline -0.006 -17"><span class='ocrx_word' id='word_1_6' title='bbox 445 448 639 519; x_wconf 99' lang='grc' dir='ltr'><strong>Χαῖρε,</strong></span> <span class='ocrx_word' id='word_1_7' title='bbox 673 444 863 498; x_wconf 81' lang='grc' dir='ltr'>πασῶν</span> <span class='ocrx_word' id='word_1_8' title='bbox 887 442 1089 513; x_wconf 71' lang='grc' dir='ltr'><strong>γενεῶν</strong></span> <span class='ocrx_word' id='word_1_9' title='bbox 1116 442 1442 512; x_wconf 82' lang='grc' dir='ltr'><strong>εὐφροσύνη.</strong></span> <span class='ocrx_word' id='word_1_10' title='bbox 1976 448 2021 503; x_wconf 83' lang='grc' dir='ltr'><strong>Α</strong></span> 
     </span>
    </p>
   </div>
   <div class='ocr_carea' id='block_1_4' title="bbox 1563 442 3192 519">
    <p class='ocr_par' dir='ltr' id='par_1_4' title="bbox 1976 442 3192 513">
     <span class='ocr_line' id='line_1_4' title="bbox 1976 442 3192 513; baseline 0.002 -19"><span class='ocrx_word' id='word_1_11' title='bbox 1976 448 2021 503; x_wconf 82' lang='grc' dir='ltr'><strong>Α</strong></span> <span class='ocrx_word' id='word_1_12' title='bbox 2117 443 2253 505; x_wconf 87' lang='lat' dir='ltr'><strong>Ave,</strong></span> <span class='ocrx_word' id='word_1_13' title='bbox 2280 442 2688 513; x_wconf 86' lang='lat' dir='ltr'><strong>generationum</strong></span> <span class='ocrx_word' id='word_1_14' title='bbox 2719 442 2962 497; x_wconf 88' lang='lat' dir='ltr'><strong>omnium</strong></span> <span class='ocrx_word' id='word_1_15' title='bbox 2991 443 3192 498; x_wconf 54' lang='lat' dir='ltr'><strong>Iustitia.</strong></span> 
     </span>
    </p>
   </div>
   <div class='ocr_carea' id='block_1_5' title="bbox 443 532 2072 608">
    <p class='ocr_par' dir='ltr' id='par_1_5' title="bbox 443 535 1229 608">
     <span class='ocr_line' id='line_1_5' title="bbox 443 535 1229 608; baseline -0.009 -14"><span class='ocrx_word' id='word_1_16' title='bbox 443 538 637 608; x_wconf 87' lang='grc' dir='ltr'><strong>Χαῖρε,</strong></span> <span class='ocrx_word' id='word_1_17' title='bbox 665 535 862 608; x_wconf 90' lang='grc' dir='ltr'><strong>νύμφη</strong></span> <span class='ocrx_word' id='word_1_18' title='bbox 895 535 1229 606; x_wconf 87' lang='grc' dir='ltr'><strong>ἀνύμφευτε.</strong></span> 
     </span>
    </p>
   </div>
   <div class='ocr_carea' id='block_1_6' title="bbox 1129 532 2758 608">
    <p class='ocr_par' dir='ltr' id='par_1_6' title="bbox 1129 532 2758 601">
     <span class='ocr_line' id='line_1_6' title="bbox 1129 532 2758 601; baseline -0.001 -14"><span class='ocrx_word' id='word_1_19' title='bbox 1129 552 1229 588; x_wconf 69' lang='lat' dir='ltr'><strong>ne.</strong></span> <span class='ocrx_word' id='word_1_20' title='bbox 2116 532 2250 597; x_wconf 88' lang='lat' dir='ltr'><strong>Ave,</strong></span> <span class='ocrx_word' id='word_1_21' title='bbox 2288 547 2483 600; x_wconf 80' lang='lat' dir='ltr'><strong>Sponsa</strong></span> <span class='ocrx_word' id='word_1_22' title='bbox 2514 533 2758 601; x_wconf 87' lang='lat' dir='ltr'><strong>innupta.</strong></span> 
     </span>
    </p>
   </div>
   <div class='ocr_carea' id='block_1_7' title="bbox 446 623 2075 702">
    <p class='ocr_par' dir='ltr' id='par_1_7' title="bbox 446 624 1946 701">
     <span class='ocr_line' id='line_1_7' title="bbox 446 624 1946 701; baseline -0.005 -17"><span class='ocrx_word' id='word_1_23' title='bbox 446 631 701 701; x_wconf 78' lang='grc' dir='ltr'><strong>Κήρυκες</strong></span> <span class='ocrx_word' id='word_1_24' title='bbox 732 627 981 697; x_wconf 86' lang='grc' dir='ltr'><strong>θεοφόροι</strong></span> <span class='ocrx_word' id='word_1_25' title='bbox 1012 627 1298 694; x_wconf 81' lang='grc' dir='ltr'><strong>γεγονότες</strong></span> <span class='ocrx_word' id='word_1_26' title='bbox 1342 626 1390 678; x_wconf 84' lang='grc' dir='ltr'><strong>οἱ</strong></span> <span class='ocrx_word' id='word_1_27' title='bbox 1436 625 1637 692; x_wconf 87' lang='grc' dir='ltr'><strong>Μάγοι,</strong></span> <span class='ocrx_word' id='word_1_28' title='bbox 1680 624 1946 694; x_wconf 80' lang='grc' dir='ltr'><strong>ὑπέστρε-</strong></span> 
     </span>
    </p>
   </div>
   <div class='ocr_carea' id='block_1_8' title="bbox 1988 623 3617 702">
    <p class='ocr_par' dir='ltr' id='par_1_8' title="bbox 2115 623 3617 702">
     <span class='ocr_line' id='line_1_8' title="bbox 2115 623 3617 702; baseline 0.006 -26"><span class='ocrx_word' id='word_1_29' title='bbox 2115 623 2317 678; x_wconf 87' lang='lat' dir='ltr'><strong>Deiferi</strong></span> <span class='ocrx_word' id='word_1_30' title='bbox 2338 638 2616 694; x_wconf 62' lang='lat' dir='ltr'><strong>praecones</strong></span> <span class='ocrx_word' id='word_1_31' title='bbox 2648 624 2826 679; x_wconf 86' lang='lat' dir='ltr'><strong>effecti</strong></span> <span class='ocrx_word' id='word_1_32' title='bbox 2848 625 3007 696; x_wconf 83' lang='lat' dir='ltr'><strong>Magi,</strong></span> <span class='ocrx_word' id='word_1_33' title='bbox 3036 628 3240 682; x_wconf 87' lang='lat' dir='ltr'><strong>reversi</strong></span> <span class='ocrx_word' id='word_1_34' title='bbox 3272 637 3403 682; x_wconf 89' lang='lat' dir='ltr'><strong>sunt</strong></span> <span class='ocrx_word' id='word_1_35' title='bbox 3448 630 3617 702; x_wconf 83' lang='lat' dir='ltr'><strong>Baby-</strong></span> 
     </span>
    </p>
   </div>
   <div class='ocr_carea' id='block_1_9' title="bbox 374 716 2003 794">
    <p class='ocr_par' dir='ltr' id='par_1_9' title="bbox 374 717 1949 794">
     <span class='ocr_line' id='line_1_9' title="bbox 374 717 1949 794; baseline -0.006 -18"><span class='ocrx_word' id='word_1_36' title='bbox 374 723 482 794; x_wconf 76' lang='grc' dir='ltr'><strong>ψαν</strong></span> <span class='ocrx_word' id='word_1_37' title='bbox 510 722 591 785; x_wconf 86' lang='grc' dir='ltr'><strong>εἰς</strong></span> <span class='ocrx_word' id='word_1_38' title='bbox 617 722 717 791; x_wconf 76' lang='grc' dir='ltr'><strong>τὴν</strong></span> <span class='ocrx_word' id='word_1_39' title='bbox 762 718 1078 782; x_wconf 77' lang='grc' dir='ltr'><strong>Βαϐυλῶνα,</strong></span> <span class='ocrx_word' id='word_1_40' title='bbox 1124 717 1507 780; x_wconf 69' lang='grc' dir='ltr'><strong>ἐκτελέσαντες</strong></span> <span class='ocrx_word' id='word_1_41' title='bbox 1558 735 1651 769; x_wconf 90' lang='grc' dir='ltr'><strong>σου</strong></span> <span class='ocrx_word' id='word_1_42' title='bbox 1690 717 1779 769; x_wconf 79' lang='grc' dir='ltr'><strong>τὸν</strong></span> <span class='ocrx_word' id='word_1_43' title='bbox 1812 734 1949 787; x_wconf 81' lang='grc' dir='ltr'><strong>χρη-</strong></span> 
     </span>
    </p>
   </div>
   <div class='ocr_carea' id='block_1_10' title="bbox 1987 716 3616 794">
    <p class='ocr_par' dir='ltr' id='par_1_10' title="bbox 2044 716 3616 785">
     <span class='ocr_line' id='line_1_10' title="bbox 2044 716 3616 785; baseline 0.003 -15"><span class='ocrx_word' id='word_1_44' title='bbox 2044 716 2259 782; x_wconf 90' lang='lat' dir='ltr'><strong>lonem;</strong></span> <span class='ocrx_word' id='word_1_45' title='bbox 2312 724 2513 785; x_wconf 87' lang='lat' dir='ltr'><strong>tuoque</strong></span> <span class='ocrx_word' id='word_1_46' title='bbox 2542 716 2762 771; x_wconf 88' lang='lat' dir='ltr'><strong>oraculo</strong></span> <span class='ocrx_word' id='word_1_47' title='bbox 2804 717 3069 780; x_wconf 90' lang='lat' dir='ltr'><strong>obsecuti,</strong></span> <span class='ocrx_word' id='word_1_48' title='bbox 3105 728 3157 772; x_wconf 92' lang='lat' dir='ltr'><strong>te</strong></span> <span class='ocrx_word' id='word_1_49' title='bbox 3197 719 3481 773; x_wconf 77' lang='lat' dir='ltr'><strong>Christum</strong></span> <span class='ocrx_word' id='word_1_50' title='bbox 3520 737 3616 774; x_wconf 88' lang='lat' dir='ltr'><strong>au-</strong></span> 
     </span>
    </p>
   </div>
   <div class='ocr_carea' id='block_1_11' title="bbox 379 806 2008 885">
    <p class='ocr_par' dir='ltr' id='par_1_11' title="bbox 379 807 1947 885">
     <span class='ocr_line' id='line_1_11' title="bbox 379 807 1947 885; baseline -0.005 -18"><span class='ocrx_word' id='word_1_51' title='bbox 379 812 535 885; x_wconf 82' lang='grc' dir='ltr'><strong>σμδν,</strong></span> <span class='ocrx_word' id='word_1_52' title='bbox 566 813 661 865; x_wconf 68' lang='grc' dir='ltr'><strong>καλ⁸</strong></span> <span class='ocrx_word' id='word_1_53' title='bbox 688 809 1027 882; x_wconf 77' lang='grc' dir='ltr'><strong>κηρύξαντές</strong></span> <span class='ocrx_word' id='word_1_54' title='bbox 1058 827 1115 862; x_wconf 90' lang='grc' dir='ltr'><strong>σε</strong></span> <span class='ocrx_word' id='word_1_55' title='bbox 1145 810 1236 862; x_wconf 78' lang='grc' dir='ltr'><strong>τὸν</strong></span> <span class='ocrx_word' id='word_1_56' title='bbox 1261 810 1494 878; x_wconf 87' lang='grc' dir='ltr'><strong>Χριστὸν</strong></span> <span class='ocrx_word' id='word_1_57' title='bbox 1515 808 1715 862; x_wconf 75' lang='grc' dir='ltr'><strong>ἅπασιν</strong></span> <span class='ocrx_word' id='word_1_58' title='bbox 1735 824 1749 839; x_wconf 90' lang='grc'><strong>·</strong></span> <span class='ocrx_word' id='word_1_59' title='bbox 1783 807 1947 876; x_wconf 86' lang='grc' dir='ltr'><strong>ἀφέν-</strong></span> 
     </span>
    </p>
   </div>
   <div class='ocr_carea' id='block_1_12' title="bbox 1991 806 3620 885">
    <p class='ocr_par' dir='ltr' id='par_1_12' title="bbox 2044 806 3620 877">
     <span class='ocr_line' id='line_1_12' title="bbox 2044 806 3620 877; baseline 0.002 -17"><span class='ocrx_word' id='word_1_60' title='bbox 2044 806 2367 860; x_wconf 90' lang='lat' dir='ltr'><strong>nuntiarunt</strong></span> <span class='ocrx_word' id='word_1_61' title='bbox 2398 806 2652 861; x_wconf 90' lang='lat' dir='ltr'><strong>omnibus</strong></span> <span class='ocrx_word' id='word_1_62' title='bbox 2700 807 2943 877; x_wconf 79' lang='lat' dir='ltr'><strong>populis,</strong></span> <span class='ocrx_word' id='word_1_63' title='bbox 2973 808 3163 862; x_wconf 85' lang='lat' dir='ltr'><strong>relicto</strong></span> <span class='ocrx_word' id='word_1_64' title='bbox 3215 809 3449 875; x_wconf 82' lang='lat' dir='ltr'><strong>Herode,</strong></span> <span class='ocrx_word' id='word_1_65' title='bbox 3500 820 3620 865; x_wconf 80' lang='lat' dir='ltr'><strong>tau-</strong></span> 
     </span>
    </p>
   </div>
   <div class='ocr_carea' id='block_1_13' title="bbox 375 898 2004 974">
    <p class='ocr_par' dir='ltr' id='par_1_13' title="bbox 375 899 1872 974">
     <span class='ocr_line' id='line_1_13' title="bbox 375 899 1872 974; baseline -0.003 -17"><span class='ocrx_word' id='word_1_66' title='bbox 375 921 464 968; x_wconf 86' lang='grc' dir='ltr'><strong>τες</strong></span> <span class='ocrx_word' id='word_1_67' title='bbox 497 904 587 959; x_wconf 71' lang='grc' dir='ltr'><strong>τὸν</strong></span> <span class='ocrx_word' id='word_1_68' title='bbox 629 902 895 974; x_wconf 75' lang='grc' dir='ltr'><strong>Ἡρώδην,</strong></span> <span class='ocrx_word' id='word_1_69' title='bbox 927 904 1003 965; x_wconf 86' lang='grc' dir='ltr'><strong>ὡς</strong></span> <span class='ocrx_word' id='word_1_70' title='bbox 1034 900 1267 973; x_wconf 85' lang='grc' dir='ltr'><strong>λυρώδη,</strong></span> <span class='ocrx_word' id='word_1_71' title='bbox 1305 902 1377 971; x_wconf 78' lang='grc' dir='ltr'><strong>μὴ</strong></span> <span class='ocrx_word' id='word_1_72' title='bbox 1413 900 1589 953; x_wconf 73' lang='grc' dir='ltr'><strong>εἰδότα</strong></span> <span class='ocrx_word' id='word_1_73' title='bbox 1614 899 1835 969; x_wconf 77' lang='grc' dir='ltr'><strong>ψάλλειν</strong></span> <span class='ocrx_word' id='word_1_74' title='bbox 1857 914 1872 928; x_wconf 86' lang='grc'>⁶</span> 
     </span>
    </p>
   </div>
   <div class='ocr_carea' id='block_1_14' title="bbox 1536 898 3165 974">
    <p class='ocr_par' dir='ltr' id='par_1_14' title="bbox 1536 898 3165 969">
     <span class='ocr_line' id='line_1_14' title="bbox 1536 898 3165 969; baseline 0 -16"><span class='ocrx_word' id='word_1_75' title='bbox 1536 918 1589 953; x_wconf 76' lang='grc' dir='ltr'><strong>τα</strong></span> <span class='ocrx_word' id='word_1_76' title='bbox 1614 899 1835 969; x_wconf 78' lang='grc' dir='ltr'><strong>ψάλλειν</strong></span> <span class='ocrx_word' id='word_1_77' title='bbox 1857 914 1872 928; x_wconf 89' lang='grc'><strong>·</strong></span> <span class='ocrx_word' id='word_1_78' title='bbox 2046 914 2209 969; x_wconf 87' lang='lat' dir='ltr'><strong>quam</strong></span> <span class='ocrx_word' id='word_1_79' title='bbox 2238 898 2431 964; x_wconf 88' lang='lat' dir='ltr'><strong>deliro,</strong></span> <span class='ocrx_word' id='word_1_80' title='bbox 2456 899 2548 968; x_wconf 83' lang='lat' dir='ltr'><strong>qui</strong></span> <span class='ocrx_word' id='word_1_81' title='bbox 2582 913 2691 953; x_wconf 90' lang='lat' dir='ltr'><strong>non</strong></span> <span class='ocrx_word' id='word_1_82' title='bbox 2714 899 2866 952; x_wconf 89' lang='lat' dir='ltr'><strong>novit</strong></span> <span class='ocrx_word' id='word_1_83' title='bbox 2895 899 3127 969; x_wconf 84' lang='lat' dir='ltr'><strong>psallere</strong></span> <span class='ocrx_word' id='word_1_84' title='bbox 3152 916 3165 952; x_wconf 93' lang='lat'>:</span> 
     </span>
    </p>
   </div>
   <div class='ocr_carea' id='block_1_15' title="bbox 458 989 2087 1067">
    <p class='ocr_par' dir='ltr' id='par_1_15' title="bbox 458 995 791 1067">
     <span class='ocr_line' id='line_1_15' title="bbox 458 995 791 1067; baseline 0 -18"><span class='ocrx_word' id='word_1_85' title='bbox 458 995 769 1067; x_wconf 83' lang='grc' dir='ltr'><strong>’Δλληλούῖα</strong></span> <span class='ocrx_word' id='word_1_86' title='bbox 778 1035 791 1049; x_wconf 93' lang='grc'><strong>.</strong></span> 
     </span>
    </p>
   </div>
   <div class='ocr_carea' id='block_1_16' title="bbox 1047 989 2676 1067">
    <p class='ocr_par' dir='ltr' id='par_1_16' title="bbox 2116 989 2676 1065">
     <span class='ocr_line' id='line_1_16' title="bbox 2116 989 2676 1065; baseline 0 -23"><span class='ocrx_word' id='word_1_87' title='bbox 2116 989 2363 1043; x_wconf 81' lang='lat' dir='ltr'><strong>Alleluia.</strong></span> <span class='ocrx_word' id='word_1_88' title='bbox 2672 1062 2676 1065; x_wconf 20' lang='grc' dir='ltr'><strong><em>λ</em></strong></span> 
     </span>
    </p>
   </div>
   <div class='ocr_carea' id='block_1_17' title="bbox 446 1079 2075 1159">
    <p class='ocr_par' dir='ltr' id='par_1_17' title="bbox 446 1083 1944 1159">
     <span class='ocr_line' id='line_1_17' title="bbox 446 1083 1944 1159; baseline -0.003 -17"><span class='ocrx_word' id='word_1_89' title='bbox 446 1088 681 1159; x_wconf 82' lang='grc' dir='ltr'><strong>Λάμψας</strong></span> <span class='ocrx_word' id='word_1_90' title='bbox 715 1088 772 1139; x_wconf 81' lang='grc' dir='ltr'><strong>ὲν</strong></span> <span class='ocrx_word' id='word_1_91' title='bbox 794 1090 861 1159; x_wconf 83' lang='grc' dir='ltr'><strong>τῇ</strong></span> <span class='ocrx_word' id='word_1_92' title='bbox 898 1084 1155 1157; x_wconf 79' lang='grc' dir='ltr'><strong>Αἰγύπτῳ</strong></span> <span class='ocrx_word' id='word_1_93' title='bbox 1182 1084 1459 1154; x_wconf 81' lang='grc' dir='ltr'><strong>φωτισμὸν</strong></span> <span class='ocrx_word' id='word_1_94' title='bbox 1482 1084 1759 1155; x_wconf 80' lang='grc' dir='ltr'><strong>ἀληθείας,</strong></span> <span class='ocrx_word' id='word_1_95' title='bbox 1793 1083 1944 1138; x_wconf 75' lang='grc' dir='ltr'><strong>ἐδίω-</strong></span> 
     </span>
    </p>
   </div>
   <div class='ocr_carea' id='block_1_18' title="bbox 1991 1079 3620 1159">
    <p class='ocr_par' dir='ltr' id='par_1_18' title="bbox 2115 1079 3620 1153">
     <span class='ocr_line' id='line_1_18' title="bbox 2115 1079 3620 1153; baseline 0.004 -19"><span class='ocrx_word' id='word_1_96' title='bbox 2115 1080 2371 1135; x_wconf 84' lang='lat' dir='ltr'><strong>Veritatis</strong></span> <span class='ocrx_word' id='word_1_97' title='bbox 2398 1079 2684 1150; x_wconf 86' lang='lat' dir='ltr'><strong>splendore</strong></span> <span class='ocrx_word' id='word_1_98' title='bbox 2712 1081 2767 1135; x_wconf 93' lang='lat' dir='ltr'><strong>in</strong></span> <span class='ocrx_word' id='word_1_99' title='bbox 2795 1083 3083 1153; x_wconf 64' lang='lat' dir='ltr'><strong>Aﬁgyptum</strong></span> <span class='ocrx_word' id='word_1_100' title='bbox 3112 1084 3378 1151; x_wconf 87' lang='lat' dir='ltr'><strong>immisso,</strong></span> <span class='ocrx_word' id='word_1_101' title='bbox 3404 1087 3620 1141; x_wconf 54' lang='lat' dir='ltr'><strong>mendae</strong></span> 
     </span>
    </p>
   </div>
   <div class='ocr_carea' id='block_1_19' title="bbox 381 1171 2010 1249">
    <p class='ocr_par' dir='ltr' id='par_1_19' title="bbox 381 1176 1943 1249">
     <span class='ocr_line' id='line_1_19' title="bbox 381 1176 1943 1249; baseline -0.001 -16"><span class='ocrx_word' id='word_1_102' title='bbox 381 1180 477 1247; x_wconf 82' lang='grc' dir='ltr'><strong>ξας</strong></span> <span class='ocrx_word' id='word_1_103' title='bbox 501 1178 595 1232; x_wconf 83' lang='grc' dir='ltr'><strong>τοῦ</strong></span> <span class='ocrx_word' id='word_1_104' title='bbox 624 1178 852 1249; x_wconf 81' lang='grc' dir='ltr'><strong>ψεύδους</strong></span> <span class='ocrx_word' id='word_1_105' title='bbox 877 1178 938 1231; x_wconf 73' lang='grc' dir='ltr'><strong>τὸ</strong></span> <span class='ocrx_word' id='word_1_106' title='bbox 966 1178 1152 1239; x_wconf 84' lang='grc' dir='ltr'><strong>σκότος</strong></span> <span class='ocrx_word' id='word_1_107' title='bbox 1173 1194 1188 1207; x_wconf 91' lang='grc'><strong>·</strong></span> <span class='ocrx_word' id='word_1_108' title='bbox 1236 1177 1306 1231; x_wconf 67' lang='grc' dir='ltr'><strong>τὰ</strong></span> <span class='ocrx_word' id='word_1_109' title='bbox 1346 1176 1454 1247; x_wconf 84' lang='grc' dir='ltr'><strong>γὰρ</strong></span> <span class='ocrx_word' id='word_1_110' title='bbox 1498 1177 1689 1231; x_wconf 88' lang='grc' dir='ltr'><strong>εῖδωλα</strong></span> <span class='ocrx_word' id='word_1_111' title='bbox 1720 1178 1943 1249; x_wconf 79' lang='grc' dir='ltr'><strong>ταύτης,</strong></span> 
     </span>
    </p>
   </div>
   <div class='ocr_carea' id='block_1_20' title="bbox 1989 1171 3618 1249">
    <p class='ocr_par' dir='ltr' id='par_1_20' title="bbox 2046 1171 3618 1247">
     <span class='ocr_line' id='line_1_20' title="bbox 2046 1171 3618 1247; baseline 0.003 -20"><span class='ocrx_word' id='word_1_112' title='bbox 2046 1171 2115 1227; x_wconf 89' lang='lat' dir='ltr'><strong>cii</strong></span> <span class='ocrx_word' id='word_1_113' title='bbox 2157 1173 2410 1227; x_wconf 88' lang='lat' dir='ltr'><strong>tenebras</strong></span> <span class='ocrx_word' id='word_1_114' title='bbox 2460 1172 2588 1227; x_wconf 88' lang='lat' dir='ltr'><strong>inde</strong></span> <span class='ocrx_word' id='word_1_115' title='bbox 2640 1174 2888 1243; x_wconf 79' lang='lat' dir='ltr'><strong>expulisti</strong></span> <span class='ocrx_word' id='word_1_116' title='bbox 2924 1194 2936 1229; x_wconf 89' lang='lat'><strong>:</strong></span> <span class='ocrx_word' id='word_1_117' title='bbox 2971 1176 3134 1246; x_wconf 91' lang='lat' dir='ltr'><strong>hujus</strong></span> <span class='ocrx_word' id='word_1_118' title='bbox 3181 1178 3327 1233; x_wconf 89' lang='lat' dir='ltr'><strong>enim</strong></span> <span class='ocrx_word' id='word_1_119' title='bbox 3386 1178 3618 1247; x_wconf 81' lang='lat' dir='ltr'><strong>regionis</strong></span> 
     </span>
    </p>
   </div>
   <div class='ocr_carea' id='block_1_21' title="bbox 381 1262 2010 1343">
    <p class='ocr_par' dir='ltr' id='par_1_21' title="bbox 381 1269 1945 1343">
     <span class='ocr_line' id='line_1_21' title="bbox 381 1269 1945 1343; baseline -0.003 -16"><span class='ocrx_word' id='word_1_120' title='bbox 381 1273 589 1343; x_wconf 80' lang='grc' dir='ltr'><strong>Σωτὴρ,</strong></span> <span class='ocrx_word' id='word_1_121' title='bbox 732 1270 1031 1339; x_wconf 77' lang='grc' dir='ltr'><strong>ἐνέγκαντά</strong></span> <span class='ocrx_word' id='word_1_122' title='bbox 1059 1286 1152 1323; x_wconf 88' lang='grc' dir='ltr'><strong>σου</strong></span> <span class='ocrx_word' id='word_1_123' title='bbox 1185 1269 1283 1340; x_wconf 82' lang='grc' dir='ltr'><strong>τὴν</strong></span> <span class='ocrx_word' id='word_1_124' title='bbox 1324 1270 1476 1339; x_wconf 74' lang='grc' dir='ltr'><strong>ἰσχὺν</strong></span> <span class='ocrx_word' id='word_1_125' title='bbox 1522 1269 1809 1323; x_wconf 84' lang='grc' dir='ltr'><strong>πέπτωκεν</strong></span> <span class='ocrx_word' id='word_1_126' title='bbox 1833 1284 1844 1297; x_wconf 86' lang='grc'><strong>·</strong></span> <span class='ocrx_word' id='word_1_127' title='bbox 1896 1270 1945 1322; x_wconf 77' lang='grc' dir='ltr'><strong>οἱ</strong></span> 
     </span>
    </p>
   </div>
   <div class='ocr_carea' id='block_1_22' title="bbox 1991 1262 3620 1343">
    <p class='ocr_par' dir='ltr' id='par_1_22' title="bbox 2045 1262 3620 1337">
     <span class='ocr_line' id='line_1_22' title="bbox 2045 1262 3620 1337; baseline 0.003 -20"><span class='ocrx_word' id='word_1_128' title='bbox 2045 1262 2207 1326; x_wconf 87' lang='lat' dir='ltr'><strong>idola,</strong></span> <span class='ocrx_word' id='word_1_129' title='bbox 2241 1278 2363 1317; x_wconf 88' lang='lat' dir='ltr'><strong>eum</strong></span> <span class='ocrx_word' id='word_1_130' title='bbox 2400 1272 2569 1328; x_wconf 92' lang='lat' dir='ltr'><strong>tuam,</strong></span> <span class='ocrx_word' id='word_1_131' title='bbox 2602 1263 2870 1328; x_wconf 85' lang='lat' dir='ltr'><strong>Salvator,</strong></span> <span class='ocrx_word' id='word_1_132' title='bbox 2902 1267 3154 1323; x_wconf 74' lang='lat' dir='ltr'><strong>virtutem</strong></span> <span class='ocrx_word' id='word_1_133' title='bbox 3181 1269 3323 1325; x_wconf 85' lang='lat' dir='ltr'><strong>ferre</strong></span> <span class='ocrx_word' id='word_1_134' title='bbox 3344 1287 3452 1324; x_wconf 86' lang='lat' dir='ltr'><strong>non</strong></span> <span class='ocrx_word' id='word_1_135' title='bbox 3483 1284 3620 1337; x_wconf 64' lang='lat' dir='ltr'><strong>pos~</strong></span> 
     </span>
    </p>
   </div>
   <div class='ocr_carea' id='block_1_23' title="bbox 377 1354 2006 1436">
    <p class='ocr_par' dir='ltr' id='par_1_23' title="bbox 377 1362 1784 1436">
     <span class='ocr_line' id='line_1_23' title="bbox 377 1362 1784 1436; baseline -0.004 -17"><span class='ocrx_word' id='word_1_136' title='bbox 377 1366 585 1419; x_wconf 88' lang='grc' dir='ltr'><strong>τούτων</strong></span> <span class='ocrx_word' id='word_1_137' title='bbox 608 1365 665 1419; x_wconf 81' lang='grc' dir='ltr'><strong>δὲ</strong></span> <span class='ocrx_word' id='word_1_138' title='bbox 697 1364 984 1436; x_wconf 82' lang='grc' dir='ltr'><strong>ρυσθέντες</strong></span> <span class='ocrx_word' id='word_1_139' title='bbox 1009 1362 1174 1417; x_wconf 73' lang='grc' dir='ltr'><strong>ὲῦόων</strong></span> <span class='ocrx_word' id='word_1_140' title='bbox 1206 1363 1342 1433; x_wconf 71' lang='grc' dir='ltr'><strong>πρὸς</strong></span> <span class='ocrx_word' id='word_1_141' title='bbox 1362 1362 1462 1432; x_wconf 79' lang='grc' dir='ltr'><strong>τὴν</strong></span> <span class='ocrx_word' id='word_1_142' title='bbox 1488 1362 1746 1415; x_wconf 78' lang='grc' dir='ltr'><strong>Θεοτόκον</strong></span> <span class='ocrx_word' id='word_1_143' title='bbox 1771 1378 1784 1388; x_wconf 89' lang='grc'>·</span> 
     </span>
    </p>
   </div>
   <div class='ocr_carea' id='block_1_24' title="bbox 1985 1354 3614 1436">
    <p class='ocr_par' dir='ltr' id='par_1_24' title="bbox 2045 1354 3614 1425">
     <span class='ocr_line' id='line_1_24' title="bbox 2045 1354 3614 1425; baseline 0.005 -16"><span class='ocrx_word' id='word_1_144' title='bbox 2045 1363 2188 1419; x_wconf 88' lang='lat' dir='ltr'><strong>sent,</strong></span> <span class='ocrx_word' id='word_1_145' title='bbox 2223 1354 2539 1410; x_wconf 85' lang='lat' dir='ltr'><strong>ceciderunt</strong></span> <span class='ocrx_word' id='word_1_146' title='bbox 2576 1373 2591 1410; x_wconf 86' lang='lat'><strong>:</strong></span> <span class='ocrx_word' id='word_1_147' title='bbox 2631 1356 2725 1425; x_wconf 74' lang='lat' dir='ltr'><strong>Qui</strong></span> <span class='ocrx_word' id='word_1_148' title='bbox 2752 1371 2884 1413; x_wconf 89' lang='lat' dir='ltr'><strong>vero</strong></span> <span class='ocrx_word' id='word_1_149' title='bbox 2924 1360 2991 1413; x_wconf 87' lang='lat' dir='ltr'><strong>ab</strong></span> <span class='ocrx_word' id='word_1_150' title='bbox 3019 1361 3105 1415; x_wconf 89' lang='lat' dir='ltr'><strong>his</strong></span> <span class='ocrx_word' id='word_1_151' title='bbox 3146 1362 3355 1417; x_wconf 68' lang='lat' dir='ltr'><strong>liberati</strong></span> <span class='ocrx_word' id='word_1_152' title='bbox 3390 1371 3517 1417; x_wconf 76' lang='lat' dir='ltr'><strong>sunt</strong></span> <span class='ocrx_word' id='word_1_153' title='bbox 3548 1364 3614 1417; x_wconf 92' lang='lat' dir='ltr'><strong>ad</strong></span> 
     </span>
    </p>
   </div>
   <div class='ocr_carea' id='block_1_25' title="bbox 2045 1444 2703 1515">
    <p class='ocr_par' dir='ltr' id='par_1_25' title="bbox 2045 1444 2703 1515">
     <span class='ocr_line' id='line_1_25' title="bbox 2045 1444 2703 1515; baseline 0.006 -17"><span class='ocrx_word' id='word_1_154' title='bbox 2045 1444 2138 1501; x_wconf 89' lang='lat' dir='ltr'><strong>Dei</strong></span> <span class='ocrx_word' id='word_1_155' title='bbox 2146 1461 2326 1515; x_wconf 87' lang='lat' dir='ltr'><strong>param</strong></span> <span class='ocrx_word' id='word_1_156' title='bbox 2350 1446 2655 1501; x_wconf 88' lang='lat' dir='ltr'><strong>clamabant</strong></span> <span class='ocrx_word' id='word_1_157' title='bbox 2689 1466 2703 1502; x_wconf 87' lang='lat'><strong>:</strong></span> 
     </span>
    </p>
   </div>
   <div class='ocr_carea' id='block_1_26' title="bbox 450 1536 2079 1613">
    <p class='ocr_par' dir='ltr' id='par_1_26' title="bbox 450 1539 1459 1613">
     <span class='ocr_line' id='line_1_26' title="bbox 450 1539 1459 1613; baseline -0.003 -19"><span class='ocrx_word' id='word_1_158' title='bbox 450 1543 644 1612; x_wconf 90' lang='grc' dir='ltr'><strong>Χαῖρε,</strong></span> <span class='ocrx_word' id='word_1_159' title='bbox 674 1541 974 1613; x_wconf 85' lang='grc' dir='ltr'><strong>ἀνόρθωσις</strong></span> <span class='ocrx_word' id='word_1_160' title='bbox 1002 1541 1113 1593; x_wconf 88' lang='grc' dir='ltr'><strong>τῶν</strong></span> <span class='ocrx_word' id='word_1_161' title='bbox 1138 1539 1459 1611; x_wconf 85' lang='grc' dir='ltr'><strong>ἀνθρώπων.</strong></span> 
     </span>
    </p>
   </div>
   <div class='ocr_carea' id='block_1_27' title="bbox 1181 1536 2810 1613">
    <p class='ocr_par' dir='ltr' id='par_1_27' title="bbox 1181 1536 2810 1611">
     <span class='ocr_line' id='line_1_27' title="bbox 1181 1536 2810 1611; baseline -0.001 -19"><span class='ocrx_word' id='word_1_162' title='bbox 1181 1539 1459 1611; x_wconf 82' lang='grc' dir='ltr'><strong>νθρώπων.</strong></span> <span class='ocrx_word' id='word_1_163' title='bbox 2115 1537 2249 1600; x_wconf 91' lang='lat' dir='ltr'><strong>Ave,</strong></span> <span class='ocrx_word' id='word_1_164' title='bbox 2279 1536 2562 1590; x_wconf 87' lang='lat' dir='ltr'><strong>hominum</strong></span> <span class='ocrx_word' id='word_1_165' title='bbox 2584 1536 2810 1592; x_wconf 87' lang='lat' dir='ltr'><strong>erectio.</strong></span> 
     </span>
    </p>
   </div>
   <div class='ocr_carea' id='block_1_28' title="bbox 451 1626 2080 1704">
    <p class='ocr_par' dir='ltr' id='par_1_28' title="bbox 451 1631 1484 1704">
     <span class='ocr_line' id='line_1_28' title="bbox 451 1631 1484 1704; baseline -0.001 -16"><span class='ocrx_word' id='word_1_166' title='bbox 451 1636 641 1704; x_wconf 80' lang='grc' dir='ltr'><strong>Χαῖρε,</strong></span> <span class='ocrx_word' id='word_1_167' title='bbox 678 1632 1028 1697; x_wconf 83' lang='grc' dir='ltr'><strong>κατάπτωσις</strong></span> <span class='ocrx_word' id='word_1_168' title='bbox 1054 1632 1163 1686; x_wconf 87' lang='grc' dir='ltr'><strong>τῶν</strong></span> <span class='ocrx_word' id='word_1_169' title='bbox 1193 1631 1484 1702; x_wconf 84' lang='grc' dir='ltr'><strong>δαιμόνων.</strong></span> 
     </span>
    </p>
   </div>
   <div class='ocr_carea' id='block_1_29' title="bbox 1283 1626 2912 1704">
    <p class='ocr_par' dir='ltr' id='par_1_29' title="bbox 1288 1626 2912 1702">
     <span class='ocr_line' id='line_1_29' title="bbox 1288 1626 2912 1702; baseline 0.001 -19"><span class='ocrx_word' id='word_1_170' title='bbox 1288 1631 1484 1702; x_wconf 88' lang='grc' dir='ltr'><strong>μόνων.</strong></span> <span class='ocrx_word' id='word_1_171' title='bbox 2114 1626 2253 1693; x_wconf 85' lang='lat' dir='ltr'><strong>Ave,</strong></span> <span class='ocrx_word' id='word_1_172' title='bbox 2282 1628 2586 1682; x_wconf 66' lang='lat' dir='ltr'><strong>daemonum</strong></span> <span class='ocrx_word' id='word_1_173' title='bbox 2612 1630 2912 1685; x_wconf 83' lang='lat' dir='ltr'><strong>subversio.</strong></span> 
     </span>
    </p>
   </div>
   <div class='ocr_carea' id='block_1_30' title="bbox 448 1718 2077 1797">
    <p class='ocr_par' dir='ltr' id='par_1_30' title="bbox 448 1724 1717 1797">
     <span class='ocr_line' id='line_1_30' title="bbox 448 1724 1717 1797; baseline 0 -18"><span class='ocrx_word' id='word_1_174' title='bbox 448 1728 639 1797; x_wconf 85' lang='grc' dir='ltr'><strong>Χαῖρε,</strong></span> <span class='ocrx_word' id='word_1_175' title='bbox 669 1726 767 1794; x_wconf 85' lang='grc' dir='ltr'><strong>τῆς</strong></span> <span class='ocrx_word' id='word_1_176' title='bbox 797 1726 1011 1795; x_wconf 80' lang='grc' dir='ltr'><strong>ἀπάτης</strong></span> <span class='ocrx_word' id='word_1_177' title='bbox 1039 1725 1138 1795; x_wconf 80' lang='grc' dir='ltr'><strong>τὴν</strong></span> <span class='ocrx_word' id='word_1_178' title='bbox 1168 1724 1375 1795; x_wconf 84' lang='grc' dir='ltr'><strong>πλάνην</strong></span> <span class='ocrx_word' id='word_1_179' title='bbox 1405 1724 1717 1795; x_wconf 81' lang='grc' dir='ltr'><strong>πατήσασα.</strong></span> 
     </span>
    </p>
   </div>
   <div class='ocr_carea' id='block_1_31' title="bbox 1657 1718 3286 1797">
    <p class='ocr_par' dir='ltr' id='par_1_31' title="bbox 1657 1718 3286 1787">
     <span class='ocr_line' id='line_1_31' title="bbox 1657 1718 3286 1787; baseline 0.003 -15"><span class='ocrx_word' id='word_1_180' title='bbox 1657 1742 1717 1779; x_wconf 67' lang='grc' dir='ltr'><strong>να,</strong></span> <span class='ocrx_word' id='word_1_181' title='bbox 2115 1718 2249 1783; x_wconf 87' lang='lat' dir='ltr'><strong>Ave,</strong></span> <span class='ocrx_word' id='word_1_182' title='bbox 2278 1734 2399 1787; x_wconf 82' lang='lat' dir='ltr'><strong>quae</strong></span> <span class='ocrx_word' id='word_1_183' title='bbox 2424 1718 2630 1775; x_wconf 82' lang='lat' dir='ltr'><strong>fraudis</strong></span> <span class='ocrx_word' id='word_1_184' title='bbox 2660 1734 2907 1776; x_wconf 88' lang='lat' dir='ltr'><strong>errorem</strong></span> <span class='ocrx_word' id='word_1_185' title='bbox 2933 1723 3286 1779; x_wconf 87' lang='lat' dir='ltr'><strong>conculcasti.</strong></span> 
     </span>
    </p>
   </div>
   <div class='ocr_carea' id='block_1_32' title="bbox 448 1808 2077 1888">
    <p class='ocr_par' dir='ltr' id='par_1_32' title="bbox 448 1808 2021 1888">
     <span class='ocr_line' id='line_1_32' title="bbox 448 1808 2021 1888; baseline -0.003 -17"><span class='ocrx_word' id='word_1_186' title='bbox 448 1819 639 1888; x_wconf 88' lang='grc' dir='ltr'><strong>Χαῖρε,</strong></span> <span class='ocrx_word' id='word_1_187' title='bbox 674 1816 785 1870; x_wconf 90' lang='grc' dir='ltr'><strong>τῶν</strong></span> <span class='ocrx_word' id='word_1_188' title='bbox 808 1814 1039 1871; x_wconf 72' lang='grc' dir='ltr'><strong>εἰδώλων</strong></span> <span class='ocrx_word' id='word_1_189' title='bbox 1058 1816 1149 1869; x_wconf 81' lang='grc' dir='ltr'><strong>τὸν</strong></span> <span class='ocrx_word' id='word_1_190' title='bbox 1172 1816 1320 1869; x_wconf 84' lang='grc' dir='ltr'><strong>δόλον</strong></span> <span class='ocrx_word' id='word_1_191' title='bbox 1346 1816 1632 1885; x_wconf 78' lang='grc' dir='ltr'><strong>ὲλέγξασα.</strong></span> <span class='ocrx_word' id='word_1_192' title='bbox 1975 1808 2021 1866; x_wconf 79' lang='grc' dir='ltr'><strong>Β</strong></span> 
     </span>
    </p>
   </div>
   <div class='ocr_carea' id='block_1_33' title="bbox 1712 1808 3341 1888">
    <p class='ocr_par' dir='ltr' id='par_1_33' title="bbox 1975 1808 3341 1885">
     <span class='ocr_line' id='line_1_33' title="bbox 1975 1808 3341 1885; baseline 0.003 -19"><span class='ocrx_word' id='word_1_193' title='bbox 1975 1808 2021 1866; x_wconf 78' lang='grc' dir='ltr'><strong>Β</strong></span> <span class='ocrx_word' id='word_1_194' title='bbox 2116 1812 2249 1877; x_wconf 85' lang='lat' dir='ltr'><strong>Ave,</strong></span> <span class='ocrx_word' id='word_1_195' title='bbox 2275 1828 2396 1883; x_wconf 63' lang='lat' dir='ltr'><strong>qua:</strong></span> <span class='ocrx_word' id='word_1_196' title='bbox 2425 1812 2689 1868; x_wconf 87' lang='lat' dir='ltr'><strong>idolorum</strong></span> <span class='ocrx_word' id='word_1_197' title='bbox 2712 1814 2976 1869; x_wconf 82' lang='lat' dir='ltr'><strong>fallaciam</strong></span> <span class='ocrx_word' id='word_1_198' title='bbox 2999 1814 3341 1885; x_wconf 85' lang='lat' dir='ltr'><strong>redarguisti.</strong></span> 
     </span>
    </p>
   </div>
   <div class='ocr_carea' id='block_1_34' title="bbox 451 1906 2080 1981">
    <p class='ocr_par' dir='ltr' id='par_1_34' title="bbox 451 1908 1831 1981">
     <span class='ocr_line' id='line_1_34' title="bbox 451 1908 1831 1981; baseline -0.001 -17"><span class='ocrx_word' id='word_1_199' title='bbox 451 1910 645 1981; x_wconf 89' lang='grc' dir='ltr'><strong>Χαῖρε,</strong></span> <span class='ocrx_word' id='word_1_200' title='bbox 676 1910 919 1965; x_wconf 88' lang='grc' dir='ltr'><strong>θάλασσα</strong></span> <span class='ocrx_word' id='word_1_201' title='bbox 960 1910 1254 1965; x_wconf 87' lang='grc' dir='ltr'><strong>ποντίσασα</strong></span> <span class='ocrx_word' id='word_1_202' title='bbox 1282 1908 1477 1981; x_wconf 79' lang='grc' dir='ltr'><strong>Φαραῶ</strong></span> <span class='ocrx_word' id='word_1_203' title='bbox 1507 1908 1597 1963; x_wconf 79' lang='grc' dir='ltr'><strong>τὸν</strong></span> <span class='ocrx_word' id='word_1_204' title='bbox 1623 1911 1831 1979; x_wconf 70' lang='grc' dir='ltr'><strong>νοητόν.</strong></span> 
     </span>
    </p>
   </div>
   <div class='ocr_carea' id='block_1_35' title="bbox 1985 1906 3614 1981">
    <p class='ocr_par' dir='ltr' id='par_1_35' title="bbox 2113 1906 3614 1977">
     <span class='ocr_line' id='line_1_35' title="bbox 2113 1906 3614 1977; baseline 0.003 -17"><span class='ocrx_word' id='word_1_205' title='bbox 2113 1906 2248 1973; x_wconf 85' lang='lat' dir='ltr'><strong>Ave,</strong></span> <span class='ocrx_word' id='word_1_206' title='bbox 2283 1921 2453 1973; x_wconf 90' lang='lat' dir='ltr'><strong>mare,</strong></span> <span class='ocrx_word' id='word_1_207' title='bbox 2482 1906 2628 1977; x_wconf 91' lang='lat' dir='ltr'><strong>quod</strong></span> <span class='ocrx_word' id='word_1_208' title='bbox 2675 1908 3093 1963; x_wconf 88' lang='lat' dir='ltr'><strong>intellectualem</strong></span> <span class='ocrx_word' id='word_1_209' title='bbox 3135 1908 3471 1964; x_wconf 82' lang='lat' dir='ltr'><strong>Pharaonem</strong></span> <span class='ocrx_word' id='word_1_210' title='bbox 3517 1910 3614 1965; x_wconf 88' lang='lat' dir='ltr'><strong>dc-</strong></span> 
     </span>
    </p>
   </div>
   <div class='ocr_carea' id='block_1_36' title="bbox 2045 1999 2302 2055">
    <p class='ocr_par' dir='ltr' id='par_1_36' title="bbox 2045 1999 2302 2055">
     <span class='ocr_line' id='line_1_36' title="bbox 2045 1999 2302 2055; baseline -0.004 -1"><span class='ocrx_word' id='word_1_211' title='bbox 2045 1999 2302 2055; x_wconf 89' lang='lat' dir='ltr'><strong>mersisti.</strong></span> 
     </span>
    </p>
   </div>
   <div class='ocr_carea' id='block_1_37' title="bbox 447 2085 2076 2160">
    <p class='ocr_par' dir='ltr' id='par_1_37' title="bbox 447 2085 1944 2160">
     <span class='ocr_line' id='line_1_37' title="bbox 447 2085 1944 2160; baseline -0.001 -18"><span class='ocrx_word' id='word_1_212' title='bbox 447 2089 641 2160; x_wconf 83' lang='grc' dir='ltr'><strong>Χαῖρε,</strong></span> <span class='ocrx_word' id='word_1_213' title='bbox 696 2087 872 2160; x_wconf 89' lang='grc' dir='ltr'><strong>πέτρα</strong></span> <span class='ocrx_word' id='word_1_214' title='bbox 920 2088 954 2160; x_wconf 80' lang='grc' dir='ltr'><strong>ἡ</strong></span> <span class='ocrx_word' id='word_1_215' title='bbox 1017 2085 1287 2141; x_wconf 86' lang='grc' dir='ltr'><strong>ποτίσασα</strong></span> <span class='ocrx_word' id='word_1_216' title='bbox 1339 2088 1465 2152; x_wconf 79' lang='grc' dir='ltr'><strong>τοὺς</strong></span> <span class='ocrx_word' id='word_1_217' title='bbox 1524 2086 1791 2157; x_wconf 77' lang='grc' dir='ltr'><strong>διψῶντας</strong></span> <span class='ocrx_word' id='word_1_218' title='bbox 1844 2088 1944 2159; x_wconf 81' lang='grc' dir='ltr'><strong>τὴν</strong></span> 
     </span>
    </p>
   </div>
   <div class='ocr_carea' id='block_1_38' title="bbox 1688 2085 3317 2160">
    <p class='ocr_par' dir='ltr' id='par_1_38' title="bbox 1688 2087 3317 2159">
     <span class='ocr_line' id='line_1_38' title="bbox 1688 2087 3317 2159; baseline 0.001 -19"><span class='ocrx_word' id='word_1_219' title='bbox 1688 2104 1791 2151; x_wconf 78' lang='grc' dir='ltr'><strong>τας</strong></span> <span class='ocrx_word' id='word_1_220' title='bbox 1844 2088 1944 2159; x_wconf 81' lang='grc' dir='ltr'><strong>τὴν</strong></span> <span class='ocrx_word' id='word_1_221' title='bbox 2113 2089 2244 2150; x_wconf 90' lang='lat' dir='ltr'><strong>Ave,</strong></span> <span class='ocrx_word' id='word_1_222' title='bbox 2273 2096 2445 2156; x_wconf 89' lang='lat' dir='ltr'><strong>petra,</strong></span> <span class='ocrx_word' id='word_1_223' title='bbox 2470 2102 2590 2157; x_wconf 67' lang='lat' dir='ltr'><strong>quae</strong></span> <span class='ocrx_word' id='word_1_224' title='bbox 2620 2087 2868 2143; x_wconf 86' lang='lat' dir='ltr'><strong>sitientes</strong></span> <span class='ocrx_word' id='word_1_225' title='bbox 2900 2089 3063 2142; x_wconf 86' lang='lat' dir='ltr'><strong>vitam</strong></span> <span class='ocrx_word' id='word_1_226' title='bbox 3097 2091 3317 2158; x_wconf 81' lang='lat' dir='ltr'><strong>potasti.</strong></span> 
     </span>
    </p>
   </div>
   <div class='ocr_carea' id='block_1_39' title="bbox 378 2177 3618 2251">
    <p class='ocr_par' dir='ltr' id='par_1_39' title="bbox 378 2177 3618 2251">
     <span class='ocr_line' id='line_1_39' title="bbox 378 2177 3618 2251; baseline 0 -18"><span class='ocrx_word' id='word_1_227' title='bbox 378 2179 543 2251; x_wconf 81' lang='grc' dir='ltr'><strong>ζωήν.</strong></span> <span class='ocrx_word' id='word_1_228' title='bbox 2112 2177 2247 2245; x_wconf 90' lang='lat' dir='ltr'><strong>Ave,</strong></span> <span class='ocrx_word' id='word_1_229' title='bbox 2283 2177 2435 2249; x_wconf 90' lang='lat' dir='ltr'><strong>ignea</strong></span> <span class='ocrx_word' id='word_1_230' title='bbox 2490 2178 2758 2243; x_wconf 89' lang='lat' dir='ltr'><strong>columna,</strong></span> <span class='ocrx_word' id='word_1_231' title='bbox 2791 2194 2911 2249; x_wconf 73' lang='lat' dir='ltr'><strong>qua:</strong></span> <span class='ocrx_word' id='word_1_232' title='bbox 2960 2180 3218 2251; x_wconf 75' lang='lat' dir='ltr'><strong>degentes</strong></span> <span class='ocrx_word' id='word_1_233' title='bbox 3267 2182 3320 2234; x_wconf 92' lang='lat' dir='ltr'><strong>iu</strong></span> <span class='ocrx_word' id='word_1_234' title='bbox 3379 2182 3618 2236; x_wconf 76' lang='lat' dir='ltr'><strong>tenebris</strong></span> 
     </span>
    </p>
   </div>
   <div class='ocr_carea' id='block_1_40' title="bbox 445 2270 2256 2343">
    <p class='ocr_par' dir='ltr' id='par_1_40' title="bbox 445 2270 2256 2343">
     <span class='ocr_line' id='line_1_40' title="bbox 445 2270 2256 2343; baseline -0.002 -17"><span class='ocrx_word' id='word_1_235' title='bbox 445 2274 639 2343; x_wconf 87' lang='grc' dir='ltr'><strong>Χαῖρε,</strong></span> <span class='ocrx_word' id='word_1_236' title='bbox 670 2272 861 2343; x_wconf 87' lang='grc' dir='ltr'><strong>πύρινε</strong></span> <span class='ocrx_word' id='word_1_237' title='bbox 894 2272 1055 2326; x_wconf 82' lang='grc' dir='ltr'><strong>στύλε</strong></span> <span class='ocrx_word' id='word_1_238' title='bbox 1089 2271 1294 2341; x_wconf 80' lang='grc' dir='ltr'><strong>ὁδηγῶν</strong></span> <span class='ocrx_word' id='word_1_239' title='bbox 1320 2271 1448 2335; x_wconf 76' lang='grc' dir='ltr'><strong>τοὺς</strong></span> <span class='ocrx_word' id='word_1_240' title='bbox 1472 2274 1530 2325; x_wconf 83' lang='grc' dir='ltr'><strong>ὲν</strong></span> <span class='ocrx_word' id='word_1_241' title='bbox 1562 2271 1762 2325; x_wconf 85' lang='grc' dir='ltr'><strong>σκότει.</strong></span> <span class='ocrx_word' id='word_1_242' title='bbox 2044 2270 2256 2341; x_wconf 82' lang='lat' dir='ltr'><strong>dirigis.</strong></span> 
     </span>
    </p>
   </div>
   <div class='ocr_carea' id='block_1_41' title="bbox 444 2361 2073 2437">
    <p class='ocr_par' dir='ltr' id='par_1_41' title="bbox 444 2364 1818 2437">
     <span class='ocr_line' id='line_1_41' title="bbox 444 2364 1818 2437; baseline 0 -16"><span class='ocrx_word' id='word_1_243' title='bbox 444 2366 635 2436; x_wconf 81' lang='grc' dir='ltr'><strong>Χαῖρε,</strong></span> <span class='ocrx_word' id='word_1_244' title='bbox 666 2366 842 2436; x_wconf 85' lang='grc' dir='ltr'><strong>σκέπη</strong></span> <span class='ocrx_word' id='word_1_245' title='bbox 869 2364 963 2420; x_wconf 79' lang='grc' dir='ltr'><strong>τοῦ</strong></span> <span class='ocrx_word' id='word_1_246' title='bbox 993 2366 1202 2436; x_wconf 88' lang='grc' dir='ltr'><strong>κόσμου</strong></span> <span class='ocrx_word' id='word_1_247' title='bbox 1232 2365 1541 2437; x_wconf 87' lang='grc' dir='ltr'><strong>πλατυτέρα</strong></span> <span class='ocrx_word' id='word_1_248' title='bbox 1570 2364 1818 2437; x_wconf 80' lang='grc' dir='ltr'><strong>νεφέλης.</strong></span> 
     </span>
    </p>
   </div>
   <div class='ocr_carea' id='block_1_42' title="bbox 1985 2361 3614 2437">
    <p class='ocr_par' dir='ltr' id='par_1_42' title="bbox 2114 2361 3614 2437">
     <span class='ocr_line' id='line_1_42' title="bbox 2114 2361 3614 2437; baseline 0.002 -21"><span class='ocrx_word' id='word_1_249' title='bbox 2114 2362 2249 2427; x_wconf 86' lang='lat' dir='ltr'><strong>Ave,</strong></span> <span class='ocrx_word' id='word_1_250' title='bbox 2279 2361 2468 2417; x_wconf 89' lang='lat' dir='ltr'><strong>mundi</strong></span> <span class='ocrx_word' id='word_1_251' title='bbox 2494 2362 2868 2419; x_wconf 87' lang='lat' dir='ltr'><strong>umbraculum</strong></span> <span class='ocrx_word' id='word_1_252' title='bbox 2913 2366 3057 2419; x_wconf 88' lang='lat' dir='ltr'><strong>nube</strong></span> <span class='ocrx_word' id='word_1_253' title='bbox 3087 2365 3295 2437; x_wconf 77' lang='lat' dir='ltr'><strong>longius</strong></span> <span class='ocrx_word' id='word_1_254' title='bbox 3329 2380 3385 2421; x_wconf 91' lang='lat' dir='ltr'><strong>sc</strong></span> <span class='ocrx_word' id='word_1_255' title='bbox 3427 2376 3614 2421; x_wconf 81' lang='lat' dir='ltr'><strong>exten-</strong></span> 
     </span>
    </p>
   </div>
   <div class='ocr_carea' id='block_1_43' title="bbox 2042 2453 2195 2509">
    <p class='ocr_par' dir='ltr' id='par_1_43' title="bbox 2042 2453 2195 2509">
     <span class='ocr_line' id='line_1_43' title="bbox 2042 2453 2195 2509; baseline 0.007 -2"><span class='ocrx_word' id='word_1_256' title='bbox 2042 2453 2195 2509; x_wconf 76' lang='lat' dir='ltr'><strong>dens.</strong></span> 
     </span>
    </p>
   </div>
   <div class='ocr_carea' id='block_1_44' title="bbox 444 2546 2073 2620">
    <p class='ocr_par' dir='ltr' id='par_1_44' title="bbox 444 2546 1415 2620">
     <span class='ocr_line' id='line_1_44' title="bbox 444 2546 1415 2620; baseline -0.003 -16"><span class='ocrx_word' id='word_1_257' title='bbox 444 2551 637 2620; x_wconf 86' lang='grc' dir='ltr'><strong>Χαῖρε,</strong></span> <span class='ocrx_word' id='word_1_258' title='bbox 666 2546 838 2620; x_wconf 81' lang='grc' dir='ltr'><strong>τροφὴ</strong></span> <span class='ocrx_word' id='word_1_259' title='bbox 860 2547 956 2601; x_wconf 82' lang='grc' dir='ltr'><strong>τοῦ</strong></span> <span class='ocrx_word' id='word_1_260' title='bbox 989 2547 1159 2617; x_wconf 84' lang='grc' dir='ltr'><strong>μάννα</strong></span> <span class='ocrx_word' id='word_1_261' title='bbox 1184 2547 1415 2618; x_wconf 85' lang='grc' dir='ltr'><strong>διάδοχε.</strong></span> 
     </span>
    </p>
   </div>
   <div class='ocr_carea' id='block_1_45' title="bbox 1406 2546 3035 2620">
    <p class='ocr_par' dir='ltr' id='par_1_45' title="bbox 1406 2547 3035 2613">
     <span class='ocr_line' id='line_1_45' title="bbox 1406 2547 3035 2613; baseline 0.001 -12"><span class='ocrx_word' id='word_1_262' title='bbox 1406 2587 1415 2601; x_wconf 95' lang='grc'><strong>.</strong></span> <span class='ocrx_word' id='word_1_263' title='bbox 2113 2547 2249 2613; x_wconf 86' lang='lat' dir='ltr'><strong>Ave,</strong></span> <span class='ocrx_word' id='word_1_264' title='bbox 2277 2561 2401 2603; x_wconf 90' lang='lat' dir='ltr'><strong>esea</strong></span> <span class='ocrx_word' id='word_1_265' title='bbox 2434 2562 2647 2603; x_wconf 60' lang='lat' dir='ltr'><strong>manna:</strong></span> <span class='ocrx_word' id='word_1_266' title='bbox 2676 2549 3035 2604; x_wconf 85' lang='lat' dir='ltr'><strong>succedanea.</strong></span> 
     </span>
    </p>
   </div>
   <div class='ocr_carea' id='block_1_46' title="bbox 446 2637 2075 2712">
    <p class='ocr_par' dir='ltr' id='par_1_46' title="bbox 446 2637 1329 2712">
     <span class='ocr_line' id='line_1_46' title="bbox 446 2637 1329 2712; baseline -0.001 -20"><span class='ocrx_word' id='word_1_267' title='bbox 446 2640 637 2712; x_wconf 88' lang='grc' dir='ltr'><strong>Χαῖρε,</strong></span> <span class='ocrx_word' id='word_1_268' title='bbox 666 2641 877 2709; x_wconf 82' lang='grc' dir='ltr'><strong>τρυφῆς</strong></span> <span class='ocrx_word' id='word_1_269' title='bbox 901 2638 1063 2707; x_wconf 80' lang='grc' dir='ltr'><strong>ἁγίας</strong></span> <span class='ocrx_word' id='word_1_270' title='bbox 1090 2637 1329 2691; x_wconf 80' lang='grc' dir='ltr'><strong>διάκονε.</strong></span> 
     </span>
    </p>
   </div>
   <div class='ocr_carea' id='block_1_47' title="bbox 1595 2637 3224 2712">
    <p class='ocr_par' dir='ltr' id='par_1_47' title="bbox 2113 2637 3224 2701">
     <span class='ocr_line' id='line_1_47' title="bbox 2113 2637 3224 2701; baseline 0.003 -9"><span class='ocrx_word' id='word_1_271' title='bbox 2113 2637 2246 2701; x_wconf 88' lang='lat' dir='ltr'><strong>Ave,</strong></span> <span class='ocrx_word' id='word_1_272' title='bbox 2280 2648 2589 2693; x_wconf 88' lang='lat' dir='ltr'><strong>sanctarum</strong></span> <span class='ocrx_word' id='word_1_273' title='bbox 2616 2640 2933 2695; x_wconf 87' lang='lat' dir='ltr'><strong>deliciarum</strong></span> <span class='ocrx_word' id='word_1_274' title='bbox 2958 2639 3224 2695; x_wconf 89' lang='lat' dir='ltr'><strong>ministra.</strong></span> 
     </span>
    </p>
   </div>
   <div class='ocr_carea' id='block_1_48' title="bbox 441 2728 2070 2803">
    <p class='ocr_par' dir='ltr' id='par_1_48' title="bbox 441 2728 1317 2803">
     <span class='ocr_line' id='line_1_48' title="bbox 441 2728 1317 2803; baseline -0.001 -19"><span class='ocrx_word' id='word_1_275' title='bbox 441 2732 635 2803; x_wconf 88' lang='grc' dir='ltr'><strong>Χαῖρε,</strong></span> <span class='ocrx_word' id='word_1_276' title='bbox 666 2732 698 2801; x_wconf 80' lang='grc' dir='ltr'>ἡ</span> <span class='ocrx_word' id='word_1_277' title='bbox 730 2729 802 2801; x_wconf 82' lang='grc' dir='ltr'><strong>γῆ</strong></span> <span class='ocrx_word' id='word_1_278' title='bbox 832 2731 930 2801; x_wconf 83' lang='grc' dir='ltr'><strong>τῆς</strong></span> <span class='ocrx_word' id='word_1_279' title='bbox 962 2728 1317 2797; x_wconf 74' lang='grc' dir='ltr'><strong>ἐπαγγελίας.</strong></span> 
     </span>
    </p>
   </div>
   <div class='ocr_carea' id='block_1_49' title="bbox 1573 2728 3202 2803">
    <p class='ocr_par' dir='ltr' id='par_1_49' title="bbox 2114 2730 3202 2801">
     <span class='ocr_line' id='line_1_49' title="bbox 2114 2730 3202 2801; baseline 0.001 -17"><span class='ocrx_word' id='word_1_280' title='bbox 2114 2730 2246 2795; x_wconf 88' lang='lat' dir='ltr'><strong>Ave,</strong></span> <span class='ocrx_word' id='word_1_281' title='bbox 2280 2738 2425 2786; x_wconf 89' lang='lat' dir='ltr'><strong>terra</strong></span> <span class='ocrx_word' id='word_1_282' title='bbox 2458 2731 2857 2801; x_wconf 80' lang='lat' dir='ltr'><strong>promissionis.</strong></span> <span class='ocrx_word' id='word_1_283' title='bbox 3196 2732 3202 2741; x_wconf 85' lang='lat'>&#39;</span> 
     </span>
    </p>
   </div>
   <div class='ocr_carea' id='block_1_50' title="bbox 442 2818 2071 2894">
    <p class='ocr_par' dir='ltr' id='par_1_50' title="bbox 442 2818 1471 2894">
     <span class='ocr_line' id='line_1_50' title="bbox 442 2818 1471 2894; baseline -0.003 -18"><span class='ocrx_word' id='word_1_284' title='bbox 442 2823 634 2893; x_wconf 87' lang='grc' dir='ltr'><strong>Χαῖρε,</strong></span> <span class='ocrx_word' id='word_1_285' title='bbox 666 2822 725 2888; x_wconf 74' lang='grc' dir='ltr'><strong>ἐξ</strong></span> <span class='ocrx_word' id='word_1_286' title='bbox 757 2818 824 2894; x_wconf 82' lang='grc' dir='ltr'><strong>ἧς</strong></span> <span class='ocrx_word' id='word_1_287' title='bbox 853 2822 965 2894; x_wconf 79' lang='grc' dir='ltr'><strong>ῥέει</strong></span> <span class='ocrx_word' id='word_1_288' title='bbox 1001 2821 1145 2892; x_wconf 83' lang='grc' dir='ltr'><strong>μέλι,</strong></span> <span class='ocrx_word' id='word_1_289' title='bbox 1182 2821 1276 2874; x_wconf 78' lang='grc' dir='ltr'><strong>καὶ</strong></span> <span class='ocrx_word' id='word_1_290' title='bbox 1308 2819 1471 2889; x_wconf 87' lang='grc' dir='ltr'><strong>γάλα.</strong></span> 
     </span>
    </p>
   </div>
   <div class='ocr_carea' id='block_1_51' title="bbox 1347 2818 2976 2894">
    <p class='ocr_par' dir='ltr' id='par_1_51' title="bbox 1347 2819 2976 2893">
     <span class='ocr_line' id='line_1_51' title="bbox 1347 2819 2976 2893; baseline 0.002 -18"><span class='ocrx_word' id='word_1_291' title='bbox 1347 2819 1471 2875; x_wconf 89' lang='grc' dir='ltr'><strong>άλα.</strong></span> <span class='ocrx_word' id='word_1_292' title='bbox 2114 2822 2249 2887; x_wconf 89' lang='lat' dir='ltr'><strong>Ave,</strong></span> <span class='ocrx_word' id='word_1_293' title='bbox 2281 2839 2347 2878; x_wconf 83' lang='lat' dir='ltr'><strong>ex</strong></span> <span class='ocrx_word' id='word_1_294' title='bbox 2370 2840 2473 2893; x_wconf 89' lang='lat' dir='ltr'><strong>qua</strong></span> <span class='ocrx_word' id='word_1_295' title='bbox 2507 2825 2622 2878; x_wconf 85' lang='lat' dir='ltr'><strong>ﬂuit</strong></span> <span class='ocrx_word' id='word_1_296' title='bbox 2655 2824 2759 2879; x_wconf 90' lang='lat' dir='ltr'><strong>mel</strong></span> <span class='ocrx_word' id='word_1_297' title='bbox 2801 2825 2976 2879; x_wconf 90' lang='lat' dir='ltr'><strong>etiac.</strong></span> 
     </span>
    </p>
   </div>
   <div class='ocr_carea' id='block_1_52' title="bbox 446 2913 2075 2987">
    <p class='ocr_par' dir='ltr' id='par_1_52' title="bbox 446 2913 1217 2987">
     <span class='ocr_line' id='line_1_52' title="bbox 446 2913 1217 2987; baseline -0.001 -19"><span class='ocrx_word' id='word_1_298' title='bbox 446 2916 639 2986; x_wconf 73' lang='grc' dir='ltr'><strong>Χαῖρε,</strong></span> <span class='ocrx_word' id='word_1_299' title='bbox 667 2914 851 2987; x_wconf 90' lang='grc' dir='ltr'><strong>νύμφη</strong></span> <span class='ocrx_word' id='word_1_300' title='bbox 882 2913 1217 2985; x_wconf 86' lang='grc' dir='ltr'><strong>ἀνύμφευτε.</strong></span> 
     </span>
    </p>
   </div>
   <div class='ocr_carea' id='block_1_53' title="bbox 1126 2913 2755 2987">
    <p class='ocr_par' dir='ltr' id='par_1_53' title="bbox 1126 2913 2755 2987">
     <span class='ocr_line' id='line_1_53' title="bbox 1126 2913 2755 2987; baseline 0.004 -23"><span class='ocrx_word' id='word_1_301' title='bbox 1126 2930 1217 2968; x_wconf 74' lang='grc' dir='ltr'><strong>ιτε.</strong></span> <span class='ocrx_word' id='word_1_302' title='bbox 2114 2913 2247 2977; x_wconf 88' lang='lat' dir='ltr'><strong>Ave,</strong></span> <span class='ocrx_word' id='word_1_303' title='bbox 2273 2929 2469 2985; x_wconf 89' lang='lat' dir='ltr'><strong>sponsa</strong></span> <span class='ocrx_word' id='word_1_304' title='bbox 2506 2917 2755 2987; x_wconf 88' lang='lat' dir='ltr'><strong>innupta.</strong></span> 
     </span>
    </p>
   </div>
   <div class='ocr_carea' id='block_1_54' title="bbox 443 3005 2072 3079">
    <p class='ocr_par' dir='ltr' id='par_1_54' title="bbox 443 3005 1945 3079">
     <span class='ocr_line' id='line_1_54' title="bbox 443 3005 1945 3079; baseline -0.003 -16"><span class='ocrx_word' id='word_1_305' title='bbox 443 3009 742 3071; x_wconf 87' lang='grc' dir='ltr'><strong>Μέλλοντος</strong></span> <span class='ocrx_word' id='word_1_306' title='bbox 780 3008 1068 3078; x_wconf 79' lang='grc' dir='ltr'><strong>Συμεῶνος</strong></span> <span class='ocrx_word' id='word_1_307' title='bbox 1111 3006 1204 3061; x_wconf 82' lang='grc' dir='ltr'><strong>τοῦ</strong></span> <span class='ocrx_word' id='word_1_308' title='bbox 1266 3008 1529 3079; x_wconf 88' lang='grc' dir='ltr'><strong>παρόντος</strong></span> <span class='ocrx_word' id='word_1_309' title='bbox 1574 3006 1768 3070; x_wconf 73' lang='grc' dir='ltr'><strong>αἰῶνος</strong></span> <span class='ocrx_word' id='word_1_310' title='bbox 1817 3005 1945 3076; x_wconf 87' lang='grc' dir='ltr'><strong>μεθ-</strong></span> 
     </span>
    </p>
   </div>
   <div class='ocr_carea' id='block_1_55' title="bbox 1988 3005 3617 3079">
    <p class='ocr_par' dir='ltr' id='par_1_55' title="bbox 2117 3005 3617 3079">
     <span class='ocr_line' id='line_1_55' title="bbox 2117 3005 3617 3079; baseline 0.001 -18"><span class='ocrx_word' id='word_1_311' title='bbox 2117 3005 2590 3079; x_wconf 82' lang='lat' dir='ltr'><strong>Transmigraturo</strong></span> <span class='ocrx_word' id='word_1_312' title='bbox 2641 3008 2892 3079; x_wconf 80' lang='lat' dir='ltr'><strong>Symconi</strong></span> <span class='ocrx_word' id='word_1_313' title='bbox 2923 3024 2953 3063; x_wconf 93' lang='lat' dir='ltr'><strong>e</strong></span> <span class='ocrx_word' id='word_1_314' title='bbox 2984 3011 3238 3079; x_wconf 65' lang='lat' dir='ltr'><strong>praesenti</strong></span> <span class='ocrx_word' id='word_1_315' title='bbox 3287 3009 3458 3065; x_wconf 83' lang='lat' dir='ltr'><strong>fallaci</strong></span> <span class='ocrx_word' id='word_1_316' title='bbox 3515 3026 3617 3064; x_wconf 68' lang='lat' dir='ltr'><strong>sm-</strong></span> 
     </span>
    </p>
   </div>
   <div class='ocr_carea' id='block_1_56' title="bbox 376 3096 2005 3172">
    <p class='ocr_par' dir='ltr' id='par_1_56' title="bbox 376 3096 2005 3172">
     <span class='ocr_line' id='line_1_56' title="bbox 376 3096 2005 3172; baseline -0.003 -19"><span class='ocrx_word' id='word_1_317' title='bbox 376 3099 622 3153; x_wconf 85' lang='grc' dir='ltr'><strong>ίστασθαι</strong></span> <span class='ocrx_word' id='word_1_318' title='bbox 648 3098 739 3152; x_wconf 84' lang='grc' dir='ltr'><strong>τοῦ</strong></span> <span class='ocrx_word' id='word_1_319' title='bbox 768 3099 1105 3164; x_wconf 86' lang='grc' dir='ltr'><strong>ἀπατεῶνος,</strong></span> <span class='ocrx_word' id='word_1_320' title='bbox 1142 3098 1404 3170; x_wconf 74' lang='grc' dir='ltr'><strong>ἐπεδόθης</strong></span> <span class='ocrx_word' id='word_1_321' title='bbox 1433 3099 1508 3161; x_wconf 84' lang='grc' dir='ltr'><strong>ὡς</strong></span> <span class='ocrx_word' id='word_1_322' title='bbox 1541 3098 1735 3169; x_wconf 83' lang='grc' dir='ltr'><strong>βρέφος</strong></span> <span class='ocrx_word' id='word_1_323' title='bbox 1759 3096 1906 3168; x_wconf 83' lang='grc' dir='ltr'><strong>αὑτῷ</strong></span> <span class='ocrx_word' id='word_1_324' title='bbox 1928 3114 1941 3129; x_wconf 75' lang='grc'><em>’</em></span> <span class='ocrx_word' id='word_1_325' title='bbox 1982 3163 2005 3172; x_wconf 81' lang='lat'>_</span> 
     </span>
    </p>
   </div>
   <div class='ocr_carea' id='block_1_57' title="bbox 1991 3096 3620 3172">
    <p class='ocr_par' dir='ltr' id='par_1_57' title="bbox 1991 3099 3620 3172">
     <span class='ocr_line' id='line_1_57' title="bbox 1991 3099 3620 3172; baseline -0.001 -18"><span class='ocrx_word' id='word_1_326' title='bbox 1991 3163 2017 3172; x_wconf 90' lang='lat'>_</span> <span class='ocrx_word' id='word_1_327' title='bbox 2048 3100 2190 3164; x_wconf 78' lang='lat' dir='ltr'><strong>culo,</strong></span> <span class='ocrx_word' id='word_1_328' title='bbox 2226 3100 2453 3155; x_wconf 89' lang='lat' dir='ltr'><strong>traditus</strong></span> <span class='ocrx_word' id='word_1_329' title='bbox 2482 3100 2531 3153; x_wconf 91' lang='lat' dir='ltr'><strong>ei</strong></span> <span class='ocrx_word' id='word_1_330' title='bbox 2557 3099 2727 3164; x_wconf 83' lang='lat' dir='ltr'><strong>fuisti,</strong></span> <span class='ocrx_word' id='word_1_331' title='bbox 2760 3100 2909 3153; x_wconf 85' lang='lat' dir='ltr'><strong>velut</strong></span> <span class='ocrx_word' id='word_1_332' title='bbox 2938 3100 3147 3167; x_wconf 83' lang='lat' dir='ltr'><strong>infans;</strong></span> <span class='ocrx_word' id='word_1_333' title='bbox 3192 3100 3284 3155; x_wconf 88' lang='lat' dir='ltr'><strong>sed</strong></span> <span class='ocrx_word' id='word_1_334' title='bbox 3315 3101 3528 3172; x_wconf 80' lang='lat' dir='ltr'><strong>agnitus</strong></span> <span class='ocrx_word' id='word_1_335' title='bbox 3562 3116 3620 3154; x_wconf 77' lang='lat' dir='ltr'><strong>es</strong></span> 
     </span>
    </p>
   </div>
   <div class='ocr_carea' id='block_1_58' title="bbox 374 3163 2003 3262">
    <p class='ocr_par' dir='ltr' id='par_1_58' title="bbox 374 3163 2003 3262">
     <span class='ocr_line' id='line_1_58' title="bbox 374 3163 2003 3262; baseline -0.001 -20"><span class='ocrx_word' id='word_1_336' title='bbox 374 3190 491 3244; x_wconf 83' lang='grc' dir='ltr'><strong>ἀλλ’</strong></span> <span class='ocrx_word' id='word_1_337' title='bbox 516 3190 795 3261; x_wconf 80' lang='grc' dir='ltr'><strong>ἑγνώσθης</strong></span> <span class='ocrx_word' id='word_1_338' title='bbox 821 3190 998 3262; x_wconf 85' lang='grc' dir='ltr'><strong>τούτῳ</strong></span> <span class='ocrx_word' id='word_1_339' title='bbox 1034 3190 1127 3245; x_wconf 77' lang='grc' dir='ltr'><strong>καὶ</strong></span> <span class='ocrx_word' id='word_1_340' title='bbox 1165 3190 1296 3253; x_wconf 84' lang='grc' dir='ltr'><strong>Θεὸς</strong></span> <span class='ocrx_word' id='word_1_341' title='bbox 1333 3163 1587 3254; x_wconf 36' lang='grc' dir='ltr'><strong>τέλειος-⁸.</strong></span> <span class='ocrx_word' id='word_1_342' title='bbox 1618 3163 1808 3260; x_wconf 65' lang='grc' dir='ltr'><strong>δῖόπερ</strong></span> <span class='ocrx_word' id='word_1_343' title='bbox 1858 3163 1946 3252; x_wconf 69' lang='grc' dir='ltr'><strong>έξ-</strong></span> <span class='ocrx_word' id='word_1_344' title='bbox 1974 3163 2003 3223; x_wconf 69' lang='grc' dir='ltr'>ί</span> 
     </span>
    </p>
   </div>
   <div class='ocr_carea' id='block_1_59' title="bbox 1991 3163 3620 3262">
    <p class='ocr_par' dir='ltr' id='par_1_59' title="bbox 1991 3163 3620 3261">
     <span class='ocr_line' id='line_1_59' title="bbox 1991 3163 3620 3261; baseline -0.001 -17"><span class='ocrx_word' id='word_1_345' title='bbox 1991 3163 2017 3223; x_wconf 65' lang='lat'>3</span> <span class='ocrx_word' id='word_1_346' title='bbox 2050 3192 2117 3245; x_wconf 88' lang='lat' dir='ltr'><strong>ab</strong></span> <span class='ocrx_word' id='word_1_347' title='bbox 2140 3191 2245 3245; x_wconf 89' lang='lat' dir='ltr'><strong>hoc</strong></span> <span class='ocrx_word' id='word_1_348' title='bbox 2272 3190 2433 3244; x_wconf 88' lang='lat' dir='ltr'><strong>etiam</strong></span> <span class='ocrx_word' id='word_1_349' title='bbox 2463 3191 2604 3245; x_wconf 88' lang='lat' dir='ltr'><strong>Deus</strong></span> <span class='ocrx_word' id='word_1_350' title='bbox 2624 3190 2936 3259; x_wconf 84' lang='lat' dir='ltr'><strong>perfectus;</strong></span> <span class='ocrx_word' id='word_1_351' title='bbox 2964 3201 3295 3261; x_wconf 83' lang='lat' dir='ltr'><strong>quapropter</strong></span> <span class='ocrx_word' id='word_1_352' title='bbox 3324 3163 3620 3245; x_wconf 71' lang='lat' dir='ltr'><strong>admiratus</strong></span> 
     </span>
    </p>
   </div>
   <div class='ocr_carea' id='block_1_60' title="bbox 374 3278 2003 3363">
    <p class='ocr_par' dir='ltr' id='par_1_60' title="bbox 374 3278 1605 3363">
     <span class='ocr_line' id='line_1_60' title="bbox 374 3278 1605 3363; baseline -0.002 -22"><span class='ocrx_word' id='word_1_353' title='bbox 374 3278 705 3359; x_wconf 69' lang='grc' dir='ltr'><strong>επλάγησου</strong></span> <span class='ocrx_word' id='word_1_354' title='bbox 727 3286 825 3359; x_wconf 82' lang='grc' dir='ltr'><strong>τὴν</strong></span> <span class='ocrx_word' id='word_1_355' title='bbox 854 3286 1089 3357; x_wconf 73' lang='grc' dir='ltr'><strong>ἄρρητον</strong></span> <span class='ocrx_word' id='word_1_356' title='bbox 1122 3286 1331 3357; x_wconf 78' lang='grc' dir='ltr'><strong>σοφίαν,</strong></span> <span class='ocrx_word' id='word_1_357' title='bbox 1360 3285 1574 3363; x_wconf 78' lang='grc' dir='ltr'><strong>κράζων</strong></span> <span class='ocrx_word' id='word_1_358' title='bbox 1593 3301 1605 3314; x_wconf 85' lang='grc'><strong>’</strong></span> 
     </span>
    </p>
   </div>
   <div class='ocr_carea' id='block_1_61' title="bbox 1797 3278 3426 3363">
    <p class='ocr_par' dir='ltr' id='par_1_61' title="bbox 2052 3280 3426 3353">
     <span class='ocr_line' id='line_1_61' title="bbox 2052 3280 3426 3353; baseline -0.001 -17"><span class='ocrx_word' id='word_1_359' title='bbox 2052 3292 2137 3336; x_wconf 89' lang='lat' dir='ltr'><strong>est</strong></span> <span class='ocrx_word' id='word_1_360' title='bbox 2162 3290 2307 3336; x_wconf 91' lang='lat' dir='ltr'><strong>tuam</strong></span> <span class='ocrx_word' id='word_1_361' title='bbox 2338 3280 2663 3337; x_wconf 70' lang='lat' dir='ltr'><strong>ineffabilem</strong></span> <span class='ocrx_word' id='word_1_362' title='bbox 2702 3282 3046 3353; x_wconf 87' lang='lat' dir='ltr'><strong>sapientiam,</strong></span> <span class='ocrx_word' id='word_1_363' title='bbox 3079 3283 3426 3337; x_wconf 81' lang='lat' dir='ltr'><strong>exclamans:</strong></span> 
     </span>
    </p>
   </div>
   <div class='ocr_carea' id='block_1_62' title="bbox 454 3373 2083 3447">
    <p class='ocr_par' dir='ltr' id='par_1_62' title="bbox 454 3377 792 3447">
     <span class='ocr_line' id='line_1_62' title="bbox 454 3377 792 3447; baseline 0 -16"><span class='ocrx_word' id='word_1_364' title='bbox 454 3377 792 3447; x_wconf 83' lang='grc' dir='ltr'><strong>’Δλληλούῖα.</strong></span> 
     </span>
    </p>
   </div>
   <div class='ocr_carea' id='block_1_63' title="bbox 735 3373 2364 3447">
    <p class='ocr_par' dir='ltr' id='par_1_63' title="bbox 738 3373 2364 3431">
     <span class='ocr_line' id='line_1_63' title="bbox 738 3373 2364 3431; baseline -0.002 0"><span class='ocrx_word' id='word_1_365' title='bbox 738 3394 792 3431; x_wconf 92' lang='grc' dir='ltr'><strong>α.</strong></span> <span class='ocrx_word' id='word_1_366' title='bbox 2118 3373 2364 3427; x_wconf 83' lang='lat' dir='ltr'><strong>Alleluia.</strong></span> 
     </span>
    </p>
   </div>
   <div class='ocr_carea' id='block_1_64' title="bbox 444 3462 2073 3539">
    <p class='ocr_par' dir='ltr' id='par_1_64' title="bbox 444 3466 1949 3539">
     <span class='ocr_line' id='line_1_64' title="bbox 444 3466 1949 3539; baseline -0.002 -16"><span class='ocrx_word' id='word_1_367' title='bbox 444 3470 589 3524; x_wconf 88' lang='grc' dir='ltr'><strong>Νέαν</strong></span> <span class='ocrx_word' id='word_1_368' title='bbox 614 3468 780 3535; x_wconf 74' lang='grc' dir='ltr'><strong>ἔδειξε</strong></span> <span class='ocrx_word' id='word_1_369' title='bbox 804 3468 976 3522; x_wconf 83' lang='grc' dir='ltr'><strong>κτίσιν</strong></span> <span class='ocrx_word' id='word_1_370' title='bbox 1007 3467 1315 3539; x_wconf 73' lang='grc' dir='ltr'><strong>ἐμφανίσας</strong></span> <span class='ocrx_word' id='word_1_371' title='bbox 1345 3468 1373 3520; x_wconf 80' lang='grc' dir='ltr'><strong>ὁ</strong></span> <span class='ocrx_word' id='word_1_372' title='bbox 1408 3466 1647 3536; x_wconf 82' lang='grc' dir='ltr'><strong>Κτίστης</strong></span> <span class='ocrx_word' id='word_1_373' title='bbox 1673 3468 1801 3537; x_wconf 76' lang='grc' dir='ltr'><strong>ἡμῖν</strong></span> <span class='ocrx_word' id='word_1_374' title='bbox 1836 3470 1949 3530; x_wconf 88' lang='grc' dir='ltr'><strong>τοῖς</strong></span> 
     </span>
    </p>
   </div>
   <div class='ocr_carea' id='block_1_65' title="bbox 1989 3462 3618 3539">
    <p class='ocr_par' dir='ltr' id='par_1_65' title="bbox 2118 3462 3618 3535">
     <span class='ocr_line' id='line_1_65' title="bbox 2118 3462 3618 3535; baseline -0.002 -16"><span class='ocrx_word' id='word_1_375' title='bbox 2118 3463 2254 3519; x_wconf 88' lang='lat' dir='ltr'><strong>Cum</strong></span> <span class='ocrx_word' id='word_1_376' title='bbox 2279 3465 2514 3535; x_wconf 90' lang='lat' dir='ltr'><strong>seipsum</strong></span> <span class='ocrx_word' id='word_1_377' title='bbox 2539 3465 2695 3521; x_wconf 87' lang='lat' dir='ltr'><strong>nobis</strong></span> <span class='ocrx_word' id='word_1_378' title='bbox 2716 3465 2825 3530; x_wconf 89' lang='lat' dir='ltr'><strong>ille,</strong></span> <span class='ocrx_word' id='word_1_379' title='bbox 2857 3482 2887 3520; x_wconf 90' lang='lat' dir='ltr'><strong>a</strong></span> <span class='ocrx_word' id='word_1_380' title='bbox 2913 3479 3021 3535; x_wconf 87' lang='lat' dir='ltr'><strong>quo</strong></span> <span class='ocrx_word' id='word_1_381' title='bbox 3053 3480 3240 3519; x_wconf 90' lang='lat' dir='ltr'><strong>sumus</strong></span> <span class='ocrx_word' id='word_1_382' title='bbox 3265 3462 3411 3529; x_wconf 90' lang='lat' dir='ltr'><strong>facti,</strong></span> <span class='ocrx_word' id='word_1_383' title='bbox 3444 3465 3618 3517; x_wconf 82' lang='lat' dir='ltr'><strong>mani-</strong></span> 
     </span>
    </p>
   </div>
   <div class='ocr_carea' id='block_1_66' title="bbox 376 3557 2005 3629">
    <p class='ocr_par' dir='ltr' id='par_1_66' title="bbox 376 3557 1946 3629">
     <span class='ocr_line' id='line_1_66' title="bbox 376 3557 1946 3629; baseline -0.003 -14"><span class='ocrx_word' id='word_1_384' title='bbox 376 3562 467 3615; x_wconf 76' lang='lat' dir='ltr'><strong>im‘</strong></span> <span class='ocrx_word' id='word_1_385' title='bbox 517 3560 683 3614; x_wconf 81' lang='grc' dir='ltr'><strong>αὐτοῦ</strong></span> <span class='ocrx_word' id='word_1_386' title='bbox 728 3558 1070 3629; x_wconf 85' lang='grc' dir='ltr'><strong>γενομένοις’</strong></span> <span class='ocrx_word' id='word_1_387' title='bbox 1122 3558 1183 3625; x_wconf 79' lang='grc' dir='ltr'>ἐξ</span> <span class='ocrx_word' id='word_1_388' title='bbox 1211 3558 1453 3629; x_wconf 82' lang='grc' dir='ltr'><strong>ἀσπόρου</strong></span> <span class='ocrx_word' id='word_1_389' title='bbox 1500 3557 1815 3628; x_wconf 74' lang='grc' dir='ltr'><strong>βλαστήσεις</strong></span> <span class='ocrx_word' id='word_1_390' title='bbox 1844 3574 1946 3626; x_wconf 88' lang='grc' dir='ltr'><strong>γα-</strong></span> 
     </span>
    </p>
   </div>
   <div class='ocr_carea' id='block_1_67' title="bbox 1989 3557 3618 3629">
    <p class='ocr_par' dir='ltr' id='par_1_67' title="bbox 2049 3557 3618 3629">
     <span class='ocr_line' id='line_1_67' title="bbox 2049 3557 3618 3629; baseline -0.003 -17"><span class='ocrx_word' id='word_1_391' title='bbox 2049 3557 2266 3613; x_wconf 86' lang='lat' dir='ltr'><strong>festavit</strong></span> <span class='ocrx_word' id='word_1_392' title='bbox 2289 3557 2533 3623; x_wconf 87' lang='lat' dir='ltr'><strong>Creator,</strong></span> <span class='ocrx_word' id='word_1_393' title='bbox 2564 3575 2763 3613; x_wconf 90' lang='lat' dir='ltr'><strong>novum</strong></span> <span class='ocrx_word' id='word_1_394' title='bbox 2788 3558 3028 3623; x_wconf 86' lang='lat' dir='ltr'><strong>ostendit</strong></span> <span class='ocrx_word' id='word_1_395' title='bbox 3051 3572 3220 3629; x_wconf 87' lang='lat' dir='ltr'><strong>genus</strong></span> <span class='ocrx_word' id='word_1_396' title='bbox 3248 3564 3618 3610; x_wconf 66' lang='lat' dir='ltr'><strong>creaturaemx</strong></span> 
     </span>
    </p>
   </div>
   <div class='ocr_carea' id='block_1_68' title="bbox 376 3641 2005 3721">
    <p class='ocr_par' dir='ltr' id='par_1_68' title="bbox 376 3641 1943 3717">
     <span class='ocr_line' id='line_1_68' title="bbox 376 3641 1943 3717; baseline -0.001 -16"><span class='ocrx_word' id='word_1_397' title='bbox 376 3649 558 3717; x_wconf 82' lang='grc' dir='ltr'><strong>στρὸς,</strong></span> <span class='ocrx_word' id='word_1_398' title='bbox 596 3650 690 3701; x_wconf 72' lang='grc' dir='ltr'><strong>καὶ</strong></span> <span class='ocrx_word' id='word_1_399' title='bbox 734 3646 972 3715; x_wconf 80' lang='grc' dir='ltr'><strong>φυλάξας</strong></span> <span class='ocrx_word' id='word_1_400' title='bbox 1031 3646 1253 3717; x_wconf 81' lang='grc' dir='ltr'><strong>ταύτην,</strong></span> <span class='ocrx_word' id='word_1_401' title='bbox 1296 3647 1485 3716; x_wconf 83' lang='grc' dir='ltr'><strong>ὥσπερ</strong></span> <span class='ocrx_word' id='word_1_402' title='bbox 1543 3641 1629 3716; x_wconf 77' lang='grc' dir='ltr'><strong>ἦν,</strong></span> <span class='ocrx_word' id='word_1_403' title='bbox 1690 3646 1943 3717; x_wconf 82' lang='grc' dir='ltr'><strong>ἄφθορον,</strong></span> 
     </span>
    </p>
   </div>
   <div class='ocr_carea' id='block_1_69' title="bbox 1991 3641 3620 3721">
    <p class='ocr_par' dir='ltr' id='par_1_69' title="bbox 2049 3649 3620 3721">
     <span class='ocr_line' id='line_1_69' title="bbox 2049 3649 3620 3721; baseline -0.003 -16"><span class='ocrx_word' id='word_1_404' title='bbox 2049 3659 2235 3705; x_wconf 86' lang='lat' dir='ltr'><strong>ventre</strong></span> <span class='ocrx_word' id='word_1_405' title='bbox 2260 3649 2405 3704; x_wconf 91' lang='lat' dir='ltr'><strong>enim</strong></span> <span class='ocrx_word' id='word_1_406' title='bbox 2434 3651 2757 3721; x_wconf 79' lang='lat' dir='ltr'><strong>germinavit</strong></span> <span class='ocrx_word' id='word_1_407' title='bbox 2781 3651 2900 3705; x_wconf 85' lang='lat' dir='ltr'><strong>sine</strong></span> <span class='ocrx_word' id='word_1_408' title='bbox 2927 3651 3156 3715; x_wconf 89' lang='lat' dir='ltr'><strong>semine,</strong></span> <span class='ocrx_word' id='word_1_409' title='bbox 3184 3649 3467 3719; x_wconf 87' lang='lat' dir='ltr'><strong>ipsumque</strong></span> <span class='ocrx_word' id='word_1_410' title='bbox 3492 3662 3620 3702; x_wconf 88' lang='lat' dir='ltr'><strong>ven-</strong></span> 
     </span>
    </p>
   </div>
   <div class='ocr_carea' id='block_1_70' title="bbox 378 3735 2007 3812">
    <p class='ocr_par' dir='ltr' id='par_1_70' title="bbox 378 3735 1945 3811">
     <span class='ocr_line' id='line_1_70' title="bbox 378 3735 1945 3811; baseline 0.002 -22"><span class='ocrx_word' id='word_1_411' title='bbox 378 3738 465 3790; x_wconf 87' lang='grc' dir='ltr'><strong>ῖνα</strong></span> <span class='ocrx_word' id='word_1_412' title='bbox 510 3737 570 3791; x_wconf 82' lang='grc' dir='ltr'><strong>τὸ</strong></span> <span class='ocrx_word' id='word_1_413' title='bbox 618 3735 801 3809; x_wconf 81' lang='grc' dir='ltr'><strong>θαῦμα</strong></span> <span class='ocrx_word' id='word_1_414' title='bbox 847 3736 1157 3807; x_wconf 86' lang='grc' dir='ltr'><strong>βλέποντες,</strong></span> <span class='ocrx_word' id='word_1_415' title='bbox 1197 3738 1532 3810; x_wconf 84' lang='grc' dir='ltr'><strong>ὑμνήσωμεν</strong></span> <span class='ocrx_word' id='word_1_416' title='bbox 1575 3737 1742 3811; x_wconf 80' lang='grc' dir='ltr'><strong>αὐτὴν</strong></span> <span class='ocrx_word' id='word_1_417' title='bbox 1782 3738 1945 3810; x_wconf 85' lang='grc' dir='ltr'><strong>βοῶν·</strong></span> 
     </span>
    </p>
   </div>
   <div class='ocr_carea' id='block_1_71' title="bbox 1992 3735 3621 3812">
    <p class='ocr_par' dir='ltr' id='par_1_71' title="bbox 2048 3740 3621 3812">
     <span class='ocr_line' id='line_1_71' title="bbox 2048 3740 3621 3812; baseline -0.003 -16"><span class='ocrx_word' id='word_1_418' title='bbox 2048 3751 2186 3796; x_wconf 89' lang='lat' dir='ltr'><strong>trem</strong></span> <span class='ocrx_word' id='word_1_419' title='bbox 2222 3742 2457 3812; x_wconf 89' lang='lat' dir='ltr'><strong>reliquit,</strong></span> <span class='ocrx_word' id='word_1_420' title='bbox 2489 3743 2649 3798; x_wconf 88' lang='lat' dir='ltr'><strong>sicuti</strong></span> <span class='ocrx_word' id='word_1_421' title='bbox 2685 3752 2821 3807; x_wconf 89' lang='lat' dir='ltr'><strong>erat,</strong></span> <span class='ocrx_word' id='word_1_422' title='bbox 2856 3742 3265 3811; x_wconf 88' lang='lat' dir='ltr'><strong>incorruptum;</strong></span> <span class='ocrx_word' id='word_1_423' title='bbox 3298 3750 3356 3794; x_wconf 93' lang='lat' dir='ltr'><strong>ut</strong></span> <span class='ocrx_word' id='word_1_424' title='bbox 3393 3756 3494 3795; x_wconf 88' lang='lat' dir='ltr'><strong>nos</strong></span> <span class='ocrx_word' id='word_1_425' title='bbox 3517 3740 3621 3793; x_wconf 88' lang='lat' dir='ltr'><strong>mi-</strong></span> 
     </span>
    </p>
   </div>
   <div class='ocr_carea' id='block_1_72' title="bbox 374 3833 3621 3905">
    <p class='ocr_par' dir='ltr' id='par_1_72' title="bbox 374 3833 3621 3905">
     <span class='ocr_line' id='line_1_72' title="bbox 374 3833 3621 3905; baseline -0.002 -12"><span class='ocrx_word' id='word_1_426' title='bbox 374 3845 482 3893; x_wconf 73' lang='grc' dir='ltr'><strong>τες.</strong></span> <span class='ocrx_word' id='word_1_427' title='bbox 2048 3837 2290 3891; x_wconf 88' lang='lat' dir='ltr'><strong>raculum</strong></span> <span class='ocrx_word' id='word_1_428' title='bbox 2338 3837 2586 3892; x_wconf 87' lang='lat' dir='ltr'><strong>videntes</strong></span> <span class='ocrx_word' id='word_1_429' title='bbox 2648 3836 2935 3891; x_wconf 86' lang='lat' dir='ltr'><strong>laudemus</strong></span> <span class='ocrx_word' id='word_1_430' title='bbox 2982 3836 3151 3905; x_wconf 88' lang='lat' dir='ltr'><strong>ipsam</strong></span> <span class='ocrx_word' id='word_1_431' title='bbox 3186 3833 3465 3904; x_wconf 79' lang='lat' dir='ltr'><strong>Virginem</strong></span> <span class='ocrx_word' id='word_1_432' title='bbox 3514 3833 3621 3887; x_wconf 79' lang='lat' dir='ltr'><strong>cla-</strong></span> 
     </span>
    </p>
   </div>
   <div class='ocr_carea' id='block_1_73' title="bbox 2048 3938 2308 3984">
    <p class='ocr_par' dir='ltr' id='par_1_73' title="bbox 2048 3938 2308 3984">
     <span class='ocr_line' id='line_1_73' title="bbox 2048 3938 2308 3984; baseline 0 -1"><span class='ocrx_word' id='word_1_433' title='bbox 2048 3944 2170 3984; x_wconf 90' lang='lat' dir='ltr'><strong>man</strong></span> <span class='ocrx_word' id='word_1_434' title='bbox 2180 3938 2259 3984; x_wconf 80' lang='lat' dir='ltr'><strong>lCS</strong></span> <span class='ocrx_word' id='word_1_435' title='bbox 2294 3947 2308 3983; x_wconf 70' lang='grc' dir='ltr'>ζ</span> 
     </span>
    </p>
   </div>
   <div class='ocr_carea' id='block_1_74' title="bbox 442 4010 2071 4091">
    <p class='ocr_par' dir='ltr' id='par_1_74' title="bbox 442 4010 1405 4082">
     <span class='ocr_line' id='line_1_74' title="bbox 442 4010 1405 4082; baseline 0 -18"><span class='ocrx_word' id='word_1_436' title='bbox 442 4011 637 4082; x_wconf 86' lang='grc' dir='ltr'><strong>Χαῖρε,</strong></span> <span class='ocrx_word' id='word_1_437' title='bbox 668 4010 729 4064; x_wconf 82' lang='grc' dir='ltr'><strong>τὸ</strong></span> <span class='ocrx_word' id='word_1_438' title='bbox 760 4010 921 4076; x_wconf 74' lang='grc' dir='ltr'><strong>ἄνθος</strong></span> <span class='ocrx_word' id='word_1_439' title='bbox 950 4010 1051 4081; x_wconf 85' lang='grc' dir='ltr'><strong>τῆς</strong></span> <span class='ocrx_word' id='word_1_440' title='bbox 1076 4011 1405 4082; x_wconf 88' lang='grc' dir='ltr'><strong>ἀφθαρσίας.</strong></span> 
     </span>
    </p>
   </div>
   <div class='ocr_carea' id='block_1_75' title="bbox 1324 4010 2953 4091">
    <p class='ocr_par' dir='ltr' id='par_1_75' title="bbox 1324 4019 2953 4091">
     <span class='ocr_line' id='line_1_75' title="bbox 1324 4019 2953 4091; baseline -0.002 -15"><span class='ocrx_word' id='word_1_441' title='bbox 1324 4029 1405 4076; x_wconf 76' lang='grc' dir='ltr'><strong>ας-</strong></span> <span class='ocrx_word' id='word_1_442' title='bbox 2114 4019 2250 4088; x_wconf 86' lang='lat' dir='ltr'><strong>Ave,</strong></span> <span class='ocrx_word' id='word_1_443' title='bbox 2280 4020 2379 4076; x_wconf 83' lang='lat' dir='ltr'><strong>flos</strong></span> <span class='ocrx_word' id='word_1_444' title='bbox 2407 4020 2953 4091; x_wconf 84' lang='lat' dir='ltr'><strong>incorruptibilitatis.</strong></span> 
     </span>
    </p>
   </div>
   <div class='ocr_carea' id='block_1_76' title="bbox 445 4102 2074 4178">
    <p class='ocr_par' dir='ltr' id='par_1_76' title="bbox 445 4102 1459 4176">
     <span class='ocr_line' id='line_1_76' title="bbox 445 4102 1459 4176; baseline 0.003 -21"><span class='ocrx_word' id='word_1_445' title='bbox 445 4103 638 4175; x_wconf 87' lang='grc' dir='ltr'><strong>Χαῖρε,</strong></span> <span class='ocrx_word' id='word_1_446' title='bbox 667 4102 727 4157; x_wconf 86' lang='grc' dir='ltr'><strong>τὸ</strong></span> <span class='ocrx_word' id='word_1_447' title='bbox 756 4102 954 4173; x_wconf 88' lang='grc' dir='ltr'><strong>στέφος</strong></span> <span class='ocrx_word' id='word_1_448' title='bbox 979 4104 1079 4174; x_wconf 79' lang='grc' dir='ltr'><strong>τῆς</strong></span> <span class='ocrx_word' id='word_1_449' title='bbox 1108 4106 1459 4176; x_wconf 76' lang='grc' dir='ltr'><strong>ἐγκρατείας.</strong></span> 
     </span>
    </p>
   </div>
   <div class='ocr_carea' id='block_1_77' title="bbox 1255 4102 2884 4178">
    <p class='ocr_par' dir='ltr' id='par_1_77' title="bbox 1255 4106 2884 4178">
     <span class='ocr_line' id='line_1_77' title="bbox 1255 4106 2884 4178; baseline 0.005 -21"><span class='ocrx_word' id='word_1_450' title='bbox 1255 4106 1459 4168; x_wconf 75' lang='grc' dir='ltr'><strong>ατείας.</strong></span> <span class='ocrx_word' id='word_1_451' title='bbox 2116 4111 2250 4178; x_wconf 87' lang='lat' dir='ltr'><strong>Ave,</strong></span> <span class='ocrx_word' id='word_1_452' title='bbox 2289 4126 2489 4166; x_wconf 89' lang='lat' dir='ltr'><strong>corona</strong></span> <span class='ocrx_word' id='word_1_453' title='bbox 2516 4113 2884 4167; x_wconf 53' lang='lat' dir='ltr'><strong>continentia}.</strong></span> 
     </span>
    </p>
   </div>
   <div class='ocr_carea' id='block_1_78' title="bbox 440 4195 2069 4275">
    <p class='ocr_par' dir='ltr' id='par_1_78' title="bbox 440 4195 1749 4268">
     <span class='ocr_line' id='line_1_78' title="bbox 440 4195 1749 4268; baseline 0.003 -20"><span class='ocrx_word' id='word_1_454' title='bbox 440 4196 633 4266; x_wconf 89' lang='grc' dir='ltr'><strong>Χαῖρε,</strong></span> <span class='ocrx_word' id='word_1_455' title='bbox 666 4195 767 4263; x_wconf 84' lang='grc' dir='ltr'><strong>τῆς</strong></span> <span class='ocrx_word' id='word_1_456' title='bbox 792 4196 1140 4261; x_wconf 84' lang='grc' dir='ltr'><strong>ἀναστάσεως</strong></span> <span class='ocrx_word' id='word_1_457' title='bbox 1172 4196 1341 4251; x_wconf 87' lang='grc' dir='ltr'><strong>τύπον</strong></span> <span class='ocrx_word' id='word_1_458' title='bbox 1369 4197 1749 4268; x_wconf 79' lang='grc' dir='ltr'><strong>ἐκλάμπουσα.</strong></span> 
     </span>
    </p>
   </div>
   <div class='ocr_carea' id='block_1_79' title="bbox 1870 4195 3499 4275">
    <p class='ocr_par' dir='ltr' id='par_1_79' title="bbox 2117 4204 3499 4275">
     <span class='ocr_line' id='line_1_79' title="bbox 2117 4204 3499 4275; baseline -0.001 -18"><span class='ocrx_word' id='word_1_459' title='bbox 2117 4204 2252 4271; x_wconf 90' lang='lat' dir='ltr'><strong>Ave,</strong></span> <span class='ocrx_word' id='word_1_460' title='bbox 2282 4220 2404 4274; x_wconf 73' lang='lat' dir='ltr'><strong>qua:</strong></span> <span class='ocrx_word' id='word_1_461' title='bbox 2437 4210 2621 4274; x_wconf 90' lang='lat' dir='ltr'><strong>typum</strong></span> <span class='ocrx_word' id='word_1_462' title='bbox 2649 4205 3067 4260; x_wconf 89' lang='lat' dir='ltr'><strong>resurrectionis</strong></span> <span class='ocrx_word' id='word_1_463' title='bbox 3098 4213 3499 4275; x_wconf 65' lang='lat' dir='ltr'><strong>prtemonstras.</strong></span> 
     </span>
    </p>
   </div>
   <div class='ocr_carea' id='block_1_80' title="bbox 442 4287 2071 4368">
    <p class='ocr_par' dir='ltr' id='par_1_80' title="bbox 442 4287 1713 4361">
     <span class='ocr_line' id='line_1_80' title="bbox 442 4287 1713 4361; baseline 0.004 -21"><span class='ocrx_word' id='word_1_464' title='bbox 442 4288 637 4358; x_wconf 83' lang='grc' dir='ltr'><strong>Χαῖρε,</strong></span> <span class='ocrx_word' id='word_1_465' title='bbox 668 4288 778 4341; x_wconf 91' lang='grc' dir='ltr'><strong>τῶν</strong></span> <span class='ocrx_word' id='word_1_466' title='bbox 806 4288 1054 4357; x_wconf 84' lang='grc' dir='ltr'><strong>ἀγγέλων</strong></span> <span class='ocrx_word' id='word_1_467' title='bbox 1087 4288 1177 4343; x_wconf 82' lang='grc' dir='ltr'><strong>τὸν</strong></span> <span class='ocrx_word' id='word_1_468' title='bbox 1207 4289 1320 4358; x_wconf 85' lang='grc' dir='ltr'><strong>βίον</strong></span> <span class='ocrx_word' id='word_1_469' title='bbox 1353 4287 1713 4361; x_wconf 78' lang='grc' dir='ltr'><strong>ἐμφαίνουσα.</strong></span> 
     </span>
    </p>
   </div>
   <div class='ocr_carea' id='block_1_81' title="bbox 1705 4287 3334 4368">
    <p class='ocr_par' dir='ltr' id='par_1_81' title="bbox 1705 4296 3334 4368">
     <span class='ocr_line' id='line_1_81' title="bbox 1705 4296 3334 4368; baseline -0.002 -16"><span class='ocrx_word' id='word_1_470' title='bbox 1705 4330 1713 4345; x_wconf 72' lang='grc' dir='ltr'>ι</span> <span class='ocrx_word' id='word_1_471' title='bbox 2114 4296 2249 4362; x_wconf 89' lang='lat' dir='ltr'><strong>Ave,</strong></span> <span class='ocrx_word' id='word_1_472' title='bbox 2277 4312 2398 4366; x_wconf 63' lang='lat' dir='ltr'><strong>qua;</strong></span> <span class='ocrx_word' id='word_1_473' title='bbox 2419 4297 2731 4368; x_wconf 89' lang='lat' dir='ltr'><strong>angelorum</strong></span> <span class='ocrx_word' id='word_1_474' title='bbox 2761 4296 2925 4350; x_wconf 89' lang='lat' dir='ltr'><strong>vitam</strong></span> <span class='ocrx_word' id='word_1_475' title='bbox 2960 4304 3334 4366; x_wconf 58' lang='lat' dir='ltr'><strong>repraesentas.</strong></span> 
     </span>
    </p>
   </div>
   <div class='ocr_carea' id='block_1_82' title="bbox 443 4376 2072 4457">
    <p class='ocr_par' dir='ltr' id='par_1_82' title="bbox 443 4376 1943 4454">
     <span class='ocr_line' id='line_1_82' title="bbox 443 4376 1943 4454; baseline 0.003 -22"><span class='ocrx_word' id='word_1_476' title='bbox 443 4380 634 4450; x_wconf 88' lang='grc' dir='ltr'><strong>Χαῖρε,</strong></span> <span class='ocrx_word' id='word_1_477' title='bbox 668 4379 882 4451; x_wconf 84' lang='grc' dir='ltr'><strong>δένδρον</strong></span> <span class='ocrx_word' id='word_1_478' title='bbox 912 4380 1314 4454; x_wconf 81' lang='grc' dir='ltr'><strong>ἀγλαόκαρπον,</strong></span> <span class='ocrx_word' id='word_1_479' title='bbox 1358 4382 1416 4449; x_wconf 80' lang='grc' dir='ltr'>ἐξ</span> <span class='ocrx_word' id='word_1_480' title='bbox 1457 4376 1519 4437; x_wconf 73' lang='grc' dir='ltr'><strong>οὗ</strong></span> <span class='ocrx_word' id='word_1_481' title='bbox 1544 4382 1834 4453; x_wconf 81' lang='grc' dir='ltr'><strong>τρέφονται</strong></span> <span class='ocrx_word' id='word_1_482' title='bbox 1858 4401 1943 4437; x_wconf 87' lang='grc' dir='ltr'><strong>πι-</strong></span> 
     </span>
    </p>
   </div>
   <div class='ocr_carea' id='block_1_83' title="bbox 1993 4376 3622 4457">
    <p class='ocr_par' dir='ltr' id='par_1_83' title="bbox 2117 4384 3622 4457">
     <span class='ocr_line' id='line_1_83' title="bbox 2117 4384 3622 4457; baseline -0.001 -16"><span class='ocrx_word' id='word_1_483' title='bbox 2117 4387 2254 4452; x_wconf 89' lang='lat' dir='ltr'><strong>Ave,</strong></span> <span class='ocrx_word' id='word_1_484' title='bbox 2307 4387 2467 4442; x_wconf 81' lang='lat' dir='ltr'><strong>arbor</strong></span> <span class='ocrx_word' id='word_1_485' title='bbox 2509 4386 2795 4457; x_wconf 88' lang='lat' dir='ltr'><strong>splendido</strong></span> <span class='ocrx_word' id='word_1_486' title='bbox 2827 4385 3009 4441; x_wconf 88' lang='lat' dir='ltr'><strong>fructu</strong></span> <span class='ocrx_word' id='word_1_487' title='bbox 3059 4386 3232 4451; x_wconf 91' lang='lat' dir='ltr'><strong>dives,</strong></span> <span class='ocrx_word' id='word_1_488' title='bbox 3278 4396 3407 4455; x_wconf 89' lang='lat' dir='ltr'><strong>quo</strong></span> <span class='ocrx_word' id='word_1_489' title='bbox 3438 4384 3622 4440; x_wconf 80' lang='lat' dir='ltr'><strong>ﬁdeles</strong></span> 
     </span>
    </p>
   </div>
   <div class='ocr_carea' id='block_1_84' title="bbox 378 4466 2007 4555">
    <p class='ocr_par' dir='ltr' id='par_1_84' title="bbox 378 4466 2007 4555">
     <span class='ocr_line' id='line_1_84' title="bbox 378 4466 2007 4555; baseline 0.002 -31"><span class='ocrx_word' id='word_1_490' title='bbox 378 4470 514 4527; x_wconf 85' lang='grc' dir='ltr'><strong>στοί.</strong></span> <span class='ocrx_word' id='word_1_491' title='bbox 1106 4466 1109 4469; x_wconf 26' lang='grc'>¹</span> <span class='ocrx_word' id='word_1_492' title='bbox 1976 4500 2007 4555; x_wconf 67' lang='grc' dir='ltr'>ι]</span> 
     </span>
    </p>
   </div>
   <div class='ocr_carea' id='block_1_85' title="bbox 753 4466 2382 4555">
    <p class='ocr_par' dir='ltr' id='par_1_85' title="bbox 1106 4466 2382 4555">
     <span class='ocr_line' id='line_1_85' title="bbox 1106 4466 2382 4555; baseline 0 -21"><span class='ocrx_word' id='word_1_493' title='bbox 1106 4466 1109 4469; x_wconf 8' lang='grc' dir='ltr'><strong>ἢ</strong></span> <span class='ocrx_word' id='word_1_494' title='bbox 1976 4500 2020 4555; x_wconf 81' lang='lat' dir='ltr'><strong>D</strong></span> <span class='ocrx_word' id='word_1_495' title='bbox 2047 4480 2382 4535; x_wconf 88' lang='lat' dir='ltr'><strong>nutriuntur.</strong></span> 
     </span>
    </p>
   </div>
   <div class='ocr_carea' id='block_1_86' title="bbox 444 4562 2073 4644">
    <p class='ocr_par' dir='ltr' id='par_1_86' title="bbox 444 4562 1945 4640">
     <span class='ocr_line' id='line_1_86' title="bbox 444 4562 1945 4640; baseline 0.007 -23"><span class='ocrx_word' id='word_1_496' title='bbox 444 4566 638 4637; x_wconf 90' lang='grc' dir='ltr'><strong>Χαῖρε,</strong></span> <span class='ocrx_word' id='word_1_497' title='bbox 669 4564 823 4632; x_wconf 74' lang='grc' dir='ltr'><strong>ξύλον</strong></span> <span class='ocrx_word' id='word_1_498' title='bbox 848 4568 1257 4639; x_wconf 84' lang='grc' dir='ltr'><strong>εύσκιόφυλλον,</strong></span> <span class='ocrx_word' id='word_1_499' title='bbox 1283 4562 1460 4640; x_wconf 62' lang='grc' dir='ltr'><strong>ὑφ’νοῦ</strong></span> <span class='ocrx_word' id='word_1_500' title='bbox 1491 4571 1786 4626; x_wconf 86' lang='grc' dir='ltr'><strong>σκέπονται</strong></span> <span class='ocrx_word' id='word_1_501' title='bbox 1818 4572 1945 4627; x_wconf 88' lang='grc' dir='ltr'><strong>πολ-</strong></span> 
     </span>
    </p>
   </div>
   <div class='ocr_carea' id='block_1_87' title="bbox 1987 4562 3616 4644">
    <p class='ocr_par' dir='ltr' id='par_1_87' title="bbox 2118 4572 3616 4644">
     <span class='ocr_line' id='line_1_87' title="bbox 2118 4572 3616 4644; baseline -0.001 -18"><span class='ocrx_word' id='word_1_502' title='bbox 2118 4574 2253 4637; x_wconf 91' lang='lat' dir='ltr'><strong>Ave,</strong></span> <span class='ocrx_word' id='word_1_503' title='bbox 2284 4573 2511 4643; x_wconf 86' lang='lat' dir='ltr'><strong>lignum,</strong></span> <span class='ocrx_word' id='word_1_504' title='bbox 2544 4573 2699 4643; x_wconf 88' lang='lat' dir='ltr'><strong>cujus</strong></span> <span class='ocrx_word' id='word_1_505' title='bbox 2739 4580 2887 4644; x_wconf 89' lang='lat' dir='ltr'><strong>grata</strong></span> <span class='ocrx_word' id='word_1_506' title='bbox 2934 4572 3185 4628; x_wconf 87' lang='lat' dir='ltr'><strong>foliorum</strong></span> <span class='ocrx_word' id='word_1_507' title='bbox 3218 4572 3405 4625; x_wconf 88' lang='lat' dir='ltr'><strong>umbra</strong></span> <span class='ocrx_word' id='word_1_508' title='bbox 3437 4579 3616 4641; x_wconf 88' lang='lat' dir='ltr'><strong>prote-</strong></span> 
     </span>
    </p>
   </div>
   <div class='ocr_carea' id='block_1_88' title="bbox 376 4658 2005 4737">
    <p class='ocr_par' dir='ltr' id='par_1_88' title="bbox 376 4658 478 4716">
     <span class='ocr_line' id='line_1_88' title="bbox 376 4658 478 4716; baseline 0 -3"><span class='ocrx_word' id='word_1_509' title='bbox 376 4658 478 4716; x_wconf 87' lang='grc' dir='ltr'><strong>λοί.</strong></span> 
     </span>
    </p>
   </div>
   <div class='ocr_carea' id='block_1_89' title="bbox 835 4658 2464 4737">
    <p class='ocr_par' dir='ltr' id='par_1_89' title="bbox 2051 4664 2464 4737">
     <span class='ocr_line' id='line_1_89' title="bbox 2051 4664 2464 4737; baseline 0 -18"><span class='ocrx_word' id='word_1_510' title='bbox 2051 4671 2253 4737; x_wconf 87' lang='lat' dir='ltr'><strong>guntur</strong></span> <span class='ocrx_word' id='word_1_511' title='bbox 2282 4664 2464 4719; x_wconf 90' lang='lat' dir='ltr'><strong>multi.</strong></span> 
     </span>
    </p>
   </div>
   <div class='ocr_carea' id='block_1_90' title="bbox 441 4751 2070 4829">
    <p class='ocr_par' dir='ltr' id='par_1_90' title="bbox 441 4751 1635 4824">
     <span class='ocr_line' id='line_1_90' title="bbox 441 4751 1635 4824; baseline 0.002 -18"><span class='ocrx_word' id='word_1_512' title='bbox 441 4752 633 4824; x_wconf 84' lang='grc' dir='ltr'><strong>Χαῖρε,</strong></span> <span class='ocrx_word' id='word_1_513' title='bbox 658 4751 1002 4822; x_wconf 82' lang='grc' dir='ltr'><strong>κυοφοροῦσα</strong></span> <span class='ocrx_word' id='word_1_514' title='bbox 1026 4752 1217 4824; x_wconf 79' lang='grc' dir='ltr'><strong>ὁδηγὸν</strong></span> <span class='ocrx_word' id='word_1_515' title='bbox 1244 4752 1635 4824; x_wconf 80' lang='grc' dir='ltr'><strong>πλανωμένοις.</strong></span> 
     </span>
    </p>
   </div>
   <div class='ocr_carea' id='block_1_91' title="bbox 1835 4751 3464 4829">
    <p class='ocr_par' dir='ltr' id='par_1_91' title="bbox 2121 4757 3464 4829">
     <span class='ocr_line' id='line_1_91' title="bbox 2121 4757 3464 4829; baseline 0.001 -18"><span class='ocrx_word' id='word_1_516' title='bbox 2121 4758 2258 4826; x_wconf 86' lang='lat' dir='ltr'><strong>Ave,</strong></span> <span class='ocrx_word' id='word_1_517' title='bbox 2286 4772 2405 4826; x_wconf 68' lang='lat' dir='ltr'><strong>quae</strong></span> <span class='ocrx_word' id='word_1_518' title='bbox 2433 4765 2613 4829; x_wconf 85' lang='lat' dir='ltr'><strong>gestas</strong></span> <span class='ocrx_word' id='word_1_519' title='bbox 2641 4757 2696 4812; x_wconf 91' lang='lat' dir='ltr'><strong>in</strong></span> <span class='ocrx_word' id='word_1_520' title='bbox 2732 4768 2887 4813; x_wconf 91' lang='lat' dir='ltr'><strong>utero</strong></span> <span class='ocrx_word' id='word_1_521' title='bbox 2914 4757 3109 4814; x_wconf 89' lang='lat' dir='ltr'><strong>ducem</strong></span> <span class='ocrx_word' id='word_1_522' title='bbox 3138 4760 3464 4814; x_wconf 89' lang='lat' dir='ltr'><strong>errantibus.</strong></span> 
     </span>
    </p>
   </div>
   <div class='ocr_carea' id='block_1_92' title="bbox 444 4838 2073 4921">
    <p class='ocr_par' dir='ltr' id='par_1_92' title="bbox 444 4843 1881 4921">
     <span class='ocr_line' id='line_1_92' title="bbox 444 4843 1881 4921; baseline 0.004 -25"><span class='ocrx_word' id='word_1_523' title='bbox 444 4843 638 4913; x_wconf 81' lang='grc' dir='ltr'><strong>Χαῖρε,</strong></span> <span class='ocrx_word' id='word_1_524' title='bbox 673 4844 1037 4912; x_wconf 88' lang='grc' dir='ltr'><strong>ἀπογεννῶσα</strong></span> <span class='ocrx_word' id='word_1_525' title='bbox 1070 4843 1347 4916; x_wconf 82' lang='grc' dir='ltr'><strong>λυτρωτὴν</strong></span> <span class='ocrx_word' id='word_1_526' title='bbox 1388 4846 1773 4917; x_wconf 83' lang='grc' dir='ltr'><strong>αἰχμαλώτοις.</strong></span> <span class='ocrx_word' id='word_1_527' title='bbox 1868 4906 1881 4921; x_wconf 86' lang='lat'><strong>__</strong></span> 
     </span>
    </p>
   </div>
   <div class='ocr_carea' id='block_1_93' title="bbox 1679 4838 3308 4921">
    <p class='ocr_par' dir='ltr' id='par_1_93' title="bbox 1679 4838 3308 4921">
     <span class='ocr_line' id='line_1_93' title="bbox 1679 4838 3308 4921; baseline 0.002 -22"><span class='ocrx_word' id='word_1_528' title='bbox 1679 4864 1773 4911; x_wconf 85' lang='grc' dir='ltr'><strong>οις.</strong></span> <span class='ocrx_word' id='word_1_529' title='bbox 1868 4906 1881 4921; x_wconf 87' lang='lat'><strong>__</strong></span> <span class='ocrx_word' id='word_1_530' title='bbox 2120 4848 2256 4913; x_wconf 90' lang='lat' dir='ltr'><strong>Ave,</strong></span> <span class='ocrx_word' id='word_1_531' title='bbox 2285 4865 2405 4918; x_wconf 66' lang='lat' dir='ltr'><strong>quae</strong></span> <span class='ocrx_word' id='word_1_532' title='bbox 2434 4838 2608 4920; x_wconf 86' lang='lat' dir='ltr'><strong>gignis</strong></span> <span class='ocrx_word' id='word_1_533' title='bbox 2632 4848 3033 4918; x_wconf 88' lang='lat' dir='ltr'><strong>redemptorem</strong></span> <span class='ocrx_word' id='word_1_534' title='bbox 3060 4848 3308 4920; x_wconf 88' lang='lat' dir='ltr'><strong>captivis.</strong></span> 
     </span>
    </p>
   </div>
   <div class='ocr_carea' id='block_1_94' title="bbox 444 4934 2073 5009">
    <p class='ocr_par' dir='ltr' id='par_1_94' title="bbox 444 4934 1456 5008">
     <span class='ocr_line' id='line_1_94' title="bbox 444 4934 1456 5008; baseline 0.002 -20"><span class='ocrx_word' id='word_1_535' title='bbox 444 4934 637 5005; x_wconf 89' lang='grc' dir='ltr'><strong>Χαῖρε,</strong></span> <span class='ocrx_word' id='word_1_536' title='bbox 669 4935 856 5004; x_wconf 81' lang='grc' dir='ltr'><strong>κριτοῦ</strong></span> <span class='ocrx_word' id='word_1_537' title='bbox 883 4936 1093 4989; x_wconf 85' lang='grc' dir='ltr'><strong>δικαίου</strong></span> <span class='ocrx_word' id='word_1_538' title='bbox 1122 4936 1456 5008; x_wconf 84' lang='grc' dir='ltr'><strong>δυσώπησις.</strong></span> 
     </span>
    </p>
   </div>
   <div class='ocr_carea' id='block_1_95' title="bbox 1301 4934 2930 5009">
    <p class='ocr_par' dir='ltr' id='par_1_95' title="bbox 1301 4940 2930 5009">
     <span class='ocr_line' id='line_1_95' title="bbox 1301 4940 2930 5009; baseline 0.004 -20"><span class='ocrx_word' id='word_1_539' title='bbox 1301 4954 1456 5008; x_wconf 76' lang='grc' dir='ltr'><strong>τησις.</strong></span> <span class='ocrx_word' id='word_1_540' title='bbox 2122 4941 2257 5005; x_wconf 91' lang='lat' dir='ltr'><strong>Ave,</strong></span> <span class='ocrx_word' id='word_1_541' title='bbox 2278 4941 2409 5009; x_wconf 88' lang='lat' dir='ltr'><strong>justi</strong></span> <span class='ocrx_word' id='word_1_542' title='bbox 2440 4940 2638 5009; x_wconf 87' lang='lat' dir='ltr'><strong>judicis</strong></span> <span class='ocrx_word' id='word_1_543' title='bbox 2669 4941 2930 4995; x_wconf 82' lang='lat' dir='ltr'><strong>exoratio.</strong></span> 
     </span>
    </p>
   </div>
   <div class='ocr_carea' id='block_1_96' title="bbox 446 5024 2075 5102">
    <p class='ocr_par' dir='ltr' id='par_1_96' title="bbox 446 5024 1611 5099">
     <span class='ocr_line' id='line_1_96' title="bbox 446 5024 1611 5099; baseline 0.003 -20"><span class='ocrx_word' id='word_1_544' title='bbox 446 5026 638 5097; x_wconf 89' lang='grc' dir='ltr'><strong>Χαῖρε,</strong></span> <span class='ocrx_word' id='word_1_545' title='bbox 670 5026 883 5080; x_wconf 86' lang='grc' dir='ltr'><strong>πολλῶν</strong></span> <span class='ocrx_word' id='word_1_546' title='bbox 914 5026 1217 5081; x_wconf 86' lang='grc' dir='ltr'><strong>πταιόντων</strong></span> <span class='ocrx_word' id='word_1_547' title='bbox 1248 5024 1611 5099; x_wconf 84' lang='grc' dir='ltr'><strong>συγχώρησις.</strong></span> 
     </span>
    </p>
   </div>
   <div class='ocr_carea' id='block_1_97' title="bbox 1708 5024 3337 5102">
    <p class='ocr_par' dir='ltr' id='par_1_97' title="bbox 2120 5030 3337 5102">
     <span class='ocr_line' id='line_1_97' title="bbox 2120 5030 3337 5102; baseline 0 -17"><span class='ocrx_word' id='word_1_548' title='bbox 2120 5030 2255 5097; x_wconf 89' lang='lat' dir='ltr'><strong>Ave,</strong></span> <span class='ocrx_word' id='word_1_549' title='bbox 2287 5032 2580 5085; x_wconf 90' lang='lat' dir='ltr'><strong>multorum</strong></span> <span class='ocrx_word' id='word_1_550' title='bbox 2613 5032 2952 5099; x_wconf 87' lang='lat' dir='ltr'><strong>peccantium</strong></span> <span class='ocrx_word' id='word_1_551' title='bbox 2987 5032 3337 5102; x_wconf 87' lang='lat' dir='ltr'><strong>indulgentia.</strong></span> 
     </span>
    </p>
   </div>
   <div class='ocr_carea' id='block_1_98' title="bbox 444 5117 2073 5191">
    <p class='ocr_par' dir='ltr' id='par_1_98' title="bbox 444 5117 1585 5191">
     <span class='ocr_line' id='line_1_98' title="bbox 444 5117 1585 5191; baseline 0.001 -20"><span class='ocrx_word' id='word_1_552' title='bbox 444 5118 640 5188; x_wconf 90' lang='grc' dir='ltr'><strong>Χαῖρε,</strong></span> <span class='ocrx_word' id='word_1_553' title='bbox 673 5117 832 5189; x_wconf 79' lang='grc' dir='ltr'><strong>στολὴ</strong></span> <span class='ocrx_word' id='word_1_554' title='bbox 855 5119 962 5171; x_wconf 88' lang='grc' dir='ltr'><strong>τῶν</strong></span> <span class='ocrx_word' id='word_1_555' title='bbox 993 5119 1217 5189; x_wconf 88' lang='grc' dir='ltr'><strong>γυμνῶν</strong></span> <span class='ocrx_word' id='word_1_556' title='bbox 1254 5119 1585 5191; x_wconf 78' lang='grc' dir='ltr'><strong>παρρησίας.</strong></span> 
     </span>
    </p>
   </div>
   <div class='ocr_carea' id='block_1_99' title="bbox 1708 5117 3337 5191">
    <p class='ocr_par' dir='ltr' id='par_1_99' title="bbox 2121 5120 3337 5190">
     <span class='ocr_line' id='line_1_99' title="bbox 2121 5120 3337 5190; baseline 0.002 -15"><span class='ocrx_word' id='word_1_557' title='bbox 2121 5120 2257 5185; x_wconf 86' lang='lat' dir='ltr'><strong>Ave,</strong></span> <span class='ocrx_word' id='word_1_558' title='bbox 2284 5122 2419 5176; x_wconf 90' lang='lat' dir='ltr'><strong>stola</strong></span> <span class='ocrx_word' id='word_1_559' title='bbox 2450 5134 2640 5175; x_wconf 91' lang='lat' dir='ltr'><strong>eorum</strong></span> <span class='ocrx_word' id='word_1_560' title='bbox 2676 5120 2768 5190; x_wconf 89' lang='lat' dir='ltr'><strong>qui</strong></span> <span class='ocrx_word' id='word_1_561' title='bbox 2807 5122 2935 5176; x_wconf 91' lang='lat' dir='ltr'><strong>nudi</strong></span> <span class='ocrx_word' id='word_1_562' title='bbox 2966 5131 3093 5176; x_wconf 91' lang='lat' dir='ltr'><strong>sunt</strong></span> <span class='ocrx_word' id='word_1_563' title='bbox 3124 5123 3337 5179; x_wconf 83' lang='lat' dir='ltr'><strong>fiducia.</strong></span> 
     </span>
    </p>
   </div>
   <div class='ocr_carea' id='block_1_100' title="bbox 445 5208 2074 5284">
    <p class='ocr_par' dir='ltr' id='par_1_100' title="bbox 445 5208 1513 5281">
     <span class='ocr_line' id='line_1_100' title="bbox 445 5208 1513 5281; baseline 0.003 -20"><span class='ocrx_word' id='word_1_564' title='bbox 445 5208 638 5279; x_wconf 87' lang='grc' dir='ltr'><strong>Χαῖρε,</strong></span> <span class='ocrx_word' id='word_1_565' title='bbox 667 5210 866 5281; x_wconf 82' lang='grc' dir='ltr'><strong>στοργὴ</strong></span> <span class='ocrx_word' id='word_1_566' title='bbox 902 5210 1079 5265; x_wconf 86' lang='grc' dir='ltr'><strong>πάντα</strong></span> <span class='ocrx_word' id='word_1_567' title='bbox 1102 5210 1265 5265; x_wconf 87' lang='grc' dir='ltr'><strong>πόθον</strong></span> <span class='ocrx_word' id='word_1_568' title='bbox 1286 5210 1513 5265; x_wconf 81' lang='grc' dir='ltr'><strong>νικῶσα.</strong></span> 
     </span>
    </p>
   </div>
   <div class='ocr_carea' id='block_1_101' title="bbox 1674 5208 3303 5284">
    <p class='ocr_par' dir='ltr' id='par_1_101' title="bbox 2121 5212 3303 5284">
     <span class='ocr_line' id='line_1_101' title="bbox 2121 5212 3303 5284; baseline -0.001 -15"><span class='ocrx_word' id='word_1_569' title='bbox 2121 5213 2255 5279; x_wconf 89' lang='lat' dir='ltr'><strong>Ave,</strong></span> <span class='ocrx_word' id='word_1_570' title='bbox 2286 5229 2440 5268; x_wconf 90' lang='lat' dir='ltr'><strong>amor</strong></span> <span class='ocrx_word' id='word_1_571' title='bbox 2468 5228 2631 5267; x_wconf 88' lang='lat' dir='ltr'><strong>omne</strong></span> <span class='ocrx_word' id='word_1_572' title='bbox 2661 5212 2991 5268; x_wconf 90' lang='lat' dir='ltr'><strong>desiderium</strong></span> <span class='ocrx_word' id='word_1_573' title='bbox 3020 5228 3303 5284; x_wconf 87' lang='lat' dir='ltr'><strong>superans.</strong></span> 
     </span>
    </p>
   </div>
   <div class='ocr_carea' id='block_1_102' title="bbox 446 5301 2075 5376">
    <p class='ocr_par' dir='ltr' id='par_1_102' title="bbox 446 5301 1221 5375">
     <span class='ocr_line' id='line_1_102' title="bbox 446 5301 1221 5375; baseline 0.004 -20"><span class='ocrx_word' id='word_1_574' title='bbox 446 5301 641 5372; x_wconf 87' lang='grc' dir='ltr'><strong>Χαῖρε,</strong></span> <span class='ocrx_word' id='word_1_575' title='bbox 671 5302 854 5374; x_wconf 80' lang='grc' dir='ltr'><strong>νύμφη</strong></span> <span class='ocrx_word' id='word_1_576' title='bbox 887 5302 1221 5375; x_wconf 87' lang='grc' dir='ltr'><strong>ἀνύμφευτε.</strong></span> 
     </span>
    </p>
   </div>
   <div class='ocr_carea' id='block_1_103' title="bbox 1149 5301 2778 5376">
    <p class='ocr_par' dir='ltr' id='par_1_103' title="bbox 1149 5306 2778 5376">
     <span class='ocr_line' id='line_1_103' title="bbox 1149 5306 2778 5376; baseline 0 -18"><span class='ocrx_word' id='word_1_577' title='bbox 1149 5321 1221 5360; x_wconf 81' lang='grc' dir='ltr'><strong>τε.</strong></span> <span class='ocrx_word' id='word_1_578' title='bbox 2122 5309 2257 5372; x_wconf 89' lang='lat' dir='ltr'><strong>Ave,</strong></span> <span class='ocrx_word' id='word_1_579' title='bbox 2291 5322 2490 5376; x_wconf 89' lang='lat' dir='ltr'><strong>sponsa</strong></span> <span class='ocrx_word' id='word_1_580' title='bbox 2527 5306 2778 5375; x_wconf 89' lang='lat' dir='ltr'><strong>innupta.</strong></span> 
     </span>
    </p>
   </div>
   <div class='ocr_carea' id='block_1_104' title="bbox 446 5392 2075 5470">
    <p class='ocr_par' dir='ltr' id='par_1_104' title="bbox 446 5392 1947 5470">
     <span class='ocr_line' id='line_1_104' title="bbox 446 5392 1947 5470; baseline 0.004 -23"><span class='ocrx_word' id='word_1_581' title='bbox 446 5393 608 5448; x_wconf 83' lang='grc' dir='ltr'><strong>Ξένον</strong></span> <span class='ocrx_word' id='word_1_582' title='bbox 645 5392 805 5450; x_wconf 87' lang='grc' dir='ltr'><strong>τόκον</strong></span> <span class='ocrx_word' id='word_1_583' title='bbox 851 5393 1049 5459; x_wconf 62' lang='grc' dir='ltr'><strong>ἰδόντες</strong></span> <span class='ocrx_word' id='word_1_584' title='bbox 1089 5396 1407 5469; x_wconf 81' lang='grc' dir='ltr'><strong>ξενωθῶμεν</strong></span> <span class='ocrx_word' id='word_1_585' title='bbox 1444 5398 1538 5451; x_wconf 80' lang='grc' dir='ltr'><strong>τοῦ</strong></span> <span class='ocrx_word' id='word_1_586' title='bbox 1587 5400 1813 5470; x_wconf 81' lang='grc' dir='ltr'><strong>κόσμου,</strong></span> <span class='ocrx_word' id='word_1_587' title='bbox 1857 5401 1947 5453; x_wconf 70' lang='grc' dir='ltr'><strong>τὸν</strong></span> 
     </span>
    </p>
   </div>
   <div class='ocr_carea' id='block_1_105' title="bbox 1991 5392 3620 5470">
    <p class='ocr_par' dir='ltr' id='par_1_105' title="bbox 2124 5397 3620 5470">
     <span class='ocr_line' id='line_1_105' title="bbox 2124 5397 3620 5470; baseline -0.002 -18"><span class='ocrx_word' id='word_1_588' title='bbox 2124 5398 2477 5470; x_wconf 86' lang='lat' dir='ltr'><strong>Peregrinum</strong></span> <span class='ocrx_word' id='word_1_589' title='bbox 2532 5399 2807 5453; x_wconf 90' lang='lat' dir='ltr'><strong>intuentes</strong></span> <span class='ocrx_word' id='word_1_590' title='bbox 2872 5408 3084 5469; x_wconf 88' lang='lat' dir='ltr'><strong>partum</strong></span> <span class='ocrx_word' id='word_1_591' title='bbox 3136 5397 3545 5469; x_wconf 85' lang='lat' dir='ltr'><strong>peregrinemur</strong></span> <span class='ocrx_word' id='word_1_592' title='bbox 3594 5413 3620 5449; x_wconf 89' lang='lat' dir='ltr'><strong>a</strong></span> 
     </span>
    </p>
   </div>
   <div class='ocr_carea' id='block_1_106' title="bbox 379 5484 2008 5563">
    <p class='ocr_par' dir='ltr' id='par_1_106' title="bbox 379 5484 1947 5563">
     <span class='ocr_line' id='line_1_106' title="bbox 379 5484 1947 5563; baseline 0.004 -25"><span class='ocrx_word' id='word_1_593' title='bbox 379 5484 501 5539; x_wconf 82' lang='grc' dir='ltr'><strong>νοῦν</strong></span> <span class='ocrx_word' id='word_1_594' title='bbox 556 5487 636 5549; x_wconf 75' lang='grc' dir='ltr'><strong>εἰς</strong></span> <span class='ocrx_word' id='word_1_595' title='bbox 691 5486 953 5557; x_wconf 76' lang='grc' dir='ltr'><strong>οὐρανοὺς</strong></span> <span class='ocrx_word' id='word_1_596' title='bbox 1008 5487 1365 5558; x_wconf 86' lang='grc' dir='ltr'><strong>μεταθέντες·</strong></span> <span class='ocrx_word' id='word_1_597' title='bbox 1406 5490 1493 5542; x_wconf 76' lang='grc' dir='ltr'><strong>διὰ</strong></span> <span class='ocrx_word' id='word_1_598' title='bbox 1546 5490 1698 5543; x_wconf 73' lang='grc' dir='ltr'><strong>τοῦτο</strong></span> <span class='ocrx_word' id='word_1_599' title='bbox 1758 5492 1868 5563; x_wconf 72' lang='grc' dir='ltr'><strong>γὰρ</strong></span> <span class='ocrx_word' id='word_1_600' title='bbox 1920 5495 1947 5545; x_wconf 86' lang='grc' dir='ltr'>ὀ</span> 
     </span>
    </p>
   </div>
   <div class='ocr_carea' id='block_1_107' title="bbox 1992 5484 3621 5563">
    <p class='ocr_par' dir='ltr' id='par_1_107' title="bbox 2055 5488 3621 5555">
     <span class='ocr_line' id='line_1_107' title="bbox 2055 5488 3621 5555; baseline -0.004 -11"><span class='ocrx_word' id='word_1_601' title='bbox 2055 5492 2278 5555; x_wconf 90' lang='lat' dir='ltr'><strong>mundo,</strong></span> <span class='ocrx_word' id='word_1_602' title='bbox 2332 5500 2571 5545; x_wconf 90' lang='lat' dir='ltr'><strong>mentem</strong></span> <span class='ocrx_word' id='word_1_603' title='bbox 2628 5491 2684 5545; x_wconf 91' lang='lat' dir='ltr'><strong>in</strong></span> <span class='ocrx_word' id='word_1_604' title='bbox 2709 5492 2906 5547; x_wconf 83' lang='lat' dir='ltr'><strong>coelum</strong></span> <span class='ocrx_word' id='word_1_605' title='bbox 2961 5491 3402 5546; x_wconf 82' lang='lat' dir='ltr'><strong>transferentes:</strong></span> <span class='ocrx_word' id='word_1_606' title='bbox 3447 5488 3518 5542; x_wconf 92' lang='lat' dir='ltr'><strong>ob</strong></span> <span class='ocrx_word' id='word_1_607' title='bbox 3570 5488 3621 5540; x_wconf 79' lang='grc' dir='ltr'><strong>ίιΙ</strong></span> 
     </span>
    </p>
   </div>
   <div class='ocr_carea' id='block_1_108' title="bbox 380 5575 2009 5652">
    <p class='ocr_par' dir='ltr' id='par_1_108' title="bbox 380 5575 1946 5652">
     <span class='ocr_line' id='line_1_108' title="bbox 380 5575 1946 5652; baseline 0.005 -25"><span class='ocrx_word' id='word_1_608' title='bbox 380 5575 583 5645; x_wconf 78' lang='grc' dir='ltr'><strong>ὑψηλὸς</strong></span> <span class='ocrx_word' id='word_1_609' title='bbox 608 5576 742 5641; x_wconf 81' lang='grc' dir='ltr'><strong>Θεδς</strong></span> <span class='ocrx_word' id='word_1_610' title='bbox 772 5577 867 5630; x_wconf 74' lang='grc' dir='ltr'><strong>ἐπὶ</strong></span> <span class='ocrx_word' id='word_1_611' title='bbox 885 5577 989 5648; x_wconf 83' lang='grc' dir='ltr'><strong>γῆς</strong></span> <span class='ocrx_word' id='word_1_612' title='bbox 1016 5578 1187 5651; x_wconf 83' lang='grc' dir='ltr'><strong>ἐφάνη</strong></span> <span class='ocrx_word' id='word_1_613' title='bbox 1220 5580 1472 5644; x_wconf 76' lang='grc' dir='ltr'><strong>ταπεινὸς</strong></span> <span class='ocrx_word' id='word_1_614' title='bbox 1494 5582 1797 5650; x_wconf 75' lang='grc' dir='ltr'><strong>ἄνθρωπος,</strong></span> <span class='ocrx_word' id='word_1_615' title='bbox 1822 5585 1946 5652; x_wconf 76' lang='grc' dir='ltr'><strong>βου-</strong></span> 
     </span>
    </p>
   </div>
   <div class='ocr_carea' id='block_1_109' title="bbox 1997 5575 3626 5652">
    <p class='ocr_par' dir='ltr' id='par_1_109' title="bbox 2054 5580 3626 5649">
     <span class='ocr_line' id='line_1_109' title="bbox 2054 5580 3626 5649; baseline 0 -17"><span class='ocrx_word' id='word_1_616' title='bbox 2054 5582 2198 5636; x_wconf 72' lang='lat' dir='ltr'><strong>enim</strong></span> <span class='ocrx_word' id='word_1_617' title='bbox 2234 5582 2480 5637; x_wconf 83' lang='lat' dir='ltr'><strong>excelsus</strong></span> <span class='ocrx_word' id='word_1_618' title='bbox 2523 5582 2665 5636; x_wconf 89' lang='lat' dir='ltr'><strong>Deus</strong></span> <span class='ocrx_word' id='word_1_619' title='bbox 2716 5582 2933 5637; x_wconf 90' lang='lat' dir='ltr'><strong>humilis</strong></span> <span class='ocrx_word' id='word_1_620' title='bbox 2968 5582 3131 5636; x_wconf 88' lang='lat' dir='ltr'><strong>homo</strong></span> <span class='ocrx_word' id='word_1_621' title='bbox 3180 5580 3234 5633; x_wconf 93' lang='lat' dir='ltr'><strong>in</strong></span> <span class='ocrx_word' id='word_1_622' title='bbox 3281 5585 3425 5632; x_wconf 90' lang='lat' dir='ltr'><strong>terra</strong></span> <span class='ocrx_word' id='word_1_623' title='bbox 3456 5590 3626 5649; x_wconf 87' lang='lat' dir='ltr'><strong>appa-</strong></span> 
     </span>
    </p>
   </div>
   <div class='ocr_carea' id='block_1_110' title="bbox 377 5667 2006 5745">
    <p class='ocr_par' dir='ltr' id='par_1_110' title="bbox 377 5667 1941 5745">
     <span class='ocr_line' id='line_1_110' title="bbox 377 5667 1941 5745; baseline 0.006 -26"><span class='ocrx_word' id='word_1_624' title='bbox 377 5667 602 5737; x_wconf 86' lang='grc' dir='ltr'><strong>λόμενος</strong></span> <span class='ocrx_word' id='word_1_625' title='bbox 646 5669 869 5727; x_wconf 75' lang='grc' dir='ltr'><strong>ἑλκύσαι</strong></span> <span class='ocrx_word' id='word_1_626' title='bbox 900 5672 1036 5743; x_wconf 84' lang='grc' dir='ltr'><strong>πρὸς</strong></span> <span class='ocrx_word' id='word_1_627' title='bbox 1064 5672 1126 5728; x_wconf 82' lang='grc' dir='ltr'><strong>τὸ</strong></span> <span class='ocrx_word' id='word_1_628' title='bbox 1158 5671 1290 5743; x_wconf 74' lang='grc' dir='ltr'><strong>ὕψος</strong></span> <span class='ocrx_word' id='word_1_629' title='bbox 1316 5674 1441 5738; x_wconf 77' lang='grc' dir='ltr'><strong>τοὺς</strong></span> <span class='ocrx_word' id='word_1_630' title='bbox 1480 5672 1628 5745; x_wconf 72' lang='grc' dir='ltr'><strong>αὐτῷ</strong></span> <span class='ocrx_word' id='word_1_631' title='bbox 1669 5675 1906 5745; x_wconf 63' lang='grc' dir='ltr'><strong>βοῶντας</strong></span> <span class='ocrx_word' id='word_1_632' title='bbox 1933 5694 1941 5703; x_wconf 81' lang='grc'><em>’</em></span> 
     </span>
    </p>
   </div>
   <div class='ocr_carea' id='block_1_111' title="bbox 1851 5667 3480 5745">
    <p class='ocr_par' dir='ltr' id='par_1_111' title="bbox 1851 5670 3480 5739">
     <span class='ocr_line' id='line_1_111' title="bbox 1851 5670 3480 5739; baseline -0.002 -10"><span class='ocrx_word' id='word_1_633' title='bbox 1851 5695 1906 5739; x_wconf 71' lang='lat'><strong>1;</strong></span> <span class='ocrx_word' id='word_1_634' title='bbox 1933 5694 1941 5703; x_wconf 68' lang='grc' dir='ltr'><strong>ο</strong></span> <span class='ocrx_word' id='word_1_635' title='bbox 2057 5674 2181 5739; x_wconf 89' lang='lat' dir='ltr'><strong>ruit,</strong></span> <span class='ocrx_word' id='word_1_636' title='bbox 2214 5674 2403 5730; x_wconf 88' lang='lat' dir='ltr'><strong>volens</strong></span> <span class='ocrx_word' id='word_1_637' title='bbox 2427 5676 2483 5729; x_wconf 94' lang='lat' dir='ltr'><strong>in</strong></span> <span class='ocrx_word' id='word_1_638' title='bbox 2515 5674 2681 5729; x_wconf 86' lang='lat' dir='ltr'><strong>altum</strong></span> <span class='ocrx_word' id='word_1_639' title='bbox 2716 5676 2927 5731; x_wconf 90' lang='lat' dir='ltr'><strong>trahere</strong></span> <span class='ocrx_word' id='word_1_640' title='bbox 2957 5674 3254 5730; x_wconf 87' lang='lat' dir='ltr'><strong>clamantes</strong></span> <span class='ocrx_word' id='word_1_641' title='bbox 3284 5670 3349 5727; x_wconf 86' lang='lat' dir='ltr'><strong>ad</strong></span> <span class='ocrx_word' id='word_1_642' title='bbox 3375 5683 3433 5726; x_wconf 91' lang='lat' dir='ltr'><strong>sc</strong></span> <span class='ocrx_word' id='word_1_643' title='bbox 3468 5686 3480 5723; x_wconf 85' lang='lat'><strong>:</strong></span> 
     </span>
    </p>
   </div>
   <div class='ocr_carea' id='block_1_112' title="bbox 458 5758 2087 5831">
    <p class='ocr_par' dir='ltr' id='par_1_112' title="bbox 458 5758 786 5831">
     <span class='ocr_line' id='line_1_112' title="bbox 458 5758 786 5831; baseline 0.015 -18"><span class='ocrx_word' id='word_1_644' title='bbox 458 5758 786 5831; x_wconf 78' lang='grc' dir='ltr'><strong>’Δλληλούῖα.</strong></span> 
     </span>
    </p>
   </div>
   <div class='ocr_carea' id='block_1_113' title="bbox 741 5758 2370 5831">
    <p class='ocr_par' dir='ltr' id='par_1_113' title="bbox 741 5765 2370 5819">
     <span class='ocr_line' id='line_1_113' title="bbox 741 5765 2370 5819; baseline 0.002 -3"><span class='ocrx_word' id='word_1_645' title='bbox 741 5780 786 5819; x_wconf 75' lang='grc' dir='ltr'><strong>ι.</strong></span> <span class='ocrx_word' id='word_1_646' title='bbox 2126 5765 2370 5819; x_wconf 85' lang='lat' dir='ltr'><strong>Alleluia.</strong></span> 
     </span>
    </p>
   </div>
  </div>
