  <div class='ocr_page' id='page_1' title='image "/cluster/home/n/w/nwhite01/storage/ocr_20150623/92/hvd.32044019208032/677.png"; bbox 0 0 4126 6282; ppageno 0'>
   <div class='ocr_carea' id='block_1_1' title="bbox 515 286 2097 369">
    <p class='ocr_par' dir='ltr' id='par_1_1' title="bbox 515 286 2095 355">
     <span class='ocr_line' id='line_1_1' title="bbox 515 286 2095 355; baseline 0.004 -7"><span class='ocrx_word' id='word_1_1' title='bbox 515 286 654 355; x_wconf 75' lang='grc'><strong>1843</strong></span> <span class='ocrx_word' id='word_1_2' title='bbox 1806 292 2095 354; x_wconf 85' lang='lat' dir='ltr'><strong>GEORGI</strong></span> 
     </span>
    </p>
   </div>
   <div class='ocr_carea' id='block_1_2' title="bbox 2198 286 3780 369">
    <p class='ocr_par' dir='ltr' id='par_1_2' title="bbox 2198 293 3780 369">
     <span class='ocr_line' id='line_1_2' title="bbox 2198 293 3780 369; baseline 0.008 -13"><span class='ocrx_word' id='word_1_3' title='bbox 2198 293 2340 358; x_wconf 85' lang='lat' dir='ltr'><strong>PISI</strong></span> <span class='ocrx_word' id='word_1_4' title='bbox 2348 298 2462 359; x_wconf 77' lang='grc' dir='ltr'><strong>ΒιΕ</strong></span> <span class='ocrx_word' id='word_1_5' title='bbox 3638 297 3780 369; x_wconf 69' lang='grc' dir='ltr'>ιειι</span> 
     </span>
    </p>
   </div>
   <div class='ocr_carea' id='block_1_3' title="bbox 583 398 2097 481">
    <p class='ocr_par' dir='ltr' id='par_1_3' title="bbox 583 398 2091 472">
     <span class='ocr_line' id='line_1_3' title="bbox 583 398 2091 472; baseline 0 -15"><span class='ocrx_word' id='word_1_6' title='bbox 583 402 778 457; x_wconf 84' lang='grc' dir='ltr'>Τοιυιη</span> <span class='ocrx_word' id='word_1_7' title='bbox 820 410 937 456; x_wconf 86' lang='lat' dir='ltr'><strong>erat</strong></span> <span class='ocrx_word' id='word_1_8' title='bbox 980 402 1034 455; x_wconf 92' lang='lat' dir='ltr'><strong>in</strong></span> <span class='ocrx_word' id='word_1_9' title='bbox 1081 398 1454 466; x_wconf 79' lang='lat' dir='ltr'><strong>inferioribus,</strong></span> <span class='ocrx_word' id='word_1_10' title='bbox 1505 410 1635 461; x_wconf 87' lang='lat' dir='ltr'><strong>et.a</strong></span> <span class='ocrx_word' id='word_1_11' title='bbox 1672 403 1885 472; x_wconf 86' lang='lat' dir='ltr'><strong>superis</strong></span> <span class='ocrx_word' id='word_1_12' title='bbox 1914 405 2091 459; x_wconf 84' lang='lat' dir='ltr'><strong>neuti-</strong></span> 
     </span>
    </p>
   </div>
   <div class='ocr_carea' id='block_1_4' title="bbox 2198 398 3781 481">
    <p class='ocr_par' dir='ltr' id='par_1_4' title="bbox 2265 404 3781 481">
     <span class='ocr_line' id='line_1_4' title="bbox 2265 404 3781 481; baseline 0.003 -22"><span class='ocrx_word' id='word_1_13' title='bbox 2265 408 2427 473; x_wconf 82' lang='grc' dir='ltr'>’Ὀλος</span> <span class='ocrx_word' id='word_1_14' title='bbox 2465 404 2534 481; x_wconf 76' lang='grc' dir='ltr'>ἦν</span> <span class='ocrx_word' id='word_1_15' title='bbox 2578 412 2637 464; x_wconf 82' lang='grc' dir='ltr'>ὲν</span> <span class='ocrx_word' id='word_1_16' title='bbox 2681 411 2793 475; x_wconf 85' lang='grc' dir='ltr'>τοῖς</span> <span class='ocrx_word' id='word_1_17' title='bbox 2844 410 3014 474; x_wconf 77' lang='grc' dir='ltr'>κάτω,</span> <span class='ocrx_word' id='word_1_18' title='bbox 3068 408 3302 479; x_wconf 77' lang='grc' dir='ltr'>καὶτῶν</span> <span class='ocrx_word' id='word_1_19' title='bbox 3347 410 3459 464; x_wconf 78' lang='grc' dir='ltr'>ἄνω</span> <span class='ocrx_word' id='word_1_20' title='bbox 3495 409 3605 463; x_wconf 77' lang='grc' dir='ltr'>οὐδ’</span> <span class='ocrx_word' id='word_1_21' title='bbox 3634 411 3781 475; x_wconf 80' lang='grc' dir='ltr'>ὅλως</span> 
     </span>
    </p>
   </div>
   <div class='ocr_carea' id='block_1_5' title="bbox 509 492 2097 573">
    <p class='ocr_par' dir='ltr' id='par_1_5' title="bbox 509 492 2088 563">
     <span class='ocr_line' id='line_1_5' title="bbox 509 492 2088 563; baseline 0.001 -15"><span class='ocrx_word' id='word_1_22' title='bbox 509 510 671 563; x_wconf 72' lang='lat' dir='ltr'><strong>quam</strong></span> <span class='ocrx_word' id='word_1_23' title='bbox 699 496 885 550; x_wconf 85' lang='lat' dir='ltr'><strong>aberat</strong></span> <span class='ocrx_word' id='word_1_24' title='bbox 914 493 1443 562; x_wconf 88' lang='lat' dir='ltr'><strong>incircumscriptum</strong></span> <span class='ocrx_word' id='word_1_25' title='bbox 1492 492 1760 561; x_wconf 86' lang='lat' dir='ltr'><strong>Verbum;</strong></span> <span class='ocrx_word' id='word_1_26' title='bbox 1808 494 2088 550; x_wconf 89' lang='lat' dir='ltr'><strong>descensio</strong></span> 
     </span>
    </p>
   </div>
   <div class='ocr_carea' id='block_1_6' title="bbox 2198 492 3779 573">
    <p class='ocr_par' dir='ltr' id='par_1_6' title="bbox 2198 499 3779 573">
     <span class='ocr_line' id='line_1_6' title="bbox 2198 499 3779 573; baseline 0.003 -22"><span class='ocrx_word' id='word_1_27' title='bbox 2198 499 2340 569; x_wconf 72' lang='grc' dir='ltr'>άπῆν</span> <span class='ocrx_word' id='word_1_28' title='bbox 2397 502 2427 554; x_wconf 84' lang='grc' dir='ltr'><em>ὁ</em></span> <span class='ocrx_word' id='word_1_29' title='bbox 2474 502 2887 573; x_wconf 81' lang='grc' dir='ltr'>ἁπερίγραπτος</span> <span class='ocrx_word' id='word_1_30' title='bbox 2941 503 3111 570; x_wconf 83' lang='grc' dir='ltr'>Λόγος</span> <span class='ocrx_word' id='word_1_31' title='bbox 3134 518 3148 531; x_wconf 86' lang='lat'><strong><em>°</em></strong></span> <span class='ocrx_word' id='word_1_32' title='bbox 3202 501 3613 571; x_wconf 70' lang='grc' dir='ltr'>ωγκατᾶὁασις</span> <span class='ocrx_word' id='word_1_33' title='bbox 3662 502 3779 573; x_wconf 78' lang='grc' dir='ltr'>γὰρ</span> 
     </span>
    </p>
   </div>
   <div class='ocr_carea' id='block_1_7' title="bbox 513 586 2097 666">
    <p class='ocr_par' dir='ltr' id='par_1_7' title="bbox 513 586 2089 657">
     <span class='ocr_line' id='line_1_7' title="bbox 513 586 2089 657; baseline 0 -17"><span class='ocrx_word' id='word_1_34' title='bbox 513 588 660 640; x_wconf 77' lang='lat' dir='ltr'><strong>ciiim</strong></span> <span class='ocrx_word' id='word_1_35' title='bbox 712 586 917 647; x_wconf 88' lang='lat' dir='ltr'><strong>divina,</strong></span> <span class='ocrx_word' id='word_1_36' title='bbox 967 601 1077 639; x_wconf 91' lang='lat' dir='ltr'><strong>non</strong></span> <span class='ocrx_word' id='word_1_37' title='bbox 1120 601 1249 639; x_wconf 89' lang='lat' dir='ltr'><strong>vero</strong></span> <span class='ocrx_word' id='word_1_38' title='bbox 1296 586 1700 657; x_wconf 75' lang='lat' dir='ltr'><strong>transmigratio</strong></span> <span class='ocrx_word' id='word_1_39' title='bbox 1749 586 1937 641; x_wconf 87' lang='lat' dir='ltr'><strong>localis</strong></span> <span class='ocrx_word' id='word_1_40' title='bbox 1986 587 2089 641; x_wconf 79' lang='lat' dir='ltr'><strong>fuit</strong></span> 
     </span>
    </p>
   </div>
   <div class='ocr_carea' id='block_1_8' title="bbox 2198 586 3779 666">
    <p class='ocr_par' dir='ltr' id='par_1_8' title="bbox 2198 590 3779 666">
     <span class='ocr_line' id='line_1_8' title="bbox 2198 590 3779 666; baseline 0.002 -22"><span class='ocrx_word' id='word_1_41' title='bbox 2198 590 2344 662; x_wconf 79' lang='grc' dir='ltr'>θεῖκὴ</span> <span class='ocrx_word' id='word_1_42' title='bbox 2365 632 2380 655; x_wconf 92' lang='grc'><strong>,</strong></span> <span class='ocrx_word' id='word_1_43' title='bbox 2410 594 2473 646; x_wconf 85' lang='grc' dir='ltr'>οὐ</span> <span class='ocrx_word' id='word_1_44' title='bbox 2507 594 2806 663; x_wconf 84' lang='grc' dir='ltr'>μετάϐασις</span> <span class='ocrx_word' id='word_1_45' title='bbox 2833 596 2890 648; x_wconf 85' lang='grc' dir='ltr'>δὲ</span> <span class='ocrx_word' id='word_1_46' title='bbox 2916 596 3114 666; x_wconf 83' lang='grc' dir='ltr'>τοπικὴ</span> <span class='ocrx_word' id='word_1_47' title='bbox 3151 596 3363 664; x_wconf 80' lang='grc' dir='ltr'>γέγονε,</span> <span class='ocrx_word' id='word_1_48' title='bbox 3389 595 3485 649; x_wconf 70' lang='lat' dir='ltr'><strong>ml.</strong></span> <span class='ocrx_word' id='word_1_49' title='bbox 3521 596 3682 660; x_wconf 82' lang='grc' dir='ltr'><strong>τόκος</strong></span> <span class='ocrx_word' id='word_1_50' title='bbox 3708 596 3779 650; x_wconf 67' lang='grc' dir='ltr'>ἐκ</span> 
     </span>
    </p>
   </div>
   <div class='ocr_carea' id='block_1_9' title="bbox 512 676 2056 748">
    <p class='ocr_par' dir='ltr' id='par_1_9' title="bbox 512 676 2056 748">
     <span class='ocr_line' id='line_1_9' title="bbox 512 676 2056 748; baseline 0 -16"><span class='ocrx_word' id='word_1_51' title='bbox 512 680 676 732; x_wconf 88' lang='lat' dir='ltr'><strong>etiam</strong></span> <span class='ocrx_word' id='word_1_52' title='bbox 704 686 890 747; x_wconf 84' lang='lat' dir='ltr'><strong>partus</strong></span> <span class='ocrx_word' id='word_1_53' title='bbox 912 677 1145 747; x_wconf 80' lang='lat' dir='ltr'><strong>Virginis</strong></span> <span class='ocrx_word' id='word_1_54' title='bbox 1169 676 1360 732; x_wconf 67' lang='lat' dir='ltr'><strong>adlatae</strong></span> <span class='ocrx_word' id='word_1_55' title='bbox 1388 676 1521 739; x_wconf 88' lang='lat' dir='ltr'><strong>Deo.</strong></span> <span class='ocrx_word' id='word_1_56' title='bbox 1555 692 1679 748; x_wconf 60' lang='lat' dir='ltr'><strong>quae</strong></span> <span class='ocrx_word' id='word_1_57' title='bbox 1712 678 1829 733; x_wconf 64' lang='lat' dir='ltr'><strong>haec</strong></span> <span class='ocrx_word' id='word_1_58' title='bbox 1858 676 2011 732; x_wconf 81' lang='lat' dir='ltr'><strong>audit</strong></span> <span class='ocrx_word' id='word_1_59' title='bbox 2043 694 2056 731; x_wconf 88' lang='lat'><strong>:</strong></span> 
     </span>
    </p>
   </div>
   <div class='ocr_carea' id='block_1_10' title="bbox 584 768 1913 840">
    <p class='ocr_par' dir='ltr' id='par_1_10' title="bbox 584 768 1913 840">
     <span class='ocr_line' id='line_1_10' title="bbox 584 768 1913 840; baseline 0.002 -18"><span class='ocrx_word' id='word_1_60' title='bbox 584 769 717 833; x_wconf 82' lang='lat' dir='ltr'><strong>Ave,</strong></span> <span class='ocrx_word' id='word_1_61' title='bbox 752 768 1318 837; x_wconf 82' lang='lat' dir='ltr'><strong>incomprehensibilis</strong></span> <span class='ocrx_word' id='word_1_62' title='bbox 1350 769 1443 823; x_wconf 85' lang='lat' dir='ltr'><strong>Dei</strong></span> <span class='ocrx_word' id='word_1_63' title='bbox 1474 768 1913 840; x_wconf 86' lang='lat' dir='ltr'><strong>comprehensio.</strong></span> 
     </span>
    </p>
   </div>
   <div class='ocr_carea' id='block_1_11' title="bbox 585 858 1535 929">
    <p class='ocr_par' dir='ltr' id='par_1_11' title="bbox 585 858 1535 929">
     <span class='ocr_line' id='line_1_11' title="bbox 585 858 1535 929; baseline 0.001 -16"><span class='ocrx_word' id='word_1_64' title='bbox 585 860 721 923; x_wconf 91' lang='lat' dir='ltr'><strong>Ave,</strong></span> <span class='ocrx_word' id='word_1_65' title='bbox 754 858 994 929; x_wconf 84' lang='lat' dir='ltr'><strong>mysterii</strong></span> <span class='ocrx_word' id='word_1_66' title='bbox 1022 861 1315 913; x_wconf 84' lang='lat' dir='ltr'><strong>venerandi</strong></span> <span class='ocrx_word' id='word_1_67' title='bbox 1343 861 1535 929; x_wconf 86' lang='lat' dir='ltr'><strong>janua.</strong></span> 
     </span>
    </p>
   </div>
   <div class='ocr_carea' id='block_1_12' title="bbox 582 949 1497 1014">
    <p class='ocr_par' dir='ltr' id='par_1_12' title="bbox 582 949 1497 1014">
     <span class='ocr_line' id='line_1_12' title="bbox 582 949 1497 1014; baseline 0 -9"><span class='ocrx_word' id='word_1_68' title='bbox 582 952 718 1014; x_wconf 85' lang='lat' dir='ltr'><strong>Ave,</strong></span> <span class='ocrx_word' id='word_1_69' title='bbox 744 949 1041 1004; x_wconf 82' lang='lat' dir='ltr'><strong>inﬁdelium</strong></span> <span class='ocrx_word' id='word_1_70' title='bbox 1071 950 1232 1004; x_wconf 77' lang='lat' dir='ltr'><strong>dubia</strong></span> <span class='ocrx_word' id='word_1_71' title='bbox 1270 951 1497 1006; x_wconf 83' lang='lat' dir='ltr'><strong>auditio.</strong></span> 
     </span>
    </p>
   </div>
   <div class='ocr_carea' id='block_1_13' title="bbox 585 1042 1531 1114">
    <p class='ocr_par' dir='ltr' id='par_1_13' title="bbox 585 1042 1531 1114">
     <span class='ocr_line' id='line_1_13' title="bbox 585 1042 1531 1114; baseline 0.003 -18"><span class='ocrx_word' id='word_1_72' title='bbox 585 1042 720 1106; x_wconf 87' lang='lat' dir='ltr'><strong>Ave,</strong></span> <span class='ocrx_word' id='word_1_73' title='bbox 745 1042 982 1098; x_wconf 82' lang='lat' dir='ltr'><strong>fidelium</strong></span> <span class='ocrx_word' id='word_1_74' title='bbox 1013 1042 1234 1097; x_wconf 87' lang='lat' dir='ltr'><strong>indubia</strong></span> <span class='ocrx_word' id='word_1_75' title='bbox 1263 1042 1531 1114; x_wconf 78' lang='lat' dir='ltr'><strong>gloriatio.</strong></span> 
     </span>
    </p>
   </div>
   <div class='ocr_carea' id='block_1_14' title="bbox 586 1134 2094 1207">
    <p class='ocr_par' dir='ltr' id='par_1_14' title="bbox 586 1134 2094 1207">
     <span class='ocr_line' id='line_1_14' title="bbox 586 1134 2094 1207; baseline 0.002 -18"><span class='ocrx_word' id='word_1_76' title='bbox 586 1138 722 1201; x_wconf 91' lang='lat' dir='ltr'><strong>Ave,</strong></span> <span class='ocrx_word' id='word_1_77' title='bbox 770 1150 965 1190; x_wconf 89' lang='lat' dir='ltr'><strong>currus</strong></span> <span class='ocrx_word' id='word_1_78' title='bbox 1007 1134 1386 1190; x_wconf 89' lang='lat' dir='ltr'><strong>sanctissimus</strong></span> <span class='ocrx_word' id='word_1_79' title='bbox 1414 1135 1553 1207; x_wconf 86' lang='lat' dir='ltr'><strong>ejus,</strong></span> <span class='ocrx_word' id='word_1_80' title='bbox 1598 1134 1691 1206; x_wconf 90' lang='lat' dir='ltr'><strong>qui</strong></span> <span class='ocrx_word' id='word_1_81' title='bbox 1740 1134 1895 1192; x_wconf 86' lang='lat' dir='ltr'><strong>sedet</strong></span> <span class='ocrx_word' id='word_1_82' title='bbox 1927 1150 2094 1207; x_wconf 85' lang='lat' dir='ltr'><strong>super</strong></span> 
     </span>
    </p>
   </div>
   <div class='ocr_carea' id='block_1_15' title="bbox 518 1229 833 1285">
    <p class='ocr_par' dir='ltr' id='par_1_15' title="bbox 518 1229 833 1285">
     <span class='ocr_line' id='line_1_15' title="bbox 518 1229 833 1285; baseline -0.003 -1"><span class='ocrx_word' id='word_1_83' title='bbox 518 1229 833 1285; x_wconf 88' lang='lat' dir='ltr'><strong>Cherubim.</strong></span> 
     </span>
    </p>
   </div>
   <div class='ocr_carea' id='block_1_16' title="bbox 588 1316 2096 1390">
    <p class='ocr_par' dir='ltr' id='par_1_16' title="bbox 588 1316 2096 1390">
     <span class='ocr_line' id='line_1_16' title="bbox 588 1316 2096 1390; baseline -0.001 -16"><span class='ocrx_word' id='word_1_84' title='bbox 588 1322 720 1385; x_wconf 88' lang='lat' dir='ltr'><strong>Ave,</strong></span> <span class='ocrx_word' id='word_1_85' title='bbox 753 1318 1089 1375; x_wconf 88' lang='lat' dir='ltr'><strong>domicilium</strong></span> <span class='ocrx_word' id='word_1_86' title='bbox 1122 1316 1632 1390; x_wconf 67' lang='lat' dir='ltr'><strong>praestantissimum</strong></span> <span class='ocrx_word' id='word_1_87' title='bbox 1680 1319 1821 1390; x_wconf 75' lang='lat' dir='ltr'><strong>eius,</strong></span> <span class='ocrx_word' id='word_1_88' title='bbox 1868 1318 1960 1390; x_wconf 87' lang='lat' dir='ltr'><strong>qui</strong></span> <span class='ocrx_word' id='word_1_89' title='bbox 2007 1326 2096 1376; x_wconf 89' lang='lat' dir='ltr'><strong>est</strong></span> 
     </span>
    </p>
   </div>
   <div class='ocr_carea' id='block_1_17' title="bbox 518 1411 1019 1483">
    <p class='ocr_par' dir='ltr' id='par_1_17' title="bbox 518 1411 1019 1483">
     <span class='ocr_line' id='line_1_17' title="bbox 518 1411 1019 1483; baseline -0.01 -14"><span class='ocrx_word' id='word_1_90' title='bbox 518 1427 683 1483; x_wconf 84' lang='lat' dir='ltr'><strong>super</strong></span> <span class='ocrx_word' id='word_1_91' title='bbox 711 1411 1019 1482; x_wconf 89' lang='lat' dir='ltr'><strong>Seraphim.</strong></span> 
     </span>
    </p>
   </div>
   <div class='ocr_carea' id='block_1_18' title="bbox 586 1504 1808 1576">
    <p class='ocr_par' dir='ltr' id='par_1_18' title="bbox 586 1504 1808 1576">
     <span class='ocr_line' id='line_1_18' title="bbox 586 1504 1808 1576; baseline -0.004 -14"><span class='ocrx_word' id='word_1_92' title='bbox 586 1507 725 1571; x_wconf 89' lang='lat' dir='ltr'><strong>Ave,</strong></span> <span class='ocrx_word' id='word_1_93' title='bbox 761 1522 882 1576; x_wconf 77' lang='lat' dir='ltr'><strong>quae</strong></span> <span class='ocrx_word' id='word_1_94' title='bbox 899 1504 1170 1561; x_wconf 89' lang='lat' dir='ltr'><strong>contraria</strong></span> <span class='ocrx_word' id='word_1_95' title='bbox 1204 1504 1259 1558; x_wconf 93' lang='lat' dir='ltr'><strong>in</strong></span> <span class='ocrx_word' id='word_1_96' title='bbox 1286 1518 1457 1559; x_wconf 90' lang='lat' dir='ltr'><strong>unum</strong></span> <span class='ocrx_word' id='word_1_97' title='bbox 1481 1504 1808 1560; x_wconf 86' lang='lat' dir='ltr'><strong>conciliasti.</strong></span> 
     </span>
    </p>
   </div>
   <div class='ocr_carea' id='block_1_19' title="bbox 586 1592 1960 1668">
    <p class='ocr_par' dir='ltr' id='par_1_19' title="bbox 586 1592 1960 1668">
     <span class='ocr_line' id='line_1_19' title="bbox 586 1592 1960 1668; baseline -0.001 -15"><span class='ocrx_word' id='word_1_98' title='bbox 586 1598 722 1662; x_wconf 88' lang='lat' dir='ltr'><strong>Ave,</strong></span> <span class='ocrx_word' id='word_1_99' title='bbox 753 1613 874 1667; x_wconf 63' lang='lat' dir='ltr'><strong>qua:</strong></span> <span class='ocrx_word' id='word_1_100' title='bbox 901 1596 1266 1668; x_wconf 79' lang='lat' dir='ltr'><strong>virginitatem</strong></span> <span class='ocrx_word' id='word_1_101' title='bbox 1288 1605 1343 1649; x_wconf 89' lang='lat' dir='ltr'><strong>et</strong></span> <span class='ocrx_word' id='word_1_102' title='bbox 1370 1604 1581 1665; x_wconf 79' lang='lat' dir='ltr'><strong>parturn</strong></span> <span class='ocrx_word' id='word_1_103' title='bbox 1611 1592 1960 1665; x_wconf 81' lang='lat' dir='ltr'><strong>conjunxisti.</strong></span> 
     </span>
    </p>
   </div>
   <div class='ocr_carea' id='block_1_20' title="bbox 587 1684 1779 1758">
    <p class='ocr_par' dir='ltr' id='par_1_20' title="bbox 587 1684 1779 1758">
     <span class='ocr_line' id='line_1_20' title="bbox 587 1684 1779 1758; baseline 0.001 -18"><span class='ocrx_word' id='word_1_104' title='bbox 587 1690 723 1751; x_wconf 87' lang='lat' dir='ltr'><strong>Ave,</strong></span> <span class='ocrx_word' id='word_1_105' title='bbox 755 1703 851 1758; x_wconf 91' lang='lat' dir='ltr'><strong>per</strong></span> <span class='ocrx_word' id='word_1_106' title='bbox 876 1702 1039 1757; x_wconf 90' lang='lat' dir='ltr'><strong>quam</strong></span> <span class='ocrx_word' id='word_1_107' title='bbox 1068 1687 1244 1742; x_wconf 85' lang='lat' dir='ltr'><strong>soluta</strong></span> <span class='ocrx_word' id='word_1_108' title='bbox 1271 1694 1356 1741; x_wconf 88' lang='lat' dir='ltr'><strong>est</strong></span> <span class='ocrx_word' id='word_1_109' title='bbox 1386 1684 1779 1755; x_wconf 74' lang='lat' dir='ltr'><strong>praevaricatio.</strong></span> 
     </span>
    </p>
   </div>
   <div class='ocr_carea' id='block_1_21' title="bbox 587 1773 1739 1845">
    <p class='ocr_par' dir='ltr' id='par_1_21' title="bbox 587 1773 1739 1845">
     <span class='ocr_line' id='line_1_21' title="bbox 587 1773 1739 1845; baseline 0 -18"><span class='ocrx_word' id='word_1_110' title='bbox 587 1774 721 1834; x_wconf 89' lang='lat' dir='ltr'><strong>Ave,</strong></span> <span class='ocrx_word' id='word_1_111' title='bbox 748 1790 845 1844; x_wconf 90' lang='lat' dir='ltr'><strong>per</strong></span> <span class='ocrx_word' id='word_1_112' title='bbox 871 1789 1032 1845; x_wconf 88' lang='lat' dir='ltr'><strong>quam</strong></span> <span class='ocrx_word' id='word_1_113' title='bbox 1066 1783 1290 1845; x_wconf 90' lang='lat' dir='ltr'><strong>apertus</strong></span> <span class='ocrx_word' id='word_1_114' title='bbox 1325 1782 1407 1828; x_wconf 86' lang='lat' dir='ltr'><strong>est</strong></span> <span class='ocrx_word' id='word_1_115' title='bbox 1435 1773 1739 1844; x_wconf 82' lang='lat' dir='ltr'><strong>paradisus.</strong></span> 
     </span>
    </p>
   </div>
   <div class='ocr_carea' id='block_1_22' title="bbox 585 1864 1348 1937">
    <p class='ocr_par' dir='ltr' id='par_1_22' title="bbox 585 1864 1348 1937">
     <span class='ocr_line' id='line_1_22' title="bbox 585 1864 1348 1937; baseline 0.003 -18"><span class='ocrx_word' id='word_1_116' title='bbox 585 1866 720 1931; x_wconf 85' lang='lat' dir='ltr'><strong>Ave,</strong></span> <span class='ocrx_word' id='word_1_117' title='bbox 748 1865 916 1922; x_wconf 85' lang='lat' dir='ltr'><strong>clavis</strong></span> <span class='ocrx_word' id='word_1_118' title='bbox 944 1865 1095 1937; x_wconf 88' lang='lat' dir='ltr'><strong>regni</strong></span> <span class='ocrx_word' id='word_1_119' title='bbox 1125 1864 1348 1922; x_wconf 87' lang='lat' dir='ltr'><strong>Christi.</strong></span> 
     </span>
    </p>
   </div>
   <div class='ocr_carea' id='block_1_23' title="bbox 587 1956 1557 2025">
    <p class='ocr_par' dir='ltr' id='par_1_23' title="bbox 587 1956 1557 2025">
     <span class='ocr_line' id='line_1_23' title="bbox 587 1956 1557 2025; baseline 0.003 -17"><span class='ocrx_word' id='word_1_120' title='bbox 587 1956 720 2019; x_wconf 87' lang='lat' dir='ltr'><strong>Ave,</strong></span> <span class='ocrx_word' id='word_1_121' title='bbox 753 1970 880 2025; x_wconf 87' lang='lat' dir='ltr'><strong>spes</strong></span> <span class='ocrx_word' id='word_1_122' title='bbox 912 1964 1239 2011; x_wconf 70' lang='lat' dir='ltr'><strong>aeternorum</strong></span> <span class='ocrx_word' id='word_1_123' title='bbox 1268 1956 1557 2012; x_wconf 88' lang='lat' dir='ltr'><strong>bonorum.</strong></span> 
     </span>
    </p>
   </div>
   <div class='ocr_carea' id='block_1_24' title="bbox 584 2046 1232 2117">
    <p class='ocr_par' dir='ltr' id='par_1_24' title="bbox 584 2046 1232 2117">
     <span class='ocr_line' id='line_1_24' title="bbox 584 2046 1232 2117; baseline 0.003 -18"><span class='ocrx_word' id='word_1_124' title='bbox 584 2047 722 2109; x_wconf 83' lang='lat' dir='ltr'><strong>Ave,</strong></span> <span class='ocrx_word' id='word_1_125' title='bbox 760 2060 958 2116; x_wconf 89' lang='lat' dir='ltr'><strong>sponsa</strong></span> <span class='ocrx_word' id='word_1_126' title='bbox 986 2046 1232 2117; x_wconf 90' lang='lat' dir='ltr'><strong>innupta.</strong></span> 
     </span>
    </p>
   </div>
   <div class='ocr_carea' id='block_1_25' title="bbox 586 2134 2095 2207">
    <p class='ocr_par' dir='ltr' id='par_1_25' title="bbox 586 2134 2095 2207">
     <span class='ocr_line' id='line_1_25' title="bbox 586 2134 2095 2207; baseline -0.001 -16"><span class='ocrx_word' id='word_1_127' title='bbox 586 2134 853 2191; x_wconf 78' lang='lat' dir='ltr'><strong>Universa</strong></span> <span class='ocrx_word' id='word_1_128' title='bbox 880 2134 1193 2207; x_wconf 87' lang='lat' dir='ltr'><strong>angelorum</strong></span> <span class='ocrx_word' id='word_1_129' title='bbox 1239 2142 1435 2190; x_wconf 87' lang='lat' dir='ltr'><strong>natura</strong></span> <span class='ocrx_word' id='word_1_130' title='bbox 1482 2149 1736 2207; x_wconf 90' lang='lat' dir='ltr'><strong>maguum</strong></span> <span class='ocrx_word' id='word_1_131' title='bbox 1770 2145 1876 2191; x_wconf 63' lang='lat' dir='ltr'><strong>tua:</strong></span> <span class='ocrx_word' id='word_1_132' title='bbox 1912 2134 2095 2190; x_wconf 87' lang='lat' dir='ltr'><strong>incar-</strong></span> 
     </span>
    </p>
   </div>
   <div class='ocr_carea' id='block_1_26' title="bbox 516 2226 2095 2297">
    <p class='ocr_par' dir='ltr' id='par_1_26' title="bbox 516 2226 2095 2297">
     <span class='ocr_line' id='line_1_26' title="bbox 516 2226 2095 2297; baseline -0.002 -13"><span class='ocrx_word' id='word_1_133' title='bbox 516 2227 753 2284; x_wconf 75' lang='lat' dir='ltr'><strong>nationis</strong></span> <span class='ocrx_word' id='word_1_134' title='bbox 776 2242 914 2297; x_wconf 92' lang='lat' dir='ltr'><strong>opus</strong></span> <span class='ocrx_word' id='word_1_135' title='bbox 944 2226 1209 2283; x_wconf 90' lang='lat' dir='ltr'><strong>demirata</strong></span> <span class='ocrx_word' id='word_1_136' title='bbox 1238 2234 1354 2293; x_wconf 88' lang='lat' dir='ltr'><strong>est;</strong></span> <span class='ocrx_word' id='word_1_137' title='bbox 1388 2226 1819 2283; x_wconf 90' lang='lat' dir='ltr'><strong>inaccessibilem</strong></span> <span class='ocrx_word' id='word_1_138' title='bbox 1841 2227 2010 2291; x_wconf 90' lang='lat' dir='ltr'><strong>enim,</strong></span> <span class='ocrx_word' id='word_1_139' title='bbox 2035 2232 2095 2282; x_wconf 90' lang='lat' dir='ltr'><strong>ut</strong></span> 
     </span>
    </p>
   </div>
   <div class='ocr_carea' id='block_1_27' title="bbox 518 2318 2090 2389">
    <p class='ocr_par' dir='ltr' id='par_1_27' title="bbox 518 2318 2090 2389">
     <span class='ocr_line' id='line_1_27' title="bbox 518 2318 2090 2389; baseline -0.001 -14"><span class='ocrx_word' id='word_1_140' title='bbox 518 2320 712 2386; x_wconf 88' lang='lat' dir='ltr'><strong>Deum,</strong></span> <span class='ocrx_word' id='word_1_141' title='bbox 735 2319 989 2375; x_wconf 88' lang='lat' dir='ltr'><strong>omnibus</strong></span> <span class='ocrx_word' id='word_1_142' title='bbox 1009 2319 1404 2385; x_wconf 88' lang='lat' dir='ltr'><strong>accessibilem,</strong></span> <span class='ocrx_word' id='word_1_143' title='bbox 1428 2325 1489 2373; x_wconf 90' lang='lat' dir='ltr'><strong>ut</strong></span> <span class='ocrx_word' id='word_1_144' title='bbox 1508 2319 1813 2385; x_wconf 87' lang='lat' dir='ltr'><strong>hominem,</strong></span> <span class='ocrx_word' id='word_1_145' title='bbox 1842 2318 2090 2389; x_wconf 83' lang='lat' dir='ltr'><strong>videbat;</strong></span> 
     </span>
    </p>
   </div>
   <div class='ocr_carea' id='block_1_28' title="bbox 517 2410 2093 2480">
    <p class='ocr_par' dir='ltr' id='par_1_28' title="bbox 517 2410 2093 2480">
     <span class='ocr_line' id='line_1_28' title="bbox 517 2410 2093 2480; baseline 0.001 -14"><span class='ocrx_word' id='word_1_146' title='bbox 517 2419 899 2467; x_wconf 81' lang='lat' dir='ltr'><strong>conversatum</strong></span> <span class='ocrx_word' id='word_1_147' title='bbox 945 2411 1166 2480; x_wconf 87' lang='lat' dir='ltr'><strong>quidem</strong></span> <span class='ocrx_word' id='word_1_148' title='bbox 1214 2410 1523 2477; x_wconf 89' lang='lat' dir='ltr'><strong>nobiscum,</strong></span> <span class='ocrx_word' id='word_1_149' title='bbox 1570 2420 1626 2468; x_wconf 91' lang='lat' dir='ltr'><strong>et</strong></span> <span class='ocrx_word' id='word_1_150' title='bbox 1670 2411 1981 2469; x_wconf 85' lang='lat' dir='ltr'><strong>audientem</strong></span> <span class='ocrx_word' id='word_1_151' title='bbox 2023 2412 2093 2468; x_wconf 88' lang='lat' dir='ltr'><strong>ab</strong></span> 
     </span>
    </p>
   </div>
   <div class='ocr_carea' id='block_1_29' title="bbox 438 2500 1144 2563">
    <p class='ocr_par' dir='ltr' id='par_1_29' title="bbox 438 2500 1144 2563">
     <span class='ocr_line' id='line_1_29' title="bbox 438 2500 1144 2563; baseline -0.001 -6"><span class='ocrx_word' id='word_1_152' title='bbox 438 2560 441 2563; x_wconf 23' lang='grc' dir='ltr'><strong>μ</strong></span> <span class='ocrx_word' id='word_1_153' title='bbox 518 2500 774 2557; x_wconf 90' lang='lat' dir='ltr'><strong>omnibus</strong></span> <span class='ocrx_word' id='word_1_154' title='bbox 800 2500 906 2555; x_wconf 89' lang='lat' dir='ltr'><strong>hoc</strong></span> <span class='ocrx_word' id='word_1_155' title='bbox 933 2500 1097 2556; x_wconf 91' lang='lat' dir='ltr'><strong>modo</strong></span> <span class='ocrx_word' id='word_1_156' title='bbox 1128 2517 1144 2556; x_wconf 90' lang='lat'><strong>:</strong></span> 
     </span>
    </p>
   </div>
   <div class='ocr_carea' id='block_1_30' title="bbox 587 2592 841 2649">
    <p class='ocr_par' dir='ltr' id='par_1_30' title="bbox 587 2592 841 2649">
     <span class='ocr_line' id='line_1_30' title="bbox 587 2592 841 2649; baseline -0.004 -1"><span class='ocrx_word' id='word_1_157' title='bbox 587 2592 841 2649; x_wconf 83' lang='lat' dir='ltr'><strong>Alleluia.</strong></span> 
     </span>
    </p>
   </div>
   <div class='ocr_carea' id='block_1_31' title="bbox 589 2685 2095 2757">
    <p class='ocr_par' dir='ltr' id='par_1_31' title="bbox 589 2685 2095 2757">
     <span class='ocr_line' id='line_1_31' title="bbox 589 2685 2095 2757; baseline 0.001 -14"><span class='ocrx_word' id='word_1_158' title='bbox 589 2686 856 2744; x_wconf 81' lang='lat' dir='ltr'><strong>Rhetores</strong></span> <span class='ocrx_word' id='word_1_159' title='bbox 879 2685 1377 2757; x_wconf 85' lang='lat' dir='ltr'><strong>eloquentissimos,</strong></span> <span class='ocrx_word' id='word_1_160' title='bbox 1396 2685 1548 2757; x_wconf 88' lang='lat' dir='ltr'><strong>quasi</strong></span> <span class='ocrx_word' id='word_1_161' title='bbox 1570 2694 1751 2741; x_wconf 89' lang='lat' dir='ltr'><strong>mutos</strong></span> <span class='ocrx_word' id='word_1_162' title='bbox 1771 2686 1949 2756; x_wconf 88' lang='lat' dir='ltr'><strong>pisces</strong></span> <span class='ocrx_word' id='word_1_163' title='bbox 1971 2700 2095 2743; x_wconf 84' lang='lat' dir='ltr'><strong>esse</strong></span> 
     </span>
    </p>
   </div>
   <div class='ocr_carea' id='block_1_32' title="bbox 516 2776 2096 2849">
    <p class='ocr_par' dir='ltr' id='par_1_32' title="bbox 516 2776 2096 2849">
     <span class='ocr_line' id='line_1_32' title="bbox 516 2776 2096 2849; baseline -0.001 -13"><span class='ocrx_word' id='word_1_164' title='bbox 516 2778 661 2836; x_wconf 90' lang='lat' dir='ltr'><strong>circa</strong></span> <span class='ocrx_word' id='word_1_165' title='bbox 709 2788 763 2834; x_wconf 93' lang='lat' dir='ltr'><strong>te</strong></span> <span class='ocrx_word' id='word_1_166' title='bbox 802 2778 1070 2841; x_wconf 89' lang='lat' dir='ltr'><strong>videmus,</strong></span> <span class='ocrx_word' id='word_1_167' title='bbox 1102 2792 1136 2832; x_wconf 91' lang='grc' dir='ltr'><strong>ο</strong></span> <span class='ocrx_word' id='word_1_168' title='bbox 1172 2776 1399 2849; x_wconf 80' lang='lat' dir='ltr'><strong>Deipara</strong></span> <span class='ocrx_word' id='word_1_169' title='bbox 1432 2798 1444 2834; x_wconf 88' lang='lat'><strong>:</strong></span> <span class='ocrx_word' id='word_1_170' title='bbox 1475 2793 1585 2833; x_wconf 92' lang='lat' dir='ltr'><strong>non</strong></span> <span class='ocrx_word' id='word_1_171' title='bbox 1617 2778 1759 2833; x_wconf 89' lang='lat' dir='ltr'><strong>enim</strong></span> <span class='ocrx_word' id='word_1_172' title='bbox 1790 2779 1924 2834; x_wconf 86' lang='lat' dir='ltr'><strong>satis</strong></span> <span class='ocrx_word' id='word_1_173' title='bbox 1966 2790 2096 2835; x_wconf 89' lang='lat' dir='ltr'><strong>sunt</strong></span> 
     </span>
    </p>
   </div>
   <div class='ocr_carea' id='block_1_33' title="bbox 516 2869 2096 2943">
    <p class='ocr_par' dir='ltr' id='par_1_33' title="bbox 516 2869 2096 2943">
     <span class='ocr_line' id='line_1_33' title="bbox 516 2869 2096 2943; baseline 0.001 -16"><span class='ocrx_word' id='word_1_174' title='bbox 516 2871 807 2942; x_wconf 84' lang='lat' dir='ltr'><strong>explicare,</strong></span> <span class='ocrx_word' id='word_1_175' title='bbox 840 2869 1114 2941; x_wconf 78' lang='lat' dir='ltr'><strong>quomodo</strong></span> <span class='ocrx_word' id='word_1_176' title='bbox 1156 2877 1212 2925; x_wconf 89' lang='lat' dir='ltr'><strong>et</strong></span> <span class='ocrx_word' id='word_1_177' title='bbox 1266 2871 1422 2943; x_wconf 90' lang='lat' dir='ltr'><strong>virgo</strong></span> <span class='ocrx_word' id='word_1_178' title='bbox 1472 2886 1784 2940; x_wconf 89' lang='lat' dir='ltr'><strong>permanes,</strong></span> <span class='ocrx_word' id='word_1_179' title='bbox 1817 2880 1874 2927; x_wconf 91' lang='lat' dir='ltr'><strong>et</strong></span> <span class='ocrx_word' id='word_1_180' title='bbox 1903 2886 2096 2942; x_wconf 86' lang='lat' dir='ltr'><strong>parere</strong></span> 
     </span>
    </p>
   </div>
   <div class='ocr_carea' id='block_1_34' title="bbox 518 2961 2096 3035">
    <p class='ocr_par' dir='ltr' id='par_1_34' title="bbox 518 2961 2096 3035">
     <span class='ocr_line' id='line_1_34' title="bbox 518 2961 2096 3035; baseline 0.002 -18"><span class='ocrx_word' id='word_1_181' title='bbox 518 2961 760 3032; x_wconf 84' lang='lat' dir='ltr'><strong>potueris</strong></span> <span class='ocrx_word' id='word_1_182' title='bbox 795 2970 897 3017; x_wconf 86' lang='lat' dir='ltr'><strong>:at</strong></span> <span class='ocrx_word' id='word_1_183' title='bbox 937 2975 1040 3018; x_wconf 86' lang='lat' dir='ltr'><strong>nos</strong></span> <span class='ocrx_word' id='word_1_184' title='bbox 1066 2961 1380 3035; x_wconf 81' lang='lat' dir='ltr'><strong>mysterium</strong></span> <span class='ocrx_word' id='word_1_185' title='bbox 1425 2961 1676 3019; x_wconf 89' lang='lat' dir='ltr'><strong>admirati</strong></span> <span class='ocrx_word' id='word_1_186' title='bbox 1710 2962 1943 3019; x_wconf 82' lang='lat' dir='ltr'><strong>ﬁdeliter</strong></span> <span class='ocrx_word' id='word_1_187' title='bbox 1984 2963 2096 3021; x_wconf 87' lang='lat' dir='ltr'><strong>cla-</strong></span> 
     </span>
    </p>
   </div>
   <div class='ocr_carea' id='block_1_35' title="bbox 518 3067 782 3108">
    <p class='ocr_par' dir='ltr' id='par_1_35' title="bbox 518 3067 782 3108">
     <span class='ocr_line' id='line_1_35' title="bbox 518 3067 782 3108; baseline 0 0"><span class='ocrx_word' id='word_1_188' title='bbox 518 3067 734 3108; x_wconf 72' lang='lat' dir='ltr'><strong>martius</strong></span> <span class='ocrx_word' id='word_1_189' title='bbox 765 3068 782 3108; x_wconf 73' lang='grc'><strong>2</strong></span> 
     </span>
    </p>
   </div>
   <div class='ocr_carea' id='block_1_36' title="bbox 587 3141 1615 3215">
    <p class='ocr_par' dir='ltr' id='par_1_36' title="bbox 587 3141 1615 3215">
     <span class='ocr_line' id='line_1_36' title="bbox 587 3141 1615 3215; baseline 0.003 -18"><span class='ocrx_word' id='word_1_190' title='bbox 587 3141 723 3211; x_wconf 88' lang='lat' dir='ltr'><strong>Ave,</strong></span> <span class='ocrx_word' id='word_1_191' title='bbox 747 3141 1027 3213; x_wconf 66' lang='lat' dir='ltr'><strong>sapientia:</strong></span> <span class='ocrx_word' id='word_1_192' title='bbox 1056 3141 1151 3199; x_wconf 90' lang='lat' dir='ltr'><strong>Dei</strong></span> <span class='ocrx_word' id='word_1_193' title='bbox 1188 3142 1615 3215; x_wconf 87' lang='lat' dir='ltr'><strong>receptaculum.</strong></span> 
     </span>
    </p>
   </div>
   <div class='ocr_carea' id='block_1_37' title="bbox 586 3234 1779 3307">
    <p class='ocr_par' dir='ltr' id='par_1_37' title="bbox 586 3234 1779 3307">
     <span class='ocr_line' id='line_1_37' title="bbox 586 3234 1779 3307; baseline 0.003 -19"><span class='ocrx_word' id='word_1_194' title='bbox 586 3235 723 3300; x_wconf 87' lang='lat' dir='ltr'><strong>Ave,</strong></span> <span class='ocrx_word' id='word_1_195' title='bbox 753 3234 1104 3305; x_wconf 72' lang='lat' dir='ltr'><strong>providentia:</strong></span> <span class='ocrx_word' id='word_1_196' title='bbox 1131 3234 1302 3305; x_wconf 90' lang='lat' dir='ltr'><strong>ipsius</strong></span> <span class='ocrx_word' id='word_1_197' title='bbox 1323 3235 1779 3307; x_wconf 88' lang='lat' dir='ltr'><strong>promptuarium.</strong></span> 
     </span>
    </p>
   </div>
   <div class='ocr_carea' id='block_1_38' title="bbox 585 3320 1892 3392">
    <p class='ocr_par' dir='ltr' id='par_1_38' title="bbox 585 3320 1892 3392">
     <span class='ocr_line' id='line_1_38' title="bbox 585 3320 1892 3392; baseline 0.001 -15"><span class='ocrx_word' id='word_1_198' title='bbox 585 3320 721 3388; x_wconf 89' lang='lat' dir='ltr'><strong>Ave,</strong></span> <span class='ocrx_word' id='word_1_199' title='bbox 751 3337 871 3392; x_wconf 69' lang='lat' dir='ltr'><strong>qua:</strong></span> <span class='ocrx_word' id='word_1_200' title='bbox 899 3321 1256 3392; x_wconf 89' lang='lat' dir='ltr'><strong>philosophos</strong></span> <span class='ocrx_word' id='word_1_201' title='bbox 1280 3322 1521 3378; x_wconf 88' lang='lat' dir='ltr'><strong>ostendis</strong></span> <span class='ocrx_word' id='word_1_202' title='bbox 1550 3322 1892 3392; x_wconf 86' lang='lat' dir='ltr'><strong>insipientes.</strong></span> 
     </span>
    </p>
   </div>
   <div class='ocr_carea' id='block_1_39' title="bbox 586 3413 2098 3491">
    <p class='ocr_par' dir='ltr' id='par_1_39' title="bbox 586 3413 2098 3491">
     <span class='ocr_line' id='line_1_39' title="bbox 586 3413 2098 3491; baseline 0.001 -22"><span class='ocrx_word' id='word_1_203' title='bbox 586 3415 724 3478; x_wconf 87' lang='lat' dir='ltr'><strong>Ave,</strong></span> <span class='ocrx_word' id='word_1_204' title='bbox 755 3429 877 3485; x_wconf 83' lang='lat' dir='ltr'><strong>quae</strong></span> <span class='ocrx_word' id='word_1_205' title='bbox 906 3414 1233 3491; x_wconf 74' lang='lat' dir='ltr'><strong>eloquentiae</strong></span> <span class='ocrx_word' id='word_1_206' title='bbox 1264 3415 1550 3487; x_wconf 83' lang='lat' dir='ltr'><strong>magistros</strong></span> <span class='ocrx_word' id='word_1_207' title='bbox 1581 3414 1889 3485; x_wconf 87' lang='lat' dir='ltr'><strong>eloquentia</strong></span> <span class='ocrx_word' id='word_1_208' title='bbox 1924 3413 2098 3471; x_wconf 85' lang='lat' dir='ltr'><strong>desti-</strong></span> 
     </span>
    </p>
   </div>
   <div class='ocr_carea' id='block_1_40' title="bbox 520 3505 996 3576">
    <p class='ocr_par' dir='ltr' id='par_1_40' title="bbox 520 3505 996 3576">
     <span class='ocr_line' id='line_1_40' title="bbox 520 3505 996 3576; baseline -0.006 -14"><span class='ocrx_word' id='word_1_209' title='bbox 520 3513 668 3563; x_wconf 80' lang='lat' dir='ltr'><strong>lutos</strong></span> <span class='ocrx_word' id='word_1_210' title='bbox 693 3505 996 3576; x_wconf 89' lang='lat' dir='ltr'><strong>redarguis.</strong></span> 
     </span>
    </p>
   </div>
   <div class='ocr_carea' id='block_1_41' title="bbox 589 3592 2093 3666">
    <p class='ocr_par' dir='ltr' id='par_1_41' title="bbox 589 3592 2093 3666">
     <span class='ocr_line' id='line_1_41' title="bbox 589 3592 2093 3666; baseline 0.001 -16"><span class='ocrx_word' id='word_1_211' title='bbox 589 3595 725 3660; x_wconf 79' lang='lat' dir='ltr'><strong>Ave,</strong></span> <span class='ocrx_word' id='word_1_212' title='bbox 751 3595 1013 3665; x_wconf 86' lang='lat' dir='ltr'><strong>quoniam</strong></span> <span class='ocrx_word' id='word_1_213' title='bbox 1038 3592 1217 3648; x_wconf 82' lang='lat' dir='ltr'><strong>callidi</strong></span> <span class='ocrx_word' id='word_1_214' title='bbox 1251 3602 1682 3665; x_wconf 88' lang='lat' dir='ltr'><strong>perscrutatores</strong></span> <span class='ocrx_word' id='word_1_215' title='bbox 1706 3595 2093 3666; x_wconf 89' lang='lat' dir='ltr'><strong>dcsipuerunt.</strong></span> 
     </span>
    </p>
   </div>
   <div class='ocr_carea' id='block_1_42' title="bbox 590 3773 2090 3844">
    <p class='ocr_par' dir='ltr' id='par_1_42' title="bbox 590 3773 2090 3844">
     <span class='ocr_line' id='line_1_42' title="bbox 590 3773 2090 3844; baseline 0.001 -14"><span class='ocrx_word' id='word_1_216' title='bbox 590 3775 725 3840; x_wconf 92' lang='lat' dir='ltr'><strong>Ave,</strong></span> <span class='ocrx_word' id='word_1_217' title='bbox 760 3775 1015 3844; x_wconf 89' lang='lat' dir='ltr'><strong>quoniam</strong></span> <span class='ocrx_word' id='word_1_218' title='bbox 1051 3773 1356 3831; x_wconf 80' lang='lat' dir='ltr'><strong>fabularum</strong></span> <span class='ocrx_word' id='word_1_219' title='bbox 1400 3782 1653 3830; x_wconf 87' lang='lat' dir='ltr'><strong>auctores</strong></span> <span class='ocrx_word' id='word_1_220' title='bbox 1687 3784 2090 3832; x_wconf 89' lang='lat' dir='ltr'><strong>emarcuerunt.</strong></span> 
     </span>
    </p>
   </div>
   <div class='ocr_carea' id='block_1_43' title="bbox 590 3864 1874 3937">
    <p class='ocr_par' dir='ltr' id='par_1_43' title="bbox 590 3864 1874 3937">
     <span class='ocr_line' id='line_1_43' title="bbox 590 3864 1874 3937; baseline -0.002 -15"><span class='ocrx_word' id='word_1_221' title='bbox 590 3867 728 3935; x_wconf 90' lang='lat' dir='ltr'><strong>Ave,</strong></span> <span class='ocrx_word' id='word_1_222' title='bbox 751 3881 871 3937; x_wconf 78' lang='lat' dir='ltr'><strong>qua:</strong></span> <span class='ocrx_word' id='word_1_223' title='bbox 894 3864 1307 3921; x_wconf 89' lang='lat' dir='ltr'><strong>Atheniensium</strong></span> <span class='ocrx_word' id='word_1_224' title='bbox 1330 3867 1583 3937; x_wconf 84' lang='lat' dir='ltr'><strong>ambages</strong></span> <span class='ocrx_word' id='word_1_225' title='bbox 1603 3865 1874 3922; x_wconf 80' lang='lat' dir='ltr'><strong>dissolvis.</strong></span> 
     </span>
    </p>
   </div>
   <div class='ocr_carea' id='block_1_44' title="bbox 591 3956 1733 4029">
    <p class='ocr_par' dir='ltr' id='par_1_44' title="bbox 591 3956 1733 4029">
     <span class='ocr_line' id='line_1_44' title="bbox 591 3956 1733 4029; baseline -0.001 -17"><span class='ocrx_word' id='word_1_226' title='bbox 591 3957 728 4023; x_wconf 84' lang='lat' dir='ltr'><strong>Ave,</strong></span> <span class='ocrx_word' id='word_1_227' title='bbox 757 3974 879 4028; x_wconf 65' lang='lat' dir='ltr'><strong>quae</strong></span> <span class='ocrx_word' id='word_1_228' title='bbox 905 3958 1238 4028; x_wconf 88' lang='lat' dir='ltr'><strong>piscatorum</strong></span> <span class='ocrx_word' id='word_1_229' title='bbox 1271 3973 1496 4029; x_wconf 86' lang='lat' dir='ltr'><strong>sagenas</strong></span> <span class='ocrx_word' id='word_1_230' title='bbox 1522 3956 1733 4029; x_wconf 90' lang='lat' dir='ltr'><strong>imples.</strong></span> 
     </span>
    </p>
   </div>
   <div class='ocr_carea' id='block_1_45' title="bbox 592 4048 1881 4122">
    <p class='ocr_par' dir='ltr' id='par_1_45' title="bbox 592 4048 1881 4122">
     <span class='ocr_line' id='line_1_45' title="bbox 592 4048 1881 4122; baseline -0.001 -19"><span class='ocrx_word' id='word_1_231' title='bbox 592 4052 727 4116; x_wconf 85' lang='lat' dir='ltr'><strong>Ave,</strong></span> <span class='ocrx_word' id='word_1_232' title='bbox 756 4066 879 4121; x_wconf 65' lang='lat' dir='ltr'><strong>quae</strong></span> <span class='ocrx_word' id='word_1_233' title='bbox 915 4066 945 4105; x_wconf 90' lang='lat' dir='ltr'><strong>a</strong></span> <span class='ocrx_word' id='word_1_234' title='bbox 970 4050 1241 4121; x_wconf 78' lang='lat' dir='ltr'><strong>profundo</strong></span> <span class='ocrx_word' id='word_1_235' title='bbox 1270 4049 1591 4122; x_wconf 65' lang='lat' dir='ltr'><strong>ignorantiae</strong></span> <span class='ocrx_word' id='word_1_236' title='bbox 1619 4048 1881 4104; x_wconf 83' lang='lat' dir='ltr'><strong>extrahis.</strong></span> 
     </span>
    </p>
   </div>
   <div class='ocr_carea' id='block_1_46' title="bbox 592 4142 1761 4212">
    <p class='ocr_par' dir='ltr' id='par_1_46' title="bbox 592 4142 1761 4212">
     <span class='ocr_line' id='line_1_46' title="bbox 592 4142 1761 4212; baseline 0 -16"><span class='ocrx_word' id='word_1_237' title='bbox 592 4143 724 4209; x_wconf 87' lang='lat' dir='ltr'><strong>Ave,</strong></span> <span class='ocrx_word' id='word_1_238' title='bbox 756 4158 877 4212; x_wconf 72' lang='lat' dir='ltr'><strong>quae</strong></span> <span class='ocrx_word' id='word_1_239' title='bbox 898 4143 1097 4198; x_wconf 90' lang='lat' dir='ltr'><strong>multos</strong></span> <span class='ocrx_word' id='word_1_240' title='bbox 1125 4143 1180 4197; x_wconf 92' lang='lat' dir='ltr'><strong>in</strong></span> <span class='ocrx_word' id='word_1_241' title='bbox 1210 4142 1438 4198; x_wconf 91' lang='lat' dir='ltr'><strong>scientia</strong></span> <span class='ocrx_word' id='word_1_242' title='bbox 1467 4142 1761 4197; x_wconf 89' lang='lat' dir='ltr'><strong>illuminas.</strong></span> 
     </span>
    </p>
   </div>
   <div class='ocr_carea' id='block_1_47' title="bbox 591 4235 1534 4307">
    <p class='ocr_par' dir='ltr' id='par_1_47' title="bbox 591 4235 1534 4307">
     <span class='ocr_line' id='line_1_47' title="bbox 591 4235 1534 4307; baseline -0.007 -12"><span class='ocrx_word' id='word_1_243' title='bbox 591 4235 730 4303; x_wconf 84' lang='lat' dir='ltr'><strong>Ave,</strong></span> <span class='ocrx_word' id='word_1_244' title='bbox 762 4237 917 4291; x_wconf 88' lang='lat' dir='ltr'><strong>navis</strong></span> <span class='ocrx_word' id='word_1_245' title='bbox 950 4237 1157 4292; x_wconf 89' lang='lat' dir='ltr'><strong>servari</strong></span> <span class='ocrx_word' id='word_1_246' title='bbox 1176 4237 1534 4307; x_wconf 89' lang='lat' dir='ltr'><strong>cupientium.</strong></span> 
     </span>
    </p>
   </div>
   <div class='ocr_carea' id='block_1_48' title="bbox 598 4327 1738 4401">
    <p class='ocr_par' dir='ltr' id='par_1_48' title="bbox 598 4327 1738 4401">
     <span class='ocr_line' id='line_1_48' title="bbox 598 4327 1738 4401; baseline -0.001 -18"><span class='ocrx_word' id='word_1_247' title='bbox 598 4329 733 4395; x_wconf 90' lang='lat' dir='ltr'><strong>Ave,</strong></span> <span class='ocrx_word' id='word_1_248' title='bbox 765 4337 960 4398; x_wconf 89' lang='lat' dir='ltr'><strong>portus</strong></span> <span class='ocrx_word' id='word_1_249' title='bbox 988 4329 1044 4383; x_wconf 85' lang='lat' dir='ltr'><strong>in</strong></span> <span class='ocrx_word' id='word_1_250' title='bbox 1071 4329 1177 4384; x_wconf 90' lang='lat' dir='ltr'><strong>hac</strong></span> <span class='ocrx_word' id='word_1_251' title='bbox 1207 4329 1319 4384; x_wconf 90' lang='lat' dir='ltr'><strong>vita</strong></span> <span class='ocrx_word' id='word_1_252' title='bbox 1349 4327 1738 4401; x_wconf 88' lang='lat' dir='ltr'><strong>navigantium.</strong></span> 
     </span>
    </p>
   </div>
   <div class='ocr_carea' id='block_1_49' title="bbox 593 4421 1231 4492">
    <p class='ocr_par' dir='ltr' id='par_1_49' title="bbox 593 4421 1231 4492">
     <span class='ocr_line' id='line_1_49' title="bbox 593 4421 1231 4492; baseline -0.005 -14"><span class='ocrx_word' id='word_1_253' title='bbox 593 4422 730 4489; x_wconf 87' lang='lat' dir='ltr'><strong>Ave,</strong></span> <span class='ocrx_word' id='word_1_254' title='bbox 760 4436 958 4492; x_wconf 87' lang='lat' dir='ltr'><strong>sponsa</strong></span> <span class='ocrx_word' id='word_1_255' title='bbox 985 4421 1231 4491; x_wconf 89' lang='lat' dir='ltr'><strong>innupta.</strong></span> 
     </span>
    </p>
   </div>
   <div class='ocr_carea' id='block_1_50' title="bbox 595 4510 2097 4569">
    <p class='ocr_par' dir='ltr' id='par_1_50' title="bbox 595 4510 2097 4569">
     <span class='ocr_line' id='line_1_50' title="bbox 595 4510 2097 4569; baseline -0.003 0"><span class='ocrx_word' id='word_1_256' title='bbox 595 4512 799 4569; x_wconf 81' lang='lat' dir='ltr'><strong>Volens</strong></span> <span class='ocrx_word' id='word_1_257' title='bbox 840 4528 1024 4569; x_wconf 90' lang='lat' dir='ltr'><strong>rerum</strong></span> <span class='ocrx_word' id='word_1_258' title='bbox 1069 4512 1314 4567; x_wconf 90' lang='lat' dir='ltr'><strong>omnium</strong></span> <span class='ocrx_word' id='word_1_259' title='bbox 1357 4510 1621 4567; x_wconf 89' lang='lat' dir='ltr'><strong>Conditor</strong></span> <span class='ocrx_word' id='word_1_260' title='bbox 1673 4511 1935 4567; x_wconf 88' lang='lat' dir='ltr'><strong>mundum</strong></span> <span class='ocrx_word' id='word_1_261' title='bbox 1977 4526 2097 4568; x_wconf 90' lang='lat' dir='ltr'><strong>ser-</strong></span> 
     </span>
    </p>
   </div>
   <div class='ocr_carea' id='block_1_51' title="bbox 525 4603 2098 4674">
    <p class='ocr_par' dir='ltr' id='par_1_51' title="bbox 525 4603 2098 4674">
     <span class='ocr_line' id='line_1_51' title="bbox 525 4603 2098 4674; baseline -0.003 -11"><span class='ocrx_word' id='word_1_262' title='bbox 525 4621 677 4674; x_wconf 63' lang='lat' dir='ltr'><strong>vare,</strong></span> <span class='ocrx_word' id='word_1_263' title='bbox 695 4606 749 4660; x_wconf 90' lang='lat' dir='ltr'><strong>in</strong></span> <span class='ocrx_word' id='word_1_264' title='bbox 782 4605 928 4660; x_wconf 93' lang='lat' dir='ltr'><strong>hunc</strong></span> <span class='ocrx_word' id='word_1_265' title='bbox 950 4605 1126 4674; x_wconf 92' lang='lat' dir='ltr'><strong>ipsum</strong></span> <span class='ocrx_word' id='word_1_266' title='bbox 1155 4613 1353 4674; x_wconf 87' lang='lat' dir='ltr'><strong>sponte</strong></span> <span class='ocrx_word' id='word_1_267' title='bbox 1374 4603 1678 4668; x_wconf 89' lang='lat' dir='ltr'><strong>descendit,</strong></span> <span class='ocrx_word' id='word_1_268' title='bbox 1709 4613 1766 4660; x_wconf 87' lang='lat' dir='ltr'><strong>et</strong></span> <span class='ocrx_word' id='word_1_269' title='bbox 1792 4620 1939 4669; x_wconf 90' lang='lat' dir='ltr'><strong>cum,</strong></span> <span class='ocrx_word' id='word_1_270' title='bbox 1964 4619 2098 4674; x_wconf 87' lang='lat' dir='ltr'><strong>qua-</strong></span> 
     </span>
    </p>
   </div>
   <div class='ocr_carea' id='block_1_52' title="bbox 528 4695 2102 4767">
    <p class='ocr_par' dir='ltr' id='par_1_52' title="bbox 528 4695 2102 4767">
     <span class='ocr_line' id='line_1_52' title="bbox 528 4695 2102 4767; baseline -0.004 -11"><span class='ocrx_word' id='word_1_271' title='bbox 528 4709 690 4756; x_wconf 86' lang='lat' dir='ltr'><strong>tenus</strong></span> <span class='ocrx_word' id='word_1_272' title='bbox 719 4698 860 4753; x_wconf 87' lang='lat' dir='ltr'><strong>Deus</strong></span> <span class='ocrx_word' id='word_1_273' title='bbox 884 4706 987 4763; x_wconf 91' lang='lat' dir='ltr'><strong>est,</strong></span> <span class='ocrx_word' id='word_1_274' title='bbox 1020 4705 1206 4767; x_wconf 91' lang='lat' dir='ltr'><strong>pastor</strong></span> <span class='ocrx_word' id='word_1_275' title='bbox 1228 4704 1376 4752; x_wconf 89' lang='lat' dir='ltr'><strong>esset</strong></span> <span class='ocrx_word' id='word_1_276' title='bbox 1397 4738 1411 4760; x_wconf 90' lang='lat'><strong>,</strong></span> <span class='ocrx_word' id='word_1_277' title='bbox 1455 4706 1679 4767; x_wconf 86' lang='lat' dir='ltr'><strong>propter</strong></span> <span class='ocrx_word' id='word_1_278' title='bbox 1710 4712 1812 4754; x_wconf 90' lang='lat' dir='ltr'><strong>nos</strong></span> <span class='ocrx_word' id='word_1_279' title='bbox 1846 4695 2102 4767; x_wconf 87' lang='lat' dir='ltr'><strong>apparuit</strong></span> 
     </span>
    </p>
   </div>
   <div class='ocr_carea' id='block_1_53' title="bbox 529 4781 2101 4844">
    <p class='ocr_par' dir='ltr' id='par_1_53' title="bbox 529 4781 2101 4844">
     <span class='ocr_line' id='line_1_53' title="bbox 529 4781 2101 4844; baseline -0.004 -1"><span class='ocrx_word' id='word_1_280' title='bbox 529 4787 815 4844; x_wconf 87' lang='lat' dir='ltr'><strong>nobiscum</strong></span> <span class='ocrx_word' id='word_1_281' title='bbox 853 4786 1019 4842; x_wconf 91' lang='lat' dir='ltr'><strong>homo</strong></span> <span class='ocrx_word' id='word_1_282' title='bbox 1056 4804 1069 4841; x_wconf 90' lang='lat'><strong>:</strong></span> <span class='ocrx_word' id='word_1_283' title='bbox 1109 4783 1467 4841; x_wconf 89' lang='lat' dir='ltr'><strong>similitudine</strong></span> <span class='ocrx_word' id='word_1_284' title='bbox 1505 4783 1653 4839; x_wconf 89' lang='lat' dir='ltr'><strong>enim</strong></span> <span class='ocrx_word' id='word_1_285' title='bbox 1702 4790 1890 4840; x_wconf 90' lang='lat' dir='ltr'><strong>nostra</strong></span> <span class='ocrx_word' id='word_1_286' title='bbox 1935 4781 2003 4839; x_wconf 84' lang='lat' dir='ltr'><strong>ad</strong></span> <span class='ocrx_word' id='word_1_287' title='bbox 2040 4795 2101 4836; x_wconf 89' lang='lat' dir='ltr'><strong>se</strong></span> 
     </span>
    </p>
   </div>
   <div class='ocr_carea' id='block_1_54' title="bbox 530 4877 1235 4957">
    <p class='ocr_par' dir='ltr' id='par_1_54' title="bbox 530 4877 1235 4957">
     <span class='ocr_line' id='line_1_54' title="bbox 530 4877 1235 4957; baseline -0.003 -22"><span class='ocrx_word' id='word_1_288' title='bbox 530 4887 741 4943; x_wconf 85' lang='lat' dir='ltr'><strong>vocata,</strong></span> <span class='ocrx_word' id='word_1_289' title='bbox 771 4889 830 4933; x_wconf 82' lang='lat' dir='ltr'><strong>ut</strong></span> <span class='ocrx_word' id='word_1_290' title='bbox 862 4877 1191 4957; x_wconf 77' lang='lat' dir='ltr'><strong>Deusaudit</strong></span> <span class='ocrx_word' id='word_1_291' title='bbox 1220 4895 1235 4933; x_wconf 87' lang='lat'><strong>:</strong></span> 
     </span>
    </p>
   </div>
   <div class='ocr_carea' id='block_1_55' title="bbox 603 4969 857 5025">
    <p class='ocr_par' dir='ltr' id='par_1_55' title="bbox 603 4969 857 5025">
     <span class='ocr_line' id='line_1_55' title="bbox 603 4969 857 5025; baseline 0 -1"><span class='ocrx_word' id='word_1_292' title='bbox 603 4969 857 5025; x_wconf 87' lang='lat' dir='ltr'><strong>Alleluia.</strong></span> 
     </span>
    </p>
   </div>
   <div class='ocr_carea' id='block_1_56' title="bbox 599 5081 2104 5156">
    <p class='ocr_par' dir='ltr' id='par_1_56' title="bbox 599 5081 2104 5156">
     <span class='ocr_line' id='line_1_56' title="bbox 599 5081 2104 5156; baseline -0.003 -15"><span class='ocrx_word' id='word_1_293' title='bbox 599 5082 880 5156; x_wconf 80' lang='lat' dir='ltr'><strong>Virginum</strong></span> <span class='ocrx_word' id='word_1_294' title='bbox 913 5094 971 5139; x_wconf 89' lang='lat' dir='ltr'><strong>et</strong></span> <span class='ocrx_word' id='word_1_295' title='bbox 993 5083 1237 5139; x_wconf 84' lang='lat' dir='ltr'><strong>omnium</strong></span> <span class='ocrx_word' id='word_1_296' title='bbox 1260 5083 1327 5139; x_wconf 90' lang='lat' dir='ltr'><strong>ad</strong></span> <span class='ocrx_word' id='word_1_297' title='bbox 1363 5093 1417 5139; x_wconf 91' lang='lat' dir='ltr'><strong>te</strong></span> <span class='ocrx_word' id='word_1_298' title='bbox 1453 5081 1884 5155; x_wconf 80' lang='lat' dir='ltr'><strong>confugientium</strong></span> <span class='ocrx_word' id='word_1_299' title='bbox 1915 5095 2104 5136; x_wconf 86' lang='lat' dir='ltr'><strong>murus</strong></span> 
     </span>
    </p>
   </div>
   <div class='ocr_carea' id='block_1_57' title="bbox 532 5172 2103 5247">
    <p class='ocr_par' dir='ltr' id='par_1_57' title="bbox 532 5172 2103 5247">
     <span class='ocr_line' id='line_1_57' title="bbox 532 5172 2103 5247; baseline -0.004 -15"><span class='ocrx_word' id='word_1_300' title='bbox 532 5190 614 5241; x_wconf 89' lang='lat' dir='ltr'><strong>es,</strong></span> <span class='ocrx_word' id='word_1_301' title='bbox 642 5174 803 5247; x_wconf 82' lang='lat' dir='ltr'><strong>Virgo</strong></span> <span class='ocrx_word' id='word_1_302' title='bbox 844 5174 1101 5246; x_wconf 88' lang='lat' dir='ltr'><strong>Deipara;</strong></span> <span class='ocrx_word' id='word_1_303' title='bbox 1151 5174 1346 5231; x_wconf 81' lang='lat' dir='ltr'><strong>Factor</strong></span> <span class='ocrx_word' id='word_1_304' title='bbox 1390 5176 1539 5231; x_wconf 85' lang='lat' dir='ltr'><strong>enim</strong></span> <span class='ocrx_word' id='word_1_305' title='bbox 1583 5174 1708 5231; x_wconf 63' lang='lat' dir='ltr'><strong>cali</strong></span> <span class='ocrx_word' id='word_1_306' title='bbox 1747 5182 1803 5230; x_wconf 90' lang='lat' dir='ltr'><strong>et</strong></span> <span class='ocrx_word' id='word_1_307' title='bbox 1843 5182 2001 5229; x_wconf 74' lang='lat' dir='ltr'><strong>terra:</strong></span> <span class='ocrx_word' id='word_1_308' title='bbox 2047 5172 2103 5225; x_wconf 90' lang='lat' dir='ltr'><strong>in</strong></span> 
     </span>
    </p>
   </div>
   <div class='ocr_carea' id='block_1_58' title="bbox 533 5265 2101 5334">
    <p class='ocr_par' dir='ltr' id='par_1_58' title="bbox 533 5265 2101 5334">
     <span class='ocr_line' id='line_1_58' title="bbox 533 5265 2101 5334; baseline -0.003 -12"><span class='ocrx_word' id='word_1_309' title='bbox 533 5276 691 5322; x_wconf 92' lang='lat' dir='ltr'><strong>utero</strong></span> <span class='ocrx_word' id='word_1_310' title='bbox 723 5276 815 5323; x_wconf 92' lang='lat' dir='ltr'><strong>tuo</strong></span> <span class='ocrx_word' id='word_1_311' title='bbox 842 5277 1209 5323; x_wconf 89' lang='lat' dir='ltr'><strong>commoratus</strong></span> <span class='ocrx_word' id='word_1_312' title='bbox 1239 5268 1309 5323; x_wconf 92' lang='lat' dir='ltr'><strong>ad</strong></span> <span class='ocrx_word' id='word_1_313' title='bbox 1340 5268 1442 5322; x_wconf 92' lang='lat' dir='ltr'><strong>hoc</strong></span> <span class='ocrx_word' id='word_1_314' title='bbox 1472 5275 1526 5322; x_wconf 87' lang='lat' dir='ltr'><strong>te</strong></span> <span class='ocrx_word' id='word_1_315' title='bbox 1552 5266 1829 5334; x_wconf 82' lang='lat' dir='ltr'><strong>instruxit,</strong></span> <span class='ocrx_word' id='word_1_316' title='bbox 1849 5280 1882 5321; x_wconf 89' lang='grc' dir='ltr'><strong>ο</strong></span> <span class='ocrx_word' id='word_1_317' title='bbox 1906 5265 2101 5321; x_wconf 86' lang='lat' dir='ltr'><strong>imma-</strong></span> 
     </span>
    </p>
   </div>
   <div class='ocr_carea' id='block_1_59' title="bbox 532 5356 1575 5428">
    <p class='ocr_par' dir='ltr' id='par_1_59' title="bbox 532 5356 1575 5428">
     <span class='ocr_line' id='line_1_59' title="bbox 532 5356 1575 5428; baseline 0.001 -16"><span class='ocrx_word' id='word_1_318' title='bbox 532 5356 733 5424; x_wconf 85' lang='lat' dir='ltr'><strong>culata,</strong></span> <span class='ocrx_word' id='word_1_319' title='bbox 762 5357 1055 5428; x_wconf 88' lang='lat' dir='ltr'><strong>docuitque</strong></span> <span class='ocrx_word' id='word_1_320' title='bbox 1082 5372 1274 5413; x_wconf 88' lang='lat' dir='ltr'><strong>omnes</strong></span> <span class='ocrx_word' id='word_1_321' title='bbox 1299 5356 1536 5414; x_wconf 86' lang='lat' dir='ltr'><strong>salutare</strong></span> <span class='ocrx_word' id='word_1_322' title='bbox 1561 5377 1575 5413; x_wconf 87' lang='lat'><strong>:</strong></span> 
     </span>
    </p>
   </div>
   <div class='ocr_carea' id='block_1_60' title="bbox 607 5528 1405 5601">
    <p class='ocr_par' dir='ltr' id='par_1_60' title="bbox 607 5528 1405 5601">
     <span class='ocr_line' id='line_1_60' title="bbox 607 5528 1405 5601; baseline -0.004 -13"><span class='ocrx_word' id='word_1_323' title='bbox 607 5530 744 5597; x_wconf 85' lang='lat' dir='ltr'><strong>Ave,</strong></span> <span class='ocrx_word' id='word_1_324' title='bbox 766 5532 1021 5588; x_wconf 87' lang='lat' dir='ltr'><strong>columna</strong></span> <span class='ocrx_word' id='word_1_325' title='bbox 1054 5528 1405 5601; x_wconf 87' lang='lat' dir='ltr'><strong>virginitatis.</strong></span> 
     </span>
    </p>
   </div>
   <div class='ocr_carea' id='block_1_61' title="bbox 612 5622 1175 5695">
    <p class='ocr_par' dir='ltr' id='par_1_61' title="bbox 612 5622 1175 5695">
     <span class='ocr_line' id='line_1_61' title="bbox 612 5622 1175 5695; baseline -0.007 -16"><span class='ocrx_word' id='word_1_326' title='bbox 612 5623 744 5689; x_wconf 85' lang='lat' dir='ltr'><strong>Avc,</strong></span> <span class='ocrx_word' id='word_1_327' title='bbox 774 5632 931 5695; x_wconf 88' lang='lat' dir='ltr'><strong>porta</strong></span> <span class='ocrx_word' id='word_1_328' title='bbox 962 5622 1175 5679; x_wconf 88' lang='lat' dir='ltr'><strong>salutis.</strong></span> 
     </span>
    </p>
   </div>
   <div class='ocr_carea' id='block_1_62' title="bbox 609 5714 1714 5788">
    <p class='ocr_par' dir='ltr' id='par_1_62' title="bbox 609 5714 1714 5788">
     <span class='ocr_line' id='line_1_62' title="bbox 609 5714 1714 5788; baseline -0.002 -17"><span class='ocrx_word' id='word_1_329' title='bbox 609 5716 742 5785; x_wconf 89' lang='lat' dir='ltr'><strong>Ave,</strong></span> <span class='ocrx_word' id='word_1_330' title='bbox 776 5716 985 5774; x_wconf 80' lang='lat' dir='ltr'><strong>auctrix</strong></span> <span class='ocrx_word' id='word_1_331' title='bbox 1009 5715 1266 5788; x_wconf 85' lang='lat' dir='ltr'><strong>spiritalis</strong></span> <span class='ocrx_word' id='word_1_332' title='bbox 1296 5714 1714 5772; x_wconf 78' lang='lat' dir='ltr'><strong>reformationis.</strong></span> 
     </span>
    </p>
   </div>
   <div class='ocr_carea' id='block_1_63' title="bbox 2191 682 3366 759">
    <p class='ocr_par' dir='ltr' id='par_1_63' title="bbox 2191 682 3366 759">
     <span class='ocr_line' id='line_1_63' title="bbox 2191 682 3366 759; baseline 0.005 -24"><span class='ocrx_word' id='word_1_333' title='bbox 2191 682 2466 752; x_wconf 79' lang='grc' dir='ltr'><strong>Παρθένου</strong></span> <span class='ocrx_word' id='word_1_334' title='bbox 2510 684 2807 753; x_wconf 81' lang='grc' dir='ltr'>θεολήπτου</span> <span class='ocrx_word' id='word_1_335' title='bbox 2841 682 3146 759; x_wconf 80' lang='grc' dir='ltr'>ἀκουούσης</span> <span class='ocrx_word' id='word_1_336' title='bbox 3174 686 3366 741; x_wconf 83' lang='grc' dir='ltr'>ταῦτα.</span> 
     </span>
    </p>
   </div>
   <div class='ocr_carea' id='block_1_64' title="bbox 2259 776 3127 849">
    <p class='ocr_par' dir='ltr' id='par_1_64' title="bbox 2259 776 3127 849">
     <span class='ocr_line' id='line_1_64' title="bbox 2259 776 3127 849; baseline 0.007 -22"><span class='ocrx_word' id='word_1_337' title='bbox 2259 776 2452 845; x_wconf 81' lang='grc' dir='ltr'><strong>Χαῖρε,</strong></span> <span class='ocrx_word' id='word_1_338' title='bbox 2479 776 2616 830; x_wconf 86' lang='grc' dir='ltr'><strong>Θεοῦ</strong></span> <span class='ocrx_word' id='word_1_339' title='bbox 2638 777 2921 849; x_wconf 76' lang='grc' dir='ltr'>ἀχωρήτου</span> <span class='ocrx_word' id='word_1_340' title='bbox 2942 776 3127 849; x_wconf 67' lang='grc' dir='ltr'>χώρα.</span> 
     </span>
    </p>
   </div>
   <div class='ocr_carea' id='block_1_65' title="bbox 2263 863 3214 938">
    <p class='ocr_par' dir='ltr' id='par_1_65' title="bbox 2263 863 3214 938">
     <span class='ocr_line' id='line_1_65' title="bbox 2263 863 3214 938; baseline 0.009 -24"><span class='ocrx_word' id='word_1_341' title='bbox 2263 863 2458 934; x_wconf 80' lang='grc' dir='ltr'><strong>Χαῖρε,</strong></span> <span class='ocrx_word' id='word_1_342' title='bbox 2487 863 2685 917; x_wconf 83' lang='grc' dir='ltr'>σεπτοῦ</span> <span class='ocrx_word' id='word_1_343' title='bbox 2720 867 3018 937; x_wconf 74' lang='grc' dir='ltr'><strong>μυστηρίου</strong></span> <span class='ocrx_word' id='word_1_344' title='bbox 3052 867 3214 938; x_wconf 84' lang='grc' dir='ltr'>θύρα.</span> 
     </span>
    </p>
   </div>
   <div class='ocr_carea' id='block_1_66' title="bbox 2257 955 3513 1033">
    <p class='ocr_par' dir='ltr' id='par_1_66' title="bbox 2257 955 3513 1033">
     <span class='ocr_line' id='line_1_66' title="bbox 2257 955 3513 1033; baseline 0.006 -26"><span class='ocrx_word' id='word_1_345' title='bbox 2257 955 2448 1025; x_wconf 82' lang='grc' dir='ltr'><strong>Χαῖρε,</strong></span> <span class='ocrx_word' id='word_1_346' title='bbox 2478 956 2588 1009; x_wconf 90' lang='grc' dir='ltr'><strong>τῶν</strong></span> <span class='ocrx_word' id='word_1_347' title='bbox 2616 956 2860 1012; x_wconf 81' lang='grc' dir='ltr'>ἀπίστων</span> <span class='ocrx_word' id='word_1_348' title='bbox 2897 959 3199 1029; x_wconf 78' lang='grc' dir='ltr'>ἀμφίϐολον</span> <span class='ocrx_word' id='word_1_349' title='bbox 3233 960 3513 1033; x_wconf 79' lang='grc' dir='ltr'>ἄκουσμα.</span> 
     </span>
    </p>
   </div>
   <div class='ocr_carea' id='block_1_67' title="bbox 2256 1048 3510 1123">
    <p class='ocr_par' dir='ltr' id='par_1_67' title="bbox 2256 1048 3510 1123">
     <span class='ocr_line' id='line_1_67' title="bbox 2256 1048 3510 1123; baseline 0.005 -23"><span class='ocrx_word' id='word_1_350' title='bbox 2256 1048 2429 1117; x_wconf 83' lang='grc' dir='ltr'>Χαῖρε</span> <span class='ocrx_word' id='word_1_351' title='bbox 2458 1048 2566 1103; x_wconf 84' lang='grc' dir='ltr'><strong>τῶν</strong></span> <span class='ocrx_word' id='word_1_352' title='bbox 2595 1050 2804 1103; x_wconf 80' lang='grc' dir='ltr'><strong>πιστῶν</strong></span> <span class='ocrx_word' id='word_1_353' title='bbox 2828 1051 3199 1121; x_wconf 81' lang='grc' dir='ltr'>ἀναμφίϐολον</span> <span class='ocrx_word' id='word_1_354' title='bbox 3224 1052 3510 1123; x_wconf 85' lang='grc' dir='ltr'>καύχημα.</span> 
     </span>
    </p>
   </div>
   <div class='ocr_carea' id='block_1_68' title="bbox 2266 1140 3690 1217">
    <p class='ocr_par' dir='ltr' id='par_1_68' title="bbox 2266 1140 3690 1217">
     <span class='ocr_line' id='line_1_68' title="bbox 2266 1140 3690 1217; baseline 0.005 -24"><span class='ocrx_word' id='word_1_355' title='bbox 2266 1141 2456 1212; x_wconf 82' lang='grc' dir='ltr'>Χαῖρε,</span> <span class='ocrx_word' id='word_1_356' title='bbox 2481 1140 2664 1213; x_wconf 74' lang='grc' dir='ltr'>ὄχημα</span> <span class='ocrx_word' id='word_1_357' title='bbox 2697 1142 2962 1212; x_wconf 77' lang='grc' dir='ltr'>πανάτιον</span> <span class='ocrx_word' id='word_1_358' title='bbox 2990 1143 3086 1197; x_wconf 82' lang='grc' dir='ltr'>τοῦ</span> <span class='ocrx_word' id='word_1_359' title='bbox 3120 1143 3345 1198; x_wconf 74' lang='grc' dir='ltr'>ἐπὶτῶν</span> <span class='ocrx_word' id='word_1_360' title='bbox 3381 1144 3690 1217; x_wconf 64' lang='grc' dir='ltr'>Χερουαμ.</span> 
     </span>
    </p>
   </div>
   <div class='ocr_carea' id='block_1_69' title="bbox 2263 1318 3775 1395">
    <p class='ocr_par' dir='ltr' id='par_1_69' title="bbox 2263 1318 3775 1395">
     <span class='ocr_line' id='line_1_69' title="bbox 2263 1318 3775 1395; baseline 0.003 -24"><span class='ocrx_word' id='word_1_361' title='bbox 2263 1318 2457 1389; x_wconf 82' lang='grc' dir='ltr'>Χαῖρε,</span> <span class='ocrx_word' id='word_1_362' title='bbox 2490 1318 2697 1392; x_wconf 73' lang='grc' dir='ltr'>οἴκημα</span> <span class='ocrx_word' id='word_1_363' title='bbox 2725 1319 3060 1392; x_wconf 85' lang='grc' dir='ltr'>πανάριστον</span> <span class='ocrx_word' id='word_1_364' title='bbox 3078 1321 3171 1375; x_wconf 80' lang='grc' dir='ltr'>τοῦ</span> <span class='ocrx_word' id='word_1_365' title='bbox 3213 1320 3304 1376; x_wconf 73' lang='grc' dir='ltr'><strong>ἐπὶ</strong></span> <span class='ocrx_word' id='word_1_366' title='bbox 3338 1320 3447 1375; x_wconf 86' lang='grc' dir='ltr'><strong>τῶν</strong></span> <span class='ocrx_word' id='word_1_367' title='bbox 3494 1320 3775 1395; x_wconf 83' lang='grc' dir='ltr'>Σεραφίμ.</span> 
     </span>
    </p>
   </div>
   <div class='ocr_carea' id='block_1_70' title="bbox 2255 1464 3417 1571">
    <p class='ocr_par' dir='ltr' id='par_1_70' title="bbox 2255 1464 3417 1571">
     <span class='ocr_line' id='line_1_70' title="bbox 2255 1464 3417 1571; baseline 0.004 -18"><span class='ocrx_word' id='word_1_368' title='bbox 2255 1499 2446 1570; x_wconf 83' lang='grc' dir='ltr'>Χαῖρε,</span> <span class='ocrx_word' id='word_1_369' title='bbox 2477 1501 2511 1570; x_wconf 80' lang='grc' dir='ltr'>ἡ</span> <span class='ocrx_word' id='word_1_370' title='bbox 2536 1464 2792 1555; x_wconf 47' lang='grc' dir='ltr'>τάνανΐεία</span> <span class='ocrx_word' id='word_1_371' title='bbox 2813 1501 2893 1567; x_wconf 81' lang='grc' dir='ltr'>είς</span> <span class='ocrx_word' id='word_1_372' title='bbox 2914 1502 3081 1557; x_wconf 73' lang='grc' dir='ltr'><strong>ταῦτδ</strong></span> <span class='ocrx_word' id='word_1_373' title='bbox 3116 1503 3417 1571; x_wconf 82' lang='grc' dir='ltr'>ἀγαγοῦσα.</span> 
     </span>
    </p>
   </div>
   <div class='ocr_carea' id='block_1_71' title="bbox 2258 1592 3529 1667">
    <p class='ocr_par' dir='ltr' id='par_1_71' title="bbox 2258 1592 3529 1667">
     <span class='ocr_line' id='line_1_71' title="bbox 2258 1592 3529 1667; baseline 0.007 -24"><span class='ocrx_word' id='word_1_374' title='bbox 2258 1592 2451 1661; x_wconf 86' lang='grc' dir='ltr'>Χαῖρε,</span> <span class='ocrx_word' id='word_1_375' title='bbox 2480 1592 2514 1661; x_wconf 83' lang='grc' dir='ltr'>ἠ</span> <span class='ocrx_word' id='word_1_376' title='bbox 2546 1592 2844 1663; x_wconf 76' lang='grc' dir='ltr'>παρθενίαν</span> <span class='ocrx_word' id='word_1_377' title='bbox 2868 1594 2963 1648; x_wconf 80' lang='grc' dir='ltr'>καὶ</span> <span class='ocrx_word' id='word_1_378' title='bbox 2986 1595 3199 1667; x_wconf 79' lang='grc' dir='ltr'>λοχείαν</span> <span class='ocrx_word' id='word_1_379' title='bbox 3235 1596 3529 1667; x_wconf 78' lang='grc' dir='ltr'>ζευγνῦσα.</span> 
     </span>
    </p>
   </div>
   <div class='ocr_carea' id='block_1_72' title="bbox 2259 1676 3206 1755">
    <p class='ocr_par' dir='ltr' id='par_1_72' title="bbox 2259 1676 3206 1755">
     <span class='ocr_line' id='line_1_72' title="bbox 2259 1676 3206 1755; baseline 0.01 -22"><span class='ocrx_word' id='word_1_380' title='bbox 2259 1680 2453 1750; x_wconf 89' lang='grc' dir='ltr'>Χαῖρε,</span> <span class='ocrx_word' id='word_1_381' title='bbox 2479 1681 2546 1735; x_wconf 85' lang='grc' dir='ltr'><strong>δι’</strong></span> <span class='ocrx_word' id='word_1_382' title='bbox 2572 1676 2642 1753; x_wconf 82' lang='grc' dir='ltr'>ἦς</span> <span class='ocrx_word' id='word_1_383' title='bbox 2668 1681 2834 1753; x_wconf 76' lang='grc' dir='ltr'>ἐλύθη</span> <span class='ocrx_word' id='word_1_384' title='bbox 2864 1684 3206 1755; x_wconf 78' lang='grc' dir='ltr'>παράϐασις.</span> 
     </span>
    </p>
   </div>
   <div class='ocr_carea' id='block_1_73' title="bbox 2262 1767 3263 1849">
    <p class='ocr_par' dir='ltr' id='par_1_73' title="bbox 2262 1767 3263 1849">
     <span class='ocr_line' id='line_1_73' title="bbox 2262 1767 3263 1849; baseline 0.007 -24"><span class='ocrx_word' id='word_1_385' title='bbox 2262 1772 2455 1844; x_wconf 87' lang='grc' dir='ltr'>Χαῖρε,</span> <span class='ocrx_word' id='word_1_386' title='bbox 2483 1772 2549 1827; x_wconf 83' lang='grc' dir='ltr'>δι’</span> <span class='ocrx_word' id='word_1_387' title='bbox 2574 1767 2642 1846; x_wconf 81' lang='grc' dir='ltr'>ἧς</span> <span class='ocrx_word' id='word_1_388' title='bbox 2664 1774 2885 1846; x_wconf 78' lang='grc' dir='ltr'><strong>ἠνοίχθη</strong></span> <span class='ocrx_word' id='word_1_389' title='bbox 2915 1777 3263 1849; x_wconf 83' lang='grc' dir='ltr'>παράδεισος.</span> 
     </span>
    </p>
   </div>
   <div class='ocr_carea' id='block_1_74' title="bbox 2261 1864 3411 1941">
    <p class='ocr_par' dir='ltr' id='par_1_74' title="bbox 2261 1864 3411 1941">
     <span class='ocr_line' id='line_1_74' title="bbox 2261 1864 3411 1941; baseline 0.006 -24"><span class='ocrx_word' id='word_1_390' title='bbox 2261 1864 2456 1937; x_wconf 90' lang='grc' dir='ltr'>Χαῖρε,</span> <span class='ocrx_word' id='word_1_391' title='bbox 2483 1866 2517 1936; x_wconf 77' lang='grc' dir='ltr'>ἠ</span> <span class='ocrx_word' id='word_1_392' title='bbox 2543 1865 2691 1930; x_wconf 71' lang='grc' dir='ltr'>κλεὶς</span> <span class='ocrx_word' id='word_1_393' title='bbox 2714 1866 2815 1938; x_wconf 79' lang='grc' dir='ltr'>τῆς</span> <span class='ocrx_word' id='word_1_394' title='bbox 2846 1868 3086 1940; x_wconf 82' lang='grc' dir='ltr'>Χριστοῦ</span> <span class='ocrx_word' id='word_1_395' title='bbox 3114 1870 3411 1941; x_wconf 81' lang='grc' dir='ltr'><strong>βασιλείας.</strong></span> 
     </span>
    </p>
   </div>
   <div class='ocr_carea' id='block_1_75' title="bbox 2258 1955 3166 2026">
    <p class='ocr_par' dir='ltr' id='par_1_75' title="bbox 2258 1955 3166 2026">
     <span class='ocr_line' id='line_1_75' title="bbox 2258 1955 3166 2026; baseline 0.008 -16"><span class='ocrx_word' id='word_1_396' title='bbox 2258 1956 2449 2025; x_wconf 88' lang='grc' dir='ltr'>Χαῖρε,</span> <span class='ocrx_word' id='word_1_397' title='bbox 2480 1955 2631 2021; x_wconf 76' lang='grc' dir='ltr'>ἐλπὶς</span> <span class='ocrx_word' id='word_1_398' title='bbox 2655 1956 2878 2026; x_wconf 78' lang='grc' dir='ltr'>ἀγαθῶν</span> <span class='ocrx_word' id='word_1_399' title='bbox 2907 1960 3166 2017; x_wconf 74' lang='grc' dir='ltr'>αἰωνίων.</span> 
     </span>
    </p>
   </div>
   <div class='ocr_carea' id='block_1_76' title="bbox 2260 2047 3041 2122">
    <p class='ocr_par' dir='ltr' id='par_1_76' title="bbox 2260 2047 3041 2122">
     <span class='ocr_line' id='line_1_76' title="bbox 2260 2047 3041 2122; baseline 0.004 -20"><span class='ocrx_word' id='word_1_400' title='bbox 2260 2048 2457 2121; x_wconf 84' lang='grc' dir='ltr'>Χαῖρε,</span> <span class='ocrx_word' id='word_1_401' title='bbox 2478 2047 2667 2121; x_wconf 83' lang='grc' dir='ltr'>νύμφη</span> <span class='ocrx_word' id='word_1_402' title='bbox 2706 2049 3041 2122; x_wconf 82' lang='grc' dir='ltr'>ἀνύμφευτε.</span> 
     </span>
    </p>
   </div>
   <div class='ocr_carea' id='block_1_77' title="bbox 2258 2140 3773 2220">
    <p class='ocr_par' dir='ltr' id='par_1_77' title="bbox 2258 2140 3773 2220">
     <span class='ocr_line' id='line_1_77' title="bbox 2258 2140 3773 2220; baseline 0.005 -27"><span class='ocrx_word' id='word_1_403' title='bbox 2258 2141 2417 2195; x_wconf 83' lang='grc' dir='ltr'>Πᾶσα</span> <span class='ocrx_word' id='word_1_404' title='bbox 2448 2140 2612 2211; x_wconf 82' lang='grc' dir='ltr'><strong>φύσις</strong></span> <span class='ocrx_word' id='word_1_405' title='bbox 2640 2142 2888 2212; x_wconf 85' lang='grc' dir='ltr'>ἀγγέλων</span> <span class='ocrx_word' id='word_1_406' title='bbox 2928 2144 3245 2217; x_wconf 78' lang='grc' dir='ltr'><strong>κατεπλάγη</strong></span> <span class='ocrx_word' id='word_1_407' title='bbox 3270 2147 3330 2199; x_wconf 84' lang='grc' dir='ltr'>τὸ</span> <span class='ocrx_word' id='word_1_408' title='bbox 3359 2146 3505 2217; x_wconf 84' lang='grc' dir='ltr'>μέγα</span> <span class='ocrx_word' id='word_1_409' title='bbox 3532 2147 3631 2217; x_wconf 81' lang='grc' dir='ltr'>τῆς</span> <span class='ocrx_word' id='word_1_410' title='bbox 3663 2149 3773 2220; x_wconf 79' lang='grc' dir='ltr'><strong>σῆς</strong></span> 
     </span>
    </p>
   </div>
   <div class='ocr_carea' id='block_1_78' title="bbox 2190 2232 3770 2312">
    <p class='ocr_par' dir='ltr' id='par_1_78' title="bbox 2190 2232 3770 2312">
     <span class='ocr_line' id='line_1_78' title="bbox 2190 2232 3770 2312; baseline 0.005 -25"><span class='ocrx_word' id='word_1_411' title='bbox 2190 2232 2655 2305; x_wconf 71' lang='grc' dir='ltr'>ὲνανθρωπήσεως</span> <span class='ocrx_word' id='word_1_412' title='bbox 2678 2234 2865 2308; x_wconf 74' lang='grc' dir='ltr'>ἔργονο</span> <span class='ocrx_word' id='word_1_413' title='bbox 2897 2237 2991 2292; x_wconf 81' lang='grc' dir='ltr'>τὸν</span> <span class='ocrx_word' id='word_1_414' title='bbox 3017 2239 3314 2310; x_wconf 84' lang='grc' dir='ltr'>ἀπρόσιτον</span> <span class='ocrx_word' id='word_1_415' title='bbox 3339 2239 3470 2312; x_wconf 80' lang='grc' dir='ltr'>γὰρ,</span> <span class='ocrx_word' id='word_1_416' title='bbox 3500 2240 3577 2306; x_wconf 85' lang='grc' dir='ltr'><strong>ὡς</strong></span> <span class='ocrx_word' id='word_1_417' title='bbox 3606 2242 3770 2305; x_wconf 77' lang='grc' dir='ltr'>Θεὸν,</span> 
     </span>
    </p>
   </div>
   <div class='ocr_carea' id='block_1_79' title="bbox 2192 2323 3772 2404">
    <p class='ocr_par' dir='ltr' id='par_1_79' title="bbox 2192 2323 3772 2404">
     <span class='ocr_line' id='line_1_79' title="bbox 2192 2323 3772 2404; baseline 0.005 -26"><span class='ocrx_word' id='word_1_418' title='bbox 2192 2323 2414 2397; x_wconf 78' lang='grc' dir='ltr'>ἐθεώρει</span> <span class='ocrx_word' id='word_1_419' title='bbox 2442 2328 2578 2380; x_wconf 80' lang='grc' dir='ltr'>πᾶσι</span> <span class='ocrx_word' id='word_1_420' title='bbox 2624 2328 2878 2399; x_wconf 85' lang='grc' dir='ltr'>προσιτὸν</span> <span class='ocrx_word' id='word_1_421' title='bbox 2913 2328 3222 2401; x_wconf 78' lang='grc' dir='ltr'>ἄνθρωπον,</span> <span class='ocrx_word' id='word_1_422' title='bbox 3255 2333 3389 2403; x_wconf 80' lang='grc' dir='ltr'>ἡμῖν</span> <span class='ocrx_word' id='word_1_423' title='bbox 3441 2334 3543 2404; x_wconf 83' lang='grc' dir='ltr'>μὲν</span> <span class='ocrx_word' id='word_1_424' title='bbox 3583 2334 3772 2388; x_wconf 81' lang='grc' dir='ltr'>συνδι-</span> 
     </span>
    </p>
   </div>
   <div class='ocr_carea' id='block_1_80' title="bbox 2192 2416 3414 2494">
    <p class='ocr_par' dir='ltr' id='par_1_80' title="bbox 2192 2416 3414 2494">
     <span class='ocr_line' id='line_1_80' title="bbox 2192 2416 3414 2494; baseline 0.007 -23"><span class='ocrx_word' id='word_1_425' title='bbox 2192 2416 2410 2486; x_wconf 78' lang='grc' dir='ltr'>άγοντα.</span> <span class='ocrx_word' id='word_1_426' title='bbox 2440 2420 2707 2476; x_wconf 79' lang='grc' dir='ltr'>ἀκούοντα</span> <span class='ocrx_word' id='word_1_427' title='bbox 2728 2420 2784 2476; x_wconf 79' lang='grc' dir='ltr'><strong>δὲ</strong></span> <span class='ocrx_word' id='word_1_428' title='bbox 2811 2421 2962 2494; x_wconf 77' lang='grc' dir='ltr'>παρὰ</span> <span class='ocrx_word' id='word_1_429' title='bbox 2980 2423 3199 2479; x_wconf 87' lang='grc' dir='ltr'>πάντων</span> <span class='ocrx_word' id='word_1_430' title='bbox 3222 2423 3414 2490; x_wconf 75' lang='grc' dir='ltr'>οὕτως·</span> 
     </span>
    </p>
   </div>
   <div class='ocr_carea' id='block_1_81' title="bbox 2276 2594 2611 2666">
    <p class='ocr_par' dir='ltr' id='par_1_81' title="bbox 2276 2594 2611 2666">
     <span class='ocr_line' id='line_1_81' title="bbox 2276 2594 2611 2666; baseline 0 -17"><span class='ocrx_word' id='word_1_431' title='bbox 2276 2594 2611 2666; x_wconf 82' lang='grc' dir='ltr'>Ἀλληλούῖα.</span> 
     </span>
    </p>
   </div>
   <div class='ocr_carea' id='block_1_82' title="bbox 2274 2685 3778 2763">
    <p class='ocr_par' dir='ltr' id='par_1_82' title="bbox 2274 2685 3778 2763">
     <span class='ocr_line' id='line_1_82' title="bbox 2274 2685 3778 2763; baseline 0.003 -23"><span class='ocrx_word' id='word_1_432' title='bbox 2274 2685 2537 2758; x_wconf 85' lang='grc' dir='ltr'>Ῥήτορας</span> <span class='ocrx_word' id='word_1_433' title='bbox 2556 2687 2989 2759; x_wconf 89' lang='grc' dir='ltr'>πολυφθόγγους,</span> <span class='ocrx_word' id='word_1_434' title='bbox 3012 2688 3086 2753; x_wconf 82' lang='grc' dir='ltr'>ὡς</span> <span class='ocrx_word' id='word_1_435' title='bbox 3119 2689 3307 2761; x_wconf 87' lang='grc' dir='ltr'>ίχθύας</span> <span class='ocrx_word' id='word_1_436' title='bbox 3335 2688 3608 2759; x_wconf 84' lang='grc' dir='ltr'><strong>ἀφώνους,</strong></span> <span class='ocrx_word' id='word_1_437' title='bbox 3638 2693 3778 2763; x_wconf 77' lang='grc' dir='ltr'><strong>ὁρῶ-</strong></span> 
     </span>
    </p>
   </div>
   <div class='ocr_carea' id='block_1_83' title="bbox 2197 2779 3772 2854">
    <p class='ocr_par' dir='ltr' id='par_1_83' title="bbox 2197 2779 3772 2854">
     <span class='ocr_line' id='line_1_83' title="bbox 2197 2779 3772 2854; baseline 0.003 -22"><span class='ocrx_word' id='word_1_438' title='bbox 2197 2795 2302 2851; x_wconf 85' lang='grc' dir='ltr'>μεν</span> <span class='ocrx_word' id='word_1_439' title='bbox 2328 2780 2421 2832; x_wconf 76' lang='grc' dir='ltr'><strong>ἐπὶ</strong></span> <span class='ocrx_word' id='word_1_440' title='bbox 2451 2780 2555 2847; x_wconf 80' lang='grc' dir='ltr'>σοὶ,</span> <span class='ocrx_word' id='word_1_441' title='bbox 2594 2779 2826 2835; x_wconf 89' lang='grc' dir='ltr'>Θεοτόκε</span> <span class='ocrx_word' id='word_1_442' title='bbox 2844 2797 2860 2812; x_wconf 77' lang='grc' dir='ltr'><strong>ο</strong></span> <span class='ocrx_word' id='word_1_443' title='bbox 2900 2780 3162 2854; x_wconf 78' lang='grc' dir='ltr'>ἀποροῦσι</span> <span class='ocrx_word' id='word_1_444' title='bbox 3193 2780 3301 2850; x_wconf 82' lang='grc' dir='ltr'>γὰρ</span> <span class='ocrx_word' id='word_1_445' title='bbox 3328 2782 3507 2851; x_wconf 85' lang='grc' dir='ltr'>λέγειν</span> <span class='ocrx_word' id='word_1_446' title='bbox 3543 2782 3606 2836; x_wconf 75' lang='grc' dir='ltr'><strong>τὸ</strong></span> <span class='ocrx_word' id='word_1_447' title='bbox 3627 2782 3772 2846; x_wconf 88' lang='grc' dir='ltr'>πῶς,</span> 
     </span>
    </p>
   </div>
   <div class='ocr_carea' id='block_1_84' title="bbox 2195 2871 3774 2945">
    <p class='ocr_par' dir='ltr' id='par_1_84' title="bbox 2195 2871 3774 2945">
     <span class='ocr_line' id='line_1_84' title="bbox 2195 2871 3774 2945; baseline -0.001 -18"><span class='ocrx_word' id='word_1_448' title='bbox 2195 2873 2291 2927; x_wconf 80' lang='grc' dir='ltr'><strong>καὶ</strong></span> <span class='ocrx_word' id='word_1_449' title='bbox 2318 2871 2589 2943; x_wconf 82' lang='grc' dir='ltr'>παρθένος</span> <span class='ocrx_word' id='word_1_450' title='bbox 2622 2872 2825 2944; x_wconf 86' lang='grc' dir='ltr'>μένεις,</span> <span class='ocrx_word' id='word_1_451' title='bbox 2868 2873 2962 2926; x_wconf 82' lang='grc' dir='ltr'><strong>καὶ</strong></span> <span class='ocrx_word' id='word_1_452' title='bbox 3000 2874 3180 2926; x_wconf 86' lang='grc' dir='ltr'>τεκεῖν</span> <span class='ocrx_word' id='word_1_453' title='bbox 3228 2871 3486 2943; x_wconf 80' lang='grc' dir='ltr'>ίσχυσας’</span> <span class='ocrx_word' id='word_1_454' title='bbox 3526 2873 3689 2945; x_wconf 77' lang='grc' dir='ltr'>ἡμεῖς</span> <span class='ocrx_word' id='word_1_455' title='bbox 3716 2872 3774 2926; x_wconf 79' lang='grc' dir='ltr'><strong>δὲ</strong></span> 
     </span>
    </p>
   </div>
   <div class='ocr_carea' id='block_1_85' title="bbox 2194 2958 3540 3033">
    <p class='ocr_par' dir='ltr' id='par_1_85' title="bbox 2194 2958 3540 3033">
     <span class='ocr_line' id='line_1_85' title="bbox 2194 2958 3540 3033; baseline 0.002 -20"><span class='ocrx_word' id='word_1_456' title='bbox 2194 2958 2258 3015; x_wconf 80' lang='grc' dir='ltr'>τὸ</span> <span class='ocrx_word' id='word_1_457' title='bbox 2291 2960 2596 3033; x_wconf 83' lang='grc' dir='ltr'>μυστήριον</span> <span class='ocrx_word' id='word_1_458' title='bbox 2617 2959 3011 3033; x_wconf 76' lang='grc' dir='ltr'>θαυμάζοντες,</span> <span class='ocrx_word' id='word_1_459' title='bbox 3048 2961 3252 3026; x_wconf 85' lang='grc' dir='ltr'>πιστῶς</span> <span class='ocrx_word' id='word_1_460' title='bbox 3289 2961 3500 3033; x_wconf 84' lang='grc' dir='ltr'>βοῶμεν</span> <span class='ocrx_word' id='word_1_461' title='bbox 3524 2978 3540 2993; x_wconf 93' lang='grc'><strong>·</strong></span> 
     </span>
    </p>
   </div>
   <div class='ocr_carea' id='block_1_86' title="bbox 2265 3141 3104 3214">
    <p class='ocr_par' dir='ltr' id='par_1_86' title="bbox 2265 3141 3104 3214">
     <span class='ocr_line' id='line_1_86' title="bbox 2265 3141 3104 3214; baseline -0.002 -17"><span class='ocrx_word' id='word_1_462' title='bbox 2265 3142 2462 3214; x_wconf 88' lang='grc' dir='ltr'>Χαῖρε,</span> <span class='ocrx_word' id='word_1_463' title='bbox 2497 3141 2692 3211; x_wconf 79' lang='grc' dir='ltr'>σοφίας</span> <span class='ocrx_word' id='word_1_464' title='bbox 2717 3142 2850 3196; x_wconf 80' lang='grc' dir='ltr'><strong>Θεοῦ</strong></span> <span class='ocrx_word' id='word_1_465' title='bbox 2877 3142 3104 3214; x_wconf 87' lang='grc' dir='ltr'>δοχεῖον.</span> 
     </span>
    </p>
   </div>
   <div class='ocr_carea' id='block_1_87' title="bbox 2263 3229 3221 3303">
    <p class='ocr_par' dir='ltr' id='par_1_87' title="bbox 2263 3229 3221 3303">
     <span class='ocr_line' id='line_1_87' title="bbox 2263 3229 3221 3303; baseline 0 -18"><span class='ocrx_word' id='word_1_466' title='bbox 2263 3232 2459 3303; x_wconf 90' lang='grc' dir='ltr'>Χαῖρε,</span> <span class='ocrx_word' id='word_1_467' title='bbox 2492 3232 2750 3303; x_wconf 84' lang='grc' dir='ltr'>προνοίας</span> <span class='ocrx_word' id='word_1_468' title='bbox 2781 3229 2946 3285; x_wconf 81' lang='grc' dir='ltr'>αὐτοῦ</span> <span class='ocrx_word' id='word_1_469' title='bbox 2975 3231 3221 3302; x_wconf 88' lang='grc' dir='ltr'>ταμεῖον.</span> 
     </span>
    </p>
   </div>
   <div class='ocr_carea' id='block_1_88' title="bbox 2264 3319 3431 3393">
    <p class='ocr_par' dir='ltr' id='par_1_88' title="bbox 2264 3319 3431 3393">
     <span class='ocr_line' id='line_1_88' title="bbox 2264 3319 3431 3393; baseline -0.002 -18"><span class='ocrx_word' id='word_1_470' title='bbox 2264 3322 2458 3393; x_wconf 89' lang='grc' dir='ltr'>Χαῖρε,</span> <span class='ocrx_word' id='word_1_471' title='bbox 2489 3322 2807 3393; x_wconf 79' lang='grc' dir='ltr'>φιλοσόφους</span> <span class='ocrx_word' id='word_1_472' title='bbox 2828 3322 3062 3390; x_wconf 74' lang='grc' dir='ltr'>ἀσόφους</span> <span class='ocrx_word' id='word_1_473' title='bbox 3090 3319 3431 3375; x_wconf 83' lang='grc' dir='ltr'>δεικνύουσα.</span> 
     </span>
    </p>
   </div>
   <div class='ocr_carea' id='block_1_89' title="bbox 2263 3411 3454 3487">
    <p class='ocr_par' dir='ltr' id='par_1_89' title="bbox 2263 3411 3454 3487">
     <span class='ocr_line' id='line_1_89' title="bbox 2263 3411 3454 3487; baseline -0.002 -18"><span class='ocrx_word' id='word_1_474' title='bbox 2263 3413 2459 3487; x_wconf 82' lang='grc' dir='ltr'>Χαῖρε,</span> <span class='ocrx_word' id='word_1_475' title='bbox 2487 3411 2841 3484; x_wconf 82' lang='grc' dir='ltr'>τεκνολόγους</span> <span class='ocrx_word' id='word_1_476' title='bbox 2870 3414 3100 3485; x_wconf 75' lang='grc' dir='ltr'>ἀλόγους</span> <span class='ocrx_word' id='word_1_477' title='bbox 3137 3412 3454 3483; x_wconf 78' lang='grc' dir='ltr'>ἐλέγχουσα.</span> 
     </span>
    </p>
   </div>
   <div class='ocr_carea' id='block_1_90' title="bbox 2265 3586 2623 3658">
    <p class='ocr_par' dir='ltr' id='par_1_90' title="bbox 2265 3586 2623 3658">
     <span class='ocr_line' id='line_1_90' title="bbox 2265 3586 2623 3658; baseline -0.006 -15"><span class='ocrx_word' id='word_1_478' title='bbox 2265 3587 2437 3658; x_wconf 83' lang='grc' dir='ltr'>Χαῖρε</span> <span class='ocrx_word' id='word_1_479' title='bbox 2455 3627 2473 3655; x_wconf 94' lang='grc'><strong>,</strong></span> <span class='ocrx_word' id='word_1_480' title='bbox 2539 3586 2623 3642; x_wconf 79' lang='grc' dir='ltr'>ὅτι</span> 
     </span>
    </p>
   </div>
   <div class='ocr_carea' id='block_1_91' title="bbox 2198 3679 2306 3736">
    <p class='ocr_par' dir='ltr' id='par_1_91' title="bbox 2198 3679 2306 3736">
     <span class='ocr_line' id='line_1_91' title="bbox 2198 3679 2306 3736; baseline -0.009 0"><span class='ocrx_word' id='word_1_481' title='bbox 2198 3679 2306 3736; x_wconf 89' lang='grc' dir='ltr'>κοί.</span> 
     </span>
    </p>
   </div>
   <div class='ocr_carea' id='block_1_92' title="bbox 2269 3766 3703 3840">
    <p class='ocr_par' dir='ltr' id='par_1_92' title="bbox 2269 3766 3703 3840">
     <span class='ocr_line' id='line_1_92' title="bbox 2269 3766 3703 3840; baseline -0.001 -15"><span class='ocrx_word' id='word_1_482' title='bbox 2269 3772 2468 3839; x_wconf 84' lang='grc' dir='ltr'>Χαῖρε,</span> <span class='ocrx_word' id='word_1_483' title='bbox 2500 3770 2582 3825; x_wconf 82' lang='grc' dir='ltr'>ὅτι</span> <span class='ocrx_word' id='word_1_484' title='bbox 2608 3766 2997 3840; x_wconf 70' lang='grc' dir='ltr'>ἐμαράνθησαν</span> <span class='ocrx_word' id='word_1_485' title='bbox 3023 3769 3073 3823; x_wconf 88' lang='grc' dir='ltr'><strong>οί</strong></span> <span class='ocrx_word' id='word_1_486' title='bbox 3098 3766 3207 3822; x_wconf 87' lang='grc' dir='ltr'><strong>τῶν</strong></span> <span class='ocrx_word' id='word_1_487' title='bbox 3240 3767 3425 3839; x_wconf 83' lang='grc' dir='ltr'>μύθων</span> <span class='ocrx_word' id='word_1_488' title='bbox 3452 3767 3703 3838; x_wconf 86' lang='grc' dir='ltr'>ποιηταί.</span> 
     </span>
    </p>
   </div>
   <div class='ocr_carea' id='block_1_93' title="bbox 2268 3858 3631 3933">
    <p class='ocr_par' dir='ltr' id='par_1_93' title="bbox 2268 3858 3631 3933">
     <span class='ocr_line' id='line_1_93' title="bbox 2268 3858 3631 3933; baseline -0.002 -17"><span class='ocrx_word' id='word_1_489' title='bbox 2268 3863 2589 3933; x_wconf 86' lang='grc' dir='ltr'>Χαῖρε,τῶν</span> <span class='ocrx_word' id='word_1_490' title='bbox 2639 3860 2935 3932; x_wconf 79' lang='grc' dir='ltr'>Ἀθηναίων</span> <span class='ocrx_word' id='word_1_491' title='bbox 2960 3860 3058 3923; x_wconf 77' lang='grc' dir='ltr'><strong>τὰς</strong></span> <span class='ocrx_word' id='word_1_492' title='bbox 3084 3860 3292 3923; x_wconf 76' lang='grc' dir='ltr'>πλοκὰς</span> <span class='ocrx_word' id='word_1_493' title='bbox 3319 3858 3631 3913; x_wconf 80' lang='grc' dir='ltr'>διασπῶσα.</span> 
     </span>
    </p>
   </div>
   <div class='ocr_carea' id='block_1_94' title="bbox 2269 3947 3548 4020">
    <p class='ocr_par' dir='ltr' id='par_1_94' title="bbox 2269 3947 3548 4020">
     <span class='ocr_line' id='line_1_94' title="bbox 2269 3947 3548 4020; baseline 0 -17"><span class='ocrx_word' id='word_1_494' title='bbox 2269 3951 2460 4020; x_wconf 84' lang='grc' dir='ltr'>Χαῖρε,</span> <span class='ocrx_word' id='word_1_495' title='bbox 2499 3950 2610 4003; x_wconf 91' lang='grc' dir='ltr'><strong>τῶν</strong></span> <span class='ocrx_word' id='word_1_496' title='bbox 2635 3948 2830 4003; x_wconf 86' lang='grc' dir='ltr'>ἁλιέων</span> <span class='ocrx_word' id='word_1_497' title='bbox 2845 3948 2943 4012; x_wconf 82' lang='grc' dir='ltr'><strong>τὰς</strong></span> <span class='ocrx_word' id='word_1_498' title='bbox 2973 3950 3215 4019; x_wconf 85' lang='grc' dir='ltr'>σαγήνας</span> <span class='ocrx_word' id='word_1_499' title='bbox 3244 3947 3548 4019; x_wconf 82' lang='grc' dir='ltr'>πληροῦσα.</span> 
     </span>
    </p>
   </div>
   <div class='ocr_carea' id='block_1_95' title="bbox 2269 4038 3251 4111">
    <p class='ocr_par' dir='ltr' id='par_1_95' title="bbox 2269 4038 3251 4111">
     <span class='ocr_line' id='line_1_95' title="bbox 2269 4038 3251 4111; baseline 0 -18"><span class='ocrx_word' id='word_1_500' title='bbox 2269 4042 2463 4111; x_wconf 87' lang='grc' dir='ltr'>Χαῖρε,</span> <span class='ocrx_word' id='word_1_501' title='bbox 2500 4039 2665 4111; x_wconf 83' lang='grc' dir='ltr'>βυθοῦ</span> <span class='ocrx_word' id='word_1_502' title='bbox 2692 4039 2913 4108; x_wconf 83' lang='grc' dir='ltr'>ἀγνοίας</span> <span class='ocrx_word' id='word_1_503' title='bbox 2937 4038 3251 4104; x_wconf 71' lang='grc' dir='ltr'>ιξὲλκουσα.</span> 
     </span>
    </p>
   </div>
   <div class='ocr_carea' id='block_1_96' title="bbox 2267 4128 3388 4203">
    <p class='ocr_par' dir='ltr' id='par_1_96' title="bbox 2267 4128 3388 4203">
     <span class='ocr_line' id='line_1_96' title="bbox 2267 4128 3388 4203; baseline -0.003 -17"><span class='ocrx_word' id='word_1_504' title='bbox 2267 4134 2461 4203; x_wconf 84' lang='grc' dir='ltr'>Χαῖρε,</span> <span class='ocrx_word' id='word_1_505' title='bbox 2493 4133 2722 4198; x_wconf 73' lang='grc' dir='ltr'>πολλοὺς</span> <span class='ocrx_word' id='word_1_506' title='bbox 2744 4134 2801 4188; x_wconf 85' lang='grc' dir='ltr'>ὲν</span> <span class='ocrx_word' id='word_1_507' title='bbox 2826 4129 3027 4200; x_wconf 82' lang='grc' dir='ltr'>γνώσει</span> <span class='ocrx_word' id='word_1_508' title='bbox 3054 4128 3388 4200; x_wconf 79' lang='grc' dir='ltr'>φωτίζουσα.</span> 
     </span>
    </p>
   </div>
   <div class='ocr_carea' id='block_1_97' title="bbox 2267 4223 3359 4297">
    <p class='ocr_par' dir='ltr' id='par_1_97' title="bbox 2267 4223 3359 4297">
     <span class='ocr_line' id='line_1_97' title="bbox 2267 4223 3359 4297; baseline -0.004 -16"><span class='ocrx_word' id='word_1_509' title='bbox 2267 4226 2461 4297; x_wconf 79' lang='grc' dir='ltr'>Χαῖρε,</span> <span class='ocrx_word' id='word_1_510' title='bbox 2488 4225 2650 4288; x_wconf 76' lang='grc' dir='ltr'>ὁλκὰς</span> <span class='ocrx_word' id='word_1_511' title='bbox 2673 4225 2781 4281; x_wconf 82' lang='grc' dir='ltr'><strong>τῶν</strong></span> <span class='ocrx_word' id='word_1_512' title='bbox 2815 4223 3079 4278; x_wconf 83' lang='grc' dir='ltr'>θελόντων</span> <span class='ocrx_word' id='word_1_513' title='bbox 3099 4224 3359 4293; x_wconf 80' lang='grc' dir='ltr'>σωθῆναι.</span> 
     </span>
    </p>
   </div>
   <div class='ocr_carea' id='block_1_98' title="bbox 2268 4315 3419 4390">
    <p class='ocr_par' dir='ltr' id='par_1_98' title="bbox 2268 4315 3419 4390">
     <span class='ocr_line' id='line_1_98' title="bbox 2268 4315 3419 4390; baseline 0 -19"><span class='ocrx_word' id='word_1_514' title='bbox 2268 4318 2462 4389; x_wconf 87' lang='grc' dir='ltr'>Χαῖρε,</span> <span class='ocrx_word' id='word_1_515' title='bbox 2486 4317 2651 4390; x_wconf 81' lang='grc' dir='ltr'>λιμὴν</span> <span class='ocrx_word' id='word_1_516' title='bbox 2671 4317 2780 4371; x_wconf 91' lang='grc' dir='ltr'><strong>τῶν</strong></span> <span class='ocrx_word' id='word_1_517' title='bbox 2813 4316 2907 4369; x_wconf 85' lang='grc' dir='ltr'>τοῦ</span> <span class='ocrx_word' id='word_1_518' title='bbox 2945 4315 3062 4388; x_wconf 84' lang='grc' dir='ltr'>βίου</span> <span class='ocrx_word' id='word_1_519' title='bbox 3094 4316 3419 4387; x_wconf 76' lang='grc' dir='ltr'>πλωτήρων.</span> 
     </span>
    </p>
   </div>
   <div class='ocr_carea' id='block_1_99' title="bbox 2267 4407 3030 4480">
    <p class='ocr_par' dir='ltr' id='par_1_99' title="bbox 2267 4407 3030 4480">
     <span class='ocr_line' id='line_1_99' title="bbox 2267 4407 3030 4480; baseline 0.001 -18"><span class='ocrx_word' id='word_1_520' title='bbox 2267 4408 2460 4480; x_wconf 87' lang='grc' dir='ltr'>Χαῖρε,</span> <span class='ocrx_word' id='word_1_521' title='bbox 2487 4407 2670 4479; x_wconf 83' lang='grc' dir='ltr'>νύμφη</span> <span class='ocrx_word' id='word_1_522' title='bbox 2694 4407 3030 4478; x_wconf 80' lang='grc' dir='ltr'>ἅνύμφευτε.</span> 
     </span>
    </p>
   </div>
   <div class='ocr_carea' id='block_1_100' title="bbox 2269 4494 3776 4572">
    <p class='ocr_par' dir='ltr' id='par_1_100' title="bbox 2269 4494 3776 4572">
     <span class='ocr_line' id='line_1_100' title="bbox 2269 4494 3776 4572; baseline -0.005 -18"><span class='ocrx_word' id='word_1_523' title='bbox 2269 4501 2449 4556; x_wconf 89' lang='grc' dir='ltr'>Σῶσαι</span> <span class='ocrx_word' id='word_1_524' title='bbox 2472 4500 2644 4555; x_wconf 83' lang='grc' dir='ltr'>θέλων</span> <span class='ocrx_word' id='word_1_525' title='bbox 2674 4501 2765 4556; x_wconf 83' lang='grc' dir='ltr'>τὸν</span> <span class='ocrx_word' id='word_1_526' title='bbox 2799 4502 3002 4572; x_wconf 86' lang='grc' dir='ltr'>κόσμον</span> <span class='ocrx_word' id='word_1_527' title='bbox 3028 4503 3055 4556; x_wconf 88' lang='grc' dir='ltr'>ὀ</span> <span class='ocrx_word' id='word_1_528' title='bbox 3094 4500 3203 4554; x_wconf 87' lang='grc' dir='ltr'><strong>τῶν</strong></span> <span class='ocrx_word' id='word_1_529' title='bbox 3261 4498 3398 4552; x_wconf 84' lang='grc' dir='ltr'>ὅλων</span> <span class='ocrx_word' id='word_1_530' title='bbox 3451 4494 3776 4565; x_wconf 74' lang='grc' dir='ltr'>κοσμήτωρ,</span> 
     </span>
    </p>
   </div>
   <div class='ocr_carea' id='block_1_101' title="bbox 2199 4586 3775 4665">
    <p class='ocr_par' dir='ltr' id='par_1_101' title="bbox 2199 4586 3775 4665">
     <span class='ocr_line' id='line_1_101' title="bbox 2199 4586 3775 4665; baseline -0.006 -18"><span class='ocrx_word' id='word_1_531' title='bbox 2199 4594 2337 4665; x_wconf 79' lang='grc' dir='ltr'>πρὸς</span> <span class='ocrx_word' id='word_1_532' title='bbox 2365 4593 2556 4647; x_wconf 84' lang='grc' dir='ltr'>τοῦτον</span> <span class='ocrx_word' id='word_1_533' title='bbox 2586 4592 3024 4661; x_wconf 77' lang='grc' dir='ltr'>αὐτεπάγγελτος</span> <span class='ocrx_word' id='word_1_534' title='bbox 3056 4588 3210 4665; x_wconf 80' lang='grc' dir='ltr'>ἦλθε,</span> <span class='ocrx_word' id='word_1_535' title='bbox 3268 4589 3365 4643; x_wconf 61' lang='grc' dir='ltr'><strong>καῖ⁵</strong></span> <span class='ocrx_word' id='word_1_536' title='bbox 3409 4586 3617 4657; x_wconf 77' lang='grc' dir='ltr'>ποιμὴν</span> <span class='ocrx_word' id='word_1_537' title='bbox 3663 4586 3775 4639; x_wconf 76' lang='grc' dir='ltr'><strong>ὑπ-</strong></span> 
     </span>
    </p>
   </div>
   <div class='ocr_carea' id='block_1_102' title="bbox 2200 4675 3777 4757">
    <p class='ocr_par' dir='ltr' id='par_1_102' title="bbox 2200 4675 3777 4757">
     <span class='ocr_line' id='line_1_102' title="bbox 2200 4675 3777 4757; baseline -0.008 -16"><span class='ocrx_word' id='word_1_538' title='bbox 2200 4686 2403 4757; x_wconf 89' lang='grc' dir='ltr'>άρχων,</span> <span class='ocrx_word' id='word_1_539' title='bbox 2436 4685 2513 4749; x_wconf 86' lang='grc' dir='ltr'><strong>ὡς</strong></span> <span class='ocrx_word' id='word_1_540' title='bbox 2543 4685 2696 4751; x_wconf 83' lang='grc' dir='ltr'>Θεὸς,</span> <span class='ocrx_word' id='word_1_541' title='bbox 2726 4685 2794 4739; x_wconf 85' lang='grc' dir='ltr'>δι’</span> <span class='ocrx_word' id='word_1_542' title='bbox 2824 4686 2975 4756; x_wconf 74' lang='grc' dir='ltr'>ἡμᾶς</span> <span class='ocrx_word' id='word_1_543' title='bbox 3006 4684 3180 4753; x_wconf 75' lang='grc' dir='ltr'>ἐφάνη</span> <span class='ocrx_word' id='word_1_544' title='bbox 3208 4681 3331 4735; x_wconf 80' lang='grc' dir='ltr'>καθ’</span> <span class='ocrx_word' id='word_1_545' title='bbox 3372 4680 3521 4750; x_wconf 79' lang='grc' dir='ltr'>ἡμᾶς</span> <span class='ocrx_word' id='word_1_546' title='bbox 3560 4675 3777 4748; x_wconf 58' lang='grc' dir='ltr'>ἄνθρω.</span> 
     </span>
    </p>
   </div>
   <div class='ocr_carea' id='block_1_103' title="bbox 2201 4768 3777 4851">
    <p class='ocr_par' dir='ltr' id='par_1_103' title="bbox 2201 4768 3777 4851">
     <span class='ocr_line' id='line_1_103' title="bbox 2201 4768 3777 4851; baseline -0.006 -19"><span class='ocrx_word' id='word_1_547' title='bbox 2201 4794 2302 4843; x_wconf 89' lang='grc' dir='ltr'><strong>πος</strong></span> <span class='ocrx_word' id='word_1_548' title='bbox 2354 4793 2369 4809; x_wconf 92' lang='grc'><strong>·</strong></span> <span class='ocrx_word' id='word_1_549' title='bbox 2428 4777 2601 4850; x_wconf 82' lang='grc' dir='ltr'>ὁμοίῳ</span> <span class='ocrx_word' id='word_1_550' title='bbox 2652 4776 2762 4851; x_wconf 79' lang='grc' dir='ltr'>γάρ</span> <span class='ocrx_word' id='word_1_551' title='bbox 2818 4776 2880 4832; x_wconf 80' lang='grc' dir='ltr'>τδ</span> <span class='ocrx_word' id='word_1_552' title='bbox 2935 4776 3122 4847; x_wconf 81' lang='grc' dir='ltr'>ὅμοιον</span> <span class='ocrx_word' id='word_1_553' title='bbox 3179 4773 3445 4839; x_wconf 85' lang='grc' dir='ltr'>καλέσας,</span> <span class='ocrx_word' id='word_1_554' title='bbox 3504 4769 3583 4835; x_wconf 83' lang='grc' dir='ltr'><strong>ὡς</strong></span> <span class='ocrx_word' id='word_1_555' title='bbox 3640 4768 3777 4833; x_wconf 77' lang='grc' dir='ltr'>Θεὸς</span> 
     </span>
    </p>
   </div>
   <div class='ocr_carea' id='block_1_104' title="bbox 2202 4866 2433 4922">
    <p class='ocr_par' dir='ltr' id='par_1_104' title="bbox 2202 4866 2433 4922">
     <span class='ocr_line' id='line_1_104' title="bbox 2202 4866 2433 4922; baseline 0 0"><span class='ocrx_word' id='word_1_556' title='bbox 2202 4866 2390 4922; x_wconf 87' lang='grc' dir='ltr'>ἀκούει</span> <span class='ocrx_word' id='word_1_557' title='bbox 2416 4883 2433 4900; x_wconf 88' lang='grc'><strong>·</strong></span> 
     </span>
    </p>
   </div>
   <div class='ocr_carea' id='block_1_105' title="bbox 2286 4957 2622 5031">
    <p class='ocr_par' dir='ltr' id='par_1_105' title="bbox 2286 4957 2622 5031">
     <span class='ocr_line' id='line_1_105' title="bbox 2286 4957 2622 5031; baseline 0.015 -18"><span class='ocrx_word' id='word_1_558' title='bbox 2286 4957 2622 5031; x_wconf 83' lang='grc' dir='ltr'>’Δλληλούῖα.</span> 
     </span>
    </p>
   </div>
   <div class='ocr_carea' id='block_1_106' title="bbox 2272 5062 3779 5145">
    <p class='ocr_par' dir='ltr' id='par_1_106' title="bbox 2272 5062 3779 5145">
     <span class='ocr_line' id='line_1_106' title="bbox 2272 5062 3779 5145; baseline -0.008 -16"><span class='ocrx_word' id='word_1_559' title='bbox 2272 5076 2465 5145; x_wconf 85' lang='grc' dir='ltr'>Τεῖχος</span> <span class='ocrx_word' id='word_1_560' title='bbox 2490 5068 2544 5129; x_wconf 74' lang='grc' dir='ltr'>εί</span> <span class='ocrx_word' id='word_1_561' title='bbox 2588 5070 2699 5127; x_wconf 91' lang='grc' dir='ltr'><strong>τῶν</strong></span> <span class='ocrx_word' id='word_1_562' title='bbox 2729 5068 3037 5144; x_wconf 80' lang='grc' dir='ltr'>παρθένων,</span> <span class='ocrx_word' id='word_1_563' title='bbox 3078 5066 3308 5123; x_wconf 84' lang='grc' dir='ltr'>Θεοτόκε</span> <span class='ocrx_word' id='word_1_564' title='bbox 3355 5062 3627 5138; x_wconf 81' lang='grc' dir='ltr'>Παρθένε,</span> <span class='ocrx_word' id='word_1_565' title='bbox 3681 5063 3779 5118; x_wconf 82' lang='grc' dir='ltr'>καὶ</span> 
     </span>
    </p>
   </div>
   <div class='ocr_carea' id='block_1_107' title="bbox 2204 5151 3777 5232">
    <p class='ocr_par' dir='ltr' id='par_1_107' title="bbox 2204 5151 3777 5232">
     <span class='ocr_line' id='line_1_107' title="bbox 2204 5151 3777 5232; baseline -0.009 -12"><span class='ocrx_word' id='word_1_566' title='bbox 2204 5168 2423 5222; x_wconf 85' lang='grc' dir='ltr'>πάντων</span> <span class='ocrx_word' id='word_1_567' title='bbox 2462 5161 2572 5217; x_wconf 89' lang='grc' dir='ltr'><strong>τῶν</strong></span> <span class='ocrx_word' id='word_1_568' title='bbox 2619 5162 2700 5226; x_wconf 81' lang='grc' dir='ltr'>είς</span> <span class='ocrx_word' id='word_1_569' title='bbox 2745 5161 2805 5215; x_wconf 79' lang='grc' dir='ltr'><strong>σὲ</strong></span> <span class='ocrx_word' id='word_1_570' title='bbox 2863 5158 3344 5232; x_wconf 82' lang='grc' dir='ltr'>προστρεχόντων·</span> <span class='ocrx_word' id='word_1_571' title='bbox 3389 5155 3452 5209; x_wconf 86' lang='grc' dir='ltr'><strong>ού</strong></span> <span class='ocrx_word' id='word_1_572' title='bbox 3510 5154 3621 5225; x_wconf 83' lang='grc' dir='ltr'>γάρ</span> <span class='ocrx_word' id='word_1_573' title='bbox 3676 5151 3777 5207; x_wconf 79' lang='grc' dir='ltr'>τοῦ</span> 
     </span>
    </p>
   </div>
   <div class='ocr_carea' id='block_1_108' title="bbox 2202 5244 3779 5329">
    <p class='ocr_par' dir='ltr' id='par_1_108' title="bbox 2202 5244 3779 5329">
     <span class='ocr_line' id='line_1_108' title="bbox 2202 5244 3779 5329; baseline -0.009 -16"><span class='ocrx_word' id='word_1_574' title='bbox 2202 5255 2432 5329; x_wconf 79' lang='grc' dir='ltr'>οὐρανοῦ</span> <span class='ocrx_word' id='word_1_575' title='bbox 2503 5254 2597 5310; x_wconf 58' lang='grc' dir='ltr'><strong>καί⁸</strong></span> <span class='ocrx_word' id='word_1_576' title='bbox 2647 5253 2747 5323; x_wconf 84' lang='grc' dir='ltr'>τῆς</span> <span class='ocrx_word' id='word_1_577' title='bbox 2805 5251 2909 5323; x_wconf 79' lang='grc' dir='ltr'>γῆς</span> <span class='ocrx_word' id='word_1_578' title='bbox 2962 5246 3331 5304; x_wconf 68' lang='grc' dir='ltr'>κατεσκεύασε</span> <span class='ocrx_word' id='word_1_579' title='bbox 3390 5264 3452 5302; x_wconf 88' lang='grc' dir='ltr'>σε</span> <span class='ocrx_word' id='word_1_580' title='bbox 3517 5244 3779 5317; x_wconf 64' lang='grc' dir='ltr'>Ποιητής,</span> 
     </span>
    </p>
   </div>
   <div class='ocr_carea' id='block_1_109' title="bbox 2202 5337 3779 5422">
    <p class='ocr_par' dir='ltr' id='par_1_109' title="bbox 2202 5337 3779 5422">
     <span class='ocr_line' id='line_1_109' title="bbox 2202 5337 3779 5422; baseline -0.01 -17"><span class='ocrx_word' id='word_1_581' title='bbox 2202 5351 2459 5422; x_wconf 79' lang='grc' dir='ltr'>ᾶχραντε,</span> <span class='ocrx_word' id='word_1_582' title='bbox 2484 5347 2713 5419; x_wconf 72' lang='grc' dir='ltr'>οἰκήσας</span> <span class='ocrx_word' id='word_1_583' title='bbox 2741 5346 2799 5399; x_wconf 82' lang='grc' dir='ltr'>ὲν</span> <span class='ocrx_word' id='word_1_584' title='bbox 2845 5344 2913 5415; x_wconf 75' lang='grc' dir='ltr'><strong>τῇ</strong></span> <span class='ocrx_word' id='word_1_585' title='bbox 2936 5341 3276 5415; x_wconf 17' lang='grc' dir='ltr'>νμὴτρᾳβου,</span> <span class='ocrx_word' id='word_1_586' title='bbox 3313 5338 3409 5393; x_wconf 71' lang='grc' dir='ltr'><strong>καὶ</strong></span> <span class='ocrx_word' id='word_1_587' title='bbox 3439 5337 3662 5403; x_wconf 87' lang='grc' dir='ltr'>πάντας</span> <span class='ocrx_word' id='word_1_588' title='bbox 3693 5352 3779 5391; x_wconf 85' lang='grc' dir='ltr'><strong>σοι</strong></span> 
     </span>
    </p>
   </div>
   <div class='ocr_carea' id='block_1_110' title="bbox 2205 5435 2817 5514">
    <p class='ocr_par' dir='ltr' id='par_1_110' title="bbox 2205 5435 2817 5514">
     <span class='ocr_line' id='line_1_110' title="bbox 2205 5435 2817 5514; baseline -0.011 -18"><span class='ocrx_word' id='word_1_589' title='bbox 2205 5440 2547 5514; x_wconf 85' lang='grc' dir='ltr'>προσφωνεῖν</span> <span class='ocrx_word' id='word_1_590' title='bbox 2579 5435 2817 5503; x_wconf 60' lang='grc' dir='ltr'>διδάξας</span> 
     </span>
    </p>
   </div>
   <div class='ocr_carea' id='block_1_111' title="bbox 2275 5524 3217 5603">
    <p class='ocr_par' dir='ltr' id='par_1_111' title="bbox 2275 5524 3217 5603">
     <span class='ocr_line' id='line_1_111' title="bbox 2275 5524 3217 5603; baseline -0.012 -15"><span class='ocrx_word' id='word_1_591' title='bbox 2275 5534 2470 5603; x_wconf 88' lang='grc' dir='ltr'>Χαῖρε,</span> <span class='ocrx_word' id='word_1_592' title='bbox 2491 5531 2526 5602; x_wconf 81' lang='grc' dir='ltr'>ὴ</span> <span class='ocrx_word' id='word_1_593' title='bbox 2556 5528 2729 5599; x_wconf 82' lang='grc' dir='ltr'>στήλη</span> <span class='ocrx_word' id='word_1_594' title='bbox 2764 5527 2865 5598; x_wconf 80' lang='grc' dir='ltr'>τῆς</span> <span class='ocrx_word' id='word_1_595' title='bbox 2895 5524 3217 5598; x_wconf 83' lang='grc' dir='ltr'>παρθενίας.</span> 
     </span>
    </p>
   </div>
   <div class='ocr_carea' id='block_1_112' title="bbox 2275 5615 3163 5691">
    <p class='ocr_par' dir='ltr' id='par_1_112' title="bbox 2275 5615 3163 5691">
     <span class='ocr_line' id='line_1_112' title="bbox 2275 5615 3163 5691; baseline -0.006 -17"><span class='ocrx_word' id='word_1_596' title='bbox 2275 5621 2468 5691; x_wconf 88' lang='grc' dir='ltr'>Χαῖρε,</span> <span class='ocrx_word' id='word_1_597' title='bbox 2500 5619 2533 5691; x_wconf 80' lang='grc' dir='ltr'>ἡ</span> <span class='ocrx_word' id='word_1_598' title='bbox 2563 5617 2707 5688; x_wconf 89' lang='grc' dir='ltr'>πύλη</span> <span class='ocrx_word' id='word_1_599' title='bbox 2737 5616 2838 5688; x_wconf 85' lang='grc' dir='ltr'>τῆς</span> <span class='ocrx_word' id='word_1_600' title='bbox 2865 5615 3163 5687; x_wconf 83' lang='grc' dir='ltr'>σωτηρίας.</span> 
     </span>
    </p>
   </div>
   <div class='ocr_carea' id='block_1_113' title="bbox 2275 5705 3300 5781">
    <p class='ocr_par' dir='ltr' id='par_1_113' title="bbox 2275 5705 3300 5781">
     <span class='ocr_line' id='line_1_113' title="bbox 2275 5705 3300 5781; baseline -0.008 -16"><span class='ocrx_word' id='word_1_601' title='bbox 2275 5713 2466 5781; x_wconf 87' lang='grc' dir='ltr'>Χαῖρε,</span> <span class='ocrx_word' id='word_1_602' title='bbox 2487 5708 2696 5780; x_wconf 78' lang='grc' dir='ltr'>ἀρχηγὲ</span> <span class='ocrx_word' id='word_1_603' title='bbox 2718 5708 2914 5777; x_wconf 84' lang='grc' dir='ltr'>νοητῆς</span> <span class='ocrx_word' id='word_1_604' title='bbox 2925 5705 3300 5769; x_wconf 84' lang='grc' dir='ltr'>άναπλάσεως.</span> 
     </span>
    </p>
   </div>
   <div class='ocr_carea' id='block_1_114' title="bbox 2702 3583 3778 3659">
    <p class='ocr_par' dir='ltr' id='par_1_114' title="bbox 2702 3583 3778 3659">
     <span class='ocr_line' id='line_1_114' title="bbox 2702 3583 3778 3659; baseline -0.003 -19"><span class='ocrx_word' id='word_1_605' title='bbox 2702 3585 3099 3659; x_wconf 78' lang='grc' dir='ltr'>ἐμωράνθησαν</span> <span class='ocrx_word' id='word_1_606' title='bbox 3189 3585 3238 3640; x_wconf 76' lang='lat' dir='ltr'><strong>oi</strong></span> <span class='ocrx_word' id='word_1_607' title='bbox 3314 3583 3478 3638; x_wconf 79' lang='grc' dir='ltr'>δεινοὶ</span> <span class='ocrx_word' id='word_1_608' title='bbox 3549 3584 3778 3657; x_wconf 73' lang='grc' dir='ltr'>συζητι-</span> 
     </span>
    </p>
   </div>
  </div>
