  <div class='ocr_page' id='page_1' title='image "/cluster/home/n/w/nwhite01/storage/ocr_20150623/92/hvd.32044019208032/680.png"; bbox 0 0 4126 6282; ppageno 0'>
   <div class='ocr_carea' id='block_1_1' title="bbox 343 280 478 345">
    <p class='ocr_par' dir='ltr' id='par_1_1' title="bbox 343 280 478 345">
     <span class='ocr_line' id='line_1_1' title="bbox 343 280 478 345; baseline 0.03 -3"><span class='ocrx_word' id='word_1_1' title='bbox 343 280 478 345; x_wconf 73' lang='grc'><strong>1349</strong></span> 
     </span>
    </p>
   </div>
   <div class='ocr_carea' id='block_1_2' title="bbox 1193 280 2750 352">
    <p class='ocr_par' dir='ltr' id='par_1_2' title="bbox 1193 280 2750 352">
     <span class='ocr_line' id='line_1_2' title="bbox 1193 280 2750 352; baseline -0.001 -8"><span class='ocrx_word' id='word_1_2' title='bbox 1193 283 1510 344; x_wconf 86' lang='lat' dir='ltr'><strong>HYMNUS</strong></span> <span class='ocrx_word' id='word_1_3' title='bbox 1542 280 2033 343; x_wconf 83' lang='lat' dir='ltr'><strong>ACATHISTUS.</strong></span> <span class='ocrx_word' id='word_1_4' title='bbox 2066 306 2137 335; x_wconf 67' lang='grc' dir='ltr'><strong>τ·-</strong></span> <span class='ocrx_word' id='word_1_5' title='bbox 2166 282 2485 352; x_wconf 81' lang='lat' dir='ltr'><strong>QUERCII</strong></span> <span class='ocrx_word' id='word_1_6' title='bbox 2514 281 2750 343; x_wconf 65' lang='lat' dir='ltr'><strong>NOTAE.</strong></span> 
     </span>
    </p>
   </div>
   <div class='ocr_carea' id='block_1_3' title="bbox 3464 283 3600 350">
    <p class='ocr_par' dir='ltr' id='par_1_3' title="bbox 3464 283 3600 350">
     <span class='ocr_line' id='line_1_3' title="bbox 3464 283 3600 350; baseline 0.015 -1"><span class='ocrx_word' id='word_1_7' title='bbox 3464 283 3600 350; x_wconf 84' lang='grc'><strong>1350</strong></span> 
     </span>
    </p>
   </div>
   <div class='ocr_carea' id='block_1_4' title="bbox 336 396 1941 469">
    <p class='ocr_par' dir='ltr' id='par_1_4' title="bbox 336 396 1935 469">
     <span class='ocr_line' id='line_1_4' title="bbox 336 396 1935 469; baseline 0 -20"><span class='ocrx_word' id='word_1_8' title='bbox 336 396 404 449; x_wconf 86' lang='grc' dir='ltr'><strong>δι’</strong></span> <span class='ocrx_word' id='word_1_9' title='bbox 455 396 633 450; x_wconf 77' lang='grc' dir='ltr'><strong>αἰτίαν</strong></span> <span class='ocrx_word' id='word_1_10' title='bbox 687 396 975 469; x_wconf 79' lang='grc' dir='ltr'><strong>τοιαύτην·</strong></span> <span class='ocrx_word' id='word_1_11' title='bbox 1020 397 1340 469; x_wconf 81' lang='grc' dir='ltr'>Ἡρακλείου</span> <span class='ocrx_word' id='word_1_12' title='bbox 1393 396 1492 466; x_wconf 81' lang='grc' dir='ltr'>τὴν</span> <span class='ocrx_word' id='word_1_13' title='bbox 1546 396 1935 467; x_wconf 84' lang='grc' dir='ltr'>αὐτοκράτορα</span> 
     </span>
    </p>
   </div>
   <div class='ocr_carea' id='block_1_5' title="bbox 2025 396 3598 469">
    <p class='ocr_par' dir='ltr' id='par_1_5' title="bbox 2025 396 3598 469">
     <span class='ocr_line' id='line_1_5' title="bbox 2025 396 3598 469; baseline 0.003 -19"><span class='ocrx_word' id='word_1_14' title='bbox 2025 410 2162 450; x_wconf 89' lang='lat' dir='ltr'><strong>sam.</strong></span> <span class='ocrx_word' id='word_1_15' title='bbox 2231 396 2367 451; x_wconf 91' lang='lat' dir='ltr'><strong>Cum</strong></span> <span class='ocrx_word' id='word_1_16' title='bbox 2419 396 2703 452; x_wconf 79' lang='lat' dir='ltr'><strong>lieraelius</strong></span> <span class='ocrx_word' id='word_1_17' title='bbox 2746 397 3050 453; x_wconf 69' lang='lat' dir='ltr'><strong>Romanum</strong></span> <span class='ocrx_word' id='word_1_18' title='bbox 3100 397 3390 469; x_wconf 88' lang='lat' dir='ltr'><strong>imperium</strong></span> <span class='ocrx_word' id='word_1_19' title='bbox 3443 409 3598 455; x_wconf 89' lang='lat' dir='ltr'><strong>tene-</strong></span> 
     </span>
    </p>
   </div>
   <div class='ocr_carea' id='block_1_6' title="bbox 351 485 1918 558">
    <p class='ocr_par' dir='ltr' id='par_1_6' title="bbox 351 485 1918 558">
     <span class='ocr_line' id='line_1_6' title="bbox 351 485 1918 558; baseline 0.001 -22"><span class='ocrx_word' id='word_1_20' title='bbox 351 485 640 556; x_wconf 82' lang='grc' dir='ltr'>Ῥωμαίοις</span> <span class='ocrx_word' id='word_1_21' title='bbox 674 486 848 558; x_wconf 80' lang='grc' dir='ltr'>ἀρχὴν</span> <span class='ocrx_word' id='word_1_22' title='bbox 868 487 1167 554; x_wconf 75' lang='grc' dir='ltr'><strong>διέποντος,</strong></span> <span class='ocrx_word' id='word_1_23' title='bbox 1201 489 1231 540; x_wconf 99' lang='lat'><strong>6</strong></span> <span class='ocrx_word' id='word_1_24' title='bbox 1252 485 1358 540; x_wconf 82' lang='grc' dir='ltr'><strong>τῶν</strong></span> <span class='ocrx_word' id='word_1_25' title='bbox 1388 485 1612 556; x_wconf 87' lang='grc' dir='ltr'>Περσῶν</span> <span class='ocrx_word' id='word_1_26' title='bbox 1667 485 1918 555; x_wconf 77' lang='grc' dir='ltr'>βασιλεὺς</span> 
     </span>
    </p>
   </div>
   <div class='ocr_carea' id='block_1_7' title="bbox 342 576 1915 650">
    <p class='ocr_par' dir='ltr' id='par_1_7' title="bbox 342 576 1915 650">
     <span class='ocr_line' id='line_1_7' title="bbox 342 576 1915 650; baseline 0.001 -20"><span class='ocrx_word' id='word_1_27' title='bbox 342 576 587 647; x_wconf 80' lang='grc' dir='ltr'>Χοσρόης</span> <span class='ocrx_word' id='word_1_28' title='bbox 653 576 780 630; x_wconf 89' lang='grc' dir='ltr'>ίδὼν</span> <span class='ocrx_word' id='word_1_29' title='bbox 835 580 904 633; x_wconf 85' lang='grc' dir='ltr'><strong>τὰ</strong></span> <span class='ocrx_word' id='word_1_30' title='bbox 940 579 1224 650; x_wconf 85' lang='grc' dir='ltr'>Ῥωμαίων</span> <span class='ocrx_word' id='word_1_31' title='bbox 1278 579 1462 649; x_wconf 81' lang='grc' dir='ltr'>ἄκρως</span> <span class='ocrx_word' id='word_1_32' title='bbox 1507 578 1915 649; x_wconf 85' lang='grc' dir='ltr'>ταπεινωθέντα</span> 
     </span>
    </p>
   </div>
   <div class='ocr_carea' id='block_1_8' title="bbox 343 667 1920 739">
    <p class='ocr_par' dir='ltr' id='par_1_8' title="bbox 343 667 1920 739">
     <span class='ocr_line' id='line_1_8' title="bbox 343 667 1920 739; baseline 0.003 -20"><span class='ocrx_word' id='word_1_33' title='bbox 343 670 493 737; x_wconf 80' lang='grc' dir='ltr'>παρὰ</span> <span class='ocrx_word' id='word_1_34' title='bbox 522 667 684 720; x_wconf 85' lang='grc' dir='ltr'>Φώκα</span> <span class='ocrx_word' id='word_1_35' title='bbox 711 667 981 738; x_wconf 86' lang='grc' dir='ltr'>βασιλέως</span> <span class='ocrx_word' id='word_1_36' title='bbox 1014 668 1107 722; x_wconf 82' lang='grc' dir='ltr'>τοῦ</span> <span class='ocrx_word' id='word_1_37' title='bbox 1132 668 1420 738; x_wconf 83' lang='grc' dir='ltr'>τυράννου,</span> <span class='ocrx_word' id='word_1_38' title='bbox 1450 667 1547 721; x_wconf 73' lang='grc' dir='ltr'>ἕνα</span> <span class='ocrx_word' id='word_1_39' title='bbox 1574 667 1681 723; x_wconf 90' lang='grc' dir='ltr'><strong>τῶν</strong></span> <span class='ocrx_word' id='word_1_40' title='bbox 1716 680 1920 739; x_wconf 82' lang='grc' dir='ltr'>σατρα-</span> 
     </span>
    </p>
   </div>
   <div class='ocr_carea' id='block_1_9' title="bbox 343 756 1922 830">
    <p class='ocr_par' dir='ltr' id='par_1_9' title="bbox 343 756 1922 830">
     <span class='ocr_line' id='line_1_9' title="bbox 343 756 1922 830; baseline 0.002 -22"><span class='ocrx_word' id='word_1_41' title='bbox 343 758 462 810; x_wconf 94' lang='grc' dir='ltr'><strong>πῶν</strong></span> <span class='ocrx_word' id='word_1_42' title='bbox 494 758 775 829; x_wconf 79' lang='grc' dir='ltr'>Σάρῦαρον</span> <span class='ocrx_word' id='word_1_43' title='bbox 806 758 978 830; x_wconf 79' lang='grc' dir='ltr'>ὄνομα</span> <span class='ocrx_word' id='word_1_44' title='bbox 1010 759 1147 830; x_wconf 88' lang='grc' dir='ltr'><strong>μετά</strong></span> <span class='ocrx_word' id='word_1_45' title='bbox 1183 758 1433 829; x_wconf 81' lang='grc' dir='ltr'><strong>χιλιάδων</strong></span> <span class='ocrx_word' id='word_1_46' title='bbox 1469 756 1733 811; x_wconf 77' lang='grc' dir='ltr'>πλειόνων</span> <span class='ocrx_word' id='word_1_47' title='bbox 1767 758 1922 812; x_wconf 91' lang='grc' dir='ltr'>στέλ-</span> 
     </span>
    </p>
   </div>
   <div class='ocr_carea' id='block_1_10' title="bbox 344 847 1922 922">
    <p class='ocr_par' dir='ltr' id='par_1_10' title="bbox 344 847 1922 922">
     <span class='ocr_line' id='line_1_10' title="bbox 344 847 1922 922; baseline 0.001 -19"><span class='ocrx_word' id='word_1_48' title='bbox 344 850 443 914; x_wconf 90' lang='grc' dir='ltr'>λει,</span> <span class='ocrx_word' id='word_1_49' title='bbox 479 852 656 903; x_wconf 79' lang='grc' dir='ltr'>πᾶσαν</span> <span class='ocrx_word' id='word_1_50' title='bbox 679 848 779 920; x_wconf 81' lang='grc' dir='ltr'><strong>τὴν</strong></span> <span class='ocrx_word' id='word_1_51' title='bbox 805 850 920 903; x_wconf 85' lang='grc' dir='ltr'>Ἕω</span> <span class='ocrx_word' id='word_1_52' title='bbox 945 850 1094 921; x_wconf 81' lang='grc' dir='ltr'>αὐτῷ</span> <span class='ocrx_word' id='word_1_53' title='bbox 1148 848 1580 921; x_wconf 80' lang='grc' dir='ltr'><strong>ὑποποιήσασθαι</strong></span> <span class='ocrx_word' id='word_1_54' title='bbox 1600 865 1613 880; x_wconf 88' lang='grc'><strong>·</strong></span> <span class='ocrx_word' id='word_1_55' title='bbox 1644 847 1783 919; x_wconf 74' lang='grc' dir='ltr'>ἔφθη</span> <span class='ocrx_word' id='word_1_56' title='bbox 1814 850 1922 922; x_wconf 84' lang='grc' dir='ltr'>γὰρ</span> 
     </span>
    </p>
   </div>
   <div class='ocr_carea' id='block_1_11' title="bbox 346 940 1919 1014">
    <p class='ocr_par' dir='ltr' id='par_1_11' title="bbox 346 940 1919 1014">
     <span class='ocr_line' id='line_1_11' title="bbox 346 940 1919 1014; baseline -0.001 -17"><span class='ocrx_word' id='word_1_57' title='bbox 346 943 439 997; x_wconf 54' lang='grc' dir='ltr'><strong>καὶ⁴</strong></span> <span class='ocrx_word' id='word_1_58' title='bbox 472 943 753 1014; x_wconf 39' lang='grc' dir='ltr'>πρότερον,</span> <span class='ocrx_word' id='word_1_59' title='bbox 775 943 907 996; x_wconf 80' lang='grc' dir='ltr'>ὡσεὶ</span> <span class='ocrx_word' id='word_1_60' title='bbox 950 943 1083 997; x_wconf 85' lang='grc' dir='ltr'>δέκα</span> <span class='ocrx_word' id='word_1_61' title='bbox 1119 943 1383 1014; x_wconf 83' lang='grc' dir='ltr'><strong>μυριάδας</strong></span> <span class='ocrx_word' id='word_1_62' title='bbox 1427 940 1767 1012; x_wconf 83' lang='grc' dir='ltr'>Χριστιανῶν</span> <span class='ocrx_word' id='word_1_63' title='bbox 1805 941 1919 995; x_wconf 81' lang='grc' dir='ltr'>δια·-</span> 
     </span>
    </p>
   </div>
   <div class='ocr_carea' id='block_1_12' title="bbox 346 1031 1922 1107">
    <p class='ocr_par' dir='ltr' id='par_1_12' title="bbox 346 1031 1922 1107">
     <span class='ocr_line' id='line_1_12' title="bbox 346 1031 1922 1107; baseline -0.003 -18"><span class='ocrx_word' id='word_1_64' title='bbox 346 1035 573 1106; x_wconf 85' lang='grc' dir='ltr'>φθείρας</span> <span class='ocrx_word' id='word_1_65' title='bbox 593 1035 862 1107; x_wconf 84' lang='grc' dir='ltr'>Χοσρόης,</span> <span class='ocrx_word' id='word_1_66' title='bbox 884 1035 977 1089; x_wconf 81' lang='grc' dir='ltr'>ἆτε</span> <span class='ocrx_word' id='word_1_67' title='bbox 996 1037 1104 1091; x_wconf 88' lang='grc' dir='ltr'><strong>τῶν</strong></span> <span class='ocrx_word' id='word_1_68' title='bbox 1117 1034 1383 1106; x_wconf 77' lang='grc' dir='ltr'>Ἐϐραίων</span> <span class='ocrx_word' id='word_1_69' title='bbox 1404 1034 1600 1096; x_wconf 78' lang='grc' dir='ltr'>αὐτοὺς</span> <span class='ocrx_word' id='word_1_70' title='bbox 1622 1031 1922 1101; x_wconf 77' lang='grc' dir='ltr'>ὲξωνουμέ-</span> 
     </span>
    </p>
   </div>
   <div class='ocr_carea' id='block_1_13' title="bbox 348 1124 1919 1198">
    <p class='ocr_par' dir='ltr' id='par_1_13' title="bbox 348 1124 1919 1198">
     <span class='ocr_line' id='line_1_13' title="bbox 348 1124 1919 1198; baseline -0.001 -19"><span class='ocrx_word' id='word_1_71' title='bbox 348 1144 476 1189; x_wconf 89' lang='grc' dir='ltr'>νων,</span> <span class='ocrx_word' id='word_1_72' title='bbox 534 1126 630 1179; x_wconf 81' lang='grc' dir='ltr'>καὶ</span> <span class='ocrx_word' id='word_1_73' title='bbox 677 1125 1042 1180; x_wconf 79' lang='grc' dir='ltr'><strong>ἀπολλύντων.</strong></span> <span class='ocrx_word' id='word_1_74' title='bbox 1091 1126 1151 1180; x_wconf 83' lang='lat' dir='ltr'><strong>&#39;O</strong></span> <span class='ocrx_word' id='word_1_75' title='bbox 1180 1126 1309 1195; x_wconf 79' lang='grc' dir='ltr'>γοῦν</span> <span class='ocrx_word' id='word_1_76' title='bbox 1334 1124 1750 1198; x_wconf 85' lang='grc' dir='ltr'>ἀρχισατράπης</span> <span class='ocrx_word' id='word_1_77' title='bbox 1780 1125 1919 1196; x_wconf 85' lang='grc' dir='ltr'>Σάρ-</span> 
     </span>
    </p>
   </div>
   <div class='ocr_carea' id='block_1_14' title="bbox 350 1216 1920 1287">
    <p class='ocr_par' dir='ltr' id='par_1_14' title="bbox 350 1216 1920 1287">
     <span class='ocr_line' id='line_1_14' title="bbox 350 1216 1920 1287; baseline 0.001 -18"><span class='ocrx_word' id='word_1_78' title='bbox 350 1218 514 1287; x_wconf 86' lang='grc' dir='ltr'>6αρος</span> <span class='ocrx_word' id='word_1_79' title='bbox 567 1217 666 1287; x_wconf 84' lang='grc' dir='ltr'>τὴν</span> <span class='ocrx_word' id='word_1_80' title='bbox 714 1216 789 1269; x_wconf 72' lang='grc' dir='ltr'>ἕω</span> <span class='ocrx_word' id='word_1_81' title='bbox 832 1217 1157 1287; x_wconf 78' lang='grc' dir='ltr'>ληϊσάμενος</span> <span class='ocrx_word' id='word_1_82' title='bbox 1208 1217 1450 1281; x_wconf 73' lang='grc' dir='ltr'>ἅπασαν,</span> <span class='ocrx_word' id='word_1_83' title='bbox 1504 1216 1739 1285; x_wconf 76' lang='grc' dir='ltr'>ἔφθασεν</span> <span class='ocrx_word' id='word_1_84' title='bbox 1791 1217 1920 1286; x_wconf 78' lang='grc' dir='ltr'>ἄχρι</span> 
     </span>
    </p>
   </div>
   <div class='ocr_carea' id='block_1_15' title="bbox 350 1306 1923 1380">
    <p class='ocr_par' dir='ltr' id='par_1_15' title="bbox 350 1306 1923 1380">
     <span class='ocr_line' id='line_1_15' title="bbox 350 1306 1923 1380; baseline -0.001 -18"><span class='ocrx_word' id='word_1_85' title='bbox 350 1308 447 1364; x_wconf 74' lang='grc' dir='ltr'>καὶ</span> <span class='ocrx_word' id='word_1_86' title='bbox 498 1308 665 1378; x_wconf 79' lang='grc' dir='ltr'>αὐτῆς</span> <span class='ocrx_word' id='word_1_87' title='bbox 720 1309 1135 1380; x_wconf 84' lang='grc' dir='ltr'>Χρυσοπόλεως,</span> <span class='ocrx_word' id='word_1_88' title='bbox 1163 1309 1197 1380; x_wconf 82' lang='grc' dir='ltr'>ἢ</span> <span class='ocrx_word' id='word_1_89' title='bbox 1228 1307 1323 1361; x_wconf 77' lang='grc' dir='ltr'>νῦν</span> <span class='ocrx_word' id='word_1_90' title='bbox 1361 1307 1688 1376; x_wconf 88' lang='grc' dir='ltr'>Σκουτάριον</span> <span class='ocrx_word' id='word_1_91' title='bbox 1739 1306 1923 1361; x_wconf 74' lang='grc' dir='ltr'>ἐπικέ-</span> 
     </span>
    </p>
   </div>
   <div class='ocr_carea' id='block_1_16' title="bbox 346 1399 1922 1471">
    <p class='ocr_par' dir='ltr' id='par_1_16' title="bbox 346 1399 1922 1471">
     <span class='ocr_line' id='line_1_16' title="bbox 346 1399 1922 1471; baseline -0.001 -19"><span class='ocrx_word' id='word_1_92' title='bbox 346 1401 562 1470; x_wconf 82' lang='grc' dir='ltr'>κληται.</span> <span class='ocrx_word' id='word_1_93' title='bbox 599 1401 656 1454; x_wconf 90' lang='lat' dir='ltr'><strong>&#39;O</strong></span> <span class='ocrx_word' id='word_1_94' title='bbox 680 1401 859 1454; x_wconf 79' lang='grc' dir='ltr'>τοίνυν</span> <span class='ocrx_word' id='word_1_95' title='bbox 913 1401 1163 1471; x_wconf 80' lang='grc' dir='ltr'>βασιλεὺς</span> <span class='ocrx_word' id='word_1_96' title='bbox 1229 1399 1550 1471; x_wconf 78' lang='grc' dir='ltr'><strong>Ἡράκλειος</strong></span> <span class='ocrx_word' id='word_1_97' title='bbox 1606 1402 1664 1454; x_wconf 81' lang='grc' dir='ltr'>ἐν</span> <span class='ocrx_word' id='word_1_98' title='bbox 1718 1399 1922 1470; x_wconf 81' lang='grc' dir='ltr'>ἀπορίᾳ</span> 
     </span>
    </p>
   </div>
   <div class='ocr_carea' id='block_1_17' title="bbox 351 1489 1923 1567">
    <p class='ocr_par' dir='ltr' id='par_1_17' title="bbox 351 1489 1923 1567">
     <span class='ocr_line' id='line_1_17' title="bbox 351 1489 1923 1567; baseline -0.002 -22"><span class='ocrx_word' id='word_1_99' title='bbox 351 1492 626 1555; x_wconf 78' lang='grc' dir='ltr'>καταστὰς</span> <span class='ocrx_word' id='word_1_100' title='bbox 649 1491 923 1562; x_wconf 79' lang='grc' dir='ltr'>δημοσίων</span> <span class='ocrx_word' id='word_1_101' title='bbox 944 1492 1263 1567; x_wconf 87' lang='grc' dir='ltr'>χρημάτων,</span> <span class='ocrx_word' id='word_1_102' title='bbox 1292 1491 1361 1545; x_wconf 84' lang='grc' dir='ltr'><strong>τά</strong></span> <span class='ocrx_word' id='word_1_103' title='bbox 1394 1491 1515 1563; x_wconf 78' lang='grc' dir='ltr'><strong>ἱερά</strong></span> <span class='ocrx_word' id='word_1_104' title='bbox 1563 1490 1673 1545; x_wconf 89' lang='grc' dir='ltr'><strong>τῶν</strong></span> <span class='ocrx_word' id='word_1_105' title='bbox 1725 1489 1923 1560; x_wconf 75' lang='grc' dir='ltr'>ἐκκλη-</span> 
     </span>
    </p>
   </div>
   <div class='ocr_carea' id='block_1_18' title="bbox 353 1581 1921 1653">
    <p class='ocr_par' dir='ltr' id='par_1_18' title="bbox 353 1581 1921 1653">
     <span class='ocr_line' id='line_1_18' title="bbox 353 1581 1921 1653; baseline 0 -20"><span class='ocrx_word' id='word_1_106' title='bbox 353 1581 485 1634; x_wconf 85' lang='grc' dir='ltr'>σιῶν</span> <span class='ocrx_word' id='word_1_107' title='bbox 530 1583 611 1645; x_wconf 83' lang='grc' dir='ltr'><strong>είς</strong></span> <span class='ocrx_word' id='word_1_108' title='bbox 668 1582 849 1653; x_wconf 80' lang='grc' dir='ltr'>κέρμα</span> <span class='ocrx_word' id='word_1_109' title='bbox 910 1582 1458 1653; x_wconf 81' lang='grc' dir='ltr'>μετασκευασάμενος</span> <span class='ocrx_word' id='word_1_110' title='bbox 1506 1582 1600 1636; x_wconf 76' lang='grc' dir='ltr'><strong>ἐπὶ</strong></span> <span class='ocrx_word' id='word_1_111' title='bbox 1670 1582 1921 1637; x_wconf 83' lang='grc' dir='ltr'>ἀποδόσει</span> 
     </span>
    </p>
   </div>
   <div class='ocr_carea' id='block_1_19' title="bbox 355 1673 1922 1747">
    <p class='ocr_par' dir='ltr' id='par_1_19' title="bbox 355 1673 1922 1747">
     <span class='ocr_line' id='line_1_19' title="bbox 355 1673 1922 1747; baseline -0.001 -21"><span class='ocrx_word' id='word_1_112' title='bbox 355 1673 561 1743; x_wconf 75' lang='grc' dir='ltr'>μείζονι</span> <span class='ocrx_word' id='word_1_113' title='bbox 594 1675 687 1727; x_wconf 74' lang='grc' dir='ltr'>καὶ</span> <span class='ocrx_word' id='word_1_114' title='bbox 707 1674 1036 1747; x_wconf 75' lang='grc' dir='ltr'>τελειοτέρᾳ,</span> <span class='ocrx_word' id='word_1_115' title='bbox 1063 1675 1152 1729; x_wconf 84' lang='grc' dir='ltr'><strong>διὰ</strong></span> <span class='ocrx_word' id='word_1_116' title='bbox 1181 1674 1276 1729; x_wconf 80' lang='grc' dir='ltr'>τοῦ</span> <span class='ocrx_word' id='word_1_117' title='bbox 1305 1674 1531 1739; x_wconf 77' lang='grc' dir='ltr'>Εὑξίνου</span> <span class='ocrx_word' id='word_1_118' title='bbox 1559 1674 1699 1744; x_wconf 84' lang='grc' dir='ltr'>μετὰ</span> <span class='ocrx_word' id='word_1_119' title='bbox 1725 1673 1922 1727; x_wconf 88' lang='grc' dir='ltr'>πλοίων</span> 
     </span>
    </p>
   </div>
   <div class='ocr_carea' id='block_1_20' title="bbox 2022 486 3599 553">
    <p class='ocr_par' dir='ltr' id='par_1_20' title="bbox 2022 486 3599 553">
     <span class='ocr_line' id='line_1_20' title="bbox 2022 486 3599 553; baseline 0.003 -13"><span class='ocrx_word' id='word_1_120' title='bbox 2022 496 2124 550; x_wconf 90' lang='lat' dir='ltr'><strong>ret,</strong></span> <span class='ocrx_word' id='word_1_121' title='bbox 2163 486 2451 541; x_wconf 84' lang='lat' dir='ltr'><strong>Persarum</strong></span> <span class='ocrx_word' id='word_1_122' title='bbox 2474 503 2573 541; x_wconf 80' lang='lat' dir='ltr'><strong>rex</strong></span> <span class='ocrx_word' id='word_1_123' title='bbox 2609 487 2897 553; x_wconf 88' lang='lat' dir='ltr'><strong>Chosroes,</strong></span> <span class='ocrx_word' id='word_1_124' title='bbox 2916 489 3107 546; x_wconf 81' lang='lat' dir='ltr'><strong>videns</strong></span> <span class='ocrx_word' id='word_1_125' title='bbox 3126 505 3215 546; x_wconf 87' lang='lat' dir='ltr'><strong>res</strong></span> <span class='ocrx_word' id='word_1_126' title='bbox 3228 489 3599 546; x_wconf 79' lang='lat' dir='ltr'><strong>Romanorum</strong></span> 
     </span>
    </p>
   </div>
   <div class='ocr_carea' id='block_1_21' title="bbox 2018 575 3597 653">
    <p class='ocr_par' dir='ltr' id='par_1_21' title="bbox 2018 575 3597 653">
     <span class='ocr_line' id='line_1_21' title="bbox 2018 575 3597 653; baseline 0.005 -23"><span class='ocrx_word' id='word_1_127' title='bbox 2018 590 2050 630; x_wconf 86' lang='lat' dir='ltr'><strong>a</strong></span> <span class='ocrx_word' id='word_1_128' title='bbox 2107 575 2290 634; x_wconf 81' lang='lat' dir='ltr'><strong>Phoca</strong></span> <span class='ocrx_word' id='word_1_129' title='bbox 2337 586 2565 649; x_wconf 90' lang='lat' dir='ltr'><strong>tyranno</strong></span> <span class='ocrx_word' id='word_1_130' title='bbox 2612 579 2833 649; x_wconf 75' lang='lat' dir='ltr'><strong>penitus</strong></span> <span class='ocrx_word' id='word_1_131' title='bbox 2893 579 3120 637; x_wconf 72' lang='lat' dir='ltr'><strong>amictae</strong></span> <span class='ocrx_word' id='word_1_132' title='bbox 3174 592 3230 637; x_wconf 90' lang='lat' dir='ltr'><strong>et</strong></span> <span class='ocrx_word' id='word_1_133' title='bbox 3276 591 3597 653; x_wconf 86' lang='lat' dir='ltr'><strong>prostratas,</strong></span> 
     </span>
    </p>
   </div>
   <div class='ocr_carea' id='block_1_22' title="bbox 2020 668 3595 739">
    <p class='ocr_par' dir='ltr' id='par_1_22' title="bbox 2020 668 3595 739">
     <span class='ocr_line' id='line_1_22' title="bbox 2020 668 3595 739; baseline 0.004 -18"><span class='ocrx_word' id='word_1_134' title='bbox 2020 682 2192 722; x_wconf 89' lang='lat' dir='ltr'><strong>unum</strong></span> <span class='ocrx_word' id='word_1_135' title='bbox 2231 683 2296 722; x_wconf 82' lang='lat' dir='ltr'><strong>ex</strong></span> <span class='ocrx_word' id='word_1_136' title='bbox 2357 668 2593 738; x_wconf 76' lang='lat' dir='ltr'><strong>satrapis</strong></span> <span class='ocrx_word' id='word_1_137' title='bbox 2643 670 2779 735; x_wconf 84' lang='lat' dir='ltr'><strong>suis,</strong></span> <span class='ocrx_word' id='word_1_138' title='bbox 2840 670 3138 726; x_wconf 84' lang='lat' dir='ltr'><strong>Sarbarum</strong></span> <span class='ocrx_word' id='word_1_139' title='bbox 3192 673 3438 739; x_wconf 81' lang='lat' dir='ltr'><strong>nomine,</strong></span> <span class='ocrx_word' id='word_1_140' title='bbox 3469 688 3595 728; x_wconf 88' lang='lat' dir='ltr'><strong>cum</strong></span> 
     </span>
    </p>
   </div>
   <div class='ocr_carea' id='block_1_23' title="bbox 2021 757 3599 821">
    <p class='ocr_par' dir='ltr' id='par_1_23' title="bbox 2021 757 3599 821">
     <span class='ocr_line' id='line_1_23' title="bbox 2021 757 3599 821; baseline 0.002 -9"><span class='ocrx_word' id='word_1_141' title='bbox 2021 757 2207 813; x_wconf 89' lang='lat' dir='ltr'><strong>multis</strong></span> <span class='ocrx_word' id='word_1_142' title='bbox 2256 758 2498 814; x_wconf 84' lang='lat' dir='ltr'><strong>millibus</strong></span> <span class='ocrx_word' id='word_1_143' title='bbox 2527 758 2697 821; x_wconf 81' lang='lat' dir='ltr'><strong>misit,</strong></span> <span class='ocrx_word' id='word_1_144' title='bbox 2733 768 2787 814; x_wconf 92' lang='lat' dir='ltr'><strong>ut</strong></span> <span class='ocrx_word' id='word_1_145' title='bbox 2829 770 3000 815; x_wconf 90' lang='lat' dir='ltr'><strong>totum</strong></span> <span class='ocrx_word' id='word_1_146' title='bbox 3043 758 3319 818; x_wconf 83' lang='lat' dir='ltr'><strong>Orientem</strong></span> <span class='ocrx_word' id='word_1_147' title='bbox 3372 778 3487 817; x_wconf 70' lang='lat' dir='ltr'><strong>sua:</strong></span> <span class='ocrx_word' id='word_1_148' title='bbox 3512 762 3599 816; x_wconf 90' lang='lat' dir='ltr'><strong>di-</strong></span> 
     </span>
    </p>
   </div>
   <div class='ocr_carea' id='block_1_24' title="bbox 2022 846 3597 920">
    <p class='ocr_par' dir='ltr' id='par_1_24' title="bbox 2022 846 3597 920">
     <span class='ocr_line' id='line_1_24' title="bbox 2022 846 3597 920; baseline 0.003 -21"><span class='ocrx_word' id='word_1_149' title='bbox 2022 846 2186 902; x_wconf 89' lang='lat' dir='ltr'><strong>tionis</strong></span> <span class='ocrx_word' id='word_1_150' title='bbox 2236 847 2442 904; x_wconf 80' lang='lat' dir='ltr'><strong>l‘aceret</strong></span> <span class='ocrx_word' id='word_1_151' title='bbox 2471 866 2484 903; x_wconf 89' lang='lat'>:</span> <span class='ocrx_word' id='word_1_152' title='bbox 2518 864 2645 904; x_wconf 87' lang='lat' dir='ltr'><strong>nam</strong></span> <span class='ocrx_word' id='word_1_153' title='bbox 2676 857 2731 903; x_wconf 90' lang='lat' dir='ltr'><strong>et</strong></span> <span class='ocrx_word' id='word_1_154' title='bbox 2760 850 2913 919; x_wconf 89' lang='lat' dir='ltr'><strong>prius</strong></span> <span class='ocrx_word' id='word_1_155' title='bbox 2932 850 3046 919; x_wconf 85' lang='lat' dir='ltr'><strong>jam</strong></span> <span class='ocrx_word' id='word_1_156' title='bbox 3082 850 3275 906; x_wconf 85' lang='lat' dir='ltr'><strong>decem</strong></span> <span class='ocrx_word' id='word_1_157' title='bbox 3320 850 3597 920; x_wconf 53' lang='lat' dir='ltr'><strong>.myriadas</strong></span> 
     </span>
    </p>
   </div>
   <div class='ocr_carea' id='block_1_25' title="bbox 2020 937 3595 1009">
    <p class='ocr_par' dir='ltr' id='par_1_25' title="bbox 2020 937 3595 1009">
     <span class='ocr_line' id='line_1_25' title="bbox 2020 937 3595 1009; baseline 0.004 -21"><span class='ocrx_word' id='word_1_158' title='bbox 2020 937 2451 994; x_wconf 81' lang='lat' dir='ltr'><strong>Christianorum</strong></span> <span class='ocrx_word' id='word_1_159' title='bbox 2514 939 2787 996; x_wconf 90' lang='lat' dir='ltr'><strong>Chosroes</strong></span> <span class='ocrx_word' id='word_1_160' title='bbox 2851 940 3125 997; x_wconf 80' lang='lat' dir='ltr'><strong>deleverat</strong></span> <span class='ocrx_word' id='word_1_161' title='bbox 3181 948 3239 996; x_wconf 87' lang='lat' dir='ltr'><strong>et</strong></span> <span class='ocrx_word' id='word_1_162' title='bbox 3289 950 3595 1009; x_wconf 82' lang='lat' dir='ltr'><strong>everterat;</strong></span> 
     </span>
    </p>
   </div>
   <div class='ocr_carea' id='block_1_26' title="bbox 2023 1030 3595 1105">
    <p class='ocr_par' dir='ltr' id='par_1_26' title="bbox 2023 1030 3595 1105">
     <span class='ocr_line' id='line_1_26' title="bbox 2023 1030 3595 1105; baseline 0.006 -22"><span class='ocrx_word' id='word_1_163' title='bbox 2023 1030 2229 1101; x_wconf 89' lang='lat' dir='ltr'><strong>quippe</strong></span> <span class='ocrx_word' id='word_1_164' title='bbox 2285 1047 2423 1102; x_wconf 88' lang='lat' dir='ltr'><strong>quos</strong></span> <span class='ocrx_word' id='word_1_165' title='bbox 2471 1032 2686 1089; x_wconf 76' lang='lat' dir='ltr'><strong>Hebraei</strong></span> <span class='ocrx_word' id='word_1_166' title='bbox 2737 1035 3082 1090; x_wconf 88' lang='lat' dir='ltr'><strong>redemerant</strong></span> <span class='ocrx_word' id='word_1_167' title='bbox 3129 1045 3184 1090; x_wconf 91' lang='lat' dir='ltr'><strong>et</strong></span> <span class='ocrx_word' id='word_1_168' title='bbox 3225 1035 3595 1105; x_wconf 65' lang='lat' dir='ltr'><strong>perdiderant.</strong></span> 
     </span>
    </p>
   </div>
   <div class='ocr_carea' id='block_1_27' title="bbox 2025 1123 3599 1197">
    <p class='ocr_par' dir='ltr' id='par_1_27' title="bbox 2025 1123 3599 1197">
     <span class='ocr_line' id='line_1_27' title="bbox 2025 1123 3599 1197; baseline 0.004 -22"><span class='ocrx_word' id='word_1_169' title='bbox 2025 1123 2409 1194; x_wconf 75' lang='lat' dir='ltr'><strong>Archisatrapa</strong></span> <span class='ocrx_word' id='word_1_170' title='bbox 2439 1124 2602 1197; x_wconf 87' lang='lat' dir='ltr'><strong>igitur</strong></span> <span class='ocrx_word' id='word_1_171' title='bbox 2627 1125 2912 1191; x_wconf 89' lang='lat' dir='ltr'><strong>Sarbarus,</strong></span> <span class='ocrx_word' id='word_1_172' title='bbox 2936 1136 3050 1181; x_wconf 86' lang='lat' dir='ltr'><strong>tcto</strong></span> <span class='ocrx_word' id='word_1_173' title='bbox 3073 1125 3293 1181; x_wconf 83' lang='lat' dir='ltr'><strong>Oriente</strong></span> <span class='ocrx_word' id='word_1_174' title='bbox 3318 1126 3599 1182; x_wconf 76' lang='lat' dir='ltr'><strong>devastata</strong></span> 
     </span>
    </p>
   </div>
   <div class='ocr_carea' id='block_1_28' title="bbox 2020 1216 3600 1289">
    <p class='ocr_par' dir='ltr' id='par_1_28' title="bbox 2020 1216 3600 1289">
     <span class='ocr_line' id='line_1_28' title="bbox 2020 1216 3600 1289; baseline 0.003 -19"><span class='ocrx_word' id='word_1_175' title='bbox 2020 1230 2195 1286; x_wconf 85' lang='lat' dir='ltr'><strong>usque</strong></span> <span class='ocrx_word' id='word_1_176' title='bbox 2232 1216 2302 1271; x_wconf 90' lang='lat' dir='ltr'><strong>ad</strong></span> <span class='ocrx_word' id='word_1_177' title='bbox 2331 1216 2732 1289; x_wconf 83' lang='lat' dir='ltr'><strong>Chrysopolim,</strong></span> <span class='ocrx_word' id='word_1_178' title='bbox 2789 1233 2913 1288; x_wconf 66' lang='lat' dir='ltr'><strong>quae</strong></span> <span class='ocrx_word' id='word_1_179' title='bbox 2971 1232 3121 1273; x_wconf 87' lang='lat' dir='ltr'><strong>nunc</strong></span> <span class='ocrx_word' id='word_1_180' title='bbox 3169 1218 3476 1274; x_wconf 86' lang='lat' dir='ltr'><strong>Scutarium</strong></span> <span class='ocrx_word' id='word_1_181' title='bbox 3507 1234 3600 1275; x_wconf 90' lang='lat' dir='ltr'><strong>co-</strong></span> 
     </span>
    </p>
   </div>
   <div class='ocr_carea' id='block_1_29' title="bbox 2020 1307 3599 1379">
    <p class='ocr_par' dir='ltr' id='par_1_29' title="bbox 2020 1307 3599 1379">
     <span class='ocr_line' id='line_1_29' title="bbox 2020 1307 3599 1379; baseline 0.004 -20"><span class='ocrx_word' id='word_1_182' title='bbox 2020 1307 2402 1377; x_wconf 86' lang='lat' dir='ltr'><strong>gnominatur,</strong></span> <span class='ocrx_word' id='word_1_183' title='bbox 2470 1310 2756 1379; x_wconf 87' lang='lat' dir='ltr'><strong>processit.</strong></span> <span class='ocrx_word' id='word_1_184' title='bbox 2810 1309 3108 1379; x_wconf 87' lang='lat' dir='ltr'><strong>Imperator</strong></span> <span class='ocrx_word' id='word_1_185' title='bbox 3183 1319 3364 1365; x_wconf 88' lang='lat' dir='ltr'><strong>autem</strong></span> <span class='ocrx_word' id='word_1_186' title='bbox 3426 1309 3599 1365; x_wconf 83' lang='lat' dir='ltr'><strong>Hera-</strong></span> 
     </span>
    </p>
   </div>
   <div class='ocr_carea' id='block_1_30' title="bbox 2022 1397 3597 1470">
    <p class='ocr_par' dir='ltr' id='par_1_30' title="bbox 2022 1397 3597 1470">
     <span class='ocr_line' id='line_1_30' title="bbox 2022 1397 3597 1470; baseline 0.004 -19"><span class='ocrx_word' id='word_1_187' title='bbox 2022 1397 2160 1453; x_wconf 91' lang='lat' dir='ltr'><strong>clius</strong></span> <span class='ocrx_word' id='word_1_188' title='bbox 2198 1398 2445 1468; x_wconf 83' lang='lat' dir='ltr'><strong>pecuniae</strong></span> <span class='ocrx_word' id='word_1_189' title='bbox 2484 1400 2713 1470; x_wconf 74' lang='lat' dir='ltr'><strong>publicae</strong></span> <span class='ocrx_word' id='word_1_190' title='bbox 2746 1400 2972 1469; x_wconf 85' lang='lat' dir='ltr'><strong>penuria</strong></span> <span class='ocrx_word' id='word_1_191' title='bbox 3009 1416 3255 1469; x_wconf 90' lang='lat' dir='ltr'><strong>pressus,</strong></span> <span class='ocrx_word' id='word_1_192' title='bbox 3298 1401 3466 1457; x_wconf 86' lang='lat' dir='ltr'><strong>sacris</strong></span> <span class='ocrx_word' id='word_1_193' title='bbox 3493 1400 3597 1457; x_wconf 86' lang='lat' dir='ltr'><strong>Ec-</strong></span> 
     </span>
    </p>
   </div>
   <div class='ocr_carea' id='block_1_31' title="bbox 2021 1486 3597 1559">
    <p class='ocr_par' dir='ltr' id='par_1_31' title="bbox 2021 1486 3597 1559">
     <span class='ocr_line' id='line_1_31' title="bbox 2021 1486 3597 1559; baseline 0.003 -18"><span class='ocrx_word' id='word_1_194' title='bbox 2021 1486 2308 1542; x_wconf 87' lang='lat' dir='ltr'><strong>clesiarum</strong></span> <span class='ocrx_word' id='word_1_195' title='bbox 2360 1490 2540 1555; x_wconf 89' lang='lat' dir='ltr'><strong>vasis,</strong></span> <span class='ocrx_word' id='word_1_196' title='bbox 2576 1500 2632 1546; x_wconf 89' lang='lat' dir='ltr'><strong>et</strong></span> <span class='ocrx_word' id='word_1_197' title='bbox 2698 1490 3078 1549; x_wconf 75' lang='lat' dir='ltr'><strong>instrumentis</strong></span> <span class='ocrx_word' id='word_1_198' title='bbox 3128 1491 3407 1559; x_wconf 83' lang='lat' dir='ltr'><strong>conﬂatis,</strong></span> <span class='ocrx_word' id='word_1_199' title='bbox 3444 1501 3501 1548; x_wconf 90' lang='lat' dir='ltr'><strong>et</strong></span> <span class='ocrx_word' id='word_1_200' title='bbox 3542 1492 3597 1547; x_wconf 90' lang='lat' dir='ltr'><strong>in</strong></span> 
     </span>
    </p>
   </div>
   <div class='ocr_carea' id='block_1_32' title="bbox 2021 1578 3599 1652">
    <p class='ocr_par' dir='ltr' id='par_1_32' title="bbox 2021 1578 3599 1652">
     <span class='ocr_line' id='line_1_32' title="bbox 2021 1578 3599 1652; baseline 0.006 -24"><span class='ocrx_word' id='word_1_201' title='bbox 2021 1590 2273 1632; x_wconf 88' lang='lat' dir='ltr'><strong>nummos</strong></span> <span class='ocrx_word' id='word_1_202' title='bbox 2319 1578 2617 1644; x_wconf 85' lang='lat' dir='ltr'><strong>conversis,</strong></span> <span class='ocrx_word' id='word_1_203' title='bbox 2676 1595 2785 1648; x_wconf 92' lang='lat' dir='ltr'><strong>quo</strong></span> <span class='ocrx_word' id='word_1_204' title='bbox 2833 1596 3048 1635; x_wconf 88' lang='lat' dir='ltr'><strong>summa</strong></span> <span class='ocrx_word' id='word_1_205' title='bbox 3107 1581 3283 1649; x_wconf 82' lang='lat' dir='ltr'><strong>major</strong></span> <span class='ocrx_word' id='word_1_206' title='bbox 3345 1591 3403 1637; x_wconf 89' lang='lat' dir='ltr'><strong>et</strong></span> <span class='ocrx_word' id='word_1_207' title='bbox 3470 1598 3599 1652; x_wconf 89' lang='lat' dir='ltr'><strong>per-</strong></span> 
     </span>
    </p>
   </div>
   <div class='ocr_carea' id='block_1_33' title="bbox 2021 1664 3598 1738">
    <p class='ocr_par' dir='ltr' id='par_1_33' title="bbox 2021 1664 3598 1738">
     <span class='ocr_line' id='line_1_33' title="bbox 2021 1664 3598 1738; baseline 0.006 -19"><span class='ocrx_word' id='word_1_208' title='bbox 2021 1664 2215 1721; x_wconf 80' lang='lat' dir='ltr'><strong>fectior</strong></span> <span class='ocrx_word' id='word_1_209' title='bbox 2262 1666 2423 1733; x_wconf 74' lang='lat' dir='ltr'><strong>foret,</strong></span> <span class='ocrx_word' id='word_1_210' title='bbox 2483 1684 2579 1738; x_wconf 89' lang='lat' dir='ltr'><strong>per</strong></span> <span class='ocrx_word' id='word_1_211' title='bbox 2602 1669 2873 1724; x_wconf 82' lang='lat' dir='ltr'><strong>Euxinum</strong></span> <span class='ocrx_word' id='word_1_212' title='bbox 2904 1686 3056 1726; x_wconf 89' lang='lat' dir='ltr'><strong>mare</strong></span> <span class='ocrx_word' id='word_1_213' title='bbox 3113 1672 3291 1727; x_wconf 88' lang='lat' dir='ltr'><strong>classe</strong></span> <span class='ocrx_word' id='word_1_214' title='bbox 3310 1672 3367 1726; x_wconf 92' lang='lat' dir='ltr'><strong>in</strong></span> <span class='ocrx_word' id='word_1_215' title='bbox 3396 1672 3598 1729; x_wconf 60' lang='lat' dir='ltr'><strong>Persice</strong></span> 
     </span>
    </p>
   </div>
   <div class='ocr_carea' id='block_1_34' title="bbox 351 1759 1941 1837">
    <p class='ocr_par' dir='ltr' id='par_1_34' title="bbox 351 1765 1926 1837">
     <span class='ocr_line' id='line_1_34' title="bbox 351 1765 1926 1837; baseline 0.002 -21"><span class='ocrx_word' id='word_1_216' title='bbox 351 1768 463 1828; x_wconf 86' lang='grc' dir='ltr'>τοῖς</span> <span class='ocrx_word' id='word_1_217' title='bbox 493 1766 593 1834; x_wconf 77' lang='grc' dir='ltr'>τῆς</span> <span class='ocrx_word' id='word_1_218' title='bbox 624 1766 859 1835; x_wconf 79' lang='grc' dir='ltr'>Περσίας</span> <span class='ocrx_word' id='word_1_219' title='bbox 885 1766 1105 1837; x_wconf 80' lang='grc' dir='ltr'>μέρεσιν</span> <span class='ocrx_word' id='word_1_220' title='bbox 1131 1765 1418 1829; x_wconf 78' lang='grc' dir='ltr'>εἰσϐαλὼν,</span> <span class='ocrx_word' id='word_1_221' title='bbox 1443 1766 1693 1834; x_wconf 78' lang='grc' dir='ltr'>ἀφανίζει</span> <span class='ocrx_word' id='word_1_222' title='bbox 1720 1767 1891 1835; x_wconf 83' lang='grc' dir='ltr'>αὐτήν</span> <span class='ocrx_word' id='word_1_223' title='bbox 1910 1781 1926 1797; x_wconf 84' lang='grc'>⁶</span> 
     </span>
    </p>
   </div>
   <div class='ocr_carea' id='block_1_35' title="bbox 2025 1759 3598 1837">
    <p class='ocr_par' dir='ltr' id='par_1_35' title="bbox 2028 1759 3598 1836">
     <span class='ocr_line' id='line_1_35' title="bbox 2028 1759 3598 1836; baseline 0.006 -25"><span class='ocrx_word' id='word_1_224' title='bbox 2028 1767 2211 1827; x_wconf 89' lang='lat' dir='ltr'><strong>partes</strong></span> <span class='ocrx_word' id='word_1_225' title='bbox 2258 1759 2442 1826; x_wconf 87' lang='lat' dir='ltr'><strong>ducta,</strong></span> <span class='ocrx_word' id='word_1_226' title='bbox 2498 1770 2554 1815; x_wconf 91' lang='lat' dir='ltr'><strong>et</strong></span> <span class='ocrx_word' id='word_1_227' title='bbox 2606 1761 2965 1832; x_wconf 87' lang='lat' dir='ltr'><strong>impressione</strong></span> <span class='ocrx_word' id='word_1_228' title='bbox 2999 1763 3159 1828; x_wconf 76' lang='lat' dir='ltr'><strong>facta,</strong></span> <span class='ocrx_word' id='word_1_229' title='bbox 3202 1766 3384 1819; x_wconf 90' lang='lat' dir='ltr'><strong>omnia</strong></span> <span class='ocrx_word' id='word_1_230' title='bbox 3422 1780 3598 1836; x_wconf 88' lang='lat' dir='ltr'><strong>popu-</strong></span> 
     </span>
    </p>
   </div>
   <div class='ocr_carea' id='block_1_36' title="bbox 352 1855 1918 1927">
    <p class='ocr_par' dir='ltr' id='par_1_36' title="bbox 352 1855 1918 1927">
     <span class='ocr_line' id='line_1_36' title="bbox 352 1855 1918 1927; baseline 0.001 -20"><span class='ocrx_word' id='word_1_231' title='bbox 352 1856 444 1908; x_wconf 74' lang='grc' dir='ltr'><strong>καὶ</strong></span> <span class='ocrx_word' id='word_1_232' title='bbox 501 1857 845 1926; x_wconf 88' lang='grc' dir='ltr'>κατακράτος</span> <span class='ocrx_word' id='word_1_233' title='bbox 890 1858 1116 1925; x_wconf 77' lang='grc' dir='ltr'><strong>ἡττᾶται</strong></span> <span class='ocrx_word' id='word_1_234' title='bbox 1162 1855 1331 1925; x_wconf 86' lang='grc' dir='ltr'>τούτῳ</span> <span class='ocrx_word' id='word_1_235' title='bbox 1377 1856 1407 1908; x_wconf 93' lang='lat'><strong>6</strong></span> <span class='ocrx_word' id='word_1_236' title='bbox 1440 1856 1685 1925; x_wconf 78' lang='grc' dir='ltr'>Χοσρόης</span> <span class='ocrx_word' id='word_1_237' title='bbox 1726 1856 1825 1909; x_wconf 85' lang='grc' dir='ltr'>σὺν</span> <span class='ocrx_word' id='word_1_238' title='bbox 1852 1857 1918 1927; x_wconf 84' lang='grc' dir='ltr'><strong>τῇ</strong></span> 
     </span>
    </p>
   </div>
   <div class='ocr_carea' id='block_1_37' title="bbox 352 1946 1923 2020">
    <p class='ocr_par' dir='ltr' id='par_1_37' title="bbox 352 1946 1923 2020">
     <span class='ocr_line' id='line_1_37' title="bbox 352 1946 1923 2020; baseline -0.001 -19"><span class='ocrx_word' id='word_1_239' title='bbox 352 1948 512 2018; x_wconf 84' lang='grc' dir='ltr'>λοιπῇ</span> <span class='ocrx_word' id='word_1_240' title='bbox 579 1949 821 2020; x_wconf 84' lang='grc' dir='ltr'>στρατιᾷ.</span> <span class='ocrx_word' id='word_1_241' title='bbox 859 1948 991 2002; x_wconf 86' lang='grc' dir='ltr'>Μετ’</span> <span class='ocrx_word' id='word_1_242' title='bbox 1046 1948 1224 2017; x_wconf 85' lang='grc' dir='ltr'>ὀλίγον</span> <span class='ocrx_word' id='word_1_243' title='bbox 1261 1946 1319 2000; x_wconf 81' lang='grc' dir='ltr'>δὲ</span> <span class='ocrx_word' id='word_1_244' title='bbox 1347 1947 1441 2002; x_wconf 82' lang='grc' dir='ltr'>καὶ</span> <span class='ocrx_word' id='word_1_245' title='bbox 1479 1948 1700 2018; x_wconf 86' lang='grc' dir='ltr'>Σειρόης</span> <span class='ocrx_word' id='word_1_246' title='bbox 1728 1948 1757 1999; x_wconf 88' lang='lat'><strong>6</strong></span> <span class='ocrx_word' id='word_1_247' title='bbox 1811 1948 1923 2011; x_wconf 82' lang='grc' dir='ltr'>υἱὸς</span> 
     </span>
    </p>
   </div>
   <div class='ocr_carea' id='block_1_38' title="bbox 351 2038 1923 2113">
    <p class='ocr_par' dir='ltr' id='par_1_38' title="bbox 351 2038 1923 2113">
     <span class='ocr_line' id='line_1_38' title="bbox 351 2038 1923 2113; baseline -0.004 -17"><span class='ocrx_word' id='word_1_248' title='bbox 351 2041 589 2113; x_wconf 83' lang='grc' dir='ltr'>Χοσρόου</span> <span class='ocrx_word' id='word_1_249' title='bbox 620 2041 859 2104; x_wconf 74' lang='grc' dir='ltr'>ἀποστὰς</span> <span class='ocrx_word' id='word_1_250' title='bbox 888 2040 979 2094; x_wconf 81' lang='grc' dir='ltr'>τοῦ</span> <span class='ocrx_word' id='word_1_251' title='bbox 1012 2040 1238 2111; x_wconf 81' lang='grc' dir='ltr'>πατρὸς,</span> <span class='ocrx_word' id='word_1_252' title='bbox 1268 2039 1366 2111; x_wconf 81' lang='grc' dir='ltr'>τὴν</span> <span class='ocrx_word' id='word_1_253' title='bbox 1405 2038 1577 2111; x_wconf 82' lang='grc' dir='ltr'>ἀρχὴν</span> <span class='ocrx_word' id='word_1_254' title='bbox 1604 2038 1783 2109; x_wconf 78' lang='grc' dir='ltr'>ἑαυτῷ</span> <span class='ocrx_word' id='word_1_255' title='bbox 1826 2056 1923 2091; x_wconf 86' lang='grc' dir='ltr'>πε-</span> 
     </span>
    </p>
   </div>
   <div class='ocr_carea' id='block_1_39' title="bbox 353 2130 1924 2203">
    <p class='ocr_par' dir='ltr' id='par_1_39' title="bbox 353 2130 1924 2203">
     <span class='ocr_line' id='line_1_39' title="bbox 353 2130 1924 2203; baseline -0.001 -18"><span class='ocrx_word' id='word_1_256' title='bbox 353 2131 642 2203; x_wconf 88' lang='grc' dir='ltr'>ριτίθησιν,</span> <span class='ocrx_word' id='word_1_257' title='bbox 673 2132 767 2184; x_wconf 76' lang='grc' dir='ltr'>καὶ</span> <span class='ocrx_word' id='word_1_258' title='bbox 806 2132 895 2186; x_wconf 81' lang='grc' dir='ltr'>τὸν</span> <span class='ocrx_word' id='word_1_259' title='bbox 920 2132 1128 2203; x_wconf 83' lang='grc' dir='ltr'>πατέρα</span> <span class='ocrx_word' id='word_1_260' title='bbox 1149 2133 1397 2203; x_wconf 83' lang='grc' dir='ltr'>Χοσρόην</span> <span class='ocrx_word' id='word_1_261' title='bbox 1444 2130 1787 2196; x_wconf 80' lang='grc' dir='ltr'>ἀποκτείνας,</span> <span class='ocrx_word' id='word_1_262' title='bbox 1844 2130 1924 2201; x_wconf 82' lang='grc' dir='ltr'>τῷ</span> 
     </span>
    </p>
   </div>
   <div class='ocr_carea' id='block_1_40' title="bbox 355 2222 1924 2295">
    <p class='ocr_par' dir='ltr' id='par_1_40' title="bbox 355 2222 1924 2295">
     <span class='ocr_line' id='line_1_40' title="bbox 355 2222 1924 2295; baseline 0 -19"><span class='ocrx_word' id='word_1_263' title='bbox 355 2222 564 2292; x_wconf 89' lang='grc' dir='ltr'>βασιλεῖ</span> <span class='ocrx_word' id='word_1_264' title='bbox 623 2222 926 2295; x_wconf 80' lang='grc' dir='ltr'>Ἡρακλείῳ</span> <span class='ocrx_word' id='word_1_265' title='bbox 978 2222 1258 2276; x_wconf 85' lang='grc' dir='ltr'>σπένδεται</span> <span class='ocrx_word' id='word_1_266' title='bbox 1285 2239 1299 2255; x_wconf 76' lang='grc'><strong>⁸</strong></span> <span class='ocrx_word' id='word_1_267' title='bbox 1334 2223 1583 2291; x_wconf 87' lang='grc' dir='ltr'>Χαγάνος</span> <span class='ocrx_word' id='word_1_268' title='bbox 1627 2239 1689 2291; x_wconf 91' lang='grc' dir='ltr'><strong>γε</strong></span> <span class='ocrx_word' id='word_1_269' title='bbox 1731 2223 1839 2293; x_wconf 85' lang='grc' dir='ltr'>μὴν</span> <span class='ocrx_word' id='word_1_270' title='bbox 1895 2224 1924 2276; x_wconf 94' lang='lat'><strong>6</strong></span> 
     </span>
    </p>
   </div>
   <div class='ocr_carea' id='block_1_41' title="bbox 353 2313 1923 2389">
    <p class='ocr_par' dir='ltr' id='par_1_41' title="bbox 353 2313 1923 2389">
     <span class='ocr_line' id='line_1_41' title="bbox 353 2313 1923 2389; baseline 0 -22"><span class='ocrx_word' id='word_1_271' title='bbox 353 2314 460 2368; x_wconf 90' lang='grc' dir='ltr'><strong>τῶν</strong></span> <span class='ocrx_word' id='word_1_272' title='bbox 481 2315 680 2368; x_wconf 84' lang='grc' dir='ltr'>Μυσῶν</span> <span class='ocrx_word' id='word_1_273' title='bbox 715 2316 809 2369; x_wconf 76' lang='grc' dir='ltr'>καὶ</span> <span class='ocrx_word' id='word_1_274' title='bbox 831 2314 1051 2368; x_wconf 79' lang='grc' dir='ltr'>Σκυθῶν</span> <span class='ocrx_word' id='word_1_275' title='bbox 1074 2316 1333 2389; x_wconf 85' lang='grc' dir='ltr'>ἀρχηγὸς,</span> <span class='ocrx_word' id='word_1_276' title='bbox 1367 2313 1552 2385; x_wconf 87' lang='grc' dir='ltr'>μαθὼν</span> <span class='ocrx_word' id='word_1_277' title='bbox 1578 2315 1669 2368; x_wconf 83' lang='grc' dir='ltr'>τὸν</span> <span class='ocrx_word' id='word_1_278' title='bbox 1703 2314 1923 2385; x_wconf 82' lang='grc' dir='ltr'>βασιλέα</span> 
     </span>
    </p>
   </div>
   <div class='ocr_carea' id='block_1_42' title="bbox 354 2405 1923 2479">
    <p class='ocr_par' dir='ltr' id='par_1_42' title="bbox 354 2405 1923 2479">
     <span class='ocr_line' id='line_1_42' title="bbox 354 2405 1923 2479; baseline 0 -20"><span class='ocrx_word' id='word_1_279' title='bbox 354 2407 655 2462; x_wconf 82' lang='grc' dir='ltr'>διαπόντιον</span> <span class='ocrx_word' id='word_1_280' title='bbox 688 2411 743 2472; x_wconf 83' lang='grc' dir='ltr'>ἐς</span> <span class='ocrx_word' id='word_1_281' title='bbox 769 2408 978 2479; x_wconf 82' lang='grc' dir='ltr'>Πέρσας</span> <span class='ocrx_word' id='word_1_282' title='bbox 1004 2407 1314 2477; x_wconf 88' lang='grc' dir='ltr'>γενόμενον,</span> <span class='ocrx_word' id='word_1_283' title='bbox 1342 2406 1438 2470; x_wconf 79' lang='grc' dir='ltr'><strong>τὰς</strong></span> <span class='ocrx_word' id='word_1_284' title='bbox 1465 2406 1602 2478; x_wconf 83' lang='grc' dir='ltr'><strong>μετά</strong></span> <span class='ocrx_word' id='word_1_285' title='bbox 1640 2405 1923 2476; x_wconf 86' lang='grc' dir='ltr'>Ῥωμαίων</span> 
     </span>
    </p>
   </div>
   <div class='ocr_carea' id='block_1_43' title="bbox 354 2498 1925 2571">
    <p class='ocr_par' dir='ltr' id='par_1_43' title="bbox 354 2498 1925 2571">
     <span class='ocr_line' id='line_1_43' title="bbox 354 2498 1925 2571; baseline 0 -19"><span class='ocrx_word' id='word_1_286' title='bbox 354 2499 611 2563; x_wconf 83' lang='grc' dir='ltr'>διαλύσας</span> <span class='ocrx_word' id='word_1_287' title='bbox 665 2500 916 2565; x_wconf 74' lang='grc' dir='ltr'>σπονδὰς,</span> <span class='ocrx_word' id='word_1_288' title='bbox 975 2499 1137 2571; x_wconf 80' lang='grc' dir='ltr'>στίφη</span> <span class='ocrx_word' id='word_1_289' title='bbox 1196 2498 1539 2570; x_wconf 87' lang='grc' dir='ltr'>μυριάριθμα</span> <span class='ocrx_word' id='word_1_290' title='bbox 1588 2498 1925 2569; x_wconf 77' lang='grc' dir='ltr'>ἐπαγόμενος</span> 
     </span>
    </p>
   </div>
   <div class='ocr_carea' id='block_1_44' title="bbox 354 2590 1922 2662">
    <p class='ocr_par' dir='ltr' id='par_1_44' title="bbox 354 2590 1922 2662">
     <span class='ocr_line' id='line_1_44' title="bbox 354 2590 1922 2662; baseline -0.001 -17"><span class='ocrx_word' id='word_1_291' title='bbox 354 2592 442 2646; x_wconf 88' lang='grc' dir='ltr'><strong>διά</strong></span> <span class='ocrx_word' id='word_1_292' title='bbox 469 2592 576 2645; x_wconf 88' lang='grc' dir='ltr'><strong>τῶν</strong></span> <span class='ocrx_word' id='word_1_293' title='bbox 608 2591 838 2645; x_wconf 86' lang='grc' dir='ltr'>δυτικῶν</span> <span class='ocrx_word' id='word_1_294' title='bbox 865 2592 1137 2646; x_wconf 69' lang='grc' dir='ltr'>εἰσϐάλλει</span> <span class='ocrx_word' id='word_1_295' title='bbox 1179 2593 1359 2662; x_wconf 80' lang='grc' dir='ltr'>μερῶν</span> <span class='ocrx_word' id='word_1_296' title='bbox 1382 2592 1460 2654; x_wconf 86' lang='grc' dir='ltr'><strong>είς</strong></span> <span class='ocrx_word' id='word_1_297' title='bbox 1489 2590 1589 2662; x_wconf 83' lang='grc' dir='ltr'>τὴν</span> <span class='ocrx_word' id='word_1_298' title='bbox 1632 2591 1922 2644; x_wconf 82' lang='grc' dir='ltr'>Κωνσταν-</span> 
     </span>
    </p>
   </div>
   <div class='ocr_carea' id='block_1_45' title="bbox 354 2683 1921 2755">
    <p class='ocr_par' dir='ltr' id='par_1_45' title="bbox 354 2683 1921 2755">
     <span class='ocr_line' id='line_1_45' title="bbox 354 2683 1921 2755; baseline -0.004 -14"><span class='ocrx_word' id='word_1_299' title='bbox 354 2687 523 2751; x_wconf 84' lang='grc' dir='ltr'>τίνου,</span> <span class='ocrx_word' id='word_1_300' title='bbox 580 2686 717 2739; x_wconf 89' lang='grc' dir='ltr'><strong>κατά</strong></span> <span class='ocrx_word' id='word_1_301' title='bbox 778 2684 911 2738; x_wconf 86' lang='grc' dir='ltr'>Θεοῦ</span> <span class='ocrx_word' id='word_1_302' title='bbox 970 2685 1319 2755; x_wconf 78' lang='grc' dir='ltr'>βλασφήμους</span> <span class='ocrx_word' id='word_1_303' title='bbox 1375 2684 1671 2753; x_wconf 83' lang='grc' dir='ltr'>ἐκπέμπων</span> <span class='ocrx_word' id='word_1_304' title='bbox 1694 2683 1875 2751; x_wconf 84' lang='grc' dir='ltr'>φωνάς</span> <span class='ocrx_word' id='word_1_305' title='bbox 1906 2699 1921 2714; x_wconf 88' lang='grc'><strong>·</strong></span> 
     </span>
    </p>
   </div>
   <div class='ocr_carea' id='block_1_46' title="bbox 355 2776 1923 2850">
    <p class='ocr_par' dir='ltr' id='par_1_46' title="bbox 355 2776 1923 2850">
     <span class='ocr_line' id='line_1_46' title="bbox 355 2776 1923 2850; baseline -0.003 -16"><span class='ocrx_word' id='word_1_306' title='bbox 355 2782 552 2834; x_wconf 82' lang='grc' dir='ltr'>αὐτίκα</span> <span class='ocrx_word' id='word_1_307' title='bbox 576 2780 755 2833; x_wconf 90' lang='grc' dir='ltr'>τοίνυν</span> <span class='ocrx_word' id='word_1_308' title='bbox 784 2780 817 2845; x_wconf 81' lang='grc' dir='ltr'><strong>ἡ</strong></span> <span class='ocrx_word' id='word_1_309' title='bbox 850 2779 947 2846; x_wconf 81' lang='grc' dir='ltr'>μὲν</span> <span class='ocrx_word' id='word_1_310' title='bbox 978 2778 1218 2845; x_wconf 81' lang='grc' dir='ltr'>Θάλασσα</span> <span class='ocrx_word' id='word_1_311' title='bbox 1256 2778 1475 2843; x_wconf 83' lang='grc' dir='ltr'>πλοίων,</span> <span class='ocrx_word' id='word_1_312' title='bbox 1496 2780 1531 2850; x_wconf 82' lang='grc' dir='ltr'>ἡ</span> <span class='ocrx_word' id='word_1_313' title='bbox 1561 2777 1618 2830; x_wconf 82' lang='grc' dir='ltr'>δὲ</span> <span class='ocrx_word' id='word_1_314' title='bbox 1645 2776 1716 2847; x_wconf 81' lang='grc' dir='ltr'>γῆ</span> <span class='ocrx_word' id='word_1_315' title='bbox 1742 2777 1923 2842; x_wconf 76' lang='grc' dir='ltr'>πεζῶν</span> 
     </span>
    </p>
   </div>
   <div class='ocr_carea' id='block_1_47' title="bbox 359 2866 1923 2943">
    <p class='ocr_par' dir='ltr' id='par_1_47' title="bbox 359 2866 1923 2943">
     <span class='ocr_line' id='line_1_47' title="bbox 359 2866 1923 2943; baseline -0.003 -16"><span class='ocrx_word' id='word_1_316' title='bbox 359 2875 452 2928; x_wconf 61' lang='grc' dir='ltr'><strong>καλ⁴</strong></span> <span class='ocrx_word' id='word_1_317' title='bbox 484 2874 691 2927; x_wconf 80' lang='grc' dir='ltr'>ἱππέων</span> <span class='ocrx_word' id='word_1_318' title='bbox 724 2872 967 2943; x_wconf 87' lang='grc' dir='ltr'>ἀπείρων</span> <span class='ocrx_word' id='word_1_319' title='bbox 997 2871 1247 2943; x_wconf 75' lang='grc' dir='ltr'>ἔμπλεως</span> <span class='ocrx_word' id='word_1_320' title='bbox 1274 2866 1342 2942; x_wconf 85' lang='grc' dir='ltr'>ἦν</span> <span class='ocrx_word' id='word_1_321' title='bbox 1363 2888 1378 2903; x_wconf 87' lang='grc'>·</span> <span class='ocrx_word' id='word_1_322' title='bbox 1404 2872 1623 2943; x_wconf 82' lang='grc' dir='ltr'>Σέργιος</span> <span class='ocrx_word' id='word_1_323' title='bbox 1654 2871 1711 2924; x_wconf 84' lang='grc' dir='ltr'>δὲ</span> <span class='ocrx_word' id='word_1_324' title='bbox 1740 2872 1769 2924; x_wconf 90' lang='lat'><strong>6</strong></span> <span class='ocrx_word' id='word_1_325' title='bbox 1820 2888 1923 2923; x_wconf 88' lang='grc' dir='ltr'>πα-</span> 
     </span>
    </p>
   </div>
   <div class='ocr_carea' id='block_1_48' title="bbox 356 2962 1922 3036">
    <p class='ocr_par' dir='ltr' id='par_1_48' title="bbox 356 2962 1922 3036">
     <span class='ocr_line' id='line_1_48' title="bbox 356 2962 1922 3036; baseline -0.002 -19"><span class='ocrx_word' id='word_1_326' title='bbox 356 2966 639 3036; x_wconf 83' lang='grc' dir='ltr'>τριάρχης,</span> <span class='ocrx_word' id='word_1_327' title='bbox 672 2963 839 3017; x_wconf 87' lang='grc' dir='ltr'>πολλά</span> <span class='ocrx_word' id='word_1_328' title='bbox 880 2963 971 3015; x_wconf 82' lang='grc' dir='ltr'>τὸν</span> <span class='ocrx_word' id='word_1_329' title='bbox 1017 2963 1118 3033; x_wconf 82' lang='grc' dir='ltr'>τῆς</span> <span class='ocrx_word' id='word_1_330' title='bbox 1162 2964 1570 3018; x_wconf 82' lang='grc' dir='ltr'>Κωνσταντίνου</span> <span class='ocrx_word' id='word_1_331' title='bbox 1624 2962 1922 3033; x_wconf 80' lang='grc' dir='ltr'>παρεκάλει</span> 
     </span>
    </p>
   </div>
   <div class='ocr_carea' id='block_1_49' title="bbox 358 3053 1922 3125">
    <p class='ocr_par' dir='ltr' id='par_1_49' title="bbox 358 3053 1922 3125">
     <span class='ocr_line' id='line_1_49' title="bbox 358 3053 1922 3125; baseline 0.001 -19"><span class='ocrx_word' id='word_1_332' title='bbox 358 3055 502 3117; x_wconf 77' lang='grc' dir='ltr'>λαὸν,</span> <span class='ocrx_word' id='word_1_333' title='bbox 542 3055 615 3125; x_wconf 85' lang='grc' dir='ltr'>μὴ</span> <span class='ocrx_word' id='word_1_334' title='bbox 655 3053 1036 3119; x_wconf 88' lang='grc' dir='ltr'>καταπίπτειν,</span> <span class='ocrx_word' id='word_1_335' title='bbox 1072 3053 1209 3108; x_wconf 88' lang='grc' dir='ltr'><strong>ἀλλά</strong></span> <span class='ocrx_word' id='word_1_336' title='bbox 1266 3055 1445 3108; x_wconf 82' lang='grc' dir='ltr'>πᾶσαν</span> <span class='ocrx_word' id='word_1_337' title='bbox 1493 3055 1590 3124; x_wconf 86' lang='grc' dir='ltr'>τὴν</span> <span class='ocrx_word' id='word_1_338' title='bbox 1614 3053 1803 3107; x_wconf 75' lang='grc' dir='ltr'>ἐλπίδα</span> <span class='ocrx_word' id='word_1_339' title='bbox 1858 3056 1922 3107; x_wconf 82' lang='grc' dir='ltr'>ὲκ</span> 
     </span>
    </p>
   </div>
   <div class='ocr_carea' id='block_1_50' title="bbox 356 3140 1993 3216">
    <p class='ocr_par' dir='ltr' id='par_1_50' title="bbox 356 3140 1993 3216">
     <span class='ocr_line' id='line_1_50' title="bbox 356 3140 1993 3216; baseline -0.017 0"><span class='ocrx_word' id='word_1_340' title='bbox 356 3145 531 3216; x_wconf 62' lang='grc' dir='ltr'>ψυχῆς</span> <span class='ocrx_word' id='word_1_341' title='bbox 586 3147 666 3209; x_wconf 76' lang='grc' dir='ltr'>εἰς</span> <span class='ocrx_word' id='word_1_342' title='bbox 688 3144 818 3199; x_wconf 80' lang='grc' dir='ltr'>Θεὸν</span> <span class='ocrx_word' id='word_1_343' title='bbox 850 3144 1160 3215; x_wconf 84' lang='grc' dir='ltr'>ἀναφέρειν,</span> <span class='ocrx_word' id='word_1_344' title='bbox 1199 3144 1293 3198; x_wconf 78' lang='grc' dir='ltr'><strong>καὶ</strong></span> <span class='ocrx_word' id='word_1_345' title='bbox 1335 3146 1414 3207; x_wconf 82' lang='grc' dir='ltr'><strong>είς</strong></span> <span class='ocrx_word' id='word_1_346' title='bbox 1443 3144 1541 3213; x_wconf 86' lang='grc' dir='ltr'>τὴν</span> <span class='ocrx_word' id='word_1_347' title='bbox 1574 3140 1739 3196; x_wconf 81' lang='grc' dir='ltr'>αὑτοῦ</span> <span class='ocrx_word' id='word_1_348' title='bbox 1801 3142 1920 3213; x_wconf 77' lang='grc' dir='ltr'><strong>Μη-</strong></span> <span class='ocrx_word' id='word_1_349' title='bbox 1948 3140 1993 3174; x_wconf 62' lang='grc' dir='ltr'>υ</span> 
     </span>
    </p>
   </div>
   <div class='ocr_carea' id='block_1_51' title="bbox 356 3235 1923 3309">
    <p class='ocr_par' dir='ltr' id='par_1_51' title="bbox 356 3235 1923 3309">
     <span class='ocr_line' id='line_1_51' title="bbox 356 3235 1923 3309; baseline -0.001 -20"><span class='ocrx_word' id='word_1_350' title='bbox 356 3238 491 3308; x_wconf 87' lang='grc' dir='ltr'>τέρα</span> <span class='ocrx_word' id='word_1_351' title='bbox 520 3238 618 3308; x_wconf 84' lang='grc' dir='ltr'>τὴν</span> <span class='ocrx_word' id='word_1_352' title='bbox 672 3237 1047 3309; x_wconf 87' lang='grc' dir='ltr'>πανάχραντον</span> <span class='ocrx_word' id='word_1_353' title='bbox 1075 3236 1336 3290; x_wconf 76' lang='grc' dir='ltr'>Θεοτόκον</span> <span class='ocrx_word' id='word_1_354' title='bbox 1366 3252 1378 3265; x_wconf 90' lang='grc'><strong>·</strong></span> <span class='ocrx_word' id='word_1_355' title='bbox 1410 3236 1503 3288; x_wconf 68' lang='grc' dir='ltr'>καὶ</span> <span class='ocrx_word' id='word_1_356' title='bbox 1532 3236 1637 3306; x_wconf 87' lang='grc' dir='ltr'>μὴν</span> <span class='ocrx_word' id='word_1_357' title='bbox 1686 3236 1779 3289; x_wconf 70' lang='grc' dir='ltr'>καὶ</span> <span class='ocrx_word' id='word_1_358' title='bbox 1808 3235 1923 3288; x_wconf 84' lang='grc' dir='ltr'><strong>Βῶ-</strong></span> 
     </span>
    </p>
   </div>
   <div class='ocr_carea' id='block_1_52' title="bbox 359 3326 1925 3401">
    <p class='ocr_par' dir='ltr' id='par_1_52' title="bbox 359 3326 1925 3401">
     <span class='ocr_line' id='line_1_52' title="bbox 359 3326 1925 3401; baseline -0.001 -19"><span class='ocrx_word' id='word_1_359' title='bbox 359 3347 445 3394; x_wconf 88' lang='grc' dir='ltr'><strong>νος</strong></span> <span class='ocrx_word' id='word_1_360' title='bbox 491 3329 775 3401; x_wconf 86' lang='grc' dir='ltr'>πατρίκιος</span> <span class='ocrx_word' id='word_1_361' title='bbox 836 3331 863 3383; x_wconf 90' lang='lat'><strong>6</strong></span> <span class='ocrx_word' id='word_1_362' title='bbox 893 3328 1192 3400; x_wconf 83' lang='grc' dir='ltr'>τηνικαῦτα</span> <span class='ocrx_word' id='word_1_363' title='bbox 1251 3326 1348 3397; x_wconf 82' lang='grc' dir='ltr'>τὴν</span> <span class='ocrx_word' id='word_1_364' title='bbox 1395 3327 1546 3380; x_wconf 87' lang='grc' dir='ltr'>πόλιν</span> <span class='ocrx_word' id='word_1_365' title='bbox 1573 3327 1791 3391; x_wconf 83' lang='grc' dir='ltr'>διέπων,</span> <span class='ocrx_word' id='word_1_366' title='bbox 1857 3327 1925 3381; x_wconf 77' lang='grc' dir='ltr'><strong>τὰ</strong></span> 
     </span>
    </p>
   </div>
   <div class='ocr_carea' id='block_1_53' title="bbox 356 3419 1928 3494">
    <p class='ocr_par' dir='ltr' id='par_1_53' title="bbox 356 3419 1928 3494">
     <span class='ocr_line' id='line_1_53' title="bbox 356 3419 1928 3494; baseline -0.001 -19"><span class='ocrx_word' id='word_1_367' title='bbox 356 3423 625 3493; x_wconf 83' lang='grc' dir='ltr'>ἀνήκοντα</span> <span class='ocrx_word' id='word_1_368' title='bbox 659 3426 738 3487; x_wconf 85' lang='grc' dir='ltr'><strong>είς</strong></span> <span class='ocrx_word' id='word_1_369' title='bbox 765 3422 1078 3494; x_wconf 84' lang='grc' dir='ltr'>ἀποτροπὴν</span> <span class='ocrx_word' id='word_1_370' title='bbox 1104 3420 1213 3474; x_wconf 87' lang='grc' dir='ltr'><strong>τῶν</strong></span> <span class='ocrx_word' id='word_1_371' title='bbox 1262 3419 1533 3488; x_wconf 87' lang='grc' dir='ltr'>πολεμίων</span> <span class='ocrx_word' id='word_1_372' title='bbox 1591 3420 1928 3489; x_wconf 78' lang='grc' dir='ltr'>παρεσκευά-</span> 
     </span>
    </p>
   </div>
   <div class='ocr_carea' id='block_1_54' title="bbox 359 3509 1926 3586">
    <p class='ocr_par' dir='ltr' id='par_1_54' title="bbox 359 3509 1926 3586">
     <span class='ocr_line' id='line_1_54' title="bbox 359 3509 1926 3586; baseline -0.001 -19"><span class='ocrx_word' id='word_1_373' title='bbox 359 3516 481 3578; x_wconf 76' lang='grc' dir='ltr'>ζετο</span> <span class='ocrx_word' id='word_1_374' title='bbox 505 3530 519 3545; x_wconf 88' lang='grc'><strong>·</strong></span> <span class='ocrx_word' id='word_1_375' title='bbox 551 3513 633 3568; x_wconf 87' lang='grc' dir='ltr'>δεῖ</span> <span class='ocrx_word' id='word_1_376' title='bbox 658 3514 765 3586; x_wconf 77' lang='grc' dir='ltr'><strong>γάρ</strong></span> <span class='ocrx_word' id='word_1_377' title='bbox 799 3514 936 3585; x_wconf 85' lang='grc' dir='ltr'><strong>μετά</strong></span> <span class='ocrx_word' id='word_1_378' title='bbox 962 3513 1061 3583; x_wconf 79' lang='grc' dir='ltr'>τῆς</span> <span class='ocrx_word' id='word_1_379' title='bbox 1095 3512 1300 3566; x_wconf 78' lang='grc' dir='ltr'>ἀνωθεν</span> <span class='ocrx_word' id='word_1_380' title='bbox 1332 3509 1600 3580; x_wconf 80' lang='grc' dir='ltr'>βοηθείας,</span> <span class='ocrx_word' id='word_1_381' title='bbox 1642 3512 1737 3564; x_wconf 78' lang='grc' dir='ltr'>καὶ</span> <span class='ocrx_word' id='word_1_382' title='bbox 1778 3511 1926 3581; x_wconf 79' lang='grc' dir='ltr'>ἡμᾶς</span> 
     </span>
    </p>
   </div>
   <div class='ocr_carea' id='block_1_55' title="bbox 358 3605 1103 3676">
    <p class='ocr_par' dir='ltr' id='par_1_55' title="bbox 358 3605 1103 3676">
     <span class='ocr_line' id='line_1_55' title="bbox 358 3605 1103 3676; baseline -0.003 -18"><span class='ocrx_word' id='word_1_383' title='bbox 358 3605 427 3659; x_wconf 83' lang='grc' dir='ltr'>τὰ</span> <span class='ocrx_word' id='word_1_384' title='bbox 462 3606 805 3676; x_wconf 83' lang='grc' dir='ltr'>προσήκοντα</span> <span class='ocrx_word' id='word_1_385' title='bbox 839 3606 924 3657; x_wconf 79' lang='grc' dir='ltr'>ὲνε</span> <span class='ocrx_word' id='word_1_386' title='bbox 934 3606 1103 3674; x_wconf 81' lang='grc' dir='ltr'>ργεῖν.</span> 
     </span>
    </p>
   </div>
   <div class='ocr_carea' id='block_1_56' title="bbox 439 3781 1923 3856">
    <p class='ocr_par' dir='ltr' id='par_1_56' title="bbox 439 3781 1923 3856">
     <span class='ocr_line' id='line_1_56' title="bbox 439 3781 1923 3856; baseline -0.007 -14"><span class='ocrx_word' id='word_1_387' title='bbox 439 3785 499 3841; x_wconf 84' lang='grc' dir='ltr'><strong>Ὀ</strong></span> <span class='ocrx_word' id='word_1_388' title='bbox 536 3785 593 3839; x_wconf 83' lang='grc' dir='ltr'>δὲ</span> <span class='ocrx_word' id='word_1_389' title='bbox 614 3784 953 3856; x_wconf 85' lang='grc' dir='ltr'>πατριάρχης</span> <span class='ocrx_word' id='word_1_390' title='bbox 982 3782 1080 3843; x_wconf 76' lang='grc' dir='ltr'><strong>τὰς</strong></span> <span class='ocrx_word' id='word_1_391' title='bbox 1119 3781 1268 3845; x_wconf 88' lang='grc' dir='ltr'>θείας</span> <span class='ocrx_word' id='word_1_392' title='bbox 1302 3782 1518 3843; x_wconf 87' lang='grc' dir='ltr'>είκόνας</span> <span class='ocrx_word' id='word_1_393' title='bbox 1547 3781 1647 3851; x_wconf 80' lang='grc' dir='ltr'>τῆς</span> <span class='ocrx_word' id='word_1_394' title='bbox 1707 3781 1923 3852; x_wconf 83' lang='grc' dir='ltr'>Θεομή-</span> 
     </span>
    </p>
   </div>
   <div class='ocr_carea' id='block_1_57' title="bbox 356 3876 1925 3954">
    <p class='ocr_par' dir='ltr' id='par_1_57' title="bbox 356 3876 1925 3954">
     <span class='ocr_line' id='line_1_57' title="bbox 356 3876 1925 3954; baseline -0.006 -17"><span class='ocrx_word' id='word_1_395' title='bbox 356 3899 512 3954; x_wconf 87' lang='grc' dir='ltr'>τορος</span> <span class='ocrx_word' id='word_1_396' title='bbox 538 3881 678 3951; x_wconf 84' lang='grc' dir='ltr'><strong>μετά</strong></span> <span class='ocrx_word' id='word_1_397' title='bbox 726 3879 926 3944; x_wconf 73' lang='grc' dir='ltr'>παντὸς</span> <span class='ocrx_word' id='word_1_398' title='bbox 956 3878 1297 3949; x_wconf 75' lang='grc' dir='ltr'>ἐπαγόμενος</span> <span class='ocrx_word' id='word_1_399' title='bbox 1320 3876 1415 3929; x_wconf 75' lang='grc' dir='ltr'><strong>τοῦ</strong></span> <span class='ocrx_word' id='word_1_400' title='bbox 1450 3876 1686 3946; x_wconf 78' lang='grc' dir='ltr'>πλήθους</span> <span class='ocrx_word' id='word_1_401' title='bbox 1711 3876 1925 3948; x_wconf 79' lang='grc' dir='ltr'>περιῄει</span> 
     </span>
    </p>
   </div>
   <div class='ocr_carea' id='block_1_58' title="bbox 356 3966 1927 4044">
    <p class='ocr_par' dir='ltr' id='par_1_58' title="bbox 356 3966 1927 4044">
     <span class='ocr_line' id='line_1_58' title="bbox 356 3966 1927 4044; baseline -0.005 -17"><span class='ocrx_word' id='word_1_402' title='bbox 356 3975 417 4027; x_wconf 85' lang='grc' dir='ltr'>τὸ</span> <span class='ocrx_word' id='word_1_403' title='bbox 446 3976 621 4044; x_wconf 81' lang='grc' dir='ltr'>τεῖχος</span> <span class='ocrx_word' id='word_1_404' title='bbox 648 3970 875 4035; x_wconf 82' lang='grc' dir='ltr'>ἀνωθεν,</span> <span class='ocrx_word' id='word_1_405' title='bbox 899 3968 1147 4024; x_wconf 76' lang='grc' dir='ltr'>ἐντεῦθεν</span> <span class='ocrx_word' id='word_1_406' title='bbox 1174 3968 1235 4022; x_wconf 85' lang='grc' dir='ltr'><strong>τὺ</strong></span> <span class='ocrx_word' id='word_1_407' title='bbox 1263 3966 1503 4037; x_wconf 84' lang='grc' dir='ltr'>ἀσφαλὲς</span> <span class='ocrx_word' id='word_1_408' title='bbox 1546 3968 1727 4021; x_wconf 76' lang='grc' dir='ltr'>αὐτῶν</span> <span class='ocrx_word' id='word_1_409' title='bbox 1775 3985 1927 4038; x_wconf 91' lang='grc' dir='ltr'>πορι-</span> 
     </span>
    </p>
   </div>
   <div class='ocr_carea' id='block_1_59' title="bbox 358 4057 1927 4136">
    <p class='ocr_par' dir='ltr' id='par_1_59' title="bbox 358 4057 1927 4136">
     <span class='ocr_line' id='line_1_59' title="bbox 358 4057 1927 4136; baseline -0.003 -18"><span class='ocrx_word' id='word_1_410' title='bbox 358 4064 581 4136; x_wconf 79' lang='grc' dir='ltr'>ζόμενος</span> <span class='ocrx_word' id='word_1_411' title='bbox 607 4079 620 4093; x_wconf 84' lang='grc'><em>’</em></span> <span class='ocrx_word' id='word_1_412' title='bbox 648 4063 723 4126; x_wconf 87' lang='grc' dir='ltr'><strong>ῶς</strong></span> <span class='ocrx_word' id='word_1_413' title='bbox 757 4062 812 4116; x_wconf 76' lang='grc' dir='ltr'>δὲ</span> <span class='ocrx_word' id='word_1_414' title='bbox 837 4063 865 4114; x_wconf 87' lang='grc' dir='ltr'><strong>ὁ</strong></span> <span class='ocrx_word' id='word_1_415' title='bbox 899 4062 999 4132; x_wconf 86' lang='grc' dir='ltr'>μὲν</span> <span class='ocrx_word' id='word_1_416' title='bbox 1036 4061 1317 4131; x_wconf 79' lang='grc' dir='ltr'>Σάρϐαρος</span> <span class='ocrx_word' id='word_1_417' title='bbox 1360 4059 1419 4126; x_wconf 76' lang='grc' dir='ltr'>ἐξ</span> <span class='ocrx_word' id='word_1_418' title='bbox 1468 4057 1630 4126; x_wconf 83' lang='grc' dir='ltr'>ὲῶας,</span> <span class='ocrx_word' id='word_1_419' title='bbox 1673 4059 1927 4127; x_wconf 85' lang='grc' dir='ltr'>Χαγάνος</span> 
     </span>
    </p>
   </div>
   <div class='ocr_carea' id='block_1_60' title="bbox 358 4148 1928 4223">
    <p class='ocr_par' dir='ltr' id='par_1_60' title="bbox 358 4148 1928 4223">
     <span class='ocr_line' id='line_1_60' title="bbox 358 4148 1928 4223; baseline -0.004 -15"><span class='ocrx_word' id='word_1_420' title='bbox 358 4154 412 4207; x_wconf 85' lang='grc' dir='ltr'>δὲ</span> <span class='ocrx_word' id='word_1_421' title='bbox 441 4154 548 4208; x_wconf 83' lang='grc' dir='ltr'>ἀπὸ</span> <span class='ocrx_word' id='word_1_422' title='bbox 580 4151 799 4222; x_wconf 84' lang='grc' dir='ltr'>δυσμῶν</span> <span class='ocrx_word' id='word_1_423' title='bbox 839 4150 1134 4223; x_wconf 79' lang='grc' dir='ltr'>πυρπολεῖν</span> <span class='ocrx_word' id='word_1_424' title='bbox 1161 4151 1231 4205; x_wconf 87' lang='grc' dir='ltr'><strong>τά</strong></span> <span class='ocrx_word' id='word_1_425' title='bbox 1268 4149 1428 4220; x_wconf 80' lang='grc' dir='ltr'>πέριξ</span> <span class='ocrx_word' id='word_1_426' title='bbox 1462 4148 1562 4219; x_wconf 77' lang='grc' dir='ltr'>τῆς</span> <span class='ocrx_word' id='word_1_427' title='bbox 1593 4150 1797 4215; x_wconf 83' lang='grc' dir='ltr'>πόλεως</span> <span class='ocrx_word' id='word_1_428' title='bbox 1828 4151 1928 4220; x_wconf 74' lang='grc' dir='ltr'><strong>ἦρ-</strong></span> 
     </span>
    </p>
   </div>
   <div class='ocr_carea' id='block_1_61' title="bbox 359 4238 1925 4315">
    <p class='ocr_par' dir='ltr' id='par_1_61' title="bbox 359 4238 1925 4315">
     <span class='ocr_line' id='line_1_61' title="bbox 359 4238 1925 4315; baseline -0.003 -18"><span class='ocrx_word' id='word_1_429' title='bbox 359 4260 513 4315; x_wconf 89' lang='grc' dir='ltr'>χοντο</span> <span class='ocrx_word' id='word_1_430' title='bbox 535 4258 548 4272; x_wconf 76' lang='grc'><strong><em>⁸</em></strong></span> <span class='ocrx_word' id='word_1_431' title='bbox 575 4245 603 4295; x_wconf 73' lang='lat'><strong>.5</strong></span> <span class='ocrx_word' id='word_1_432' title='bbox 640 4242 983 4315; x_wconf 75' lang='grc' dir='ltr'>πατριάρχης</span> <span class='ocrx_word' id='word_1_433' title='bbox 1002 4240 1099 4313; x_wconf 83' lang='grc' dir='ltr'>τὴν</span> <span class='ocrx_word' id='word_1_434' title='bbox 1132 4240 1540 4313; x_wconf 87' lang='grc' dir='ltr'>ἀχειροποίητον</span> <span class='ocrx_word' id='word_1_435' title='bbox 1567 4238 1660 4292; x_wconf 81' lang='grc' dir='ltr'>τοῦ</span> <span class='ocrx_word' id='word_1_436' title='bbox 1690 4239 1925 4312; x_wconf 85' lang='grc' dir='ltr'>Χριστοῦ</span> 
     </span>
    </p>
   </div>
   <div class='ocr_carea' id='block_1_62' title="bbox 360 4331 1926 4403">
    <p class='ocr_par' dir='ltr' id='par_1_62' title="bbox 360 4331 1926 4403">
     <span class='ocr_line' id='line_1_62' title="bbox 360 4331 1926 4403; baseline -0.002 -15"><span class='ocrx_word' id='word_1_437' title='bbox 360 4334 561 4401; x_wconf 75' lang='grc' dir='ltr'>εἰκόνα,</span> <span class='ocrx_word' id='word_1_438' title='bbox 591 4334 685 4387; x_wconf 77' lang='grc' dir='ltr'>καὶ</span> <span class='ocrx_word' id='word_1_439' title='bbox 712 4336 780 4387; x_wconf 85' lang='grc' dir='ltr'><strong>τά</strong></span> <span class='ocrx_word' id='word_1_440' title='bbox 804 4333 960 4403; x_wconf 89' lang='grc' dir='ltr'>τίμια</span> <span class='ocrx_word' id='word_1_441' title='bbox 1008 4334 1103 4387; x_wconf 73' lang='grc' dir='ltr'>καὶ</span> <span class='ocrx_word' id='word_1_442' title='bbox 1150 4332 1389 4396; x_wconf 78' lang='grc' dir='ltr'>ζωοποιά</span> <span class='ocrx_word' id='word_1_443' title='bbox 1420 4332 1571 4398; x_wconf 82' lang='grc' dir='ltr'>ξύλα,</span> <span class='ocrx_word' id='word_1_444' title='bbox 1602 4332 1825 4403; x_wconf 82' lang='grc' dir='ltr'>προσέτι</span> <span class='ocrx_word' id='word_1_445' title='bbox 1869 4331 1926 4385; x_wconf 86' lang='grc' dir='ltr'>δὲ</span> 
     </span>
    </p>
   </div>
   <div class='ocr_carea' id='block_1_63' title="bbox 2023 1851 3596 1923">
    <p class='ocr_par' dir='ltr' id='par_1_63' title="bbox 2023 1851 3596 1923">
     <span class='ocr_line' id='line_1_63' title="bbox 2023 1851 3596 1923; baseline 0.004 -17"><span class='ocrx_word' id='word_1_446' title='bbox 2023 1851 2182 1918; x_wconf 90' lang='lat' dir='ltr'><strong>latur,</strong></span> <span class='ocrx_word' id='word_1_447' title='bbox 2218 1861 2273 1907; x_wconf 90' lang='lat' dir='ltr'><strong>et</strong></span> <span class='ocrx_word' id='word_1_448' title='bbox 2302 1854 2591 1920; x_wconf 83' lang='lat' dir='ltr'><strong>exscindit,</strong></span> <span class='ocrx_word' id='word_1_449' title='bbox 2633 1854 2919 1923; x_wconf 89' lang='lat' dir='ltr'><strong>ipsumque</strong></span> <span class='ocrx_word' id='word_1_450' title='bbox 2964 1855 3261 1910; x_wconf 85' lang='lat' dir='ltr'><strong>Chosroem</strong></span> <span class='ocrx_word' id='word_1_451' title='bbox 3309 1871 3433 1911; x_wconf 90' lang='lat' dir='ltr'><strong>cum</strong></span> <span class='ocrx_word' id='word_1_452' title='bbox 3466 1858 3596 1912; x_wconf 90' lang='lat' dir='ltr'><strong>reli-</strong></span> 
     </span>
    </p>
   </div>
   <div class='ocr_carea' id='block_1_64' title="bbox 2022 1945 3593 2020">
    <p class='ocr_par' dir='ltr' id='par_1_64' title="bbox 2022 1945 3593 2020">
     <span class='ocr_line' id='line_1_64' title="bbox 2022 1945 3593 2020; baseline 0.004 -22"><span class='ocrx_word' id='word_1_453' title='bbox 2022 1960 2130 2014; x_wconf 90' lang='lat' dir='ltr'><strong>quo</strong></span> <span class='ocrx_word' id='word_1_454' title='bbox 2175 1945 2419 2000; x_wconf 83' lang='lat' dir='ltr'><strong>exercitu</strong></span> <span class='ocrx_word' id='word_1_455' title='bbox 2489 1947 2700 2016; x_wconf 89' lang='lat' dir='ltr'><strong>potenti</strong></span> <span class='ocrx_word' id='word_1_456' title='bbox 2758 1962 2920 2000; x_wconf 90' lang='lat' dir='ltr'><strong>manu</strong></span> <span class='ocrx_word' id='word_1_457' title='bbox 2970 1946 3169 2011; x_wconf 80' lang='lat' dir='ltr'><strong>fundit,</strong></span> <span class='ocrx_word' id='word_1_458' title='bbox 3226 1957 3283 2003; x_wconf 88' lang='lat' dir='ltr'><strong>et</strong></span> <span class='ocrx_word' id='word_1_459' title='bbox 3326 1948 3593 2020; x_wconf 84' lang='lat' dir='ltr'><strong>proﬂigat.</strong></span> 
     </span>
    </p>
   </div>
   <div class='ocr_carea' id='block_1_65' title="bbox 2022 2034 3599 2110">
    <p class='ocr_par' dir='ltr' id='par_1_65' title="bbox 2022 2034 3599 2110">
     <span class='ocr_line' id='line_1_65' title="bbox 2022 2034 3599 2110; baseline 0.004 -21"><span class='ocrx_word' id='word_1_460' title='bbox 2022 2034 2140 2091; x_wconf 88' lang='lat' dir='ltr'><strong>Non</strong></span> <span class='ocrx_word' id='word_1_461' title='bbox 2180 2036 2272 2091; x_wconf 87' lang='lat' dir='ltr'><strong>diu</strong></span> <span class='ocrx_word' id='word_1_462' title='bbox 2314 2047 2437 2108; x_wconf 91' lang='lat' dir='ltr'><strong>post</strong></span> <span class='ocrx_word' id='word_1_463' title='bbox 2481 2037 2687 2103; x_wconf 91' lang='lat' dir='ltr'><strong>Siroes,</strong></span> <span class='ocrx_word' id='word_1_464' title='bbox 2718 2038 2860 2093; x_wconf 84' lang='lat' dir='ltr'><strong>[ilius</strong></span> <span class='ocrx_word' id='word_1_465' title='bbox 2906 2038 3183 2105; x_wconf 88' lang='lat' dir='ltr'><strong>Chosrois,</strong></span> <span class='ocrx_word' id='word_1_466' title='bbox 3208 2054 3336 2094; x_wconf 85' lang='lat' dir='ltr'><strong>cum</strong></span> <span class='ocrx_word' id='word_1_467' title='bbox 3382 2056 3413 2094; x_wconf 93' lang='lat' dir='ltr'><strong>a</strong></span> <span class='ocrx_word' id='word_1_468' title='bbox 3444 2049 3599 2110; x_wconf 87' lang='lat' dir='ltr'><strong>patre</strong></span> 
     </span>
    </p>
   </div>
   <div class='ocr_carea' id='block_1_66' title="bbox 2023 2127 3595 2203">
    <p class='ocr_par' dir='ltr' id='par_1_66' title="bbox 2023 2127 3595 2203">
     <span class='ocr_line' id='line_1_66' title="bbox 2023 2127 3595 2203; baseline 0.003 -20"><span class='ocrx_word' id='word_1_469' title='bbox 2023 2127 2350 2196; x_wconf 83' lang='lat' dir='ltr'><strong>defecisset,</strong></span> <span class='ocrx_word' id='word_1_470' title='bbox 2408 2144 2633 2200; x_wconf 77' lang='lat' dir='ltr'><strong>regnum</strong></span> <span class='ocrx_word' id='word_1_471' title='bbox 2688 2130 2790 2185; x_wconf 90' lang='lat' dir='ltr'><strong>sibi</strong></span> <span class='ocrx_word' id='word_1_472' title='bbox 2835 2131 3095 2198; x_wconf 85' lang='lat' dir='ltr'><strong>vindicat,</strong></span> <span class='ocrx_word' id='word_1_473' title='bbox 3165 2139 3221 2186; x_wconf 90' lang='lat' dir='ltr'><strong>et</strong></span> <span class='ocrx_word' id='word_1_474' title='bbox 3264 2131 3595 2203; x_wconf 90' lang='lat' dir='ltr'><strong>interempto</strong></span> 
     </span>
    </p>
   </div>
   <div class='ocr_carea' id='block_1_67' title="bbox 2024 2219 3597 2295">
    <p class='ocr_par' dir='ltr' id='par_1_67' title="bbox 2024 2219 3597 2295">
     <span class='ocr_line' id='line_1_67' title="bbox 2024 2219 3597 2295; baseline 0.005 -22"><span class='ocrx_word' id='word_1_475' title='bbox 2024 2228 2177 2289; x_wconf 88' lang='lat' dir='ltr'><strong>patre</strong></span> <span class='ocrx_word' id='word_1_476' title='bbox 2225 2219 2407 2276; x_wconf 67' lang='lat' dir='ltr'><strong>{cadus</strong></span> <span class='ocrx_word' id='word_1_477' title='bbox 2461 2238 2583 2275; x_wconf 90' lang='lat' dir='ltr'><strong>cum</strong></span> <span class='ocrx_word' id='word_1_478' title='bbox 2616 2222 2866 2277; x_wconf 84' lang='lat' dir='ltr'><strong>Heraclio</strong></span> <span class='ocrx_word' id='word_1_479' title='bbox 2915 2223 3035 2277; x_wconf 90' lang='lat' dir='ltr'><strong>init.</strong></span> <span class='ocrx_word' id='word_1_480' title='bbox 3098 2224 3385 2295; x_wconf 84' lang='lat' dir='ltr'><strong>Chaganus</strong></span> <span class='ocrx_word' id='word_1_481' title='bbox 3412 2234 3597 2281; x_wconf 86' lang='lat' dir='ltr'><strong>autem</strong></span> 
     </span>
    </p>
   </div>
   <div class='ocr_carea' id='block_1_68' title="bbox 2024 2310 3596 2383">
    <p class='ocr_par' dir='ltr' id='par_1_68' title="bbox 2024 2310 3596 2383">
     <span class='ocr_line' id='line_1_68' title="bbox 2024 2310 3596 2383; baseline 0.006 -20"><span class='ocrx_word' id='word_1_482' title='bbox 2024 2310 2291 2381; x_wconf 83' lang='lat' dir='ltr'><strong>Mysorum</strong></span> <span class='ocrx_word' id='word_1_483' title='bbox 2322 2322 2377 2366; x_wconf 89' lang='lat' dir='ltr'><strong>et</strong></span> <span class='ocrx_word' id='word_1_484' title='bbox 2404 2312 2728 2383; x_wconf 83' lang='lat' dir='ltr'><strong>Scytharum</strong></span> <span class='ocrx_word' id='word_1_485' title='bbox 2758 2314 2889 2382; x_wconf 84' lang='lat' dir='ltr'><strong>dux,</strong></span> <span class='ocrx_word' id='word_1_486' title='bbox 2919 2330 3043 2370; x_wconf 91' lang='lat' dir='ltr'><strong>cum</strong></span> <span class='ocrx_word' id='word_1_487' title='bbox 3080 2316 3432 2372; x_wconf 79' lang='lat' dir='ltr'><strong>intellexisset</strong></span> <span class='ocrx_word' id='word_1_488' title='bbox 3490 2317 3596 2372; x_wconf 88' lang='lat' dir='ltr'><strong>im-</strong></span> 
     </span>
    </p>
   </div>
   <div class='ocr_carea' id='block_1_69' title="bbox 2024 2404 3597 2477">
    <p class='ocr_par' dir='ltr' id='par_1_69' title="bbox 2024 2404 3597 2477">
     <span class='ocr_line' id='line_1_69' title="bbox 2024 2404 3597 2477; baseline 0.003 -20"><span class='ocrx_word' id='word_1_489' title='bbox 2024 2412 2327 2473; x_wconf 90' lang='lat' dir='ltr'><strong>peratorem</strong></span> <span class='ocrx_word' id='word_1_490' title='bbox 2387 2405 2521 2457; x_wconf 90' lang='lat' dir='ltr'><strong>mari</strong></span> <span class='ocrx_word' id='word_1_491' title='bbox 2558 2405 2615 2467; x_wconf 85' lang='lat' dir='ltr'><strong>in</strong></span> <span class='ocrx_word' id='word_1_492' title='bbox 2645 2404 2836 2461; x_wconf 78' lang='lat' dir='ltr'><strong>Persas</strong></span> <span class='ocrx_word' id='word_1_493' title='bbox 2892 2406 3197 2475; x_wconf 81' lang='lat' dir='ltr'><strong>profectum</strong></span> <span class='ocrx_word' id='word_1_494' title='bbox 3242 2420 3385 2472; x_wconf 88' lang='lat' dir='ltr'><strong>esse,</strong></span> <span class='ocrx_word' id='word_1_495' title='bbox 3420 2407 3597 2477; x_wconf 90' lang='lat' dir='ltr'><strong>ruptis</strong></span> 
     </span>
    </p>
   </div>
   <div class='ocr_carea' id='block_1_70' title="bbox 2022 2493 3596 2565">
    <p class='ocr_par' dir='ltr' id='par_1_70' title="bbox 2022 2493 3596 2565">
     <span class='ocr_line' id='line_1_70' title="bbox 2022 2493 3596 2565; baseline 0.001 -16"><span class='ocrx_word' id='word_1_496' title='bbox 2022 2510 2142 2565; x_wconf 68' lang='lat' dir='ltr'><strong>qua:</strong></span> <span class='ocrx_word' id='word_1_497' title='bbox 2171 2511 2293 2550; x_wconf 88' lang='lat' dir='ltr'><strong>cum</strong></span> <span class='ocrx_word' id='word_1_498' title='bbox 2329 2493 2589 2549; x_wconf 81' lang='lat' dir='ltr'><strong>Romanis</strong></span> <span class='ocrx_word' id='word_1_499' title='bbox 2636 2495 2857 2563; x_wconf 88' lang='lat' dir='ltr'><strong>inierat,</strong></span> <span class='ocrx_word' id='word_1_500' title='bbox 2889 2496 3209 2562; x_wconf 67' lang='lat' dir='ltr'><strong>fuaderibus,</strong></span> <span class='ocrx_word' id='word_1_501' title='bbox 3256 2507 3313 2551; x_wconf 88' lang='lat' dir='ltr'><strong>et</strong></span> <span class='ocrx_word' id='word_1_502' title='bbox 3346 2496 3596 2551; x_wconf 88' lang='lat' dir='ltr'><strong>innume-</strong></span> 
     </span>
    </p>
   </div>
   <div class='ocr_carea' id='block_1_71' title="bbox 2024 2586 3596 2659">
    <p class='ocr_par' dir='ltr' id='par_1_71' title="bbox 2024 2586 3596 2659">
     <span class='ocr_line' id='line_1_71' title="bbox 2024 2586 3596 2659; baseline 0.003 -18"><span class='ocrx_word' id='word_1_503' title='bbox 2024 2586 2283 2641; x_wconf 88' lang='lat' dir='ltr'><strong>rabilibus</strong></span> <span class='ocrx_word' id='word_1_504' title='bbox 2330 2586 2505 2656; x_wconf 86' lang='lat' dir='ltr'><strong>copiis</strong></span> <span class='ocrx_word' id='word_1_505' title='bbox 2550 2588 2814 2654; x_wconf 86' lang='lat' dir='ltr'><strong>collectis,</strong></span> <span class='ocrx_word' id='word_1_506' title='bbox 2869 2605 2966 2659; x_wconf 90' lang='lat' dir='ltr'><strong>per</strong></span> <span class='ocrx_word' id='word_1_507' title='bbox 3000 2599 3184 2659; x_wconf 91' lang='lat' dir='ltr'><strong>partes</strong></span> <span class='ocrx_word' id='word_1_508' title='bbox 3220 2587 3596 2645; x_wconf 88' lang='lat' dir='ltr'><strong>Occidentales</strong></span> 
     </span>
    </p>
   </div>
   <div class='ocr_carea' id='block_1_72' title="bbox 2024 2677 3595 2750">
    <p class='ocr_par' dir='ltr' id='par_1_72' title="bbox 2024 2677 3595 2750">
     <span class='ocr_line' id='line_1_72' title="bbox 2024 2677 3595 2750; baseline 0.001 -17"><span class='ocrx_word' id='word_1_509' title='bbox 2024 2677 2554 2747; x_wconf 84' lang='lat' dir='ltr'><strong>Constantinopolim</strong></span> <span class='ocrx_word' id='word_1_510' title='bbox 2577 2679 2907 2750; x_wconf 72' lang='lat' dir='ltr'><strong>aggreditur,</strong></span> <span class='ocrx_word' id='word_1_511' title='bbox 2954 2680 3114 2749; x_wconf 84' lang='lat' dir='ltr'><strong>jactis</strong></span> <span class='ocrx_word' id='word_1_512' title='bbox 3141 2680 3325 2735; x_wconf 89' lang='lat' dir='ltr'><strong>multis</strong></span> <span class='ocrx_word' id='word_1_513' title='bbox 3350 2681 3408 2735; x_wconf 89' lang='lat' dir='ltr'><strong>in</strong></span> <span class='ocrx_word' id='word_1_514' title='bbox 3425 2678 3595 2736; x_wconf 88' lang='lat' dir='ltr'><strong>Deum</strong></span> 
     </span>
    </p>
   </div>
   <div class='ocr_carea' id='block_1_73' title="bbox 2024 2769 3596 2842">
    <p class='ocr_par' dir='ltr' id='par_1_73' title="bbox 2024 2769 3596 2842">
     <span class='ocr_line' id='line_1_73' title="bbox 2024 2769 3596 2842; baseline 0.002 -19"><span class='ocrx_word' id='word_1_515' title='bbox 2024 2769 2395 2839; x_wconf 78' lang='lat' dir='ltr'><strong>blaSphemiis.</strong></span> <span class='ocrx_word' id='word_1_516' title='bbox 2428 2769 2613 2839; x_wconf 86' lang='lat' dir='ltr'><strong>Itaque</strong></span> <span class='ocrx_word' id='word_1_517' title='bbox 2660 2772 2955 2842; x_wconf 85' lang='lat' dir='ltr'><strong>derepente</strong></span> <span class='ocrx_word' id='word_1_518' title='bbox 2992 2787 3141 2828; x_wconf 90' lang='lat' dir='ltr'><strong>mare</strong></span> <span class='ocrx_word' id='word_1_519' title='bbox 3186 2773 3405 2842; x_wconf 87' lang='lat' dir='ltr'><strong>quidem</strong></span> <span class='ocrx_word' id='word_1_520' title='bbox 3443 2773 3596 2828; x_wconf 89' lang='lat' dir='ltr'><strong>navi-</strong></span> 
     </span>
    </p>
   </div>
   <div class='ocr_carea' id='block_1_74' title="bbox 2022 2862 3595 2936">
    <p class='ocr_par' dir='ltr' id='par_1_74' title="bbox 2022 2862 3595 2936">
     <span class='ocr_line' id='line_1_74' title="bbox 2022 2862 3595 2936; baseline 0.001 -17"><span class='ocrx_word' id='word_1_521' title='bbox 2022 2863 2126 2919; x_wconf 89' lang='lat' dir='ltr'><strong>bus</strong></span> <span class='ocrx_word' id='word_1_522' title='bbox 2154 2863 2372 2933; x_wconf 89' lang='lat' dir='ltr'><strong>plenum</strong></span> <span class='ocrx_word' id='word_1_523' title='bbox 2405 2862 2526 2929; x_wconf 86' lang='lat' dir='ltr'><strong>fuit,</strong></span> <span class='ocrx_word' id='word_1_524' title='bbox 2564 2872 2705 2918; x_wconf 88' lang='lat' dir='ltr'><strong>terra</strong></span> <span class='ocrx_word' id='word_1_525' title='bbox 2738 2863 3012 2934; x_wconf 83' lang='lat' dir='ltr'><strong>peditibus</strong></span> <span class='ocrx_word' id='word_1_526' title='bbox 3089 2865 3470 2936; x_wconf 88' lang='lat' dir='ltr'><strong>equitibusque</strong></span> <span class='ocrx_word' id='word_1_527' title='bbox 3509 2866 3595 2921; x_wconf 85' lang='lat' dir='ltr'><strong>in-</strong></span> 
     </span>
    </p>
   </div>
   <div class='ocr_carea' id='block_1_75' title="bbox 2026 2956 3595 3028">
    <p class='ocr_par' dir='ltr' id='par_1_75' title="bbox 2026 2956 3595 3028">
     <span class='ocr_line' id='line_1_75' title="bbox 2026 2956 3595 3028; baseline 0.003 -18"><span class='ocrx_word' id='word_1_528' title='bbox 2026 2956 2212 3012; x_wconf 82' lang='lat' dir='ltr'><strong>(initis.</strong></span> <span class='ocrx_word' id='word_1_529' title='bbox 2236 2956 2456 3028; x_wconf 83' lang='lat' dir='ltr'><strong>Sergius</strong></span> <span class='ocrx_word' id='word_1_530' title='bbox 2489 2966 2672 3012; x_wconf 90' lang='lat' dir='ltr'><strong>autem</strong></span> <span class='ocrx_word' id='word_1_531' title='bbox 2720 2958 3024 3027; x_wconf 87' lang='lat' dir='ltr'><strong>patriarcha</strong></span> <span class='ocrx_word' id='word_1_532' title='bbox 3078 2958 3230 3014; x_wconf 80' lang='lat' dir='ltr'><strong>valde</strong></span> <span class='ocrx_word' id='word_1_533' title='bbox 3280 2958 3595 3015; x_wconf 86' lang='lat' dir='ltr'><strong>Constanti-</strong></span> 
     </span>
    </p>
   </div>
   <div class='ocr_carea' id='block_1_76' title="bbox 2024 3048 3595 3121">
    <p class='ocr_par' dir='ltr' id='par_1_76' title="bbox 2024 3048 3595 3121">
     <span class='ocr_line' id='line_1_76' title="bbox 2024 3048 3595 3121; baseline 0.003 -19"><span class='ocrx_word' id='word_1_534' title='bbox 2024 3048 2373 3117; x_wconf 89' lang='lat' dir='ltr'><strong>nopolitanos</strong></span> <span class='ocrx_word' id='word_1_535' title='bbox 2410 3049 2616 3103; x_wconf 86' lang='lat' dir='ltr'><strong>incolas</strong></span> <span class='ocrx_word' id='word_1_536' title='bbox 2640 3051 2990 3117; x_wconf 87' lang='lat' dir='ltr'><strong>admonebat,</strong></span> <span class='ocrx_word' id='word_1_537' title='bbox 3019 3066 3089 3104; x_wconf 91' lang='lat' dir='ltr'><strong>ne</strong></span> <span class='ocrx_word' id='word_1_538' title='bbox 3132 3051 3344 3107; x_wconf 87' lang='lat' dir='ltr'><strong>animos</strong></span> <span class='ocrx_word' id='word_1_539' title='bbox 3368 3052 3595 3121; x_wconf 89' lang='lat' dir='ltr'><strong>despon-</strong></span> 
     </span>
    </p>
   </div>
   <div class='ocr_carea' id='block_1_77' title="bbox 2024 3140 3593 3212">
    <p class='ocr_par' dir='ltr' id='par_1_77' title="bbox 2024 3140 3593 3212">
     <span class='ocr_line' id='line_1_77' title="bbox 2024 3140 3593 3212; baseline 0.003 -17"><span class='ocrx_word' id='word_1_540' title='bbox 2024 3140 2247 3208; x_wconf 85' lang='lat' dir='ltr'><strong>derent;</strong></span> <span class='ocrx_word' id='word_1_541' title='bbox 2287 3141 2381 3196; x_wconf 88' lang='lat' dir='ltr'><strong>sed</strong></span> <span class='ocrx_word' id='word_1_542' title='bbox 2414 3157 2631 3195; x_wconf 88' lang='lat' dir='ltr'><strong>omnem</strong></span> <span class='ocrx_word' id='word_1_543' title='bbox 2667 3143 2849 3212; x_wconf 89' lang='lat' dir='ltr'><strong>potius</strong></span> <span class='ocrx_word' id='word_1_544' title='bbox 2894 3158 3046 3212; x_wconf 89' lang='lat' dir='ltr'><strong>spem</strong></span> <span class='ocrx_word' id='word_1_545' title='bbox 3084 3158 3236 3198; x_wconf 88' lang='lat' dir='ltr'><strong>suam</strong></span> <span class='ocrx_word' id='word_1_546' title='bbox 3294 3159 3363 3198; x_wconf 81' lang='lat' dir='ltr'><strong>ex</strong></span> <span class='ocrx_word' id='word_1_547' title='bbox 3401 3145 3593 3201; x_wconf 91' lang='lat' dir='ltr'><strong>intimo</strong></span> 
     </span>
    </p>
   </div>
   <div class='ocr_carea' id='block_1_78' title="bbox 2026 3233 3593 3301">
    <p class='ocr_par' dir='ltr' id='par_1_78' title="bbox 2026 3233 3593 3301">
     <span class='ocr_line' id='line_1_78' title="bbox 2026 3233 3593 3301; baseline 0.003 -14"><span class='ocrx_word' id='word_1_548' title='bbox 2026 3233 2226 3288; x_wconf 81' lang='lat' dir='ltr'><strong>mentis</strong></span> <span class='ocrx_word' id='word_1_549' title='bbox 2276 3248 2438 3288; x_wconf 90' lang='lat' dir='ltr'><strong>sensu</strong></span> <span class='ocrx_word' id='word_1_550' title='bbox 2472 3234 2528 3287; x_wconf 91' lang='lat' dir='ltr'><strong>in</strong></span> <span class='ocrx_word' id='word_1_551' title='bbox 2562 3234 2693 3301; x_wconf 89' lang='lat' dir='ltr'><strong>Deo,</strong></span> <span class='ocrx_word' id='word_1_552' title='bbox 2743 3243 2798 3289; x_wconf 89' lang='lat' dir='ltr'><strong>et</strong></span> <span class='ocrx_word' id='word_1_553' title='bbox 2840 3234 2894 3288; x_wconf 91' lang='lat' dir='ltr'><strong>in</strong></span> <span class='ocrx_word' id='word_1_554' title='bbox 2938 3235 3211 3290; x_wconf 87' lang='lat' dir='ltr'><strong>Cenitrice</strong></span> <span class='ocrx_word' id='word_1_555' title='bbox 3251 3234 3593 3292; x_wconf 85' lang='lat' dir='ltr'><strong>immaculata</strong></span> 
     </span>
    </p>
   </div>
   <div class='ocr_carea' id='block_1_79' title="bbox 2027 3324 3591 3396">
    <p class='ocr_par' dir='ltr' id='par_1_79' title="bbox 2027 3324 3591 3396">
     <span class='ocr_line' id='line_1_79' title="bbox 2027 3324 3591 3396; baseline 0.002 -18"><span class='ocrx_word' id='word_1_556' title='bbox 2027 3324 2251 3394; x_wconf 88' lang='lat' dir='ltr'><strong>Deipara</strong></span> <span class='ocrx_word' id='word_1_557' title='bbox 2283 3324 2631 3379; x_wconf 87' lang='lat' dir='ltr'><strong>collocarent.</strong></span> <span class='ocrx_word' id='word_1_558' title='bbox 2667 3324 2831 3395; x_wconf 86' lang='lat' dir='ltr'><strong>Atqui</strong></span> <span class='ocrx_word' id='word_1_559' title='bbox 2865 3332 2920 3380; x_wconf 92' lang='lat' dir='ltr'><strong>et</strong></span> <span class='ocrx_word' id='word_1_560' title='bbox 2950 3324 3147 3393; x_wconf 90' lang='lat' dir='ltr'><strong>Bonus,</strong></span> <span class='ocrx_word' id='word_1_561' title='bbox 3180 3326 3274 3396; x_wconf 90' lang='lat' dir='ltr'><strong>qui</strong></span> <span class='ocrx_word' id='word_1_562' title='bbox 3299 3337 3427 3382; x_wconf 87' lang='lat' dir='ltr'><strong>tunc</strong></span> <span class='ocrx_word' id='word_1_563' title='bbox 3457 3327 3591 3383; x_wconf 83' lang='lat' dir='ltr'><strong>civi—</strong></span> 
     </span>
    </p>
   </div>
   <div class='ocr_carea' id='block_1_80' title="bbox 2026 3418 3593 3488">
    <p class='ocr_par' dir='ltr' id='par_1_80' title="bbox 2026 3418 3593 3488">
     <span class='ocr_line' id='line_1_80' title="bbox 2026 3418 3593 3488; baseline 0.003 -16"><span class='ocrx_word' id='word_1_564' title='bbox 2026 3418 2121 3472; x_wconf 87' lang='lat' dir='ltr'><strong>tati</strong></span> <span class='ocrx_word' id='word_1_565' title='bbox 2158 3425 2406 3488; x_wconf 60' lang='lat' dir='ltr'><strong>praeerat,</strong></span> <span class='ocrx_word' id='word_1_566' title='bbox 2439 3433 2501 3471; x_wconf 91' lang='lat' dir='ltr'><strong>ea</strong></span> <span class='ocrx_word' id='word_1_567' title='bbox 2521 3433 2640 3487; x_wconf 69' lang='lat' dir='ltr'><strong>quae</strong></span> <span class='ocrx_word' id='word_1_568' title='bbox 2681 3418 3067 3488; x_wconf 85' lang='lat' dir='ltr'><strong>propulsandis</strong></span> <span class='ocrx_word' id='word_1_569' title='bbox 3115 3419 3365 3475; x_wconf 91' lang='lat' dir='ltr'><strong>hostibus</strong></span> <span class='ocrx_word' id='word_1_570' title='bbox 3399 3435 3593 3476; x_wconf 87' lang='lat' dir='ltr'><strong>neces-</strong></span> 
     </span>
    </p>
   </div>
   <div class='ocr_carea' id='block_1_81' title="bbox 2025 3511 3591 3581">
    <p class='ocr_par' dir='ltr' id='par_1_81' title="bbox 2025 3511 3591 3581">
     <span class='ocr_line' id='line_1_81' title="bbox 2025 3511 3591 3581; baseline 0.001 -15"><span class='ocrx_word' id='word_1_571' title='bbox 2025 3512 2167 3566; x_wconf 87' lang='lat' dir='ltr'><strong>saria</strong></span> <span class='ocrx_word' id='word_1_572' title='bbox 2209 3521 2382 3576; x_wconf 88' lang='lat' dir='ltr'><strong>erant,</strong></span> <span class='ocrx_word' id='word_1_573' title='bbox 2435 3512 2791 3581; x_wconf 75' lang='lat' dir='ltr'><strong>pneparabat.</strong></span> <span class='ocrx_word' id='word_1_574' title='bbox 2849 3511 3077 3581; x_wconf 83' lang='lat' dir='ltr'><strong>Oportet</strong></span> <span class='ocrx_word' id='word_1_575' title='bbox 3124 3512 3270 3568; x_wconf 90' lang='lat' dir='ltr'><strong>enim</strong></span> <span class='ocrx_word' id='word_1_576' title='bbox 3298 3555 3311 3579; x_wconf 92' lang='lat'><strong>,</strong></span> <span class='ocrx_word' id='word_1_577' title='bbox 3357 3523 3417 3569; x_wconf 92' lang='lat' dir='ltr'><strong>ut</strong></span> <span class='ocrx_word' id='word_1_578' title='bbox 3466 3529 3591 3567; x_wconf 90' lang='lat' dir='ltr'><strong>cum</strong></span> 
     </span>
    </p>
   </div>
   <div class='ocr_carea' id='block_1_82' title="bbox 2025 3603 3594 3677">
    <p class='ocr_par' dir='ltr' id='par_1_82' title="bbox 2025 3603 3594 3677">
     <span class='ocr_line' id='line_1_82' title="bbox 2025 3603 3594 3677; baseline 0.001 -18"><span class='ocrx_word' id='word_1_579' title='bbox 2025 3604 2231 3659; x_wconf 82' lang='lat' dir='ltr'><strong>caelesti</strong></span> <span class='ocrx_word' id='word_1_580' title='bbox 2270 3603 2471 3658; x_wconf 82' lang='lat' dir='ltr'><strong>auxilio</strong></span> <span class='ocrx_word' id='word_1_581' title='bbox 2509 3619 2609 3659; x_wconf 92' lang='lat' dir='ltr'><strong>nos</strong></span> <span class='ocrx_word' id='word_1_582' title='bbox 2646 3604 2808 3660; x_wconf 88' lang='lat' dir='ltr'><strong>etiam</strong></span> <span class='ocrx_word' id='word_1_583' title='bbox 2840 3605 3079 3660; x_wconf 90' lang='lat' dir='ltr'><strong>studium</strong></span> <span class='ocrx_word' id='word_1_584' title='bbox 3160 3615 3223 3675; x_wconf 32' lang='lat' dir='ltr'><strong>et.</strong></span> <span class='ocrx_word' id='word_1_585' title='bbox 3251 3620 3469 3677; x_wconf 90' lang='lat' dir='ltr'><strong>operam</strong></span> <span class='ocrx_word' id='word_1_586' title='bbox 3490 3621 3594 3661; x_wconf 83' lang='lat' dir='ltr'><strong>n0-</strong></span> 
     </span>
    </p>
   </div>
   <div class='ocr_carea' id='block_1_83' title="bbox 2024 3696 2623 3767">
    <p class='ocr_par' dir='ltr' id='par_1_83' title="bbox 2024 3696 2623 3767">
     <span class='ocr_line' id='line_1_83' title="bbox 2024 3696 2623 3767; baseline 0 -16"><span class='ocrx_word' id='word_1_587' title='bbox 2024 3706 2188 3751; x_wconf 88' lang='lat' dir='ltr'><strong>stram</strong></span> <span class='ocrx_word' id='word_1_588' title='bbox 2215 3696 2623 3767; x_wconf 82' lang='lat' dir='ltr'><strong>conjungamus.</strong></span> 
     </span>
    </p>
   </div>
   <div class='ocr_carea' id='block_1_84' title="bbox 2095 3788 3563 3862">
    <p class='ocr_par' dir='ltr' id='par_1_84' title="bbox 2095 3788 3563 3862">
     <span class='ocr_line' id='line_1_84' title="bbox 2095 3788 3563 3862; baseline 0.002 -20"><span class='ocrx_word' id='word_1_589' title='bbox 2095 3788 2405 3843; x_wconf 77' lang='lat' dir='ltr'><strong>Patriarcha</strong></span> <span class='ocrx_word' id='word_1_590' title='bbox 2446 3799 2659 3854; x_wconf 89' lang='lat' dir='ltr'><strong>autem,</strong></span> <span class='ocrx_word' id='word_1_591' title='bbox 2700 3788 2940 3860; x_wconf 90' lang='lat' dir='ltr'><strong>acceptis</strong></span> <span class='ocrx_word' id='word_1_592' title='bbox 2969 3789 3313 3860; x_wconf 87' lang='lat' dir='ltr'><strong>Deiparentis</strong></span> <span class='ocrx_word' id='word_1_593' title='bbox 3345 3790 3563 3862; x_wconf 83' lang='lat' dir='ltr'><strong>imagini</strong></span> 
     </span>
    </p>
   </div>
   <div class='ocr_carea' id='block_1_85' title="bbox 2024 3880 3599 3953">
    <p class='ocr_par' dir='ltr' id='par_1_85' title="bbox 2024 3880 3599 3953">
     <span class='ocr_line' id='line_1_85' title="bbox 2024 3880 3599 3953; baseline 0.003 -19"><span class='ocrx_word' id='word_1_594' title='bbox 2024 3880 2149 3944; x_wconf 85' lang='lat' dir='ltr'><strong>bus,</strong></span> <span class='ocrx_word' id='word_1_595' title='bbox 2195 3895 2318 3935; x_wconf 90' lang='lat' dir='ltr'><strong>cum</strong></span> <span class='ocrx_word' id='word_1_596' title='bbox 2358 3881 2505 3935; x_wconf 92' lang='lat' dir='ltr'><strong>omni</strong></span> <span class='ocrx_word' id='word_1_597' title='bbox 2541 3881 2889 3937; x_wconf 89' lang='lat' dir='ltr'><strong>multitudine</strong></span> <span class='ocrx_word' id='word_1_598' title='bbox 2918 3886 3117 3938; x_wconf 56' lang='lat' dir='ltr'><strong>moenia</strong></span> <span class='ocrx_word' id='word_1_599' title='bbox 3142 3898 3377 3953; x_wconf 89' lang='lat' dir='ltr'><strong>superne</strong></span> <span class='ocrx_word' id='word_1_600' title='bbox 3405 3884 3599 3939; x_wconf 90' lang='lat' dir='ltr'><strong>circui-</strong></span> 
     </span>
    </p>
   </div>
   <div class='ocr_carea' id='block_1_86' title="bbox 2025 3970 3592 4045">
    <p class='ocr_par' dir='ltr' id='par_1_86' title="bbox 2025 3970 3592 4045">
     <span class='ocr_line' id='line_1_86' title="bbox 2025 3970 3592 4045; baseline 0.002 -19"><span class='ocrx_word' id='word_1_601' title='bbox 2025 3971 2137 4039; x_wconf 86' lang='lat' dir='ltr'><strong>bat,</strong></span> <span class='ocrx_word' id='word_1_602' title='bbox 2190 3970 2316 4026; x_wconf 92' lang='lat' dir='ltr'><strong>binc</strong></span> <span class='ocrx_word' id='word_1_603' title='bbox 2363 3971 2468 4026; x_wconf 92' lang='lat' dir='ltr'><strong>illis</strong></span> <span class='ocrx_word' id='word_1_604' title='bbox 2518 3973 2829 4041; x_wconf 80' lang='lat' dir='ltr'><strong>praesidium</strong></span> <span class='ocrx_word' id='word_1_605' title='bbox 2882 3982 2937 4027; x_wconf 91' lang='lat' dir='ltr'><strong>et</strong></span> <span class='ocrx_word' id='word_1_606' title='bbox 2991 3974 3220 4028; x_wconf 89' lang='lat' dir='ltr'><strong>salutem</strong></span> <span class='ocrx_word' id='word_1_607' title='bbox 3257 3989 3592 4045; x_wconf 85' lang='lat' dir='ltr'><strong>comparans.</strong></span> 
     </span>
    </p>
   </div>
   <div class='ocr_carea' id='block_1_87' title="bbox 2026 4061 3597 4138">
    <p class='ocr_par' dir='ltr' id='par_1_87' title="bbox 2026 4061 3597 4138">
     <span class='ocr_line' id='line_1_87' title="bbox 2026 4061 3597 4138; baseline 0.003 -21"><span class='ocrx_word' id='word_1_608' title='bbox 2026 4061 2098 4117; x_wconf 92' lang='lat' dir='ltr'><strong>Ut</strong></span> <span class='ocrx_word' id='word_1_609' title='bbox 2143 4078 2275 4118; x_wconf 87' lang='lat' dir='ltr'><strong>vero</strong></span> <span class='ocrx_word' id='word_1_610' title='bbox 2322 4063 2587 4119; x_wconf 89' lang='lat' dir='ltr'><strong>Sarbarus</strong></span> <span class='ocrx_word' id='word_1_611' title='bbox 2629 4065 2697 4119; x_wconf 89' lang='lat' dir='ltr'><strong>ab</strong></span> <span class='ocrx_word' id='word_1_612' title='bbox 2728 4065 2960 4131; x_wconf 87' lang='lat' dir='ltr'><strong>oriente,</strong></span> <span class='ocrx_word' id='word_1_613' title='bbox 2998 4066 3287 4138; x_wconf 86' lang='lat' dir='ltr'><strong>Chaganus</strong></span> <span class='ocrx_word' id='word_1_614' title='bbox 3314 4076 3493 4121; x_wconf 90' lang='lat' dir='ltr'><strong>autem</strong></span> <span class='ocrx_word' id='word_1_615' title='bbox 3527 4066 3597 4121; x_wconf 88' lang='lat' dir='ltr'><strong>ab</strong></span> 
     </span>
    </p>
   </div>
   <div class='ocr_carea' id='block_1_88' title="bbox 2025 4153 3597 4227">
    <p class='ocr_par' dir='ltr' id='par_1_88' title="bbox 2025 4153 3597 4227">
     <span class='ocr_line' id='line_1_88' title="bbox 2025 4153 3597 4227; baseline 0.004 -20"><span class='ocrx_word' id='word_1_616' title='bbox 2025 4153 2306 4208; x_wconf 89' lang='lat' dir='ltr'><strong>occidente</strong></span> <span class='ocrx_word' id='word_1_617' title='bbox 2352 4154 2475 4224; x_wconf 84' lang='lat' dir='ltr'><strong>igne</strong></span> <span class='ocrx_word' id='word_1_618' title='bbox 2522 4154 2853 4210; x_wconf 86' lang='lat' dir='ltr'><strong>succendere</strong></span> <span class='ocrx_word' id='word_1_619' title='bbox 2911 4164 3197 4226; x_wconf 85' lang='lat' dir='ltr'><strong>coeperunt</strong></span> <span class='ocrx_word' id='word_1_620' title='bbox 3250 4156 3431 4212; x_wconf 89' lang='lat' dir='ltr'><strong>omnia</strong></span> <span class='ocrx_word' id='word_1_621' title='bbox 3476 4174 3597 4227; x_wconf 74' lang='lat' dir='ltr'><strong>qua:</strong></span> 
     </span>
    </p>
   </div>
   <div class='ocr_carea' id='block_1_89' title="bbox 2028 4246 3595 4321">
    <p class='ocr_par' dir='ltr' id='par_1_89' title="bbox 2028 4246 3595 4321">
     <span class='ocr_line' id='line_1_89' title="bbox 2028 4246 3595 4321; baseline 0.003 -22"><span class='ocrx_word' id='word_1_622' title='bbox 2028 4246 2083 4299; x_wconf 93' lang='lat' dir='ltr'><strong>in</strong></span> <span class='ocrx_word' id='word_1_623' title='bbox 2143 4246 2374 4301; x_wconf 89' lang='lat' dir='ltr'><strong>circuitu</strong></span> <span class='ocrx_word' id='word_1_624' title='bbox 2425 4246 2660 4301; x_wconf 83' lang='lat' dir='ltr'><strong>civitatis</strong></span> <span class='ocrx_word' id='word_1_625' title='bbox 2685 4256 2890 4302; x_wconf 88' lang='lat' dir='ltr'><strong>erant:</strong></span> <span class='ocrx_word' id='word_1_626' title='bbox 2946 4248 3256 4319; x_wconf 86' lang='lat' dir='ltr'><strong>patriarcha</strong></span> <span class='ocrx_word' id='word_1_627' title='bbox 3305 4249 3595 4321; x_wconf 83' lang='lat' dir='ltr'><strong>imaginem</strong></span> 
     </span>
    </p>
   </div>
   <div class='ocr_carea' id='block_1_90' title="bbox 2026 4336 3598 4411">
    <p class='ocr_par' dir='ltr' id='par_1_90' title="bbox 2026 4336 3598 4411">
     <span class='ocr_line' id='line_1_90' title="bbox 2026 4336 3598 4411; baseline 0.003 -18"><span class='ocrx_word' id='word_1_628' title='bbox 2026 4336 2228 4393; x_wconf 86' lang='lat' dir='ltr'><strong>Christi</strong></span> <span class='ocrx_word' id='word_1_629' title='bbox 2280 4354 2387 4394; x_wconf 93' lang='lat' dir='ltr'><strong>non</strong></span> <span class='ocrx_word' id='word_1_630' title='bbox 2441 4339 2824 4407; x_wconf 83' lang='lat' dir='ltr'><strong>manufactam,</strong></span> <span class='ocrx_word' id='word_1_631' title='bbox 2862 4342 3004 4411; x_wconf 73' lang='lat' dir='ltr'><strong>item}</strong></span> <span class='ocrx_word' id='word_1_632' title='bbox 3029 4342 3354 4397; x_wconf 87' lang='lat' dir='ltr'><strong>venerabilia</strong></span> <span class='ocrx_word' id='word_1_633' title='bbox 3383 4352 3440 4397; x_wconf 88' lang='lat' dir='ltr'><strong>et</strong></span> <span class='ocrx_word' id='word_1_634' title='bbox 3466 4342 3598 4397; x_wconf 88' lang='lat' dir='ltr'><strong>vivi—</strong></span> 
     </span>
    </p>
   </div>
   <div class='ocr_carea' id='block_1_91' title="bbox 364 4422 1941 4502">
    <p class='ocr_par' dir='ltr' id='par_1_91' title="bbox 364 4422 1923 4496">
     <span class='ocr_line' id='line_1_91' title="bbox 364 4422 1923 4496; baseline -0.002 -17"><span class='ocrx_word' id='word_1_635' title='bbox 364 4428 455 4479; x_wconf 75' lang='grc' dir='ltr'><strong>καὶ</strong></span> <span class='ocrx_word' id='word_1_636' title='bbox 484 4425 580 4496; x_wconf 84' lang='grc' dir='ltr'>τὴν</span> <span class='ocrx_word' id='word_1_637' title='bbox 601 4424 787 4495; x_wconf 89' lang='grc' dir='ltr'>τιμίαν</span> <span class='ocrx_word' id='word_1_638' title='bbox 814 4424 1020 4496; x_wconf 75' lang='grc' dir='ltr'>ἐσθῆτα</span> <span class='ocrx_word' id='word_1_639' title='bbox 1032 4424 1133 4495; x_wconf 80' lang='grc' dir='ltr'>τῆς</span> <span class='ocrx_word' id='word_1_640' title='bbox 1149 4424 1488 4495; x_wconf 86' lang='grc' dir='ltr'>Θεομήτορος</span> <span class='ocrx_word' id='word_1_641' title='bbox 1508 4422 1923 4494; x_wconf 82' lang='grc' dir='ltr'>ἐπιφερόμενος,</span> 
     </span>
    </p>
   </div>
   <div class='ocr_carea' id='block_1_92' title="bbox 2025 4422 3598 4502">
    <p class='ocr_par' dir='ltr' id='par_1_92' title="bbox 2031 4429 3598 4502">
     <span class='ocr_line' id='line_1_92' title="bbox 2031 4429 3598 4502; baseline 0.004 -19"><span class='ocrx_word' id='word_1_642' title='bbox 2031 4429 2131 4484; x_wconf 82' lang='lat' dir='ltr'><strong>[ica</strong></span> <span class='ocrx_word' id='word_1_643' title='bbox 2190 4430 2355 4501; x_wconf 83' lang='lat' dir='ltr'><strong>ligna,</strong></span> <span class='ocrx_word' id='word_1_644' title='bbox 2395 4430 2463 4484; x_wconf 89' lang='lat' dir='ltr'><strong>ad</strong></span> <span class='ocrx_word' id='word_1_645' title='bbox 2515 4431 2631 4485; x_wconf 82' lang='lat' dir='ltr'><strong>haec</strong></span> <span class='ocrx_word' id='word_1_646' title='bbox 2683 4432 3047 4487; x_wconf 86' lang='lat' dir='ltr'><strong>venerandam</strong></span> <span class='ocrx_word' id='word_1_647' title='bbox 3099 4441 3303 4487; x_wconf 81' lang='lat' dir='ltr'><strong>vestem</strong></span> <span class='ocrx_word' id='word_1_648' title='bbox 3357 4432 3598 4502; x_wconf 64' lang='lat' dir='ltr'><strong>Deiparae</strong></span> 
     </span>
    </p>
   </div>
   <div class='ocr_carea' id='block_1_93' title="bbox 360 4514 1929 4589">
    <p class='ocr_par' dir='ltr' id='par_1_93' title="bbox 360 4514 1929 4589">
     <span class='ocr_line' id='line_1_93' title="bbox 360 4514 1929 4589; baseline -0.002 -18"><span class='ocrx_word' id='word_1_649' title='bbox 360 4517 447 4571; x_wconf 88' lang='grc' dir='ltr'><strong>διά</strong></span> <span class='ocrx_word' id='word_1_650' title='bbox 470 4516 579 4571; x_wconf 85' lang='grc' dir='ltr'><strong>τῶν</strong></span> <span class='ocrx_word' id='word_1_651' title='bbox 608 4515 803 4586; x_wconf 83' lang='grc' dir='ltr'>τειχῶν</span> <span class='ocrx_word' id='word_1_652' title='bbox 846 4517 1200 4589; x_wconf 88' lang='grc' dir='ltr'>περιήρχετο.</span> <span class='ocrx_word' id='word_1_653' title='bbox 1255 4516 1504 4584; x_wconf 88' lang='grc' dir='ltr'>Χαγάνος</span> <span class='ocrx_word' id='word_1_654' title='bbox 1558 4514 1613 4568; x_wconf 84' lang='grc' dir='ltr'>δὲ</span> <span class='ocrx_word' id='word_1_655' title='bbox 1639 4517 1666 4568; x_wconf 88' lang='lat'><strong>6</strong></span> <span class='ocrx_word' id='word_1_656' title='bbox 1695 4514 1929 4586; x_wconf 85' lang='grc' dir='ltr'>Σκύθης,</span> 
     </span>
    </p>
   </div>
   <div class='ocr_carea' id='block_1_94' title="bbox 360 4600 1932 4674">
    <p class='ocr_par' dir='ltr' id='par_1_94' title="bbox 360 4600 1932 4674">
     <span class='ocr_line' id='line_1_94' title="bbox 360 4600 1932 4674; baseline 0.001 -19"><span class='ocrx_word' id='word_1_657' title='bbox 360 4602 445 4655; x_wconf 84' lang='grc' dir='ltr'><strong>διά</strong></span> <span class='ocrx_word' id='word_1_658' title='bbox 481 4600 590 4656; x_wconf 87' lang='grc' dir='ltr'><strong>τῶν</strong></span> <span class='ocrx_word' id='word_1_659' title='bbox 615 4601 881 4673; x_wconf 89' lang='grc' dir='ltr'>χερσαίων</span> <span class='ocrx_word' id='word_1_660' title='bbox 932 4602 1126 4674; x_wconf 86' lang='grc' dir='ltr'>τειχῶν</span> <span class='ocrx_word' id='word_1_661' title='bbox 1159 4602 1490 4673; x_wconf 79' lang='grc' dir='ltr'>προσϐάλλει</span> <span class='ocrx_word' id='word_1_662' title='bbox 1516 4604 1583 4673; x_wconf 79' lang='grc' dir='ltr'><strong>τῇ</strong></span> <span class='ocrx_word' id='word_1_663' title='bbox 1641 4604 1932 4658; x_wconf 83' lang='grc' dir='ltr'>Κωνσταν-</span> 
     </span>
    </p>
   </div>
   <div class='ocr_carea' id='block_1_95' title="bbox 361 4692 1932 4765">
    <p class='ocr_par' dir='ltr' id='par_1_95' title="bbox 361 4692 1932 4765">
     <span class='ocr_line' id='line_1_95' title="bbox 361 4692 1932 4765; baseline 0 -18"><span class='ocrx_word' id='word_1_664' title='bbox 361 4694 504 4747; x_wconf 86' lang='grc' dir='ltr'>τίνου</span> <span class='ocrx_word' id='word_1_665' title='bbox 529 4694 626 4747; x_wconf 74' lang='grc' dir='ltr'>σὺν</span> <span class='ocrx_word' id='word_1_666' title='bbox 649 4692 841 4765; x_wconf 90' lang='grc' dir='ltr'>πλήθει</span> <span class='ocrx_word' id='word_1_667' title='bbox 871 4694 1082 4765; x_wconf 84' lang='grc' dir='ltr'>ἀπείρῳ</span> <span class='ocrx_word' id='word_1_668' title='bbox 1105 4694 1286 4762; x_wconf 80' lang='grc' dir='ltr'>ἄκρως</span> <span class='ocrx_word' id='word_1_669' title='bbox 1322 4692 1380 4758; x_wconf 76' lang='grc' dir='ltr'>ἐξ</span> <span class='ocrx_word' id='word_1_670' title='bbox 1401 4693 1577 4748; x_wconf 85' lang='grc' dir='ltr'>ὅπλων</span> <span class='ocrx_word' id='word_1_671' title='bbox 1592 4695 1932 4764; x_wconf 74' lang='grc' dir='ltr'>ἠσφαλισμέ-</span> 
     </span>
    </p>
   </div>
   <div class='ocr_carea' id='block_1_96' title="bbox 361 4783 1934 4856">
    <p class='ocr_par' dir='ltr' id='par_1_96' title="bbox 361 4783 1934 4856">
     <span class='ocr_line' id='line_1_96' title="bbox 361 4783 1934 4856; baseline 0 -17"><span class='ocrx_word' id='word_1_672' title='bbox 361 4803 467 4851; x_wconf 86' lang='grc' dir='ltr'>νος,</span> <span class='ocrx_word' id='word_1_673' title='bbox 490 4789 584 4837; x_wconf 79' lang='grc' dir='ltr'>καὶ</span> <span class='ocrx_word' id='word_1_674' title='bbox 608 4783 866 4856; x_wconf 83' lang='grc' dir='ltr'>τοσούτῳ,</span> <span class='ocrx_word' id='word_1_675' title='bbox 892 4784 966 4848; x_wconf 84' lang='grc' dir='ltr'><strong>ῶς</strong></span> <span class='ocrx_word' id='word_1_676' title='bbox 992 4785 1088 4838; x_wconf 78' lang='grc' dir='ltr'>ἕνα</span> <span class='ocrx_word' id='word_1_677' title='bbox 1111 4784 1378 4855; x_wconf 84' lang='grc' dir='ltr'>Ῥωμαῖον</span> <span class='ocrx_word' id='word_1_678' title='bbox 1405 4785 1539 4855; x_wconf 84' lang='grc' dir='ltr'>πρὸς</span> <span class='ocrx_word' id='word_1_679' title='bbox 1558 4786 1688 4839; x_wconf 85' lang='grc' dir='ltr'>δέκα</span> <span class='ocrx_word' id='word_1_680' title='bbox 1721 4786 1934 4849; x_wconf 82' lang='grc' dir='ltr'>Σκύθας</span> 
     </span>
    </p>
   </div>
   <div class='ocr_carea' id='block_1_97' title="bbox 364 4876 1933 4950">
    <p class='ocr_par' dir='ltr' id='par_1_97' title="bbox 364 4876 1933 4950">
     <span class='ocr_line' id='line_1_97' title="bbox 364 4876 1933 4950; baseline 0.002 -21"><span class='ocrx_word' id='word_1_681' title='bbox 364 4876 548 4945; x_wconf 81' lang='grc' dir='ltr'>σαφῶς</span> <span class='ocrx_word' id='word_1_682' title='bbox 577 4876 979 4948; x_wconf 86' lang='grc' dir='ltr'>διαμάχεσθαι·</span> <span class='ocrx_word' id='word_1_683' title='bbox 1009 4877 1123 4930; x_wconf 82' lang='grc' dir='ltr'>ἀλλ’</span> <span class='ocrx_word' id='word_1_684' title='bbox 1164 4879 1198 4947; x_wconf 81' lang='grc' dir='ltr'><strong>ἡ</strong></span> <span class='ocrx_word' id='word_1_685' title='bbox 1254 4877 1465 4948; x_wconf 78' lang='grc' dir='ltr'>ἄμαχος</span> <span class='ocrx_word' id='word_1_686' title='bbox 1514 4879 1791 4950; x_wconf 77' lang='grc' dir='ltr'>πρόμαχος</span> <span class='ocrx_word' id='word_1_687' title='bbox 1847 4879 1933 4932; x_wconf 87' lang='grc' dir='ltr'>διὰ</span> 
     </span>
    </p>
   </div>
   <div class='ocr_carea' id='block_1_98' title="bbox 360 4968 1933 5042">
    <p class='ocr_par' dir='ltr' id='par_1_98' title="bbox 360 4968 1933 5042">
     <span class='ocr_line' id='line_1_98' title="bbox 360 4968 1933 5042; baseline 0.002 -21"><span class='ocrx_word' id='word_1_688' title='bbox 360 4968 465 5021; x_wconf 87' lang='grc' dir='ltr'><strong>τῶν</strong></span> <span class='ocrx_word' id='word_1_689' title='bbox 493 4969 937 5040; x_wconf 86' lang='grc' dir='ltr'>παρευρεθέντων</span> <span class='ocrx_word' id='word_1_690' title='bbox 966 4968 1159 5038; x_wconf 77' lang='grc' dir='ltr'>ὀλίγων</span> <span class='ocrx_word' id='word_1_691' title='bbox 1188 4970 1329 5025; x_wconf 86' lang='grc' dir='ltr'>πάνυ</span> <span class='ocrx_word' id='word_1_692' title='bbox 1378 4972 1722 5042; x_wconf 86' lang='grc' dir='ltr'>στρατιωτῶν</span> <span class='ocrx_word' id='word_1_693' title='bbox 1761 4972 1818 5024; x_wconf 76' lang='grc' dir='ltr'>ἐν</span> <span class='ocrx_word' id='word_1_694' title='bbox 1855 4971 1933 5042; x_wconf 86' lang='grc' dir='ltr'>τῷ</span> 
     </span>
    </p>
   </div>
   <div class='ocr_carea' id='block_1_99' title="bbox 362 5060 1933 5133">
    <p class='ocr_par' dir='ltr' id='par_1_99' title="bbox 362 5060 1933 5133">
     <span class='ocr_line' id='line_1_99' title="bbox 362 5060 1933 5133; baseline 0.003 -20"><span class='ocrx_word' id='word_1_695' title='bbox 362 5060 472 5131; x_wconf 85' lang='grc' dir='ltr'>ναῷ</span> <span class='ocrx_word' id='word_1_696' title='bbox 516 5060 719 5133; x_wconf 84' lang='grc' dir='ltr'>ταύτης</span> <span class='ocrx_word' id='word_1_697' title='bbox 771 5061 847 5131; x_wconf 84' lang='grc' dir='ltr'>τῷ</span> <span class='ocrx_word' id='word_1_698' title='bbox 872 5061 971 5131; x_wconf 83' lang='grc' dir='ltr'>τῆς</span> <span class='ocrx_word' id='word_1_699' title='bbox 1003 5065 1188 5133; x_wconf 83' lang='grc' dir='ltr'>πηγῆς</span> <span class='ocrx_word' id='word_1_700' title='bbox 1234 5061 1516 5126; x_wconf 87' lang='grc' dir='ltr'>πλείστους</span> <span class='ocrx_word' id='word_1_701' title='bbox 1562 5062 1741 5116; x_wconf 83' lang='grc' dir='ltr'>αὐτῶν</span> <span class='ocrx_word' id='word_1_702' title='bbox 1791 5081 1933 5133; x_wconf 87' lang='grc' dir='ltr'>παρ-</span> 
     </span>
    </p>
   </div>
   <div class='ocr_carea' id='block_1_100' title="bbox 364 5151 1933 5227">
    <p class='ocr_par' dir='ltr' id='par_1_100' title="bbox 364 5151 1933 5227">
     <span class='ocr_line' id='line_1_100' title="bbox 364 5151 1933 5227; baseline 0.002 -21"><span class='ocrx_word' id='word_1_703' title='bbox 364 5151 661 5206; x_wconf 82' lang='grc' dir='ltr'>απὼλεσεν.</span> <span class='ocrx_word' id='word_1_704' title='bbox 703 5154 1007 5207; x_wconf 78' lang='grc' dir='ltr'>Κάντεῦθεν</span> <span class='ocrx_word' id='word_1_705' title='bbox 1070 5155 1118 5206; x_wconf 81' lang='grc' dir='ltr'>οἱ</span> <span class='ocrx_word' id='word_1_706' title='bbox 1177 5154 1432 5225; x_wconf 82' lang='grc' dir='ltr'>Ῥωμαῖοι</span> <span class='ocrx_word' id='word_1_707' title='bbox 1463 5155 1933 5227; x_wconf 85' lang='grc' dir='ltr'>ἀναθαρσήσαντές</span> 
     </span>
    </p>
   </div>
   <div class='ocr_carea' id='block_1_101' title="bbox 361 5243 1929 5320">
    <p class='ocr_par' dir='ltr' id='par_1_101' title="bbox 361 5243 1929 5320">
     <span class='ocr_line' id='line_1_101' title="bbox 361 5243 1929 5320; baseline 0.004 -25"><span class='ocrx_word' id='word_1_708' title='bbox 361 5259 421 5296; x_wconf 84' lang='grc' dir='ltr'><strong>τε</strong></span> <span class='ocrx_word' id='word_1_709' title='bbox 455 5243 549 5296; x_wconf 75' lang='grc' dir='ltr'>καὶ</span> <span class='ocrx_word' id='word_1_710' title='bbox 610 5245 1102 5315; x_wconf 88' lang='grc' dir='ltr'>ἀνασκιρτήσαντες</span> <span class='ocrx_word' id='word_1_711' title='bbox 1138 5244 1242 5297; x_wconf 81' lang='grc' dir='ltr'><strong>ὑπὸ</strong></span> <span class='ocrx_word' id='word_1_712' title='bbox 1278 5247 1567 5317; x_wconf 86' lang='grc' dir='ltr'>στρατηγῷ</span> <span class='ocrx_word' id='word_1_713' title='bbox 1615 5250 1813 5319; x_wconf 83' lang='grc' dir='ltr'>ἀμάχῳ</span> <span class='ocrx_word' id='word_1_714' title='bbox 1866 5251 1929 5320; x_wconf 79' lang='grc' dir='ltr'><strong>τῇ</strong></span> 
     </span>
    </p>
   </div>
   <div class='ocr_carea' id='block_1_102' title="bbox 363 5334 1933 5410">
    <p class='ocr_par' dir='ltr' id='par_1_102' title="bbox 363 5334 1933 5410">
     <span class='ocr_line' id='line_1_102' title="bbox 363 5334 1933 5410; baseline 0.004 -24"><span class='ocrx_word' id='word_1_715' title='bbox 363 5334 667 5406; x_wconf 71' lang='grc' dir='ltr'>Θεομήτορι</span> <span class='ocrx_word' id='word_1_716' title='bbox 695 5336 889 5399; x_wconf 79' lang='grc' dir='ltr'>αὐτοὺς</span> <span class='ocrx_word' id='word_1_717' title='bbox 918 5336 1005 5389; x_wconf 71' lang='grc' dir='ltr'>ἀεὶ</span> <span class='ocrx_word' id='word_1_718' title='bbox 1034 5336 1176 5390; x_wconf 87' lang='grc' dir='ltr'><strong>κατά</strong></span> <span class='ocrx_word' id='word_1_719' title='bbox 1197 5337 1398 5409; x_wconf 78' lang='grc' dir='ltr'>κράτος</span> <span class='ocrx_word' id='word_1_720' title='bbox 1430 5339 1625 5392; x_wconf 76' lang='grc' dir='ltr'>ἐνίκων</span> <span class='ocrx_word' id='word_1_721' title='bbox 1652 5381 1665 5394; x_wconf 93' lang='grc'><strong>.</strong></span> <span class='ocrx_word' id='word_1_722' title='bbox 1695 5340 1933 5410; x_wconf 78' lang='grc' dir='ltr'>Βλέψαν-</span> 
     </span>
    </p>
   </div>
   <div class='ocr_carea' id='block_1_103' title="bbox 360 5424 1933 5504">
    <p class='ocr_par' dir='ltr' id='par_1_103' title="bbox 360 5424 1933 5504">
     <span class='ocr_line' id='line_1_103' title="bbox 360 5424 1933 5504; baseline 0.004 -25"><span class='ocrx_word' id='word_1_723' title='bbox 360 5442 449 5488; x_wconf 87' lang='grc' dir='ltr'><strong>τες</strong></span> <span class='ocrx_word' id='word_1_724' title='bbox 478 5425 536 5478; x_wconf 81' lang='grc' dir='ltr'>δὲ</span> <span class='ocrx_word' id='word_1_725' title='bbox 566 5426 660 5479; x_wconf 64' lang='grc' dir='ltr'><strong>καὶ⁵</strong></span> <span class='ocrx_word' id='word_1_726' title='bbox 696 5424 830 5496; x_wconf 80' lang='grc' dir='ltr'>πρὸς</span> <span class='ocrx_word' id='word_1_727' title='bbox 849 5427 1075 5491; x_wconf 76' lang='grc' dir='ltr'>σπονδάς</span> <span class='ocrx_word' id='word_1_728' title='bbox 1100 5427 1149 5482; x_wconf 76' lang='grc' dir='ltr'>οἱ</span> <span class='ocrx_word' id='word_1_729' title='bbox 1172 5429 1270 5499; x_wconf 81' lang='grc' dir='ltr'>τῆς</span> <span class='ocrx_word' id='word_1_730' title='bbox 1297 5429 1525 5498; x_wconf 85' lang='grc' dir='ltr'>πόλεως,</span> <span class='ocrx_word' id='word_1_731' title='bbox 1552 5432 1933 5504; x_wconf 82' lang='grc' dir='ltr'>ἀπεκρούσθη-</span> 
     </span>
    </p>
   </div>
   <div class='ocr_carea' id='block_1_104' title="bbox 364 5517 1933 5595">
    <p class='ocr_par' dir='ltr' id='par_1_104' title="bbox 364 5517 1933 5595">
     <span class='ocr_line' id='line_1_104' title="bbox 364 5517 1933 5595; baseline 0.009 -28"><span class='ocrx_word' id='word_1_732' title='bbox 364 5532 480 5569; x_wconf 88' lang='grc' dir='ltr'>σαν.</span> <span class='ocrx_word' id='word_1_733' title='bbox 523 5517 735 5571; x_wconf 85' lang='grc' dir='ltr'>Ἀνεῖπε</span> <span class='ocrx_word' id='word_1_734' title='bbox 791 5519 900 5590; x_wconf 87' lang='grc' dir='ltr'><strong>γάρ</strong></span> <span class='ocrx_word' id='word_1_735' title='bbox 950 5520 978 5572; x_wconf 86' lang='lat'><strong>6</strong></span> <span class='ocrx_word' id='word_1_736' title='bbox 1008 5520 1278 5590; x_wconf 84' lang='grc' dir='ltr'>Χαγάνος,</span> <span class='ocrx_word' id='word_1_737' title='bbox 1319 5542 1337 5575; x_wconf 86' lang='grc' dir='ltr'><strong>ι</strong></span> <span class='ocrx_word' id='word_1_738' title='bbox 1362 5524 1453 5595; x_wconf 83' lang='grc' dir='ltr'><strong>Μὴ</strong></span> <span class='ocrx_word' id='word_1_739' title='bbox 1505 5526 1787 5579; x_wconf 84' lang='grc' dir='ltr'>ἀπατᾶσθε</span> <span class='ocrx_word' id='word_1_740' title='bbox 1840 5528 1933 5581; x_wconf 79' lang='grc' dir='ltr'><strong>ἐπὶ</strong></span> 
     </span>
    </p>
   </div>
   <div class='ocr_carea' id='block_1_105' title="bbox 362 5601 1931 5687">
    <p class='ocr_par' dir='ltr' id='par_1_105' title="bbox 362 5601 1931 5687">
     <span class='ocr_line' id='line_1_105' title="bbox 362 5601 1931 5687; baseline 0.007 -27"><span class='ocrx_word' id='word_1_741' title='bbox 362 5606 441 5678; x_wconf 82' lang='grc' dir='ltr'><strong>τῷ</strong></span> <span class='ocrx_word' id='word_1_742' title='bbox 473 5606 610 5679; x_wconf 86' lang='grc' dir='ltr'>θεῷ,</span> <span class='ocrx_word' id='word_1_743' title='bbox 640 5601 683 5676; x_wconf 81' lang='grc' dir='ltr'>ᾧ</span> <span class='ocrx_word' id='word_1_744' title='bbox 708 5609 989 5664; x_wconf 89' lang='grc' dir='ltr'>πιστεύετε</span> <span class='ocrx_word' id='word_1_745' title='bbox 1015 5626 1028 5640; x_wconf 91' lang='grc'><strong>·</strong></span> <span class='ocrx_word' id='word_1_746' title='bbox 1055 5612 1271 5676; x_wconf 90' lang='grc' dir='ltr'>πάντως</span> <span class='ocrx_word' id='word_1_747' title='bbox 1298 5613 1406 5685; x_wconf 84' lang='grc' dir='ltr'>γὰρ</span> <span class='ocrx_word' id='word_1_748' title='bbox 1434 5614 1624 5687; x_wconf 75' lang='grc' dir='ltr'>αὔριον</span> <span class='ocrx_word' id='word_1_749' title='bbox 1652 5615 1752 5687; x_wconf 83' lang='grc' dir='ltr'>τὴν</span> <span class='ocrx_word' id='word_1_750' title='bbox 1776 5617 1931 5671; x_wconf 90' lang='grc' dir='ltr'>πόλιν</span> 
     </span>
    </p>
   </div>
   <div class='ocr_carea' id='block_1_106' title="bbox 369 5697 1929 5776">
    <p class='ocr_par' dir='ltr' id='par_1_106' title="bbox 369 5697 1929 5776">
     <span class='ocr_line' id='line_1_106' title="bbox 369 5697 1929 5776; baseline 0.01 -27"><span class='ocrx_word' id='word_1_751' title='bbox 369 5697 519 5768; x_wconf 82' lang='grc' dir='ltr'>ὑμῶν</span> <span class='ocrx_word' id='word_1_752' title='bbox 554 5702 958 5774; x_wconf 73' lang='grc' dir='ltr'>καταλήψομαι.</span> <span class='ocrx_word' id='word_1_753' title='bbox 981 5723 1000 5755; x_wconf 77' lang='grc' dir='ltr'><strong>ι</strong></span> <span class='ocrx_word' id='word_1_754' title='bbox 1042 5705 1105 5758; x_wconf 80' lang='grc' dir='ltr'><strong>Οἱ</strong></span> <span class='ocrx_word' id='word_1_755' title='bbox 1139 5704 1194 5758; x_wconf 83' lang='grc' dir='ltr'>δὲ</span> <span class='ocrx_word' id='word_1_756' title='bbox 1232 5706 1329 5776; x_wconf 74' lang='grc' dir='ltr'>τῆς</span> <span class='ocrx_word' id='word_1_757' title='bbox 1362 5706 1571 5772; x_wconf 85' lang='grc' dir='ltr'>πόλεως</span> <span class='ocrx_word' id='word_1_758' title='bbox 1607 5707 1929 5766; x_wconf 70' lang='grc' dir='ltr'>διακούσανο</span> 
     </span>
    </p>
   </div>
   <div class='ocr_carea' id='block_1_107' title="bbox 2032 4520 3597 4595">
    <p class='ocr_par' dir='ltr' id='par_1_107' title="bbox 2032 4520 3597 4595">
     <span class='ocr_line' id='line_1_107' title="bbox 2032 4520 3597 4595; baseline 0.001 -20"><span class='ocrx_word' id='word_1_759' title='bbox 2032 4520 2320 4591; x_wconf 84' lang='lat' dir='ltr'><strong>proferens</strong></span> <span class='ocrx_word' id='word_1_760' title='bbox 2362 4523 2563 4578; x_wconf 60' lang='lat' dir='ltr'><strong>muenia</strong></span> <span class='ocrx_word' id='word_1_761' title='bbox 2610 4522 2811 4577; x_wconf 86' lang='lat' dir='ltr'><strong>obibat.</strong></span> <span class='ocrx_word' id='word_1_762' title='bbox 2854 4522 3140 4594; x_wconf 83' lang='lat' dir='ltr'><strong>Chaganus</strong></span> <span class='ocrx_word' id='word_1_763' title='bbox 3180 4530 3363 4578; x_wconf 85' lang='lat' dir='ltr'><strong>autem</strong></span> <span class='ocrx_word' id='word_1_764' title='bbox 3400 4524 3597 4595; x_wconf 87' lang='lat' dir='ltr'><strong>Scytha</strong></span> 
     </span>
    </p>
   </div>
   <div class='ocr_carea' id='block_1_108' title="bbox 2031 4615 3598 4685">
    <p class='ocr_par' dir='ltr' id='par_1_108' title="bbox 2031 4615 3598 4685">
     <span class='ocr_line' id='line_1_108' title="bbox 2031 4615 3598 4685; baseline 0.001 -18"><span class='ocrx_word' id='word_1_765' title='bbox 2031 4627 2098 4667; x_wconf 82' lang='lat' dir='ltr'><strong>ex</strong></span> <span class='ocrx_word' id='word_1_766' title='bbox 2153 4629 2215 4667; x_wconf 90' lang='lat' dir='ltr'><strong>ca</strong></span> <span class='ocrx_word' id='word_1_767' title='bbox 2268 4624 2438 4682; x_wconf 86' lang='lat' dir='ltr'><strong>parte,</strong></span> <span class='ocrx_word' id='word_1_768' title='bbox 2485 4631 2589 4684; x_wconf 85' lang='lat' dir='ltr'><strong>qua</strong></span> <span class='ocrx_word' id='word_1_769' title='bbox 2627 4626 2822 4670; x_wconf 88' lang='lat' dir='ltr'><strong>terram</strong></span> <span class='ocrx_word' id='word_1_770' title='bbox 2875 4615 3074 4671; x_wconf 70' lang='lat' dir='ltr'><strong>mmnia</strong></span> <span class='ocrx_word' id='word_1_771' title='bbox 3126 4623 3392 4684; x_wconf 88' lang='lat' dir='ltr'><strong>spectant,</strong></span> <span class='ocrx_word' id='word_1_772' title='bbox 3422 4615 3598 4685; x_wconf 85' lang='lat' dir='ltr'><strong>impe-</strong></span> 
     </span>
    </p>
   </div>
   <div class='ocr_carea' id='block_1_109' title="bbox 2035 4704 3599 4772">
    <p class='ocr_par' dir='ltr' id='par_1_109' title="bbox 2035 4704 3599 4772">
     <span class='ocr_line' id='line_1_109' title="bbox 2035 4704 3599 4772; baseline 0.002 -15"><span class='ocrx_word' id='word_1_773' title='bbox 2035 4711 2147 4758; x_wconf 91' lang='lat' dir='ltr'><strong>tum</strong></span> <span class='ocrx_word' id='word_1_774' title='bbox 2190 4704 2243 4758; x_wconf 93' lang='lat' dir='ltr'><strong>in</strong></span> <span class='ocrx_word' id='word_1_775' title='bbox 2276 4706 2616 4759; x_wconf 90' lang='lat' dir='ltr'><strong>Constantini</strong></span> <span class='ocrx_word' id='word_1_776' title='bbox 2654 4706 2841 4761; x_wconf 89' lang='lat' dir='ltr'><strong>urbem</strong></span> <span class='ocrx_word' id='word_1_777' title='bbox 2863 4705 3010 4772; x_wconf 82' lang='lat' dir='ltr'><strong>facit,</strong></span> <span class='ocrx_word' id='word_1_778' title='bbox 3050 4704 3141 4760; x_wconf 90' lang='lat' dir='ltr'><strong>tali</strong></span> <span class='ocrx_word' id='word_1_779' title='bbox 3191 4720 3255 4760; x_wconf 92' lang='lat' dir='ltr'><strong>ac</strong></span> <span class='ocrx_word' id='word_1_780' title='bbox 3286 4713 3430 4760; x_wconf 89' lang='lat' dir='ltr'><strong>tanta</strong></span> <span class='ocrx_word' id='word_1_781' title='bbox 3458 4706 3599 4760; x_wconf 83' lang='lat' dir='ltr'><strong>mul-</strong></span> 
     </span>
    </p>
   </div>
   <div class='ocr_carea' id='block_1_110' title="bbox 2034 4796 3598 4866">
    <p class='ocr_par' dir='ltr' id='par_1_110' title="bbox 2034 4796 3598 4866">
     <span class='ocr_line' id='line_1_110' title="bbox 2034 4796 3598 4866; baseline 0.002 -17"><span class='ocrx_word' id='word_1_782' title='bbox 2034 4796 2266 4851; x_wconf 90' lang='lat' dir='ltr'><strong>titudine</strong></span> <span class='ocrx_word' id='word_1_783' title='bbox 2320 4797 2557 4866; x_wconf 87' lang='lat' dir='ltr'><strong>undique</strong></span> <span class='ocrx_word' id='word_1_784' title='bbox 2605 4797 2772 4851; x_wconf 89' lang='lat' dir='ltr'><strong>armis</strong></span> <span class='ocrx_word' id='word_1_785' title='bbox 2826 4807 2965 4852; x_wconf 89' lang='lat' dir='ltr'><strong>tecta</strong></span> <span class='ocrx_word' id='word_1_786' title='bbox 3021 4806 3077 4851; x_wconf 89' lang='lat' dir='ltr'><strong>et</strong></span> <span class='ocrx_word' id='word_1_787' title='bbox 3103 4796 3332 4861; x_wconf 86' lang='lat' dir='ltr'><strong>munita,</strong></span> <span class='ocrx_word' id='word_1_788' title='bbox 3402 4807 3461 4851; x_wconf 89' lang='lat' dir='ltr'><strong>ut</strong></span> <span class='ocrx_word' id='word_1_789' title='bbox 3503 4799 3598 4853; x_wconf 91' lang='lat' dir='ltr'><strong>uni</strong></span> 
     </span>
    </p>
   </div>
   <div class='ocr_carea' id='block_1_111' title="bbox 2033 4885 3599 4956">
    <p class='ocr_par' dir='ltr' id='par_1_111' title="bbox 2033 4885 3599 4956">
     <span class='ocr_line' id='line_1_111' title="bbox 2033 4885 3599 4956; baseline 0.001 -17"><span class='ocrx_word' id='word_1_790' title='bbox 2033 4886 2278 4940; x_wconf 82' lang='lat' dir='ltr'><strong>Romano</strong></span> <span class='ocrx_word' id='word_1_791' title='bbox 2328 4887 2588 4941; x_wconf 85' lang='lat' dir='ltr'><strong>adversus</strong></span> <span class='ocrx_word' id='word_1_792' title='bbox 2630 4888 2817 4942; x_wconf 88' lang='lat' dir='ltr'><strong>decem</strong></span> <span class='ocrx_word' id='word_1_793' title='bbox 2852 4885 3077 4956; x_wconf 87' lang='lat' dir='ltr'><strong>Scythas</strong></span> <span class='ocrx_word' id='word_1_794' title='bbox 3100 4886 3446 4956; x_wconf 89' lang='lat' dir='ltr'><strong>pugnandum</strong></span> <span class='ocrx_word' id='word_1_795' title='bbox 3482 4886 3599 4941; x_wconf 80' lang='lat' dir='ltr'><strong>fue-</strong></span> 
     </span>
    </p>
   </div>
   <div class='ocr_carea' id='block_1_112' title="bbox 2033 4976 3598 5049">
    <p class='ocr_par' dir='ltr' id='par_1_112' title="bbox 2033 4976 3598 5049">
     <span class='ocr_line' id='line_1_112' title="bbox 2033 4976 3598 5049; baseline 0.001 -19"><span class='ocrx_word' id='word_1_796' title='bbox 2033 4978 2122 5031; x_wconf 90' lang='lat' dir='ltr'><strong>rit.</strong></span> <span class='ocrx_word' id='word_1_797' title='bbox 2140 4976 2414 5033; x_wconf 71' lang='lat' dir='ltr'><strong>Caeterum</strong></span> <span class='ocrx_word' id='word_1_798' title='bbox 2438 4976 2872 5049; x_wconf 81' lang='lat' dir='ltr'><strong>inexpugnabilis</strong></span> <span class='ocrx_word' id='word_1_799' title='bbox 2904 4977 2992 5030; x_wconf 87' lang='lat' dir='ltr'><strong>illa</strong></span> <span class='ocrx_word' id='word_1_800' title='bbox 3025 4977 3410 5048; x_wconf 66' lang='lat' dir='ltr'><strong>propugnatrix</strong></span> <span class='ocrx_word' id='word_1_801' title='bbox 3432 4993 3598 5048; x_wconf 88' lang='lat' dir='ltr'><strong>opera</strong></span> 
     </span>
    </p>
   </div>
   <div class='ocr_carea' id='block_1_113' title="bbox 2032 5069 3600 5139">
    <p class='ocr_par' dir='ltr' id='par_1_113' title="bbox 2032 5069 3600 5139">
     <span class='ocr_line' id='line_1_113' title="bbox 2032 5069 3600 5139; baseline 0.001 -16"><span class='ocrx_word' id='word_1_802' title='bbox 2032 5085 2328 5139; x_wconf 89' lang='lat' dir='ltr'><strong>paucorum</strong></span> <span class='ocrx_word' id='word_1_803' title='bbox 2385 5070 2640 5136; x_wconf 90' lang='lat' dir='ltr'><strong>militum,</strong></span> <span class='ocrx_word' id='word_1_804' title='bbox 2685 5070 2775 5139; x_wconf 92' lang='lat' dir='ltr'><strong>qui</strong></span> <span class='ocrx_word' id='word_1_805' title='bbox 2820 5077 2977 5124; x_wconf 87' lang='lat' dir='ltr'><strong>erant</strong></span> <span class='ocrx_word' id='word_1_806' title='bbox 3020 5069 3077 5123; x_wconf 92' lang='lat' dir='ltr'><strong>in</strong></span> <span class='ocrx_word' id='word_1_807' title='bbox 3129 5069 3327 5139; x_wconf 88' lang='lat' dir='ltr'><strong>templo</strong></span> <span class='ocrx_word' id='word_1_808' title='bbox 3375 5070 3495 5139; x_wconf 90' lang='lat' dir='ltr'><strong>ejus</strong></span> <span class='ocrx_word' id='word_1_809' title='bbox 3533 5069 3600 5124; x_wconf 86' lang='lat' dir='ltr'><strong>ad</strong></span> 
     </span>
    </p>
   </div>
   <div class='ocr_carea' id='block_1_114' title="bbox 2032 5160 3600 5232">
    <p class='ocr_par' dir='ltr' id='par_1_114' title="bbox 2032 5160 3600 5232">
     <span class='ocr_line' id='line_1_114' title="bbox 2032 5160 3600 5232; baseline -0.001 -16"><span class='ocrx_word' id='word_1_810' title='bbox 2032 5160 2238 5217; x_wconf 83' lang='lat' dir='ltr'><strong>fontem</strong></span> <span class='ocrx_word' id='word_1_811' title='bbox 2270 5170 2571 5227; x_wconf 79' lang='lat' dir='ltr'><strong>exstructo,</strong></span> <span class='ocrx_word' id='word_1_812' title='bbox 2615 5162 2877 5232; x_wconf 90' lang='lat' dir='ltr'><strong>plurimos</strong></span> <span class='ocrx_word' id='word_1_813' title='bbox 2905 5176 2971 5216; x_wconf 82' lang='lat' dir='ltr'><strong>ex</strong></span> <span class='ocrx_word' id='word_1_814' title='bbox 3000 5161 3105 5217; x_wconf 92' lang='lat' dir='ltr'><strong>illis</strong></span> <span class='ocrx_word' id='word_1_815' title='bbox 3126 5162 3431 5217; x_wconf 86' lang='lat' dir='ltr'><strong>trucidavit.</strong></span> <span class='ocrx_word' id='word_1_816' title='bbox 3462 5160 3600 5215; x_wconf 81' lang='lat' dir='ltr'><strong>liinc</strong></span> 
     </span>
    </p>
   </div>
   <div class='ocr_carea' id='block_1_115' title="bbox 2034 5252 3598 5325">
    <p class='ocr_par' dir='ltr' id='par_1_115' title="bbox 2034 5252 3598 5325">
     <span class='ocr_line' id='line_1_115' title="bbox 2034 5252 3598 5325; baseline -0.001 -18"><span class='ocrx_word' id='word_1_817' title='bbox 2034 5254 2267 5309; x_wconf 75' lang='lat' dir='ltr'><strong>Romani</strong></span> <span class='ocrx_word' id='word_1_818' title='bbox 2299 5254 2499 5308; x_wconf 90' lang='lat' dir='ltr'><strong>animis</strong></span> <span class='ocrx_word' id='word_1_819' title='bbox 2535 5253 2845 5324; x_wconf 89' lang='lat' dir='ltr'><strong>resumptis,</strong></span> <span class='ocrx_word' id='word_1_820' title='bbox 2876 5263 2931 5308; x_wconf 91' lang='lat' dir='ltr'><strong>et</strong></span> <span class='ocrx_word' id='word_1_821' title='bbox 2955 5269 3067 5324; x_wconf 70' lang='lat' dir='ltr'><strong>pra:</strong></span> <span class='ocrx_word' id='word_1_822' title='bbox 3115 5253 3311 5325; x_wconf 85' lang='lat' dir='ltr'><strong>gaudio</strong></span> <span class='ocrx_word' id='word_1_823' title='bbox 3338 5252 3598 5308; x_wconf 81' lang='lat' dir='ltr'><strong>exsilien-</strong></span> 
     </span>
    </p>
   </div>
   <div class='ocr_carea' id='block_1_116' title="bbox 2035 5344 3597 5415">
    <p class='ocr_par' dir='ltr' id='par_1_116' title="bbox 2035 5344 3597 5415">
     <span class='ocr_line' id='line_1_116' title="bbox 2035 5344 3597 5415; baseline -0.002 -13"><span class='ocrx_word' id='word_1_824' title='bbox 2035 5355 2148 5410; x_wconf 90' lang='lat' dir='ltr'><strong>tes,</strong></span> <span class='ocrx_word' id='word_1_825' title='bbox 2202 5346 2339 5401; x_wconf 89' lang='lat' dir='ltr'><strong>duce</strong></span> <span class='ocrx_word' id='word_1_826' title='bbox 2375 5354 2430 5399; x_wconf 91' lang='lat' dir='ltr'><strong>et</strong></span> <span class='ocrx_word' id='word_1_827' title='bbox 2483 5345 2704 5414; x_wconf 89' lang='lat' dir='ltr'><strong>auspice</strong></span> <span class='ocrx_word' id='word_1_828' title='bbox 2752 5344 2953 5400; x_wconf 83' lang='lat' dir='ltr'><strong>invicta</strong></span> <span class='ocrx_word' id='word_1_829' title='bbox 3009 5345 3267 5415; x_wconf 87' lang='lat' dir='ltr'><strong>Deipara,</strong></span> <span class='ocrx_word' id='word_1_830' title='bbox 3316 5344 3597 5400; x_wconf 88' lang='lat' dir='ltr'><strong>victoriam</strong></span> 
     </span>
    </p>
   </div>
   <div class='ocr_carea' id='block_1_117' title="bbox 2032 5432 3599 5503">
    <p class='ocr_par' dir='ltr' id='par_1_117' title="bbox 2032 5432 3599 5503">
     <span class='ocr_line' id='line_1_117' title="bbox 2032 5432 3599 5503; baseline -0.003 -12"><span class='ocrx_word' id='word_1_831' title='bbox 2032 5435 2099 5491; x_wconf 90' lang='lat' dir='ltr'><strong>de</strong></span> <span class='ocrx_word' id='word_1_832' title='bbox 2145 5434 2250 5488; x_wconf 89' lang='lat' dir='ltr'><strong>illis</strong></span> <span class='ocrx_word' id='word_1_833' title='bbox 2295 5432 2526 5503; x_wconf 86' lang='lat' dir='ltr'><strong>gloriose</strong></span> <span class='ocrx_word' id='word_1_834' title='bbox 2579 5432 2927 5500; x_wconf 88' lang='lat' dir='ltr'><strong>reportabant</strong></span> <span class='ocrx_word' id='word_1_835' title='bbox 2964 5449 2977 5486; x_wconf 93' lang='lat'><strong>:</strong></span> <span class='ocrx_word' id='word_1_836' title='bbox 3010 5448 3241 5502; x_wconf 91' lang='lat' dir='ltr'><strong>cumque</strong></span> <span class='ocrx_word' id='word_1_837' title='bbox 3293 5432 3439 5487; x_wconf 76' lang='lat' dir='ltr'><strong>cives</strong></span> <span class='ocrx_word' id='word_1_838' title='bbox 3486 5432 3599 5501; x_wconf 86' lang='lat' dir='ltr'><strong>jam</strong></span> 
     </span>
    </p>
   </div>
   <div class='ocr_carea' id='block_1_118' title="bbox 2037 5522 3600 5597">
    <p class='ocr_par' dir='ltr' id='par_1_118' title="bbox 2037 5522 3600 5597">
     <span class='ocr_line' id='line_1_118' title="bbox 2037 5522 3600 5597; baseline -0.004 -15"><span class='ocrx_word' id='word_1_839' title='bbox 2037 5535 2195 5597; x_wconf 85' lang='lat' dir='ltr'><strong>pacta</strong></span> <span class='ocrx_word' id='word_1_840' title='bbox 2240 5535 2294 5579; x_wconf 91' lang='lat' dir='ltr'><strong>et</strong></span> <span class='ocrx_word' id='word_1_841' title='bbox 2330 5523 2532 5579; x_wconf 75' lang='lat' dir='ltr'><strong>foedera</strong></span> <span class='ocrx_word' id='word_1_842' title='bbox 2586 5522 2723 5579; x_wconf 90' lang='lat' dir='ltr'><strong>inire</strong></span> <span class='ocrx_word' id='word_1_843' title='bbox 2759 5524 3077 5596; x_wconf 87' lang='lat' dir='ltr'><strong>cogitarent,</strong></span> <span class='ocrx_word' id='word_1_844' title='bbox 3136 5523 3407 5593; x_wconf 85' lang='lat' dir='ltr'><strong>repulsam</strong></span> <span class='ocrx_word' id='word_1_845' title='bbox 3460 5523 3600 5577; x_wconf 88' lang='lat' dir='ltr'><strong>tule-</strong></span> 
     </span>
    </p>
   </div>
   <div class='ocr_carea' id='block_1_119' title="bbox 2032 5613 3598 5689">
    <p class='ocr_par' dir='ltr' id='par_1_119' title="bbox 2032 5613 3598 5689">
     <span class='ocr_line' id='line_1_119' title="bbox 2032 5613 3598 5689; baseline -0.003 -16"><span class='ocrx_word' id='word_1_846' title='bbox 2032 5628 2178 5674; x_wconf 87' lang='lat' dir='ltr'><strong>runt.</strong></span> <span class='ocrx_word' id='word_1_847' title='bbox 2211 5615 2404 5672; x_wconf 82' lang='lat' dir='ltr'><strong>Aiebat</strong></span> <span class='ocrx_word' id='word_1_848' title='bbox 2450 5614 2595 5670; x_wconf 87' lang='lat' dir='ltr'><strong>enim</strong></span> <span class='ocrx_word' id='word_1_849' title='bbox 2631 5616 2953 5689; x_wconf 84' lang='lat' dir='ltr'><strong>Chaganus:</strong></span> <span class='ocrx_word' id='word_1_850' title='bbox 2994 5635 3011 5667; x_wconf 81' lang='grc' dir='ltr'><strong>ι</strong></span> <span class='ocrx_word' id='word_1_851' title='bbox 3049 5614 3127 5669; x_wconf 89' lang='lat' dir='ltr'><strong>Ne</strong></span> <span class='ocrx_word' id='word_1_852' title='bbox 3166 5613 3444 5678; x_wconf 82' lang='lat' dir='ltr'><strong>fallamini,</strong></span> <span class='ocrx_word' id='word_1_853' title='bbox 3478 5614 3598 5668; x_wconf 84' lang='lat' dir='ltr'><strong>freti</strong></span> 
     </span>
    </p>
   </div>
   <div class='ocr_carea' id='block_1_120' title="bbox 2032 5704 3599 5772">
    <p class='ocr_par' dir='ltr' id='par_1_120' title="bbox 2032 5704 3599 5772">
     <span class='ocr_line' id='line_1_120' title="bbox 2032 5704 3599 5772; baseline -0.001 -9"><span class='ocrx_word' id='word_1_854' title='bbox 2032 5708 2161 5772; x_wconf 91' lang='lat' dir='ltr'><strong>Deo,</strong></span> <span class='ocrx_word' id='word_1_855' title='bbox 2198 5708 2283 5763; x_wconf 89' lang='lat' dir='ltr'><strong>cui</strong></span> <span class='ocrx_word' id='word_1_856' title='bbox 2345 5705 2564 5761; x_wconf 89' lang='lat' dir='ltr'><strong>creditis</strong></span> <span class='ocrx_word' id='word_1_857' title='bbox 2600 5724 2613 5761; x_wconf 89' lang='lat'><strong>:</strong></span> <span class='ocrx_word' id='word_1_858' title='bbox 2646 5717 2793 5763; x_wconf 90' lang='lat' dir='ltr'><strong>certe</strong></span> <span class='ocrx_word' id='word_1_859' title='bbox 2841 5707 2986 5762; x_wconf 91' lang='lat' dir='ltr'><strong>enim</strong></span> <span class='ocrx_word' id='word_1_860' title='bbox 3026 5718 3143 5759; x_wconf 87' lang='lat' dir='ltr'><strong>cras</strong></span> <span class='ocrx_word' id='word_1_861' title='bbox 3199 5704 3385 5759; x_wconf 87' lang='lat' dir='ltr'><strong>urbem</strong></span> <span class='ocrx_word' id='word_1_862' title='bbox 3437 5719 3599 5761; x_wconf 85' lang='lat' dir='ltr'><strong>oecu-</strong></span> 
     </span>
    </p>
   </div>
  </div>
