4126 6282
542 284 697 352 i351

1858 282 2178 347 GEORGII
2219 284 2484 348 PISIDAZ

3681 301 3816 368 i352

555 403 763 469 pube.»
819 396 939 464 Quo
992 398 1212 462 audito,
1267 396 1456 452 incolae
1515 395 1751 452 civitatis
1804 412 2001 451 manus
2066 395 2128 450 ad

2237 417 2351 466 τες,
2384 402 2575 473 χεῖρας
2625 401 2832 456 ἔτεινον
2878 405 2959 468 είς
3010 405 3163 459 Θεόν.
3193 406 3672 479 Συμφωνήσαντες
3720 409 3817 467 οὖν

557 494 726 546 Deum
758 489 1146 547 extendebant.
1172 488 1394 545 Collatis
1439 488 1605 559 igitur
1649 488 1959 558 iunctisque
1985 487 2133 542 Cha-

2236 489 2489 558 Χαγάνος
2516 506 2575 544 τε
2612 491 2709 546 καὶ
2731 494 2761 546 ὁ
2785 492 3089 566 Σάρῦαρος,
3129 494 3219 548 διὰ
3257 495 3429 570 ξηρᾶς
3474 499 3571 553 καὶ
3596 500 3689 555 διὰ
3713 502 3815 556 θα-

553 597 725 653 ganus
780 590 838 637 et
865 580 1153 642 Sarbarus,
1180 590 1326 635 terra
1358 579 1812 649 marique,‘variis
1863 577 2128 633 machinis

2237 579 2444 652 λάσσης
2494 582 2917 652 προσϐάλλουσι,
2946 585 3035 638 διὸ.
3065 588 3480 659 μηχανημάτων
3521 591 3624 660 τὴν
3655 593 3814 647 πόλιν

551 682 624 729 et‘
654 674 948 730 tormentis
964 675 1153 729 urbem
1191 680 1589 743 oppugnantes,
1614 685 1734 725 eam
1772 684 1967 739 capere
1999 683 2131 723 eon-

554 765 787 819 tendtmt
820 780 836 817 :
885 765 981 819 sed
1010 772 1158 819 tanta
1187 764 1334 818 caede
1358 777 1389 816 a
1424 761 1681 817 Romanis
1715 761 1918 831 repulsi
1978 770 2129 822 sunt,

554 862 614 908 ut
667 853 777 911 vivi
806 855 1097 910 humandis
1125 854 1353 910 mortuis
1392 867 1502 907 non
1556 852 1892 908 sufﬁcerent.
1951 850 2129 907 Naves

557 960 689 1000 vero
721 960 786 1000 ex
804 945 1038 1017 singulis
1068 945 1356 1001 arboribus
1387 945 1668 1010 confectae,
1704 945 1928 999 armatis
1953 942 2131 998 homi—

554 1034 716 1089 nibus
751 1032 986 1099 refertae,
1035 1042 1090 1089 et
1124 1048 1223 1104 per
1263 1034 1465 1098 sinum,
1511 1034 1603 1103 qui
1637 1032 1821 1088 Cornu
1847 1032 2130 1104 cognomi-

555 1134 737 1193 natur,
788 1126 845 1181 in
904 1126 1279 1183 Dlachemium
1324 1127 1663 1198 Deiparentis
1720 1128 1977 1198 templum
2030 1128 2129 1183 de-

555 1221 715 1286 latae,
777 1221 991 1276 turbine
1070 1230 1126 1277 et
1201 1218 1434 1291 procella
1503 1236 1567 1277 ex
1641 1222 1934 1292 improviso
1993 1221 2127 1277 mari

554 1314 926 1381 incumbente,
956 1315 1117 1385 idque
1150 1316 1204 1370 in
1230 1316 1367 1370 duas
1399 1322 1581 1385 partes
1618 1315 1958 1379 dilliudente,
2003 1328 2125 1370 cum

546 1405 809 1460 omnibus
870 1406 1108 1461 hostium
1172 1407 1403 1477 navigiis
1467 1408 1809 1463 interierunt.
1868 1408 2129 1479 Apparuit

551 1498 929 1553 admirandum
969 1514 1194 1568 prorsus
1248 1501 1568 1556 castissima:
1624 1502 1960 1571 Deiparentis
2021 1503 2125 1557 mi-

553 1588 821 1654 raculum,
879 1588 1188 1661 factumque
1212 1593 1685 1662 praeclarissimum
1719 1611 1732 1648 :
1759 1608 1951 1649 omnes
1978 1593 2123 1649 cnim

553 1680 623 1734 ad
654 1679 807 1735 littus
839 1682 1022 1746 maris,
1054 1682 1197 1753 quod
1227 1692 1309 1738 est
1340 1684 1392 1738 in
1439 1684 1771 1752 Blachernis,
1828 1687 2004 1757 ejecit.
2056 1686 2127 1741 At

2236 672 2375 724 ἑλεῖν
2407 672 2878 745 προθυμούμενοι·
2915 676 3053 731 ἀλλά
3082 678 3341 733 τοσοῦτον
3376 680 3485 735 ὑπὸ
3526 683 3638 736 τῶν
3671 685 3814 739 Ῥω-

2236 763 2412 832 μαίων
2441 765 2777 835 ἡττήθησαν,
2808 768 2884 831 ὼς
2919 768 3054 839 μηδὲ
3084 770 3304 834 ἱκανοὺς
3340 768 3480 827 εἶναι
3509 775 3641 838 τοὺς
3670 774 3811 839 ζῶν-

2232 870 2332 917 τας
2355 855 2529 909 καίειν
2553 855 2681 920 τοὺς
2701 857 3055 928 τεθνηκότας,
3087 860 3157 915 τά
3186 862 3244 915 δὲ
3270 863 3537 931 μονόξυλα
3568 865 3811 919 ὁπλιτῶν

2230 945 2435 1017 πλήρη,
2456 947 2548 1001 διὰ
2568 948 2660 1001 τοῦ
2688 950 3079 1021 ὲπιλεγομένου
3116 953 3348 1023 κέρατος
3375 954 3579 1009 κόλπου
3613 959 3699 1020 εἰς
3712 958 3811 1011 τὸν

2226 1040 2291 1093 ὲν
2309 1038 2637 1111 Βλαχὲρναις
2652 1043 2780 1095 ναὸν
2790 1044 2889 1113 τῆς
2909 1042 3252 1116 Θεομήτορος
3278 1046 3649 1117 καταγόμενα,
3669 1066 3807 1101 κατ-

2230 1130 2436 1199 αιγίδος
2466 1133 2724 1202 αἰφνηδὸν
2776 1137 2842 1206 τῇ
2894 1134 3141 1209 θαλάσση
3194 1139 3632 1211 ἑπεισπεσούσης
3667 1142 3811 1212 ῥαγ-

2227 1223 2404 1291 δαίας,
2462 1226 2558 1279 καὶ
2620 1227 2984 1300 διαιρησάσης
3038 1229 3243 1300 ταύτην
3264 1230 3347 1295 είς
3387 1232 3679 1303 τμήματα,
3709 1233 3811 1285 σὺν

2228 1316 2339 1377 τοῖς
2376 1314 2582 1379 πλοίοις
2614 1315 2784 1371 ἅπασι
2832 1318 2940 1371 τῶν
2974 1319 3186 1390 ἐχθρῶν
3212 1320 3498 1391 διεφθάρη,
3543 1321 3640 1374 καὶ
3664 1317 3810 1375 εῐδεν

2227 1407 2293 1464 ἄν
2321 1426 2406 1471 τις
2434 1410 2738 1481 παράδοξον
2767 1409 3103 1481 ἀριστούργη
3113 1429 3188 1481 μα
3216 1413 3318 1482 τῆς
3360 1412 3665 1481 πανάγνου,
3710 1414 3810 1464 καὶ¹

2227 1496 2603 1569 Θεομήτορος·
2639 1499 2852 1562 πάντας
2881 1498 2992 1571 γὰρ
3007 1499 3163 1567 παρὰ
3177 1500 3240 1553 τὸ
3268 1502 3446 1571 χεῖλος
3469 1505 3575 1572 τῆς
3603 1502 3806 1555 θαλάσ-

2227 1605 2328 1659 σης
2384 1589 2445 1641 τὸ
2490 1591 2550 1643 ἐν
2582 1589 2916 1660 Βλαχέρναις
2967 1590 3285 1662 ὲξέϐρασεν,
3332 1594 3363 1646 δ
3403 1591 3462 1647 δὲ
3508 1593 3637 1656 λαδς
3678 1594 3807 1647 ὅσον

2225 1681 2390 1751 τάχος
2443 1680 2544 1744 τὰς
2603 1681 2782 1744 πύλας
2837 1682 3301 1750 ἀναπετάσαντες,
3361 1684 3532 1756 ἄρδην
3593 1687 3809 1748 πάντας

550 1772 815 1842 populus,
867 1773 1037 1843 portis
1087 1775 1208 1830 sine
1248 1792 1396 1833 mora
1438 1777 1740 1848 patefactis,
1783 1792 1973 1834 omnes
2005 1794 2125 1834 om-

2229 1773 2572 1836 άπέκτειναν,
2606 1772 2705 1826 καὶ
2743 1773 2951 1839 παῖδες,
2992 1774 3088 1829 καὶ
3135 1778 3388 1844 γυναῖκες
3446 1777 3570 1830 κατ’
3623 1776 3805 1831 αὐτῶν

546 1861 686 1917 nino
727 1864 1038 1928 trucidavit,
1070 1867 1251 1936 pueris
1309 1877 1364 1923 et
1411 1869 1730 1924 mulieribus
1779 1870 1835 1924 in
1875 1870 1994 1925 illos
2042 1886 2129 1924 ar-

550 1954 735 2009 matis.
778 1954 980 2010 ﬂorum
1028 1971 1160 2012 vero
1191 1958 1358 2015 duces
1419 1960 1621 2016 reversi
1664 1970 1792 2016 sunt
1839 1977 1949 2017 non
2007 1962 2125 2017 sine

553 2044 804 2118 lacrymis
829 2056 886 2102 et
916 2047 1324 2106 lamentatione.

622 2138 694 2193 At
739 2139 833 2195 Dei
872 2140 1277 2197 amantissimus
1320 2144 1551 2213 populus
1588 2142 1911 2201 CPolitanus
1956 2152 2122 2202 totam

546 2238 769 2286 noctem
822 2231 1028 2302 absque
1074 2233 1182 2288 ulla
1246 2233 1648 2291 intermissione
1720 2236 1975 2307 hymnum
2029 2255 2128 2309 pro

550 2322 845 2393 gratiarum
896 2323 1111 2380 actione
1166 2324 1258 2379 Dei
1306 2324 1565 2381 Genitriei
1614 2327 1959 2392 decantavit,
2003 2338 2126 2383 tan-

550 2426 714 2483 quam
764 2412 843 2468 illi
913 2430 1035 2484 qua:
1088 2429 1187 2485 pro
1212 2416 1453 2471 omnium
1483 2418 1657 2473 salute
1692 2419 1946 2475 excubias
1980 2419 2125 2491 egisu

550 2513 669 2571 set,
728 2512 787 2560 et
829 2506 1037 2561 caelesti
1089 2521 1185 2562 sua
1236 2508 1433 2564 virtute
1478 2519 1585 2565 tam
1616 2510 1828 2583 insigne
1863 2520 2123 2582 tropaeum

550 2604 743 2651 contra
775 2597 959 2653 hostes
985 2599 1267 2655 erexisset.
1314 2600 1396 2655 Ab
1433 2601 1525 2656 illo
1568 2602 1731 2673 igitur
1765 2612 2027 2674 tempore,
2068 2604 2125 2659 in

551 2688 869 2743 memoriam
914 2691 1049 2745 tanti
1098 2706 1163 2745 ac
1202 2700 1313 2747 tam
1386 2692 1553 2749 divini
1588 2693 1856 2759 miraculi,
1886 2694 2125 2751 Ecclesia

554 2780 701 2836 hunc
740 2781 889 2836 diem
942 2782 1197 2838 festivum
1252 2798 1373 2840 esse
1418 2786 1588 2841 voluit
1634 2786 1906 2857 Deiparae,
1966 2789 2126 2858 cujus

552 2872 753 2928 auxilio
808 2881 917 2928 tam
970 2875 1226 2930 eximium
1278 2891 1494 2948 quoque
1555 2887 1817 2949 tropaeum
1880 2889 2122 2936 erectum

552 2960 675 3017 l'uit.
705 2962 1030 3018 Acatlu‘stum
1053 2980 1183 3021 vero
1229 2966 1550 3035 nominavit,
1603 2970 1746 3039 quod
1773 2977 1904 3026 tunc
1928 2978 1985 3025 et
2026 2986 2125 3041 po-

550 3054 736 3129 pulus,
785 3064 840 3110 et
866 3052 1047 3111 clerus
1074 3058 1363 3114 universus
1397 3060 1589 3116 eodem
1644 3061 1839 3117 ardore
1876 3062 2019 3118 idem
2042 3062 2123 3117 l’a-
2149 3090 2194 3149 α

549 3160 758 3215 cet-ent,
784 3147 1003 3208 nemine
1036 3158 1304 3222 cessante,
1334 3150 1554 3211 nemine
1582 3166 1613 3206 a
1643 3151 1846 3213 divinis
1877 3152 2125 3210 laudibus

548 3242 882 3314 quiescente.

619 3332 887 3391 Ceterum
914 3345 1035 3408 post
1066 3338 1282 3411 triginta
1305 3355 1399 3396 sex
1425 3355 1618 3405 annos,
1642 3342 1744 3396 sub
1765 3341 2126 3398 Constantino

548 3424 844 3499 Pogonato,
888 3430 1142 3502 Agareni,
1195 3433 1431 3488 maximo
1485 3442 1674 3489 coacto
1703 3435 1969 3501 exercitu,
1998 3452 2123 3490 rur-

550 3532 645 3573 sus
684 3518 899 3575 CPolim
947 3523 1186 3593 aggressi
1233 3533 1381 3589 sunt,
1427 3533 1483 3579 et
1527 3534 1734 3595 septem
1773 3527 1929 3582 annis
1973 3542 2124 3582 eam-

550 3611 675 3665 dem
706 3613 1085 3669 obsederunt:
1125 3630 1233 3684 quo
1259 3625 1502 3686 tempore
1540 3617 1596 3671 in
1661 3618 1836 3689 Cyzici
1880 3621 2124 3690 partibus

558 3702 884 3769 hiemantes,
933 3706 1133 3761 multos
1186 3723 1254 3761 ex
1284 3708 1398 3763 suis
1440 3710 1761 3765 amiserunt.
1792 3712 1997 3768 Deinde
2026 3729 2124 3783 spe

552 3792 783 3861 abiecta,
827 3809 953 3849 cum
990 3797 1243 3853 universa
1287 3798 1461 3855 classe
1491 3801 1776 3866 abeuntes,
1826 3812 1881 3857 et
1912 3804 1977 3858 ad
2023 3804 2123 3876 Sy-

552 3883 714 3939 laaum
762 3886 957 3953 delati,
990 3905 1182 3947 omnes
1235 3891 1488 3948 ﬂuctibus
1546 3894 1713 3950 maris
1763 3896 1941 3952 hausti
1980 3897 2125 3952 inte-

552 3978 783 4043 rierunt,
839 3995 945 4052 ope
1013 3991 1069 4037 et
1124 3984 1380 4055 auspiciis
1430 3985 1767 4043 intemeratae
1833 3986 2125 4059 Deipareno

556 4070 648 4124 tis.

627 4158 731 4215 Sed
757 4171 812 4217 et
838 4163 941 4219 sub
982 4162 1162 4220 Leone
1188 4165 1393 4233 lsanro,
1426 4168 1677 4240 Agareni,
1712 4168 2126 4239 quamplurimis

552 4250 888 4322 myriadibus
915 4256 1275 4327 congregatis,
1324 4258 1559 4328 primum
1583 4258 1801 4329 quidem
1839 4259 2123 4315 Persarum

554 4357 778 4414 regnum
806 4345 1133 4402 exscindunt
1163 4364 1176 4401 :
1210 4348 1406 4404 deinde
1446 4349 1758 4421 Egyptum,
1795 4359 1852 4404 et
1880 4350 2124 4422 Libyam,

2227 1861 2626 1933 ἀνδριζόμενοι.

2235 2155 2437 2224 ,,,”ογε
2489 2153 2595 2225 μὴν
2655 2148 2910 2224 θεοφιλὴς
2967 2147 3069 2223 τῆς
3116 2150 3527 2206 Κωνσταντίνου
3578 2152 3710 2215 λαὸς
3736 2155 3802 2223 τῇ

2225 2244 2529 2314 Θεομήτορι
2573 2241 2675 2313 τὴν
2721 2242 2881 2313 χάριν
2910 2242 3315 2313 ἀφοσιούμενοι,
3349 2241 3661 2294 ὀλονύκτιον
3710 2240 3806 2291 τὸν

2227 2337 2419 2408 ὕμνον,
2471 2335 2566 2389 καὶ
2616 2335 2912 2389 άκάθιστον
2941 2336 3079 2405 αὐτῇ
3117 2332 3487 2405 ὲμελῲδησαν,
3544 2332 3623 2395 ὡς
3657 2331 3804 2401 ὑπὲρ

2227 2429 2404 2483 αὐτῶν
2434 2429 2855 2499 ἀγρυπνησάσῃ,
2882 2428 2977 2481 καὶ
3005 2428 3278 2498 ὑπερφυεῖ
3303 2426 3529 2496 δυνάμει
3564 2423 3803 2495 διαπρα-

2228 2522 2436 2594 ξαμένῃ
2461 2520 2523 2574 τὸ
2541 2520 2684 2575 κατὰ
2711 2519 2820 2574 τῶν
2842 2518 3052 2590 ἐχθρῶν
3074 2519 3361 2591 τρόπαιον·
3394 2518 3582 2571 ἔκτοτε
3605 2518 3703 2570 οὖν
3721 2518 3805 2579 είς

2230 2613 2420 2683 μνείαν
2481 2610 2574 2665 τοῦ
2631 2609 2890 2664 τοσούτου
2931 2611 3029 2665 καὶ
3059 2609 3371 2681 ὑπερφυοῦς
3424 2608 3730 2679 θαύματος,
3766 2610 3801 2679 ἠ

2238 2699 2534 2771 Ἐκκλησία
2560 2699 2660 2771 τὴν
2683 2698 2941 2771 τοιαύτην
2971 2700 3165 2771 ἑορτὴν
3211 2698 3485 2772 Μρέλαὸε
3525 2702 3595 2771 τῇ
3618 2700 3809 2769 Μητρὶ

2225 2791 2538 2847 ἀνατιθέναι
2565 2791 2661 2844 τοῦ
2695 2791 2833 2845 Θεοῦ
2884 2792 2963 2863 τῷ
2987 2794 3215 2864 παρόντι
3243 2791 3440 2863 καιρῷ,
3474 2792 3564 2845 ὅτε
3602 2793 3700 2845 καὶ
3740 2791 3805 2844 τὸ

2222 2883 2481 2954 τρόπαιον
2507 2885 2572 2955 τῇ
2600 2883 2903 2955 Θεομήτορι
2928 2883 3173 2953 γέγονεν.
3216 2884 3569 2940 Ἀκάθιστογ
3584 2884 3643 2938 δὲ
3668 2884 3805 2936 ὠνό-

2228 2990 2427 3044 μασαν,
2472 2972 2562 3027 διὰ
2619 2972 2682 3026 τὸ
2722 2974 2845 3027 τότε
2895 2972 3039 3028 οὕτω
3089 2972 3294 3045 πρᾶξαι
3348 2974 3438 3029 τὸν
3463 2975 3564 3046 τῆς
3592 2974 3802 3037 πόλεως

2223 3065 2426 3138 κλῆρόν
2455 3082 2514 3120 τε
2552 3064 2648 3121 καὶ
2673 3064 2802 3120 λαὸν
2831 3066 3068 3121 ἅπαντα.

2296 3333 2453 3388 Μετὰ
2477 3333 2534 3388 δὲ
2566 3334 2896 3406 παρέλευσιν
2916 3336 3126 3409 χρόνων
3145 3338 3441 3410 τριάκοντα
3470 3340 3550 3406 ἒξ,
3579 3341 3675 3394 ἐπὶ
3698 3340 3800 3411 τῆς

2228 3425 2504 3502 βασιλείας
2525 3426 2935 3482 Κωνσταντίνου
2963 3428 3058 3481 τοῦ
3077 3429 3398 3498 Πωγονάτου
3423 3432 3474 3485 oi
3503 3432 3801 3504 ’Δγαρηνοὶ

2224 3525 2449 3596 ἄπειρον
2488 3519 2748 3594 στρατιὰν
2781 3520 3132 3589 ἐπαγόμενοι.
3164 3523 3325 3576 πάλιν
3351 3526 3418 3595 τῇ
3444 3525 3799 3578 Κωνσταντί-

2225 3633 2317 3671 νου
2348 3615 2621 3679 ἐπέθεντο,
2645 3616 2742 3668 καὶ
2762 3612 2855 3667 ἐπὶ
2886 3613 3023 3670 me
3043 3612 3185 3670 ἔτεσι
3213 3614 3415 3681 ταύτην
3442 3614 3802 3685 πολιορκοῦν-

2223 3725 2335 3773 ται,
2368 3708 2459 3761 ὃτε
2492 3707 2589 3761 καὶ
2618 3708 2676 3761 ὲν
2704 3709 2816 3771 τοῖς
2850 3700 3090 3773 Κυζίκου
3123 3707 3531 3782 παρεχείμαζον
3579 3709 3799 3778 μέρεσι,

2226 3797 2453 3861 πολλοὺς
2476 3798 2585 3850 τῶν
2626 3797 2844 3851 οἰκείων
2890 3799 3240 3871 διέφθειραν*
3276 3797 3398 3856 εἶτα
3446 3800 3802 3862 απετπόνπς.

2225 3890 2319 3943 καὶ
2350 3891 2491 3960 μετὰ
2517 3888 2611 3943 τοῦ
2648 3886 2838 3946 στόλου
2872 3892 3053 3946 αὐτῶν
3084 3894 3543 3968 ὑποστρέφοντες,
3586 3900 3694 3952 κάν
3722 3898 3803 3970 τῷ

2226 3981 2435 4053 Συλαίῳ
2461 3982 2761 4051 γενόμενοι,
2782 3985 2849 4054 τῇ
2867 3983 3111 4056 θαλάσσῃ
3142 3986 3344 4050 πάντες
3368 3988 3800 4060 κατεποντίσθη·

2227 4090 2326 4127 σαν
2359 4075 2665 4145 προστασία
2689 4075 2785 4145 τῆς
2813 4075 3110 4144 πανάτνου,
3133 4076 3228 4131 καὶ
3251 4076 3618 4149 Θεομήτορος.

2307 4163 2468 4219 Ἀλλὰ
2495 4166 2589 4219 καὶ
2612 4166 2675 4219 τὸ
2706 4166 2889 4238 τρίτον
2917 4164 3074 4231 αὖθις
3119 4168 3214 4223 ἐπὶ
3250 4168 3481 4234 Λέοντος
3503 4170 3599 4224 τοῦ
3624 4171 3803 4226 Ἰσαύ-

2230 4274 2344 4327 ρου,
2374 4259 2421 4311 οι
2450 4258 2511 4323 ἐξ
2542 4258 2722 4328 Ἀγαρ
2757 4259 2898 4330 ὑπὲρ
2927 4259 3184 4324 πλείστας
3226 4261 3492 4331 μυριάδας
3536 4263 3806 4333 ἀριθμουο

2230 4367 2403 4421 μενοι,
2430 4350 2646 4421 πρῶτον
2673 4351 2771 4421 μὲν
2791 4352 2889 4421 τὴν
2906 4352 3014 4405 τῶν
3043 4353 3267 4423 Περσῶν
3294 4354 3616 4421 ἀφανίζουσι
3644 4356 3804 4426 βασι-

551 4433 685 4501 quin
714 4446 772 4491 et
824 4434 1005 4503 Indos,
1037 4446 1093 4493 et
1123 4437 1433 4509 Ethiopes,
1492 4449 1550 4495 et
1607 4440 1875 4511 Hispanos
1913 4458 2128 4512 quoque

2232 4442 2403 4509 λείαν,
2432 4438 2551 4497 εἶτα
2571 4442 2669 4515 τὴν
2685 4445 2981 4513 Αἴγυπτον,
3013 4445 3109 4500 καὶ
3135 4446 3346 4518 Λιϐύην
3382 4448 3802 4520 ἐπιδραμόντες,

553 4526 900 4595 pervolitant,
931 4536 986 4584 et
1027 4528 1095 4584 ad
1146 4540 1451 4586 extremum
1499 4532 1762 4588 adversus
1829 4533 2002 4603 ipsam
2032 4550 2128 4588 ur—

554 4618 707 4673 bium
763 4620 1003 4691 reginam
1037 4622 1440 4693 expeditionem
1491 4625 1829 4696 suscipiunt,
1879 4627 2130 4683 adductis

550 4709 724 4763 octies
753 4710 899 4767 mille
920 4714 1169 4770 navibus.
1199 4713 1466 4771 Conclusa
1520 4717 1685 4789 igitur
1720 4719 1775 4772 in
1814 4720 2002 4775 orbem
2047 4721 2128 4775 ci-

555 4801 741 4867 vitate,
772 4803 920 4860 velut
947 4806 1172 4877 jamjam
1228 4806 1373 4862 illam
1414 4809 1679 4879 direpturi
1716 4813 2126 4882 exspectabant.

557 4889 724 4947 l’orro
753 4904 996 4954 sacratus
1047 4899 1199 4955 urbis
1231 4900 1463 4971 populus
1514 4902 1811 4957 venerabili
1878 4904 2129 4974 pretiosae

553 4992 612 5036 et
664 4985 891 5042 viviﬁcae
912 4990 1092 5045 crucis
1122 4991 1267 5062 ligno
1303 5001 1602 5062 assumpto,
1646 5002 1976 5064 acceptaque
2006 4994 2129 5050 Vir-

555 5071 696 5143 ginis
726 5074 1063 5147 llodegetria:
1112 5080 1364 5151 imagine,
1403 5084 1605 5137 moenia
1636 5083 2027 5149 circumdabat,
2056 5086 2132 5140 la~

554 5165 752 5233 crymis
786 5166 954 5222 Deum
1012 5172 1327 5240 propitians.
1378 5172 1665 5229 Communi
1695 5176 1856 5245 igitur
1911 5177 2131 5232 decreto

556 5256 790 5326 Agareni
850 5259 909 5314 in
958 5259 1096 5315 duas
1118 5270 1298 5330 partes
1326 5264 1660 5331 dividuntur,
1693 5276 1747 5321 et
1774 5268 1865 5321 alii
1912 5269 2128 5337 quidem

555 5345 609 5400 in
638 5346 897 5419 Bulgaros
916 5365 1068 5405 arma
1102 5351 1305 5418 ferunt,
1348 5354 1439 5408 ubi
1473 5355 1592 5410 duze
1616 5356 1826 5410 illorum
1860 5357 2131 5427 myriades

551 5441 906 5496 occumbunt.
939 5441 1043 5508 Qui
1073 5459 1202 5498 vero
1228 5444 1293 5498 ad
1323 5446 1733 5515 occupationem
1755 5446 1906 5501 urbis
1959 5447 2130 5501 relicti

555 5539 706 5597 sunt,
738 5532 983 5604 impediti
1013 5550 1042 5588 a
1064 5546 1277 5600 catena,
1308 5552 1429 5605 quae
1460 5552 1490 5590 a
1510 5536 1696 5591 Galata
1725 5537 1791 5592 ad
1822 5538 1971 5607 urbis
1995 5554 2132 5594 ma:-

554 5623 644 5677 nia
687 5627 963 5698 pertingit,
996 5627 1319 5683 deferuntur
1358 5627 1427 5682 ad
1467 5628 1665 5695 locum,
1706 5644 1866 5699 quem
1902 5628 2130 5684 Sosthe-

560 5717 711 5773 nium
755 5720 1058 5787 nominant,
1095 5722 1185 5776 ubi
1227 5736 1352 5775 cum
1404 5721 1680 5776 violentus
1728 5722 1912 5792 aquilo
1956 5723 2125 5779 exsti-

2232 4534 2329 4589 καὶ
2384 4534 2603 4599 Ἰνδοὺς,
2652 4534 2916 4598 Αἰθίοπάς
2970 4553 3030 4588 τε
3077 4537 3171 4590 καὶ
3224 4534 3529 4604 Ἱσπανοὺς,
3573 4539 3806 4611 ὕστερον

2230 4627 2326 4679 καὶ
2354 4627 2475 4680 κατ’
2506 4626 2677 4699 αὐτῆς
2708 4628 2809 4698 τῆς
2850 4628 3120 4700 βασιλίδος
3152 4631 3261 4683 τῶν
3290 4632 3502 4686 πόλεων
3538 4634 3805 4706 ἐπιστρα-

2230 4716 2469 4783 τεύουσι,
2487 4715 2633 4786 χίλια
2648 4718 2945 4772 ὀκτακόσια
2978 4720 3135 4773 πλοῖα
3170 4722 3809 4793 ἐπιφερόμενοι,κυιιλιί.»⁴⁵

2232 4824 2423 4871 σαντες
2438 4803 2533 4861 οὖν
2553 4809 2743 4879 αὐτὴν,
2769 4810 2845 4873 ὡς
2874 4810 3073 4864 αὐτίκα
3094 4811 3565 4883 διαναρπάσαντες
3588 4815 3802 4885 ἔμενον.

2241 4896 2299 4953 '0
2332 4901 2389 4953 δὲ
2421 4900 2523 4971 τῆς
2553 4900 2760 4965 πόλεως
2819 4903 2966 4972 ἱερὸς
3007 4903 3135 4967 λαὸς
3186 4905 3248 4957 τὸ
3278 4906 3476 4960 σεπτὸν
3515 4907 3678 4973 ξύλον
3710 4908 3806 4962 τοῦ

2229 4991 2413 5059 τιμίου
2463 4992 2560 5045 καὶ
2601 4992 2865 5056 ζωοποιοῦ
2914 4995 3168 5064 σταυροῦ,
3213 4997 3310 5049 καὶ
3359 4996 3459 5069 τὴν
3506 4998 3808 5069 σεϐάσμιον

2231 5082 2415 5136 είκόνα
2442 5083 2545 5153 τῆς
2576 5084 2920 5156 Θεομήτορος
2971 5086 3299 5158 ὁδηγητρίας
3333 5089 3694 5159 ἐπαγόμενοι,
3748 5091 3808 5143 τὸ

2228 5178 2406 5247 τεῖχος
2439 5175 2853 5247 περιεκύκλουν,
2886 5176 2983 5228 σὺν
3008 5177 3239 5247 δάκρυσι
3266 5178 3355 5231 τὸν
3387 5178 3521 5232 Θεὸν
3554 5180 3809 5252 ἱλεούμε-

2231 5287 2333 5323 νοι.
2387 5268 2557 5333 Δόξαν
2600 5265 2695 5323 οὖν
2721 5268 2865 5322 οὕτω
2902 5273 3014 5334 τοίς
3047 5272 3388 5342 Ἀγαρηνοῖς,
3421 5274 3503 5336 εἰς
3544 5273 3640 5328 δύο
3672 5276 3813 5330 διαι-

2235 5359 2452 5430 ροῦνται
2507 5359 2672 5431 μέρη,
2721 5362 2814 5414 καὶ
2857 5362 2906 5413 οἱ
2957 5364 3055 5432 μὲν
3092 5365 3232 5417 κατὰ
3268 5365 3599 5436 Βουλγάρων
3647 5385 3814 5439 στρα-

2230 5449 2469 5513 τεύουσι,
2519 5451 2615 5502 καὶ
2643 5448 2936 5505 πίπτουσιν
2973 5453 3151 5505 ἐκεῖσε
3198 5453 3336 5525 ὑπὲρ
3378 5456 3648 5528 μυριάδας
3677 5458 3809 5512 δύου

2231 5544 2281 5593 oi
2310 5541 2368 5593 δὲ
2418 5541 2881 5615 περιελείφθησαν
2925 5544 3025 5613 τὴν
3053 5545 3207 5597 πόλιν
3242 5546 3416 5599 ἑλεῖν·
3469 5548 3812 5614 κωλυθέντες

2233 5634 2288 5686 δὲ
2321 5634 2425 5687 ὑπὸ
2452 5634 2553 5705 τῆς
2569 5634 2832 5699 ἁλύσεως,
2856 5637 3149 5709 διηκούσης
3180 5639 3289 5693 ἀπὸ
3320 5640 3426 5693 τῶν
3456 5641 3701 5696 Γαλάτου
3731 5644 3811 5706 είς

2234 5724 2303 5779 τὰ
2336 5725 2493 5797 τείχη
2521 5727 2621 5796 τῆς
2647 5727 2875 5796 πόλεως,
2900 5728 3225 5799 ἀναχθέντες
3270 5731 3505 5802 περίπου
3552 5734 3612 5787 τὸ
3651 5734 3811 5803 λεγό-
