4126 6282
366 249 501 316 1:353

1209 242 1528 303 HYMNUS
1574 236 2066 300 ACATHISTUS.
2097 261 2165 270 -·
2190 236 2507 308 QUERCII
2547 239 2784 300 ΝΟΤΕ.

3494 238 3632 305 135$

362 378 525 433 μενον
550 355 849 413 Σωσθίνιον
878 354 1141 423 γίνονται,
1177 355 1342 407 κάκεῖ
1368 352 1575 422 ἀνέμου
1626 349 1816 421 βορέου
1844 365 1944 401 κα-
1973 383 1982 409 ι

2066 349 2223 415 isset,
2292 349 2557 420 pluraque
2619 364 2688 404 ex
2742 364 2933 405 eorum
2985 350 3215 422 navigiis
3260 353 3510 410 dill’racta
3578 368 3635 411 et

356 447 746 522 ταῤῥαγέντος,
780 443 851 498 τὰ
877 442 1051 497 πολλὰ
1071 441 1179 495 τῶν
1213 441 1415 495 πλοίων
1444 440 1621 493 αὐτῶν
1649 438 1942 510 διερειάγη,

356 543 453 597 καὶ
488 538 859 609 διεφθάρησαν
881 552 895 567 ·
923 537 973 588 οί
996 534 1054 589 δὲ
1080 532 1527 605 περιλειφθέντες
1558 530 1702 602 λιμῷ
1724 529 1943 601 σφοδρῷ

360 633 711 705 περιέπεσον,
770 629 849 693 ὡς
885 628 983 682 καὶ
1016 626 1375 699 ἀνθρωπίνων
1433 625 1655 697 σαρκῶν
1680 623 1943 693 ἅψασθαι,

360 722 567 794 κόπρια
592 738 653 774 τε
683 720 883 791 φυρᾷν,
932 719 1029 774 καὶ
1059 716 1260 771 ἐσθίειν
1284 732 1298 747 ’
1354 710 1477 768 εἶτα
1510 714 1796 785 φυγόντες,
1850 713 1947 767 καὶ

360 817 504 871 κατά
527 815 590 869 τὸ
614 815 839 883 Αἰγαῖον
863 811 1149 883 γενόμενοι
1170 809 1431 880 πέλαγος,
1451 808 1524 862 τὰ
1547 807 1732 878 σκάφη
1763 806 1946 863 αὐτῶν

362 909 606 972 ἃπαντα,
627 906 723 961 καὶ
743 904 972 968 ἑαυτοὺς
995 902 1077 975 τῷ
1094 903 1194 973 τῆς
1223 901 1508 970 θαλάσσης
1534 900 1740 955 διδοῦσι
1772 897 1943 970 βυθῷ·

352 999 579 1069 χάλαζα
610 997 721 1071 γὰρ
756 995 990 1069 ῥαγδαία
1042 992 1335 1066 οὐρανόθεν
1381 990 1792 1055 καταπεσοῦσα,
1850 990 1947 1045 κα).

368 1090 615 1163 βρασμὸν
685 1089 829 1143 κατὰ
888 1089 991 1158 τῆς
1046 1086 1326 1155 θαλάσσης
1356 1083 1636 1155 ποιήσασα
1683 1082 1783 1154 τὴν
1836 1080 1948 1136 τῶν

356 1182 572 1237 πλοίων
624 1180 830 1235 πίσσαν
857 1178 1091 1244 διέλυσε,
1125 1176 1223 1231 καὶ
1278 1175 1452 1241 οὕτως
1478 1177 1507 1229 ό
1534 1172 1948 1247 ἀπειροπληθὴς

365 1275 575 1336 ἰκτῖνος
624 1272 813 1336 στόλος
868 1269 1113 1333 διώλολε,
1149 1267 1320 1339 τριῶν
1365 1266 1547 1337 μόνων
1573 1266 1656 1331 είς
1687 1265 1950 1335 ἀγγελίαν

366 1364 854 1438 περιλειφθέντων.

439 1456 543 1511 Διά
567 1456 744 1511 ταῦτα
772 1455 959 1510 τοίνυν
1010 1454 1228 1510 ἅπαντα
1256 1453 1329 1509 τά
1361 1450 1615 1524 ὑπερφυῆ
1669 1448 1951 1520 θαυμάσια

369 1550 470 1619 τῆς
494 1550 797 1618 πανάγνου.
829 1549 923 1602 καὶ
936 1547 1285 1624 βεομήτορος
1306 1546 1406 1618 τὴν
1436 1542 1721 1615 παροῦσαν
1752 1543 1950 1615 ἑορτὴν

2047 442 2332 498 submersa
2372 451 2533 496 sunt:
2567 451 2624 496 at
2652 439 2902 497 residuos
2944 450 3093 497 tanta
3126 442 3299 499 fames
3345 447 3515 516 coepit
3546 447 3633 501 in-

2040 550 2280 602 ccssere,
2326 544 2388 590 ut
2434 534 2505 590 ab
2536 549 2635 590 esu
2678 535 3040 590 humanarum
3084 536 3329 591 carnium
3373 538 3477 593 sibi
3516 555 3635 594 non

2046 636 2439 699 temperarent,
2482 627 2894 696 commistisque
2949 628 3288 684 stercoribus
3335 645 3631 686 vesceren-

2044 726 2156 772 tur.
2207 717 2416 773 Deinde
2446 727 2665 790 arrepta
2722 718 2849 790 fuga
2896 734 3021 774 cum
3080 720 3136 774 in
3181 720 3424 792 Egteum
3482 738 3633 778 mare

2049 810 2451 880 pervenissent,
2480 823 2674 867 omnes
2696 825 2825 866 suas
2854 826 3043 879 naves,
3094 811 3319 883 insuper
3337 822 3398 868 et
3427 815 3635 884 seipsos

2054 903 2109 957 in
2165 901 2501 972 profundum
2552 903 2965 976 praecipitarunt
3012 905 3273 977 :grando
3324 906 3475 960 enim
3525 906 3635 960 vio—

2048 990 2196 1045 lenta
2234 1006 2267 1047 e
2310 993 2452 1048 coelo
2497 994 2742 1065 delapsa,
2791 994 3179 1066 fervoremque
3230 997 3400 1051 maris
3446 997 3635 1053 conci-

2046 1093 2196 1148 tans,
2229 1084 2406 1155 picem
2451 1087 2793 1158 navigiorum
2816 1088 3086 1145 dissolvit.
3122 1088 3215 1145 Sic
3251 1089 3515 1145 immensa
3546 1072 3636 1145 illa

2044 1177 2237 1234 classis
2262 1178 2531 1250 disperiit,
2566 1181 2742 1237 tribus
2763 1181 3044 1250 duntaxat,
3058 1182 3150 1254 qui
3183 1183 3356 1239 cladis
3380 1184 3635 1238 nuntium

2050 1270 2345 1337 referrent,
2372 1273 2786 1344 superstitibus.

2122 1453 2356 1524 Propter
2384 1453 2503 1509 haec
2540 1453 2708 1525 igitur
2735 1462 2847 1509 tam
2895 1452 3215 1509 admiranda
3264 1467 3296 1509 a
3328 1452 3637 1509 castissima

2050 1545 2148 1602 Dei
2203 1546 2483 1603 Genitrice
2525 1562 2694 1617 opera
2754 1554 2967 1617 patrata
3007 1555 3330 1616 praesentem
3376 1545 3525 1602 diem
3559 1544 3638 1600 ie-

370 1640 704 1712 ὲορτάζομεν
732 1654 747 1671 ·
789 1638 1133 1706 Ἇκὰθιστος
1167 1638 1227 1693 δὲ
1248 1638 1488 1708 εἴρηται,
1515 1634 1653 1691 διότι
1681 1632 1945 1705 ὀρθοστά-

2066 1646 2201 1691 stum
2254 1635 2621 1691 celebramus.
2674 1635 2981 1691 Acethistu
3020 1650 3192 1701 vero,
3240 1634 3397 1705 quasi
3441 1650 3637 1691 carens

369 1708 468 1804 δην
498 1708 619 1788 mi
666 1734 775 1797 πᾶς
823 1734 853 1787 ό
898 1731 1029 1796 λαὸς
1086 1728 1229 1784 κατὰ
1254 1728 1355 1801 τὴν
1386 1728 1559 1783 νύκτα
1590 1728 1811 1799 ἐκείνην
1854 1726 1949 1780 τὸν

2066 1728 2328 1791 sessione,
2354 1727 2536 1782 dictus
2580 1737 2685 1792 est,
2716 1728 2861 1797 quod
2892 1737 3040 1783 totus
3074 1727 3307 1798 populus
3338 1736 3449 1783 tota
3480 1733 3643 1782 nocte

373 1825 539 1895 ὕμνον
566 1826 633 1895 τῇ
655 1822 750 1877 τοῦ
768 1821 939 1891 Λόγου
970 1821 1155 1892 Μητρὶ
1184 1819 1427 1891 ἔμελψαν
1445 1834 1459 1847 ·
1497 1818 1593 1873 καὶ
1619 1819 1702 1873 ὅτι
1727 1820 1787 1872 ἐν
1818 1818 1958 1872 πᾶσι

371 1920 483 1981 τοῖς
510 1916 696 1980 ἀλλοις
724 1914 897 1978 οἴκοις
927 1913 1205 1984 καθῆσθαι
1233 1912 1295 1978 ἐξ
1320 1912 1476 1978 ἔθους
1513 1910 1749 1981 ἔχοντες,
1768 1912 1826 1966 ὲν
1844 1913 1958 1975 τοις

376 2008 609 2077 παροῦσι
652 2008 758 2079 τῆς
785 2008 1129 2079 Θεομήτορος
1169 2005 1322 2078 ὀρθοὶ
1374 2005 1576 2069 πάντες
1604 2004 1955 2077 ἀκροώμεθα.

373 2104 510 2162 Ταῖς
574 2102 676 2173 τῆς
736 2101 836 2169 σῆς
868 2099 1217 2171 ὑπιρμᾲχου
1284 2114 1387 2163 τι,
1445 2097 1541 2152 καὶ
1597 2097 1957 2169 ἀπροσμάχου

376 2192 599 2263 Μητρὸς
638 2190 979 2263 πρεσϐείαις,
1008 2187 1215 2261 Χριστὲ
1239 2189 1269 2243 δ
1304 2186 1459 2253 Θεὸς,
1491 2187 1603 2240 τῶν
1635 2185 1958 2257 περικειμέ-

375 2305 481 2341 νων
529 2285 625 2340 καὶ
669 2281 1178 2356 ήμᾶςάπάλλαξον
1238 2279 1558 2355 συμφορῶν,
1591 2278 1689 2333 καὶ
1728 2277 1953 2350 ἐλέησον

319 2404 324 2412 ”
375 2380 547 2451 ἡμᾶς,
571 2379 649 2442 ὼς
684 2376 844 2448 μόνος
878 2372 1278 2446 φιλάνθρωπος.

450 2629 567 2684 iam
598 2642 661 2682 ea
690 2624 893 2688 omnia,
924 2639 1045 2693 qua:
1094 2623 1241 2677 circa
1301 2619 1570 2694 llymnum
1623 2620 1960 2674 Acatbistum

381 2719 486 2776 dici
522 2723 767 2789 possent,
786 2714 955 2769 habes
983 2713 1039 2768 in
1070 2713 1173 2769 hac
1199 2693 1964 2767 narrationeluculentissime

382 2822 618 2880 expensa
667 2821 731 2861 ac
771 2804 1165 2861 demonstrata.
1207 2802 1683 2873 Supervacaneum
1740 2801 1965 2857 omnino

383 2910 549 2966 esset,
606 2898 688 2955 vel
737 2913 801 2953 ea
838 2897 927 2951 hic
974 2909 1293 2965 congerere,
1339 2909 1461 2963 qua:
1505 2902 1695 2948 contra
1738 2891 1963 2947 iunium

386 2994 615 3048 solerter
654 2989 937 3046 adnotavit
977 2987 1289 3053 Gretserus,
1323 2996 1379 3041 ut
1435 2986 1559 3056 ejus
1612 2984 1961 3040 allucinatio-

2058 1818 2253 1875 stando
2313 1819 2572 1890 hymnum
2642 1819 2890 1892 Deipam
2934 1820 3278 1876 concinnet-it
3321 1836 3336 1874 :
3387 1812 3643 1891 quoaquo

2060 1926 2185 1967 cum
2216 1910 2273 1964 in
2303 1910 2424 1967 aliis
2443 1911 2703 1968 omnibus
2727 1912 2936 1968 adibus
2965 1928 3029 1967 ex
3064 1928 3216 1968 more
3240 1913 3434 1969 sedere
3457 1912 3639 1977 liceat.

2061 2002 2117 2057 in
2162 2001 2288 2057 istis
2321 2002 2523 2060 divinae
2550 2004 2757 2071 Matris,
2796 2006 2964 2062 erecti
2984 2022 3178 2061 omnes
3195 2013 3403 2061 stantes
3424 2005 3645 2060 auscul-

2064 2097 2246 2145 tamus
2276 2105 2290 2141 :
2329 2092 2585 2161 precibus
2618 2095 3077 2166 propugnatricis,
3109 2104 3164 2150 et
3194 2095 3409 2152 invicta
3458 2095 3645 2150 Matris

2063 2189 2192 2248 tute,
2248 2182 2473 2238 Christe
2529 2183 2696 2251 Deus,
2750 2186 2820 2240 ab
2857 2186 3275 2241 imminentibus
3330 2202 3432 2241 nos
3476 2186 3643 2243 libera

2058 2274 2480 2342 calamitatibus,
2529 2285 2589 2333 et
2662 2277 2926 2334 miserere
2972 2279 3152 2346 nobis,
3200 2289 3454 2350 tanquam
3497 2279 3646 2336 solus

2060 2368 2302 2424 clemens
2326 2378 2382 2424 et
2405 2368 2739 2426 misericors.

2064 2617 2302 2673 dubito:
2346 2618 2397 2672 id
2424 2618 2570 2675 enim
2604 2619 2721 2691 ipse
2766 2620 2818 2675 in
2852 2619 3072 2676 Trtodto
3133 2620 3323 2677 titulus
3373 2623 3503 2677 satis
3548 2620 3646 2678 de-

2065 2711 2275 2767 clarat:
2349 2712 2822 2784 ’Λναγινὼσκομεν
2858 2714 2969 2769 ἀπὸ
3021 2713 3130 2768 τῶν
3170 2714 3346 2769 Οίκων
3382 2721 3456 2780 ς’,
3494 2714 3650 2769 ἱστά-

2069 2805 2209 2875 μεθα
2242 2805 2297 2859 δὲ
2334 2807 2417 2870 είς
2440 2805 2645 2861 τούτων
2669 2806 2975 2876 ἀνάγνωσιν
2998 2822 3014 2837 ’
3074 2806 3349 2879 Leguntur
3375 2807 3533 2877 primi
3559 2822 3651 2861 se:

2066 2894 2207 2960 Oeci,
2267 2904 2316 2951 et
2375 2906 2602 2963 stamus,
2651 2898 2779 2952 dum
2832 2914 3012 2953 eorum
3062 2898 3123 2967 ﬁt
3180 2898 3352 2953 lectio.
3396 2898 3465 2952 At
3491 2914 3645 2962 vero,

2067 2987 2315 3056 quamvis
2368 2988 2501 3044 satis
2553 3004 2826 3060 superque
2877 2989 2945 3045 de
2991 2990 3289 3057 Abaribus,
3350 3002 3512 3060 atque
3580 2992 3650 3047 de

388 3103 513 3142 nem
545 3085 687 3142 circa
714 3082 967 3139 A'catltisti
1001 3080 1501 3137 denominationem
1548 3079 1851 3134 evinceret.
1892 3077 1962 3131 ΙΙ·
1991 3121 2034 3178 c
2070 3075 2280 3147 llymno
2328 3077 2613 3132 Acatltisto
2658 3079 2922 3135 hactenus
2968 3079 3173 3135 dictum
3223 3080 3325 3145 sit;
3372 3081 3650 3137 nihilomi-

388 3179 481 3233 lud
518 3187 696 3232 tamen
750 3175 911 3229 velim
957 3172 1381 3237 animadvertas,
1432 3185 1576 3226 anne
1634 3170 1723 3224 illa
1776 3169 1961 3234 verba,

389 3269 591 3340 quibus
624 3265 864 3324 narratio
903 3264 1193 3329 clauditur,
1223 3264 1349 3316 Ὅτι
1372 3263 1432 3316 ὲν
1457 3262 1593 3316 πᾶσι
1621 3264 1733 3326 τοῖς
1786 3260 1964 3325 ἄλλοις

390 3361 559 3423 οἴκοις
587 3357 855 3429 καθῆσθαι
909 3355 970 3422 ἐξ
1025 3352 1180 3419 ἔθους
1211 3353 1447 3426 ἔχοντες,
1481 3354 1539 3407 ὲν
1575 3355 1690 3417 τοῖς
1734 3351 1967 3425 παροῦσι

391 3452 488 3523 τῆς
516 3450 881 3521 Θεομὴτορος,
916 3446 1069 3517 ὀρθοὶ
1109 3447 1310 3511 πάντες
1338 3444 1689 3519 ἀκροώμεθα,
1730 3462 1786 3500 κ.
1824 3462 1879 3499 τ.
1913 3443 1965 3500 λ.

392 3546 586 3601 melius
637 3546 709 3599 ita
742 3550 1089 3599 verterentur
1121 3559 1135 3597 :
1161 3541 1298 3606 Quia
1332 3542 1387 3595 in
1417 3541 1538 3595 aliis
1560 3541 1797 3595 omnibus
1821 3539 1968 3596 Occis

394 3639 676 3691 recitandi:
702 3638 757 3689 in
784 3651 926 3690 more
952 3634 1222 3701 habemus,
1269 3643 1324 3688 ut
1355 3635 1628 3688 sedeamus
1654 3650 1670 3696 ;
1719 3634 1775 3687 in
1830 3632 1969 3685 hisce

392 3741 591 3792 autem,
625 3730 714 3801 qui
733 3730 802 3783 ad
832 3725 1121 3797 Deiparam
1146 3736 1403 3797 spectant,
1438 3735 1638 3781 stantes
1671 3741 1847 3781 omnes
1867 3743 1967 3781 au-

392 3824 698 3886 scultamus,
726 3831 830 3876 ctc.
862 3819 1079 3874 Scilicet
1108 3819 1236 3874 dum
1277 3834 1307 3873 a
1342 3819 1625 3873 sacerdote
1672 3819 1968 3891 leguntur;

394 3917 536 3987 quod
566 3923 713 3985 patet
742 3929 805 3969 ex
835 3911 992 3967 titulo
1024 3911 1200 3967 eidem
1232 3909 1442 3982 Hymno
1477 3910 1531 3964 in
1561 3910 1782 3965 'l‘riodio
1828 3927 1970 3982 prae-

397 4009 595 4079 posito,
645 4010 691 4060 oi
722 4005 876 4061 οιῦτοὶ
897 4005 953 4059 δὲ
989 4001 1127 4058 οἴκοι
1150 4003 1403 4072 λέγονται
1431 4004 1580 4073 παρὰ
1618 4002 1710 4056 τοῦ
1748 4004 1969 4071 ίερέωςο

398 4101 496 4164 ipsi
518 4108 698 4153 autem
721 4097 840 4153 Oeci
861 4114 893 4150 a
924 4097 1191 4151 sacerdote
1218 4096 1526 4149 recitantur.
1566 4094 1854 4149 Gretserus
1876 4108 1972 4148 vo-

399 4207 515 4244 cem
545 4191 715 4253 οἴκοις
740 4187 976 4243 reddidit
996 4188 1215 4252 (edibus,
1242 4186 1449 4241 scilicet
1473 4186 1674 4255 templis
1697 4184 1929 4258 Virginis
1956 4202 1971 4253 ;

399 4299 496 4353 rgo
523 4298 654 4337 vero
682 4281 750 4336 de
771 4280 960 4343 οἴκοις,
987 4279 1159 4345 Occis,
1194 4278 1394 4348 quibus
1421 4287 1672 4333 constare
1703 4276 1973 4349 Hymnum

402 4370 737 4425 Acathistum
763 4370 877 4440 jam
920 4378 1079 4424 antea
1116 4368 1462 4423 observatum
1484 4376 1586 4433 est,
1615 4365 1705 4423 hic
1749 4366 1831 4439 agi
1863 4382 1972 4423 non

2068 3183 2193 3231 nus,
2223 3178 2283 3223 ut
2330 3184 2440 3224 uno
2480 3169 2756 3225 volumine
2778 3172 3173 3241 comprehensa
3204 3172 3505 3231 habeantur
3528 3188 3647 3228 om-

2068 3259 2178 3324 nia,
2227 3275 2351 3331 quze
2412 3260 2481 3315 ad
2524 3261 2728 3317 bellum
2768 3262 3062 3318 Abaricum
3111 3264 3492 3319 illustrandum
3546 3264 3650 3320 ali-

2068 3350 2197 3421 quid
2246 3350 2497 3408 conferre
2556 3364 2813 3424 possunt,
2863 3355 3130 3426 superiori
3185 3356 3424 3411 historiae
3483 3372 3514 3413 e
3551 3358 3651 3428 Sy-

2070 3444 2291 3501 naxario
2342 3445 2677 3518 deprompta:
2729 3447 3077 3518 prolixiorem
3125 3449 3374 3516 alteram,
3406 3466 3566 3521 quam
3593 3451 3651 3506 in

2070 3538 2405 3594 Bibliotheca
2454 3538 2711 3594 Bavarica
2742 3547 2959 3595 exstare
3013 3550 3243 3597 testatus
3281 3551 3367 3597 est
3425 3542 3652 3599 Gretse-

2071 3648 2184 3697 rus,
2244 3640 2299 3687 et
2340 3630 2534 3686 Franc.
2596 3629 2955 3687 Combelisius
3007 3648 3039 3687 e
3102 3633 3237 3689 Cod.
3305 3633 3653 3692 Bibliotheca:

2073 3723 2254 3795 Regia:
2278 3723 2549 3795 evulgavit
2570 3723 2625 3778 in
2647 3724 2788 3778 Hist.
2816 3724 3096 3779 Monothel.
3134 3741 3254 3797 pag.
3287 3726 3411 3793 805,
3445 3727 3533 3781 hic
3551 3726 3653 3783 ad-

2066 3815 2237 3885 jicere
2265 3815 2557 3882 voluimus,
2589 3826 2649 3871 ut
2678 3824 2735 3871 et
2763 3816 2817 3871 in
2848 3827 3101 3887 promptu
3130 3818 3335 3875 habeas
3390 3820 3652 3891 quidquid

2072 3924 2245 3979 usque
2274 3908 2343 3963 ad
2386 3916 2712 3979 prasentem
2742 3908 2883 3963 diem
2912 3908 2969 3963 in
2995 3910 3095 3965 hac
3126 3928 3183 3966 re
3209 3920 3546 3981 protractum
3569 3923 3657 3967 est

2073 4002 2130 4056 in
2162 4002 2360 4068 lucem,
2391 4010 2446 4057 et
2479 4017 2660 4057 rerum
2707 4000 3120 4057 CPolitanarum
3172 4006 3421 4062 collectio
3468 4017 3656 4061 nostra

2074 4109 2205 4148 cura
2235 4093 2326 4148 liat
2359 4093 2679 4164 locupletior
2706 4103 2765 4150 et
2807 4096 3124 4152 absolutior.
3161 4097 3337 4153 Facile
3372 4114 3503 4153 vero
3527 4114 3658 4153 scn-

2079 4187 2179 4241 ties
2224 4186 2559 4257 praemissam
2616 4186 2984 4244 narrationem
3046 4205 3168 4245 esse
3198 4192 3476 4260 sequentis
3504 4207 3660 4246 com-

2076 4280 2334 4352 pendium
2381 4319 2395 4333 .
2446 4288 2731 4350 utramque
2772 4290 2954 4336 autem
3011 4297 3137 4338 cum
3188 4282 3382 4338 Pisidae
3410 4295 3661 4354 poemate

2080 4380 2186 4426 tam
2226 4371 2364 4425 bene
2398 4372 2732 4439 consentire,
2766 4381 2826 4428 ut
2852 4389 2919 4430 ex
2947 4390 3014 4431 eo
3042 4375 3288 4431 conﬂata:
3324 4376 3632 4431 videantur.

402 4504 687 4580 Διήγησις
732 4503 1033 4580 ὠφέλιμος
1095 4504 1164 4555 ἐκ
1212 4500 1484 4580 μαλακῇς
1533 4502 1800 4580 ἱστορίας
1820 4502 2252 4580 -ο-υείλεγεῑοςα,
2306 4505 2403 4580 καί
2463 4505 2812 4580 (iram-now
2859 4507 3135 4575 δηλοῦσα
3163 4509 3271 4563 τοῦ
3311 4511 3664 4580 παραδόξως

498 4572 799 4649 arcuerat)
836 4576 1163 4649 θαύματος
1193 4573 1376 4640 ἡνίκα
1404 4572 1650 4649 Πέρσαι,
1685 4575 1783 4649 καί
1801 4572 2102 4649 βὰρόίαροι
2141 4573 2255 4649 τὴν
2280 4572 2829 4649 ,βασιλίδᾱταύτην
2853 4572 3040 4634 πόλιν
3064 4572 3578 4649 arguimur,
3607 4572 3663 4640 οὶ

508 4646 538 4698 ὲ
566 4642 881 4720 ἀπώλοντο
910 4644 1074 4720 datae;
1090 4643 1277 4720 Δδίκης
1302 4644 1706 4720 πειραθέντες-ο
1728 4642 1859 4720 716d
1879 4644 2073 4720 ..πόλις
2121 4645 2343 4720 domin
2359 4642 3193 4720 Δσυντηρηθεῖιία,ττρεσίὶἐίοιὶς
3209 4650 3316 4720 τῆς
3344 4642 3662 4719 Θεοτόκου,

471 4716 721 4782 iithle
764 4716 834 4768 ἐκ
864 4715 995 4768 τότε
1040 4712 1168 4781 ᾄδει
1218 4713 1698 4783 εὐχαριστήριον,
1743 4711 2073 4769 ἀκάθιστον
2109 4715 2224 4782 τὴν
2260 4714 2488 4785 ἡμέραν
2514 4711 2812 4788 arator-apd

2816 4718 3017 4781 ζουσα.

410 4829 561 4885 Utilis
594 4829 834 4903 narratio
861 4844 889 4882 c
925 4829 1083 4903 veteri
1136 4828 1347 4903 collecta
1390 4829 1610 4903 historia
1665 4846 1850 4903 novum
1885 4829 2200 4903 miraculum
2250 4829 2305 4903 in
2357 4832 2665 4886 memoriam
2712 4849 2978 4901 revocans,
3017 4852 3082 4889 ac
3109 4837 3406 4903 declarans,
3466 4840 3666 4895 editum

473 4917 593 4977 cum
622 4899 815 4977 Persio,
846 4915 909 4951 ac
938 4898 1168 4977 [turbari
1196 4902 1377 4977 urbem
1408 4902 1542 4977 [tunc
1570 4900 1791 4977 regiam_
1809 4901 2160 4977 obsedissent;
2210 4901 2307 4977 qui
2330 4909 2378 4954 et
2404 4902 2693 4977 perierunt,
2720 4904 2898 4977 diuino
2949 4898 3227 4962 ulciscente
3279 4898 3513 4977 numine;
3540 4912 3669 4964 urbe

479 4972 709 5050 interim,
744 4986 906 5050 quam
949 4969 1067 5050 Dei.
1093 4970 1319 5050 genitrix
1358 4972 1464 5050 suis
1524 4969 1977 5050 intercessionibus
2017 4972 2243 5050 servavit
2278 4969 2815 5050 _inco'l_uruem,__votis
2868 4977 3060 5050 annuis
3098 4980 3394 5050 gratiarum
3448 4969 3668 5037 actionis

478 5042 687 5094 cantica
717 5036 904 5095 exinde
925 5036 1234 5103 “solvente,
1276 5041 1330 5093 in
1362 5042 1503 5095 dicta
1553 5036 1628 5095 rei
1670 5041 1825 5111 hujus
1845 5042 1930 5095 die
1959 5042 2348 5107 anniversaria,
2378 5043 2478 5114 τῆς
2504 5042 2802 5099 ἀκαθίστου
2839 5048 3069 5103 nomine.

491 5160 580 5211 Ἐν
624 5159 736 5222 τοῖς
780 5157 993 5229 χρόνοις
1035 5156 1359 5229 Ἡρακλείου
1400 5159 1495 5213 τοῦ
1548 5160 1657 5213 τῶν
1694 5158 1982 5229 Ῥωμαίων

2159 5160 2588 5218 Administrante
2621 5162 2867 5219 Heraclio
2894 5179 3009 5220 rem
3045 5165 3364 5233 Romanam,
3396 5166 3669 5224 Chosroes

412 5248 698 5320 βασιλέως,
756 5249 1005 5319 Χοσρόης
1060 5250 1090 5303 ό
1138 5247 1251 5302 τῶν
1311 5249 1539 5319 Περσῶν
1602 5249 1777 5323 ἀρχὴν
1822 5249 1983 5321 ἔχων,

410 5340 696 5395 ἀπέστειλε
754 5339 1035 5415 Σάρὸαρον
1064 5339 1230 5395 αὑτοῦ
1281 5342 1586 5412 στρατηγὸν
1629 5342 1771 5411 μετὰ
1824 5342 1987 5396 δυνάο

414 5450 563 5504 μεως
626 5432 873 5504 βαρείας,
926 5434 1107 5487 πᾶσαν
1162 5433 1262 5503 τὴν
1305 5434 1413 5488 ὑπὸ
1466 5434 1763 5505 Ῥωμαίοις
1815 5434 1990 5488 Ἐὡαν

368 5590 371 5595 Α
417 5523 808 5593 καταδραμεῖν,
835 5524 992 5594 δίκην
1028 5525 1276 5595 σκηπτοῦ
1307 5543 1450 5590 τινος
1484 5527 1851 5597 ὲμπιπρῶντα
1895 5528 1990 5579 καὶ

416 5616 787 5669 κατακαίοντα
836 5620 928 5669 καὶ
972 5617 1341 5686 ἀφανίζοντα·
1389 5614 1543 5683 οὗτος
1596 5619 1737 5673 κατά
1790 5621 1992 5691 πολλὴν

418 5704 602 5760 ἄδειαν
655 5706 751 5777 τὴν
791 5706 964 5762 Ἐώαν
1018 5708 1317 5779 λεηλατῶν,
1375 5711 1467 5765 καὶ
1522 5710 1825 5783 ὀλοθρεύων
1866 5714 1992 5777 τοὺς

646 5801 918 5864 ΡΑτιιοιι.
965 5803 1079 5863 Gn.
1112 5804 1293 5867 XCII.

2092 5252 2378 5308 Persarum
2410 5270 2503 5309 rex
2552 5254 2846 5311 Sarbarum
2898 5258 3049 5315 misit
3079 5276 3203 5316 cum
3264 5262 3449 5316 multis
3495 5263 3670 5332 copiis

2093 5361 2252 5403 suum
2291 5347 2509 5412 ducem,
2555 5348 2647 5418 qui
2698 5348 3003 5408 Orientales
3053 5369 3247 5409 omnes
3290 5353 3517 5408 Romani
3565 5356 3669 5410 im-

2094 5441 2229 5511 perii
2263 5442 2568 5511 provincias
2599 5456 2935 5513 exeurreret,
2969 5447 3115 5503 haud
3167 5449 3328 5502 aliter
3378 5464 3443 5502 ac
3492 5448 3673 5521 fulgur

2092 5533 2365 5601 quoddam
2450 5535 2630 5590 omnia
2696 5535 3101 5605 incendentem,
3161 5541 3558 5605 absumentem,
3609 5558 3673 5597 ac

2095 5624 2492 5681 destruentem.
2536 5626 2632 5682 llic
2675 5643 2865 5685 secure
2934 5631 3225 5687 admodum
3277 5642 3439 5704 atque
3504 5634 3673 5689 libere

2096 5716 2372 5773 Orientem
2421 5720 2802 5792 depopulatus,
2849 5739 2914 5778 ac.
2970 5725 3147 5781 obviis
3212 5726 3518 5798 quibusque
3564 5727 3674 5785 lio-

3320 5822 3394 5885 43
