4126 6282
495 207 636 275 1355

1818 185 2139 249 GEORGII
2175 185 2252 247 ΡΙ
2258 186 2451 249 SIDIE

3630 181 3767 249 1356

493 319 697 385 manis,
732 312 952 371 nemine
990 306 1338 385 prohibente,
1379 302 1567 376 ejusve
1618 301 1726 358 late
1778 302 2081 374 proceden-

2188 301 2707 373 παρατυγχάνοντας
2735 300 2885 374 αὐτῷ
2922 300 3252 372 Ῥωμαίους,
3281 300 3496 365 οὐδενὸς
3537 300 3774 355 κωλύονο

496 426 605 471 tem
658 411 921 480 impetum
956 400 1286 465 retardante,
1324 395 1685 452 internecioni
1717 394 1895 449 datis:
1920 393 2081 465 quip-

493 523 565 579 pe
595 519 720 561 cum
756 499 1016 555 Romanae
1060 492 1203 548 vires
1226 489 1385 547 valde
1414 490 1641 559 deiecta:
1686 495 1889 551 essent,
1938 484 2081 579 ejus,

494 577 587 670 qui
616 591 906 667 imperium
927 587 1233 643 Romanum
1271 584 1514 655 regebat,
1542 579 1858 652 gravissima
1889 593 1953 633 ac
1998 577 2083 633 fe-

495 693 617 748 rina
640 686 960 746 crudelitate
991 678 1207 753 tyranni
1230 676 1427 732 Phocae
1444 674 1545 730 viri
1566 672 1817 728 militaris
1840 670 2041 727 attritas
2061 709 2081 738 ,

494 781 897 842 Chalcedonem
928 774 1175 837 veniens,
1204 771 1260 826 in
1296 784 1360 825 ea
1382 767 1641 837 deinceps
1669 764 1871 821 vallum
1906 764 2083 835 ponit,

497 888 664 950 atque
712 879 1023 946 opportuna
1078 865 1263 922 omnia
1300 862 1369 917 ad
1419 874 1671 931 magnam
1721 858 1864 913 hanc
1932 857 2084 912 obsi-

493 970 731 1028 dendam
787 965 1065 1022 civitatem
1099 956 1344 1029 disponit
1378 972 1393 1010 :
1446 954 1519 1009 ita
1578 952 1727 1007 enim
1760 951 1836 1006 illi
1875 950 2083 1007 consti-

498 1074 680 1121 tutum
716 1068 855 1124 erat,
887 1058 1102 1125 hocque
1122 1050 1301 1107 modis
1326 1047 1585 1103 omnibus
1614 1045 1889 1102 studebat.
1917 1125 1920 1131 ν
1953 1044 2083 1099 Haec

496 1158 690 1215 videns
729 1150 1033 1215 lleraclius,
1062 1145 1153 1217 qui
1178 1158 1354 1215 nuper
1377 1150 1500 1213 post
1527 1148 1817 1212 tyrannum
1843 1137 2081 1194 Phocam

498 1250 710 1324 imperii
760 1247 1005 1321 regimen
1053 1246 1391 1310 susceperat,
1433 1236 1591 1292 valde
1638 1235 1855 1301 anxius,
1902 1235 2082 1306 gravi-

497 1358 605 1416 que
633 1340 822 1398 dolore
875 1335 1126 1400 allectus,
1184 1330 1372 1387 relicta
1417 1325 1585 1398 regia,
1605 1324 2082 1416 collectisRoma-

498 1414 585 1492 nis
639 1431 853 1503 copiis,
904 1441 1028 1498 qum
1062 1421 1390 1493 superstites
1428 1425 1627 1481 erant,
1686 1432 1787 1487 per
1844 1414 2083 1471 Pontum

497 1527 773 1584 Euxinum
800 1528 1049 1593 repente,
1080 1530 1206 1572 cum
1256 1513 1438 1569 Persa:
1480 1509 1621 1566 nihil
1673 1507 2079 1581 cognovissent,

496 1630 689 1674 eorum
738 1612 1017 1685 regionem
1071 1603 1302 1661 invadit.
1345 1601 1573 1675 Cognita
1640 1608 1826 1655 autem
1871 1598 2083 1669 Chaga-

495 1724 604 1767 nus
633 1706 842 1779 Scytha
866 1698 1211 1774 imperatoris
1272 1694 1656 1768 eXpeditione,
1702 1691 1888 1748 statim
1927 1691 2081 1762 operi

499 1790 741 1865 insistit;
776 1812 839 1853 ac
871 1809 1021 1851 mare
1058 1789 1278 1862 quidem
1325 1785 1596 1859 Scythicis
1624 1783 1801 1854 replet
1828 1790 2083 1854 monoty-

497 1889 568 1945 lis
618 1884 895 1949 lintribus,
928 1881 1012 1937 sic
1062 1878 1297 1935 barbara
1328 1889 1462 1932 voce
1516 1872 1870 1944 nuncupatis,
1935 1872 2083 1943 quod

493 1993 563 2035 ex
609 1992 721 2033 uno
763 1974 1040 2046 prelongo
1098 1970 1266 2044 ligno,
1300 1966 1654 2023 tumultuario
1699 1966 1851 2022 velut
1893 1980 2082 2037 Opere,

492 2070 745 2128 confecta
773 2068 904 2133 sint,
932 2076 1133 2123 terram
1181 2077 1316 2119 vero
1367 2061 1609 2132 equestri
1660 2058 1831 2114 milite
1884 2073 1950 2114 ac
1986 2073 2084 2129 pe-

495 2160 686 2219 destri.

568 2253 794 2326 Sergius
842 2250 1068 2307 interim
1120 2245 1465 2319 patriarcha,
1529 2244 1790 2317 populum
1837 2244 1896 2299 in
1950 2243 2087 2301 urbe

498 2346 645 2419 regia
670 2344 1031 2401 constitutum
1061 2339 1251 2396 multis
1272 2339 1613 2403 hortabatur,
1640 2337 2002 2408 docebatque,
2025 2343 2088 2393 ut

498 2455 568 2492 ne
597 2436 797 2493 animis
828 2434 1206 2491 conciderent.
1247 2450 1267 2483 ι
1303 2429 1598 2494 Conﬁdite,
1628 2429 1834 2492 aiebat,
1875 2428 1991 2494 ﬁlii,
2031 2438 2088 2484 et

498 2530 554 2584 k1
586 2528 758 2597 Deum
790 2525 967 2582 solum
999 2531 1206 2579 nostrae
1232 2535 1387 2593 spem
1417 2518 1610 2575 salutis
1643 2517 1970 2583 referamus,
1999 2525 2085 2572 at-

497 2636 606 2691 que
640 2619 709 2674 ad
742 2634 890 2682 eum,
916 2629 1113 2672 manus
1166 2627 1231 2669 ac
1271 2613 1460 2668 oculos
1489 2626 1556 2668 ex
1583 2618 1699 2666 toto
1724 2609 1911 2665 animo
1934 2608 2089 2663 leve-

498 2727 645 2777 mus,
672 2718 729 2767 et
757 2709 876 2781 ipse
902 2708 1045 2765 mala
1081 2706 1367 2771 dissolvet,
1416 2720 1541 2776 qua:
1575 2719 1682 2760 nos
1709 2703 2089 2759 circumstete-

495 2811 649 2867 runt,
667 2817 732 2859 ac
754 2801 941 2857 omnia
969 2800 1261 2855 adversum
1287 2811 1392 2852 nos
1410 2795 1779 2851 Barbarorum
1801 2792 2088 2865 dissipabit

496 2892 745 2949 consilia.
775 2910 794 2944 ι
828 2892 927 2946 His
958 2889 1132 2962 Sergii
1156 2888 1506 2944 sermonibus
1533 2887 1808 2942 animatus
1826 2885 2086 2957 populus,

496 2986 592 3056 qui
622 2993 742 3041 erat
768 2983 823 3039 in
857 2984 1012 3049 urbe,
1046 2988 1372 3037 manserunt
1402 2994 1597 3035 omnes
1628 2978 1734 3034 fide
1762 2978 1818 3034 in
1847 2978 2085 3034 inteme-
2112 3021 2160 3082 α

496 3087 669 3134 ratam
700 3077 987 3148 Deiparam
1016 3074 1458 3145 roborati,atque
1488 3074 1543 3128 in
1573 3088 1722 3137 eum,
1744 3072 1838 3143 qui
1870 3087 1937 3129 ex
1965 3072 2082 3143 ipsa

499 3186 597 3243 per
623 3169 973 3227 clementiam
1004 3168 1157 3224 nasci
1196 3166 1389 3233 voluit,
1432 3165 1716 3222 Christum
1754 3165 1929 3221 Deum
1977 3180 2081 3221 no-

495 3274 694 3329 strum,
730 3261 1272 3335 perseverabantque
1303 3260 1428 3316 forti
1459 3260 1669 3324 animo,
1699 3268 2084 3331 exspectantes

494 3355 681 3412 videre
717 3353 1147 3410 misericordiam
1177 3352 1299 3423 ejus
1330 3366 1498 3423 super
1523 3350 1705 3423 ipsos.
1730 3366 1895 3421 quam
1926 3350 2082 3407 brevi

484 3455 620 3519 ’post
647 3446 911 3518 consequi
937 3453 1284 3509 meruerunt,
1312 3459 1416 3500 nec
1438 3443 1595 3501 vacui
1618 3458 1650 3498 a
1677 3458 1778 3499 sua
1807 3458 1905 3515 spe
1933 3443 2084 3500 exci-

486 3537 723 3592 derunt.

567 3626 617 3683 ls
644 3636 855 3695 autem,
893 3625 987 3697 qui
1018 3624 1087 3680 ad
1125 3624 1276 3681 urbis
1299 3625 1606 3682 custodiam
1642 3624 1712 3683 ab
1748 3625 2085 3699 imperatore

486 3717 719 3775 relictus
751 3717 952 3784 fuerat,
988 3715 1170 3772 Bonus
1206 3717 1455 3785 nomine,
1492 3717 1631 3774 nihil
1669 3733 1781 3774 non
1818 3719 2085 3777 adversus

496 3808 862 3864 Barbarorum
937 3807 1380 3863 machinamenta
1458 3808 1653 3864 sedulo
1728 3809 2082 3878 moliebatur,

493 3906 715 3970 quanta:
736 3898 886 3955 vires
916 3905 1097 3953 erant.
1120 3895 1247 3953 Vult
1281 3898 1429 3953 enim
1467 3898 1634 3968 Deus,
1671 3909 1730 3957 ut
1770 3916 1855 3967 ne,
1880 3902 2086 3959 inertes

492 3990 553 4047 et
584 3990 747 4047 otiosi
776 3991 1159 4058 desideamus;
1212 3991 1309 4046 sed
1355 4002 1413 4047 ut
1442 3992 1608 4049 etiam
1650 3993 1857 4066 aliquid
1903 4010 2085 4066 operae

494 4084 877 4151 conferamus;
911 4093 967 4140 et
992 4094 1054 4140 ut
1081 4085 1335 4155 quaedam
1364 4085 1584 4156 quidem
1614 4101 1645 4142 a
1670 4087 1831 4143 nobis
1860 4087 1965 4159 ipsi
1998 4088 2086 4143 in-

494 4178 801 4245 veniamus,
838 4192 902 4233 ac
938 4192 1091 4248 spem
1139 4185 1321 4231 tamen
1361 4193 1582 4233 omnem
1628 4178 1820 4234 salutis
1867 4179 1921 4234 in
1964 4179 2086 4250 ipso

494 4271 815 4329 habeamus.
850 4270 942 4327 Sic
974 4270 1140 4327 etiam
1165 4271 1327 4341 jussit
1369 4269 1501 4327 Jesu
1527 4271 1637 4327 ﬁlio
1660 4272 1833 4340 Nave,
1866 4282 1929 4328 ut
1955 4271 2089 4328 insi-

2180 393 2352 465 τος,ἢ
2385 393 2486 467 τὴν
2512 395 2605 449 ἐπὶ
2634 394 2773 449 πολὺ
2805 393 2979 467 φοράν
3006 393 3172 449 αὑτοῦ
3206 394 3611 456 ἀνακόπτοντος
3630 409 3646 423 ’
3677 394 3773 447 ire

2181 485 2292 539 τῶν
2324 486 2650 558 Ῥωμαϊκῶν
2671 488 2958 560 δυνάμεων
2994 488 3231 559 μάλιστα
3256 487 3773 556 τεταπεινωμένων,

2181 581 2250 650 τῇ
2281 579 2562 653 βαρυτάτῃ
2602 580 2698 634 καὶ
2747 578 3008 652 θηριώδει
3058 580 3307 651 ὠμότητι
3351 577 3443 633 τοῦ
3466 578 3775 649 τηνικαῦτα

2181 670 2283 741 τὴν
2323 671 2615 743 Ῥωμαίων
2645 672 2927 737 διέποντος
2951 673 3153 745 ἀρχὴν,
3182 672 3277 725 τοῦ
3300 672 3571 743 τυράννου
3607 672 3775 724 Quinti

2183 760 2279 815 τοῦ
2331 762 2673 834 στρατιώτου
2694 806 2710 831 ,
2749 763 2969 835 φθάσας
3030 766 3112 828 είς
3154 762 3505 835 Χαλκηδόνα,
3560 762 3776 816 τίθεται

2184 852 2372 909 λοιπὸν
2401 857 2490 910 ἐπ’
2521 856 2694 926 αὐτῆς
2721 857 2967 929 χάρακα,
2983 858 3078 911 καὶ
3104 857 3283 911 πάντα
3296 857 3367 910 τά
3388 858 3525 927 πρὶς
3554 855 3778 925 πολιορ·

2183 948 2309 1003 κίαν
2334 949 2542 1020 ταύτης
2568 949 2672 1020 τῆς
2707 950 3128 1021 μεγαλοπόλεως
3166 951 3576 1024 ἐξευτρεπίζει·
3618 951 3779 1005 τοῦτο

2183 1040 2294 1112 γὰρ
2343 1039 2494 1112 αύτῷ
2520 1043 2614 1096 καὶ
2646 1041 2987 1113 βεϐούλευτο,
3032 1044 3127 1098 καὶ
3156 1043 3345 1115 τρόπῳ
3377 1044 3546 1097 παντὶ
3578 1044 3781 1097 ἐσπου-

2183 1132 2397 1199 δάζετο.
2428 1133 2612 1189 Ταῦτα
2634 1134 2779 1207 ὁρῶν
2829 1136 2859 1188 ό
2896 1133 3240 1205 Ἡράκλειος,
3270 1135 3412 1206 μετά
3438 1134 3533 1190 τὸν
3574 1152 3780 1207 τυραν-

2184 1229 2429 1298 νήσαντα
2491 1229 2687 1283 Φωκᾶν
2719 1228 2848 1301 ἀρτι
2879 1231 2978 1301 τῆς
3011 1228 3293 1299 βασιλείας
3346 1229 3782 1300 ἐπειλημμένος,

2185 1319 2395 1393 σφόδρα
2427 1321 2753 1394 περιαλγὴς,
2810 1322 2906 1375 καὶ
2939 1320 3253 1385 κατώδυνος
3306 1321 3572 1393 γεγονὼς,
3600 1323 3784 1377 λιπὼν

2182 1412 2252 1466 τὰ
2281 1412 2555 1484 βασίλεια,
2584 1415 2673 1469 διὰ
2702 1414 2796 1469 τοῦ
2842 1414 3071 1481 Εὑξίνου
3092 1416 3297 1471 Πόντου
3323 1416 3658 1485 συναγαγὼν
3682 1419 3786 1482 τὰς

2182 1504 2266 1560 ἐτι
2295 1508 2599 1580 περιούσας
2623 1508 2736 1563 τῶν
2769 1508 3200 1581 στρατευμάτων
3228 1508 3512 1581 δυνάμεις,
3564 1509 3785 1582 ἀθρόως

2184 1598 2341 1653 οὐδὲν
2372 1601 2769 1671 προμαθόντων
2795 1604 2854 1656 ἐν
2879 1601 3125 1673 Περσίδι,
3143 1605 3209 1674 τῇ
3236 1602 3391 1675 χώρᾳ
3418 1602 3784 1674 προσϐάλλειο

2189 1691 2353 1758 γνοὺς
2392 1691 2451 1745 δὲ
2488 1691 2591 1765 τὴν
2638 1693 3008 1767 ἐκστρατείαν
3052 1692 3151 1748 τοῦ
3193 1693 3463 1764 βασιλέως
3492 1697 3523 1749 ὀ
3563 1696 3788 1767 Σκύθης

2189 1782 2462 1853 Χαγάνος,
2491 1784 2656 1850 εὐθὺς
2687 1787 2867 1857 εἴχετο
2889 1786 3053 1859 ἔργου
3074 1801 3089 1817 ’
3116 1786 3213 1840 καὶ
3232 1786 3334 1858 τὴν
3367 1787 3469 1858 μὲν
3499 1787 3789 1842 θάλασσαν

2189 1872 2394 1928 πλοίων
2427 1875 2667 1947 ἐπλήρου
2692 1876 2803 1930 τῶν
2836 1876 2969 1948 παρ’
3015 1876 3224 1941 αὐτοῖς,
3255 1877 3312 1943 ἃ,
3344 1876 3437 1931 διὰ
3464 1877 3527 1931 τὸ
3564 1877 3628 1945 ἐξ
3661 1880 3789 1942 ἐνὸς

2191 1966 2501 2037 ἐπιμήκους
2533 1967 2916 2039 σχεδιάζεσθαι
2957 1968 3139 2037 ξύλου,
3168 1969 3484 2039 μονόξυλα
3513 1968 3791 2042 βαρϐάρῳ

2192 2061 2348 2130 φωνῇ
2384 2060 2931 2134 προσαγορεύονται·
2960 2060 3063 2134 τὴν
3089 2061 3148 2117 δέ
3188 2062 3314 2134 γῆν,
3350 2063 3567 2117 ίππέων
3594 2080 3658 2117 τε
3686 2066 3789 2117 καὶ

2191 2149 2399 2215 πεζῶν.

2274 2240 2333 2293 ’0
2353 2238 2413 2293 δὲ
2443 2240 2590 2295 κατὰ
2616 2240 2718 2313 τὴν
2739 2242 2989 2314 βασιλίδα
3017 2240 3170 2310 λαὸς,
3191 2244 3296 2300 ὑπὸ
3317 2245 3548 2319 Σεργίου
3568 2246 3667 2300 τοῦ
3684 2247 3791 2319 τὴν

2196 2332 2567 2404 πατριαρχίαν
2610 2334 2830 2405 ἔχοντος
2866 2336 3013 2404 τότε,
3049 2337 3225 2392 πολλὰ
3261 2340 3655 2411 παρεκαλεῖτο,
3688 2343 3793 2395 καὶ

2192 2424 2331 2495 πρὸς
2363 2424 2457 2479 τοῦ
2481 2426 2559 2498 μὴ
2584 2425 2805 2481 πίπτειν
2835 2428 3149 2484 ἐδιδάσκετο
3180 2472 3199 2497 ,
3233 2451 3252 2485 t
3283 2431 3573 2504 Θαρῤεῖτε,
3593 2434 3791 2498 τέκνα,

2191 2513 2445 2585 λέγοντος
2472 2530 2487 2545 ⁸
2520 2517 2618 2570 καὶ
2649 2518 2811 2587 μόνον
2833 2520 2912 2583 είς
2941 2519 3077 2573 Θεὸν
3107 2525 3208 2585 τὰς
3243 2520 3468 2586 ἐλπίδας
3497 2523 3665 2595 ἡμῶν
3680 2523 3795 2592 τῆς

2193 2607 2471 2679 σωτηρίας
2499 2607 2848 2681 ἀναθώμεθα,
2890 2610 2987 2666 καὶ
3040 2612 3176 2684 πρὸς
3213 2613 3379 2667 αὐτὸν
3440 2617 3656 2685 χεῖρας,
3690 2618 3793 2670 καὶ

2192 2698 2416 2771 ὄμματα
2444 2699 2505 2766 ἐξ
2517 2700 2647 2773 ὅλης
2675 2701 2857 2774 ψυχῆς
2888 2703 3161 2775 αἴρωμεν,
3190 2705 3284 2759 καὶ
3329 2706 3494 2771 αὐτὸς
3513 2707 3583 2760 τὰ
3624 2723 3794 2780 περι.

2195 2792 2543 2863 στοιχίσαντα
2598 2795 2746 2865 ἡμᾶς
2794 2795 2941 2850 κακά
2983 2796 3161 2864 λύσει,
3219 2798 3315 2851 καὶ
3351 2798 3531 2853 πάντα
3557 2798 3629 2853 τά
3661 2801 3787 2853 καθ’

2191 2885 2354 2959 ἡμῶν
2375 2887 2723 2943 διασκεδάσει
2748 2891 2857 2943 τῶν
2873 2889 3178 2963 Βαρϐάρων
3207 2891 3572 2965 βουλεύματα.
3595 2913 3615 2947 ι
3644 2894 3691 2947 Τ
3692 2892 3794 2949 οό-

2193 2995 2308 3044 τοις
2326 2978 2612 3053 θαῤῥήσας
2644 2982 2760 3046 τοῖς
2788 2980 2972 3053 λόγοις
3000 2985 3030 3038 ὁ
3052 2985 3111 3039 ἐν
3131 2987 3198 3058 τῇ
3222 2984 3377 3041 πόλει
3406 2986 3558 3052 λαὸς,
3593 2987 3795 3059 ἔμενον

2192 3073 2393 3135 πάντες
2414 3076 2493 3146 τῇ
2526 3073 2710 3128 πίστει
2749 3062 3128 3149 νευρούμενοι,
3157 3081 3226 3151 τῇ
3254 3080 3334 3144 είς
3358 3080 3461 3151 τὴν
3505 3076 3791 3153 ἄχραντον

2189 3163 2475 3233 Θεοτόκον,
2519 3166 2615 3220 καὶ
2646 3166 2737 3221 τὸν
2768 3168 2826 3235 ἐξ
2866 3169 3037 3243 αὐτῆς
3066 3171 3436 3244 εὐδοκήσαντα
3467 3172 3558 3227 διὰ
3589 3174 3792 3244 φιλαν-

2191 3256 2439 3328 θρωπίαν
2464 3260 2725 3332 τεχθῆναι
2750 3261 2990 3333 Χριστὸν
3012 3264 3111 3318 καὶ
3129 3264 3264 3321 Θεὸν
3281 3264 3444 3337 ἡμῶν
3470 3282 3487 3298 ο
3511 3265 3607 3321 καὶ
3624 3284 3795 3340 upon.

2189 3347 2470 3421 δεχόμενοι
2500 3352 2561 3406 τὸ
2591 3352 2738 3417 ἔλεος
2781 3353 2948 3408 αὐτοῦ
2980 3355 3110 3409 [δεῖν
3138 3355 3229 3411 ἐπ’
3270 3358 3471 3424 αὐτοὺς
3504 3399 3521 3425 ,
3551 3359 3791 3433 ἐκαρτέ-

2192 3458 2321 3515 ρουν
2342 3446 2409 3515 τῇ
2452 3445 2653 3512 ἐλπίδι,
2684 3446 2748 3501 οὒ
2784 3447 2926 3520 μετά
2962 3450 3160 3522 μικρὸν
3196 3452 3291 3507 καὶ
3321 3453 3659 3526 ἠξιώθησαν,
3690 3456 3793 3509 καὶ

2189 3534 2290 3607 τῆς
2322 3536 2540 3603 ἐλπίδος
2561 3540 2711 3594 κενοὶ
2736 3541 2838 3595 οὐκ
2856 3541 3138 3609 ἐξέπεσον.

2277 3628 2335 3683 ’0
2373 3628 2429 3685 δὲ
2468 3632 2623 3705 ποιρά
2662 3631 2930 3704 βασιλέως
2970 3637 3052 3702 εἰς
3115 3635 3368 3711 φυλακὴν
3415 3638 3518 3710 τῆς
3574 3641 3791 3707 πόλεως

2191 3720 2581 3793 καταλειφθεὶς
2608 3723 2787 3791 Βῶνος
2819 3726 3013 3799 ὄνομα,
3060 3730 3165 3785 ὅσα
3207 3731 3434 3788 δυνατὸν
3457 3730 3528 3807 ἦν
3551 3735 3793 3808 ἀντιμηο

2194 3813 2489 3883 χανᾶσθαι,
2526 3816 2707 3872 πάντα
2743 3819 3003 3892 πράττων
3052 3823 3149 3878 καὶ
3196 3826 3393 3894 ποιῶν,
3438 3828 3540 3881 οὐκ
3565 3830 3788 3900 ἡμέλει.

2191 3902 2456 3961 Βούλεται
2479 3909 2589 3981 γὰρ
2609 3912 2637 3965 ό
2662 3910 2795 3979 θεὸς
2820 3915 2990 3987 ἡμᾶς,
3017 3917 3094 3990 μὴ
3110 3918 3320 3990 ἀργοὺς
3342 3921 3438 3974 καὶ
3458 3921 3780 3993 ἀπράκτους

2191 3998 2469 4072 καθῆσθαι
2520 4017 2536 4035 ·
2575 4003 2713 4059 ἀλλά
2744 4023 2798 4061 τι
2829 4009 2925 4063 καὶ
2966 4009 3214 4082 ἐνεργεῖν
3242 4029 3257 4045 ·
3297 4014 3395 4067 καὶ
3443 4013 3785 4069 ἐπινοεῖσθαι

2196 4092 2297 4164 μέν
2330 4109 2455 4148 τινα
2489 4094 2584 4150 καί⁵
2618 4098 2715 4167 ἀφ’
2769 4098 2950 4172 ἡμῶν,
2990 4104 3084 4157 ἐπ’
3111 4103 3275 4159 αὐτὸν
3324 4106 3383 4161 δὲ
3420 4110 3613 4175 ,πᾶσαν
3643 4108 3791 4180 ἔχειν

2194 4186 2472 4258 σωτηρίας
2497 4188 2598 4261 τὴν
2637 4192 2989 4262 προσδοκίαν.
3061 4195 3219 4250 Οὕτω
3248 4199 3345 4251 xui.
3381 4197 3461 4271 τῷ
3502 4200 3680 4271 Ἰησοῦ
3710 4200 3793 4272 τῷ

2194 4275 2347 4330 παιδὶ
2374 4277 2553 4349 Ναυῆ,
2588 4281 2813 4354 ἐνέδρας
2851 4285 3075 4357 ποιῆσαι
3104 4286 3249 4341 κατά
3294 4286 3398 4359 τῆς
3435 4289 3539 4344 Γαὶ
3577 4291 3790 4345 ἐνετεί-

495 4366 613 4422 dias
652 4371 882 4437 poneret
902 4364 1166 4420 adversus
1190 4363 1311 4418 Gali
1355 4364 1397 4430 ⁸,
1427 4362 1851 4436 Gedeonemque
1881 4365 2085 4438 hydriis

2194 4366 2345 4433 λατο,
2377 4370 2473 4424 καὶ
2501 4372 2593 4426 τὸν
2624 4373 2830 4429 Γεδεὼν
2864 4378 3008 4431 κατά
3028 4377 3135 4432 τῶν
3163 4380 3523 4451 Μαδιηναίων
3551 4382 3788 4455 ὑδρίαις,

493 4474 559 4515 ac
574 4456 920 4529 lampadibus
946 4456 1218 4513 adversus
1241 4454 1565 4513 Madianitas
1586 4457 1608 4489 ⁸
1639 4457 1918 4513 instruxit.
1963 4458 2084 4514 Ca2-

2193 4462 2289 4515 καὶ
2324 4461 2579 4534 λαμπάσι
2625 4465 2946 4531 ἐξώπλισεν.
3016 4468 3165 4524 Ἀλλ’
3200 4473 3230 4526 ὁ
3261 4471 3365 4544 μὲν
3390 4472 3592 4540 Βῶνος,
3617 4454 3791 4548 τείχη

496 4560 677 4606 terum
720 4549 904 4606 Bonus
952 4549 1175 4621 quidem
1220 4549 1503 4605 muniebat
1542 4564 1749 4616 muros,
1792 4550 2084 4622 omniaque

494 4643 639 4699 bello
666 4651 972 4715 opportuna
996 4643 1244 4715 parabat.
1268 4643 1339 4699 At
1365 4641 1588 4716 Sergius
1622 4643 1868 4715 pontifex
1899 4661 2085 4702 sacras

494 4734 592 4790 Dei
651 4735 946 4793 Genitricis
996 4736 1286 4809 imagines,
1346 4736 1547 4808 quibus
1612 4738 1847 4794 maxime
1902 4738 2084 4795 infans

492 4844 713 4900 quoque
755 4830 1006 4886 Salvator
1054 4831 1109 4885 in
1156 4829 1300 4886 ulnis
1329 4831 1522 4887 matris
1557 4833 2081 4903 repraesentabatur,

493 4937 783 4979 assumens
816 4938 1003 4980 muros
1042 4923 1351 4990 circuibat,
1388 4939 1495 4995 qua
1525 4925 1925 4996 supplicatione
1958 4942 2086 4982 cum

493 5014 618 5071 urbi
648 5023 892 5070 tutamen
917 5016 1244 5084 concilians,
1277 5026 1393 5073 tum
1439 5016 1698 5073 Barbaris
1744 5034 1808 5074 ac
1839 5020 2090 5076 hostibus

490 5109 1020 5172 consternationem.
1056 5109 1343 5167 interitum
1365 5150 1383 5177 ,
1418 5125 1487 5167 ac
1523 5110 1731 5183 fugam,
1777 5128 1901 5183 quae
1928 5112 2087 5170 brevi

491 5201 574 5260 eis
605 5202 775 5271 illata,
796 5201 1113 5258 omnimodo
1137 5203 1471 5260 exterminio
1492 5204 1734 5261 tradidit.

564 5379 835 5449 Quoniam
883 5397 1017 5437 vero
1049 5382 1230 5438 Persae
1261 5383 1330 5439 ad
1356 5383 1732 5442 Chalcedonis
1766 5402 1955 5445 muros
1991 5405 2085 5446 ca-

491 5476 814 5543 strametati,
849 5474 1115 5531 omniain
1145 5474 1399 5543 circuitu,
1429 5493 1494 5533 ac
1530 5478 1709 5535 vicina
1742 5478 2079 5540 Chalcedoni

560 5678 582 5713 ⁸
607 5676 774 5736 Iosue
801 5695 917 5749 vni,
954 5679 1007 5735 i.
1086 5681 1105 5712 ²
1138 5678 1319 5738 Judic.
1354 5696 1451 5748 vn,
1482 5679 1571 5739 16.

2191 4554 2433 4628 ὠχύρου,
2464 4558 2559 4613 καὶ
2609 4561 2789 4617 πάντα
2819 4563 2889 4617 τά
2915 4563 3053 4635 πρὸς
3076 4565 3384 4639 πολεμικὴν
3409 4569 3603 4643 χρείαν
3619 4570 3792 4642 ἐξῆν

2192 4667 2287 4703 τυε
2323 4668 2336 4681 ·
2362 4651 2589 4724 Σέργιος
2632 4654 2691 4708 δὲ
2718 4657 2748 4709 ό
2785 4656 3070 4730 ίεράρχης,
3104 4658 3206 4724 τὰς
3241 4659 3395 4732 ίεράς
3436 4662 3657 4727 εἰκόνας
3686 4663 3793 4732 τῆς

2189 4743 2558 4817 Θεομήτορος,
2586 4740 2675 4811 αἷς
2697 4747 2932 4819 μάλιστα
2961 4751 3057 4804 καὶ
3073 4750 3274 4823 βρέφος
3305 4754 3334 4807 ό
3357 4753 3554 4828 Σωτὴρ
3582 4753 3791 4820 ἐξεικο-

2195 4836 2421 4903 νισθεὶς,
2461 4840 2520 4893 ἐν
2548 4840 2819 4909 ἀγκάλαις
2852 4844 2951 4915 τῆς
2993 4845 3204 4917 μητρὸς
3234 4826 3551 4918 ἐνεφέρετο,
3578 4826 3811 4914 ταυτάςε

2191 4929 2399 4999 λαϐὼν,
2428 4934 2647 5007 περιῄει
2682 4937 2753 4989 τά
2793 4937 2950 5010 τείχη
2990 4953 3007 4971 ο
3034 4940 3103 5011 τῇ
3139 4940 3239 5010 μὲν
3271 4940 3428 4995 πόλει
3481 4943 3789 5013 ἀσφάλειαν

2187 5024 2252 5077 ἐκ
2287 5024 2481 5080 τούτου
2523 5029 2985 5102 περιποιούμενος
3014 5046 3029 5061 ’
3062 5035 3174 5097 τοῖς
3224 5032 3283 5087 δὲ
3328 5034 3644 5108 Βαρδάροις
3696 5040 3793 5092 ita}.

2189 5116 2474 5190 πολεμίοις
2497 5121 2750 5194 πτόησιν,
2776 5123 2870 5178 καὶ
2890 5124 3136 5197 ὄλεθρον,
3164 5126 3261 5181 καὶ
3290 5129 3475 5199 φυγήν
3496 5145 3510 5159 ⁸
3552 5128 3590 5183 ἃ
3609 5131 3793 5185 πάντα

2191 5214 2389 5288 μικρὸν
2414 5212 2641 5287 ὕστερον
2673 5216 2971 5272 ἐπελθόντα
2993 5218 3201 5287 αὐτοῖς,
3218 5219 3513 5294 ἀφανισμῷ
3538 5221 3791 5289 ἅπαντας

2189 5305 2392 5361 δέδωκε
2420 5308 2699 5364 παντελεῖ.

2261 5399 2325 5453 Oi
2348 5399 2492 5454 κατά
2519 5401 2619 5475 τὴν
2654 5401 2974 5476 Χαλκηδόνα
3005 5405 3616 5479 στρατοπεδευσάμενοι
3640 5408 3787 5480 Πέρ-

2189 5506 2301 5558 σαι,
2333 5489 2571 5563 ἦρξαντο
2611 5493 2913 5565 πυρπολεῖν
2959 5494 3031 5550 τά
3078 5495 3243 5569 πέριξ
3273 5486 3377 5569 τῆς
3431 5496 3788 5571 Χαλκηδόνος
