4126 6282
289 411 422 477 1357

1138 408 1458 468 ΗΥΜΝΗΞ
1498 404 2000 466 ACATHYSTUS.
2033 428 2099 439 -·
2136 404 2451 476 QUERCII
2480 403 2717 465 NOTAE.

3421 404 3560 470 1:358

283 526 382 582 καὶ
398 520 799 594 γειτνιάςοντα,
832 520 927 575 καὶ
984 520 1160 577 τᾶλλα
1216 524 1397 578 πάντα
1434 524 1630 584 ποιεῖν,
1650 522 1750 575 ὅσα
1778 522 1888 584 τοῖς

1993 528 2276 588 crept-rant
2311 517 2422 590 igni
2468 526 2700 584 vastare,
2732 518 3023 589 omniaque
3056 518 3160 575 alia
3207 521 3274 575 iis
3303 533 3567 578 consueta

284 617 596 685 πολιορκεῖν
626 611 987 684 προθεμένοις
1018 612 1348 683 ἐργάζεσθαι
1379 613 1609 683 σύνηθες
1645 628 1660 642 ε
1689 610 1871 665 ὡσαύ-

281 724 391 771 τως
422 708 479 761 δὲ
501 706 596 760 καὶ
627 705 678 758 oi
712 704 918 759 Σκύθαι
948 706 1041 758 καὶ
1084 704 1381 775 Βάρσιιροι,
1410 705 1479 758 τὰ
1509 705 1871 777 παραπλήσια

282 800 396 863 τοῖς
438 797 679 869 Πέρσαις
737 793 1021 861 ποιοῦντες
1066 796 1369 867 ἐφαίνοντο.
1413 794 1608 851 Λαϐὼν
1648 797 1808 850 πάλιν
1839 799 1869 850 ὁ

285 890 645 961 Πατριάρχης
698 887 789 942 τὸν
822 888 1241 960 ἀχειροποίητον
1296 891 1468 942 τύπον
1509 888 1605 943 τοῦ
1662 891 1872 960 Κυρίου

288 982 387 1037 καὶ
438 983 693 1052 Σωτῆρος
749 981 908 1052 ήμῶν
947 981 1120 1052 ’1ησοῦ
1159 982 1425 1051 Χριστοῦ,
1482 983 1579 1036 καὶ¹
1618 980 1718 1052 τὴν
1776 980 1875 1051 τῆς

286 1073 561 1143 ῐ1αναγίου
598 1074 787 1145 τιμίαν
816 1072 1056 1145 ἐσθῆταο
1104 1072 1184 1127 ἔτι
1234 1091 1294 1129 τε
1322 1074 1391 1128 τὰ
1424 1073 1664 1139 ζωοποιὰ
1719 1072 1874 1138 ξύλα,

290 1166 382 1219 διὰ
404 1166 516 1220 τῶν
547 1165 744 1236 τειχῶν
774 1166 1110 1236 περιήρχετο
1141 1179 1156 1195 ’
1184 1165 1279 1219 καὶ
1316 1165 1458 1236 μετὰ
1496 1163 1749 1236 δακρύων
1792 1163 1876 1226 τὸ,

297 1257 701 1329 ἰἐξεγέρθητι,
760 1259 973 1328 Κύριε,
1035 1258 1223 1327 ἔλεγεν
1272 1259 1728 1330 προσευχόμενος,
1780 1256 1877 1309 καὶ

285 1348 948 1420 διασκορπισθήσονται
1000 1351 1057 1404 oi
1104 1349 1309 1419 ἐχθροί
1354 1364 1507 1404 σου·
1549 1348 1646 1402 καὶ
1690 1347 1883 1402 ἐκλεί-

284 1444 520 1511 ψουσιν
545 1443 625 1510 ὡς
651 1442 900 1507 καπνὸς,
920 1442 1017 1496 καί
1041 1441 1411 1509 τακὴσοντιιι
1432 1441 1516 1508 ὡς
1543 1440 1727 1510 κηρὸς
1761 1439 1883 1501 ἀπὸ

285 1532 628 1602 προσώπου
657 1534 867 1603 πυρός.

362 1664 533 1719 Οὔπω
568 1667 718 1737 τρεῖς
753 1666 959 1737 ἡμέραι
996 1666 1214 1737 διῆλθον
1257 1666 1360 1737 τῆς
1394 1668 1695 1739 γενομένης
1746 1685 1886 1738 nup-

286 1756 602 1827 πολήσεως,
657 1758 756 1811 καὶ
796 1757 1105 1829 προσέϐαλε
1140 1758 1489 1828 πανστρατιὰ
1525 1761 1593 1830 τῇ
1633 1758 1809 1821 πόλει,
1858 1762 1889 1813 ό

285 1848 399 1902 τῶν
440 1848 667 1903 Σκυθῶν
717 1849 959 1921 ἀρχηγός
984 1865 999 1881 ο
1026 1849 1265 1922 τοσαύτη
1297 1850 1355 1904 δὲ
1374 1846 1443 1923 ἦν
1474 1852 1510 1923 ὴ
1533 1850 1746 1922 φάλαγξ
1778 1851 1889 1906 τῶν

1982 613 2182 678 facere,
2218 612 2417 683 quibus
2444 612 2804 668 constitutum
2840 621 2955 676 est,
3006 624 3064 668 ut
3090 614 3282 671 urbem
3316 616 3561 686 aliquam

1975 714 2316 775 expugnent;
2357 717 2421 759 ac
2454 703 2707 759 similiter
2747 702 2992 768 Barbari,
3035 714 3090 759 et
3123 703 3339 777 Scythae
3374 708 3565 762 eadem

1979 804 2035 849 et
2058 794 2180 865 ipsi,
2212 803 2376 866 atque
2420 792 2602 849 Persze
2648 793 2829 848 facere
2876 793 3201 848 videbantur
3240 813 3252 848 :
3285 795 3568 865 accipiens

1978 886 2178 940 iterum
2208 886 2516 956 patriarcha
2539 885 2755 941 Domini
2807 902 2870 941 ac
2905 884 3208 941 Salvatoris
3237 888 3409 941 nostri
3438 886 3565 942 Jesu

1978 978 2181 1032 (lhristi
2211 978 2498 1049 imaginem
2548 994 2659 1034 non
2686 978 3049 1033 manufactam
3095 978 3195 1049 (l),
3247 994 3312 1033 ac
3362 989 3567 1033 veSIem

1983 1072 2277 1139 pretiosam
2302 1069 2678 1125 sacratissima:
2699 1068 2898 1134 Mariae,
2921 1085 3133 1125 necnon
3169 1068 3330 1124 etiam
3360 1069 3568 1143 vivifica

1981 1161 2147 1231 ligna,
2172 1160 2320 1215 urbis
2354 1176 2540 1215 muros
2567 1159 2853 1222 circuibat,
2908 1176 2973 1215 ac
3001 1176 3124 1216 cum
3160 1160 3416 1233 lacrymis
3438 1176 3566 1215 ora-

1982 1255 2075 1309 bat
2098 1253 2286 1308 dicens
2312 1270 2332 1309 :
2364 1251 2625 1325 Exsurge,
2659 1250 2897 1315 Domine,
2933 1264 2981 1309 et
3024 1254 3425 1324 dissipabuntur
3461 1254 3568 1307 ini-

1984 1344 2105 1397 mici
2135 1344 2211 1397 tui
2243 1352 2331 1398 :et
2352 1343 2488 1397 sicut
2521 1343 2701 1414 fumus
2733 1344 2997 1412 deﬁcient,
3021 1355 3070 1399 et
3098 1347 3258 1399 fluent
3281 1345 3416 1398 sicut
3447 1362 3566 1398 cera

1986 1453 2017 1487 ιι
2042 1435 2181 1505 {acie
2208 1434 2345 1505 ignis
2374 1436 2414 1489 ³.

2063 1653 2159 1708 \‘ix
2183 1654 2312 1710 dum
2338 1656 2533 1711 tertius
2552 1656 2671 1712 dies
2692 1658 2763 1713 ah
2780 1672 2846 1712 ea
2874 1657 3231 1728 populatione
3254 1659 3567 1721 transierat,

1985 1762 2111 1801 cum
2138 1746 2466 1819 Scytharum
2496 1748 2603 1804 dux
2632 1749 2934 1805 exercitum
2971 1764 3190 1805 omnem
3226 1751 3346 1807 urbi
3375 1751 3569 1807 admo-

1991 1848 2101 1894 vet.
2136 1839 2326 1896 Tantae
2363 1856 2529 1911 porro
2560 1850 2719 1896 erant
2748 1842 2988 1898 hostium
3018 1843 3207 1914 copiae,
3233 1859 3357 1899 cum
3389 1852 3447 1900 et
3472 1860 3571 1898 nuo

287 1938 579 2008 πολεμίων,
600 1939 678 2003 είς
692 1957 751 1994 τε
772 1940 976 2011 πλῆθος
997 1940 1365 2014 ἀναρίθμητον
1383 1944 1773 2016 συντεταμένη,
1791 1946 1885 2000 καὶ

1985 1949 2137 1988 mero
2156 1948 2296 2004 pene
2336 1934 2741 2002 innumerabili,
2766 1946 2880 1989 tum
2902 1936 3067 1990 etiam
3088 1951 3366 1991 armorum
3390 1938 3571 1991 muni-

284 2029 474 2083 ὃπλων
512 2030 830 2101 περιϐολαῖς
859 2031 1402 2104 κατησφαλισμένος,
1431 2031 1529 2099 ὠς,
1564 2033 1652 2089 ἵνα
1680 2036 1742 2088 τὸ
1770 2036 1881 2089 πᾶν

286 2122 347 2189 ἐξ
369 2121 551 2191 ὀλίγου
585 2122 834 2194 δηλώσω,
861 2124 997 2177 δέκα
1026 2123 1241 2188 Σκύθας
1271 2124 1412 2195 πρὸς
1463 2124 1563 2180 ἕνα
1605 2125 1878 2198 Ῥωμαῖον

288 2213 726 2287 συρῥὴγνυσθαι.
808 2210 949 2268 Ἀλλ’
1001 2215 1152 2286 ὅμως
1194 2216 1228 2288 ἠ
1283 2216 1745 2289 ἀρχιστράτηγος,
1786 2221 1881 2273 καὶ

286 2306 706 2379 προπολεμούσα
762 2306 872 2361 τῶν
910 2308 1253 2380 Χριστιανῶν
1285 2308 1553 2383 ἄχραντος
1588 2310 1877 2374 Δέσποινα,

284 2402 320 2468 ἡ
369 2415 602 2470 ταχιστη
647 2398 759 2453 τῶν
793 2399 1245 2472 ἐπικαλουμένων
1273 2400 1569 2474 ἐπίκουρος
1624 2401 1715 2456 διὰ
1767 2403 1880 2459 τῶν

286 2489 565 2561 λαχόντων
600 2490 949 2563 στρατιωτῶν
972 2490 1063 2546 τὸν
1095 2478 1155 2545 έν
1183 2493 1251 2564 τῇ
1295 2495 1470 2565 πηγῇ,
1508 2492 1739 2558 πολλοὺς
1772 2492 1880 2545 τῶν

286 2582 859 2654 ἐκστρατευσαμένων
888 2580 1112 2637 Σκυθῶν
1152 2582 1441 2650 ἀνελοῦσα,
1479 2583 1542 2637 οὐ
1577 2584 1738 2653 μόνον
1784 2586 1879 2636 τοῦ

288 2674 606 2746 Σκυθάρχου
651 2673 713 2729 τὸ
764 2672 963 2746 θράσος
1002 2672 1272 2728 κατέϐαλε
1320 2673 1399 2747 τῷ
1439 2674 1667 2747 τοιούτῳ
1714 2691 1879 2746 στρα-

284 2768 604 2838 τηγήματι,
675 2765 813 2821 ἀλλὰ
881 2767 979 2821 καὶ
1034 2767 1135 2837 τῆς
1202 2767 1507 2839 μελλούσης
1564 2768 1880 2840 συμϐαίνειν

287 2858 472 2922 αὐτοῖς
536 2857 838 2922 παντελοῦς
906 2858 1209 2924 ἀπωλείας,
1269 2860 1438 2933 ὀλίγῳ
1470 2860 1719 2932 ὕστερον,
1768 2858 1881 2917 οἷον

286 2947 589 3023 ἀρραϐῶνα
617 2965 743 3004 τινα
774 2947 835 3002 τὸ
867 2948 1090 3018 γεγονὸς
1124 2948 1269 3019 ἔχειν
1308 2949 1493 3014 αὑτὸν,
1520 2950 1661 3015 τέως
1692 2950 1882 3022 ἐποίη-

289 3058 353 3094 σι
411 3054 427 3070 ·
488 3042 554 3097 ὲκ
609 3042 799 3096 τούτου
854 3042 963 3115 γὰρ
1003 3042 1148 3113 μέγα
1204 3045 1579 3116 φρονήσαντες
1624 3046 1674 3099 oi
1738 3045 1879 3099 Ῥω-

291 3133 465 3204 μαῖοι,
499 3133 594 3193 καὶ
649 3132 884 3207 θάρσους
923 3134 1350 3207 έπιπλησθέντες
1380 3134 1598 3201 πολλοῦ,
1634 3136 1877 3205 συμπλο-

289 3226 395 3290 κὰς
441 3225 567 3281 καθ’
612 3228 851 3298 ἑκάστην
887 3227 1072 3299 σχεδὸν
1112 3226 1399 3282 ἐποιοῦντο
1456 3229 1597 3300 πρὸς
1657 3228 1877 3296 αὐτοὺς,

1985 2025 2227 2082 tionibus
2276 2026 2525 2098 apprime
2591 2027 2859 2084 instructo
2928 2029 3137 2097 milite;
3186 2040 3247 2085 ut
3293 2045 3402 2100 quo
3453 2046 3567 2084 rem

1985 2116 2299 2173 universam
2325 2132 2390 2172 ex
2417 2116 2607 2188 paucis
2637 2118 2932 2184 declarem,
2965 2118 3155 2175 decem
3189 2120 3405 2192 Scytha:
3441 2137 3565 2175 eum

1985 2225 2094 2265 uno
2124 2210 2372 2265 ltomano
2400 2208 2709 2266 conflicturi
2744 2219 2951 2267 essent.
2983 2211 3353 2268 Nihilominus
3384 2224 3565 2268 tamen

1981 2302 2423 2358 Christianorum
2447 2306 2725 2360 exercitus
2749 2320 2953 2376 prazses
2984 2305 3123 2378 ipsa,
3166 2322 3231 2362 ac
3256 2323 3570 2379 propugna-

1982 2395 2085 2450 trix
2107 2396 2432 2450 intemerata
2470 2395 2727 2467 Deipara,
2767 2396 2858 2452 illa
2892 2412 3105 2462 eorum,
3156 2398 3249 2469 qui
3284 2398 3568 2465 invocant,

1981 2485 2266 2541 celerrima
2293 2486 2558 2557 adjutrix,
2589 2487 2775 2559 plures
2806 2490 3216 2545 excurrentium
3243 2489 3567 2561 Scytharum

1980 2577 2048 2632 ad
2061 2576 2302 2632 divinum
2326 2576 2498 2648 ipsius
2526 2579 2960 2651 templum,quod
2978 2580 3034 2635 in
3057 2579 3230 2637 Fonte
3252 2582 3329 2655 (2)
3352 2593 3567 2649 vocant,

1980 2684 2077 2740 per
2122 2668 2348 2725 levioris
2402 2682 2693 2727 armatura:
2727 2672 2928 2729 milites
2980 2689 3208 2740 necans,
3252 2675 3454 2731 nedum
3501 2691 3570 2731 eo

1981 2772 2368 2834 stratagemate
2400 2763 2726 2836 Scytharum
2771 2765 2929 2822 ducis
2970 2766 3253 2822 audaciam
3286 2769 3568 2839 repressit,

1980 2857 2077 2912 sed
2106 2868 2162 2911 et
2193 2866 2253 2912 ut
2287 2856 2452 2913 etiam
2481 2858 2628 2927 quod
2676 2859 2974 2927 acciderat,
3008 2860 3159 2915 velut
3190 2862 3563 2917 arrhabonem

1980 2964 2045 3005 ac
2069 2949 2388 3020 praeludium
2449 2948 2616 3005 futuri
2653 2952 2998 3022 postmodum
3040 2953 3337 3011 omnimodi
3377 2969 3566 3009 eorum

1982 3042 2239 3097 interitus
2273 3042 2521 3109 haberet,
2551 3042 2769 3099 interim
2799 3044 3002 3100 eli‘ecit.
3037 3044 3249 3101 Exinde
3278 3044 3423 3100 enim
3456 3043 3567 3100 Ro-

1985 3131 2132 3187 mani
2172 3131 2386 3188 animos
2420 3142 2763 3189 assumentes
2789 3173 2805 3198 ,
2850 3133 3132 3205 multaque
3170 3133 3366 3189 fiducia
3395 3136 3567 3201 aucti,

1986 3238 2182 3278 manus
2238 3222 2296 3279 in
2338 3219 2458 3279 dies
2490 3238 2618 3278 cum
2670 3224 2828 3280 hoste
2872 3226 3259 3294 conserebant,
3288 3234 3569 3298 pugnante

288 3318 508 3390 ἔχοντες
564 3319 993 3392 ὑπερμαχοῦσαν
1030 3320 1130 3391 μὲν
1170 3318 1269 3395 τὴν
1300 3321 1397 3375 τοῦ
1445 3319 1581 3375 Θεοῦ
1631 3321 1884 3393 Μητέρα,

1990 3331 2091 3388 pro
2123 3315 2227 3383 eis,
2261 3330 2327 3372 ac
2356 3314 2656 3372 auxiliante
2685 3316 2938 3387 Deipara,
2970 3317 3420 3390 robustioresque
3449 3319 3567 3374 elli-

291 3409 391 3463 καὶ
447 3409 914 3482 ῥωμαλεωτέρους
973 3410 1442 3467 ἀποδεικνύουσαν
1468 3426 1484 3443 ο
1542 3411 1610 3466 τὰ
1664 3410 1720 3466 δὲ
1775 3412 1884 3471 τῶν

366 3588 387 3620 ³
412 3587 552 3643 l'sal.
583 3604 747 3654 van,
782 3589 833 3654 1,
859 3589 913 3644 2.

371 3768 449 3840 (l)
484 3766 791 3845 Imaginem
822 3787 926 3845 non
973 3776 1359 3845 monufactam.
1393 3770 1677 3829 Existimat
1715 3772 1875 3829 Gret-

292 3853 490 3914 serus,
523 3854 571 3914 ο.
616 3840 829 3914 15,_D_e
880 3840 1199 3912 imaginibus
1224 3860 1332 3914 non
1364 3845 1705 3914 manufactis,
1766 3859 1876 3898 non

295 3911 468 3964 fuisse
522 3910 664 3965 hanc
703 3910 1025 3985 _Salvatoris
1073 3913 1363 3985 imaginem
1389 3956 1405 3978 ,
1438 3910 1602 3985 quam
1651 3914 1877 3985 sergius

296 3989 538 4054 gestaret
606 3982 958 4054 archetypam
1007 3982 1470 4054 ἀχειροποίητον,
1528 3982 1780 4039 Heraclio
1820 3984 1875 4037 in

294 4050 649 4125 expeditione
696 4050 929 4125 habente
961 4050 1244 4125 ejusmodi
1295 4050 1583 4125 imaginem
1626 4054 1878 4125 archety-

296 4136 446 4190 pam,
478 4120 626 4193 illam
662 4122 919 4178 nimirum
950 4120 1448 4188 Crimulianenseni,
1477 4139 1599 4193 qua:
1627 4124 1741 4179 sola
1766 4120 1875 4193 non

298 4191 609 4264 manufacta
655 4201 784 4246 tunc
827 4193 1084 4262 temporis
1116 4203 1233 4250 erat
1284 4194 1339 4248 in
1374 4191 1509 4249 urbe
1558 4194 1725 4264 regia.
1769 4192 1878 4248 Ve-

298 4276 418 4334 rum
450 4271 530 4334 ut
564 4262 766 4334 deuius,
813 4277 978 4316 unam
1032 4264 1294 4318 duntaxat
1339 4264 1508 4318 fuisse
1562 4262 1878 4334 huiusmodi

300 4331 772 4404 imaginem,_nihil
795 4340 899 4397 est,
931 4348 1038 4402 quo
1066 4335 1280 4404 probet,
1307 4349 1469 4388 unam
1487 4331 1688 4404 potius,
1716 4350 1878 4404 quam

296 4401 523 4456 alteram
558 4401 729 4475 fuisse
757 4401 1140 4475 archetypam;
1172 4419 1237 4475 ac
1262 4404 1333 4459 sit
1355 4401 1666 4475 conjectura
1696 4401 1880 4475 potius

299 4486 431 4545 vere
460 4472 808 4545 archetypam
833 4472 1073 4545 relictam
1102 4474 1223 4528 urbi
1250 4472 1523 4544 prmeidio,
1551 4474 1643 4530 ubi
1674 4472 1728 4529 et
1760 4474 1877 4545 ipsa

302 4541 472 4595 tutior
505 4541 825 4597 videretur:
870 4544 954 4597 vel
990 4552 1137 4599 certe
1179 4541 1350 4599 ut'ex
1401 4541 1878 4600 monumentis'lo-

1992 3412 2193 3477 ciente,
2240 3425 2456 3467 necnon
2506 3408 2878 3469 confundente
2920 3409 3246 3484 Scytharum
3284 3413 3568 3470 machina-

1982 3774 2112 3850 ζειαί
2156 3776 2242 3833 illa
2273 3777 2713 3850 circumgestatio
2756 3777 2945 3834 humili
2980 3779 3200 3849 pietate,
3234 3793 3359 3835 cum
3385 3780 3563 3850 satis-

1984 3846 2149 3902 factio
2203 3865 2302 3971 prlo
2355 3846 2617 3918 iniuriosa
2650 3846 3012 3913 tractatione,
3063 3858 3178 3905 tum
3239 3849 3565 3921 supplicatio

1984 3932 2081 3971 ιιι-ο
2132 3934 2255 3971 auxi
2284 3935 2355 3971 ιο.
3498 3954 3501 3957 -

2022 3933 2081 3971 1⁸0
2132 3933 2355 3973 aUXIIIO.
3498 3954 3501 3957 ·

1980 3932 2081 3985 pro
2132 3932 2355 3973 auxilio.
3498 3954 3501 3957 -

2052 3986 2152 4059 (2).
2188 3988 2341 4059 Quod
2367 3989 2421 4041 in
2452 3989 2594 4059 fonte
2630 3986 3144 4059 vocaturnEflusior
3172 3998 3258 4059 est
3285 3988 3563 4059 Nicepho-

1981 4071 2075 4129 rus
2104 4058 2159 4111 in
2185 4058 2458 4129 laudando
2490 4058 2833 4129 hocitemplo
2860 4058 2956 4129 lib.
2988 4074 3074 4122 xv,
3106 4073 3158 4129 e.
3195 4058 3286 4122 25,
3312 4058 3455 4129 quod
3486 4061 3563 4115 ait

1981 4074 2075 4110 rus
2104 4074 2159 4111 in
2185 4074 2458 4112 iauaanuo
2490 4074 2594 4112 hoc
2627 4074 2738 4113 tem
2781 4074 2833 4112 ιο
2860 4074 2956 4113 nu.
2988 4074 3074 4122 xv,
3106 4074 3158 4112 e.
3195 4074 3286 4122 ιο,
3312 4074 3455 4129 quoa
3486 4074 3560 4115 ait

1980 4141 2012 4183 a
2048 4126 2475 4201 LeoneMagno,
2502 4127 2679 4201 stadio
2705 4074 2777 4183 ei:
2806 4121 2963 4193 urbe,
2993 4129 3063 4183 ad
3093 4128 3320 4201 alteram
3350 4137 3560 4201 partem

1983 4197 2156 4269 urbis,
2192 4197 2258 4252 ad
2289 4197 2512 4253 auream
2536 4198 2670 4269 ejus
2698 4208 2909 4269 portam
2931 4238 2945 4262 ,
2979 4212 3079 4253 ceu
3108 4197 3341 4252 alterum
3362 4212 3401 4269 pa
3440 4197 3560 4253 Bla-

1980 4267 2309 4339 chemarnm
2338 4338 2344 4339 ί
2377 4266 2589 4338 templo
2638 4266 3309 4339 urbis,propugna_culum
3415 4269 3562 4337 regia

1981 4336 2383 4409 magnificentia
2405 4336 2763 4409 exstructum.
2798 4336 3070 4409 Illicergb
3100 4336 3565 4409 Constantinopo-

1982 4407 2134 4463 litani
2171 4409 2440 4464 habentes
2475 4407 2823 4478 praesidium,
2871 4407 3083 4478 felicius
3134 4407 3411 4478 velitando
3464 4407 3559 4462 Dei

1985 4478 2269 4548 genitricis
2312 4475 2552 4544 auxilio,
2608 4477 2829 4534 vincere
2861 4477 3192 4533 didicerunt.
3254 4475 3345 4548 Ut_
3375 4486 3562 4548 autem

1983 4546 2241 4619 magnum
2278 4549 2345 4605 ad
2377 4548 2659 4605 victoriam
2688 4587 2703 4612 ,
2756 4564 2819 4602 ac
2867 4548 3245 4602 liberationem
3286 4546 3557 4619 fcivjtatis,

299 4627 555 4690 quamur,
586 4613 715 4667 dato
744 4623 1049 4690 asportasse
1080 4614 1389 4690 Heraclium
1433 4615 1721 4690 imaginem
1764 4630 1874 4669 non
1908 4601 1952 4655 Ῑ)
1983 4601 2817 4690 ρι-ἔοίριιιιιιιῆιιόᾑιιιοιιιέιίῑιιηι
2852 4601 3334 4690 divinaproteetio
3377 4601 3561 4690 Marini

300 4681 668 4754 mattufactam
693 4681 1064 4754 archetypam,
1096 4685 1198 4740 sibi
1237 4694 1293 4739 et
1334 4681 1600 4741 exercitui
1636 4686 1879 4741 futuram

303 4753 576 4819 prmsidio,
610 4753 799 4826 relicta
842 4753 1131 4826 sitSergio
1176 4755 1225 4809 ei
1267 4756 1480 4818 similis,
1511 4755 1880 4826 divinitusque

301 4836 559 4894 expressa
589 4837 653 4894 ex
685 4822 771 4877 illa
806 4824 907 4877 sub
950 4822 1168 4894 Tiberio
1202 4826 1559 4894 imperatore,
1597 4842 1721 4881 cum
1762 4822 1880 4880 nino

1982 4687 2469 4745 intercessionibus
2523 4690 2856 4750 contulerit,
2911 4704 2975 4744 ac
3033 4687 3106 4743 ita
3137 4689 3335 4743 merito
3387 4687 3561 4743 Grai-1'

1981 4760 2326 4829 agnoverint,
2358 4760 2663 4816 recolentes
2693 4759 3020 4815 beneficium
3048 4774 3229 4813 annua
3280 4759 3381 4813 hac
3414 4762 3561 4813 cele-

1981 4830 2182 4901 britate
2203 4831 2305 4901 τῆς
2333 4830 2652 4885 ἀκαθίστου.
2683 4829 2839 4884 Haud
2871 4838 3051 4901 tamen
3083 4830 3299 4901 videtur
3317 4845 3405 4901 res
3430 4844 3561 4882 con-

302 4891 403 4982 lie:
461 4892 708 4982 quiedam
776 4893 1003 4963 patricia
1062 4895 1141 4982 in]
1165 4891 1488 4982 aegritudine
1535 4896 1882 4966 impetrasset
1978 4901 2123 4982 fecta
2153 4900 2219 4955 iis
2251 4891 2561 4982 prodigiish
2588 4917 2709 4970 qua:
2742 4908 2950 4981 ponunt
2984 4899 3171 4981 aiiqui,
3209 4914 3272 4954 ac
3297 4898 3560 4982 aliis'me-

302 4961 504 5034 deferri
536 4963 593 5016 in
623 4961 845 5034 domum
870 4979 1036 5034 suam
1076 4964 1145 5019 ad
1174 4961 1382 5034 aliquot
1433 4966 1570 5029 dies,
1602 4961 1711 5021 non
1765 4983 1881 5022 ma-

302 5031 578 5105 nufactam
598 5033 849 5105 primam;
868 5032 1156 5104 imaginem
1180 5052 1194 5099 ;
1222 5031 1327 5105 qua
1357 5037 1424 5091 de
1452 5052 1510 5090 re
1533 5035 1759 5103 Menam,
1789 5038 1879 5092 ubi

303 5102 467 5176 etiam
507 5100 766 5173 legiinus,
819 5100 1076 5176 Sergium
1117 5100 1395 5174 accepisse
1435 5106 1515 5160 sic
1566 5100 1879 5176 expressam

303 5170 595 5247 imaginem
612 5188 655 5247 _a
691 5170 1081 5247 cmnobio,_eui
1121 5170 1344 5247 patricia
1378 5170 1668 5247 legaverat,
1701 5191 1764 5231 ac
1792 5191 1880 5231 re-

305 5242 554 5308 tinuisse,
591 5244 768 5298 donec
813 5243 1014 5298 divinis
1045 5242 1346 5300 terroribus
1387 5242 1610 5301 coactus
1656 5242 1746 5301 est
1792 5262 1880 5301 re-

305 5312 556 5386 stituere.
586 5315 753 5386 Quod
786 5314 1041 5386 subditur
1073 5315 1142 5369 de
1181 5315 1339 5386 lignis
1373 5316 1623 5381 vivificis,
1666 5326 1883 5386 oportet

306 5382 528 5456 ititeiiigi
566 5383 639 5456 de
677 5384 1150 5456 portione__aliqua
1181 5382 1308 5456 ligni
1336 5387 1550 5452 erucis,
1595 5382 1785 5456 quales
1812 5386 1882 5440 ah

304 5452 787 5525 eaiiﬂierosoly’mis
836 5452 1256 5521 avellebantur}
1304 5465 1595 5525 antequam
1613 5452 1656 5511 ἐ
1703 5457 1884 5512 Persis

306 5523 608 5588 tolleretur,
638 5523 748 5578 non
779 5525 847 5579 de
879 5540 1041 5595 cruce
1076 5525 1212 5595 ipsa,
1241 5542 1401 5595 quam
1434 5523 1714 5587 Heraclius
1739 5542 1882 5581 non-

300 5595 434 5666 dum
470 5603 754 5666 receperat
786 5610 852 5649 ex
883 5593 1127 5649 Perside.
1183 5593 1424 5666 Deipara:
1461 5597 1631 5652 vestis
1670 5597 1884 5652 videtur

303 5679 336 5718 e
370 5664 686 5719 Blachernis
720 5665 929 5719 sublata
977 5666 1081 5720 sub
1130 5666 1229 5721 hos
1262 5664 1485 5721 timores
1509 5710 1525 5733 ,
1582 5682 1649 5721 eo
1696 5668 1880 5734 modo,

303 5750 415 5804 quo
448 5744 633 5807 narrat
680 5746 870 5807 auctor
909 5744 1170 5791 tractatus
1214 5738 1267 5791 in
1316 5738 1436 5806 ejus
1464 5738 1880 5807 depositionem,

304 5806 526 5877 quando
553 5806 714 5858 etiam
765 5806 1191 5861 intercesserunt
1238 5809 1327 5862 illa
1387 5806 1551 5876 pacis
1593 5808 1879 5877 colloquia,

306 5889 428 5945 qua:
460 5874 600 5929 idem
624 5886 815 5930 auctor
850 5876 1071 5945 indicat,
1103 5876 1171 5931 de
1197 5874 1399 5948 quibus
1426 5878 1534 5934 illic
1563 5895 1630 5934 ex
1650 5874 1869 5933 Zeti—ara.

1982 4971 2088 5025 diis
2124 4969 2287 5041 quam
2341 4969 2615 5035 humanis,
2656 4986 2720 5025 ac
2773 4971 2840 5024 iis
2882 4970 3164 5038 proximis,
3201 4979 3273 5041 uti
3302 4986 3370 5024 ex
3397 4969 3560 5041 Nice-

1983 5038 2159 5111 phoro
2182 5080 2197 5102 ,
2258 5056 2324 5096 ac
2368 5042 2577 5097 Zonara
2634 5040 2881 5111 solidiori
2910 5040 3140 5095 veritate
3173 5038 3555 5104 scribentibus,

1982 5108 2164 5183 potest
2223 5112 2423 5183 colligi.
2456 5111 2820 5177 Quamobrem
2855 5108 3170 5183 figmentum
3205 5120 3337 5180 puto
3358 5112 3552 5183 ,__quod

1981 5177 2264 5237 Cedrenus
2293 5177 2481 5236 na'rrat
2501 5223 2516 5248 ,
2552 5190 2607 5235 et
2652 5194 2717 5234 ex
2762 5194 2828 5233 eo
2860 5177 3128 5234 Baronins
3153 5177 3298 5235 anno
3332 5177 3454 5242 625,
3486 5177 3557 5235 de

1981 5252 2213 5322 muliere
2246 5253 2364 5307 visa
2397 5252 2579 5322 egredi
2633 5265 2666 5304 e
2700 5250 3123 5322 Blaeliernarum
3155 5258 3347 5322 porta,
3395 5265 3558 5318 quam

1984 5321 2206 5393 Barbari
2231 5318 2541 5393 putaverint
2563 5335 2788 5393 uxorem
2820 5318 3075 5393 Heraclii,
3098 5318 3183 5374 ad
3202 5321 3377 5393 ipsum
3401 5334 3559 5393 egre-

1981 5389 2395 5455 dientem,etc.,
2426 5406 2533 5461 qua
2562 5390 2878 5461 disparente
2907 5390 2962 5461 in
2993 5398 3211 5461 mutuas
3241 5391 3431 5461 caedes
3447 5389 3560 5441 sint

1982 5463 2252 5527 conversi,
2280 5472 2386 5517 etc.
2421 5457 2668 5515 Prudens
2693 5461 2875 5529 itaque
2901 5459 3183 5514 Heraclitus
3214 5461 3347 5529 urbe
3376 5457 3557 5529 disce-

1982 5532 2119 5586 dens
2153 5534 2220 5587 ad
2252 5531 2671 5601 expeditionem,
2706 5528 2815 5601 non
2846 5530 3094 5601 destituit
3119 5531 3242 5583 forti
3275 5528 3475 5601 milite,
3503 5528 3557 5583 in

1981 5618 2091 5672 quo
2146 5603 2273 5657 licet
2323 5598 2498 5671 pauco
2555 5617 2676 5656 eam
2729 5600 2872 5656 Deus
2924 5600 3294 5672 Barbarorumi
3356 5598 3559 5652 nubem

1984 5669 2230 5743 dispulit,
2260 5669 2484 5742 excepta
2517 5678 2837 5743 tempestate
2860 5711 2879 5743 ,_
2904 5686 3010 5739 qua
3039 5670 3221 5739 plures
3247 5669 3557 5738 absorptos,

1983 5758 2047 5796 ac
2073 5741 2194 5823 iere
2224 5741 2410 5800 eorum
2443 5741 2671 5815 periisse
2693 5741 2966 5810 reliquias,
3001 5749 3288 5796 auctorum
3316 5747 3400 5795 est
3423 5752 3553 5815 οοιι..

1982 5828 2189 5869 5811510.
2912 5852 2917 5857 ·
3380 5855 3389 5860 -
3412 5849 3420 5859 ·
