4126 6282
587 412 610 476 i
623 406 727 473 359

1881 383 2201 449 GEORGII
2254 384 2535 448 PISIDE

3724 393 3860 460 i360

583 524 785 579 menta,
830 516 1135 582 eorumque
1178 507 1461 573 virtutem,
1512 518 1576 559 ac
1612 499 1865 574 peritiam
1912 498 2163 555 bellicam

2266 496 2490 553 Σκυθῶν
2519 498 2854 569 συγχέουσαν
2901 501 3291 572 μηχανήματα,
3345 502 3441 557 καὶ
3470 502 3572 574 τὴν
3617 502 3860 575 δύναμιν

580 608 895 664 ιιειιιόεηιθ.

653 827 751 883 His
779 827 854 882 ita
880 824 1233 890 habentibus,
1276 821 1552 880 communi
1603 818 1946 891 patriarchae,
1988 828 2165 888 popu-

582 915 728 986 lique
777 914 1028 981 consilio,
1075 913 1424 969 destinantur
1482 910 1701 981 quidam
1752 923 1817 963 ex
1860 907 1997 961 urbe
2040 919 2164 960 cum

583 1007 923 1072 muneribus,
970 1006 1063 1077 qui
1107 1014 1163 1060 et
1193 1004 1416 1076 pacifice
1468 1002 1697 1075 Scythas
1734 1000 2162 1069 alloquerentur,

582 1113 787 1168 eosque
812 1097 881 1152 ad
912 1096 1063 1167 pacis
1090 1095 1295 1151 fwdera
1324 1100 1709 1165 provocarent.
1740 1092 2033 1147 Enimvero
2054 1102 2165 1144 non

587 1198 695 1243 tam
726 1189 889 1243 homo
921 1187 1010 1245 ille
1032 1202 1195 1258 quam
1219 1186 1420 1249 bellua,
1454 1186 1654 1241 nedum
1677 1185 1825 1255 pacis
1851 1182 1939 1237 illa
1961 1181 2166 1237 monita

583 1294 695 1334 non
742 1279 1004 1349 suscepit,
1060 1294 1249 1334 verum
1301 1276 1467 1333 etiam
1530 1276 1771 1346 acceptis
1823 1272 2163 1340 muneribus,

582 1388 704 1441 qua:
735 1370 1139 1435 inferebantur,
1189 1385 1247 1424 re
1289 1369 1494 1425 infecta
1538 1369 1743 1440 legatos
1783 1366 2017 1429 remisit,
2048 1365 2168 1419 hate

584 1462 653 1518 ad
682 1477 779 1517 eos
814 1471 1027 1516 tantum
1052 1460 1317 1531 adjiciens
1356 1477 1370 1514 :
1406 1477 1427 1511 ι
1454 1459 1537 1515 Ne
1561 1455 1911 1529 decipiamini
1945 1456 2003 1511 in
2031 1456 2165 1522 Deo,

585 1554 674 1610 cui
717 1554 976 1620 creditis;
1031 1569 1259 1623 prorsus
1302 1552 1451 1608 enim
1492 1551 1550 1606 in
1581 1549 1881 1607 crastinum
1926 1557 2165 1604 vestram

585 1647 822 1716 capiam,
856 1660 921 1700 ac
943 1645 1201 1701 desolabo
1217 1644 1515 1701 civitatem.
1534 1642 1781 1711 Quadam
1804 1638 2167 1695 nihilominus

586 1738 787 1807 pietate
824 1737 1058 1795 liberum
1090 1735 1250 1798 facio,
1293 1745 1354 1791 ut
1399 1735 1530 1791 nudi
1562 1742 1825 1790 exeuntes
1863 1748 1974 1803 quo
2001 1732 2166 1788 vultis

2269 587 2453 643 αὐτῶν
2486 588 2852 659 σφάλλουσαν,
2890 592 2987 644 καὶ
3042 590 3142 663 τὴν
3172 592 3472 665 ἐμπειρίαν
3511 595 3615 666 τὴν
3659 598 3722 650 ὲν
3760 613 3862 651 που

2265 680 2477 752 λέμοις.

2346 812 2470 869 Ἐπὶ
2491 815 2719 882 τούτοις,
2742 821 2893 891 κοινῇ
2919 817 3114 892 γνώμῃ
3134 820 3227 874 τοῦ
3256 823 3617 895 πατριάρχου,
3643 824 3739 878 καὶ
3762 825 3859 878 τοῦ

2265 905 2423 972 λαοῦ,
2462 908 2771 979 πέμπονταί
2798 927 2943 974 τινες
2968 911 3033 965 ὲκ
3062 912 3160 981 τῆς
3185 910 3393 978 πόλεως
3429 914 3572 983 μετὰ
3604 914 3802 987 δώρων
3839 932 3854 947 ·

2267 1000 2521 1071 εἰρηνικά
2548 1016 2609 1053 τε
2657 999 2887 1071 λαλῆσαι
2923 1004 3037 1066 τοῖς
3084 1001 3341 1069 Σκύθαις,
3389 1004 3649 1075 καὶπρὸς
3699 1006 3857 1077 είρή-

2265 1106 2365 1161 νην
2402 1091 2601 1156 αὐτοὺς
2631 1092 3035 1147 ἐκκαλέσασθαι
3065 1111 3080 1127 ·
3108 1094 3225 1148 ἀλλ’
3252 1097 3281 1149 6
3330 1095 3434 1167 θὴρ
3470 1097 3673 1166 μᾶλλον
3704 1098 3747 1171 ἢ
3762 1098 3858 1153 ἄν·

2267 1178 2505 1249 θρωπος,
2542 1183 2603 1235 οὐ
2638 1181 2799 1253 μόνον
2851 1182 2913 1237 οὑ
2959 1183 3175 1255 δέχεται
3222 1185 3324 1256 τὴν
3349 1188 3633 1259 εἰρηνικὴν
3681 1188 3857 1259 πρόσ-

2268 1272 2371 1343 κλη
2383 1289 2487 1339 σιν,
2511 1273 2646 1327 ἀλλὰ
2671 1273 2856 1328 καὶτὰ
2876 1275 3249 1349 ἐπιφερόμενα
3274 1276 3423 1348 δῶρα
3438 1277 3639 1345 λαϐὼν,
3671 1280 3857 1351 ἀπρά-

2262 1366 2427 1426 κτους
2461 1364 2802 1435 ἀποπέμπει,
2866 1364 3025 1420 τοῦτο
3091 1367 3253 1438 μόνον
3314 1367 3496 1431 αὐτοῖς
3550 1368 3799 1423 ἐπειπών
3838 1383 3853 1398 ⁶

2275 1473 2295 1507 ι
2337 1455 2429 1526 Μὴ
2460 1455 2742 1510 ἀπατᾶσθε
2767 1456 2861 1510 ἐπὶ
2908 1457 2987 1531 τῷ
3012 1457 3152 1529 Θεῷ,
3178 1451 3223 1527 ᾦ
3257 1459 3542 1513 πιστεύετε
3578 1477 3596 1493 ·
3632 1463 3857 1526 πάντως

2267 1546 2379 1619 γὰρ
2411 1547 2602 1618 αὔριον
2648 1548 2750 1617 τὴν
2802 1548 2960 1603 πόλιν
3011 1549 3167 1621 ὑμῶν
3198 1549 3464 1623 λήψομαι,
3498 1552 3597 1605 καὶ
3644 1554 3856 1625 ταύτην

2267 1638 2474 1710 ἔρημον
2514 1638 2667 1711 θήσω
2697 1655 2713 1672 '
2742 1640 2904 1712 χάριν
2927 1641 2986 1696 δὲ
3032 1640 3403 1712 συμπαθείας,
3437 1643 3625 1707 ἀδείας
3654 1644 3857 1715 δίδωμι

2264 1729 2507 1800 γυμνοὺς
2535 1727 2872 1795 ἐξελθόντας,
2888 1732 3025 1786 ὅπου
3049 1731 3307 1802 βούλεσθε
3334 1733 3592 1789 ἀπελθεῖν
3615 1751 3630 1764 ο
3659 1736 3723 1789 τὸ
3742 1736 3860 1789 λοι-

583 1829 813 1883 abeatis.
838 1828 1110 1883 Caeterum
1140 1829 1308 1894 abite,
1338 1827 1478 1883 nihil
1501 1842 1532 1883 a
1557 1841 1646 1882 me
1671 1825 1951 1897 amplioris
1973 1839 2164 1896 exspe-

2268 1819 2390 1886 πον,
2420 1820 2745 1892 πορεύεσθε,
2783 1823 2971 1898 ἕτερον
3001 1824 3387 1897 φιλάνθρωπον
3410 1828 3542 1898 παρ’
3568 1826 3710 1899 ἐμοῦ
3743 1846 3859 1899 μη-

578 1919 782 1975 ctaturi
807 1920 1132 1977 clementiae.
1169 1938 1189 1971 ι

656 2054 753 2110 llis
786 2054 935 2113 cives
955 2054 1246 2111 auditisab
1276 2053 1362 2122 iis,
1390 2053 1481 2125 qui
1509 2051 1779 2125 legatione
1809 2048 1984 2107 functi
2014 2058 2164 2114 sunt,

585 2154 866 2218 gementes
893 2161 958 2202 ex
989 2145 1099 2202 imo
1117 2153 1361 2218 pectore,
1386 2159 1581 2200 manus
1603 2144 1659 2199 in
1689 2144 1889 2200 omium
1914 2140 2164 2199 tetende-

587 2238 1037 2309 runt,imbreque
1078 2238 1441 2311 lacrymarum
1467 2236 1661 2292 otiusi:
1704 2254 1726 2289 ι
1756 2235 2054 2297 Protector,
2080 2233 2166 2287 in-

586 2330 868 2400 quiebant,
900 2330 1153 2397 Domine,
1194 2330 1287 2399 qui
1320 2329 1591 2386 universis
1626 2327 1880 2399 superbis
1918 2324 2162 2395 resistis;

587 2424 744 2493 cujus
763 2432 850 2479 est
864 2422 1309 2495 inconnparabilis
1329 2422 1593 2492 potentia,
1619 2429 1675 2477 et
1695 2420 1995 2477 dominatio
2022 2419 2168 2476 inso-

587 2515 769 2570 lubilis
795 2533 809 2569 :
841 2515 965 2569 audi
996 2515 1159 2570 verba
1193 2515 1406 2570 barbari
1436 2514 1602 2580 illius,
1634 2529 1755 2583 quae
1782 2512 1929 2568 misit
1957 2512 2165 2583 impro-

587 2618 785 2673 perans
824 2602 920 2658 tibi
949 2603 1197 2658 omnium
1231 2602 1496 2669 Domino,
1541 2610 1597 2658 et
1626 2602 1798 2657 libera
1836 2601 2025 2656 urbem
2053 2600 2163 2654 hae-

584 2692 831 2750 reditatis
858 2705 981 2760 tute,
1016 2711 1081 2751 ac
1120 2696 1383 2767 populum
1404 2734 1419 2761 ,
1459 2694 1551 2767 qui
1581 2712 1613 2749 a
1644 2703 1696 2749 te
1740 2708 1941 2749 nomen
1970 2692 2162 2758 habet;

585 2800 653 2838 ne
683 2784 900 2854 quando
941 2785 1150 2852 dicant,
1204 2786 1299 2842 Ubi
1355 2795 1431 2840 est
1476 2785 1616 2839 Deus
1659 2784 1880 2840 eorum?
1917 2802 1935 2834 ι
1988 2785 2165 2854 Atque

586 2877 701 2932 haec
730 2877 951 2947 quidem
987 2878 1241 2949 populus.
1278 2877 1423 2933 Deus
1461 2888 1646 2933 autem
1693 2875 1985 2931 Persarum
2015 2886 2166 2931 tran-

582 2967 746 3022 situm
775 2969 844 3024 ad
874 2969 1191 3041 Chaganuin
1221 2970 1521 3042 prohibuit,
1541 2986 1704 3042 quem
1736 2970 2161 3037 meditabantur,

579 3059 769 3115 multis
801 3075 990 3116 eorum
1019 3063 1174 3117 caesis
1206 3063 1306 3133 (5),
1366 3078 1504 3134 quos
1556 3062 1801 3119 subsidio
1855 3062 2161 3118 mittebant.

2265 1907 2356 1962 δὲν
2383 1909 2771 1981 ἀναμένοντες.
2821 1931 2844 1966 ι

2336 2040 2525 2097 Ταῦτα
2552 2045 2705 2116 παρά
2728 2043 2838 2099 τῶν
2860 2045 3222 2117 πεμφθέντων
3240 2047 3598 2117 ἀκούσαντες,
3662 2053 3859 2109 στενὰ-

2277 2133 2471 2202 ξαντες
2502 2134 2613 2189 ἀπὸ
2648 2137 2820 2208 μέσης
2845 2138 3093 2210 καρδίας,
3124 2139 3203 2204 είς
3235 2140 3498 2212 οὐρανοὺς
3525 2143 3626 2207 τὰς
3666 2146 3859 2217 χεῖρας

2265 2225 2580 2295 ἀνέτειναν,
2662 2226 2757 2283 καὶ
2808 2230 3041 2303 δάκρυσι
3112 2232 3327 2297 πολλοῖς
3392 2235 3814 2307 ἐπικλυζόμενοι
3840 2276 3858 2300 .

2270 2337 2291 2373 ι
2312 2319 2729 2393 Ὗπερασπιστά
2760 2360 2777 2387 ,
2805 2322 3010 2393 ελεγον,
3054 2324 3251 2397 Κύριε,
3293 2328 3321 2379 6
3345 2328 3480 2381 πᾶσι
3527 2329 3642 2390 τοῖς
3679 2327 3859 2398 ὑπερ-

2262 2413 2496 2486 ηφάνοις
2531 2415 3013 2488 ἀντιτασσόμενος,
3066 2411 3130 2474 οὗ
3160 2418 3223 2473 τὺ
3257 2419 3457 2490 κράτος
3507 2419 3858 2484 ἀνείκαστον,

2264 2502 2362 2558 καὶ
2410 2503 2446 2575 ἡ
2481 2502 2769 2559 δεσποτεία
2801 2505 3140 2575 ἀκατάλυτος
3166 2522 3184 2541 ο
3216 2506 3445 2563 ἄκουσον
3502 2509 3630 2574 τοὺς
3663 2510 3862 2579 λόγους

2263 2594 2358 2649 τοῦ
2396 2592 2696 2668 βαρϐάρου,
2725 2594 2820 2661 οὓς
2849 2597 3168 2653 ἀπέστειλεν
3195 2599 3469 2664 ὀνειδίζων
3499 2617 3559 2653 σε
3594 2601 3687 2655 τὸν
3714 2602 3861 2656 πᾶν.

2263 2705 2371 2742 των
2388 2688 2736 2757 δεσπόζοντα,
2777 2692 2871 2745 καὶ
2922 2691 3083 2761 ῥῦσαι
3138 2692 3293 2747 πόλιν
3317 2692 3689 2765 κληρονομίας
3734 2711 3860 2761 σου,

2264 2780 2361 2834 καὶ
2389 2780 2541 2847 λαὸν,
2574 2781 2653 2853 σῷ
2685 2781 3026 2856 κεκλημένον
3058 2784 3281 2856 ὀνόματι
3315 2802 3331 2817 ο
3367 2786 3575 2857 μήποτε
3602 2771 3820 2839 εἴπωσι
3843 2802 3856 2815 ·

2263 2873 2392 2928 Ποῦ
2421 2873 2593 2929 ἔστιν
2645 2878 2679 2930 ό
2712 2875 2859 2944 Θεὸς
2912 2875 3152 2943 αὑτῶν;
3190 2894 3209 2929 ι
3265 2876 3427 2931 Ἀλλὰ
3469 2877 3647 2933 ταῦτα
3677 2878 3779 2951 μὲν
3828 2881 3863 2935 6

2262 2966 2390 3031 λαός
2418 2983 2434 2998 ο
2463 2966 2596 3033 Θεὸς
2628 2967 2704 3033 δὲ,
2732 2966 2829 3040 τὴν
2856 2968 3085 3039 Περσῶν
3136 2968 3275 3040 πρὸς
3319 2969 3411 3023 τὸν
3460 2969 3715 3037 Χαγάνον
3742 2970 3864 3025 διὰ-

2265 3058 2446 3125 ϐασιν,
2464 3061 2530 3130 ἢν
2560 3059 2915 3132 ἐμελέτησαν,
2944 3060 3268 3116 ἀπεκώλυσε
3319 3061 3565 3128 πατάξας
3590 3061 3693 3115 οὐκ
3742 3062 3862 3115 ὀλί-

582 3150 752 3206 Porro
788 3167 899 3206 non
928 3163 1233 3219 cessarunt,
1265 3154 1433 3210 biduo
1467 3163 1583 3210 toto
1614 3154 1699 3210 vel
1738 3153 1938 3217 triduo,
1968 3151 2161 3209 velita-

2265 3168 2419 3222 γους,
2455 3146 2532 3208 ὧν
2580 3153 2711 3225 περὶ
2767 3154 3031 3226 ἀλλήλους
3088 3154 3419 3209 ἀπέστελλον
3454 3171 3468 3186 °
3506 3154 3601 3210 δύο
3659 3155 3719 3209 δὲ
3760 3158 3862 3210 καὶ

583 3244 846 3311 tionibus,
887 3260 951 3302 ac
999 3262 1298 3317 paucorum
1347 3262 1445 3318 per
1485 3248 1601 3303 loca
1644 3247 1848 3318 praaliis
1891 3258 2161 3317 pugnare.

578 3334 697 3392 Hoc
726 3348 908 3393 autem
953 3340 1109 3394 canis
1149 3340 1241 3395 ille
1279 3340 1508 3396 consilio
1538 3340 1888 3405 moliebatur,
1923 3345 1984 3392 ut
2022 3349 2167 3392 terra

580 3427 802 3498 quidem
857 3431 1140 3487 machinas
1185 3431 1506 3487 admoveret
1536 3432 1824 3487 diruendis
1858 3430 2053 3497 muris,
2102 3445 2167 3486 ac

583 3521 707 3575 urbi
735 3525 1112 3594 expugnandae
1148 3542 1163 3580 :
1196 3525 1335 3579 mari
1362 3533 1571 3590 autem,
1603 3524 1929 3597 Scytharum
1953 3532 2168 3595 aptaret

582 3614 814 3682 lembos,
848 3633 987 3687 quos
1018 3619 1255 3675 habebat
1293 3620 1745 3685 innumerabiles,
1786 3630 1846 3677 ut
1881 3635 1994 3677 uno
2023 3628 2166 3677 tem-

585 3722 736 3777 pore,
773 3724 837 3763 ac
860 3710 1047 3765 eadem
1080 3712 1250 3780 hora,
1282 3719 1429 3769 terra
1460 3713 1643 3781 simul,
1673 3728 1738 3769 ac
1775 3715 1949 3780 mari,
1984 3729 2168 3787 pugna

584 3798 792 3855 civitati
826 3800 1136 3873 ingrueret.

655 4019 834 4078 Tanto
884 4023 1051 4096 igitur
1090 4025 1358 4082 instructo
1396 4025 1522 4082 belli
1561 4036 1846 4099 apparatu,
1885 4026 2167 4098 accipiens

582 4116 848 4187 quidquid
873 4118 1119 4187 equitum
1136 4118 1328 4174 lectius
1355 4128 1495 4187 erat,
1513 4120 1665 4177 venit
1684 4120 1752 4176 ad
1774 4129 1957 4192 partes
1980 4118 2162 4189 Ponti,

583 4209 783 4279 quibus
821 4213 1200 4284 navigabatur,
1249 4229 1417 4286 seque
1463 4216 1643 4288 ipsum
1673 4215 1965 4272 Persarum
2004 4231 2165 4273 exer-

584 4302 718 4357 citui
750 4294 1023 4373 ostendit;
1070 4306 1269 4378 illeque
1308 4307 1546 4365 vicissim
1571 4307 1763 4364 eadem
1794 4307 1943 4364 fecit.
1975 4307 2161 4363 Dicam

584 4394 779 4450 melius
813 4413 827 4448 :
860 4396 1012 4452 Alter
1029 4399 1248 4469 quidem
1278 4414 1344 4455 ex
1372 4400 1522 4468 Asia,
1539 4416 1607 4456 ex
1635 4400 1851 4472 Europa
1877 4401 2038 4465 alter,
2064 4415 2162 4457 ve-

2265 3246 2416 3317 τρεῖς
2466 3244 2663 3318 ἑφεξῆς
2716 3247 2932 3320 ἡμέρας
2985 3248 3402 3320 ἀκροϐολισμοῖς
3446 3249 3540 3302 καὶ
3605 3252 3861 3313 τοπικοῖς

2267 3340 2479 3410 ἐφόδοις
2524 3340 2622 3394 τοῦ
2665 3340 2925 3412 πολεμεῖν
2954 3342 3054 3396 οὐκ
3084 3341 3395 3397 ἐπαύσαντο
3424 3356 3440 3372 ·
3474 3341 3636 3415 ἔργον
3696 3342 3753 3397 δὲ
3786 3338 3861 3411 ἦν

2268 3433 2333 3487 ὲκ
2367 3433 2598 3505 μελέτης
2649 3433 3072 3505 ἑτοιμαζόμενον
3095 3434 3176 3505 τῷ
3219 3435 3361 3503 κυνὶ,
3412 3434 3555 3488 κατά
3582 3436 3686 3506 μὲν
3725 3436 3859 3507 γῆν,

2270 3525 2521 3597 μηχανὰς
2571 3525 2969 3596 τειχομαχικάς
3003 3524 3363 3598 παραστῆσαι
3407 3526 3504 3581 καὶ
3538 3526 3856 3591 ἑλεπόλειςο

2265 3618 2408 3673 κατά
2434 3616 2714 3672 θάλασσαν
2738 3617 2813 3681 δὲ,
2840 3617 2910 3670 τὰ
2928 3615 3080 3688 παρὰ
3095 3616 3335 3681 Σκύθαις
3360 3615 3655 3689 ὲξαρτύσαι
3694 3617 3863 3687 μονόο

2268 3708 2398 3776 ξυλα
2429 3710 2571 3782 ὑπὲρ
2600 3710 2835 3783 ἀριθμὸν
2866 3710 3182 3783 ὑπάρχοντα
3213 3727 3229 3744 ο
3255 3709 3404 3765 ὥστε
3436 3710 3558 3764 καθ’
3598 3711 3695 3765 ἕνα
3725 3726 3859 3764 και-

2267 3800 2362 3874 ρὸν
2412 3801 2507 3855 καὶ
2541 3801 2673 3873 μίαν
2721 3800 2956 3875 ἡμέραν,
3010 3800 3279 3874 κροτῆσαι
3311 3800 3455 3856 κατά
3491 3801 3591 3872 τῆς
3642 3800 3859 3867 πόλεως

2267 3894 2528 3966 πόλεμον,
2568 3895 2638 3950 ἐκ
2661 3895 2766 3965 γῆς
2795 3893 2935 3965 ὁμοῦ
2969 3895 3065 3949 καὶ
3093 3893 3387 3966 θαλάττης.

2348 4032 2459 4099 Ἐνζ
2479 4031 2592 4103 ὅσῳ
2626 4030 2683 4085 δὲ
2715 4030 2811 4085 τὸν
2838 4029 3083 4085 τοιοῦτον
3110 4029 3340 4102 ἐξήρτυε
3372 4028 3634 4099 πόλεμον,
3666 4028 3858 4083 λαϐὼν

2262 4123 2389 4180 ὅσον
2428 4117 2575 4196 εἶχεν
2610 4122 2669 4178 έν
2713 4121 2974 4176 ἱππεῦσιν
3012 4121 3321 4187 ἑπίλεκτον,
3350 4121 3413 4174 ὲν
3438 4122 3553 4184 τοῖς
3578 4121 3856 4175 ἀναπλεοο

2266 4215 2453 4289 μένοις
2509 4213 2606 4269 τοῦ
2670 4214 2873 4269 Πόντου
2932 4212 3125 4283 γέγονε
3167 4212 3361 4285 μέρεσι
3389 4252 3405 4277 ,
3455 4210 3534 4283 τῷ
3591 4211 3857 4284 Περσικῷ

2264 4308 2481 4382 στρατῷ
2495 4308 2958 4378 ἐπιδεικνύμενος
2974 4306 3223 4369 κάκεῖνος
3241 4306 3297 4359 δὲ
3314 4305 3383 4359 τὰ
3395 4304 3559 4375 ὃμοια
3580 4304 3821 4376 ἔπραττε
3833 4322 3851 4337 ο

2267 4402 2472 4475 μᾶλλον
2498 4402 2558 4457 δὲ
2595 4404 2625 4457 6
2666 4402 2788 4473 μὲν,
2817 4400 2878 4467 ἐξ
2917 4399 3103 4463 Ἀσίας
3134 4414 3149 4429 ·
3174 4399 3206 4452 6
3228 4398 3308 4465 δὲ,
3328 4398 3388 4464 ἐξ
3416 4396 3690 4470 Εὐρώπης
3718 4397 3856 4452 καθ-

584 4486 683 4542 luti
713 4487 842 4545 ferae
873 4489 1063 4546 bestia:
1102 4491 1325 4563 rugiunt
1365 4493 1631 4549 adversus
1656 4493 1955 4561 civitatem,
1983 4509 2162 4565 prom-

2266 4494 2411 4565 άπερ
2441 4493 2607 4566 θῆρες
2634 4492 2815 4565 ἄγριοι
2849 4489 3090 4563 ὠρύοντο
3124 4490 3264 4544 κατὰ
3290 4489 3393 4560 τῆς
3424 4487 3657 4554 πόλεως,
3707 4489 3855 4543 ἕτοι-

585 4590 735 4648 ptain
770 4582 874 4636 sibi
914 4583 1153 4653 praedam
1192 4594 1477 4655 sperantes
1510 4585 1650 4642 fore.
1682 4584 1887 4642 Verum
1917 4587 2040 4658 quis
2075 4587 2161 4644 lo-

2270 4605 2371 4660 μον
2394 4586 2603 4658 ταύτην
2622 4585 2768 4657 ἔχειν
2801 4583 3111 4656 νομίζοντες
3156 4583 3384 4654 θήραμα
3417 4598 3433 4613 ·
3464 4581 3603 4636 ἀλλά
3628 4580 3718 4645 τίς
3752 4581 3854 4635 λα-

585 4680 785 4740 quetur
807 4672 905 4729 Dei
929 4685 1061 4730 tunc
1087 4676 1331 4732 exhibita
1369 4677 1681 4733 mirabilia?
1708 4679 1844 4746 Quis
1874 4695 2008 4736 vero
2032 4679 2159 4736 Vir.

588 4765 728 4836 ginis
768 4767 825 4822 in
872 4786 975 4825 nos
1013 4770 1402 4843 impensiorem
1445 4772 1794 4831 clementiam
1838 4789 1903 4831 ac
1941 4774 2163 4831 miseri-

588 4858 829 4915 cordiam
860 4863 1032 4932 possit
1064 4864 1365 4919 enarrare?
1391 4863 1527 4920 Nam
1560 4866 1655 4921 ubi
1680 4865 1974 4938 Cbaganus
2008 4867 2163 4925 sinus

584 4949 813 5009 Ceratos
839 4955 1115 5023 lintribus,
1144 4973 1210 5014 ac
1234 4958 1405 5013 milite
1426 4958 1781 5029 implevisset,
1814 4960 1887 5015 ita
1908 4960 2162 5028 moliens,

592 5051 653 5098 ut
682 5058 779 5113 per
802 5061 897 5101 eos
928 5048 1168 5117 quidem,
1209 5050 1301 5121 qui
1336 5050 1391 5105 in
1434 5059 1579 5106 terra
1610 5052 1946 5123 pugnabant,
1973 5068 2163 5111 muros

591 5133 827 5191 civitatis
865 5138 1159 5209 dejiceret;
1218 5157 1317 5211 per
1351 5158 1449 5199 eos
1490 5152 1674 5211 autem
1718 5143 1810 5214 qui
1855 5144 1911 5199 in
1950 5143 2163 5204 sinibus

589 5222 815 5283 Ceratas
858 5230 1107 5285 navalem
1140 5247 1377 5303 pugnam
1423 5240 1585 5289 erant
1637 5234 1849 5301 inituri,
1902 5234 2062 5291 facile
2089 5237 2163 5292 in

663 5450 742 5522 (3)
802 5452 986 5509 Multis
1018 5471 1197 5534 eorum
1227 5459 1371 5534 cmi;
1402 5476 1565 5534 quos,
1599 5470 1727 5534 etc._
1750 5462 2162 5534 lntercipiente,

591 5536 655 5575 ac
682 5535 1007 5599 excurrente
1038 5524 1284 5599 Romano
1326 5524 1622 5588 fortissimo
1659 5532 1850 5599 milite,
1870 5542 1933 5589 nt
1955 5524 2028 5589 'ex
2058 5524 2164 5587 Ζοὲ

592 5606 723 5673 gara
751 5595 930 5667 colligi
973 5605 1171 5667 potest.
1198 5597 1376 5673 titiam
1418 5600 1475 5655 S.
1504 5595 1847 5673 Nicephorus
1872 5606 2164 5659 maximam

592 5659 909 5738 Sclavorum
936 5659 1170 5737 stragem
1193 5667 1388 5723 factam
1417 5683 1621 5738 narrat,
1638 5659 1740 5728 'nbi
1764 5659 2003 5730 hostium
2027 5684 2166 5729 stra-

591 5740 801 5813 tegema
830 5737 1104 5793 detectum
1136 5738 1349 5815 fuisset,
1397 5737 1725 5815 immittente
1753 5743 1906 5800 Bono
1932 5744 2167 5815 patricio

592 5808 648 5854 in
676 5808 955 5870 incautos,
993 5823 1057 5862 ac
1085 5808 1234 5864 velut
1267 5810 1382 5865 suis
1434 5812 1681 5867 subsidio
1718 5808 2005 5873 venientes
2031 5855 2045 5879 ,
2108 5824 2167 5869 ιη

591 5880 706 5927 erat
733 5884 1061 5934 conventum
1088 5879 1156 5933 ad
1189 5879 1404 5950 signum
1441 5881 1639 5938 sublati
1674 5883 1813 5955 ignis
1840 5901 1871 5939 e
1904 5883 2161 5941 Blacber—

2266 4679 2421 4751 λήσει
2456 4677 2552 4732 τοῦ
2585 4676 2722 4731 Θεοῦ
2750 4676 2819 4730 τὰ
2858 4676 2982 4729 τότε
3005 4675 3287 4744 θαυμάσια
3315 4690 3331 4739 ;
3357 4674 3443 4737 τίς
3468 4672 3526 4726 δὲ
3559 4672 3661 4742 τῆς
3703 4674 3854 4742 Παρ-

2269 4769 2428 4826 θένου
2469 4771 2571 4842 τὴν
2601 4770 2681 4834 είς
2728 4769 2875 4840 ἡμᾶς
2908 4765 3315 4838 εὐσπλαγχνίαν
3342 4754 3710 4837 διηγήσασθαι
3762 4763 3852 4828 ὲξ-
3946 4786 3955 4793 -

2270 4862 2524 4935 ισχύσεις
2563 4861 2650 4926 Ὠς
2677 4860 2787 4933 γάρ
2813 4862 2842 4915 6
2866 4858 3117 4929 Χαγὰνος
3142 4858 3275 4923 τοὺς
3293 4858 3390 4912 τοῦ
3424 4855 3674 4928 Κέρατος
3722 4854 3850 4909 κόλ-

2266 4973 2406 5020 πους
2433 4953 2721 5025 ἐπλήρωσε
2757 4951 3083 5025 μονοξύλων,
3113 4951 3208 5006 καὶ
3239 4952 3351 5015 τοῖς
3378 4947 3574 5004 ἑαυτοῦ
3597 4949 3853 5009 ὁπλίταις

2266 5048 2549 5119 ἐπειρᾶτο,
2568 5045 2658 5100 διὰ
2681 5044 2778 5117 μὲν
2795 5044 2905 5099 τῶν
2935 5042 3316 5115 πολεμούντων
3342 5043 3423 5106 εις
3446 5040 3577 5113 γῆν,
3604 5039 3675 5093 τὰ
3690 5040 3849 5109 τείχη

2267 5139 2602 5197 καταϐαλεῖν
2653 5138 2755 5210 τῆς
2784 5137 3004 5202 πόλεως
3032 5152 3047 5168 ·
3073 5136 3163 5192 διὰ
3186 5136 3244 5191 δὲ
3274 5133 3386 5191 τῶν
3417 5132 3849 5205 ναυμαχούντων

2264 5233 2329 5289 ἐν
2351 5234 2465 5296 τοῖς
2484 5230 2710 5295 κόλποις
2726 5229 2823 5283 τοῦ
2851 5228 3120 5300 Κέρατος,
3150 5225 3354 5297 εὐχερῆ
3388 5226 3492 5296 τὴν
3515 5226 3642 5281 κατ’
3674 5222 3851 5294 αὐτῆς

2261 5477 2457 5518 narum
2491 5459 2832 5525 munitione,
2888 5455 3071 5513 medio
3103 5455 3225 5526 ipso
3257 5453 3457 5509 itinere
3499 5451 3851 5526 expeditissi-

2262 5547 2406 5588 mam
2433 5532 2735 5587 Romanam
2754 5530 2980 5584 classem
3008 5544 3021 5581 :
3050 5524 3211 5596 quam
3242 5524 3722 5596 hostium__cladem
3740 5524 3849 5596 ista

2264 5602 2407 5659 forte
2447 5602 2726 5665 indicent;
2778 5593 3082 5671 postquam'
3108 5605 3294 5650 secuta
3342 5596 3411 5649 sit
3456 5593 3546 5671 illa
3605 5594 3847 5671 hostium

2264 5673 2495 5744 irruptio
2527 5672 2591 5744 ad
2633 5662 2820 5726 muros
2860 5662 2951 5744 hic
2978 5675 3213 5744 narrata,
3257 5679 3423 5744 quam
3456 5662 3693 5744 Romani
3744 5664 3847 5744 im-

2264 5735 2452 5816 mensa
2484 5743 2630 5816 caede
2659 5756 2853 5816 eorum
2874 5736 3206 5809 depulerint,
3238 5735 3589 5816 depugnante
3630 5735 3849 5816 pro_eis

2266 5816 2403 5867 mari
2436 5814 2675 5875 interim,
2706 5802 3410 5878 immissa'tempestate'in'
3431 5802 3675 5858 hostium
3706 5802 3846 5857 clas-

2270 5898 2411 5950 sem,
2455 5881 2685 5952 Deipara
2729 5879 2967 5955 Virgine.
