4126 6282
307 325 455 392 ινιι

1154 324 1475 387 HYMNUS
1513 324 2005 391 ACA’THIS’I‘US.
2026 350 2099 363 -
2124 326 2441 399 QUERCII
2478 326 2717 389 ΝΟΤΑΞ.

3434 327 3570 393 1362

304 440 447 511 ἔχειν
477 435 756 491 ἐπίϐασιν·
793 434 1061 492 πάντοθεν
1106 436 1275 491 αὑτοῦ
1299 438 1329 491 ό
1351 435 1486 501 Θεὸς
1504 437 1599 492 καὶ
1618 438 1889 492 Δέσποινα

1992 440 2182 495 urbem
2240 439 2557 502 invaderet,
2614 439 2776 510 eique
2821 440 3151 511 applicaret,
3202 442 3568 514 undequaque

308 528 604 599 Παρθένος,
667 527 990 599 ἀπράκτους
1029 527 1124 582 καὶ
1184 528 1349 591 κενὰς
1390 528 1491 589 τὰς
1533 527 1755 592 ἐλπίδας
1784 530 1891 581 ἀπ-

308 619 517 686 εδειξαν
546 634 561 651 ⁸
596 618 850 673 τοσοῦτον
905 618 1015 688 γαρ
1059 619 1263 689 πλῆθος
1294 618 1418 673 καθ’
1450 620 1683 673 ἕκαστον
1725 618 1917 698 μέροςὶ

188 754 189 757 η
304 716 399 767 τοῦ
429 713 641 785 τείχους
679 712 740 766 τὸ
764 712 1076 783 Ῥωμαῖκδν
1099 711 1436 784 στράτευμα,
1472 710 1582 765 τῶν
1608 710 1889 781 πολεμίων

303 805 537 870 ἀνεῖλεν,
564 805 641 869 ὼς
694 804 895 877 μηκέτι
924 804 1052 869 τοὺς
1096 803 1307 869 ζῶντας
1332 841 1351 867 .
1403 800 1664 859 δύνασθαι
1722 820 1891 858 καταο

304 896 480 951 καίειν
508 897 639 962 τοὺς
670 896 1005 971 θνήσκοντας
1037 911 1055 929 ⁶
1096 897 1191 951 καὶ
1238 894 1397 950 τοῦτο
1434 894 1535 965 μὲν
1574 894 1767 963 γέγονε
1799 892 1888 947 διά

303 990 415 1044 τῶν
444 991 555 1045 ἀπὸ
581 990 689 1061 γῆς
717 989 1098 1062 πολεμούντων
1119 1005 1136 1021 ο
1164 988 1273 1043 τῶν
1292 988 1351 1042 δὲ
1378 987 1489 1042 ἀπὸ
1502 988 1599 1058 τῆς
1612 986 1889 1058 Θαλάσσης

310 1081 643 1152 προσιόντων
691 1081 991 1153 πολεμίων,
1045 1080 1323 1152 αὔτανδρα
1357 1081 1429 1135 τὰ
1450 1079 1723 1151 μονόξυλα
1779 1077 1888 1150 πρὸ

308 1175 402 1230 τοῦ
438 1178 494 1230 ἐν
520 1175 853 1247 Βλαχέρναις
901 1174 1047 1231 θείου
1076 1172 1206 1228 ναοῦ
1235 1174 1270 1244 ἡ
1321 1172 1587 1236 Θεοτόκος
1653 1171 1746 1228 καὶ
1788 1171 1889 1225 Δέ-

310 1285 504 1324 σποινα
533 1268 807 1334 ἐϐύθισεν,
845 1267 1061 1340 ἀθρόως
1089 1265 1326 1332 ἐξαίσιον
1350 1266 1445 1321 καὶ
1479 1265 1654 1337 βίαιον
1697 1282 1889 1320 καται-

308 1361 433 1430 γίδα
464 1364 599 1417 κατ’
628 1360 811 1416 αὐτῶν
840 1361 1107 1432 ἐγείρασα
1140 1358 1468 1431 πνεύματος.

402 1539 475 1603 0;
499 1539 609 1611 γὰρ
643 1541 875 1614 πλησίον
905 1540 1156 1610 ἐγένοντο
1181 1539 1278 1595 τοῦ
1306 1539 1455 1596 θείου
1474 1539 1681 1613 ταύτης
1711 1542 1885 1609 οῐκου,

306 1632 516 1705 σφόδρα
559 1633 896 1707 ύψωθεῐσαή
930 1634 1175 1690 θάλασσα
1199 1673 1216 1697 .
1248 1635 1345 1689 καὶ
1386 1635 1731 1708 διαιρεθεῖσα
1757 1635 1889 1707 θείῳ

306 1721 583 1793 πνεύματι
624 1724 708 1787 εις
737 1725 1036 1797 διαιρέσεις
1057 1765 1073 1792 ,
1106 1725 1286 1781 πάντα
1326 1724 1499 1798 ἄρδην
1527 1726 1888 1782 κατεπόντισε

303 1816 404 1870 καὶ
431 1784 725 1875 κατέδυσεν
757 1784 877 1893 ἅμα
903 1784 1092 1886 αῠτῦτς
1126 1784 1467 1892 μονοξύλοιςί
1516 1821 1630 1877 Καὶ
1656 1816 1728 1893 ῆν
1757 1823 1888 1877 ίδεῐν
1918 1784 1963 1840 Β

302 1910 606 1979 τηνικαῦτα
641 1913 900 1985 μέγιστον
946 1914 1042 1969 καὶ
1086 1914 1364 1986 ἄφραστον
1416 1914 1742 1987 τεράστιον·
1795 1914 1889 1970 ἴσα

303 2004 401 2058 καὶ
444 2004 598 2076 ὄρεσι
631 2006 854 2078 κύματα
889 2008 1170 2071 ⁴ποιοῦσαν,
1204 2008 1301 2063 καὶ
1332 2007 1533 2080 τρόπον
1557 2008 1755 2080 ἀγρίου
1785 2009 1887 2081 θη.

302 2094 401 2163 ρὺς
433 2094 859 2169 ἐξογκουμένην,
888 2098 984 2154 καὶ
1015 2099 1373 2170 μαινομένην,
1404 2098 1499 2155 καὶ
1525 2100 1640 2163 τοῖς
1666 2098 1889 2170 ἐχθροῖς

302 2185 402 2257 τῆς
428 2187 773 2263 Θεομήτορος
791 2192 1085 2263 ἀποτόμως
1115 2192 1496 2264 ἐπιπηδῶσαν,
1517 2192 1611 2247 καὶ
1640 2192 1887 2265 ἀνηλεῶς

305 2282 701 2340 κατεσθίουσαν
719 2300 737 2318 ο
768 2282 959 2357 ὥσπερ
990 2284 1119 2339 ποτὲ
1148 2284 1393 2349 καὶτοὺς
1416 2285 1751 2353 Αἰγυπτίους
1788 2302 1887 2340 πε·-

303 2378 526 2447 ποίηκε,
571 2372 1010 2443 καταδιώκοντας
1051 2380 1146 2434 τὸν
1191 2380 1362 2434 πάλαι
1404 2380 1656 2452 Ἰσραὴλ,
1693 2379 1887 2453 τρόπῳ

302 2470 476 2543 καινῷ
510 2468 813 2536 πεζεύοντα
847 2471 916 2526 δι’
947 2470 1152 2543 αὐτῆς·
1188 2471 1331 2526 οὕτω
1373 2473 1407 2544 ἡ
1457 2472 1886 2544 προπολεμοῦσα

298 2563 404 2635 τῆς
432 2564 569 2630 ιδίας
596 2565 867 2636 πόλεωςὴ
896 2564 1158 2630 Θεοτόκος
1202 2565 1301 2620 καὶ
1342 2566 1759 2637 προασπίζουσα
1780 2605 1796 2630 ,
1824 2567 1888 2621 τὸ

301 2655 606 2728 παράδοξον
634 2657 933 2727 ἀναιμακτὶ
960 2656 1224 2728 τρόπαιον
1251 2655 1449 2728 ἔστησε
1482 2658 1671 2730 τρόπῳ
1705 2658 1883 2713 τοιού-

299 2766 381 2821 τῳ
427 2752 523 2805 καὶ
556 2750 984 2822 στρατηγήματι
1006 2788 1023 2816 ,
1060 2750 1188 2815 τοὺς
1228 2751 1328 2822 μὲν
1359 2750 1500 2806 κατά
1537 2751 1640 2822 τῆς
1675 2751 1887 2815 οἰκείας

303 2842 672 2915 κληρονομίας
700 2843 950 2914 ίπόλεμον
974 2843 1288 2915 ἀκήρυκτον
1318 2844 1760 2914 καταγαγόντας,
1790 2845 1886 2898 καὶ

300 2932 443 2988 ὅπλα
475 2932 564 2987 ἐπ’
590 2934 764 3007 αὐτὴν
794 2936 1056 3006 ἄραντας,
1086 2935 1259 3007 ἄρδην
1288 2935 1639 3001 ποντὼσασα,
1670 2936 1766 2991 καὶ
1791 2936 1882 3009 ἔρα

302 3039 419 3092 γων
459 3023 764 3079 θαλαττίων
815 3025 1107 3097 ῥευμάτων
1138 3026 1500 3097 ἀποφήνασαο
1546 3026 1640 3080 τὸν
1685 3027 1743 3080 δὲ
1783 3028 1885 3091 τὰς

1992 526 2155 593 Deus,
2187 544 2253 584 ac
2278 528 2505 599 Deipara
2543 529 2702 601 Virgo
2730 529 2966 587 infectas
2996 532 3118 602 ejus
3146 547 3211 588 ac
3251 548 3448 588 vacuas
3468 550 3556 588 ex-

1992 620 2360 690 spectationes
2394 620 2664 678 fecerunt.
2705 619 2933 676 Tantam
2973 624 3121 677 enim
3163 624 3566 679 multitudinem

1993 712 2227 768 hostium
2258 713 2329 768 ab
2362 722 2589 784 utraque
2629 713 2770 768 muri
2807 721 2962 784 parte
2990 714 3264 770 interfecit
3290 714 3566 771 Romanus

1989 806 2168 870 miles,
2199 816 2259 861 ut
2283 807 2375 878 qui
2410 815 2569 862 erant
2586 807 2934 878 superstites,
2976 807 3201 862 minime
3220 807 3333 876 jam
3368 806 3567 862 defun-

1989 907 2202 953 ctorum
2250 899 2611 955 cadaveribus
2650 900 3069 955 concremandis
3122 897 3453 953 subicerent.
3500 899 3569 954 Et

1988 991 2097 1048 hoc
2123 992 2346 1063 quidem
2387 1007 2578 1049 eorum
2620 991 2865 1056 facinus,
2910 992 3002 1063 qui
3047 1002 3189 1047 terra
3230 992 3565 1064 pugnabant.

1989 1083 2099 1139 Eos
2137 1092 2320 1139 autem
2364 1084 2628 1150 hostium,
2680 1084 2772 1155 qui
2825 1085 2960 1139 mari
3004 1084 3416 1146 adoriebantur,
3460 1098 3566 1139 una

1988 1189 2115 1230 eum
2142 1174 2398 1231 lintribus
2419 1190 2451 1231 e
2478 1176 2702 1247 regione
2724 1174 2896 1231 divini
2924 1174 3350 1230 Blachernarum
3381 1171 3566 1242 templi

1989 1265 2220 1337 Deipara
2245 1264 2410 1339 Virgo
2437 1283 2502 1323 ac
2528 1267 2756 1322 Domina
2811 1266 3125 1333 submersit,
3159 1266 3452 1320 immanem
3476 1280 3569 1319 su-

1988 1357 2123 1423 bito,
2158 1374 2223 1414 ac
2246 1360 2538 1415 violentam
2567 1360 2623 1413 in
2655 1374 2755 1415 eos
2779 1358 3205 1414 vehementioris
3228 1358 3390 1413 ﬂatus
3421 1355 3568 1412 exci-

1989 1459 2112 1505 tans
2133 1459 2535 1529 tempestatem.

2058 1540 2196 1597 Cum
2232 1542 2380 1597 enim
2427 1541 2714 1613 propiores
2753 1540 2883 1596 huic
2923 1540 3122 1596 divinae
3152 1538 3251 1595 aedi
3287 1536 3556 1593 accessis-

1989 1642 2133 1700 sent,
2157 1634 2329 1690 multo
2358 1644 2570 1691 tumore
2595 1634 2798 1691 elatum
2815 1649 2987 1700 mare,
3007 1633 3245 1703 ﬂatuque
3264 1649 3296 1686 a
3326 1630 3438 1685 Deo
3464 1630 3569 1684 im—

1990 1724 2159 1782 misso
2190 1726 2425 1782 divisum
2450 1727 2506 1781 in
2541 1726 2864 1792 divisiones,
2900 1741 3096 1780 omnes
3154 1724 3405 1779 funditus
3443 1738 3568 1776 cum

1991 1819 2260 1875 actuariis
2286 1818 2536 1889 ipsorum
2590 1817 2790 1873 lembis
2840 1817 3138 1873 submersit
3165 1813 3563 1885 absorpsitque.

1990 1912 2123 1968 Erat
2153 1912 2245 1967 hic
2272 1912 2459 1969 videre
2498 1910 2799 1966 maximum
2848 1909 3124 1981 quoddam
3163 1923 3231 1963 ac
3287 1904 3569 1962 ineo‘abile

1989 2004 2323 2076 prodigium,
2365 2012 2425 2059 ut
2454 2013 2510 2058 et
2535 2002 2733 2059 ﬂuctus
2758 2002 3027 2058 montium
3061 2001 3235 2056 instar
3265 1998 3565 2061 attolleret,

1988 2105 2154 2167 atque
2185 2096 2241 2151 in
2263 2095 2487 2152 modum
2520 2096 2649 2152 ferre
2675 2096 2867 2151 bestiae
2898 2094 3307 2155 iutumesceret,
3342 2092 3571 2147 fureret-

1987 2203 2116 2259 que,
2143 2198 2308 2259 atque
2337 2187 2395 2242 in
2417 2187 2602 2245 hostes
2628 2186 2725 2242 Dei
2747 2186 3027 2259 genitricis
3048 2198 3291 2256 praeceps
3314 2182 3567 2244 irrueret,

1987 2295 2053 2336 ac
2077 2280 2376 2337 crudeliter
2397 2279 2692 2335 devoraret
2735 2296 2749 2333 :
2787 2278 2867 2334 uti
2901 2278 3033 2334 olim
3072 2276 3356 2333 devoravit
3383 2274 3571 2330 absor—

1988 2375 2207 2447 psitque
2227 2371 2512 2446 Atgyptios
2527 2359 2921 2443 persequentes
2943 2370 3229 2441 antiquum
3251 2368 3567 2435 lsrael,cum

1987 2468 2078 2526 ille
2098 2483 2239 2523 nova
2288 2466 2527 2538 quadam
2573 2466 2789 2521 ratione
2820 2465 3056 2537 pedibus
3103 2463 3210 2518 iter
3246 2477 3346 2533 per
3391 2461 3569 2531 ipsum

1987 2568 2195 2631 ageret.
2229 2558 2321 2615 Sic
2344 2559 2509 2631 Virgo
2563 2558 2815 2630 Deipara,
2862 2572 2975 2613 sure
3004 2553 3400 2628 propugnatrix
3435 2551 3570 2607 civi-

1987 2650 2135 2714 tatis,
2167 2660 2334 2720 atque
2362 2649 2531 2704 tutrix
2560 2647 2812 2703 mirabile
2856 2656 3124 2716 tropaeum
3172 2645 3277 2698 hoc
3324 2641 3572 2707 invento,

1986 2751 2043 2797 et
2059 2750 2443 2813 stratagemate
2476 2740 2827 2795 incruentum
2850 2736 3025 2793 erexit
3050 2754 3062 2789 :
3095 2750 3193 2791 eos
3212 2732 3455 2804 quidem,
3478 2732 3573 2802 qui

1985 2837 2252 2893 adversus
2282 2850 2436 2890 suam
2458 2833 2634 2904 ipsius
2668 2831 3043 2887 hvereditatem
3077 2825 3421 2898 implacabile
3458 2824 3575 2879 bel-

1985 2927 2099 2983 lum
2122 2934 2397 2999 gererent,
2420 2938 2486 2981 ac
2524 2938 2677 2978 arma
2708 2922 2775 2977 in
2822 2924 2997 2991 ipsam
3043 2917 3319 2984 tulissent,
3348 2915 3578 2971 omnino

1986 3022 2365 3092 submergens,
2396 3034 2461 3074 ac
2490 3016 2717 3072 marinis
2746 3015 3003 3070 ﬂuctibus
3033 3011 3277 3083 agendos
3306 3009 3525 3063 tradens
3554 3026 3569 3062 ε

301 3116 404 3186 τῆς
429 3116 702 3189 σωτηρίας
743 3116 964 3181 ἐλπίδας
993 3119 1052 3172 ἐν
1081 3116 1255 3191 ταύτῃ
1289 3119 1384 3173 καὶ
1416 3119 1554 3190 μόνῃ
1586 3119 1886 3174 σαλεύοντα

1991 3115 2165 3186 ipsam
2196 3122 2378 3169 autem
2433 3126 2588 3166 suam
2635 3117 2863 3171 sortem,
2910 3119 3034 3175 quae
3089 3104 3146 3157 in
3198 3104 3336 3172 ipsa,
3402 3114 3575 3168 caque

302 3207 509 3280 κλῆρον
538 3210 605 3263 ἐκ
643 3210 753 3263 τῶν
793 3210 1218 3281 προσπεσόντων
1261 3210 1453 3264 δεινῶν
1484 3210 1673 3280 ἀπαθῆ
1707 3211 1888 3283 πάντη

297 3302 705 3372 διαφυλάξασα.

375 3481 512 3535 Τότε
538 3482 597 3538 δὲ
628 3482 773 3549 τότε,
803 3485 899 3538 καὶ
955 3482 1121 3549 αὐτὸς
1164 3485 1195 3539 ὀ
1236 3483 1442 3541 τούτων
1478 3483 1713 3557 ἔξαρχος
1750 3485 1883 3539 αὺτ-

296 3574 481 3645 όπτης
519 3577 811 3648 γενόμενος
832 3578 931 3648 τῆς
979 3577 1240 3649 τοιαύτης
1284 3577 1566 3643 ἀπωλείας
1613 3576 1706 3633 τοῦ
1754 3578 1886 3632 ίδίου

304 3667 718 3739 στρατεύματος
736 3709 751 3734 ,
786 3669 955 3725 αὑτοῦ
986 3687 1093 3724 που
1118 3671 1215 3725 σὺν
1239 3671 1488 3735 ὁπλίταις
1515 3672 1774 3726 ἱππεῦσιν
1803 3672 1887 3741 ἐφ’

304 3756 516 3827 ὑψηλοῦ
569 3759 737 3813 τόπου
790 3760 1083 3832 ἱστάμενος
1107 3801 1123 3826 ,
1154 3763 1315 3834 χερσὶ
1356 3762 1420 3816 τὸ
1462 3761 1660 3833 στῆθος
1695 3763 1791 3817 καὶ
1826 3765 1889 3817 τὸ

304 3851 600 3922 πρόσωπον
641 3852 909 3908 ἔτυπτεν·
962 3855 1013 3907 οι
1059 3853 1117 3908 δέ
1162 3853 1314 3919 ἐντὸς
1361 3853 1458 3907 τοῦ
1498 3854 1711 3923 τείχους
1751 3856 1889 3927 πρὸς

299 3942 432 4005 τοὺς
471 3942 706 4015 ἐχθροὺς
735 3945 1244 4016 ἀνταγωνισάμενοι
1268 3983 1285 4009 ,
1314 3943 1441 3997 ἐπεὶ
1471 3943 1678 4013 ῐμαθον
1706 3943 1798 4000 τὸν
1829 3949 1890 3999 ἐν

303 4032 374 4102 τῇ
415 4030 663 4107 θαλάσση
703 4034 997 4106 γενόμενον
1042 4034 1348 4107 Βαρδὰροις
1383 4034 1628 4106 ὅλεθρον,
1682 4036 1890 4101 εὐθέως

304 4123 429 4197 θείᾳ
456 4124 684 4196 δυνάμει
716 4126 1040 4199 ρωσθέντες,
1062 4128 1157 4182 καὶ
1184 4129 1249 4199 τῇ
1285 4127 1388 4197 τῆς
1422 4128 1705 4200 Παρθένου
1743 4129 1889 4199 ίσχΰι

305 4216 669 4290 φραξάμενοι,
704 4220 806 4284 τάς
832 4222 1010 4286 πύλας
1032 4220 1143 4274 τῶν
1170 4219 1369 4293 τειχῶν
1396 4220 1775 4286 ἀνεπέτασαν,-
1791 4223 1889 4277 καὶ

308 4314 406 4366 σὺν
438 4312 533 4385 βοῇ
563 4316 656 4368 καὶ
688 4314 993 4387 ἀλαλαγμῷ
1020 4315 1165 4369 κατά
1194 4314 1311 4368 τῶν
1350 4313 1565 4387 ἐχθρῶν
1593 4312 1890 4386 ἐπεξέδραο

310 4418 442 4474 μον
471 4405 708 4478 τοσαύτη
738 4407 799 4460 δὲ
821 4407 1077 4478 περιέσχε
1108 4406 1254 4478 χαρά
1284 4408 1380 4461 καὶ
1408 4407 1642 4479 δύναμις
1662 4408 1725 4462 τδ
1748 4408 1889 4480 ἠμέ-

307 4514 491 4567 τερον,
517 4500 641 4562 τοὺς
670 4500 731 4553 δέ
755 4500 1074 4571 Βαρδάρους
1102 4499 1296 4567 δειλία,
1321 4501 1403 4566 ὡς
1440 4501 1534 4555 καὶ⁹
1561 4503 1759 4567 παῖδας
1790 4502 1888 4557 καὶ
1922 4483 1969 4539 Ῑ)

308 4590 510 4660 γύναια
534 4593 655 4646 κατ’
676 4593 900 4647 ἐκείνων
925 4593 1070 4665 ὁρμή
1080 4609 1297 4658 σαντας.
1318 4595 1402 4657 είς
1426 4594 1558 4647 αὐτὸ
1573 4594 1888 4665 παραγενέ·

310 4684 437 4738 σθαι
485 4685 599 4739 τῶν
637 4685 851 4758 ἐχθρῶν
897 4687 959 4740 τὸ
1009 4685 1392 4758 στρατόπεδον.
1443 4687 1578 4741 τότε
1624 4682 1693 4759 ἦν
1733 4689 1887 4761 ὁρᾷν,

308 4776 465 4832 ’Ἓν-α
502 4778 742 4847 χιλίους
768 4776 1090 4832 διώκοντα·
1116 4778 1218 4833 καὶ
1238 4777 1370 4844 δύο,
1395 4780 1690 4850 μυριάδας
1705 4798 1889 4851 μετα-

308 4863 616 4918 κινοῦντα.
673 4864 909 4937 Τοιαύτη
962 4866 996 4937 ὴ
1069 4866 1344 4936 πάναγνος
1412 4870 1508 4923 καὶ
1567 4871 1845 4938 Παρθένος
1870 4887 1888 4903 ⁸

306 4954 535 5026 τοιαύτη
630 4956 894 5022 Θεοτόκος
926 4958 1021 5012 καὶ
1058 4959 1327 5013 Δέσποινα
1349 4976 1365 4991 ο
1433 4960 1589 5031 ἰσχὺν
1631 4965 1747 5024 τοῖς
1794 4964 1893 5018 ἀν-

312 5047 577 5120 ισχύροις,
604 5051 700 5103 καὶ
723 5049 952 5121 δύναμιν
977 5051 1088 5114 τοίς
1123 5052 1429 5116 ἀδυνάτοις,
1447 5051 1773 5126 δεδώρηται.
1807 5056 1895 5120 Ὡς

310 5137 380 5210 δὴ
417 5140 447 5193 ό
482 5140 636 5210 ἥλιος
671 5140 783 5205 ἔδυ,
815 5143 912 5196 καὶ
938 5140 1035 5210 νὺξ
1066 5143 1335 5199 κατέλαϐε
1355 5183 1373 5209 ,
1403 5146 1505 5209 τάς
1534 5145 1891 5218 πολιορκητι-

314 5230 420 5294 κὰς
451 5234 701 5303 μηχανὰς
726 5274 741 5297 ,
770 5233 960 5305 ὥσπερ
990 5234 1076 5304 ἐφ’
1118 5234 1346 5306 ἀμαξῶν
1375 5237 1641 5309 ἐκόμισαν
1672 5240 1723 5293 οι
1753 5239 1895 5312 Βάρ⁴

315 5319 494 5393 ὄαροι,
522 5323 700 5388 πάσκς
726 5324 803 5396 τῷ
847 5325 980 5396 πυρὶ
1024 5324 1444 5397 παραδεδώκασι
1464 5343 1481 5358 ⁸
1513 5328 1609 5382 καλ⁸
1640 5329 1801 5401 χάρις
1825 5333 1893 5403 τῇ

315 5412 567 5486 Θεοτὸκῳ
586 5419 1122 5491 παρεσκευασαμὲνη
1135 5420 1518 5489 γενέσθαιτῶν
1543 5422 1691 5476 ἰδίων
1712 5411 1892 5477 πόνων

320 5507 416 5562 καὶ
452 5510 713 5580 μηχανῶν
741 5511 1082 5582 αὐτουργοὺς
1103 5513 1301 5577 αὐτοὺς
1326 5514 1422 5567 καὶ
1452 5514 1800 5586 ἐμπρηστας.
1838 5515 1896 5571 '0

319 5594 381 5651 δέ
405 5596 668 5671 ίεράρχης
698 5642 708 5658 .
734 5600 832 5655 καὶ
855 5600 884 5654 ὁ
911 5600 1100 5667 λοιπὸς
1137 5601 1266 5667 λαὸς
1288 5606 1387 5669 τάς
1410 5605 1601 5678 χεῖρας
1632 5605 1893 5661 διαπετά-

391 5798 419 5831 δ
455 5800 629 5860 Exod.
664 5821 774 5861 xw.

1990 3208 2104 3263 sola
2144 3222 2297 3278 spem
2355 3202 2654 3276 posuisset,
2716 3200 3073 3256 ﬂuctuantem
3128 3196 3197 3250 ab
3244 3192 3576 3248 immanibus

1989 3298 2168 3363 malis,
2222 3311 2347 3367 qua:
2404 3293 2755 3355 invasissent,
2821 3289 3044 3361 penitus
3116 3299 3344 3341 servans
3425 3284 3577 3339 inco-

1990 3393 2217 3449 lumem.

2065 3487 2284 3542 Actum
2316 3481 2537 3554 quidem
2601 3481 2719 3551 ipse
2790 3476 2959 3533 etiam
3032 3473 3227 3529 borum
3283 3468 3579 3542 praefectus

1990 3579 2265 3637 exercitus
2286 3577 2370 3633 sui
2399 3575 2609 3633 cladem
2638 3582 2845 3628 tantam
2864 3569 3040 3625 oculis
3057 3573 3339 3637 spectatis,
3357 3561 3576 3618 sublimi

1990 3673 2227 3746 quodam
2257 3672 2380 3728 loco
2413 3685 2539 3725 cum
2600 3664 2946 3739 equestribus
2991 3659 3167 3731 copiis
3221 3656 3576 3719 constitutus,

1990 3776 2203 3840 pectus,
2231 3765 2554 3834 vultumque
2604 3775 2771 3815 manu
2819 3754 3178 3829 percutiebat.
3238 3751 3313 3806 Illi
3371 3757 3575 3814 autem,

1989 3859 2082 3930 qui
2120 3858 2265 3913 intra
2296 3872 2485 3911 muros
2529 3855 2794 3908 adversus
2817 3851 3007 3905 hostes
3049 3856 3332 3903 certamen
3374 3843 3581 3899 habite-

1990 3961 2136 4018 rant,
2160 3958 2221 4005 ut
2271 3948 2481 4005 cladem
2508 3946 2840 4010 didicerunt,
2869 3956 3031 4013 quam
3067 3938 3292 3993 Barbari
3355 3935 3411 3991 in
3443 3934 3578 3989 mari

1990 4043 2352 4115 accepissent,
2384 4040 2567 4096 divina
2616 4037 2872 4112 protinus
2918 4034 3122 4089 virtute
3150 4029 3413 4115 roborati,
3459 4026 3580 4080 Vir-

1992 4136 2242 4211 ginisque
2264 4132 2389 4190 freti
2412 4130 2677 4204 potentia,
2709 4134 3047 4200 aperuerunt
3100 4114 3340 4180 civitatis
3361 4129 3575 4191 portas,

1993 4229 2321 4298 sublatoque
2378 4227 2639 4287 clamore,
2693 4230 2751 4277 et
2800 4219 3033 4283 ululatu,
3069 4214 3483 4287 impressionem
3523 4212 3577 4266 in

1995 4323 2181 4379 hostes
2236 4320 2506 4377 fecerunt.
2549 4314 2721 4370 Tanta
2759 4328 2923 4385 porro
2974 4311 3056 4367 vis
3084 4308 3286 4382 gaudii,
3322 4316 3581 4376 tantaque

1994 4415 2172 4472 virtus
2196 4422 2417 4469 nostros
2442 4409 2656 4476 habuit,
2678 4406 2949 4462 Barbaros
2965 4412 3147 4460 autem
3179 4409 3365 4457 tantus
3389 4415 3579 4470 pavor,

1997 4508 2242 4565 utetiam
2272 4505 2452 4577 pueri,
2514 4513 2571 4559 et
2626 4501 2888 4558 mulieres
2923 4498 2977 4553 in
3038 4512 3135 4553 eos
3185 4494 3481 4558 irruentes,
3523 4492 3581 4546 in

1997 4602 2113 4673 ipsa
2142 4598 2382 4655 hostium
2405 4606 2587 4652 castra
2613 4591 3044 4666 penetraverint.
3090 4587 3248 4645 Tunc
3283 4585 3471 4657 utique
3496 4581 3581 4640 vi-

1996 4692 2129 4747 dere
2145 4698 2263 4745 erat
2293 4696 2353 4744 ut
2388 4689 2529 4745 Unus
2558 4692 2955 4758 persequeretur
2988 4680 3152 4745 mille,
3188 4680 3393 4748 duoque
3421 4678 3581 4749 fuga-

1998 4792 2114 4838 rent
2154 4784 2330 4836 decem
2373 4779 2545 4834 millia
2576 4776 2620 4834 ’⁵.
2676 4777 2826 4831 Talis
2874 4784 2961 4830 est
2998 4772 3320 4827 intemerata
3350 4768 3462 4834 illa,
3518 4785 3581 4823 ae

1999 4874 2161 4945 Virgo
2193 4889 2207 4925 :
2246 4872 2370 4927 talis
2402 4871 2654 4941 Deipara,
2694 4876 2750 4922 et
2793 4864 3026 4920 Domina
3068 4880 3082 4918 :
3128 4861 3372 4933 potentia
3413 4861 3581 4930 impo-

1999 4974 2203 5031 tentes,
2247 4972 2305 5019 et
2332 4961 2539 5019 virtute
2572 4960 2869 5016 destitutos
2900 4956 3105 5010 virtute
3133 4953 3374 5008 donavit.
3406 4952 3580 5008 Carte-

1999 5072 2124 5112 rum
2151 5071 2277 5120 cum
2308 5054 2424 5112 sole
2464 5052 2749 5109 occidente
2782 5065 2893 5106 nox
2921 5046 3253 5112 advenisset,
3301 5042 3581 5099 machinas

1999 5146 2377 5220 expugnanda
2399 5145 2518 5202 urbi
2542 5148 2907 5213 comparatas,
2945 5156 3085 5211 quas
3111 5138 3335 5194 Barbari
3366 5137 3420 5190 in
3453 5151 3582 5195 cur-

2000 5241 2152 5297 ribus
2189 5238 2546 5302 advexerant,
2587 5250 2779 5292 omnes
2804 5233 2914 5304 igni
2954 5232 3299 5288 tradiderunt
3330 5246 3344 5282 :
3378 5244 3443 5284 ac
3463 5228 3581 5298 pla-

2000 5349 2072 5389 ne
2120 5331 2320 5405 gratias
2368 5330 2634 5400 Deiparae,
2691 5342 2813 5397 quae
2854 5324 3118 5391 eil‘ecerit,
3174 5334 3235 5379 ut
3282 5322 3444 5378 iidem
3478 5319 3578 5390 ipsi

2001 5440 2224 5481 suorum
2257 5422 2504 5478 laborum
2543 5435 2607 5475 ac
2632 5418 3012 5475 machinarum
3041 5417 3577 5473 ineensoresessent,

1999 5516 2093 5591 qui
2134 5512 2367 5567 fuissent
2404 5519 2680 5567 auctores.
2734 5507 3051 5564 Patriarcha
3091 5514 3297 5567 autem,
3347 5518 3409 5558 ac
3454 5502 3581 5557 reli-

1997 5622 2139 5679 quus
2168 5604 2425 5676 populus,
2470 5602 2724 5659 manibus
2765 5601 2819 5659 in
2848 5596 3345 5669 cmiumeXpausis,
3381 5595 3589 5668 gratia—-.
