4126 6282
499 263 637 331 1363

1816 271 2133 336 GEORGII
2164 231 2461 333 Pisum:

3622 268 3759 336 136i

491 389 609 429 rum
641 373 873 431 actionis
896 375 1127 444 cantica,
1157 374 1491 449 inlacrymas
1513 377 1698 447 effusi,
1727 378 1783 435 in
1810 380 1927 435 haec
1953 394 2079 435 ver-

2208 393 2380 442 ravrsq
2428 378 2508 442 εἰς
2554 375 2646 431 τδν
2691 374 2956 446 οὐρανὸν,
3011 374 3110 430 σὺν
3154 374 3384 447 δάκρυσι
3434 380 3774 450 χαριστήρια

492 465 559 519 ba
590 480 829 535 panxerc
864 485 877 521 ι
907 466 1135 522 Dextera
1178 479 1293 533 tua,
1324 469 1566 536 Domine,
1621 471 1965 542 magni/iectu
2006 487 2083 532 est

490 556 546 609 in
575 557 925 615 fortitudine:
953 560 1169 614 dextera
1218 572 1333 623 tua,
1382 561 1621 626 Domine,
1667 563 1924 631 percussit
1981 563 2085 615 ini-

492 651 686 701 micum
717 657 766 702 et
795 650 852 702 in
888 650 1226 706 multitudine
1271 652 1453 722 glorite
1504 662 1609 707 tua:
1639 654 1929 708 contrivisti
1978 654 2087 707 ini-

495 739 655 810 micos
677 739 772 794 ‘°‘.

570 828 662 884 Sic
693 839 876 885 aulem
910 830 1177 902 insipiens
1217 831 1529 906 Cbaganus,
1562 837 1655 906 qui
1702 834 2101 891 innumerabili

503 921 855 977 multitudine
883 924 1291 993 expeditionem
1322 925 1565 992 fecisset,
1610 924 1877 984 confusus
1914 943 2093 983 rever-

503 1028 599 1068 sus
628 1022 715 1068 est
746 1031 759 1068 :
815 1014 978 1069 simili
1003 1031 1223 1087 quoque
1250 1017 1489 1083 ratione,
1513 1019 1606 1090 qui
1638 1019 1870 1075 ducebat
1900 1019 2091 1074 Persa-

506 1118 629 1157 rum
682 1104 1009 1171 exercitum,
1062 1121 1285 1161 manum
1329 1107 1411 1162 ori
1448 1108 1756 1178 imponens,
1782 1124 1848 1164 ac
1879 1109 2091 1163 vultum

505 1195 780 1264 operiens,
816 1212 1020 1266 paucos
1043 1213 1302 1254 secumve
1332 1209 1411 1255 tot
1446 1200 1689 1256 millibus
1710 1200 1943 1267 ducens,
1963 1215 2090 1256 cum

508 1286 716 1356 pudore
770 1287 825 1341 in
870 1303 1022 1342 suam
1055 1289 1203 1344 venit
1250 1290 1548 1361 regionem.
1585 1291 1643 1363 In
1681 1292 1831 1346 hunc
1868 1291 2091 1346 modum

507 1376 706 1432 divinae
754 1378 1079 1433 oeconomiae
1113 1396 1178 1435 ac
1207 1380 1470 1438 bonitatis
1523 1382 1793 1450 ministra,
1831 1382 1921 1437 illa
1962 1397 2093 1437 san-

508 1469 773 1538 ctissima,
795 1485 859 1526 ac
886 1487 1111 1541 prorsus
1141 1472 1487 1529 immaculata
1509 1474 1601 1530 Dei
1624 1458 1878 1547 gen'itrix,
1898 1485 2092 1546 potens

509 1561 601 1616 illa
629 1560 1067 1620 Christianorum
1098 1564 1365 1633 defensio,
1400 1582 1514 1622 suae
1544 1568 1598 1623 in
1651 1583 1754 1623 nos
1814 1566 2093 1624 defensio-

511 1656 599 1710 nis
623 1658 926 1727 poteutiam
968 1659 1211 1715 ostendit
1257 1680 1270 1716 :
1321 1660 1401 1715 sic
1430 1676 1619 1732 magna
1646 1677 1749 1717 nos
1772 1675 1837 1717 ac
1856 1660 2090 1717 mirabili

2190 465 2339 544 ᾖδον,
2379 471 2474 525 καὶ
2518 468 2736 537 ελεγον⁹
2778 466 2843 522 Ἠ
2886 466 3055 532 δεξιά
3096 483 3237 535 σου,
3267 469 3475 537 Κύριε,
3522 470 3775 536 δεδόξα-

2191 578 2329 617 σται
2357 563 2430 616 ἐν
2464 561 2650 631 ίσχῢι·
2672 561 2710 627 ἡ
2739 557 2911 624 δεξιά
2929 573 3047 613 σου
3072 558 3229 628 χεὶρ,
3251 560 3447 627 Κύριε,
3474 560 3780 629 ἔθραυσεν

2190 655 2442 725 ἐχθρούς
2462 670 2476 686 ’
2503 653 2601 709 καί
2634 651 2717 718 τῷ
2746 651 2966 718 πλήθει
2995 650 3106 721 τῆς
3126 651 3315 720 δόξης
3343 668 3463 707 σου
3496 653 3780 722 συνέτρι-

2191 751 2316 817 ψας
2335 746 2477 812 τοὺς
2504 745 2927 811 ὑπεναντίους.

2268 840 2377 894 Καὶ
2406 838 2550 893 οὕτω
2580 838 2682 909 μὲν
2709 839 2737 891 6
2768 837 3078 909 παράφρων
3117 837 3369 906 Χαγάνος
3406 837 3607 909 πλήθει
3646 838 3778 892 δυσο

2197 931 2488 1003 αριθμήτῳ
2517 929 2951 1000 ἐπιστρατεύσας
2978 928 3094 999 μετ’
3118 928 3385 999 αἰσχύνης
3412 929 3779 1001 ὑπέστρεψεν⁹

2197 1022 2402 1092 ὁμοίως
2425 1020 2521 1075 καὶ
2542 1019 2604 1075 τὸ
2632 1019 2903 1089 Περσικὸν
2939 1020 3255 1090 στράτευμα
3285 1021 3315 1073 6
3343 1018 3592 1089 ἑπαγὼν,
3618 1022 3780 1092 χεῖρα

2195 1110 2288 1163 ὲπὶ
2337 1109 2567 1181 στόματι
2610 1108 2725 1172 θεὶς
2752 1152 2767 1176 ,
2800 1109 2897 1162 καὶ
2937 1108 3000 1161 τὺ
3040 1110 3335 1180 πρόσωπον
3366 1110 3779 1182 καλυψάμενος,

2194 1202 2304 1259 ἀπὸ
2342 1202 2456 1257 τῶν
2497 1200 2772 1257 τοσούτων
2802 1201 3078 1272 χιλιάδων,
3131 1201 3540 1273 εὐαριθμήτους
3589 1219 3786 1255 συνεπ-

2196 1294 2490 1365 αγόμενος,
2524 1293 2643 1364 μετ’
2666 1290 2930 1364 αἰσχύνης
2957 1292 3057 1362 τὴν
3086 1291 3226 1347 ἰδίαν
3252 1290 3435 1363 χώραν
3452 1292 3782 1346 συνέϐαλενο

2200 1384 2377 1449 οὕτως
2428 1386 2463 1457 ή
2496 1384 2596 1455 τῆς
2627 1384 2779 1448 θείας
2816 1382 3131 1453 οἰκονομίας
3172 1383 3269 1438 καὶ
3311 1382 3650 1455 ἀγαθότητος
3680 1385 3785 1438 ύπ-

2196 1476 2434 1550 ουργδς,
2496 1477 2531 1547 ἠ
2608 1475 2849 1545 παναγία
2904 1475 3002 1530 καὶ
3068 1475 3442 1546 ύπεράμωμος
3482 1476 3783 1540 Θεοτόκος,

2196 1571 2233 1639 ἡ
2280 1567 2389 1622 τῶν
2441 1566 2788 1638 Χριστιανῶν
2835 1566 3077 1637 κραταιά
3123 1565 3452 1637 ἀντίληψις,
3497 1567 3604 1636 τῆς
3654 1568 3786 1639 περί

2194 1665 2346 1735 ἡμᾶς
2375 1661 2718 1733 ἀντιλήψεως
2743 1660 2845 1733 τὴν
2871 1661 3026 1733 ἰσχὺν
3050 1660 3365 1728 ἐπεδείξατο
3385 1676 3401 1692 ο
3436 1660 3583 1714 οὕτω
3612 1661 3788 1733 μεγά-

513 1747 688 1803 salute
758 1748 1075 1819 impertivit,
1126 1750 1179 1805 in
1236 1750 1393 1821 cujus
1432 1750 1687 1807 beneficii
1751 1750 2095 1819 memoriam,

2208 1758 2299 1827 λην
2342 1757 2476 1827 ημῖν
2521 1755 2616 1809 καὶ
2664 1752 2972 1826 παράδοξον
2996 1754 3099 1825 τὴν
3126 1754 3405 1826 σωτηρίαν
3434 1754 3786 1826 κεχάρισται,

516 1849 839 1904 praesentem
881 1842 1179 1912 quotannis
1223 1842 1507 1898 collectam
1553 1843 1721 1899 totius
1750 1842 1934 1914 populi
1964 1857 2101 1899 con-

516 1939 686 1986 ventu
743 1934 1045 1989 solemnem
1097 1933 1331 2007 agimus,
1392 1944 1720 2006 noctemque
1764 1942 1934 1992 totam
1965 1934 2106 1991 cele-

515 2024 669 2080 brem
742 2025 1010 2082 habentes
1037 2067 1054 2092 ,
1113 2027 1291 2084 eidem
1349 2043 1451 2099 pro
1516 2028 1815 2100 gratiarum
1885 2026 2103 2085 actione

516 2115 798 2173 oti'erimus
867 2118 1209 2175 canticorum
1275 2118 1515 2176 laudem.
1572 2119 1754 2190 Atque
1813 2118 1931 2176 haec
2001 2119 2101 2175 ha-

512 2218 725 2263 etenus.

588 2300 786 2358 Verum
818 2303 910 2360 ubi
926 2304 1038 2374 jam
1061 2304 1193 2361 anni
1230 2319 1328 2361 sex
1352 2300 1517 2377 su'pra
1544 2303 1768 2377 triginta
1796 2304 1874 2378 (4)
1900 2304 2104 2361 abhinc

511 2392 875 2461 effluxissent,
927 2395 1288 2454 Constantino
1328 2395 1605 2469 Pogonato
1656 2406 1881 2470 regente
1929 2396 2103 2468 impe—

480 2550 487 2554 ζ
515 2487 682 2554 rium,
716 2487 916 2544 iterum
948 2490 1328 2561 Agarenorum
1358 2504 1588 2546 examen
1613 2489 1817 2563 ingenti
1840 2489 2105 2546 Constan-

520 2579 808 2650 tinopolim
858 2581 1033 2636 classe
1064 2581 1246 2652 petiit,
1277 2582 1571 2653 statimque
1599 2581 1812 2653 appulsi
1861 2589 1999 2637 sunt
2033 2580 2103 2637 ad

519 2682 739 2742 portum
765 2671 1039 2733 Hebdomi
1074 2673 1152 2745 (5)
1187 2672 1474 2744 :quotidie
1510 2688 1642 2730 vero
1687 2673 2104 2729 committebant

518 2764 743 2819 navalia
773 2764 980 2835 praelia,
1055 2779 1087 2820 a
1140 2780 1269 2820 vere
1328 2763 1397 2819 ad
1453 2771 1819 2831 autumnum;
1882 2773 2105 2835 tumque

522 2856 702 2913 hieme
730 2856 1061 2914 adveniente
1087 2855 1535 2924 transfretabant,
1579 2871 1644 2914 ac
1674 2855 1855 2928 Cyzici
1892 2856 2103 2912 hiema.

520 2948 652 3004 bant
680 2964 700 3004 :
740 2948 938 3004 iterum
992 2948 1218 3005 ineunte
1264 2964 1392 3005 vere
1451 2948 1578 3004 inde
1637 2949 1862 3007 reducta
1907 2949 2104 3018 classe,

2197 1844 2416 1922 ἧστινος
2429 1844 2750 1918 εὐεργεσίας
2770 1845 2852 1909 εἰς
2878 1845 3206 1918 ἀνάμνησιν,
3227 1846 3326 1919 τὴν
3354 1846 3641 1918 παροῦσαν
3659 1848 3792 1917 ἔτη-

2202 1939 2334 2002 σίως
2389 1936 2668 2008 πανδημεὶ
2728 1935 2954 2003 σύναξιν
2997 1935 3285 2009 ποιοῦμεν,
3335 1936 3433 1992 καὶ
3491 1937 3794 2009 παννύχιον

2198 2032 2407 2102 ἄγομεν
2460 2029 2678 2102 ἑορτὴν,
2728 2028 3184 2102 εὐχαριστηρίους
3227 2028 3375 2100 ᾠδὰς
3417 2029 3559 2101 αὐτῇ
3610 2044 3794 2102 προσο

2201 2123 2461 2195 φέροντες
2481 2138 2495 2152 °
2526 2121 2668 2176 ἀλλά
2698 2119 2875 2174 ταῦτα
2904 2118 3003 2192 μὲν
3033 2119 3092 2184 ές
3118 2117 3398 2175 τοσοῦτον.

2276 2300 2433 2356 Μετά
2471 2298 2835 2373 παραδρομὴν
2880 2297 2940 2353 δὲ
2983 2296 3193 2370 χρόνων
3223 2297 3525 2370 τριάκοντα
3555 2296 3657 2353 καὶ
3704 2295 3791 2361 ἐξ,

2200 2393 2299 2466 τὴν
2331 2392 2612 2466 βασιλείαν
2642 2392 2914 2457 ἰθύνοντος
2944 2390 3359 2446 Κωνσταντίνου
3384 2389 3481 2445 τοῦ
3510 2390 3801 2460 Πωγωνά-

2201 2501 2296 2538 του
2322 2524 2338 2549 ,
2369 2483 2533 2538 πάλιν
2578 2481 2913 2537 κατελάϐετο
2957 2480 3069 2534 τῶν
3120 2478 3439 2552 ’Δγαρηνῶν
3487 2479 3697 2551 σμῆνος
3732 2481 3799 2534 έν

2206 2575 2380 2646 στόλῳ
2427 2573 2652 2646 μεγάλῳ
2683 2572 2783 2645 τὴν
2811 2572 3232 2628 Κωνσταντίνου
3276 2572 3455 2639 πόλιν,
3502 2573 3601 2627 καὶ
3643 2588 3801 2644 παρ-

2204 2668 2403 2721 αυτίκα
2426 2663 2823 2739 προσὼρμισαν
2848 2666 2916 2737 τῇ
2950 2663 3205 2737 παραλίῳ
3229 2663 3324 2719 τοῦ
3359 2664 3626 2737 Ἑϐδόμου
3648 2681 3665 2699 ο
3700 2663 3799 2735 ὑφ’

2205 2759 2283 2817 ῶν
2318 2761 2623 2833 ναυμαχίαι
2664 2758 2789 2816 καθ’
2833 2760 3074 2833 ἑκάστην
3118 2760 3395 2831 ἐγίνοντο,
3426 2761 3537 2816 ἀπὸ
3566 2759 3800 2834 ἐαρινοῦ

2205 2851 2400 2924 καιροῦ
2452 2851 2614 2925 μέχρι
2656 2850 3057 2924 φθινοπωρινοῦ
3080 2868 3094 2882 ·
3154 2851 3422 2923 χειμῶνος
3455 2851 3513 2905 δὶ
3542 2853 3799 2919 ἐπιγενο-

2208 2940 2397 3013 μένου,
2448 2941 2849 3012 περαιούμενος
2875 2941 2905 2994 6
2934 2940 3045 2995 τῶν
3074 2941 3411 3013 Σαρακηνῶν
3442 2940 3629 3005 στόλος
3648 2940 3799 3011 ἐχεί-

522 3039 685 3094 simili
729 3040 894 3097 modo
941 3040 1176 3096 navibus
1225 3040 1412 3111 praelia
1460 3040 1694 3096 inibant.
1746 3038 1884 3096 Cum
1923 3040 2105 3111 itaque

2212 3031 2385 3102 μαζεν
2405 3032 2465 3085 έν
2498 3030 2755 3103 Κυζίκῳ·
2800 3029 2899 3086 καὶ
2928 3030 3091 3086 πάλιν
3126 3030 3439 3103 ἀρχομένου
3463 3030 3626 3102 ἔαρος
3651 3030 3803 3084 ἐκεῖ.

521 3127 725 3184 bellum
759 3129 815 3185 in
844 3145 1021 3187 annos
1045 3092 1260 3202 septem
1283 3139 1623 3204 protractum
1654 3129 1868 3196 fuisset,
1897 3145 1963 3188 ac
1977 3092 2105 3188 clas:

2211 3092 2317 3176 θεν.
2346 3092 2684 3194 ἀναγόμενος
2696 3092 2729 3187 ’,
2776 3121 2982 3194 όμοίως
3019 3120 3115 3175 τοῦ
3164 3092 3576 3193 δίάιθαλάσσης
3607 3092 3804 3191 ⁷εἰχετο

520 3216 598 3273 sis
648 3217 1045 3274 Saracenorum
1097 3234 1269 3275 naves
1317 3220 1601 3292 plurimas,
1647 3220 1959 3291 multosque
2004 3235 2110 3277 nec

520 3307 681 3364 facile
707 3311 1098 3378 numerabiles,
1143 3322 1307 3383 atque
1364 3312 1419 3367 in
1462 3312 1571 3368 illis
1630 3312 1923 3368 bellatores
1965 3313 2110 3368 viros

522 3415 587 3455 ac
616 3410 875 3457 strenuos
902 3402 1181 3457 amisisset
1216 3422 1228 3457 :
1266 3403 1333 3458 ad
1374 3403 1491 3459 haec
1530 3418 1663 3460 vero
1694 3404 1862 3459 multa
1896 3405 2110 3474 jactura

523 3493 821 3547 necessarii
851 3503 1193 3551 commeatus
1212 3494 1431 3559 fuisset,
1453 3495 1571 3566 ipsa
1596 3511 1812 3566 quoque
1841 3497 2021 3553 inanis
2042 3497 2111 3551 ad

523 3596 622 3637 sua
641 3598 861 3639 reversa
881 3591 966 3640 est
983 3600 1250 3656 ;cumque
1265 3586 1333 3641 ad
1353 3586 1509 3659 Sylaei
1532 3588 1773 3645 venisset
1793 3599 1979 3660 partes
2007 3589 2107 3661 (6),

524 3682 812 3728 ventorum
851 3674 1168 3731 vehementi
1211 3678 1430 3734 turbine
1491 3679 1721 3749 jactata,
1775 3696 1874 3751 per
1908 3681 2109 3752 justam

528 3764 623 3819 Dei
646 3764 778 3820 iram
797 3765 1017 3837 penitus
1047 3768 1224 3825 deleta
1262 3778 1365 3825 est.
1396 3770 1476 3825 lta
1502 3770 1736 3828 diversis
1774 3774 2113 3844 temporibus

528 3856 670 3912 hanc
691 3872 723 3912 a
752 3858 864 3914 Deo
884 3870 1266 3917 conservatam
1303 3862 1493 3919 urbem
1521 3865 1706 3921 miseri
1752 3866 1828 3921 illi
1862 3867 2113 3923 adorien-

530 3961 633 4015 tes,
667 3952 870 4010 furoris
920 3955 1005 4010 sui
1058 3956 1325 4028 impetum
1355 3958 1648 4030 expleturi,
1698 3977 1758 4018 re
1788 3960 2011 4028 infecta,
2049 3976 2114 4018 ac

529 4040 853 4098 confusione
888 4043 1035 4115 pleni
1069 4047 1243 4103 coacti
1263 4057 1392 4104 sunt
1414 4048 1616 4105 redire.

604 4304 813 4362 Rursus
834 4316 1036 4373 tamen,
1054 4308 1200 4379 quod
1224 4323 1415 4365 eorum
1436 4310 1735 4366 dominatio
1754 4311 2114 4382 undequaque

2211 3213 2450 3285 πολέμου
2468 3229 2483 3244 '
2520 3212 2662 3268 ἑπτὰ
2684 3210 2780 3268 οὖν
2804 3213 2951 3267 ἔτεσι
2978 3212 3073 3268 τοῦ
3105 3213 3345 3284 πολέμου
3376 3213 3801 3285 διαρκέσαντος,

2210 3310 2240 3363 ό
2288 3308 2397 3363 τῶν
2456 3305 2796 3379 Σαρακηνῶν
2864 3304 3052 3370 στόλος
3092 3304 3392 3376 πάμπολλα
3442 3304 3610 3357 πλοῖα
3656 3303 3803 3357 ἀπο-

2212 3401 2413 3469 ϐαλὼν,
2465 3401 2562 3455 καὶ
2603 3398 2838 3464 πολλοὺς
2884 3398 2980 3455 καὶ
3028 3396 3456 3471 ἀναριθμήτους,
3505 3396 3596 3451 καὶ
3636 3394 3803 3466 μαχί-

2214 3508 2348 3565 μους
2377 3491 2596 3563 ἄνδρας,
2630 3489 2712 3543 ἔτι
2748 3506 2811 3543 τε
2849 3489 3110 3561 πλείστην
3145 3488 3349 3559 σκευὴν
3381 3481 3459 3542 ὧν
3495 3487 3806 3557 ἐπεφέρετο

2211 3580 2488 3654 χρειωδῶν
2516 3620 2530 3645 ,
2578 3579 2886 3653 ὑπέστρεψε
2939 3581 3036 3633 καὶ
3083 3579 3245 3642 αὐτὸς
3289 3578 3546 3649 διακενὴς
3600 3577 3683 3641 εἰς
3730 3577 3803 3631 τὰ

2214 3675 2323 3729 ῐδια
2345 3688 2358 3702 ’
2392 3674 2488 3727 καὶ
2512 3673 2571 3726 ὲν
2593 3674 2705 3736 τοῖς
2740 3671 2934 3743 μέρεσι
2959 3670 3052 3725 τοῦ
3085 3669 3315 3724 Συλαίου
3349 3669 3666 3741 γενόμενος,
3693 3669 3803 3723 ὑπὸ

2216 3768 2462 3841 σφοδρῶν
2510 3767 2607 3821 καὶ
2654 3765 2928 3839 ραγδαίων
2961 3766 3181 3838 ἀνέμων
3217 3766 3665 3820 ἐπιπνευσάντων
3702 3764 3805 3819 αύ-

2212 3863 2348 3925 τοίς,
2383 3858 2524 3914 κατά
2553 3858 2770 3914 δικαίαν
2803 3857 2973 3931 ὀργὴν
3001 3857 3098 3913 τοῦ
3129 3857 3291 3925 Θεοῦ,
3317 3858 3489 3930 ἄρδην
3521 3855 3801 3910 ἀπώλετο.

2215 3953 2373 4009 οὕτω
2401 3951 2549 4007 κατά
2590 3950 2885 4023 διαφόρους
2924 3952 3156 4020 καιροὺς
3198 3950 3329 4023 τῇδε
3372 3952 3439 4021 τῇ
3478 3947 3667 4002 θεόθεν
3696 3964 3803 4017 φυ-

2214 4044 2522 4118 λαττομένῃ
2573 4044 2729 4099 πόλει
2784 4043 3219 4116 προσϐάλλοντες
3268 4044 3321 4098 οἰ
3369 4041 3683 4112 ἀλιτήριοι.
3731 4039 3806 4093 τὰ

2216 4134 2314 4204 τῆς
2343 4133 2643 4202 μανιώδους
2672 4133 2853 4205 όρμῆς
2883 4133 3065 4187 αὐτῶν
3106 4130 3553 4204 ἀποπληροῦντες
3575 4168 3595 4195 ,
3621 4128 3808 4201 ἀπρα-

2218 4242 2336 4280 κτοι
2365 4224 2460 4279 καί
2485 4224 2753 4298 αἰσχύνης
2782 4224 3017 4297 πλήρεις
3051 4224 3417 4297 ὑπέστρεφον.

2302 4316 2464 4371 Ἀλλά
2511 4316 2713 4383 πάλιν,
2742 4317 2868 4371 ἐπεὶ
2915 4316 3181 4371 πάντοθεν
3212 4317 3397 4380 αὐτοῖς
3443 4316 3478 4384 ἡ
3516 4313 3810 4369 δυναστεία

534 4396 588 4450 in
616 4397 791 4468 majus
821 4407 1075 4469 provecta
1103 4410 1269 4469 esset,
1300 4411 1463 4472 atque
1506 4403 1574 4458 ab
1605 4413 1727 4458 ortu
1765 4404 1832 4458 ad
1860 4419 2105 4459 occasum

2218 4406 2364 4479 ήρθη
2409 4406 2549 4479 πρὸς
2605 4405 2862 4478 μέγεθος,
2893 4407 2985 4459 καὶ
3014 4404 3124 4460 ἀπὸ
3150 4404 3429 4459 ἀνατολῶν
3460 4404 3555 4458 καὶ
3579 4402 3808 4474 δυσμῶν

533 4496 715 4554 aucta,
747 4506 812 4546 ac
859 4491 1209 4548 multitudine
1234 4492 1468 4561 diﬂusa;
1500 4495 1732 4565 primum
1760 4495 1978 4566 quidem
2019 4511 2115 4552 ce-

536 4589 731 4648 perunt
782 4580 1069 4639 Persarum
1120 4598 1384 4656 regnum.
1448 4586 1644 4643 deinde
1698 4587 2018 4660 Egyptum,
2062 4598 2119 4646 ct

539 4671 796 4741 Africam,
844 4674 1023 4746 iurata
1049 4675 1374 4733 Christianis
1402 4678 1527 4745 fide,
1558 4689 1618 4735 ut
1644 4696 1712 4735 ne
1747 4695 1841 4736 eos
1873 4682 2119 4754 inculpa-

612 4831 631 4859 ⁶
664 4828 832 4885 Exod.
869 4847 956 4896 xv,
989 4832 1044 4887 6.

612 5008 686 5076 (ἰν
729 5008 821 5063 Ubi
843 5008 964 5077 jam
996 5009 1124 5061 anni
1155 5009 1372 5079 triginta
1413 5024 1523 5079 sex.
1558 5002 1749 5079 Incidit
1780 5013 1994 5079 tempus
2016 5006 2119 5063 hoc

541 5076 596 5131 in
622 5075 1111 5156 f’ogona’tiuannos,
1140 5075 1343 5151 quibus
1375 5077 1500 5156 vivo
1527 5075 1711 5156 adh-uc
1743 5075 1906 5156 patre
1939 5076 2119 5156 impe-

540 5146 779 5211 ravitfa
808 5149 1007 5219 quibus
1039 5146 1203 5204 etiam
1236 5166 1285 5203 νι
1322 5147 1560 5219 synodus
1598 5147 1719 5219 ejus
1760 5146 1974 5219 imperii
2021 5163 2121 5201 an-

539 5215 1025 5290 nosinumeravit:
1059 5234 1165 5290 qua
1202 5219 1271 5274 de
1302 5215 1366 5274 re
1412 5217 1545 5273 satis
1578 5215 1646 5271 ad
1678 5217 1814 5270 Acta
1839 5215 1984 5286 ejus
2031 5233 2121 5289 sy-

542 5289 692 5343 nodi.

615 5360 691 5430 (5)
728 5359 806 5439 Ad
836 5369 1044 5439 portum
1080 5357 1482 5439 Hebdonti."'fﬁ
1518 5355 1769 5439 παραλίῳ
1799 5352 1894 5408 τοῦ
1937 5354 2122 5439 133(66-

546 5426 679 5498 μου.⁷
727 5426 964 5485 Marcell.
1013 5443 1219 5498 comes,
1257 5437 1314 5482 et
1359 5426 1500 5498 Hist.
1540 5426 1757 5498 Miscell.
1793 5434 1992 5498 vocant
2022 5426 2124 5481 Sc-

544 5496 795 5567 ptimum.
856 5500 987 5555 Erat
1057 5497 1380 5553 suburbium
1417 5496 2125 5567 _Constantinopolitanmn

544 5565 754 5638 septem
781 5568 1104 5624 milliaribus
1144 5568 1212 5623 ab
1240 5568 1375 5623 urbe
1399 5565 1898 5638 Constantinopoli.

622 5639 811 5720 (6)..“
837 5638 1000 5720 ξμίαιὶ
1037 5639 1488 5720 .venisfet‘partes.
1536 5637 1627 5690 Ἐν
1656 5639 1766 5720 τοῖς
1804 5636 1996 5720 μέρεσι
2032 5636 2126 5720 τοῦ

549 5708 800 5778 Συλαίου.
836 5706 927 5763 Sic
976 5709 1140 5763 etiam
1172 5708 1228 5762 S.
1257 5706 1611 5778 Nicephorus,
1663 5707 1797 5778 πρὸς
1822 5706 1934 5770 τοῖς
1964 5706 2127 5759 πελά-

555 5777 707 5839 ζουσι
747 5779 840 5832 τοῦ
873 5779 1099 5833 Συλαίου
1134 5777 1416 5852 γενόμενοι
1452 5797 1463 5833 :
1500 5778 1589 5833 ubi
1619 5792 1728 5832 non
1778 5777 1915 5834 bene
1949 5779 2125 5832 lntcr-

2220 4497 2456 4569 ηὐξήθη,
2479 4497 2573 4552 καὶ
2602 4497 2684 4561 εἰς
2711 4496 2914 4568 πλῆθος
2947 4496 3193 4551 ἐπέδωκε
3211 4536 3227 4562 ,
3254 4496 3521 4568 πρότερον
3553 4493 3654 4565 μὲν
3676 4510 3810 4549 κατ·

2226 4589 2418 4645 έλαϐον
2458 4589 2557 4662 τὴν
2583 4588 2693 4643 τῶν
2737 4588 2966 4660 Περσῶν
3013 4587 3325 4659 βασιλείαν,
3363 4583 3463 4641 εἷθ’
3494 4586 3670 4650 οὔτως
3706 4586 3810 4656 τὴν

2227 4681 2504 4750 Αἴγυπτον
2548 4680 2643 4734 καὶ
2674 4677 2904 4749 Λιϐύην,
2934 4677 3168 4741 διδόντες
3197 4675 3356 4747 λόγον
3388 4677 3503 4739 τοίς
3543 4675 3811 4747 Χριστια-

2219 5022 2345 5084 pres
2386 5009 2733 5084 ud‘Sylwum
2775 5024 2923 5084 mare
2963 5006 3182 5078 propius
3227 5000 3811 5084 a_cced_ttnt,._aliud_ex

2220 5072 2327 5132 alio
2349 5072 2590 5156 reddens
2628 5080 2911 5156 proprium
2957 5072 3178 5156 nomen,
3206 5074 3509 5156 adiectione
3538 5072 3627 5156 illa
3659 5072 3812 5156 litte-

2220 5164 2316 5203 τε.
2349 5140 3007 5224 anaras,'cuin___ciassis
3030 5140 3287 5224 reliquid
3336 5144 3446 5224 iam
3478 5140 3814 5224 αιίοεῃιαζιρι

2221 5219 2593 5288 pervenissent,
2612 5212 2737 5276 'etc.
2771 5220 3002 5275 Videtur
3030 5212 3471 5288 Promontorium
3509 5212 3727 5288 aliquod
3754 5214 3813 5267 in

2228 5281 2757 5367 Pamphylia.'cuj_us
2795 5290 3022 5362 Sylaeus,
3056 5288 3171 5357 ipsa
3206 5285 3489 5367 eadem‘ac
3514 5281 3715 5354 Penge,
3751 5294 3813 5337 ut

2226 5359 2281 5433 in
2304 5356 2427 5429 ju're
2440 5356 2931 5433 timeo-Romano,
2954 5356 3272 5433 metropolis
3300 5360 3423 5433 erat
3455 5368 3810 5433 :quanquanr

2229 5423 2346 5503 ipsa
2391 5432 2715 5503 positaerat
2755 5432 2822 5487 ad
2852 5423 3264 5503 hiéditerrahea.
3304 5423 3485 5503 Unde-
3513 5432 3593 5503 et_
3622 5423 3813 5477 subdit

2271 5491 2467 5573 onaras
2499 5517 2513 5556 :
2550 5501 2594 5556 si
2623 5502 2716 5572 qui
2746 5501 3052 5573 evasissent
3085 5512 3152 5552 ex
3206 5497 3317 5573 hoc
3346 5491 3635 5573 naufragio
3658 5533 3675 5555 ,
3699 5509 3812 5573 ⁵εοε

2227 5568 2595 5646 (Συρἱνοιᾳηιηι
2627 5562 2811 5646 ducem
2843 5570 3132 5646 delevisse_;
3188 5566 3446 5646 nimirum
3502 5562 3560 5646 in
3612 5562 3808 5617 eadem

2228 5633 2352 5711 Asia
2383 5643 2604 5706 minori,
2634 5642 2724 5697 ubi
2760 5650 3040 5711 ponuntur
3084 5637 3208 5711 duae
3228 5636 3462 5711 βλυμε-τε,
3490 5633 3662 5689 altera
3686 5649 3809 5688 rna-

2225 5710 2312 5780 jor
2342 5712 2396 5768 in
2434 5705 2687 5787 Phrygia,
2725 5705 2903 5768 uiinor
2936 5711 3105 5766 altera
3138 5709 3192 5765 in
3218 5705 3429 5764 Cilicia.
