4126 6282
371 320 504 393 1369

1218 318 1535 380 HYMNUS
1571 315 2006 377 ACATISTUS.
2040 338 2111 353 --
2146 316 2464 388 QUERCII
2499 315 2737 376 ΝΟΤιΕ.

3486 304 3628 369 1370

435 435 622 494 Ταῦτα
652 435 754 507 μὲν
780 428 875 489 οὖν
909 433 1127 489 ἅπαντα
1172 437 1261 499 είς
1309 433 1524 503 γενεὰν
1548 432 1779 501 ἑτέραν,
1809 432 1950 503 ψαλ-

2119 435 2297 503 Atque
2351 433 2465 487 hac
2493 431 2712 501 quidem
2753 426 2876 483 talia
2909 435 3071 489 sunt,
3109 440 3266 495 quae,
3322 431 3381 476 ut
3432 421 3623 491 loquar

369 530 546 601 μικῶς
611 530 810 593 εἰπεῖν,
865 525 1330 595 διηγείσθωσαν,
1398 527 1496 579 καὶ
1565 526 1714 580 ἅπαν
1767 525 1942 595 στόμα

366 620 709 693 Χριστιανῶν
745 619 1134 689 προσφωνείτω
1186 618 1248 671 τὸ
1287 617 1434 688 ἱερὸν
1461 618 1642 686 λόγιον
1676 618 1815 688 μετά
1844 617 1943 671 τοῦ

369 713 534 769 Δαεὶδ
562 713 833 781 λέγοντος·
868 710 978 776 Σὺ,
1005 712 1200 779 Κύριε,
1221 708 1593 778 συνέτριψας
1618 709 1728 776 τὰς
1756 727 1940 778 κεφα-

369 806 486 870 λὰς
515 804 636 858 τῶν
663 803 1006 871 δρακόντων
1038 801 1137 857 ἐπὶ
1166 800 1276 856 τοῦ
1306 799 1548 866 ὕδατος.
1598 802 1944 872 Προστιθέτω

372 899 430 953 δὲ
455 900 551 953 καὶ
579 898 644 951 τὸ
665 898 759 950 ἐπὶ
781 897 882 966 τῆς
905 895 1085 960 ἐξόδου
1101 893 1317 965 Ἰσραὴλ
1338 889 1494 964 ᾆσμα
1518 892 1946 963 μεγαλοφώνως·

379 991 660 1060 ’ᾼσωμεν
689 989 771 1055 τῷ
796 989 991 1056 Κυρίῳ
1007 1004 1021 1019 ·
1047 986 1310 1052 ἐνδόξως
1338 987 1447 1055 γὰρ
1474 985 1856 1049 δεδόξασται.

457 1080 723 1135 Ἐνταῦθα
748 1079 846 1134 τοῦ
887 1079 1047 1149 λόγου
1078 1079 1394 1149 γενόμενος,
1423 1079 1522 1132 καὶ
1550 1077 1689 1149 πρὸς
1712 1077 1775 1131 τὸ
1814 1077 1950 1147 ὕψος

375 1173 597 1243 ἀφορῶν
622 1173 732 1228 τῶν
767 1172 1044 1244 μεγίστων
1076 1171 1398 1241 Θαυμασίων
1434 1169 1531 1225 τοῦ
1561 1169 1699 1224 θεοῦ
1725 1170 1821 1223 καὶ
1849 1173 1949 1223 As-

379 1268 599 1331 σπότου,
634 1265 730 1321 καὶ
776 1264 879 1335 τῆς
930 1263 1238 1335 ὐπεραγίας
1284 1264 1381 1318 καὶ
1434 1263 1607 1334 μόνης
1656 1262 1951 1327 Θεοτόκου,

377 1362 592 1430 ἄφωνος
619 1358 711 1411 ὐπ’
748 1356 1064 1427 ἐκπλήξεως
1102 1356 1327 1425 γίνομαι
1351 1393 1366 1417 .
1419 1353 1517 1424 οὐχ
1561 1353 1835 1423 εὑρίσκων
1863 1352 1957 1406 λό-

378 1468 509 1521 γους
554 1450 879 1522 ίσορῥόπους
914 1450 1029 1512 τοῖς
1062 1449 1385 1518 πράγμασι·
1420 1446 1551 1500 ποία
1584 1447 1696 1517 γάρ
1726 1445 1959 1516 μεγαλόο

381 1560 557 1615 φωνος
585 1542 809 1612 γλῶσσα
834 1580 850 1607 ,
898 1540 999 1612 τὴν
1048 1539 1325 1610 Παρθένον
1357 1539 1454 1592 καλ⁵
1498 1537 1762 1591 Θεοτόκον
1790 1536 1959 1603 ἀξίως

382 1635 728 1706 εὐφημήσει;
762 1633 887 1698 Πῶς
912 1633 1236 1704 παραδόξως
1263 1632 1497 1703 ὑμνήσει
1522 1631 1621 1701 τὴν
1653 1628 1959 1701 παράδοξον

382 1729 587 1799 ταύτης
632 1728 826 1800 χάριν;
882 1727 992 1781 Καὶ
1034 1726 1134 1796 τὴν
1175 1725 1361 1796 πηγὴν
1403 1724 1505 1796 τῆς
1548 1722 1961 1793 φιλανθρωπίας

383 1821 596 1886 δοξάσει
622 1859 640 1884 ,
672 1822 768 1874 καὶ
814 1820 913 1889 τὴν
943 1817 1297 1890 εὐχαριστίαν
1330 1816 1632 1887 προσάγειν
1655 1818 1722 1886 τῇ
1751 1815 1963 1887 Θεομή-

384 1930 541 1985 τορι;
571 1912 758 1983 Ταύτῃ
788 1912 897 1983 γὰρ
925 1910 1114 1981 ἥδεται
1149 1908 1355 1980 μᾶλλον
1375 1909 1513 1980 αὐτή
1535 1924 1620 1971 τε,
1650 1909 1747 1962 καὶ
1777 1908 1808 1961 ὁ
1833 1907 1963 1961 ταύο

386 2019 486 2074 της
515 2004 642 2066 Υίδς
665 2042 679 2067 ,
710 2004 857 2073 ἥπερ
884 2000 1066 2056 αὐλῶν
1102 2001 1195 2055 καὶ
1228 1998 1478 2071 ὀργάνων
1526 1998 1965 2070 μουσικωτάταις

2046 541 2169 580 eum
2199 524 2478 579 Psalmista
2512 541 2527 577 :
2561 522 2893 576 Enarrentur
2916 521 2971 572 in
2999 518 3332 589 generatione
3371 515 3579 568 αἰιενιιθ
3606 532 3618 567 :

2046 632 2217 686 osque
2248 630 2411 670 omne
2437 613 2870 670 Christianorum
2922 626 3135 664 sacrum
3186 608 3315 662 illud
3345 608 3622 662 oraculum

2045 725 2171 766 cum
2226 709 2424 765 Davide
2472 707 2776 763 acclamet:
2813 703 3193 758 Contribnlasti
3227 703 3404 772 capita
3426 684 3626 754 draco-

2050 819 2174 858 num
2220 804 2276 856 in
2322 818 2464 872 aqua
2491 801 2534 854 ’.
2586 799 2664 854 Ad
2720 798 2835 853 haec
2887 795 3109 850 accedat
3134 802 3188 847 et
3225 793 3493 847 canticum
3527 806 3626 860 pro

2048 896 2195 952 exitu
2226 895 2438 950 lsraelis
2482 891 2765 964 magniﬁca
2820 904 2951 945 voce
2995 905 3010 943 :
3048 887 3331 942 Cantemus
3366 884 3626 939 Domino:

2048 988 2271 1060 gloriose
2296 988 2435 1041 enim
2466 984 2835 1056 magniﬁcatus
2865 992 2938 1035 est
2971 981 3039 1036 ¹⁰.

2123 1079 2235 1134 lloe
2262 1079 2366 1134 loci
2392 1076 2627 1133 deducto
2679 1088 2955 1137 sermone,
2995 1071 3285 1138 animoque
3329 1066 3385 1121 in
3437 1063 3530 1120 Dei
3564 1079 3629 1119 ac

2052 1171 2288 1236 Domini,
2327 1176 2753 1240 praesanctaeque
2801 1180 2865 1219 ac
2920 1164 3089 1218 solius
3130 1160 3407 1230 Deiparze,
3455 1156 3630 1211 maxi-

2055 1268 2268 1321 morum
2307 1261 2634 1318 mirabilium
2693 1256 3081 1312 sublimitatem
3140 1253 3433 1308 intendens
3462 1292 3476 1315 ,
3516 1263 3630 1319 prae

2055 1365 2278 1425 stupore
2308 1352 2538 1422 elinguis
2590 1350 2681 1416 fio,
2741 1346 3126 1402 deficientibus
3179 1342 3382 1405 verbis,
3412 1349 3473 1394 ut
3514 1353 3630 1392 rem

2056 1447 2262 1520 possim
2317 1458 2553 1515 aequare.
2595 1442 2728 1507 Qua:
2759 1440 2906 1494 enim
2936 1437 3119 1508 lingua
3157 1432 3466 1504 magniilua,
3494 1428 3632 1483 Vir-

2058 1541 2261 1613 ginem,
2307 1552 2371 1592 ac
2407 1536 2712 1605 Deiparam,
2746 1530 2925 1603 dignis
2974 1524 3264 1599 praeconiis
3294 1522 3463 1594 possit
3488 1520 3633 1576 cele-

2059 1629 2262 1687 brare?
2291 1626 2575 1694 Quomodo
2604 1631 2785 1678 autem
2816 1618 3141 1674 mirabiliter
3178 1612 3479 1669 mirabilem
3514 1609 3636 1679 eius

2060 1721 2300 1778 laudabit
2325 1718 2575 1790 gratiam,
2628 1715 2943 1783 fontemque
2999 1707 3300 1764 clementiae
3322 1704 3638 1774 magniﬁca-

2061 1814 2159 1879 bit,
2183 1828 2246 1868 ae
2280 1810 2480 1883 gratias
2508 1806 2753 1863 referet?
2780 1804 2886 1858 Par
2913 1802 3134 1873 quidem
3166 1807 3303 1862 erat,
3337 1805 3397 1850 ut
3422 1811 3513 1850 eas
3541 1791 3637 1847 Dei

2063 1904 2323 1963 Genitrici
2354 1901 2557 1975 gratias
2613 1898 2943 1954 referremus
2970 1936 2985 1959 ,
3035 1909 3156 1963 quae
3210 1890 3341 1960 ipsis
3384 1889 3639 1942 constant

2064 1998 2345 2069 operibus.
2379 1995 2592 2065 Quippe
2621 2007 2705 2056 ea,
2736 1989 2966 2059 ejusque
3000 1993 3183 2050 natus,
3220 1997 3334 2052 prae
3358 1979 3638 2040 tibiarum,

386 2070 571 2167 ᾠδαῖς.
601 2070 749 2166 Αὐτη
772 2070 1023 2157 δὲήιστιν,
1060 2093 1138 2156 ὡς
1165 2070 1278 2161 ἐγώ
1305 2108 1448 2162 φημι
1472 2131 1488 2157 ,
1536 2090 1727 2161 ἀγάπη
1759 2089 1961 2145 άνυπόι

2076 2106 2128 2145 ιο
2159 2101 2488 2159 organorum
2523 2078 2968 2139 modulatissimis
3001 2076 3232 2132 canticis
3263 2115 3277 2139 ,
3314 2073 3379 2127 iis
3405 2070 3643 2124 delecta-

390 2202 594 2257 κριτος,
628 2186 798 2254 νόμου
832 2184 927 2237 καὶ
955 2181 1251 2257 προφητῶν
1273 2176 1409 2235 οὖσα
1439 2180 1684 2252 κεφαλή·
1717 2177 1965 2249 φιλαδελ-

2070 2191 2174 2237 tnr.
2235 2179 2377 2235 Sunt
2412 2192 2544 2232 vero
2567 2216 2582 2241 ,
2615 2184 2673 2229 ut
2713 2187 2814 2245 ego
2864 2168 3160 2241 pronuntio
3185 2205 3201 2229 ,
3262 2163 3501 2220 charitas
3531 2175 3641 2214 non

393 2253 491 2346 φία
517 2253 805 2335 ἀνόθευτος
826 2291 839 2305 ·
864 2253 1200 2342 ισυμπάοεια
1234 2271 1633 2342 ἀνεπίστροφος
1652 2288 1665 2302 ·
1696 2269 1968 2341 παρθενία

2076 2279 2191 2332 ficta
2210 2314 2225 2340 ,
2259 2288 2380 2343 qua:
2409 2284 2619 2325 summa
2669 2272 2753 2321 est
2799 2264 2955 2335 legis,
2981 2272 3038 2318 et
3062 2260 3496 2330 Prophetarum;
3525 2253 3643 2308 sin.

394 2370 575 2432 ἔνθεος
594 2386 609 2401 ·
643 2369 822 2438 γάμος
851 2367 1076 2438 ἔννομος
1094 2383 1108 2397 ·
1158 2364 1484 2436 σωφροσύνη
1508 2364 1963 2432 ἀκατάγνωστος·

2076 2381 2191 2424 cera
2220 2364 2462 2419 fraterna
2489 2358 2710 2415 dilectio
2734 2371 2750 2423 ;
2782 2354 3090 2425 compassio
3114 2366 3223 2406 non
3256 2348 3527 2411 aﬂeetata,
3558 2353 3645 2399 at-

393 2434 707 2531 δικαιοσύνη
724 2434 989 2521 σύντονος
1007 2472 1025 2490 ·
1065 2434 1295 2528 ἀνδρεία
1316 2456 1459 2510 κατά
1502 2452 1609 2507 τῶν
1637 2452 1827 2508 παθῶν
1867 2452 1970 2523 ἔμ-

2076 2473 2175 2530 que
2195 2472 2263 2513 ex
2291 2454 2513 2519 animo;
2542 2450 2727 2506 divina
2756 2444 3044 2518 virginitas
3068 2461 3084 2507 ;
3117 2440 3371 2511 legitima:
3409 2434 3646 2505 nuptiae;

398 2569 594 2625 μονος·
647 2551 912 2623 φρόνησις
963 2548 1225 2611 εὔτακτος
1254 2565 1268 2580 ·
1308 2544 1646 2617 ιλεημοσύνη
1704 2543 1965 2615 δαψιλής·

2076 2543 2564 2619 irreprehensibilis
2602 2540 2867 2604 casulas;
2921 2533 3147 2607 iustitiae
3178 2531 3361 2602 vigor;
3387 2536 3648 2583 constans

395 2620 700 2717 ίγκράτεια
739 2620 973 2713 ἄτυφος·
1020 2640 1354 2703 ταπείνωσις
1395 2638 1835 2701 εὐκατάνυκτος·
1878 2639 1972 2692 καὶ

2076 2641 2334 2701 fortitudo
2362 2639 2628 2694 adversus
2655 2634 2784 2688 vitia
2811 2648 2826 2697 ;
2856 2628 3159 2700 composita
3189 2621 3514 2696 prudentia;
3544 2620 3651 2672 lar-

556 2735 770 2801 τούτοις
799 2710 912 2806 βίος
944 2734 1188 2805 ἄληπτος
1208 2748 1222 2763 °
1249 2732 1453 2804 τρόπος
1486 2730 1808 2805 εὐχρηστος·
1838 2727 1972 2804 ἦθος

2076 2752 2152 2809 και
2175 2735 2569 2803 eleemosynae;
2599 2723 2935 2783 continentia
2984 2736 3097 2776 non
3134 2728 3353 2773 tumens
3383 2731 3399 2779 ;
3428 2710 3654 2768 humili-

403 2832 623 2903 μέτριον
645 2848 659 2865 ·
706 2830 832 2891 νοῦς
878 2827 1196 2892 ὲνσύνετος·
1232 2826 1412 2897 στόμα
1458 2803 1684 2883 εὐλαλον
1704 2841 1718 2855 ·
1752 2803 1973 2894 γλῶσσα

2076 2803 2157 2886 fas
2199 2827 2267 2884 ad
2299 2822 2779 2895 compunctionem
2811 2816 2986 2871 facilis
3024 2831 3037 2868 :
3070 2812 3139 2867 ad
3173 2812 3290 2865 haec
3319 2815 3500 2862 autem
3541 2803 3657 2859 vita

398 2898 679 2995 εὐφημος·
716 2922 872 2992 λόγος
904 2920 1155 2990 εὔλογος·
1190 2918 1474 2989 ὀφθαλμὸς
1507 2918 1608 2974 οὐκ
1637 2917 1935 2981 ἀκόλαστος
1956 2931 1970 2946 ·

2076 2924 2197 2981 sine
2240 2919 2507 2983 crimine;
2557 2914 2689 2970 boni
2726 2925 2944 2974 mores,
3000 2921 3063 2961 ae
3114 2903 3386 2966 modesti;
3436 2898 3653 2953 animus

398 2994 579 3087 χεῖρες
605 3016 705 3070 οὐκ
733 3016 1034 3087 ἀκρατεῖς·
1066 3012 1229 3076 πόδες
1272 3012 1375 3065 οὐκ
1402 3011 1544 3079 ὀξεῖς
1572 3010 1710 3083 πρὸς
1739 3009 1972 3064 κακίαν·

2076 3013 2357 3088 prudens;
2386 3023 2450 3063 os
2481 3008 2623 3062 bene
2659 3005 2921 3072 loquens;
2960 2998 3142 3067 lingua
3192 2994 3423 3058 favens;
3472 3001 3661 3044 sermo

603 3108 706 3162 οὐκ
732 3080 1019 3177 ἀλόγιστος
1066 3105 1164 3160 καὶ
1194 3103 1533 3176 παρασύρων
1575 3080 1667 3157 τδν
1713 3100 1973 3172 λογισμὸν

2079 3104 2456 3170 rationabilis;
2498 3101 2693 3157 oculus
2730 3112 2839 3151 non
2875 3091 3223 3162 impudicus;
3272 3098 3467 3141 manus
3520 3080 3663 3137 nihil

398 3199 479 3272 τῷ
524 3202 623 3273 τῆς
671 3200 870 3273 μανίας
931 3198 1201 3271 ῥεύματι·
1262 3195 1460 3261 κάλλα,
1509 3192 1590 3261 οἷς
1645 3196 1713 3251 ἂν
1775 3196 1806 3249 ὁ
1856 3194 1977 3249 κατ’

402 3292 587 3347 εἰκόνα
614 3292 988 3365 πεποιημένος
1035 3288 1343 3360 ἄνθρωπος,
1394 3287 1489 3341 καὶ
1529 3286 1671 3359 μετά
1714 3286 1849 3341 Θεοῦ
1898 3303 1981 3340 τεο

400 3384 696 3455 ταγμένος,
727 3384 803 3449 ὡς
835 3384 1028 3455 κόσμῳ
1056 3381 1341 3436 πολυτελεῖ
1365 3379 1460 3437 καὶ
1482 3379 1670 3452 ὡραίῳ
1695 3377 1977 3449 ἐγκαλλω-

403 3477 627 3531 πίσατο.

475 3568 575 3622 Διὰ
594 3566 799 3621 τούτων
830 3566 938 3619 ἔδει
969 3569 1036 3638 τῇ
1060 3564 1311 3637 Θεοτόκῳ
1333 3564 1678 3636 εὐχαριστεῖν
1698 3579 1713 3595 ·
1736 3561 1858 3616 ἐπεὶ
1885 3561 1982 3616 καὶ

2079 3199 2531 3259 incontinentes;
2588 3193 2667 3246 ira
2700 3203 2813 3244 non
2856 3190 2977 3242 sine
3018 3182 3224 3254 judicio
3251 3223 3267 3248 ,
3322 3178 3410 3233 vel
3456 3174 3658 3231 furoris

2081 3294 2289 3364 impetu
2328 3302 2487 3345 secus
2519 3284 2786 3339 rationem
2839 3278 3101 3340 trahens;
3153 3272 3409 3341 aliaque,
3460 3266 3661 3338 quibus

2080 3358 2247 3439 homo
2278 3378 2347 3433 ad
2380 3375 2474 3431 Dei
2520 3374 2693 3430 faetus
2740 3367 3051 3439 imaginem,
3093 3377 3159 3417 ac
3205 3358 3490 3415 ordinatus
3534 3369 3659 3408 eum

2081 3477 2215 3542 Deo,
2244 3487 2344 3529 ceu
2380 3468 2621 3542 pretioso
2653 3480 2718 3519 ac
2756 3458 3148 3517 venustissime
3180 3451 3388 3509 mundo
3411 3456 3658 3505 ornetur.

2151 3568 2222 3622 lis
2276 3561 2565 3635 oportebat
2609 3557 2850 3626 Deiparaa
2898 3548 3105 3623 Virgini
3151 3545 3351 3619 gratias
3403 3542 3659 3596 referre:

404 3659 505 3733 τὴν
557 3660 910 3731 εὐχαριστίαν
966 3631 1149 3731 ἔργοις
1194 3631 1311 3713 ἀλλ’
1471 3631 1654 3723 λόγοις
1699 3654 1973 3726 ὁρίζεσθαι

2081 3631 2524 3732 quandoqmdem
2553 3659 2611 3706 et
2641 3646 2875 3703 morales
2897 3638 3210 3715 philosophi
3256 3636 3539 3707 operibus,
3578 3631 3662 3685 di-

406 3724 571 3825 φασιν
682 3724 858 3807 ταῦτα
892 3724 1074 3822 σοφοί·
1110 3752 1236 3805 ἐπεὶ
1267 3750 1324 3803 δὲ
1347 3750 1410 3803 τὸ
1432 3750 1537 3821 τῆς
1576 3724 1792 3818 φύσεῶς
1825 3748 1973 3820 ἡμῶν

2083 3724 2235 3817 eunt,
2260 3724 2373 3806 non
2400 3746 2585 3803 verbis
2614 3742 2912 3815 gratiarum
2956 3736 3202 3791 actiones
3238 3727 3477 3787 definiri.
3525 3724 3664 3791 Quia

408 3815 654 3910 ἀσθενὲς,
682 3845 863 3900 καὶτὸ
886 3815 989 3915 τῆς
1020 3845 1260 3907 διανοίας
1300 3815 1506 3914 νωθρὸν
1540 3815 1800 3897 ἀποκνεῖν
1835 3815 1973 3912 ημᾶς

2085 3815 2443 3902 nihilominus
2472 3836 2729 3894 imbecilli
2759 3840 2955 3888 natura
2986 3869 3001 3894 ,
3041 3844 3105 3882 ac
3134 3824 3319 3879 animo
3349 3831 3563 3892 segnes,
3598 3815 3671 3870 ad

408 3940 546 4014 πρὸς
597 3939 659 3994 τὸ
707 3940 806 4011 τῆς
853 3938 1057 4010 ἀρετῆς
1105 3938 1366 3991 ἐπίπονον
1416 3938 1582 3999 ποιεῖ,
1629 3937 1725 3990 καὶ
1778 3934 1973 4005 βραχέα

2085 3937 2306 3993 virtutis
2347 3933 2562 3988 labores
2587 3926 2854 3999 pigriores
2885 3922 3151 3978 edicimnr
3180 3960 3195 3983 ,
3230 3914 3516 3981 leviusque
3546 3922 3668 3965 eam

409 4005 614 4107 ταύτης
641 4005 949 4105 ἁπτόμεθα,
999 4005 1097 4085 καὶ
1136 4032 1246 4103 ὅσῳ
1292 4031 1491 4097 εἰπεῖν,
1526 4029 1682 4102 ἄκρῳ
1712 4027 1973 4098 δακτύλῳ,

2088 4028 2424 4100 attingimus,
2453 4032 2635 4091 atque,
2665 4028 2724 4073 ut
2747 4017 2958 4079 dicunt,
2983 4019 3232 4067 extremo
3270 4005 3460 4075 digito.
3493 4015 3671 4069 eoque

412 4127 507 4182 καὶ
646 4093 804 4181 τοῦτο
829 4093 966 4197 πρὸς
992 4125 1092 4196 τὴν
1120 4093 1324 4178 ἔκτισιν
1364 4093 1487 4193 τῆς⁷
1509 4093 1865 4195 εὐχαριστίας
1900 4093 1973 4175 ὲν-

2089 4093 2391 4183 referendis
2420 4116 2627 4190 gratiis,
2659 4121 2960 4178 earumque
2989 4098 3326 4161 exsolvendo
3353 4095 3540 4152 debito
3577 4093 3674 4161 in}-

411 4217 545 4285 δεῶς
574 4219 771 4291 ἔχομεν
800 4191 905 4273 κᾶν
932 4218 1031 4290 τὴν
1047 4191 1145 4272 διὰ
1177 4191 1437 4289 ῥημάτων
1462 4191 1635 4287 ψιλῶν
1651 4191 1973 4284 εἰσενέγκω

2090 4231 2252 4291 pares
2290 4226 2511 4276 sumus;
2546 4206 2631 4262 vel
2666 4202 2830 4259 nudis
2876 4199 3071 4255 saltem
3125 4191 3309 4249 verbis
3357 4191 3676 4242 constantes

418 4328 547 4385 μεν·
586 4287 900 4382 ύφῶσαντες
932 4287 1032 4382 τήν
1061 4287 1247 4382 φωνῆεῴ
1273 4308 1507 4375 ἑαυτῶν,
1538 4307 1633 4362 καὶ
1663 4307 1762 4370 τάς
1790 4305 1973 4378 φρένας

2093 4287 2295 4384 gratias
2332 4302 2651 4359 inferamus.
2686 4296 2958 4350 Levantes
2998 4301 3130 4359 ergo
3175 4297 3369 4340 vocem
3403 4287 3673 4335 nostram,

419 4367 1085 4476 μετεωρίσαντες,ὀῦτως
1114 4367 1359 4469 εἴπωμεν
1401 4400 1459 4453 ὲν
1486 4367 1882 4468 ἀλαλαγ
1918 4397 1973 4450 Σὲ

2094 4367 2159 4457 ac
2183 4407 2395 4455 mentes
2439 4394 2494 4447 in
2551 4388 2785 4445 sublime
2824 4383 3122 4454 erigentes,
3170 4376 3227 4430 in
3268 4373 3417 4427 hunc
3452 4367 3677 4424 modum

420 4458 540 4567 μὲν,
656 4458 925 4547 Δέσποινα
969 4458 1224 4556 θεοτόκε,
1259 4458 1328 4544 ’τὸ
1369 4458 1856 4560 φιλάνθρωπον-ὲκ
1892 4488 1973 4559 vili

2094 4490 2268 4565 iubilo
2312 4486 2581 4543 dicamus.
2646 4499 2664 4532 ι
2696 4477 2780 4532 Tu
2834 4473 3059 4545 quidem
3086 4511 3100 4533 ,
3161 4466 3393 4537 Deipara
3424 4458 3676 4521 Domina,

418 4555 639 4657 φύσεως
662 4582 886 4654 ἔχουσα,
920 4581 983 4635 οὐ
1012 4581 1249 4645 διέλιπες
1282 4555 1779 4651 προνοουμένη-τοῦ
1806 4555 1973 4647 γένουη

2094 4555 2315 4641 insitam
2345 4595 2376 4634 a
2406 4586 2599 4633 natura
2633 4568 2980 4627 clementiam
3014 4562 3226 4618 habens
3256 4555 3677 4624 haudquaquam

417 4648 755 4748 ἧμῶϊάλλ*
785 4671 973 4744 ὥσπερ
1000 4673 1189 4744 μήτηρ
1213 4648 1368 4743 κοινῆ
1403 4669 1500 4725 τοῦ
1521 4648 1633 4724 τῶν
1654 4666 1973 4741 Χριστιανῶε

2099 4674 2245 4750 genti
2283 4681 2488 4729 nostra:
2515 4663 2860 4740 providentia
2894 4655 3156 4719 defuisti;
3193 4651 3289 4708 sed
3341 4648 3492 4704 velut
3524 4657 3679 4698 com-

422 4747 631 4840 γένους,
679 4767 933 4838 φιλόπαις
980 4765 1116 4837 ὁμοῦ
1160 4766 1256 4819 καὶ
1301 4763 1674 4835 φιλόστοργος,
1708 4760 1885 4824 οὔτως
1911 4762 1971 4815 ἀε

2102 4747 2283 4826 munis
2310 4764 2637 4823 Christianas
2688 4757 2868 4831 gentis
2893 4767 3124 4825 parens,
3183 4747 3418 4802 filiorum
3464 4751 3680 4799 amans.

422 4859 520 4923 τάς
563 4860 661 4924 σὰς
708 4857 1027 4929 εὐεργεσίας
1054 4855 1408 4926 ὲπιχορηγεῖς
1454 4855 1585 4925 ἡμῖν
1613 4853 1957 4917 διασώζουσα
1979 4892 1995 4917 ,

423 4951 892 5024 περισκέπτουσα,
916 4947 1283 5017 φυλάττουσα,
1323 4944 1584 4999 κινδύνων
1614 4942 1998 5017 ἐλευθεροῦσα,

423 5041 750 5115 πειρασμῶν
779 5038 1222 5094 ἀπαλλάττουσα.
1263 5036 1458 5107 Ἡμεῖς
1510 5035 1569 5090 δὲ
1626 5036 1747 5090 ἀντὶ
1795 5034 2001 5090 τούτων

425 5130 894 5205 εὐχαριστοῦμεν·
958 5127 1412 5197 ἀνακηρύττομεν
1464 5125 1564 5190 τάς
1622 5126 1887 5196 χάριτας·
1939 5126 2000 5179 οὐ

427 5226 746 5297 κρύπτομεν
772 5223 870 5288 τὰς
897 5220 1247 5292 εὐεργεσίας·
1277 5220 1476 5291 ᾄδομεν
1508 5218 1909 5290 μεγαλοφώνως
1934 5217 2005 5271 τά

432 5320 500 5372 σὰ
533 5317 815 5389 θαυμάσια
834 5333 849 5347 ·
887 5314 984 5386 τὴν
1018 5311 1349 5385 κηδεμονίαν
1378 5312 1675 5383 δοξάζομεν
1695 5328 1710 5345 ·
1734 5310 1834 5383 τὴν
1871 5310 2006 5383 πρό-

431 5428 582 5465 νοιαν
622 5409 999 5480 μεγαλύνομεν
1018 5424 1033 5438 ·
1066 5407 1168 5477 τὴν
1194 5406 1532 5477 προστασίαν
1558 5403 1837 5476 ὐμνοῦμεν
1856 5418 1869 5432 ⁸
1905 5405 2006 5476 τὴν

434 5503 683 5577 βοήθειαν
714 5501 1070 5572 ὲκθειάζομεν
1090 5514 1105 5530 ·
1133 5500 1233 5570 τὴν
1268 5498 1670 5569 εὐσπλαγχνίαν
1693 5497 2005 5565 δοξολογοῦ-

438 5610 571 5667 μεν·
601 5594 698 5647 καὶ
724 5594 817 5647 ἐπὶ
846 5593 944 5662 μὲν
975 5593 1087 5654 τοῖς
1139 5588 1470 5661 παρελθοῦσι
1518 5586 1862 5660 μεμνημένοι
1900 5587 2009 5639 τῶν

440 5690 547 5746 σῶν
573 5688 817 5761 δωρεῶν,
852 5688 950 5742 καὶ
995 5688 1053 5755 ἐξ
1085 5687 1224 5754 ὅσων
1252 5683 1516 5739 κινδύνων
1542 5682 1893 5755 ὲῤῥύσθημεν
1920 5682 2011 5736 διὰ

512 5871 536 5902 ⁸
560 5870 699 5926 Psal.
726 5886 798 5936 et,
836 5869 917 5924 l9.
992 5869 1012 5901 ’
1042 5864 1187 5924 Psal.
1216 5880 1400 5935 tum,
1432 5862 1515 5917 l5.
1594 5861 1636 5893 '°
1667 5858 1837 5915 Exod.
1876 5876 1964 5923 xv,
1996 5857 2043 5911 l.

2101 4876 2165 4917 ac
2195 4857 2499 4914 visceribus
2557 4830 2805 4914 allluens,
2842 4845 2921 4901 sic
2951 4854 3169 4911 semper
3200 4847 3291 4892 tua
3324 4832 3485 4889 nobis
3508 4830 3679 4884 bene-

2102 4952 2225 5009 ﬁcia
2265 4947 2554 5019 impertis;
2585 4958 2688 4999 nos
2731 4940 2968 5001 salvans,
2998 4942 3311 5005 protegens,
3344 4921 3679 4984 custodiens,

2101 5061 2133 5100 a
2167 5011 2425 5114 periculis
2459 5036 2721 5099 liberans,
2756 5043 2959 5087 eruens
3014 5041 3047 5081 a
3105 5017 3522 5078 tentationihus.
3570 5011 3685 5065 Nos

2103 5103 2288 5190 autem
2332 5146 2432 5202 pro
2479 5124 2748 5200 ejusmodi
2800 5121 2967 5177 rebus
3014 5116 3220 5190 gratias
3273 5111 3533 5183 agimus;
3572 5103 3679 5159 alte

2106 5225 2258 5283 vocis
2280 5220 2550 5295 praeconio
2580 5214 2926 5290 agnoscimus
2955 5211 3132 5276 dona;
3164 5204 3427 5264 beneficia
3449 5215 3557 5255 non
3588 5212 3687 5251 oe-

2106 5319 2418 5381 cultamus;
2450 5310 2738 5384 magnifice
2768 5306 3016 5364 canimus
3050 5312 3142 5358 tua
3196 5295 3498 5357 mirabilia;
3534 5300 3685 5346 tuum

2113 5408 2170 5462 in
2207 5422 2311 5461 nos
2347 5376 2587 5460 studium
2610 5442 2626 5466 ,
2680 5406 2737 5454 et
2766 5411 2955 5453 curam
2983 5391 3386 5465 gloriﬁcamus;
3436 5376 3688 5451 magnifi-

2112 5513 2300 5554 camus
2370 5493 2823 5567 providentiam;
2891 5484 3287 5560 protectionem
3364 5474 3688 5534 laudamus;

2115 5590 2376 5645 auxilium
2426 5603 2527 5643 ceu
2580 5585 2709 5656 quid
2740 5582 2985 5638 divinum
3023 5574 3346 5637 eﬂ‘erimus;
3377 5564 3689 5623 misericor-

2117 5682 2261 5737 diam
2313 5693 2565 5736 sermone
2591 5654 2950 5734 celebramus.
3002 5669 3175 5738 Atque
3217 5678 3315 5736 pro
3354 5660 3419 5717 iis
3447 5654 3691 5729 quidem,
3784 5734 3787 5735 ν
