4126 6282
426 251 557 317 ΗΠ

1728 257 2049 321 GEORGII
2088 256 2362 319 PISIDE

3563 253 3701 316 1372

422 382 545 435 qua:
573 376 1006 435 praecesserunt.
1051 377 1269 424 tuorum
1309 386 1581 427 meumres
1609 372 1913 439 donorum,
1946 388 2011 427 ac

2126 372 2235 437 τοῦ,
2264 374 2470 445 ταύτην
2504 388 2588 426 σοι
2622 373 2722 444 τὴν
2752 368 3173 442 εὐχαριστὴριον
3196 365 3360 439 ᾠδὴν,
3387 365 3472 429 ὡς.
3516 367 3701 439 χρέως

422 472 490 510 ex
521 457 878 526 quammultis
929 467 1023 514 tuo
1054 458 1241 513 favore
1272 461 1435 515 ‘eruti
1495 477 1686 517 sumus
1730 463 2008 533 periculis.

424 548 719 619 gratiarum
753 549 984 605 actionis
1022 551 1294 606 canticum
1332 552 1468 617 hoc,
1497 568 1594 608 ceu
1621 553 1867 608 debitum
1911 554 2010 609 tibi

424 637 710 694 offerimus
736 681 751 706 ,
806 655 916 695 non
951 642 1100 697 velut
1142 643 1248 698 tuis
1292 659 1533 715 congrue
1581 644 1867 700 beneficiis
1920 661 2012 700 re-

426 729 713 799 spondeat.
760 730 903 798 Quid
952 732 1097 788 enim
1143 734 1307 789 etiam
1361 735 1431 790 iis
1487 751 1788 807 congruum
1824 735 2012 792 haberi

428 822 652 891 possit?
706 824 991 881 enimvero
1038 826 1210 881 amica
1261 828 1429 883 habes
1477 828 1713 883 ﬁliorum
1768 827 2014 884 balbuti~

433 922 637 968 menta.
684 912 791 969 Pro
821 916 889 972 iis
919 927 1102 972 autem
1139 920 1313 985 malis,
1345 935 1469 990 qua:
1502 919 1784 991 ingruunt,
1816 936 1881 976 ac
1910 936 2014 976 no-

430 1004 515 1060 bis
546 1005 777 1062 molesta
808 1018 958 1074 sunt,
1010 1010 1383 1078 obsecramus,
1418 1018 1478 1065 ιιι
1525 1010 1723 1068 festiue
1752 1012 2014 1067 auxilium

432 1096 734 1167 impendas.
785 1098 1056 1172 Rogamus
1084 1102 1316 1172 probato
1344 1103 1650 1172 patrocinio
1670 1145 1686 1169 ,
1730 1112 1787 1158 et
1824 1104 2015 1169 tuti-la,

431 1197 489 1242 ut
525 1190 680 1246 tollas
721 1192 1049 1250 offendicula
1100 1195 1157 1249 in
1188 1192 1371 1250 medio
1407 1195 1767 1261 exsistentia;
1816 1196 2017 1267 dispel-

429 1280 508 1336 las
536 1297 664 1338 vero
701 1293 1063 1356 occupantem
1098 1287 1375 1350 nebulam.
1410 1302 1475 1342 ac
1502 1297 1675 1342 atram
1705 1288 2014 1359 caliginem,

427 1389 533 1445 qua
563 1377 772 1442 caecati,
801 1392 900 1433 ceu
944 1388 1212 1434 nocturna
1241 1394 1443 1451 pugna,
1483 1380 1743 1435 cmdimus
1790 1379 2012 1450 pariter,

426 1465 844 1539 cmdimurque:
879 1470 964 1528 vel
997 1478 1059 1525 ut
1102 1470 1299 1526 melius
1330 1470 1531 1538 dicam,
1565 1471 1643 1527 uti
1690 1471 1880 1526 furiosi
1912 1488 2017 1527 no-

429 1568 569 1611 stras
612 1558 859 1629 ipsorum
913 1575 1108 1617 carnes
1146 1562 1550 1634 discerpimus,
1600 1579 1709 1618 non
1765 1565 2017 1637 agnosci-

430 1665 554 1705 mus
580 1662 861 1725 cognatos,
902 1670 967 1710 ac
996 1655 1331 1712 contribules
1365 1657 1663 1714 nescimus.
1693 1658 1870 1729 Atque
1901 1658 2019 1713 haec

428 1743 695 1799 audemus
724 1763 737 1801 :
771 1746 994 1816 quinam
1038 1747 1215 1803 vero?
1251 1747 1347 1818 qui
1395 1748 1655 1804 nimirum
1702 1749 2018 1823 dignatione

428 1834 635 1902 divina,
669 1839 919 1895 eumdem
955 1839 1195 1909 Patrem,
1227 1840 1507 1899 Christum
1539 1859 1708 1899 unum
1728 1885 1744 1910 ,
1767 1844 2015 1900 eamdem

433 1928 615 1994 fidem,
655 1932 797 1988 idem
824 1934 1115 2005 baptisma,
1144 1953 1306 1992 unam
1330 1936 1652 2003 Ecclesiam,
1676 1945 2017 1994 sacramenta

430 2024 742 2080 communia
774 2028 883 2096 (ne
911 2028 965 2083 in
1007 2030 1230 2102 longum
1278 2031 1438 2087 abeat
1485 2031 1696 2103 sermo)
1731 2032 2015 2088 habemus.

432 2114 797 2180 Quamobrem
821 2120 1099 2191 supplices
1113 2127 1463 2179 obsecramus
1482 2132 1626 2178 tuam
1649 2123 2017 2187 clementiam,

435 2214 496 2258 ut
546 2207 618 2260 tui
673 2211 855 2279 populi
910 2228 975 2267 ac
1024 2221 1131 2268 tua:
1179 2214 1517 2271 haereditatis
1548 2214 1881 2281 miserearis,
1920 2213 2020 2269 ad-

436 2298 618 2369 sisque
674 2302 1023 2361 intercedens
1052 2308 1197 2377 apud
1228 2316 1417 2363 natum
1472 2322 1539 2363 ex
1596 2318 1648 2362 te
1697 2308 1867 2363 Deum
1916 2322 2024 2361 no-

434 2400 643 2458 strum,
696 2411 759 2450 ac
796 2397 956 2452 nobis
1013 2399 1069 2453 in
1116 2409 1365 2456 extremo
1412 2400 1728 2456 constitutis
1758 2400 2023 2471 periculo

435 2486 737 2555 auxilieris,
771 2499 934 2559 atque
966 2508 996 2548 a
1026 2492 1324 2563 deploratis
1356 2493 1564 2564 eripias
1597 2494 2020 2549 calamitatibus.

441 2576 627 2645 Vides,
667 2596 700 2637 ο
733 2581 984 2649 Domina,
1010 2594 1145 2655 quot
1168 2584 1411 2657 undique
1444 2586 1603 2641 malis
1628 2586 2021 2641 absumamur:

441 2670 677 2743 Exsurge
717 2675 902 2746 igitur,
936 2687 984 2732 et
1024 2694 1087 2734 ne
1118 2680 1347 2749 repellas
1387 2680 1443 2733 in
1470 2679 1628 2749 ﬁnem
1650 2695 1669 2733 :
1702 2678 1808 2735 Cur
1836 2681 2025 2750 [aciem

439 2772 589 2818 tuam
632 2769 846 2834 avertis,
887 2778 935 2824 et
963 2770 1283 2827 Oblivisceris
1318 2772 1513 2843 inopia
1540 2780 1733 2825 nostra:
1766 2772 1806 2802 ¹¹
1835 2772 1857 2825 ?
1905 2770 2026 2825 Dis-

440 2856 590 2912 solve
618 2858 1001 2918 incumbentes
1024 2864 1182 2922 nobis
1209 2864 1430 2920 timores
1471 2879 1537 2920 ac
1566 2874 1830 2919 tremores
1859 2882 1873 2918 :
1902 2865 2028 2919 tolle

440 2953 817 3010 contentiosas
870 2958 1265 3027 opponentium
1323 2974 1584 3030 pugnas:
1630 2958 1761 3014 seda
1820 2973 2029 3029 pugnas

441 3059 507 3098 ac
542 3045 681 3101 bella
714 3068 724 3102 :
762 3048 895 3104 siste
942 3061 1145 3106 motam
1194 3053 1247 3105 in
1295 3068 1397 3107 nos
1429 3052 1519 3106 Dei
1556 3052 1690 3107 iram
1722 3067 1788 3108 ac
1818 3050 2027 3107 contri-

442 3135 685 3193 tionem:
737 3156 1006 3213 compone
1067 3143 1275 3199 medias
1326 3153 1574 3199 nostrum
1605 3143 1901 3199 seditiones
1960 3157 2035 3198 ac

443 3231 806 3299 turbationes,
846 3234 1064 3306 tuisque
1112 3236 1336 3291 famulis
1367 3236 1814 3307 tranquillitatem
1840 3250 1907 3289 ac
1935 3250 2035 3305 pa-

440 3336 559 3375 cem
598 3323 882 3393 concede;
924 3335 985 3381 ut
1029 3327 1280 3396 plurimis
1312 3327 1418 3382 illis
1461 3324 1741 3381 beneficiis
1766 3366 1782 3391 ,
1837 3322 2035 3395 quibus

443 3429 545 3467 nos
566 3415 882 3482 cumulasti,
922 3417 1220 3473 accedente
1255 3417 1360 3473 hoc
1398 3414 1686 3482 beneficio,
1726 3424 1817 3468 tua
1849 3411 2036 3484 prodi-

443 3504 527 3574 gia
556 3506 893 3576 sempiterno
926 3508 1202 3577 praeconio
1235 3507 1599 3563 celebremus.
1639 3523 1660 3561 ι

517 3597 635 3652 lluc
666 3609 851 3653 autem
880 3598 1118 3654 deducto
1147 3614 1426 3667 sermone,
1458 3615 1524 3654 ac
1552 3599 1675 3670 ejus
1705 3596 2042 3654 contrahen-

448 3700 531 3745 tes
569 3689 711 3757 vela,
742 3690 808 3745 ad
837 3699 1014 3746 tutum
1049 3692 1251 3746 silentii
1282 3702 1500 3763 portum
1534 3692 1907 3763 applicenius:
1936 3692 2041 3746 hoc

450 3782 650 3837 iterum
673 3782 1034 3838 admonentes
1056 3782 1345 3840 collectum
1368 3793 1571 3841 emtum
1595 3826 1610 3851 ,
1658 3794 1719 3840 ut
1743 3800 1813 3841 ne
1843 3783 2040 3856 ingrati

447 3890 579 3948 erga
606 3875 909 3931 beneficam
951 3885 1006 3931 et
1034 3876 1319 3932 Dominam
1371 3877 1699 3945 videamur;
1741 3892 1921 3948 neque
1949 3877 2041 3947 qui

452 3966 586 4037 ipsis
636 3968 798 4023 rebus
827 3968 1097 4024 beneﬁcio
1128 3969 1300 4026 simus
1324 3970 1531 4037 affecti,
1575 3969 1661 4041 vel
1695 3969 1886 4025 saltem
1920 3986 2042 4025 ver-

452 4060 535 4115 bis
562 4062 855 4133 gratiarum
879 4064 1149 4120 actionem
1169 4064 1368 4120 oll'erre
1394 4065 1735 4138 negligamus
1761 4082 1776 4118 :
1810 4065 1865 4119 in
1905 4080 2044 4134 quos

454 4153 711 4209 nimirum
739 4155 941 4210 iterum
971 4165 1309 4212 revertamur
1330 4158 1704 4214 commodum.
1753 4157 2040 4227 Siquidem

454 4247 603 4302 enim
643 4265 742 4320 pro
778 4250 1055 4321 prioribus
1100 4252 1260 4308 bonis
1290 4252 1428 4324 grati
1460 4251 1760 4315 fuerimus,
1791 4264 2042 4322 magnam

456 4344 615 4400 nobis
643 4346 713 4401 ad
749 4345 931 4401 futura
985 4347 1243 4403 ﬁduciam
1298 4345 1758 4416 comparabimus,
1789 4360 1857 4399 ac
1890 4359 2043 4399 asse-

2112 466 2468 538 προσάγομεν
2490 480 2504 494 ·
2541 464 2642 519 οὐκ
2669 461 2923 528 ἀντάξιον
2959 461 3059 533 μιν
3087 456 3255 515 οὖσαν
3287 461 3411 523 ταῖς
3445 462 3570 523 σαῖς
3602 461 3699 512 εὐ-

2113 559 2413 630 εργεσίαις.
2476 557 2543 611 Τί
2605 556 2717 627 γάρ
2762 556 2830 610 ἂν
2880 554 2975 609 καὶ
3018 554 3106 624 εῖη
3157 552 3364 606 τούτων
3402 552 3697 617 ἀντάξιονς

2112 651 2254 722 πλὴν
2326 648 2458 720 φίλα
2515 666 2597 705 σοι
2632 648 2701 702 τά
2750 645 2860 699 τῶν
2914 645 3024 700 σῶν
3076 643 3284 698 παίδων
3326 641 3698 713 ψελλὶσματα.

2125 743 2280 799 Ἐπεὶ
2325 742 2387 798 δὲ
2414 743 2528 805 τοῖς
2570 738 2833 794 ὲνεστῶσι
2879 738 2974 793 καὶ
3002 735 3271 789 λυποῦσιν
3296 736 3445 805 ἡμᾶς
3467 777 3481 798 ,
3513 751 3702 805 παρα-

2116 835 2390 908 καλοῦμεν
2423 835 2525 906 τὴν
2560 832 2659 906 σὴν
2686 832 2956 903 ὀξυτάτην
3005 830 3261 903 βοήθειαν
3281 844 3295 859 ο
3330 828 3568 898 δεόμεθα
3597 825 3703 897 τῆς

2116 930 2216 1000 σῆς
2260 927 2601 999 ἀντιλήψεως
2625 965 2641 990 ,
2673 924 2837 979 λῦσαι
2890 923 2960 978 τὰ
3010 925 3068 977 έν
3103 921 3185 994 τῷ
3220 920 3371 991 μέσῳ
3408 919 3699 989 προσκόμ-

2119 1038 2268 1094 ματα
2290 1037 2304 1052 ·
2337 1018 2694 1074 διασκεδάσαι
2724 1015 2824 1087 τὴν
2860 1015 3166 1086 ἐπέχουσαν
3192 1012 3342 1083 ἡμᾶς
3364 1010 3600 1079 νεφέλην
3636 1024 3701 1061 τε

2116 1113 2212 1168 καὶ
2276 1109 2669 1182 σκοτουμένην,
2729 1107 2820 1176 ὐφ’
2874 1101 2945 1178 ἦς
2994 1104 3186 1175 ὥσπερ
3237 1104 3296 1157 ὲν
3354 1098 3703 1170 νυκτομαχίᾳ

2118 1205 2387 1279 βάλλομέν
2423 1219 2519 1271 τε,
2561 1202 2656 1257 καὶ
2686 1198 3027 1273 βαλλόμεθα,
3062 1197 3094 1270 ἢ
3130 1196 3331 1268 μᾶλλον
3358 1195 3556 1256 είπεῖν,
3598 1190 3705 1244 ῶσ-

2117 1316 2225 1372 περ
2255 1300 2306 1353 oi
2343 1297 2685 1369 μαινόμενοι,
2709 1293 2820 1347 τῶν
2854 1291 2998 1346 ἰδίων
3024 1289 3243 1361 σαρκῶν
3275 1284 3588 1355 ἁπτόμεθα.
3606 1282 3706 1336 καὶ

2118 1392 2429 1463 ἀγνοοῦμεν
2463 1389 2593 1453 τούς
2620 1387 2926 1456 συγγενεῖς,
2954 1382 3126 1438 καὶτὸ
3147 1379 3421 1453 ὁμόφυλον
3450 1376 3553 1431 οὐκ
3576 1377 3705 1428 επι-

2117 1462 2484 1557 γινώσκομεν.
2529 1481 2641 1535 Καὶ
2684 1478 2857 1533 ταῦτα
2899 1474 3189 1546 τολμῶμεν
3264 1469 3443 1535 τίνες;
3493 1467 3559 1521 ΟΞ
3606 1462 3705 1519 τοῦ

2120 1578 2284 1636 αὐτοῦ
2336 1575 2583 1649 Πατρδς,
2630 1571 2727 1628 τοῦ
2773 1570 2891 1634 ἑνὸς
2931 1565 3209 1641 Χριστοῦ,
3246 1562 3346 1635 τῆς
3390 1560 3560 1630 αὐτῆς
3614 1558 3709 1610 πί-

2123 1688 2324 1737 στεως,
2354 1648 2646 1724 τοῦαύτοῦ
2694 1663 3108 1736 βαπτίσματος,
3157 1657 3259 1727 τῆς
3308 1654 3441 1726 μιᾶς
3468 1648 3710 1718 Ἐκκλη-

2125 1767 2268 1831 σίας,
2298 1762 2407 1818 τῶν
2434 1758 2620 1814 αὐτῶν
2652 1754 2974 1827 μυστηρίων
3008 1747 3309 1823 ἠξιωμένοι
3335 1787 3351 1812 ,
3386 1745 3476 1803 ῖνα
3508 1741 3586 1813 μὴ
3623 1739 3710 1792 λόο

2122 1874 2221 1928 γον
2253 1852 2629 1922 άποτείνωμεν
2671 1846 2903 1921 μακρόν.
2932 1844 3035 1899 Διὰ
3059 1841 3219 1897 τοῦτο
3246 1836 3565 1928 ἱκετεύομεν

2126 1925 2228 2023 σὴν
2261 1945 2653 2018 εὐσπλαχνίαν,
2695 1937 2878 1995 οἶκτον
2924 1937 3112 1993 λαὸεῖν
3153 1932 3251 1989 τοῦ
3292 1930 3389 1985 σοῦ
3432 1927 3566 2023 λαοῦ
3611 1925 3713 2023 καὶ

2124 2018 2223 2115 της
2253 2036 2621 2110 κληρονομίας
2657 2050 2776 2100 σου,
2817 2030 2913 2085 καὶ
2943 2029 3133 2099 στῆναι
3163 2023 3395 2098 πρέσϐιν
3438 2018 3712 2115 «plac—cev

2125 2113 2191 2195 ὲκ
2226 2135 2321 2191 σοῦ
2347 2130 2614 2204 τεχθέντα
2634 2126 2770 2181 Θεὸν
2797 2123 2981 2195 ἡμῶν,
3013 2120 3106 2175 καὶ
3149 2116 3418 2190 βοηθῆσαι
3442 2114 3542 2184 μὲν
3573 2113 3712 2182 ἡμῖν

2124 2234 2194 2288 τὰ
2218 2232 2425 2302 ἔσχατα
2452 2220 2881 2282 κινδυνεύουσιν,
2921 2212 3205 2302 ὲξελέσθαι
3226 2211 3286 2265 δὲ
3316 2210 3468 2281 ἡμᾶς
3498 2222 3714 2302 συμφο-

2132 2326 2239 2400 ρῶν
2278 2320 2618 2395 ἀνηκέστων.
2656 2314 2835 2385 Ὂρᾷς
2877 2301 3138 2400 ὅσοις-,ῃῶ
3172 2301 3715 2400 Δέσποινα,-κακοῖς

2129 2392 2604 2490 περιαντλούμεθα
2621 2423 2636 2439 ·
2673 2404 2995 2470 Ἀνάστηθι
3014 2396 3129 2456 οὖν
3148 2398 3247 2452 καὶ
3265 2395 3354 2469 μὴ
3380 2392 3596 2490 datm
3623 2393 3715 2490 είς

2130 2482 2306 2575 τέλος
2324 2524 2338 2538 ’
2375 2505 2511 2558 Ἵνα
2548 2500 2605 2556 τι
2637 2493 2969 2567 πρόσωπόν
2996 2505 3112 2546 σου
3141 2485 3548 2557 ἀποστρέφεις
3567 2524 3582 2547 ,
3610 2482 3718 2537 καί

2129 2595 2555 2660 ἐπιλανθάνεις
2584 2590 2884 2660 πτωχείας
2912 2585 3116 2657 micis»;
3142 2582 3403 2638 Διάλυσον
3428 2579 3560 2641 τούς
3589 2577 3719 2629 sm-

2131 2691 2419 2763 κειμένους
2447 2684 2647 2756 φόϐους
2681 2682 2775 2736 καὶ⁸
2823 2679 3064 2750 τρόμους
3084 2692 3097 2707 ⁸
3129 2675 3285 2732 άνελε
3328 2671 3426 2735 τὰς
3475 2668 3719 2763 φιλονεί-

2132 2761 2263 2848 κους
2294 2780 2607 2842 ἐνστάσειςο
2642 2773 2855 2831 παῦσον
2894 2770 2995 2835 τὰς
3030 2770 3209 2843 μάχας
3252 2767 3347 2823 καὶ
3389 2769 3519 2828 τοὺς
3550 2761 3719 2815 πολέ-

2137 2889 2301 2949 μους’
2333 2872 2579 2926 κόπασον
2603 2865 2703 2939 τὴν
2732 2863 2854 2919 καθ’
2877 2865 2910 2934 ή
2920 2861 3037 2934 μῶν
3074 2858 3392 2930 κινηθεῖσαν
3418 2853 3592 2949 ὀργὴν
3618 2852 3718 2949 τοῦ

2134 2945 2271 3022 Θεοῦ
2323 2964 2419 3019 καὶ
2460 2958 2725 3035 θραῦσιν·
2772 2954 3163 3027 καταπράῦνον
3206 2951 3307 3015 τὰς
3350 2950 3409 3003 έν
3438 2946 3518 3019 τῷ
3566 2945 3721 3018 μέσῳ

2059 3096 2103 3153 c
2138 3058 2354 3122 στάσεις
2380 3055 2479 3110 καὶ
2504 3051 2771 3124 ταραχὰς,
2801 3051 2896 3103 κοιλ⁵
2931 3046 3176 3153 γαλήνην
3209 3041 3556 3153 καὶςείρήνηὶι
3581 3038 3721 3110 βράο

2136 3154 2331 3207 δευσον
2373 3149 2485 3211 τοῖς
2522 3146 2730 3221 ἱκέταις
2768 3156 2899 3196 σου’
2943 3141 3032 3194 ἵνα
3075 3140 3195 3202 ταῖς
3225 3134 3446 3199 πολλαῖς
3484 3132 3719 3203 εὐεργεο

2138 3248 2280 3309 σίαις
2304 3241 2698 3315 προστεθείσης
2727 3237 2821 3291 καὶ
2846 3235 3073 3306 ταύτης,
3103 3228 3575 3302 ἁνακηρύττωμεν
3597 3227 3722 3281 δια-

2137 3339 2341 3403 παντὸς
2371 3336 2439 3391 τὰ
2470 3335 2538 3390 σὰ
2572 3332 2859 3405 τεράστια.
2888 3348 2909 3382 ι

2221 3578 2359 3635 Ἀλλ’
2387 3574 2623 3631 ἐνταῦθα
2650 3572 2959 3644 γενόμενοι,
3007 3568 3102 3624 καὶ
3147 3567 3218 3622 τὰ
3259 3565 3407 3621 ἱστία
3436 3563 3533 3619 τοῦ
3560 3564 3726 3633 λόγου

2139 3674 2499 3748 χαλάσαντες,
2525 3672 2606 3735 είς
2636 3668 2730 3722 τὸν
2752 3666 2970 3737 ἀσφαλῆ
2994 3664 3094 3735 τῆς
3124 3660 3341 3731 σιωπῆς
3382 3660 3728 3731 ὁρμήσωμεν

2139 3770 2335 3842 λιμένα
2357 3782 2372 3796 °
2410 3767 2590 3820 έκεῖνο
2626 3762 2790 3817 πάλιν
2827 3759 2955 3823 τοὺς
2990 3754 3444 3827 συνειλεγμένους
3474 3752 3729 3823 ἀναμνή-

2143 3878 2367 3926 σαδτες,
2402 3858 2479 3931 μὴ
2525 3857 2852 3927 ἀγνώμονας
2876 3851 3113 3923 φανῆναι
3146 3847 3278 3920 περὶ⁵
3308 3846 3409 3918 τὴν
3438 3844 3730 3916 εὐεργέτιν

2142 3955 2238 4011 καὶ
2281 3950 2619 4012 Δέσποιναν,
2659 3941 2797 4017 μηδὲ
2825 3940 2915 3994 διὰ
2944 3938 3051 3993 τῶν
3098 3938 3276 4009 ἔργων
3326 3931 3731 4008 εὐεργετουμέ-

2143 4059 2298 4106 νους,
2331 4039 2507 4093 ὀκνεῖν
2545 4035 2645 4107 τὴν
2687 4032 2778 4087 διὰ
2815 4032 2924 4086 τῶν
2950 4029 3126 4097 λόγων
3158 4024 3515 4099 εὐχαριστίαν
3553 4038 3732 4094 προσ-

2146 4136 2363 4206 φέρειν·
2397 4130 2493 4186 καὶ
2519 4129 2629 4200 γὰρ
2660 4127 2846 4191 πάλιν,
2883 4127 2963 4189 είς
2996 4124 3147 4194 ἡμᾶς
3176 4122 3238 4175 τὸ
3282 4119 3474 4191 κέρδος
3504 4118 3732 4173 έπάνει·

2147 4247 2253 4283 σιν.
2296 4225 2429 4282 Ἐάν
2462 4222 2573 4295 γὰρ
2620 4222 2713 4275 ἐπὶ
2746 4221 2859 4283 τοῖς
2889 4217 3167 4287 φθάσασιν
3206 4212 3524 4284 εὐχάριστοι
3559 4208 3733 4281 γενὼο

2148 4320 2291 4393 μεθα
2313 4361 2332 4387 ,
2369 4316 2612 4389 μεγάλην
2641 4314 2859 4375 ἑαυτοῖς
2889 4309 3027 4380 πρὸς
3072 4308 3141 4362 τὰ
3173 4306 3438 4378 μέλλοντα
3467 4299 3734 4374 εὐτρεπί-

571 4395 613 4400 ,_
645 4395 713 4401 η
750 4395 931 4401 ,των
985 4395 1243 4403 _-"-_____
1303 4395 1758 4416 v-_-_r_-____-,
1792 4395 1854 4399 ἡ,
1891 4395 2007 4399 τ---

455 4448 695 4501 quemur
754 4435 1142 4491 inenarrabilia
1203 4451 1267 4492 ac
1312 4452 1511 4491 arcana
1544 4437 1719 4503 bona,
1752 4434 1923 4508 gratia
1980 4450 2024 4488 ac

2148 4430 2314 4485 σομεν
2346 4410 2683 4483 παρρησίαν,
2736 4404 2833 4460 καὶ
2864 4402 2973 4457 τῶν
3002 4402 3333 4472 ἀπορρήτων
3360 4395 3583 4467 ἀγαθῶν
3613 4396 3739 4449 επι-

2194 4508 2206 4516 .
2513 4503 2523 4516 ι
2747 4499 2760 4513 ι
2820 4497 2880 4516 ελ
2900 4493 3180 4516 -..Δ----ι..
3209 4492 3300 4516 --π
3336 4489 3543 4516 ιτ..-ἐ...ι
3574 4486 3739 4516 ιηῖηι

456 4526 829 4582 misericordia
860 4527 1074 4583 Domini
1127 4528 1301 4583 nostri
1346 4527 1479 4584 Jesu
1509 4488 1874 4596 Christifcui
1900 4526 2024 4598 'glo-

2146 4508 2427 4578 τύχωμεν
2463 4503 2647 4574 χάριτι
2675 4499 2771 4553 καὶ⁵
2797 4493 3186 4568 φιλανθρωπίᾳ
3207 4492 3303 4545 τοῦ
3336 4489 3545 4598 Κυρίου
3574 4488 3739 4595 ἡμῶν

457 4618 539 4673 ria
571 4634 636 4673 ac
683 4628 928 4687 potestas
962 4621 1013 4677 iu
1058 4622 1277 4678 sa‘cula.
1324 4621 1522 4678 Amen.

2161 4598 2337 4672 Ἰησοῦ
2366 4593 2610 4670 Χριστοῦ
2635 4635 2652 4662 ,
2759 4592 2796 4664 ἡ
2821 4588 2953 4657 δόξα
2997 4588 3093 4643 καὶ
3133 4585 3197 4640 τδ
3244 4584 3447 4658 κράτος
3491 4582 3573 4647 είς
3606 4580 3740 4644 τούς

2150 4692 2378 4741 αἰῶνας.
2421 4686 2618 4741 Ἀμήν.

2150 4692 2378 4755 αἰῶνας.
2421 4686 2618 4761 Ἀμήν.

513 4879 575 4914 δ’
600 4877 743 4935 Psal.
776 4897 922 4950 nm,
950 4883 1041 4939 εδ.
