4126 6282
372 372 377 376 .
426 312 564 379 1379

420 429 558 483 Cum
588 425 733 481 enim
764 438 824 479 se
848 420 1139 478 immodice
1170 418 1576 491 iugurgitasset,

422 517 706 573 Contraxit
734 514 1061 571 cruditatem
1088 528 1155 567 ex
1182 512 1392 567 ventris
1428 507 1688 581 ingluvie.

424 612 563 665 llinc
586 619 744 665 antea
769 609 942 672 dives,
967 622 1115 661 nunc
1141 620 1347 676 pauper
1380 601 1605 666 incedit,

423 702 528 767 Qui
558 703 727 763 enim.
761 710 817 757 ut
836 702 997 766 latro,
1038 698 1346 752 animarum
1379 696 1522 750 bona

426 792 767 861 l)epr.edavit
790 790 1044 861 primum,
1075 797 1200 859 post
1225 787 1396 857 magis
1421 784 1766 855 depraedatus
1796 792 1908 838 est.
2021 860 2024 864 γ

424 880 547 934 Alte
580 895 710 935 vero
738 879 995 949 suspirat,
1029 875 1173 949 quod
1198 874 1404 930 ludatis
1429 872 1639 943 jamdiu

428 970 748 1026 Monstravit
778 972 981 1042 lignum
1008 969 1139 1024 illud
1172 967 1404 1022 alterum
1431 982 1447 1033 ;

429 1065 546 1119 Non
583 1065 726 1120 enim
745 1065 808 1118 ad
843 1065 1009 1117 Deum
1032 1060 1338 1116 necandum
1371 1058 1630 1114 movisset
1662 1054 1949 1117 invidiam,

433 1158 491 1212 Si
526 1157 872 1228 cognovisset
897 1163 1062 1209 tanta
1088 1151 1254 1208 cazdis
1284 1166 1505 1206 causam

437 1249 696 1305 Futuram
739 1262 862 1302 esse
894 1245 1142 1301 omnium
1175 1243 1657 1298 resurrectionem.

432 1342 551 1407 Ast,
582 1357 616 1396 ο
642 1341 800 1397 docta
827 1340 1063 1403 soboles,
1090 1346 1146 1394 et
1174 1348 1301 1394 nate
1334 1353 1523 1404 senex,

432 1435 605 1501 Quem
639 1436 868 1506 cingunt
896 1433 1080 1488 fasciaa
1114 1431 1380 1502 sapientis
1408 1445 1688 1501 purpurae,

435 1530 502 1584 lit
531 1546 629 1600 pro
648 1529 881 1599 sceptris
904 1535 1148 1583 ostentas
1177 1526 1337 1580 utiles
1365 1525 1489 1579 vitae
1508 1536 1809 1587 sermones,

434 1623 601 1689 Queis
629 1621 866 1678 mundus
896 1621 967 1676 ab
991 1619 1320 1692 ignorantia:
1345 1617 1534 1672 morbo

435 1712 777 1776 Ite-tenditur,
799 1721 853 1767 et
888 1712 1118 1767 validius
1146 1710 1523 1776 conﬁrmatur,

436 1803 517 1857 'l‘u
546 1821 675 1859 vere
705 1802 978 1874 serpentis
1000 1800 1211 1871 antiqui
1238 1817 1298 1857 es
1327 1801 1673 1856 destructor:

438 1894 496 1949 In
534 1905 586 1951 te
611 1897 755 1950 enim
796 1896 931 1951 nihil
964 1911 1031 1951 ex
1062 1895 1208 1950 illius
1238 1894 1499 1965 operibus
1525 1911 1538 1947 :

436 1981 556 2039 Non
590 1987 788 2041 stultus
810 1985 961 2041 furor
981 1986 1109 2041 ira:
1137 2000 1246 2040 non
1282 1984 1493 2056 argenti
1511 1982 1866 2047 desiderium,

436 2083 604 2133 Antor
638 2081 833 2150 turpis,
863 2088 919 2134 et
946 2078 1271 2134 excrucians
1310 2076 1554 2132 animum
1586 2091 1600 2127 :

429 2160 557 2228 Non
592 2188 788 2228 manus
821 2181 1024 2243 paratae
1044 2172 1111 2228 ad
1132 2170 1535 2242 accipiendum,
1574 2176 1633 2223 nt
1666 2183 1886 2231 noceas,

437 2266 543 2320 Sed
565 2265 631 2320 ad
668 2264 930 2329 dandum,
964 2272 1020 2319 et
1049 2263 1479 2335 propulsandum
1507 2262 1650 2332 quod
1693 2272 1904 2326 noceat,

438 2348 556 2413 Non
590 2358 769 2413 noctis
796 2373 955 2429 opus,
978 2357 1075 2413 sed
1094 2356 1444 2428 phospborus
1473 2354 1749 2426 ingenium

437 2448 617 2504 Tuum
652 2448 927 2516 refulgens
960 2456 1149 2513 noctu,
1191 2445 1332 2501 sicut
1359 2445 1453 2499 lux
1484 2443 1746 2506 interdiu,

440 2539 559 2594 Non
588 2548 640 2594 te
679 2538 969 2610 puerilium
992 2536 1377 2592 decursionum
1429 2532 1598 2604 tangit
1662 2532 2004 2587 oblectamen

445 2632 737 2687 lneonditis
767 2630 1013 2694 vocibus,
1041 2638 1099 2684 et
1123 2627 1459 2683 clamoribus
1487 2624 1835 2695 permistum.

442 2722 562 2778 Una
592 2737 715 2777 cum
746 2721 904 2791 equis
927 2720 1230 2783 evolantes,
1257 2717 1349 2789 qui
1373 2717 1614 2787 gaudent
1641 2715 1818 2787 equis,

444 2816 636 2871 Manus
665 2815 939 2870 extollunt
962 2812 1032 2867 ad
1063 2811 1255 2866 inanes
1286 2809 1534 2881 plausus,

446 2908 511 2962 Et
540 2906 707 2978 pedes
732 2905 1087 2979 protendunt,
1121 2913 1179 2959 et
1204 2917 1310 2957 una
1344 2916 1470 2957 cum
1496 2901 1693 2966 oculis,

443 3001 595 3065 Quos
629 3008 787 3070 putes
814 2998 954 3054 velle
982 3014 1012 3051 a
1040 2994 1349 3067 superciliis
1384 2995 1603 3062 cadere,

443 3091 684 3146 Membra
714 3106 837 3146 sese
865 3088 1277 3161 exporrigentes
1300 3086 1591 3151 diducunt,

445 3181 511 3235 Et
535 3197 728 3237 omnes
747 3190 965 3236 artuum
991 3178 1299 3236 dissolvunt
1325 3178 1678 3250 contpagines
1707 3194 1720 3230 :

448 3272 515 3328 Et
548 3274 782 3344 pectoris
801 3272 980 3336 obliti,
1004 3271 1151 3343 quod
1175 3270 1399 3326 deceret
1420 3269 1608 3345 ferire,

444 3360 641 3421 Aerem
670 3363 894 3429 feriunt,
934 3374 986 3420 et
1021 3364 1219 3436 digitis,

445 3456 611 3521 Queis
640 3456 1032 3528 incompositos
1064 3456 1394 3513 adumbrant
1416 3469 1632 3519 cursus,

448 3551 760 3622 Stringunt,
791 3559 845 3605 et
868 3551 1158 3606 verberant
1188 3550 1438 3605 umbram
1468 3548 1643 3602 solum
1676 3564 1690 3601 :

446 3641 624 3711 Atque
651 3643 757 3697 alte
779 3641 1074 3696 inclamant
1101 3656 1365 3711 equorum
1395 3638 1756 3714 agitatoribus

450 3729 589 3787 Ilinc
610 3732 741 3788 inde
766 3731 903 3787 nihil
923 3732 1301 3799 audientibus,

1754 302 2070 363 GEORGII
2114 300 2384 362 PlSlD.‘E

2044 425 2091 483 Α

3575 290 3719 355 1380

2263 411 2373 466 Kal
2404 410 2502 484 τὴν
2529 412 2767 466 ἄτακτον
2800 410 3125 484 ἐμφορήσας
3152 408 3398 479 γαστέρα

2120 505 2189 560 55
2238 504 2503 575 Ἀπεψίαν
2531 502 2799 558 πέπονθεν
2822 503 2880 570 ἐξ
2904 503 3235 575 ἀπληστίας.

2274 599 2332 654 ’0
2371 600 2503 672 πρὶν
2530 598 2588 653 δὲ
2620 596 2891 664 πλουτῶν,
2917 597 3014 650 νῦν
3038 596 3368 668 προέρχεται
3396 593 3595 664 πένηςι

2260 693 2373 758 Τάς
2402 691 2643 764 ψυχικάς
2661 692 2771 763 γὰρ
2809 689 3123 765 λῃστρικῶς
3152 688 3483 749 ὑποστάσεις

2262 785 2486 856 κλέψας
2523 785 2586 839 τὸ
2617 783 2857 856 πρῶτον,
2890 783 3154 855 μειζόνως
3176 778 3515 851 ἀντεκλάπη.

2264 880 2450 934 Στένει
2484 879 2542 933 δὲ
2573 878 2743 933 πολλά
2771 878 2886 941 τοῖς
2928 875 3210 938 Ἰουδαίοις
3235 874 3357 929 τότε

2154 974 2224 1029 60
2263 973 2455 1038 Δείξας
2480 973 2661 1026 έκεῖνο
2693 971 2755 1025 τὸ
2784 970 2942 1038 ξύλον
2969 968 3030 1023 τὸ
3062 966 3339 1037 δεύτερον.

2266 1065 2381 1119 Οὐκ
2409 1065 2477 1118 ἂν
2506 1064 2615 1134 γὰρ
2639 1059 2774 1136 ἦρξε
2804 1060 2897 1116 τοῦ
2924 1060 3218 1115 Θεοκτόνου
3250 1056 3474 1127 φθόνου,

2268 1156 2444 1229 Εἴπερ
2465 1156 2663 1226 διέγνω
2685 1154 2780 1209 τοῦ
2812 1154 2976 1225 φόνου
3003 1151 3101 1225 τὴν
3125 1151 3307 1205 αἰτίαν

2268 1248 2591 1305 Μέλλουσαν
2623 1243 2763 1302 εἶναι
2788 1246 2899 1301 τῶν
2926 1245 3067 1300 ὅλων
3094 1245 3413 1299 ἀνάστασιν.

2277 1340 2416 1396 Ἀλλ’
2453 1335 2497 1395 ὦ
2523 1340 2685 1411 σοφὸν
2714 1339 2982 1411 γέννημα,
3010 1338 3104 1392 καὶ
3134 1336 3323 1390 τέκνον
3347 1332 3535 1404 γέρον,

2164 1435 2235 1489 63
2286 1434 2343 1487 '0
2381 1432 2802 1505 σπαργανωθεὶς
2833 1434 2900 1503 τῇ
2931 1432 3099 1502 νοητῇ
3131 1427 3392 1499 πορφύρᾳ⁵
3411 1441 3426 1456 ⁸

2272 1527 2382 1579 Καὶ
2410 1523 2668 1596 σκῆπτρα
2694 1522 2876 1587 δείξας
2900 1523 3026 1586 τοὺς
3060 1518 3345 1592 βιωφελεῖς
3372 1518 3592 1586 λόγους,

2284 1618 2403 1687 Ἀφ’
2434 1610 2510 1671 ὢν
2531 1618 2559 1670 ὁ
2584 1617 2789 1687 κόσμος
2818 1614 2879 1681 ἐξ
2904 1613 3172 1687 ἀμουσίας
3193 1612 3351 1666 νόσου

2275 1712 2717 1784 Περικρατεῖται,
2741 1708 2837 1762 καὶ
2862 1707 3021 1761 πλέον
3046 1704 3363 1776 στηρίζεται
3380 1719 3394 1733 ο

2286 1805 2344 1857 Ὀ
2372 1803 2465 1857 τοῦ
2489 1803 2782 1875 δράκοντος
2808 1800 2900 1855 τοῦ
2925 1800 3096 1855 πάλαι
3120 1797 3476 1869 καθαιρέτης.

2166 1896 2235 1951 70
2287 1898 2377 1951 Ἐν
2405 1902 2487 1951 σοὶ
2510 1898 2618 1969 γάρ
2640 1896 2793 1950 οὐδὲν
2815 1895 2923 1950 τῶν
2948 1894 3159 1948 ἐκείνου
3182 1892 3497 1961 κτισμάτων
3515 1903 3530 1916 ⁶

2277 1993 2351 2044 Οὐ
2383 1990 2550 2062 θυμὸς
2581 1990 2772 2062 άφρων
2791 2005 2805 2019 ·
2843 1988 2904 2042 ού
2931 1987 3266 2057 φιλάργυρος
3296 1982 3482 2045 πόθος,

2277 2083 2459 2153 Ἔρως
2484 2081 2731 2153 ἀναιδὴς,
2767 2080 2861 2133 καὶ
2882 2078 3068 2131 δακεῖν
3099 2072 3431 2147 ἠπειγμένος
3460 2086 3473 2099 ·

2276 2178 2352 2230 Οὐ
2386 2178 2571 2247 χεῖρες
2600 2175 2732 2244 ὑμῖν
2762 2173 2899 2244 πρὸς
2928 2169 2991 2225 τό
3021 2170 3218 2241 λῆμμα
3245 2167 3345 2237 τῆς
3370 2162 3601 2236 βλάϐης,

2286 2268 2427 2323 Ἀλλ’
2451 2271 2533 2333 είς
2558 2267 2620 2322 τὸ
2649 2266 2856 2332 δοῦναι,
2887 2264 2980 2318 καὶ
3005 2259 3242 2327 πατάξαι
3271 2259 3368 2331 τὴν
3404 2256 3613 2328 βλάϐην
3631 2269 3648 2283 ο

2172 2363 2238 2417 75
2277 2364 2352 2417 Οὐ
2376 2361 2569 2425 νυκτὸς
2599 2360 2784 2432 ἔργον,
2815 2357 2952 2414 ἀλλὰ
2985 2355 3273 2428 φωσφόρος
3305 2351 3505 2423 τρόπος

2288 2453 2376 2505 Ἐν
2405 2451 2561 2507 νυκτὶ
2586 2450 2841 2522 λάμπων,
2867 2449 2943 2514 ὠς
2966 2449 3027 2501 τὸ
3057 2447 3172 2519 φῶς
3202 2448 3260 2499 ὲν
3280 2443 3487 2517 ἡμέρᾳ.

2277 2546 2351 2599 Ού
2384 2543 2575 2615 τέρψις
2597 2544 2727 2614 ὑμῖν
2753 2541 3021 2596 παιδικῶν
3056 2539 3406 2610 ἱπποδρόμων

2287 2637 2480 2707 Ἥχοις
2512 2635 2794 2698 ἀτάκτοις,
2824 2632 2921 2687 καὶ
2953 2634 3104 2703 βοαῖς
3131 2630 3478 2701 πεφυρμένη.

2279 2730 2479 2783 Ἵππου
2513 2727 2919 2797 συνεισρέοντες
2942 2724 2991 2778 οἱ
3026 2722 3353 2793 φιλιππόται

2172 2825 2241 2879 80
2282 2825 2325 2877 Τ
2329 2824 2393 2887 άς
2423 2824 2614 2894 χεῖρας
2654 2819 2928 2892 ἐξαίρουσι
2959 2818 3038 2890 τῷ
3066 2817 3254 2888 κούφῳ
3276 2817 3484 2890 κρότῳ·

2279 2917 2386 2970 Kal
2416 2915 2542 2979 τοὺς
2568 2914 2734 2977 πόδας
2761 2913 2997 2967 τείνουσι
3016 2929 3031 2945 ο
3064 2913 3159 2967 καὶ
3193 2911 3303 2965 τῶν
3330 2911 3599 2983 όμμάτων

2277 3009 2472 3080 Σχεδὸν
2502 3007 2767 3062 θελόντων
2800 3007 3053 3060 ἐκπεσεῖν
3082 3004 3190 3059 τῶν
3222 3004 3467 3077 ὀφρύων,

2278 3102 2358 3154 Τά
2388 3100 2538 3155 κῶλα
2566 3099 2869 3172 μηκύνουσι
2892 3102 2956 3169 τῇ
2985 3098 3324 3168 παρεκτάσει
3348 3112 3364 3127 ⁶

2280 3195 2389 3248 Kal
2416 3192 2525 3247 τῶν
2558 3191 2739 3264 μελῶν
2767 3191 2954 3245 λύουσι
2976 3192 3075 3255 τὰς
3104 3190 3281 3254 Θέσεις
3306 3190 3434 3253 ὅλας
3452 3206 3469 3223 ο

2170 3288 2243 3343 85
2282 3288 2393 3342 Kal
2417 3286 2517 3351 τὰς
2538 3285 2750 3339 ἑαυτῶν
2786 3284 3119 3356 ἠγνοηκότες
3144 3285 3355 3355 φρένας

2277 3382 2385 3435 Τὸν
2413 3381 2555 3451 ἀέρα
2582 3379 2884 3451 πλήττουσι
2903 3394 2919 3411 ο
2950 3378 3043 3432 καὶ
3069 3381 3185 3442 τοῖς
3220 3376 3508 3443 δακτύλοις

2281 3471 2691 3546 Σκιαγραφοῦσι
2722 3470 2851 3536 τοὺς
2884 3470 3211 3537 ἀσυνθέτους
3242 3470 3511 3543 δρόμους·

2281 3570 2569 3639 Ἀγχουσι,
2601 3566 2695 3622 καὶ
2721 3566 2987 3620 τύπτουσι
3015 3564 3115 3637 τὴν
3144 3566 3307 3620 σκιὰν
3340 3564 3508 3635 μόνην
3529 3580 3546 3596 ·

2280 3660 2393 3715 Kal
2418 3659 2687 3724 συντόνως
2714 3659 2981 3731 κράζουσι
3002 3660 3117 3723 τοῖς
3152 3658 3545 3725 ίπποστάταις,

2168 3752 2243 3809 90
2291 3751 2532 3807 Ἐκεῖθεν
2558 3749 2710 3806 ἐνθεν
2742 3749 2910 3824 μηδὲν
2934 3749 3342 3821 ἀκροωμένοιςο

2001 3891 2231 3954 NOTAE.

520 4036 610 4119 ὅθ.
648 4036 883 4094 Crucem
928 4039 1204 4114 intelligit.
1231 4111 1242 4119 _
1268 4040 1338 4119 de
1394 4040 1553 4111 cujus
1606 4040 1756 4119 ligno
1786 4040 2035 4119 pendens

448 4107 722 4184 Christus,
746 4122 1002 4184 mortem,
1030 4107 1194 4182 quam
1216 4107 1771 4168 Adamus'eomedens
1786 4107 1862 4168 de
1889 4112 2036 4184 ligno

449 4180 576 4254 vit:e_
602 4180 958 4254 inmundum
985 4180 1287 4254 inverterat,
1318 4184 1559 4254 subegit.

520 4252 609 4323 tit.
646 4250 839 4306 Matth.
878 4268 1047 4319 xxvtt,
1087 4252 1153 4307 18
1185 4271 1200 4309 :
1232 4250 1439 4308 Sciebat
1460 4250 1606 4308 cnim
1651 4259 1789 4322 quod
1833 4269 1928 4323 per
1954 4253 2038 4307 in-

449 4322 648 4375 vidiam
676 4323 1017 4377 tradidissent
1049 4340 1190 4379 eum.

512 4392 610 4474 .ti‘i.
654 4393 675 4448 l
725 4392 856 4474 ρος.
890 4409 950 4456 tt,
1047 4412 1069 4474 ξ
1207 4395 1589 4465 cognovissent,
1626 4410 1899 4466 nunquam
1928 4392 2035 4448 Do-

452 4464 667 4535 minum
682 4463 866 4535 gloria:
889 4463 1287 4535 cruciﬁxissentl

521 4534 610 4589 64.
656 4534 935 4590 l-lactenus
985 4545 1147 4606 poeta
1176 4536 1244 4590 de
1295 4536 1527 4592 summis
1577 4534 1885 4599 beneﬁciis,
1913 4550 2037 4604 qute

451 4603 703 4684 pluristtts
732 4620 808 4684 ex,
829 4603 1086 4684 n_tortuis_
1094 4620 1394 4684 resurgens
1426 4606 1754 4684 _bominibus
1781 4603 2036 4671 contulit,

448 4675 601 4742 juxta
645 4675 1005 4743 Apostolum:
1056 4675 1482 4745 Noxpriccessit,
1539 4685 1671 4742 etc.,
1720 4691 1868 4731 nunc
1912 4692 2037 4731 cutn

454 4745 646 4797 eodem
683 4746 930 4814 apostolo
975 4746 1043 4801 ad
1085 4747 1508 4802 Constantinum
1538 4748 1661 4802 ait:
1710 4746 2038 4815 Abjiciamus

456 4830 577 4883 ergo
606 4830 766 4888 opera
789 4817 1143 4888 tenebrarum,
1175 4827 1283 4872 etc.
1318 4818 1521 4888 Τέκνον
1552 4818 1717 4888 γέρον
1761 4833 1886 4871 eum
1944 4834 2041 4873 vo-

454 4894 563 4943 cat,
591 4885 674 4937 vel
707 4887 853 4958 quod
882 4889 1095 4941 caneris
1122 4888 1354 4943 Heraclii
1391 4887 1518 4942 ﬁliis
1544 4885 1689 4943 esset
1717 4898 1848 4941 natu
1878 4904 2038 4958 gran-

454 4956 724 5029 ιΙιιιιζ,-νει
750 4958 896 5029 quod
928 4974 1052 5014 vere
1079 4960 1228 5014 senis
1264 4959 1533 5029 sapientia
1566 4958 1819 5029 polleret.

527 5024 616 5079 75.
657 5024 889 5092 Νυκτὸς
937 5030 1113 5095 ἔργον
1145 5046 1306 5095 opera
1329 5024 1674 5083 tenebrarum
1710 5028 1843 5083 ibid.
1898 5042 2039 5082 enu-

456 5103 631 5150 nterat
652 5105 876 5151 sanctus
917 5097 1133 5154 Paulus.
1161 5097 1394 5155 Sanctus
1443 5099 1600 5154 Joan.
1631 5115 1726 5162 xu.
1755 5099 1863 5154 56:
1904 5098 2041 5153 Dum

460 5166 631 5239 lucem
660 5166 884 5239 nabetis,
912 5170 1109 5239 credite
1132 5171 1186 5224 in
1212 5171 1402 5234 lucem,
1440 5180 1496 5224 ut
1528 5170 1629 5239 ﬁlii
1650 5170 1781 5223 lucis
1812 5170 1950 5223 sitis.

530 5237 621 5293 77.
659 5236 864 5293 Omnes
902 5238 1016 5292 fere
1042 5238 1139 5295 SS.
1171 5239 1359 5296 Patres
1388 5236 1664 5296 circenses
1706 5240 1862 5295 ludos
1883 5241 2042 5295 dam-

459 5318 682 5379 narunt,
713 5309 996 5379 inquibus
1036 5318 1374 5379 spectatores
1405 5310 1635 5366 miriﬁce
1669 5310 2037 5366 insaniebant.

459 5378 594 5434 Vide
617 5378 870 5437 sanctum
908 5378 1188 5452 Basiilum.
1234 5393 1483 5437 sanctum
1512 5381 1671 5437 Joan.
1712 5380 2042 5452 Chrysosto-

459 5466 631 5524 mum,
643 5461 891 5507 sanctum
904 5451 1257 5523 Cyprianum,
1271 5463 1517 5524 sanctum
1531 5451 1919 5524 Augustinum,
1930 5458 2039 5524 etc.

459 5522 641 5577 Pisida
664 5538 931 5592 equorum
954 5522 1183 5588 'cursus,
1231 5523 1322 5593 qui
1347 5522 1738 5593 hippodromo,
1772 5523 1857 5578 vel
1896 5522 2043 5579 circo

457 5593 1063 5665 Constantinopolitano
1118 5594 1339 5665 ﬁebant,
1393 5593 1641 5665 designat
1685 5612 1699 5648 :
1752 5593 1841 5665 ubi
1899 5609 2043 5663 saepe

459 5663 990 5735 l’actionesPrasiua,
1026 5673 1083 5719 et
1117 5664 1322 5720 Veneta
1362 5663 1595 5735 partium
1636 5663 1820 5719 studio
1871 5665 2039 5719 addu-

458 5743 563 5788 cta:
607 5733 662 5787 in
714 5733 915 5805 iurgia,
964 5746 1020 5791 et
1070 5737 1248 5791 eiedes
1300 5733 1683 5805 erumpebant.
1730 5736 1809 5789 Ac
1841 5736 2041 5789 mirum

460 5818 596 5861 sane
627 5818 737 5859 non
784 5814 888 5872 est,
939 5817 1047 5865 tam
1084 5808 1372 5882 diligenter
1426 5807 1616 5861 l’atres
1646 5806 1944 5873 studuisse,
1985 5816 2044 5860 ut

2071 4448 2114 4504 Ῐ)
2142 4448 2238 4544 util
2271 4448 2645 4544 βλασφημίαᾷ
2665 4448 2802 4544 "eia;
2826 4448 2919 4516 καῖ
2946 4448 3345 4544 δσαςηάφίετες

2131 4039 2475 4096 Christianos
2526 4036 2961 4109 abgbujnsmodi
3012 4036 3341 4109 spectaculis
3381 4050 3727 4104 averterent,

2133 4126 2258 4167 cum
2296 4109 2556 4180 Libauius
2590 4107 2934 4180 Sophistica,
2949 4107 3091 4163 orat.
3116 4110 3208 4180 52,
3246 4125 3372 4180 pag.
3409 4111 3537 4180 584,
3572 4112 3728 4167 insa-

2134 4197 2267 4237 num
2295 4181 2437 4237 circa
2466 4179 2588 4235 illos
2610 4179 2767 4236 ludos
2793 4178 3035 4234 studium
3075 4179 3209 4235 vitio
3238 4178 3461 4235 verterit
3481 4183 3727 4237 Alexan-

2133 4252 2365 4322 drinis;
2396 4249 2541 4304 Ἀλλ’
2577 4252 2705 4322 ὅταν
2733 4251 2814 4322 εἰς
2845 4249 2907 4301 τὸ
2931 4250 3143 4322 στάδιον
3172 4250 3403 4322 ἔλθητε,
3433 4248 3515 4322 τίς
3546 4250 3726 4322 ἂνιεῑ-

2136 4325 2259 4376 πεῖν
2309 4320 2528 4392 δύναιτο
2573 4321 2673 4385 τὰς
2726 4321 2845 4392 ἐκεῖ
2891 4321 3159 4392 κραυγὰς,
3220 4323 3316 4375 καὶ
3346 4320 3727 4392 θόρυόονξκαὶ

2139 4392 2402 4462 ἀγωνίαν,
2436 4390 2532 4445 καὶ
2573 4391 2869 4462 σχημάτων
2899 4390 3230 4460 μεταόολὰς,
3264 4394 3359 4446 καὶ
3412 4390 3421 4392 “
3458 4394 3726 4461 ωμάτων,

2142 4464 2238 4517 καὶ
2273 4460 2645 4517 Βλασφημίας.
2683 4462 2802 4517 οἵας
2826 4463 2919 4516 καὶ
2946 4463 3080 4517 ὅσας
3119 4462 3345 4517 aelate:
3387 4410 3574 4517 “rum
3604 4480 3726 4517 cum

3426 4480 3574 4517 crum
3604 4480 3727 4519 cum

3307 4543 3427 4587 neut
3494 4534 3606 4586 illic
3634 4552 3727 4590 ex-

2142 4605 2366 4659 orientes
2400 4603 2678 4665 clamores.
2711 4613 2760 4657 et
2790 4603 3094 4669 tumultum,
3130 4613 3178 4657 et
3207 4603 3638 4667 sollicitudinem,
3673 4616 3727 4660 et

2140 4674 2825 4747 ltabituum,_colorumque
2868 4676 3206 4741 mutationes,
3262 4686 3314 4729 et
3342 4675 3574 4728 convicia
3606 4692 3728 4747 qua:

2141 4756 2191 4801 et
2211 4756 2412 4816 quanta
2440 4743 2704 4813 jactatis.’

2230 4813 2317 4872 79.
2397 4813 2932 4884 'Iauoparoﬁrrag
2973 4814 3160 4867 insana
3234 4829 3487 4884 equorum
3543 4832 3729 4871 amore

2142 4895 2427 4942 restitantes
2452 4882 2614 4956 vocat
2650 4895 2875 4956 sanctus
2906 4882 3063 4939 Joan.
3093 4882 3541 4956 Chrysostomus,
3586 4903 3729 4956 quos

2143 4957 2323 5012 Pisida
2351 4955 2700 5026 φιλίπποτας.
2734 4954 3223 5027 Libaniusautem,
3240 5026 3243 5027 ν
3274 4955 3409 5027 ibid.
3436 4971 3565 5027 pag.
3595 4954 3727 5020 586,

2142 5025 2473 5083 circensium
2503 5035 2842 5083 Spectatores
2867 5025 3121 5081 similiter
3156 5026 3384 5081 irridet:
3430 5025 3619 5083 ’Υιλῶν
3668 5027 3729 5081 δὲ

2141 5099 2316 5162 οὐδεὶς
2338 5100 2400 5168 ἐν
2527 5095 2628 5167 θέα
2665 5095 3024 5168 καθέστηκεν,
3058 5096 3194 5168 άλλὰ
3222 5095 3356 5168 πολὺ
3394 5095 3596 5167 μᾶλλον
3630 5098 3730 5151 πέ-

2142 5184 2201 5221 τε
2211 5168 2302 5221 σθε
2336 5167 2445 5220 τῶν
2462 5165 2678 5232 ἳππων,
2701 5165 2795 5237 καὶ
2818 5165 2927 5220 τῶν
2956 5166 3209 5237 ἡνιόχων,
3236 5166 3330 5220 καὶ
3352 5165 3554 5235 γελοῖοί
3577 5169 3724 5232 ἔστε,

2144 5241 2240 5292 καὶ
2273 5237 2517 5311 ἡγεῖσθε,
2547 5247 2646 5311 *και
2678 5236 2907 5311 πίπτετε
2931 5254 2945 5268 ο
2987 5236 3219 5311 Vestrum
3243 5247 3439 5311 autem,
3464 5238 3644 5292 nullus
3670 5236 3727 5292 in

2142 5307 2442 5377 spectaculo
2468 5308 2639 5378 quiete
2661 5307 2918 5369 consistit,
2954 5308 3044 5361 sed
3092 5314 3257 5361 multo
3298 5310 3467 5379 magis
3511 5311 3724 5374 velatis,

2143 5379 2477 5505 quanzequi,
2504 5389 2553 5432 et
2581 5379 2808 5450 aurigae,
2830 5388 2876 5433 et
2909 5378 3123 5433 ridiculi
3149 5379 3293 5445 estis,
3324 5390 3374 5433 et
3394 5378 3723 5449 ’pra'ceditis,

2144 5460 2191 5504 et
2222 5467 2280 5503 ca
2324 5462 2430 5504 ms.

2144 5460 2191 5504 et
2222 5452 2430 5504 ceditis.

2146 5591 2158 5603 .
2215 5521 2303 5603 89.
2358 5516 2757 5602 'lrtltovtdtaq
2792 5517 2935 5575 idem
2967 5534 3032 5575 ac
3060 5518 3331 5592 ἡνιόχους,
3354 5522 3499 5592 quod
3519 5522 3726 5595 auriga

2145 5602 2348 5647 Instent
2369 5607 2544 5661 equis.

2214 5665 2302 5718 90.
2323 5662 2587 5717 Ἐκεῖθεν
2615 5663 2813 5727 ἐνθεν,
2837 5662 3105 5731 geminas,
3130 5662 3347 5733 opinor,
3373 5662 3638 5718 factiones
3667 5664 3724 5718 in

2145 5734 2746 5806 assidentesidenotat,
2805 5750 3036 5803 quarunt
3090 5734 3314 5806 plausus
3356 5735 3727 5790 internoscere

2146 5816 2295 5860 certe
2320 5805 2620 5874 nequibant
2650 5820 2923 5862 cursores.

2141 4535 2199 4588 in
2228 4533 2462 4588 stadium
2494 4533 2833 4602 pervenistis,
2886 4534 3002 4604 quis
3052 4533 3224 4587 dicere
