4126 6282
578 312 711 379 1387

1885 311 2202 372 GEORGII
2237 311 2507 373 PISIDZE

3671 314 3815 382 1388

574 425 678 482 196
703 421 918 492 scripsit
944 419 1347 492 Tractatumuin
1389 418 1768 492 Hexaemeron,
1795 421 2145 492 testeg-Euse-
2171 426 2216 482 Α
2246 435 2318 474 no
2344 421 2468 484 540,
2500 419 2716 490 scripsit
2771 415 2966 475 librum
3021 435 3188 492 unum
3237 418 3309 475 De
3367 420 3571 475 naturis
3630 439 3810 479 term

570 494 665 551 δίο
687 489 1009 549 Caesariensi
1038 490 1131 545 lib.
1169 507 1201 543 v
1231 489 1370 545 Hist.
1402 491 1606 556 eccles.,
1650 501 1706 546 et
1734 500 1923 546 sancto
1949 490 2146 546 Hiero-

572 579 756 636 nymo.
782 563 845 617 de
866 564 1045 636 senipt.
1094 560 1272 636 eccles.
1300 561 1568 636 cap._‘28,_
1580 577 1644 636 ac
1675 561 1883 631 primus
1923 562 2145 636 qnidcm

572 630 844 707 omnium,
864 632 907 687 si
929 632 1296 707 l‘iicepliorutn
1326 630 1502 689 audis.
1521 630 1639 707 _Sed
1664 630 1734 686 ne
1762 630 2144 707 unttm’Philo-

571 721 698 760 nem
744 702 991 759 Judam'm
1022 717 1463 772 commemorem,
1503 702 1571 756 de
1597 718 1705 772 quo
1747 703 2011 772 suogloco
2040 702 2146 755 erit

570 774 882 838 dicendum,
931 781 1082 844 patet
1111 771 1255 827 idem
1307 770 1685 842 argumentum
1715 772 1784 827 ab
1824 770 1945 827 aliis
1976 771 2146 827 fuisse

572 852 886 901 tractatum.

642 915 848 984 Apion,
886 913 977 983 qui
1011 910 1147 967 male
1175 911 1317 984 apud
1365 910 1637 984 Ruﬁnum;
1660 911 1866 984 Appius
1886 920 2139 984 vocatur,

571 981 772 1039 Grre'cae
826 981 1096 1039 facundia:
1134 983 1429 1048 professor,
1473 982 1563 1052 qui
1617 981 1799 1038 ﬂoruit
1848 983 2138 1052 circ-anan.

570 1056 698 1118 200,
730 1053 947 1123 scripsit
981 1055 1035 1107 in
1072 1052 1451 1123 Hexaemeron,
1492 1051 1628 1108 teste
1652 1054 1904 1117 Eusebio,
1938 1062 1992 1107 et
2017 1051 2145 1107 Hic-

572 1122 990 1195 ronymoa'Vide
1021 1123 1349 1195 Fabricium,
1371 1122 1506 1176 Bibl.
1540 1122 1631 1180 Gr.
1664 1124 1756 1179 lib.
1784 1142 1838 1187 v,
1872 1138 1993 1192 cap.
2020 1124 2070 1177 1.

641 1193 803 1249 Caius
833 1194 1142 1264 Presbyter,
1168 1202 1223 1247 et
1248 1193 1537 1265 episcopus
1570 1198 1810 1265 gentium
1840 1195 2141 1258 ordinatus,

571 1266 661 1346 qui
686 1265 885 1350 saeculo
914 1281 969 1350 nt
1003 1263 1225 1345 ineunte
1261 1263 1505 1350 ﬂorebat,
1541 1263 1988 1350 scripsitlibrum‘
2013 1265 2145 1350 Περὶ

569 1333 663 1389 «so-3
698 1334 897 1405 παντὸς
920 1335 997 1387 De
1027 1336 1281 1399 universo,
1318 1335 1565 1405 velllep‘t
1589 1335 1687 1405 τῆς
1711 1333 1804 1386 τοῦ
1834 1334 2030 1405 παντὸς
2052 1333 2144 1386 οὑ-

575 1406 714 1469 σίας,
749 1404 826 1459 De
861 1416 1055 1458 natura
1109 1406 1357 1469 universi,
1412 1404 1561 1459 hisee
1591 1404 1820 1458 diversis
1854 1404 2023 1458 titulis
2062 1404 2145 1458 in-

572 1476 857 1544 scriptum,
885 1485 945 1529 ut
974 1484 1205 1529 testatur
1237 1474 1462 1527 Photius
1487 1475 1607 1529 cod.
1638 1475 1727 1537 i8,
1755 1474 1847 1543 qui
1881 1473 2139 1542 Joscpho,

572 1543 788 1600 Justino
818 1546 1064 1615 martyri,
1094 1555 1148 1598 et
1180 1544 1386 1599 Irenaeo
1414 1544 1544 1599 dicit
1571 1560 1601 1598 a
1628 1544 1949 1614 quibusdam
1978 1543 2143 1615 luisse

576 1616 840 1670 tributum
886 1612 1027 1679 ;sed
1062 1630 1248 1668 revera
1296 1615 1406 1669 Caii
1439 1629 1559 1669 esse
1606 1612 1902 1679 cmitendit,
1960 1622 2053 1667 aut
2097 1612 2141 1667 si

575 1687 749 1740 mavis
775 1685 964 1740 Caium
998 1685 1241 1751 ejusdem
1277 1685 1578 1754 argumenti
1613 1684 1811 1739 librum
1844 1684 2142 1739 confecisse

574 1757 807 1810 al‘llrmat
840 1774 871 1826 γε
933 1756 1052 1826 ipse
1095 1754 1239 1809 enim
1269 1756 1431 1808 Caius
1462 1755 1512 1809 in
1565 1758 1669 1809 line
1694 1755 1917 1809 alterius
1962 1754 2143 1826 operis

574 1826 679 1889 sui,
712 1826 802 1895 qui
827 1823 1176 1896 Labyrinthus
1203 1835 1320 1878 erat
1357 1826 1672 1894 inscriptus.
1708 1835 1983 1879 auctorem
2016 1823 2137 1896 libri

571 1896 649 1949 De
680 1894 871 1950 natura
904 1894 1129 1950 universi
1154 1905 1340 1965 aperte
1365 1910 1423 1949 se
1444 1896 1673 1950 dixerat.
1711 1896 1902 1949 Verum
1931 1910 2052 1949 cum
2076 1894 2139 1965 in

572 1976 828 2031 tractatu,
863 1982 1023 2035 quem
1058 1964 1199 2033 legit
1233 1965 1480 2023 l’hotius.
1506 1981 1615 2019 non
1648 1965 1780 2019 satis
1808 1965 1952 2020 clare
1998 1964 2139 2017 indi-

571 2048 806 2099 caretur,
836 2036 964 2106 quid
985 2036 1051 2090 de
1078 2037 1176 2090 hac
1203 2052 1259 2089 re
1284 2035 1626 2090 sentiendum
1655 2046 1817 2106 esset,
1846 2051 1953 2089 non
1976 2035 2141 2089 audet

572 2104 1090 2173 assercrefidemne
1146 2106 1214 2159 sit
1256 2106 1411 2170 liber,
1460 2122 1529 2159 an
1559 2106 1714 2161 alter.
1776 2104 1909 2161 Illud
1957 2114 2139 2160 autem

573 2193 670 2246 pro
697 2186 847 2231 certo
895 2177 1079 2239 tradit,
1131 2185 1304 2230 totum
1349 2176 1401 2230 in
1433 2192 1497 2230 eo
1526 2176 1694 2231 fuisse
1726 2185 2025 2239 auctorem,
2083 2181 2142 2229 ut

574 2249 849 2316 probaret,
895 2247 1172 2301 Platonem
1208 2261 1392 2300 secum
1442 2262 1681 2317 pugnare
1712 2264 1726 2299 :
1758 2262 1865 2317 quo
1897 2247 2141 2301 testimo-

572 2318 666 2371 nio
698 2317 967 2389 nituntur,
1000 2317 1093 2387 qui
1122 2317 1269 2371 hunc
1315 2325 1604 2371 tractatum
1633 2327 1821 2372 sancto
1852 2316 2142 2389 Hippolyto

573 2388 766 2442 ascribi
798 2387 1023 2442 malunt.

646 2458 879 2537 Sanetus
929 2456 1280 2537 Hippolytus.
1334 2465 1524 2537 portus
1553 2455 1781 2537 Romani
1828 2456 2138 2537 epistzppus,

573 2528 747 2581 sancti
779 2527 968 2581 lrenaei
1000 2526 1319 2596 discipulus,
1351 2536 1407 2580 et
1436 2527 1624 2581 doctor
1656 2526 1907 2581 Ecclesiae
1937 2526 2141 2595 γλυκύ-

572 2614 752 2660 τατος.
792 2598 885 2650 καὶ
911 2597 1264 2659 εὐνούστατος
1295 2596 1647 2660 dulcissimus,
1688 2607 1735 2651 et
1766 2598 1891 2651 bene
1916 2598 2140 2651 anima-

576 2677 681 2730 tus,
706 2676 762 2721 ut
785 2667 840 2721 in
862 2676 1048 2738 sancto
1074 2666 1232 2722 Joan.
1262 2667 1648 2738 Cbrysostomo
1693 2666 1847 2721 Hom.
1879 2668 1941 2721 de
1972 2667 2140 2721 Pseu-

577 2737 1114 2809 dopropbngdicitur,
1152 2738 1258 2809 qui
1308 2737 1507 2809 martyr
1548 2738 1817 2809 occubuit
1850 2753 1987 2809 ann.
2011 2738 2137 2809 ‘255,

576 2810 793 2878 scripsit
836 2808 915 2871 εἰς
963 2807 1060 2878 τὴν
1090 2807 1461 2878 Πὲξαήμερον,
1502 2809 1595 2861 καὶ
1645 2809 1725 2871 εἰς
1766 2808 1834 2860 τὰ
1869 2808 2006 2877 μετὰ
2042 2808 2140 2878 τὴν

575 2876 905 2950 ξξιῆμερον,
966 2877 1021 2950 in
1077 2876 1464 2950 Hexaemeron,
1511 2887 1571 2950 et
1616 2877 1684 2950 inn
1717 2895 1812 2950 ea,
1867 2876 1982 2948 qua:
2028 2876 2138 2950 post

575 2947 955 3002 Hexaemeron.
982 2949 1111 3012 Quae
1141 2948 1367 3018 multum
1388 2948 1602 3018 erudite,
1623 2948 1687 3002 ad
1719 2948 1769 3001 id
1802 2947 2138 3018 prebandum

575 3018 940 3087 diSputantur,
963 3018 1172 3088 yidesis
1203 3018 1254 3070 in
1281 3017 1557 3087 Stephano
1587 3017 1658 3071 Le
1692 3017 1928 3088 Moynio,
1959 3020 2011 3072 in
2042 3035 2137 3070 no-

577 3088 645 3141 tis
668 3086 742 3141 ad
771 3089 920 3142 varia
950 3086 1138 3149 Sacra,

575 3156 675 3228 Op.
708 3156 779 3228 S._
802 3156 1106 3228 Hippolyti;
1158 3156 1211 3211 in
1245 3156 1407 3223 Cave,
1443 3158 1521 3228 Ad
1575 3156 1933 3228 Hippolytum.
1973 3156 2027 3213 ét
2080 3159 2131 3211 in

574 3227 713 3283 Hist.
752 3226 933 3282 Litter.
966 3227 1258 3291 Gallorum,
1290 3239 1451 3297 atque
1482 3226 1808 3283 Francorum
1843 3244 1872 3281 a
1900 3227 2003 3282 PP.
2029 3228 2131 3281 Be-

574 3298 875 3368 nedictini‘s
904 3313 1077 3367 nuper
1109 3298 1273 3359 edita,
1324 3307 1456 3353 tom.
1496 3298 1536 3360 I.
1582 3309 1720 3366 part.
1772 3315 1809 3361 I,
1856 3314 1978 3368 pag.
2009 3298 2132 3352 572.

572 3367 773 3422 Sancto
826 3366 1108 3438 Hippolyto
1151 3368 1312 3438 etiam
1371 3369 1510 3438 liber
1560 3370 1632 3421 De
1669 3366 1872 3422 natura
1910 3366 2135 3422 universi

573 3438 850 3502 tribuitur,
890 3435 947 3492 ut
980 3435 1138 3505 supra
1166 3439 1219 3491 in
1253 3435 1381 3492 Caio
1406 3437 1699 3492 indicatum
1731 3446 1832 3492 est.

643 3508 968 3575 Methodius,
1017 3508 1273 3562 Eubulius
1322 3508 1519 3571 dictus,
1567 3508 1797 3577 primum
1843 3505 2136 3563 Patareno-

574 3593 716 3641 rum,
748 3579 947 3633 deinde
969 3578 1089 3648 Tyri
1118 3578 1422 3647 episcopus,
1454 3577 1544 3648 qui
1567 3579 1762 3631 saeculo
1793 3594 1847 3631 ltl
1901 3588 2134 3633 exeunte

573 3648 725 3717 vixit,
757 3648 973 3717 scripsit
1005 3646 1163 3716 Περϊ
1184 3647 1291 3699 τῶν
1322 3646 1583 3717 γενητῶν,
1610 3648 1683 3700 De
1728 3649 1876 3701 rebus
1924 3650 2130 3704 creatis.

574 3716 846 3786 Deperditi
871 3717 1050 3786 operis
1077 3716 1347 3786 specimen
1373 3716 1527 3771 nobis
1549 3719 1886 3772 conservavit
1913 3717 2135 3775 l’hotius

575 3784 630 3839 in
664 3789 783 3841 cod.
819 3784 943 3840 εδδ.
994 3784 1149 3840 Hunc
1204 3786 1421 3850 librum,
1462 3796 1645 3841 contra
1704 3788 1774 3852 id,
1801 3788 1942 3856 quod
1994 3789 2134 3843 Cave

575 3857 811 3921 censuit,
866 3856 994 3926 quid
1043 3856 1315 3911 diversum
1362 3856 1529 3911 fuisse
1571 3858 1896 3912 arbitramur
1927 3874 1957 3911 a
1985 3860 2137 3913 Com-

576 3927 856 3981 mentariis
906 3928 958 3980 in
990 3926 1246 3998 Genesim,
1286 3942 1423 3996 quos
1473 3927 1613 3982 inter
1641 3928 1896 3983 Methodii
1938 3929 2133 3998 scripta

578 4006 825 4069 recenset
875 3996 1505 4069 sanctuscﬂieronymus
1534 4016 1547 4052 :
1579 4014 1706 4053 nam
1755 4015 1821 4053 ex
1866 3996 2136 4069 excerptis

576 4066 776 4129 l’hotii,
807 4067 898 4136 qui
934 4067 1169 4139 alioquin
1202 4066 1431 4139 diligens
1468 4079 1551 4123 est
1580 4071 1633 4122 in
1676 4069 1929 4123 notandis
1975 4066 2136 4123 libro-

576 4152 694 4209 rum
730 4138 914 4199 titulis,
961 4137 1095 4207 quOs
1126 4138 1270 4209 legit,
1303 4137 1588 4209 colligitur,
1620 4148 1904 4194 tractatum
1949 4139 2024 4193 De
2050 4156 2135 4193 re-

573 4204 909 4280 busicreatis
930 4204 1038 4280 non
1061 4208 1158 4280 _ad_
1181 4204 1720 4280 Commentariorum
1739 4250 1754 4273 ,
1811 4210 1905 4264 sed
1955 4210 2135 4280 potius

575 4277 801 4349 Dialogi,
829 4277 913 4349 vel
942 4278 1213 4348 Apologia:
1234 4278 1657 4349 formaml'nisse
1688 4277 2076 4349 conscriptum.

647 4347 912 4402 EuSebius
944 4347 1287 4414 Emesseuus,
1316 4348 1405 4417 qui
1432 4348 1575 4403 circa
1609 4366 1811 4404 annum
1854 4347 1956 4405 560
1998 4366 2135 4404 mor-

577 4428 701 4490 tuus
728 4430 832 4481 est,
865 4418 1080 4490 scripsit
1112 4418 1188 4490 De
1212 4419 1449 4490 operibus
1478 4436 1567 4473 sea:
1606 4420 1809 4490 dierum
1843 4436 2132 4490 congruen-

1190 3103 1309 3173 pag.
1363 3076 1484 3149 969,
1512 3089 1566 3142 in
1614 3076 1879 3169 abricio,
1913 3076 2030 3158 pag.
2064 3090 2132 3169 an
2161 3118 2203 3173 ϐ
2242 3091 2459 3169 terims.
2478 3076 2791 3143 Corbeiensi
2819 3105 2915 3158 pro
2935 3106 3084 3143 versu
3111 3100 3193 3145 est
3214 3089 3368 3171 quasi
3389 3076 3658 3169 uersuum,
3684 3105 3809 3157 qua:

1190 3174 1211 3211 ι
1245 3162 1407 3223 Cave,
1443 3158 1521 3231 Ad
1575 3158 2131 3231 Hippolytum:_etnln
2238 3157 2397 3212 lectio
2428 3159 2578 3231 valde
2615 3160 2843 3231 obscura
2872 3170 2974 3213 est.
3011 3159 3121 3231 lloc
3166 3161 3400 3214 Salviant
3432 3174 3809 3231 opus-anony-

2244 492 2610 554 exordialium,
2663 492 2718 544 in
2751 507 2860 561 quo
2889 491 3209 545 ostendebant
3239 506 3402 545 unum
3444 506 3565 546 esse
3611 496 3815 561 princi-

2244 562 2412 631 pium.
2445 578 2548 618 nec
2574 561 2869 631 quidquam
2894 570 3247 631 consternunt
3298 562 3424 615 Deo.
3470 561 3814 630 Gennadius,

2247 631 2320 684 De
2364 630 2739 701 script.,’capt
2793 634 2847 686 6.
2889 630 3022 688 Vide
3050 632 3187 685 Hist.
3223 630 3386 686 litter.
3434 631 3731 696 Gallorum,
3760 645 3811 688 et

2243 701 2437 756 hanc.
2472 713 2601 758 tom.
2640 702 2681 765 l,
2714 710 2853 771 part.
2886 717 2946 763 ll,
2977 718 3099 772 pag,
3136 702 3257 756 l90.

2312 772 2471 826 Philo
2496 790 2526 827 a
2555 781 2742 826 sancto
2766 771 3071 842 Epiphanio
3105 772 3374 842 Carpasize
3402 772 3693 841 episcopus
3730 789 3821 827 or-

2242 841 2483 910 dinatus,
2531 842 2622 912 qui
2668 841 2825 897 circa
2859 841 3019 912 linem
3055 843 3237 897 saeculi
3272 859 3321 896 tv
3352 841 3548 903 ﬂoruit,
3597 844 3818 898 videtur

2242 913 2443 982 aliquid
2469 911 2751 983 scripsisse
2796 912 2850 966 in
2877 911 3259 968 Hexaemeron.
3294 912 3476 966 Fidem
3530 913 3660 967 facit
3706 914 3815 968 Co-

2244 981 2389 1038 smas
2427 981 2879 1046 Indico-Pleusta,
2912 998 2944 1036 a
2980 999 3088 1051 quo
3121 999 3242 1052 pag.
3272 984 3397 1043 550.
3448 984 3520 1035 ita
3567 983 3768 1049 citatur
3795 1002 3813 1037 :

2242 1053 2476 1124 φίλωνος
2521 1054 2822 1107 ἐπισκόπου
2877 1052 3196 1124 ΚειιρπάειοιέΔ
3231 1054 3311 1117 εἰς
3353 1054 3416 1106 τὸ
3471 1054 3811 1124 ὲξαήμερον·

2243 1121 2477 1178 Philonis
2504 1123 2781 1192 Carpathii
2808 1124 3031 1192 episcopi
3060 1124 3112 1175 in
3150 1121 3529 1178 Hexaemeron.

2322 1194 2659 1256 Ammonius,
2682 1209 2877 1263 genere
2908 1192 3211 1263 A‘ngptius,
3245 1195 3545 1247 monachus
3576 1193 3818 1247 Alexan-

2242 1264 2450 1327 drinus,
2494 1264 2586 1334 qui
2629 1273 2688 1334 ut
2716 1263 2857 1317 Cave
2889 1266 3096 1331 putavit
3123 1264 3320 1318 saeculo
3351 1280 3425 1323 tv.
3456 1275 3696 1317 exeunte
3731 1266 3819 1318 vi-

2244 1336 2339 1398 xit,
2368 1333 2588 1403 scrips'it
2620 1333 2998 1387 Enarrationes
3027 1335 3083 1387 in
3124 1350 3252 1400 opus
3288 1351 3377 1403 sea;
3404 1334 3631 1396 dierum,
3677 1349 3823 1403 quas

2243 1401 2588 1475 commendat
2631 1405 2946 1475 Anastasius
2974 1403 3028 1457 in
3065 1405 3283 1475 prologo
3333 1401 3528 1475 Homil.
3562 1401 3814 1474 Anagog.

2243 1473 2420 1542 ipsum
2460 1473 2825 1535 Ammonium,
2852 1488 3039 1544 quem
3066 1472 3255 1544 Veliam
3307 1475 3360 1527 in
3407 1472 3643 1544 Hodego,
3687 1472 3816 1544 pag.

2240 1544 2367 1608 278,
2420 1544 2622 1607 laudat,
2656 1543 3092 1610 probatissimum
3143 1543 3394 1600 Ecclesia:
3431 1543 3821 1600 Alexandrina:

2241 1615 2513 1686 ἐξηγητὴν
2538 1614 2835 1686 appellans-

2311 1685 2376 1750 ρ.
2401 1682 2660 1739 Ἀίιτειίύδ
2681 1683 3007 1740 Prudentius
3030 1682 3301 1743 Clemens.
3328 1692 3486 1754 gente
3513 1684 3817 1754 Hispanus,

2174 1770 2214 1825 Β
2245 1765 2401 1823 poeta
2451 1754 2940 1825 Christianusqui
2990 1756 3183 1809 claruit
3232 1771 3373 1808 anno
3423 1756 3547 1818 405,
3597 1757 3822 1824 scripsit

2243 1840 2395 1879 mare
2445 1824 2752 1879 Graecnrum
2801 1824 3246 1879 commentarium
3285 1828 3348 1878 de
3390 1824 3593 1894 fabrica
3632 1826 3822 1878 nmndi

2242 1911 2400 1965 usque
2426 1896 2495 1966 nd
2524 1895 3006 1963 prtcvaricationem
3031 1897 3189 1966 primi
3218 1896 3465 1962 hominis,
3497 1896 3657 1965 cujus
3690 1911 3811 1949 me-

2241 1964 2398 2036 minit
2420 1964 2731 2020 Gennadius
2753 1981 2871 2036 cap.
2903 1966 2988 2021 15.

2312 2035 2630 2090 Theodorus
2683 2034 2889 2105 Syrus,
2944 2036 3348 2100 Antiochenus,
3402 2036 3574 2091 sancti
3648 2034 3812 2092 Joan.

2240 2103 2610 2177 Cbrysostomi
2636 2103 2869 2177 primum
2903 2107 3130 2171 amicus,
3167 2107 3509 2177 Mopsuestia?1
3534 2106 3588 2159 in
3620 2105 3816 2161 Cilicia

2241 2175 2551 2245 episcopus,
2582 2175 2674 2246 qui
2706 2177 2839 2231 obiit
2862 2193 3007 2232 anno
3040 2178 3161 2241 428,
3211 2175 3427 2245 scripsit
3471 2175 3817 2232 Commenta-

2241 2247 2380 2300 rium
2418 2247 2474 2300 in
2509 2250 2888 2319 Hexaemeron,
2932 2248 3045 2301 sive
3091 2247 3386 2319 ἑρμηνεζᾳν
3428 2246 3528 2319 τῆς
3573 2247 3817 2319 micam;

2241 2327 2445 2386 septem
2496 2318 2655 2373 tomis
2685 2318 3047 2383 distributum,
3083 2316 3139 2372 ut
3163 2316 3248 2372 ait
3286 2317 3512 2370 Photius
3556 2316 3681 2371 cod.
3718 2317 3816 2383 58,

2242 2386 2495 2459 Ejusdem
2530 2403 2695 2457 opera
2728 2402 2760 2442 e
2789 2386 2976 2442 Graeca
3018 2389 3070 2442 in
3109 2387 3813 2459 Syriacamlinguamolim

2240 2458 2410 2512 fuisse
2468 2473 2725 2513 conversa
2773 2466 3003 2512 testatur
3058 2458 3339 2513 Liberatus
3393 2458 3447 2511 in
3510 2458 3816 2523 Breviario,

2241 2544 2361 2597 cap.
2406 2527 2489 2581 10.
2546 2526 2820 2582 Versionis
2878 2537 3057 2582 autem
3098 2540 3376 2582 auctorem
3440 2528 3610 2581 inissa
3658 2528 3814 2582 Ibam

2242 2598 2574 2652 Edessenum
2604 2599 2915 2666 episcopum
2946 2608 3090 2667 patet
3131 2614 3196 2653 ex
3236 2598 3448 2652 actione
3495 2602 3559 2653 10
3589 2600 3813 2652 concilii

2240 2668 2719 2722 Chalcedonensis.
2754 2667 2885 2722 Vide
2930 2666 3329 2732 Assemaniutn,
3356 2667 3493 2721 Bibl.
3518 2666 3813 2738 i0rieutal.

2242 2747 2373 2790 tom.
2405 2737 2488 2790 Ill.
2516 2754 2639 2790 nae.
2663 2739 2753 2790 50.

2242 2747 2373 2793 tom.
2405 2739 2488 2799 Ill,
2516 2754 2639 2808 pag.
2663 2739 2753 2793 50.

2189 2806 2623 2890 \“Salvianus,
2688 2807 2926 2890 Coloniae
2961 2808 3271 2890 Agrippinae
3323 2816 3533 2890 natu-5',“
3551 2806 3817 2890 Ecclesia:

2240 2876 2592 2933 Massiliensis
2616 2880 2913 2948 presbyter,
2944 2876 3034 2948 qui
3057 2876 3252 2933 claruit
3272 2893 3414 2932 anno
3432 2878 3557 2942 440,
3588 2881 3813 2947 scripsit

2242 2948 2428 3002 librum
2473 2965 2635 3002 unum
2679 2950 2732 3001 in
2769 2950 3147 3012 Hexaemeron,
3182 2952 3237 3003 in
3266 2949 3471 3002 modum
3502 2949 3813 3002 Graecorum

2202 3025 2385 3071 'versu
2428 3019 2783 3087 compositum.
2828 3019 3102 3073 Cennadio
3144 3028 3299 3076 teste.
3349 3034 3468 3087 cap.
3503 3020 3589 3073 67.
3624 3017 3681 3071 ιιι
3717 3037 3805 3073 ve-

2242 3091 2337 3159 teri
2360 3104 2459 3142 tns.
2478 3087 2791 3143 Corbeiensi
2819 3105 2915 3158 pro
2935 3106 3084 3143 versu
3111 3100 3193 3145 est
3214 3089 3368 3159 quasi
3396 3106 3658 3149 versuum,
3684 3105 3815 3157 qua:

2235 3244 2357 3299 Laus
2382 3229 2597 3296 quidam
2634 3228 2689 3282 in
2717 3229 3080 3293 Tillemontio,
3111 3238 3240 3284 tom.
3284 3247 3393 3287 va.
3430 3228 3533 3299 pag
3570 3228 3693 3292 195,
3737 3228 3809 3285 de

2235 3282 2569 3369 Tertulliano
2602 3282 2883 3353 disserens
2912 3282 3567 3369 ﬁeripossesuspicatti’r,
3609 3282 3808 3354 ut'hoc

2236 3368 2308 3422 sit
2333 3368 2526 3422 Poema
2575 3370 2638 3422 de
2668 3369 2870 3435 Genesi,
2900 3370 3043 3440 quod
3067 3368 3224 3425 inter
3270 3386 3433 3441 opera
3467 3370 3811 3426 Tertulliano

2232 3440 2467 3509 ascripta
2491 3448 2823 3496 numeratur.

2307 3507 2480 3563 Mdses
2514 3508 2837 3579 Bar~Cepba,
2872 3508 3111 3565 Jacobita
3150 3507 3333 3579 Syrus,
3368 3509 3654 3579 episcopus
3687 3509 3809 3563 Mo-

2307 3526 2480 3563 moses
2514 3526 2837 3579 uar~uepna,
2872 3526 3111 3565 Jacomta
3150 3526 3188 3563 δ
3224 3526 3333 3572 rus,
3368 3526 3654 3579 episcopus
3687 3526 3809 3563 M0-

2234 3579 2336 3644 sul,
2361 3579 2449 3648 qui
2478 3580 2671 3635 claruit
2697 3582 2840 3634 circa
2861 3581 3020 3634 liuent
3046 3526 3223 3634 saeculi
3250 3596 3326 3643 lx,
3349 3581 3565 3648 scripsit
3591 3580 3809 3635 Hexae-

2234 3665 2423 3721 meron
2472 3649 2705 3721 Syriace.
2769 3650 2899 3705 Vide
2934 3650 3336 3721 Assemanium,
3396 3649 3531 3703 Bibl.
3593 3648 3804 3704 Orieut.

2236 3729 2366 3773 tom.
2396 3719 2459 3783 ll,
2491 3719 2612 3790 pag.
2647 3720 2768 3775 127.
2804 3721 2938 3776 Eum
2972 3721 3215 3774 ﬂoruisse
3260 3719 3401 3775 circa
3439 3736 3642 3774 annum
3676 3722 3806 3785 480,

2235 3800 2289 3861 et
2316 3789 2679 3861 sanctoJOan.
2714 3791 3097 3861 Chrysostomo
3129 3790 3420 3861 σύγχρονον
3450 3789 3615 3861 fuisse
3638 3790 3809 3861 addu-

2235 3860 2370 3915 bitat
2401 3860 2549 3914 card.
2580 3861 2725 3915 Bona
2761 3860 3121 3915 in’Analectis
3164 3860 3611 3930 liturgico-sacris
3658 3876 3690 3914 a
3738 3860 3804 3914 ι).

2234 3929 2475 3985 ltoberto
2524 3930 2645 3985 Sala
2686 3931 2750 3985 ad
2782 3932 2985 3985 calcem
3032 3928 3391 4001 Epistolarum
3432 3928 3623 3984 Select.
3654 3931 3807 4001 ejus-

2235 4002 2356 4071 dem
2388 4001 2678 4055 cardinalis
2710 4018 2884 4071 nuper
2909 4001 3087 4057 editis.

2305 4070 2720 4143 ll.Aiiseltitus,
2770 4070 3024 4143 Augustae
3082 4070 3347 4143 przetorite
3398 4078 3579 4143 natus,
3628 4070 3812 4143 abbas

2234 4140 2521 4194 Beccensis
2550 4141 2805 4210 primum,
2858 4140 3041 4212 postea
3069 4140 3479 4212 Cantuariensis
3517 4140 3571 4193 in
3607 4141 3812 4211 Anglia

2233 4212 2540 4280 cpiscopus,
2563 4212 2651 4280 qui
2678 4212 2811 4266 obiit
2833 4227 2975 4266 anno
3002 4211 3152 4275 1109,
3185 4213 3396 4280 scripsit
3424 4211 3615 4263 librum
3641 4228 3811 4263 unum

2233 4278 2290 4333 at
2323 4278 2709 4346 Hexaemeron,
2734 4282 2778 4335 si
2817 4282 3116 4338 Tritbemio
3148 4281 3200 4335 id
3240 4278 3504 4335 asserenti
3538 4280 3591 4335 in
3625 4284 3809 4334 Chio-

2234 4351 2358 4405 nico
2393 4350 2637 4421 llirsaug.
2684 4352 2975 4421 credimus,
3007 4362 3061 4405 et
3096 4351 3246 4407 Sixto
3276 4351 3523 4415 Senensi,
3551 4351 3644 4420 qui
3680 4350 3811 4405 Tri-

2236 4420 2498 4492 themium
2548 4420 2632 4474 est
2660 4420 2899 4485 secutus,
2930 4422 3073 4492 quod
3114 4436 3144 4475 a
3176 4421 3502 4492 scriptorum
3544 4421 3812 4492 ecclesia~

578 4500 655 4569 ter
678 4489 882 4569 litterae,
916 4483 1085 4569 missis
1113 4483 1380 4569 allegorias
1408 4504 1427 4542 :
1460 4490 1610 4569 quod
1652 4483 2134 4569 diserte__t_éstatur
2169 4483 2210 4541 Ι)
2235 4483 3023 4569 sticorumnomenclatoribus
3067 4483 3303 4569 nonest
3336 4491 3706 4569 observatum.
3745 4491 3810 4569 in

575 4560 892 4614 Anastasius
928 4558 1153 4630 Sinaita,
1202 4558 1295 4613 lib.
1324 4575 1416 4613 vn.
1459 4558 1517 4613 ln
1572 4559 1825 4630 Catalogo
1872 4560 2130 4614 librorum

577 4630 835 4699 Syrorum
892 4629 1194 4699 Ebed-Jesu
1247 4630 1604 4698 metropolita:
1655 4629 1933 4693 Sobensis,
1971 4645 2132 4699 quem

577 4698 1092 4768 past‘Abrahamum
1128 4698 1530 4753 Ecchellensem
1560 4699 1926 4753 recudendum
1971 4698 2131 4755 cura-

575 4766 653 4822 vit
686 4766 796 4824 Jos.
852 4769 1039 4824 Simon
1091 4769 1440 4823 Assemanius
1488 4770 1543 4822 in
1574 4768 1712 4823 Bibl.
1759 4769 1960 4824 Orient.
1997 4779 2127 4826 tom.

573 4838 660 4901 Ill,
692 4855 810 4907 pag.
842 4839 931 4900 44.
959 4847 1310 4895 recensentur
1355 4837 1673 4903 Quwstiones
1703 4838 1914 4893 Eusebii
1942 4841 1995 4893 in
2040 4840 2133 4895 Ve-

573 4919 656 4962 tus
686 4910 1092 4975 Testamentum,
1118 4924 1252 4978 quas
1275 4924 1397 4964 esse
1427 4924 1564 4979 opus
1593 4910 1662 4965 ab
1693 4912 1978 4965 Anastasio
2008 4910 2130 4965 lau-

571 4980 755 5033 datum
791 4979 968 5034 forsan
1002 4980 1333 5036 credendum
1362 4988 1464 5034 est.

643 5047 997 5121 Theophilus,
1055 5051 1393 5121 Alexandria:
1440 5048 1746 5120 episcopus,
1789 5050 1881 5121 qui
1933 5050 2132 5105 saeculo

570 5134 624 5172 ιν
655 5116 870 5190 labente
897 5120 1092 5184 lloruit,
1126 5120 1342 5190 scripsit
1365 5116 1646 5176 Gen—traditi
1673 5116 1909 5175 teste'De
1926 5122 2129 5189 script.,

569 5203 688 5259 cap.
718 5188 806 5261 @5,
843 5192 1086 5261 adversus
1118 5188 1418 5261 Origenem,
1462 5207 1625 5245 unum
1657 5200 1705 5245 et
1742 5192 1937 5261 grande
1983 5188 2132 5244 volu-

569 5258 1037 5332 men.Quod_opus
1082 5260 1150 5314 ab
1197 5258 1263 5315 eo
1290 5260 1458 5316 fuisse
1486 5258 1815 5332 coniectum,
1848 5269 1908 5332 ut
1949 5262 2133 5332 Orige-

570 5344 696 5402 nern
722 5329 923 5402 erroris
955 5339 1223 5401 argueret,
1255 5332 1347 5401 qui
1391 5332 1687 5387 creationis
1720 5331 2002 5402 historiam
2034 5329 2132 5402 per

567 5399 851 5470 allegorias
882 5399 1286 5469 interpretatus
1311 5410 1413 5465 est,
1460 5412 1571 5455 non
1617 5410 1703 5457 est
1749 5399 2126 5456 dubitandum.

567 5471 769 5542 aperte
797 5471 945 5542 enim
973 5471 1309 5542 Anastasius,
1341 5472 1439 5526 loc.
1479 5473 1568 5526 cit.
1605 5471 2132 5542 testaturTbeopbi-

567 5537 677 5593 lum
701 5556 881 5612 unum
925 5541 1091 5595 fuisse
1118 5555 1183 5595 ex
1215 5540 1300 5604 iis,
1334 5543 1425 5611 qui
1461 5557 1559 5596 sua
1587 5542 1785 5612 scripta
1812 5541 1877 5595 de
1903 5558 1991 5596 sea.
2011 5537 2131 5595 'Dei

566 5610 806 5677 operibus
833 5613 901 5666 ad
928 5612 1161 5684 litteram
1193 5610 1579 5684 exposuerunt,
1621 5610 1961 5684 ut'Origcnis
1987 5613 2132 5668 labo-

567 5693 682 5733 rem
710 5697 902 5735 vanum
929 5682 1095 5737 fuisse
1124 5682 1495 5737 ostenderent.

634 5747 974 5818 Heliodorus,
1003 5753 1284 5824 presbyter
1303 5751 1674 5821 Pictaviensis,
1696 5752 1787 5825 qui
1814 5752 2006 5810 claruit
2034 5768 2131 5809 an-

2231 4560 2629 4630 antiquioribus
2656 4564 2827 4617 sancti
2861 4562 3103 4617 Anselmi
3134 4561 3464 4616 editionibus
3491 4570 3710 4614 exstant
3746 4562 3811 4615 li-

2231 4630 2312 4703 bri
2344 4631 2450 4703 duo
2477 4632 2539 4686 de
2561 4633 2800 4703 imagine
2844 4634 3046 4693 mundi,
3076 4632 3310 4703 ad_quos
3338 4632 3645 4703 respexisse
3690 4631 3811 4703 'l‘ri-

2234 4701 2494 4755 themium
2550 4700 2709 4756 facile
2740 4712 2822 4756 est
2860 4705 3098 4757 credere.
3137 4700 3405 4757 Caeterum
3438 4702 3601 4754 hosce
3637 4701 3806 4756 etiam

2232 4770 2397 4825 libros
2429 4770 2502 4824 De
2532 4772 2760 4839 imaqine
2789 4774 2968 4826 mundi
2989 4789 3017 4826 a
3043 4788 3137 4826 sua
3166 4771 3401 4825 editione
3427 4786 3652 4839 operum
3677 4788 3809 4825 san-

2232 4842 2305 4894 cti
2355 4841 2594 4894 Anselmi
2632 4843 2861 4896 exclusit
2908 4842 2968 4896 P.
3020 4841 3082 4895 Ι).
3135 4840 3351 4896 Gabriel
3403 4840 3803 4907 Gerberonius,

2232 4912 2374 4980 quod
2408 4911 2565 4980 cujus
2592 4911 2721 4973 sint,
2753 4914 2880 4967 satis
2907 4928 3015 4966 non
3051 4921 3264 4966 constet
3294 4928 3306 4963 :
3338 4910 3562 4963 utenim
3598 4910 3724 4980 ipse“
3746 4913 3805 4966 in

2232 4981 2504 5051 principio
2534 4990 2664 5035 tom.
2696 4982 2737 5047 l,
2768 4983 3145 5037 animadvertit
3174 4998 3236 5035 ex
3265 4981 3431 5035 titulis
3458 4980 3801 5051 diversorum

2232 5049 2513 5117 codicum,
2548 5052 2711 5107 variis
2744 5053 3055 5106 auctoribus
3094 5051 3423 5106 tribuuntur.
3472 5049 3530 5105 P.
3584 5051 3803 5106 Ecbard

2232 5130 2365 5175 tom.
2392 5122 2433 5189 Ι,
2480 5138 2602 5192 pag.
2651 5122 2756 5177 239.
2802 5122 2880 5176 De
2928 5121 3121 5191 Script.
3175 5120 3303 5176 0rd.
3351 5120 3644 5192 Praedicat.
3697 5122 3805 5177 hoc

2232 5207 2400 5246 unum
2433 5190 2501 5247 ei
2545 5190 2755 5248 duabus
2801 5200 2963 5248 antea
3015 5190 3234 5247 ineditis
3279 5190 3523 5261 epistolis
3573 5192 3803 5259 evincit,

2230 5272 2507 5334 auctorem
2547 5276 2679 5334 esse
2726 5263 3012 5334 quemdam
3067 5262 3361 5334 Honorium
3419 5261 3751 5334 appellatum
3782 5304 3800 5327 ,

2231 5334 2346 5405 sive
2381 5333 2487 5405 ille
2514 5333 2584 5387 sit
2610 5331 2910 5405 monachus
2938 5334 3254 5405 Anglus,_ut
3277 5331 3462 5405 placet
3480 5331 3803 5405 _Tbeopbilo

2230 5402 2546 5527 gayglimdo,
2577 5404 2691 5460 sive
2721 5400 3239 5477 Augustodunensis,
3280 5400 3340 5456 ut
3365 5400 3801 5459 Labbteus‘cou-

2289 5488 2320 5526 n
2365 5489 2378 5525 ι
2410 5511 2427 5526 .

2231 5481 2427 5527 tendit.

2300 5543 2616 5612 Arnulphus
2649 5543 2850 5611 Gallus,
2876 5544 3178 5599 monachus
3206 5543 3623 5607 Bellovacensis,
3660 5541 3802 5597 Lano

2230 5613 2409 5686 [rauci
2435 5613 2782 5686 discipulus,
2828 5616 3127 5686 episcopus
3165 5615 3453 5676 Roﬂensis,
3512 5615 3605 5680 qui
3649 5614 3799 5686 obiit

2229 5699 2362 5738 ann.
2393 5684 2545 5747 1124,
2601 5685 2815 5755 scripsit
2864 5684 2941 5738 De
2968 5684 3203 5755 operibus
3248 5701 3339 5738 sea:
3381 5687 3585 5738 dierum
3616 5684 3797 5755 libros

2230 5756 2381 5827 duos,
2414 5763 2549 5812 teste
2583 5754 2656 5811 Le
2686 5753 2909 5828 Longio,
2950 5753 3082 5813 tem.
3120 5756 3183 5823 ll,
3216 5770 3337 5828 pag.
3379 5755 3501 5824 616,
3534 5754 3629 5826 qui
3658 5753 3795 5811 Pos-
