4126 6282
615 282 749 377 1.395

1924 311 2243 374 GEORGII
2298 313 2570 376 PISIDAE

3728 314 3867 380 ῙῙΞΒ

610 422 820 495 amicus
857 420 995 489 fuit;
1045 421 1263 495 scripsit
1302 420 1500 477 librum
1550 421 1631 495 {te
1671 431 1865 495 natura
1917 422 2179 495 hominis:
2207 426 2252 482 Α
2283 432 2371 479 tus
2403 426 2543 478 idem
2574 424 2825 487 Carmen.
2862 424 2939 495 de
2964 439 3073 495 quo
3097 424 3391 495 loquimur.
3426 425 3601 481 edidit
3634 428 3706 481 ad
3738 431 3865 484 eal-

608 494 701 564 qui
742 502 865 564 post
896 496 1076 549 varias
1112 492 1379 564 editiones
1431 492 1633 562 prodiit
1671 494 1867 564 iterum
1917 492 1971 546 in
2006 494 2181 564 lucem

610 561 961 689 zzqqgnituss.
1017 572 1073 619 et
1126 565 1274 619 notis
1324 561 1628 619 illustratus
1678 563 1771 617 Gr.
1822 561 1940 616 Lat.
1993 563 2182 619 Oxonii

766 676 781 689 .
815 653 871 689 ιη
951 677 964 689 .

609 636 781 697 1671,
815 637 871 689 in
910 636 964 689 8.

681 706 913 760 Sanctus
952 706 1221 767 Joannes.
1274 704 1343 761 ob
1393 704 1585 759 miram
1615 720 1720 773 qua
1768 704 2029 774 pollebat.
2068 704 2182 759 elo-

606 778 885 845 quentiam
939 777 1337 846 Chrysostomas
1387 776 1719 845 appellatus,
1776 776 2077 846 Antiochiae
2115 776 2179 830 ad

608 848 867 901 tirontem
907 845 1133 901 fluvium
1180 855 1372 911 natus,
1405 856 1460 900 et
1512 845 2059 915 Constantinopoleos
2095 862 2183 898 ar-

608 918 992 987 chiepiscopus
1042 926 1231 988 postea
1282 918 1474 980 factus,
1522 916 1613 985 qui
1672 915 1810 970 ohiit
1863 931 2008 971 anno
2055 916 2179 988 407,

607 988 823 1057 scripsit
858 990 911 1041 in
942 987 1179 1044 Gen’esim
1234 988 1476 1041 Itomilias
1527 1000 1695 1050 cxvii,
1731 1002 1959 1057 quarum
1995 987 2180 1056 prima:

608 1072 684 1111 xit
714 1060 777 1112 de
815 1075 965 1127 opere
994 1074 1084 1112 sea:
1121 1059 1323 1112 dierum
1356 1067 1539 1129 agunt.
1588 1058 1813 1111 Exstant
1842 1056 1894 1111 in
1940 1067 2087 1112 tonio
2118 1073 2178 1112 ιιι

605 1129 862 1183 editionis
897 1129 1175 1183 Manrinze.

679 1200 946 1271 Anonymi
984 1199 1244 1271 auctoris,
1274 1196 1364 1268 qui
1393 1206 1591 1271 tamen
1637 1197 1784 1271 circa
1832 1196 2180 1271 initiutnsaa-

604 1271 711 1325 culi
752 1288 782 1323 v
836 1266 1049 1324 videtur
1072 1266 1350 1332 claruisse,
1379 1266 1603 1323 Carmen
1626 1269 1891 1322 heroicum
1918 1270 1981 1323 de
2006 1270 2182 1322 divina

603 1342 964 1405 Providentia,
996 1342 1182 1395 eadem
1215 1338 1328 1393 fere
1366 1339 1642 1401 methodo,
1676 1354 1781 1408 qua
1826 1354 1955 1391 usus
1977 1350 2059 1393 est
2092 1339 2184 1392 Pi-

602 1414 739 1472 sida.
774 1412 885 1480 agit
914 1412 980 1466 de
1028 1410 1309 1465 creatione
1356 1408 1569 1475 mundi,
1600 1408 1668 1464 de
1714 1409 2081 1472 Providentia,
2113 1410 2182 1465 de

602 1483 1013 1539 incarnatione.
1066 1491 1172 1535 etc.
1238 1480 1351 1534 Hoc
1408 1495 1547 1549 opus
1595 1480 1865 1549 quondam
1918 1480 2019 1533 fuit
2060 1480 2181 1534 affi-

601 1564 747 1607 ctum
776 1562 963 1607 sancto
991 1552 1255 1621 Prospero
1286 1551 1587 1620 Aquitano;
1620 1551 1713 1605 sed
1768 1559 1976 1604 tantum
2007 1551 2180 1612 abest.

602 1624 759 1677 utsit
785 1624 928 1677 illius
975 1622 1303 1676 sanctissimi
1353 1621 1488 1681 viri.
1519 1622 1610 1691 qui
1668 1622 1837 1675 sancti
1894 1621 2181 1691 Augustini

600 1709 820 1755 nomen,
854 1705 908 1748 et
943 1692 1241 1747 doctrinam
1298 1692 1618 1746 tutissimam
1661 1692 1729 1746 de
1757 1691 1926 1762 gratia
1958 1703 2181 1747 strenue

625 1764 967 1834 impugnavit
1014 1764 1274 1817 adversus
1330 1762 1674 1834 Pelagianos,
1708 1773 1766 1816 ut
1814 1762 1992 1832 potius
2017 1779 2047 1816 a
2076 1762 2179 1817 Pe-
2210 1778 2252 1831 Β

625 1782 967 1834 impugnavit
1014 1782 1274 1817 auversus
1330 1782 1674 1833 t'elaglanos,
1708 1782 1766 1816 ιιι
1814 1782 1992 1832 pouus
2017 1782 2047 1816 ει
2076 1782 2173 1817 re-

599 1782 811 1901 lagiano
835 1834 1069 1904 quodam
1101 1836 1459 1903 compositum
1491 1833 1802 1904 existiment
1828 1849 2018 1904 omnes
2046 1849 2173 1888 eru-

598 1906 716 1960 diti.
775 1903 961 1959 Exstat
1016 1904 1067 1958 in
1102 1904 1340 1957 editione
1366 1919 1592 1973 operum
1638 1903 1809 1959 sancti
1858 1903 2108 1974 Prosperi
2155 1946 2172 1973 ,

598 1976 824 2031 Parisiis
852 1976 1014 2036 1711,
1047 1976 1101 2046 in
1128 1975 1220 2046 fol.

674 2046 1025 2111 Severianus,
1053 2043 1377 2101 Ga'halorum
1410 2044 1464 2098 in
1486 2043 1636 2116 Syria
1668 2043 1977 2115 episcopus,
2002 2044 2173 2099 sancti

591 2114 821 2171 Joannis
848 2116 1217 2187 Chrysostomi
1250 2115 1484 2187 primum
1517 2114 1756 2187 amicus,
1788 2131 1911 2169 mox
1946 2116 2176 2187 :emulns

591 2198 757 2257 atque
790 2185 1260 2249 etiaminimicus.
1296 2185 1389 2255 qui
1421 2186 1604 2240 ﬂoruit
1634 2187 1778 2241 circa
1812 2201 2017 2257 annum
2048 2186 2172 2251 401,
2224 2207 2228 2210 ’

594 2256 822 2328 scripsit
850 2258 929 2321 ei;
958 2260 1344 2326 κοσμοποιῒαν,
1397 2258 1461 2310 de
1511 2257 1773 2310 creatione
1820 2256 2000 2328 mundi
2052 2272 2177 2309 ora-

593 2327 757 2383 tiones
788 2345 899 2382 seat.
952 2328 1057 2383 Eas
1093 2343 1215 2382 esse
1262 2328 1547 2397 decerptas
1599 2344 1662 2381 ea:
1689 2344 1797 2391 xiv,
1838 2328 1893 2397 in
1940 2327 2176 2382 Genesim

591 2400 965 2465 concionibus,
1018 2414 1153 2466 quas
1206 2396 1439 2452 Alexius’
1472 2397 1827 2452 Brassicanus
1864 2396 2085 2464 Prwfat.
2122 2398 2179 2450 in

589 2468 931 2533 Salvianum,
978 2469 1153 2531 1550,
1208 2477 1437 2523 testatus
1468 2476 1551 2523 est
1606 2477 1822 2522 exstare
1872 2468 1927 2521 in
1978 2467 2177 2521 Biblio-

599 2541 760 2595 theca
800 2538 1208 2595 Vindobonensi
1249 2540 1393 2592 inter
1421 2539 1521 2592 alia
1569 2537 1847 2592 Severiani
1876 2554 2062 2607 Opera,
2093 2553 2179 2592 re-

593 2622 684 2663 cte
767 2610 951 2665 forsan
1009 2611 1245 2680 conjecit
1298 2609 1622 2664 Guillelmus
1665 2611 1850 2680 Cave,
1904 2610 1998 2663 sed
2069 2609 2173 2663 illa:

588 2680 809 2749 quidem
871 2697 961 2736 xiv
1042 2682 1333 2736 conciones
1404 2694 1506 2734 nec
1571 2696 1600 2734 a
1684 2679 2007 2744 Lambecio,
2076 2696 2179 2735 nec

590 2767 621 2804 a
661 2751 867 2806 Neissel
899 2760 1294 2806 memorantur.
1347 2749 1637 2804 Orationes
1691 2760 1871 2805 autem
1925 2751 1992 2804 de
2026 2766 2178 2805 crea-

590 2823 738 2875 tione
793 2822 979 2877 mnndi
1053 2823 1307 2891 leguntur
1351 2822 1492 2876 inter
1559 2836 1722 2889 opera
1786 2822 1956 2874 sancti
2015 2820 2180 2877 Joan-

585 2891 677 2963 nis
696 2893 1060 2963 Chrysostomi
1086 2901 1193 2947 tom
1233 2910 1319 2957 vi,
1356 2906 1476 2962 pag.
1499 2891 1602 2963 450
1618 2891 1870 2946 editionis
1901 2891 2175 2948 Maurinaa.

658 2962 889 3017 Sanctus
938 2964 1273 3034 Augustinus
1329 2963 1493 3025 Afer,
1548 2962 1790 3033 Tagastae
1843 2972 2025 3027 natus,
2064 2964 2178 3034 cpi—

590 3049 795 3102 scopus
827 3034 1213 3105 Hipponensis,
1258 3034 1349 3104 qui
1403 3034 1537 3105 obiit
1589 3048 1734 3087 anno
1767 3033 1907 3097 4⁸50,
1955 3034 2179 3104 scripsit

2285 511 2661 568 cein_0per_u_m
2706 494 2878 568 sancti
2906 493 3118 568 Leonis
3168 493 3299 568 tom.
3332 514 3384 558 ι.
3430 512 3551 568 pag.
3584 498 3679 552 77l
3712 540 3727 559 .
3760 503 3868 555 sub

2283 566 2504 622 nomine
2560 564 2744 619 Hilarii
2775 565 3150 636 Arelatensis.
3209 567 3410 621 Verum
3431 564 3642 636 'neque
3672 570 3868 624 Arelao

2284 636 2457 697 tensi,
2521 651 2699 705 neque
2766 635 3093 690 Pictaviensi
3156 639 3453 692 convenire
3507 635 3865 694 observatum

2282 716 2367 761 est
2420 722 2449 760 a
2483 705 2583 759 PP.
2642 706 3013 761 Benedictinis
3058 707 3111 760 in
3166 706 3309 761 llist.
3370 709 3500 763 Litt.
3537 708 3864 775 Gallorum,

2285 788 2416 834 tum.
2450 794 2517 841 ιι,
2554 791 2677 847 pag.
2716 776 2841 830 272.

2356 869 2600 943 Alcimus
2629 868 2881 923 Ecdicius
2914 867 3127 943 Avitus.
3155 868 3360 943 Gallus,
3410 872 3869 943 archiepiscopus

2284 940 2647 1004 Viennensis,
2700 949 2857 1007 poeta
2903 954 3011 1011 non
3068 941 3364 1011 inelegans.
3393 944 3483 1011 qui
3530 944 3667 997 obiit
3718 940 3869 997 anno

2286 1012 2410 1071 5'25.
2446 1011 2665 1079 scripsit
2694 1012 2747 1063 in
2777 1011 2881 1063 tria
2911 1010 3092 1076 priora
3132 1010 3307 1080 capita
3350 1010 3607 1068 Geneseos
3645 1014 3713 1066 de
3757 1014 3864 1067 ini-

2286 1084 2357 1136 tio
2386 1082 2586 1140 mundi.
2621 1090 2667 1133 et
2711 1081 2997 1149 primorum
3046 1092 3319 1149 parentum
3367 1084 3626 1137 creatione
3667 1084 3865 1137 librum

2285 1169 2469 1213 unum.
2506 1152 2597 1220 qui
2627 1151 2835 1223 primus
2881 1160 2964 1203 est
3003 1167 3067 1205 ex
3089 1153 3350 1221 quinque.
3407 1154 3607 1223 quibus
3669 1165 3868 1210 consat

2285 1239 2476 1293 poema
2506 1226 2568 1276 de
2614 1222 2816 1293 origine
2866 1223 3048 1293 mundi
3094 1222 3435 1291 inscriptum.
3488 1223 3689 1293 Opera,
3741 1241 3867 1293 qua:

2283 1291 2498 1348 exstant
2527 1291 2707 1353 Aviti,
2739 1292 2849 1360 jam
2882 1291 3113 1360 primum
3143 1294 3391 1361 prodiere
3423 1291 3551 1348 cura
3599 1295 3717 1349 Jac.
3750 1291 3865 1349 Sir-

2284 1362 2487 1418 mondi.
2520 1362 2912 1434 Ρςιιῆδὶἰυϐᾇδ
2936 1363 3346 1434 ,ηειγιιιὼεηιιιι-
3378 1365 3430 1417 in
3462 1375 3595 1419 tom.
3632 1382 3693 1425 ιι.
3726 1381 3863 1434 ope-

2284 1449 2402 1487 rum
2435 1433 2677 1504 ejusdem
2724 1432 3017 1504 Sirmondi.
3053 1433 3198 1487 lnter
3223 1434 3673 1504 deperditavero
3718 1432 3863 1490 Cave

2284 1512 2531 1574 recenset
2582 1502 2939 1574 Ilomiliarttm
2974 1503 3164 1557 librant
3196 1502 3356 1557 anu-nt
3390 1508 3452 1558 de
3481 1508 3664 1559 mundi
3702 1508 3861 1574 prin-

2284 1575 2438 1642 cipio.
2473 1573 2623 1642 Hanc
2651 1573 2899 1627 notitiam
2920 1573 3093 1642 ipsum
3126 1575 3266 1629 male
3306 1575 3550 1629 hausisse
3580 1593 3645 1629 ex
3669 1573 3869 1631 sancto

2285 1641 2547 1715 Gregorio
2571 1641 2909 1715 Turonensi.
2931 1641 3065 1697 Hist.
3105 1644 3215 1715 lib.
3250 1662 3324 1709 ιι,
3376 1660 3494 1715 cap.
3533 1647 3639 1712 51,
3667 1658 3865 1701 osten-

2284 1713 2420 1769 dunt
2451 1713 2557 1767 PP.
2588 1713 2866 1768 Benedicti
2900 1713 2953 1767 in
2997 1716 3140 1768 Hist.
3197 1714 3322 1770 Litt.
3363 1713 3675 1778 Gallorum.
3719 1726 3859 1771 tom.

2282 1785 2387 1851 ΙΙΙ,
2420 1801 2562 1857 pag.
2630 1784 2766 1850 152,
2816 1785 3077 1857 Homilies
3129 1785 3275 1840 enim
3324 1787 3452 1856 quid
3501 1789 3861 1857 sejunctum,

2275 1872 2339 1928 ac
2371 1856 2629 1928 divisum
2691 1870 2811 1909 esse
2873 1855 3145 1911 affirmant
3202 1873 3235 1910 a
3290 1866 3523 1911 tractatu
3561 1855 3654 1912 ‘de
3706 1861 3863 1928 prino

2275 1927 2411 1996 cipio
2450 1926 2651 1980 mundi.

2350 2020 2733 2082 Theodoritus,
2768 2020 2987 2076 natione
3012 2019 3212 2092 Syrus,
3246 2019 3408 2075 domo
3437 2020 3815 2092 Antiochenus
3843 2063 3860 2085 ,

2276 2107 2339 2146 ac
2399 2092 2521 2162 Cyri
2567 2092 2898 2162 episcopus,
2930 2091 3022 2161 qui
3058 2091 3238 2162 'obiit,
3268 2107 3412 2146 anno
3458 2091 3586 2152 557.
3637 2092 3862 2161 scripsit

2289 2161 2616 2245 Ἑλληνικῶν
2683 2162 3085 2244 θεραπευτικὴιε
3142 2161 3481 2245 amentiorem:
3549 2162 3863 2245 Grati-artius

2277 2232 2609 2303 affectionum
2662 2233 3020 2298 curationem,
3074 2232 3127 2285 in
3196 2249 3269 2287 xu
3310 2233 3603 2286 Sermones
3657 2233 3862 2287 distin-

2278 2316 2451 2363 ctam.
2488 2319 2719 2373 quarunt
2772 2304 3041 2357 secundus
3078 2302 3187 2374 agit
3236 2305 3299 2356 de
3351 2303 3645 2373 principio.
3684 2321 3747 2358 ιιι
3787 2304 3860 2359 de

2278 2375 2531 2445 Angelis,
2595 2391 2644 2428 iv
2702 2374 2769 2428 de
2826 2374 3087 2436 materia,
3148 2383 3219 2445 et,
3253 2375 3499 2445 mundo,
3554 2390 3584 2427 v
3643 2374 3713 2427 de
3762 2391 3863 2430 na—

2281 2454 2398 2499 tura
2464 2444 2741 2504 hominis,
2791 2460 2844 2498 vt
2906 2446 2972 2499 de
3035 2444 3370 2514 providentia
3436 2444 3551 2498 Dei.
3627 2444 3864 2500 Exstant

2278 2516 2423 2639 {aliter
2455 2517 2774 2639 ejns‘gpera
2814 2514 2958 2570 edita
2992 2532 3023 2569 a
3076 2515 3404 2581 Sirmondo,
3443 2514 3671 2569 Parisiis
3720 2526 3860 2570 tom.

2354 2628 2368 2639 .
2412 2603 2531 2639 nasz.
2676 2627 2690 2639 .

2354 2628 2368 2652 ,
2412 2603 2531 2657 pag.
2566 2588 2690 2641 461.

2350 2680 2575 2735 Cosmas
2616 2677 2896 2750 Aagyptius
2921 2676 3374 2750 Alexandrinus,
3414 2678 3651 2750 primum
3708 2692 3861 2733 mer-

2283 2760 2455 2814 cator,
2487 2748 3056 2819 postea’monachus,
3086 2749 3155 2802 ob
3195 2760 3504 2819 peragratas
3535 2749 3750 2803 Indicas
3772 2766 3861 2804 re-

2281 2822 2465 2893 giones
2485 2820 3073 2893 Indicoplettstcsdict‘us
3087 2860 3100 2881 .
3121 2822 3212 2889 qui
3235 2835 3379 2893 anno
3398 2820 3615 2893 circiter
3641 2820 3746 2874 555
3763 2820 3864 2875 llo-

2281 2889 2411 2958 f'nit,
2447 2892 2662 2973 scripsit
2675 2889 3467 2973 Χριπιανιιεῂγεοῖιογραφίαν,
3493 2890 3859 2973 ρΙιι-ἱξιίιέῃαιη

2283 2961 2911 3034 ιοροθναρΙιίαηιίιιιιθιη
2935 2962 3104 3015 edidit
3127 2961 3473 3034 doctissimus
3505 2961 3566 3015 P.
3596 2962 3667 3034 de
3698 2962 3859 3016 Μου-

2282 3031 2532 3088 tefaucon
2601 3035 2655 3088 in
2702 3032 2914 3103 Collect.
2948 3049 3075 3085 nova
3122 3031 3379 3098 Patrum,
3410 3042 3551 3103 tom.
3606 3033 3687 3095 11,
3734 3050 3855 3103 pag.

584 3104 651 3159 de
682 3100 865 3180 Genesi
898 3100 1081 3180 contra
1131 3100 1446 3180 Maniclneos
1478 3104 1633 3158 libros
1681 3104 1936 3180 duosKet
1979 3105 2041 3157 de
2070 3100 2172 3180 (.‘e-
2199 3122 2241 3180 (ς
2283 3105 2403 3180 1⁸15.
2461 3104 2709 3180 Cosmam
2789 3102 3097 3180 Egyptium
3177 3103 3319 3156 inter
3377 3100 3859 3180 __S_c_riptores'_‘lle

585 3177 711 3247 nesi
742 3179 830 3247 ad
868 3177 1132 3247 ilitteram
1196 3176 1420 3247 librum,
1458 3190 1619 3245 quem
1673 3175 2036 3247 imperfectum
2084 3176 2169 3229 iti-

586 3244 754 3300 si-rihi
793 3246 997 3311 voluit,
1045 3256 1101 3300 et
1143 3247 1206 3301 de
1251 3246 1439 3301 Genesi
1479 3244 1558 3300 ad
1608 3244 1852 3299 litteram"
1881 3246 2035 3299 libros
2067 3264 2166 3301 xu.

584 3319 719 3381 Qum
748 3333 903 3371 mens
948 3318 1293 3372 sanctissimo
1321 3358 1336 3380 ,
1387 3317 1812 3386 doctissimoque
1858 3319 1975 3370 viro
2007 3318 2172 3372 fuerit

584 3387 640 3441 in
690 3388 840 3442 hisce
890 3388 1043 3443 libris
1093 3389 1244 3442 varie
1279 3389 1347 3442 de
1392 3387 1580 3441 eadem
1626 3402 1684 3441 re
1735 3387 2166 3454 conscribendis,

585 3457 702 3528 ipse
738 3468 995 3513 testatum
1039 3459 1259 3528 reliquit
1303 3459 1359 3512 in
1409 3459 1503 3512 lib.
1561 3475 1597 3511 ι.
1639 3457 1869 3512 Retract.
1912 3473 2032 3528 cap.
2081 3460 2168 3526 18,

586 3538 646 3584 et
683 3529 785 3582 lib.
818 3546 897 3599 in.
933 3545 1052 3599 cap.
1090 3529 1179 3583 24.
1229 3531 1458 3584 Exstant
1509 3538 1692 3599 autem
1723 3544 1915 3583 omnes
1942 3529 1994 3581 in
2029 3545 2168 3597 prae-

585 3598 920 3671 stantissima
953 3597 1194 3654 editione
1222 3599 1519 3654 Parisiensi
1572 3597 1674 3654 PP.
1721 3600 2170 3671 Congregationis

587 3668 646 3723 S.
685 3668 852 3722 Mauri
890 3679 1021 3723 tom.
1058 3670 1110 3735 Ι,
1152 3679 1210 3724 et.
1241 3687 1322 3724 ιιι.

661 3738 979 3794 Eustathius
1033 3741 1287 3810 superius
1342 3749 1672 3795 memoratus
1710 3741 1765 3795 in
1810 3740 2037 3801 Basilio,
2074 3742 2167 3812 qui

583 3810 849 3865 diaconus
881 3812 1156 3865 invenitur
1204 3812 1382 3867 dictus
1434 3811 1489 3865 in
1538 3812 1669 3865 Cod.
1703 3812 2023 3867 Colbertino
2046 3852 2061 3876 ,
2093 3810 2169 3869 ἰιι

584 3881 783 3936 asserit
848 3881 1198 3940 doctissimus
1253 3882 1500 3937 Julianus
1561 3882 1786 3937 Garnier
1840 3883 1891 3935 in
1940 3892 2070 3937 tom.
2125 3886 2163 3938 Ι.

584 3952 823 4023 Operum
857 3952 1027 4007 sancti
1077 3952 1256 4006 Basilii
1302 3969 1424 4023 pag.
1462 3953 1596 4017 651,
1630 3954 1824 4008 claruit
1873 3953 2014 4007 circa
2069 3970 2168 4008 an-

584 4038 715 4077 num
739 4021 863 4087 440,
896 4023 1102 4092 fuitque
1130 4021 1538 4093 poetae—sedulii
1568 4025 1810 4093 aequalis.
1842 4023 2167 4091 Exstatejus

582 4093 762 4148 versio
789 4110 820 4148 e
849 4093 1110 4148 Grmcoin
1153 4094 1402 4149 Latinum
1451 4111 1502 4148 ix
1560 4093 1887 4157 Sermonnm,
1942 4095 2021 4148 vel
2060 4096 2167 4150 Ηο-

582 4164 855 4218 miliarum
883 4166 1051 4236 sancti
1078 4164 1265 4219 Basilii
1290 4167 1347 4219 in
1374 4167 1687 4236 principium
1721 4165 2018 4219 Geneseosa
2041 4166 2168 4220 Cas-

583 4236 801 4290 siodoro
830 4250 950 4304 cap.
983 4252 998 4289 ι
1028 4235 1103 4288 De
1140 4237 1326 4289 divinis
1350 4236 1649 4291 lectionibus
1677 4236 1901 4291 multum
1950 4236 2164 4291 laudata

582 4306 686 4359 sub
714 4306 1002 4370 hoclitulo,
1026 4304 1289 4360 Eustathii
1306 4308 1359 4360 in
1389 4310 1751 4361 Hexaemeron
1773 4307 1942 4360 sancti
1976 4306 2163 4361 Basilii

583 4376 753 4431 latina
789 4376 1138 4442 metaphrasis
1166 4392 1185 4430 :
1216 4387 1275 4431 ut
1299 4377 1482 4432 videre
1514 4386 1599 4431 est
1624 4378 1689 4432 ad
1747 4377 1949 4432 calcem
1984 4386 2113 4433 tom.
2146 4396 2162 4433 ι

581 4460 808 4516 operum
836 4447 1008 4501 sancti
1035 4447 1211 4501 Basilii
1245 4448 1500 4501 editionis
1528 4448 1805 4503 Maurinae.

2274 3175 2601 3229 Ilexoemero
2639 3176 2763 3245 jure
2810 3177 3229 3228 adnumeramus
3269 3191 3281 3227 :
3336 3174 3473 3245 nihil
3496 3177 3659 3245 enim
3708 3174 3858 3229 aliud

2273 3257 2356 3300 cst
2393 3244 2691 3301 Christiana
2724 3245 3066 3315 topographia
3091 3285 3105 3309 ,
3131 3260 3292 3315 quam
3320 3244 3679 3315 disertissima
3700 3262 3856 3314 quaa-

2270 3316 2718 3441 il‘amlcreationis
2751 3314 3039 3387 explicatio
3060 3355 3076 3379 ,
3110 3325 3164 3369 et
3195 3314 3359 3369 Mosis
3410 3324 3600 3368 contra
3649 3314 3859 3372 Gentes

2323 3404 2387 3441 no
2412 3404 2549 3441 oena.

2322 3387 2549 3457 pologia.

2343 3405 2442 3440 DOIO
2481 3405 2549 3441 l8.

2343 3405 2654 3523 Zaciiarias,
2688 3456 3025 3527 professione
3049 3455 3441 3521 scholasticus,
3474 3456 3583 3511 sive
3641 3457 3853 3523 rhetor,

2271 3528 2647 3584 Metilenensis
2694 3527 3062 3597 metrOpolita,
3100 3528 3191 3596 qui
3231 3527 3426 3581 claruit
3468 3528 3611 3581 circa
3644 3545 3851 3582 annum

2272 3599 2376 3655 540
2397 3639 2410 3663 ,
2447 3600 2666 3670 scripsit
2696 3598 2974 3670 Dialogum
3002 3608 3183 3670 contra
3217 3598 3481 3651 Ammonii
3512 3599 3850 3670 discipulum,

2270 3672 2360 3740 qui
2394 3671 2534 3725 male
2560 3667 2688 3724 cum
2721 3667 3012 3723 Aristotele
3064 3667 3345 3723 Platonem
3376 3669 3677 3740 conciliare
3732 3679 3852 3723 stu-

2271 3738 2407 3796 dens
2438 3742 2624 3797 mundi
2657 3740 3019 3795 :eteruitatem
3050 3740 3349 3795 asserebat.
3376 3738 3473 3793 llic
3502 3740 3643 3793 liber
3671 3742 3852 3793 editus

2268 3812 2371 3866 fuit
2398 3813 2491 3866 Gr.
2535 3812 2650 3865 Lat.
2685 3810 2876 3877 Lipaia:
2922 3810 3089 3875 1654;
3135 3818 3189 3864 et
3219 3825 3341 3864 cum
3396 3808 3638 3880 Origenis
3670 3809 3853 3864 Philo-

2269 3882 2446 3949 calia,
2482 3882 2703 3936 Parisiis
2732 3882 2905 3945 1619,
2940 3882 3001 3953 in,
3412 3952 3417 3953 ν
3494 3951 3501 3953 ξ
3614 3951 3624 3953 Α
3740 3952 3743 3953 ν
3819 3943 3827 3953 ,

2336 3953 2575 4008 Junilius
2608 3953 2894 4023 episcopus
2918 3995 2932 4018 ,
2979 3950 3299 4023 Africanus,
3333 3952 3425 4022 qui
3460 3951 3653 4005 claruit
3704 3950 3847 4006 circa

2268 4040 2470 4079 annum
2504 4023 2607 4079 550
2628 4022 2653 4088 ,⁷
2674 4023 2956 4090 scripsisse
2996 4022 3273 4076 ferebatur
3303 4024 3357 4075 in
3405 4023 3508 4075 tria
3543 4026 3726 4090 priora
3754 4040 3851 4077 ca-

2268 4096 2379 4163 pita
2426 4094 2712 4159 Geneseos;
2751 4095 2865 4147 sive
2908 4095 2962 4146 in
3016 4092 3375 4146 Hexaemeron
3408 4092 3847 4156 Commentarios.

2267 4165 2358 4235 qui
2394 4166 2536 4219 inter
2568 4166 2726 4219 Bedae
2755 4180 2917 4234 opera
2943 4207 2956 4228 ,
2998 4165 3154 4233 cujus
3212 4180 3399 4219 revera
3457 4173 3849 4235 sunttrecen-

2267 4234 2475 4290 Seritur.
2529 4235 2857 4289 Prodierunt
2914 4236 3016 4288 sub
3077 4235 3298 4288 nomine
3345 4235 3570 4302 Junilii,
3620 4234 3849 4289 Basilea'

2268 4307 2426 4373 1556,
2466 4307 2522 4359 in
2553 4308 2587 4361 4
2610 4346 2624 4367 ,
2655 4317 2710 4360 et
2742 4305 2889 4359 alibi.
2922 4305 3055 4359 Vide
3083 4305 3221 4359 intra
3253 4305 3414 4359 Beda.

2339 4377 2610 4449 Eugenius
2636 4377 2937 4449 Hispanus._
2950 4376 3214 4449 Ecclesia;
3227 4376 3501 4449 Toletanze
3532 4381 3844 4447 episcopus.

2268 4447 2440 4517 hujus
2459 4448 2696 4503 nominis
2740 4447 3031 4509 secundus,
3066 4447 3155 4517 qui
3192 4447 3417 4501 florebat
3459 4448 3603 4501 circa
3636 4464 3847 4504 annum

660 4517 1010 4575 Dracontius.
1050 4525 1110 4588 ut
1158 4518 1405 4587 pluribus
1456 4519 1650 4587 placet,
1686 4518 1989 4588 Hispanus,
2030 4521 2161 4575 Pre—
2193 4511 2236 4567 Ῑ)
2268 4511 2390 4574 550.
2437 4518 2706 4573 Dracontii
2765 4518 2972 4571 libellos
3030 4511 3096 4570 in'
3139 4516 3511 4573 Hexaemeron
3547 4522 3843 4586 recensuit,

580 4588 765 4670 shyte‘r
791 4599 941 4643 certe
972 4587 1653 4670 Toletauus,_quiclaruit
1690 4587 1834 4643 anno
1857 4589 1981 4670 iiin,
2022 4592 2157 4670 scri-

579 4658 691 4728 psit
716 4658 943 4713 Carmen
993 4658 1255 4712 heroicum
1300 4660 1357 4712 in
1396 4658 1783 4724 Hexaemeron,
1813 4661 1971 4729 cujus
1998 4662 2159 4716 variae

580 4736 711 4799 sunt
743 4729 1035 4792 editiones,
1085 4744 1148 4784 ac
1183 4730 1358 4799 prima
1394 4729 1614 4798 quidem
1657 4729 1975 4786 Parisiensis
2027 4733 2158 4787 anni

582 4798 743 4871 1500.
785 4799 921 4871 Vide
944 4799 1097 4871 infra
1125 4798 1477 4871 ini'AEugeuio.

650 4869 911 4943 Claudius
939 4869 1139 4924 Marius
1170 4869 1374 4943 Victor,
1400 4870 1539 4943 male
1568 4887 1598 4925 a
1628 4871 1816 4926 multis
1845 4888 1946 4943 pro
1975 4870 2158 4927 Victo-

579 4938 705 4995 rino
738 4939 874 4995 Afro
924 4950 1216 5010 acceptus,
1255 4941 1443 5012 rhetor
1474 4938 1863 5006 Massiliensis,
1892 4943 1982 5012 qui
2025 4944 2162 4998 obiit

577 5019 707 5064 ante
739 5027 942 5065 annum
994 5012 1119 5078 450,
1178 5011 1395 5081 scripsit
1449 5012 1605 5067 libros
1655 5022 1757 5066 tres
1812 5011 2156 5080 Carittinum,

577 5080 702 5153 sive?
732 5081 1188 5137 Commentarium
1237 5080 1299 5135 in
1323 5082 1595 5146 Genesim.
1646 5083 1737 5153 qui
1769 5085 1992 5153 seorsim
2031 5096 2161 5139 sunt.

577 5152 728 5218 editi,
764 5162 819 5207 ct
842 5162 1062 5208 exstant
1088 5155 1250 5209 etiam
1291 5155 1344 5207 in
1385 5152 1736 5210 BibliotheCis
1770 5152 2011 5209 Patrum.
2046 5155 2161 5210 Hoc

577 5220 899 5296 Poetnation
934 5224 1034 5293 pia:
1061 5225 1262 5296 mentis
1286 5225 1468 5296 studio
1500 5225 1982 5296 elaboratumtsed
2010 5226 2158 5296 parvi

575 5295 836 5362 ponderis
879 5295 1166 5349 sententiis
1203 5295 1484 5349 suffultam
1515 5296 1807 5351 declaravit
1844 5295 2158 5352 Gennadius

578 5364 657 5417 De
684 5366 866 5433 script.
896 5379 1017 5433 cap.
1060 5366 1147 5419 60.

646 5434 879 5506 Sanctus
922 5434 1177 5506 Hilarius,
1210 5434 1395 5491 Gallus
1420 5477 1435 5501 ,
1471 5437 1761 5506 episcopus
1798 5437 2155 5503 Arelatensis,

577 5504 671 5579 qui
712 5504 893 5579 medio
926 5505 1126 5579 Steculo
1157 5521 1189 5559 v
1221 5504 1694 5579 obiit,_scripsisse
1718 5509 1891 5563 fertur
1929 5509 2157 5563 Carmen

578 5575 844 5649 lieroicntn
873 5577 927 5628 in
959 5575 1633 5649 primaLcap‘itaﬁeneseos.
1665 5577 1917 5633 Omnium
1950 5580 2156 5649 primus

580 5644 1069 5717 SixtusSenensis
1105 5646 1310 5717 Hilario
1344 5644 1661 5703 'Arelatensi
1700 5650 1802 5703 hoc
1831 5644 2153 5717 opusculum

577 5714 841 5777 attribuit,
873 5716 1017 5785 quod
1056 5717 1220 5771 etiam
1255 5715 1456 5772 Hilario
1500 5718 1821 5773 Pictavieusi
1869 5714 1953 5773 est
1985 5720 2156 5774 ascri-

578 5799 750 5861 υιιιιιι.
795 5786 890 5841 Ac.
929 5786 985 5842 Ι).
1026 5787 1371 5855 Qucsnellius
1399 5788 1607 5844 Sixtum
1644 5791 1940 5845 Senenscm
1997 5804 2153 5846 secu-

2264 4592 2432 4653 auxit,
2467 4590 2708 4658 adeoque
2747 4588 3021 4658 expolivit,
3046 4594 3104 4641 ut
3133 4597 3269 4642 teste
3311 4589 3579 4643 Ildefonso
3606 4606 3727 4658 cap.
3756 4593 3842 4657 M,

2263 4660 2547 4731 pulchrius
2570 4661 2645 4731 de
2666 4675 2829 4713 manu
2860 4659 3204 4731 corrigentis,
3234 4674 3396 4731 quam
3425 4662 3493 4731 de
3523 4675 3687 4731 m_anu
3714 4678 3844 4730 pro.

2264 4729 2497 4786 cessisse
2531 4729 2816 4784 videantur
2836 4730 3095 4785 auctoris.
3129 4729 3349 4784 Addidit
3370 4730 3533 4785 etiam
3568 4729 3844 4800 Eugenius

2268 4800 2342 4855 De
2369 4801 2476 4854 diei
2533 4801 2742 4867 septimi
2768 4817 2921 4870 opere
2959 4816 3170 4853 carmen
3202 4800 3487 4863 heroicum,
3520 4803 3667 4869 quod
3710 4802 3842 4855 Dra-

2263 4872 2481 4925 contius
2516 4870 2894 4940 imperfectum
2956 4870 3269 4937 reliquerat,
3311 4872 3626 4939 editumque
3672 4874 3843 4927 estin

2263 4941 2439 4996 lucem
2465 4941 2533 4996 ab
2559 4942 2673 4997 Jac.
2705 4940 3018 5003 Sirmondo,
3057 4941 3286 4995 Parisiis
3309 4941 3466 5004 1619,
3486 4942 3539 4994 in
3572 4944 3625 5006 4,
3652 4951 3708 4996 et
3740 4944 3839 4997 ha-

2264 5012 2424 5137 :tletur
2463 5013 2628 5067 etiam
2658 5013 2802 5067 inter
2856 5012 3106 5083 ejusdem
3160 5010 3435 5066 Sirmondi
3490 5027 3658 5082 opera
3705 5023 3837 5069 tom.

2332 5152 2595 5215 Joannes.
2621 5169 2652 5209 a
2677 5150 3016 5223 Scriptorum
3059 5153 3236 5223 copia,
3276 5162 3333 5207 et
3368 5153 3573 5207 laboris
3604 5167 3839 5211 conten-

2265 5224 2413 5280 tione
2447 5225 2780 5294 Phil0ponus
2801 5223 2997 5287 dictus,
3032 5240 3232 5294 genere
3256 5225 3680 5289 Alexandrinus,
3721 5236 3839 5282 arte

2261 5295 2677 5360 Grammaticus,
2752 5294 2843 5363 qui
2920 5295 3119 5348 sacqu
3175 5312 3230 5349 v1
3309 5294 3523 5349 labente
3597 5296 3835 5352 vivebat.

2263 5368 2481 5438 scripsit
2504 5366 2614 5418 τῶν
2631 5366 2845 5438 -ξίςῄᾃτὴν
2878 5364 3157 5427 Μωῦσέως
3178 5366 3535 5438 κοσμοχονίαν
3583 5368 3841 5438 ἐξηγητιο

2262 5434 2384 5489 κῶκί
2405 5438 2593 5505 λόγους
2624 5434 2689 5499 ζ’,
2712 5436 3221 5505 Commentariorum
3249 5439 3304 5490 in
3331 5434 3624 5491 Hosaicam
3656 5434 3840 5493 mundi

2261 5510 2580 5561 creationem
2608 5508 2765 5559 libros
2802 5504 2923 5567 VII,
2954 5507 3043 5574 qui
3084 5508 3403 5575 prodierunt
3438 5506 3530 5561 Gr.
3557 5508 3678 5561 Lat.
3712 5526 3840 5563 enm

2259 5579 2510 5633 versione
2543 5577 2871 5631 Balthasaris
2903 5578 3165 5638 Cordcrii,
3231 5578 3435 5632 Vienna:
3485 5577 3645 5637 16⁸50.
3703 5580 3755 5633 in
3782 5580 3834 5633 Δ.

2259 5648 2341 5771 De;
2369 5650 2469 5729 hoc
2498 5663 2685 5718 opere,
2741 5648 2968 5718 ejusque
2990 5657 3212 5702 auctore
3242 5649 3395 5718 plura
3417 5648 3649 5703 dicenda
3672 5660 3838 5705 erunt

2260 5735 2312 5771 ιιι
2341 5736 2506 5771 enus.

2260 5735 2506 5773 llllel'lllS.

2331 5789 2598 5864 Georgius
2624 5788 2822 5857 Pisida,
2854 5789 3011 5862 cujus
3038 5804 3201 5861 opera
3242 5790 3510 5845 illustrare
3543 5805 3833 5855 conamur,
