4144 6276
394 266 529 333 1409

1490 270 2040 332 ΗΕΧΑΕΜΕΒΟΝ.
2075 295 2134 310 --
2171 271 2548 335 MONITUM.

3504 279 3639 346 1410

390 389 492 441 hoc
514 382 1115 453 ἀποσπασμάτιονιίεει
1133 383 1263 437 satis
1295 382 1513 453 longutn
1546 383 1963 439 exscribeudum

2072 402 2180 440 non
2216 387 2352 440 bene
2384 387 2564 441 statim
2602 386 2741 439 inter
2770 386 3107 443 Christianos
3135 389 3403 445 audivisse
3432 407 3635 448 nomen

389 456 707 511 nobiS'luit:
739 455 905 508 multa
939 454 1083 507 enim
1132 454 1257 508 inde
1277 454 1393 507 erui
1428 464 1673 521 possunt,
1708 454 1850 507 unde
1872 471 1962 508 ve-

388 528 521 581 ritas
550 526 921 580 confirmetur.
957 525 1185 587 Interea,
1221 533 1279 577 ut
1333 523 1462 576 mihi
1520 524 1677 591 plane
1726 525 1963 590 videtur,

389 606 536 666 patet
564 595 877 666 Iustiniani,
902 602 956 648 et
982 592 1281 666 Theodora:
1328 593 1584 663 Augusta!
1629 595 1965 666 temporibus

386 667 650 721 Joannem
680 665 1041 735 Philoponum
1091 665 1310 729 vixisse,
1336 678 1399 735 ac
1426 673 1538 718 tum
1567 665 1729 718 ctiam
1754 666 1963 735 jamdiu

388 754 453 791 ex
478 737 703 807 ephebis
719 733 1036 807 excessisse,
1052 749 1173 807 cum
1197 733 1553 807 disertissime
1576 733 1964 807 dicatur,quod

389 805 739 863 ecclesiastica
770 806 1061 859 eruditione
1090 805 1372 859 clarescere
1393 806 1643 871 cepisset.
1664 813 1719 860 et
1747 806 1812 860 ad
1838 822 1961 861 eum

386 878 718 931 Athanasius
749 875 1045 931 Theodoraa
1074 878 1329 947 Augusta:
1351 890 1522 947 nepos
1542 874 1765 932 Joannis
1794 876 1963 931 Utris-

388 949 537 1021 [undi
563 948 1073 1021 scriptattanquam
1099 950 1165 999 ad
1194 961 1373 1021 causa
1405 946 1697 1021 Patronum
1730 947 1958 1015 miserit,

389 1015 551 1089 atque
575 1015 978 1089 indejudiciuin
1015 1024 1207 1089 contra
1231 1015 1545 1089 Tritheitas,
1564 1031 1793 1085 quorum
1826 1033 1961 1072 cau-

389 1086 502 1143 sam
533 1086 865 1157 Philopouus
899 1088 1014 1157 ipse
1046 1086 1345 1157 Athanasio
1364 1086 1628 1150 suadente
1653 1096 1858 1142 tutatus
1878 1098 1960 1145 est

387 1161 614 1228 scripto,
664 1155 733 1215 sit
768 1155 1117 1228 enatum._Si
1145 1166 1325 1211 autem
1350 1157 1466 1228 huic
1490 1171 1618 1211 vera
1657 1168 1805 1223 sunt,
1837 1159 1959 1228 quis

386 1226 592 1293 credat,
624 1245 743 1299 qua:
772 1228 897 1283 alibi
925 1228 993 1283 de
1022 1226 1308 1299 Philoponi
1342 1227 1612 1299 colloquio
1642 1244 1765 1283 cum
1793 1226 1958 1284 Amro

390 1297 798 1371 Saracenorum,
846 1299 985 1353 duce
1038 1297 1423 1371 idem’_narrat
1476 1298 1958 1371 Abulpharagius?

386 1370 522 1437 Quis
562 1386 671 1425 non
714 1369 880 1431 videt,
905 1384 1068 1438 quam
1116 1368 1253 1423 male
1293 1369 1411 1423 haec
1456 1368 1956 1438 conveniant'cum

389 1441 618 1498 historia
646 1440 713 1495 de
748 1437 1080 1494 Bibliotheca
1111 1439 1475 1493 Alexandrina
1508 1439 1628 1509 ipso
1654 1437 1956 1509 Philopono

384 1512 715 1567 reclamante
737 1510 1055 1565 combusta?
1078 1510 1207 1564 Esto
1227 1508 1613 1579 Philopouu’m,
1638 1524 1760 1564 cum
1780 1508 1960 1566 Theo-

387 1583 519 1637 dora
560 1583 801 1652 Augusta
846 1580 1083 1652 decessit
1120 1595 1165 1652 eu
1185 1579 1343 1652 vivis,
1384 1595 1530 1633 anno
1573 1580 1780 1652 scilicet
1828 1583 1953 1651 548,

388 1654 605 1723 triginta
635 1649 742 1705 non
772 1649 1200 1723 ampliusannis
1230 1649 1645 1723 fuissenatuin,
1669 1649 1955 1723 ipsumque

387 1720 576 1778 eodem
616 1738 780 1786 anno,
815 1720 923 1791 quo
972 1720 1321 1775 bibliothecae
1358 1720 1736 1791 Alexandrina:
1760 1720 1951 1788 fatum,

387 1795 592 1849 scilicet
616 1792 740 1859 641,
771 1790 1015 1864 contigit,
1045 1791 1268 1864 obiisse,
1294 1791 1417 1861 quis
1444 1790 1548 1845 hoc
1576 1792 1781 1864 credat,
1817 1795 1956 1850 ultra

388 1866 705 1972 vicesimum
762 1861 943 1933 supra'
998 1861 1357 1916 centesimum
1423 1876 1548 1916 eum
1599 1862 1768 1917 vitam
1825 1880 1957 1935 pro-

389 1945 617 1972 Ινσιτιααο

389 1945 647 1991 ῑηιιιεδθϊ

458 2006 650 2059 Nostra
679 2002 840 2074 igitur
863 2000 932 2074 de
954 1999 1236 2072 Philoponi
1264 2003 1372 2059 vita
1401 2003 1673 2061 sententia
1696 2011 1800 2069 est,
1829 2020 1956 2060 eum

388 2076 531 2130 circa
586 2073 770 2129 saeculi
808 2090 840 2127 v
885 2073 1049 2127 linem
1100 2088 1222 2127 esse
1271 2085 1491 2139 natum,
1547 2088 1725 2143 neque
1772 2076 1838 2129 ad
1881 2093 1956 2133 vu

391 2147 603 2200 initium
632 2144 871 2214 potuisse
894 2145 1203 2215 pervenire.
1222 2146 1300 2199 Ac
1326 2147 1499 2215 prima
1528 2146 1748 2214 quidem
1772 2154 1955 2213 astate,

390 2217 445 2270 ui
502 2216 759 2275 fallimur,
816 2214 1240 2284 elegantioribus
1293 2214 1486 2271 litteris
1541 2216 1630 2270 ille
1688 2217 1954 2282 incubuit,

390 2303 560 2357 eaque
591 2284 827 2357 scripsit,
865 2301 985 2357 quc:
1012 2284 1451 2357 Grammaticam,
1497 2294 1553 2343 et
1594 2286 1957 2343 eruditionem

390 2353 669 2427 spectant,
704 2353 1303 2409 'unde’Grammaticus
1357 2366 1440 2410 est
1490 2357 1808 2425 appellatus,
1850 2373 1959 2427 quo

392 2430 612 2483 nomine
641 2442 783 2495 saepe
815 2441 941 2480 eum
972 2436 1146 2489 vocat,
1164 2436 1232 2497 et
1271 2427 1623 2497 reprehendit
1647 2428 1960 2497 Simplicius

395 2498 472 2552 De
490 2500 633 2552 εωιο.
660 2498 798 2552 Tum
824 2511 949 2551 vero
976 2511 1098 2550 cum
1126 2496 1194 2550 ab
1208 2496 1499 2555 Ammonio
1520 2496 1959 2559 llermea,Procli

394 2570 689 2639 discipulo,
744 2565 1482 2639 Peripateticismiamorem
1544 2569 1834 2632 hausisset,
1891 2586 1955 2625 ea

394 2636 575 2694 omnia
605 2640 656 2693 in
689 2636 1058 2710 Aristotelem,
1090 2645 1142 2691 et
1174 2637 1452 2695 Platonem
1487 2640 1770 2709 scripsisse
1801 2650 1960 2710 puta-

397 2727 537 2771 mus,
566 2726 686 2780 quae
716 2708 860 2763 edita
900 2722 1049 2762 nunc
1076 2720 1289 2780 quo_que
1316 2719 1552 2780 exstant,
1583 2708 1812 2780 quaeque
1838 2712 1961 2765 dili-

397 2775 717 2852 gentissime
735 2775 1139 2833 recensentur’a
1161 2775 1406 2852 Fabricio
1428 2779 1566 2835 Bibl.
1595 2775 1686 2852 Cr.
1714 2775 1845 2834 iam.
1866 2781 1957 2848 IX,

435 2867 518 2933 ag.
543 2853 666 2933 36,3.
701 2850 913 2904 Interea
931 2863 1064 2933 cum
1091 2850 1424 2933 utagt‘iaa‘illze
1454 2852 1623 2905 turba:
1649 2850 1961 2933 inVEcclesia

445 2918 497 2977 ei
531 2938 561 2977 a
608 2926 809 2975 Severo
854 2918 1165 2989 patriarcha
1188 2918 1552 2975 'Antiocheno
1584 2921 1829 2976 excitatae
1858 2923 1965 2977 late

400 2996 700 3058 fervere-nt,
742 3005 919 3059 neque
959 2990 1139 3061 minus
1184 2989 1235 3042 in
1273 2993 1493 3045 Oriente
1520 3007 1679 3061 quam
1725 2992 1779 3045 in
1805 2992 1964 3047 Occi-

399 3064 583 3127 dente,
607 3078 715 3133 quo
741 3061 975 3133 Severus
1021 3060 1138 3130 ipse
1175 3061 1461 3133 Antiochia
1492 3060 1699 3133 cj'ectus
1739 3078 1796 3116 se
1830 3078 1964 3117 con-

2073 456 2381 525 Philoponi.
2414 472 2537 510 cum
2574 457 2792 525 ipse-de
2822 458 2983 534 rebus
3013 461 3182 534 sacris
3220 476 3378 530 agere
3399 473 3504 534 _e_st
3536 479 3636 534 ag-

2072 542 2289 599 gressus
2322 543 2335 579 :
2363 542 2425 601 ac
2452 542 2559 601 non
2592 528 3042 601 vanamquidem
3071 530 3235 584 fuisse
3260 528 3630 601 suspicionem

2071 597 2300 669 eventus
2352 597 2677 669 declaravit.
2732 598 2907 669 _Plura
2956 598 3100 653 enim
3148 597 3631 669 postea'Joannes

2070 666 2482 743 Grammaticus.
2522 684 2689 743 quem
2724 667 2957 743 _Pbotius
2979 670 3097 723 cod.
3132 666 3221 735 55,
3267 672 3468 743 μᾶλλον
3521 692 3629 743 μα-

2068 740 2371 813 τα-ιόπονον,
2408 754 2568 807 quam
2616 739 2919 813 φελόειπεονουΣ
2961 750 3220 793 amentem
3262 742 3433 813 potius
3471 739 3631 813 quam

2070 807 2265 862 laboris
2295 818 2561 861 amantem
2589 810 2720 864 velit
2744 810 3035 879 appellare,
3061 826 3090 863 a
3110 812 3403 879 catholicis
3431 807 3633 868 dectri-
3671 852 3685 861 -

2067 879 2154 933 nis
2188 879 2535 932 abhorrentia
2559 895 2723 952 ausus
2747 876 2829 952 est
2854 880 3087 952 eﬂutire.
3108 876 3266 952 Unde
3292 881 3408 947 ejus
3434 882 3629 952 impie-

2070 951 2707 1022 tatemdszepecarpit,_et
2734 950 2956 1022 damnat
2977 951 3115 1022 idem
3139 951 3361 1005 l’botius
3392 950 3595 1007 codﬂl
3612 996 3626 1017 ,

2065 1018 2285 1091 23,55,
2323 1018 2375 1074 et
2404 1020 2492 1091 65.
2525 1018 2578 1074 et
2626 1020 2963 1089 Nicephorus
3006 1021 3100 1074 lib.
3142 1038 3295 1083 xviii,
3325 1038 3355 1075 a
3403 1038 3522 1091 cap.
3562 1024 3631 1076 Mi

2065 1090 2133 1143 ad
2163 1090 2250 1144 50.
2293 1091 2355 1143 lit
2395 1090 2612 1159 quidem
2655 1092 2850 1145 merito
2883 1110 2895 1145 :
2926 1106 3051 1145 nam
3090 1091 3473 1147 ecclesiasticis
3517 1094 3629 1147 dis-

2066 1160 2443 1229 putationibus
2472 1161 2731 1230 profanus
2766 1162 2929 1216 homo
2953 1176 3118 1215 ausus
3147 1176 3203 1215 se
3231 1162 3552 1227 immiscere,
3577 1173 3634 1222 et

2066 1239 2126 1282 ut
2177 1232 2392 1304 videtur
2440 1231 2624 1304 Severi
2676 1233 3000 1304 sententiam
3047 1232 3280 1304 primum
3327 1234 3627 1304 amplexus,

2066 1314 2189 1375 cum
2216 1316 2282 1355 eo
2305 1300 2463 1355 simul
2498 1311 2685 1356 contra
2716 1301 2903 1357 Patres
2928 1300 3397 1375 Chalcedonenses
3420 1300 3632 1375 pugna.

2061 1371 2170 1436 vit;
2194 1380 2306 1426 tum
2320 1386 2461 1433 .vero
2479 1386 2621 1425 novo
2638 1387 2881 1425 errorum
2900 1381 3031 1441 testu
3053 1372 3309 1441 abreptus
3327 1371 3520 1428 contra
3540 1374 3635 1430 Se-

2061 1456 2249 1496 verum
2281 1441 2476 1511 ipsum,
2497 1457 2713 1511 unaque
2735 1453 2921 1497 contra
2940 1439 3283 1497 Orthodokos
3305 1444 3628 1499 insurrexit:

2063 1522 2124 1566 ut
2142 1513 2286 1567 enim
2311 1522 2539 1567 testatur
2556 1512 2779 1567 l’hotius
2805 1513 2927 1566 cod.
2952 1511 3041 1575 55,
3058 1513 3323 1567 calamum
3346 1514 3631 1583 impuden-

2062 1590 2146 1654 ter
2177 1583 2415 1645 strinxit,
2445 1584 2602 1654 κατὰ
2627 1583 2727 1652 τῆς
2774 1583 2937 1651 ἁγίας
2977 1582 3073 1636 καὶ
3117 1582 3508 1654 οἰκουμενικῆς
3539 1603 3631 1639 τε·

2062 1653 2269 1723 τάρτης
2308 1653 2543 1723 συνόδου,
2596 1654 2843 1707 adversus
2885 1670 3117 1715 sacrant,
3164 1664 3210 1708 et
3258 1653 3631 1710 wcumenicam

2096 1722 2308 1778 uartam
2339 1722 2641 1795 Sgnodum;
2684 1725 2921 1793 itemque
2962 1724 3129 1778 alium
3170 1725 3342 1779 edidit
3388 1726 3629 1781 libellum

1986 1762 2031 1820 Β
2060 1739 2395 1862 ἕιὸλιδὰριον
2430 1796 2559 1862 περὶ
2583 1796 2691 1848 τῶν
2711 1792 3177 1862 δογματισθέντων
3193 1796 3322 1862 περὶ
3352 1795 3452 1862 τῆς
3472 1797 3629 1862 ἁγίας

2102 1792 2397 1865 ιὸλιδὰριοῆ
2430 1796 2559 1865 περὶ
2583 1796 2691 1848 τῶν
2711 1792 3177 1865 δογματισᾼθένῖων
3193 1796 3322 1865 περὶ
3352 1795 3452 1864 τῆς
3472 1797 3633 1864 ἁγίας

2057 1862 2292 1934 Τριάδος
2325 1862 2573 1920 adversus
2603 1882 2685 1928 ea,
2715 1862 2832 1934 qua:
2862 1868 2924 1919 de
2956 1862 3053 1918 SS.
3082 1862 3334 1918 Trinitate
3362 1862 3546 1921 decuit
3576 1868 3631 1923 in

2057 1933 2322 2007 Sermone
2349 1935 2684 2007 catechetico
2721 1933 2970 2007 Joannes,
2994 1934 3363 2007 Scholasticus
3402 1938 3631 2007 patriar-

2058 2006 2159 2062 cha
2224 2006 2869 2074 Constantiuopolitanus.
2946 2004 3133 2075 Atque,
3174 2006 3335 2074 hujus
3402 2004 3628 2075 quidem

2059 2078 2275 2147 generis
2316 2076 2412 2130 fuit
2443 2076 2728 2145 scriptum,
2752 2077 2839 2130 cui
2873 2075 3089 2130 titulum
3114 2074 3447 2145 Philopouus
3480 2078 3627 2143 fecit,

2059 2148 2374 2217 Διαινητὴς,
2423 2148 3059 2217 αῖὺἱιεννεθηιρηῑίθτυηι
3105 2150 3232 2199 περὶ
3286 2148 3529 2211 ὲνὼσεως
3566 2150 3631 2203 de

2059 2216 2253 2289 unione
2284 2216 2601 2270 naturarum
2633 2216 2687 2269 in
2709 2217 2948 2283 Christo,
2982 2218 3035 2270 in
3067 2233 3174 2286 quo
3199 2218 3422 2289 quidali
3450 2220 3631 2272 omni—

2059 2288 2519 2343 bus'sentieudum
2557 2297 2720 2351 esset,
2741 2290 2997 2342 audacter
3028 2290 3319 2345 statuebat.
3340 2288 3432 2343 His
3464 2289 3629 2343 etiam

2060 2359 2267 2439 accedit
2317 2359 2541 2439 impium
2584 2374 2723 2439 Opus
2766 2359 2821 2412 in
2864 2360 3048 2439 plures
3096 2369 3270 2439 tomos
3313 2359 3627 2439 distinctum

2059 2430 2190 2499 περὶ
2222 2431 2574 2499 ἀναστάσεως
2615 2428 2683 2482 de
2728 2428 3147 2490 resurrectione,
3187 2429 3241 2482 in
3283 2446 3389 2499 quo
3436 2429 3629 2483 Photio

2060 2498 2405 2570 judicecod.
2450 2498 2512 2552 2|
2550 2516 2562 2552 :
2588 2498 2686 2569 τὴν
2712 2501 2821 2551 τῶν
2852 2500 3119 2569 σωμάτων
3152 2498 3445 2561 ἀνάστασιν
3476 2502 3628 2553 avai-

2064 2569 2165 2639 psi,
2189 2569 2429 2641 nouare
2457 2570 2874 2641 ἀπερισκέπτως
2892 2570 3345 2641 ).έγει,εονρονωη
3371 2586 3630 2641 resurrec-

2063 2641 2256 2694 tionem
2285 2640 2615 2711 subvertit,et
2640 2640 2807 2693 multa
2836 2642 3217 2694 inconsiderate
3238 2640 3434 2709 jactat.
3464 2640 3630 2711 Igitur

2062 2711 2538 2780 errorumcapita,
2576 2709 2629 2763 in
2665 2711 2862 2780 quibus
2896 2711 2983 2764 ille
3012 2711 3316 2765 obstinatus
3347 2709 3625 2776 obduruit,

2065 2790 2178 2835 tum
2210 2797 2277 2835 ex
2314 2779 2524 2846 Photio,
2554 2790 2664 2835 tum
2688 2779 2758 2835 ex
2789 2780 3094 2851 Niceplioro
3133 2782 3247 2836 haec
3280 2781 3447 2835 fuisse
3472 2782 3631 2835 colli.

2064 2852 2208 2921 gitur
2241 2870 2253 2905 :
2289 2852 2521 2923 primum
2551 2852 2697 2921 quod
2730 2862 2916 2906 contra
2951 2851 3048 2905 SS.
3076 2852 3295 2909 Patrum
3335 2853 3633 2907 auctoritau

2068 2932 2198 2981 tem.
2234 2938 2371 2992 quos
2398 2922 2677 2986 irridebat,
2718 2937 2910 2975 novam
2937 2923 3004 2977 de
3049 2923 3445 2976 resurrectione
3480 2938 3630 2975 mor-

2070 3002 2281 3046 tuorum
2327 2993 2651 3047 sententiam
2701 2992 2817 3062 ipse
2864 2992 3161 3062 somnians,
3194 2993 3537 3061 delirausque
3572 2993 3630 3047 in

2067 3063 2331 3116 mundum
2367 3062 2662 3127 invexerit;
2698 3061 2833 3117 adeo
2866 3072 2925 3116 ut
2968 3079 3090 3117 cum
3122 3061 3461 3117 Theodosius
3511 3079 3631 3118 tuo-

402 3121 1153 3255 tulerat:Monopbusitarum
1198 3129 1315 3184 lues
1363 3121 1638 3186 teterrima
1685 3143 1962 3254 serperet;
1991 3121 2037 3185 Ο
2068 3136 2291 3195 nachus,
2322 3148 2424 3185 nec
2464 3148 2575 3187 non
2607 3121 2716 3187 tres
2750 3148 2780 3187 e
2811 3133 2924 3186 suis
2953 3132 3173 3187 asseclis
3214 3131 3425 3197 Conon,
3452 3132 3629 3203 Euge-

402 3214 516 3256 tum
545 3203 764 3256 quidem
791 3201 813 3255 l
837 3202 889 3256 hi
913 3216 1172 3256 ononum.
1205 3201 1295 3256 aui
1329 3201 1383 3254 in
1410 3201 1700 3256 Academia
1731 3206 1768 3254 Α
1796 3219 1964 3256 cxan-
2066 3204 2211 3256 nius.
2245 3213 2300 3256 et
2321 3202 2653 3256 Thcmistius
2692 3204 2889 3256 acriter
2923 3203 3378 3256 imuuanaverint.
3411 3214 3572 3256 atoue
3597 3220 3629 3256 a

402 3214 516 3259 tum
545 3203 764 3275 quidem
791 3201 1172 3275 l’hiloponum,
1195 3201 1295 3275 _qui
1329 3201 1383 3275 in
1408 3201 1700 3275 Academia
1731 3201 1964 3275 Alexan-

400 3271 662 3330 drina'ad
707 3286 958 3344 magnam
1002 3271 1239 3344 nominis
1287 3272 1655 3344 celebritatem
1697 3274 1963 3338 vertisset,

402 3354 457 3400 et
504 3346 768 3399 Severum
799 3339 1020 3413 'ipsum
1057 3342 1112 3396 in
1162 3339 1397 3413 Egypto
1445 3343 1745 3397 latitantem
1804 3360 1965 3400 nosse

403 3426 601 3486 potuit,
643 3412 1028 3486 ecclesiasticis
1072 3412 1481 3486 quaestionibus,
1527 3413 1966 3486 ut_verisimilli~

403 3482 552 3543 inum
600 3494 705 3556 est,
757 3501 817 3556 se
867 3482 1177 3556 immiscere
1230 3482 1395 3552 ccepit
1430 3502 1451 3556 :_
1479 3483 1623 3556 quod
1673 3486 1846 3556 _etiam
1899 3501 1966 3541 eo

404 3556 661 3611 libentius
686 3555 879 3610 fecisse
903 3553 1203 3627 putandum
1231 3562 1333 3627 est,
1364 3553 1510 3626 quia'
1532 3554 1963 3627 quzeblonophy-

402 3628 520 3683 sita:
546 3635 732 3681 contra
758 3627 1031 3695 Synodum
1072 3623 1569 3679 Chalcedonensem
1612 3623 1964 3695 objiciebant,

403 3715 527 3752 cum
571 3698 818 3751 doctrina
870 3695 1195 3758 Aristotelis,
1247 3710 1408 3764 quem
1467 3695 1570 3750 sibi
1626 3696 1964 3765 potissimum

402 3770 718 3838 magistrum
745 3765 997 3838 habebat,
1039 3774 1095 3818 et
1146 3765 1559 3838 commendabat
1602 3766 1740 3838 aliis,
1774 3768 1968 3824 melius

402 3834 785 3893 convenirent.
812 3834 964 3890 Unde
997 3844 1172 3889 tamen
1203 3834 1318 3904 ipse
1349 3835 1404 3888 in
1437 3836 1801 3891 ecclesiastica
1828 3852 1967 3891 eru-

400 3910 607 3963 ditione
638 3910 916 3961 clarescere
942 3904 1175 3975 primum
1207 3906 1435 3972 coeperit,
1460 3905 1969 3975 utAbulpharagius

402 3980 497 4042 ait,
528 3980 774 4034 divinare
804 3974 957 4041 licet,
989 3974 1259 4049 afﬁrmare
1290 3990 1398 4029 non
1430 3974 1737 4049 possumus.
1755 3974 1969 4049 Nihilo-

404 4053 589 4104 minus
620 4049 989 4118 conjecturam
1018 4045 1268 4119 facimus,
1298 4045 1484 4102 eum'a
1516 4046 1656 4119 libgo
1700 4047 1831 4119 crept
1868 4049 1969 4119 τῆς

401 4121 494 4174 τοῦ
522 4114 739 4190 κόσμου’
751 4119 1012 4186 γενέσεως
1038 4115 1375 4190 auspicatum
1404 4130 1547 4172 esse.
1566 4114 1747 4190 _Quem
1772 4114 1967 4190 librum

402 4208 511 4245 non
539 4186 775 4260 amplius
820 4194 1122 4242 exstantem
1157 4186 1427 4260 quondam
1465 4187 1758 4260 scripsisse
1806 4187 1969 4260 Joan-

404 4278 528 4316 nem
552 4256 1096 4329 Philopouumuemo
1121 4256 1612 4329 animadvertit,_ne
1644 4257 1967 4329 illequidem

404 4333 605 4387 Graeca:
649 4326 971 4387 eruditionis
1014 4330 1237 4398 promus
1276 4329 1486 4398 candus
1518 4326 1674 4382 Joan.
1714 4328 1969 4385 Albertus

406 4401 709 4464 Fabricius,
739 4400 832 4469 qui
864 4396 1261 4468 mira'quadam
1290 4397 1566 4469 diligentia
1596 4400 1796 4466 omnia,
1818 4399 1965 4469 ejus-

2066 3204 2300 3287 uius.net
2321 3202 2653 3287 Thcmistius
2692 3204 2889 3282 acriter
2923 3203 3378 3287 inipugiiaveriut,
3411 3202 3630 3287 atquea

2066 3273 2172 3328 ﬁde
2216 3273 2524 3328 Christiana
2579 3272 2893 3328 discessisse
2936 3272 3319 3331 atliru'iaverint
3350 3291 3363 3326 :
3389 3278 3633 3330 secundo

2065 3352 2271 3409 autem,
2309 3344 2453 3414 quod
2496 3354 2682 3398 contra
2712 3352 2957 3413 quartam
2990 3344 3255 3414 synodum
3284 3343 3629 3414 impudenter

2066 3413 2361 3483 scripserit,
2385 3424 2439 3469 et
2457 3414 2768 3469 Orationem
2788 3413 3195 3475 cateclieticam,
3215 3429 3374 3482 quam
3394 3413 3633 3469 Joannes

2066 3482 2436 3539 Schulasticus
2470 3485 2661 3539 habuit
2712 3500 2809 3555 pro
2854 3495 3006 3539 certo
3040 3484 3292 3555 dogmate
3338 3484 3404 3538 de
3444 3495 3630 3555 sancta

2065 3564 2123 3609 et
2175 3556 2620 3627 consubstantiali
2666 3554 2949 3627 Trinitate,
3003 3554 3131 3627 ipse
3166 3554 3630 3627 quodamklibcllo

2066 3626 2416 3695 proscindere
2444 3640 2552 3679 non
2582 3625 2883 3688 erubuerit,
2907 3624 3271 3679 tres‘naturas
3302 3626 3353 3678 in
3379 3624 3479 3678 SS.
3506 3625 3630 3679 Triv

2067 3695 2236 3750 nitate
2262 3696 2592 3766 proﬁtendas
2623 3712 2741 3752 esse
2773 3696 3083 3762 afﬁrmans;
3122 3697 3263 3750 unde
3292 3696 3490 3757 factum
3522 3706 3627 3757 est,

2067 3776 2129 3837 ut
2182 3766 2397 3831 Paulus,
2449 3776 2504 3820 et
2547 3766 2880 3837 Stephanus,
2926 3767 3057 3837 ejus
3096 3766 3221 3819 item
3268 3767 3418 3829 socii,
3451 3766 3520 3821 ab
3562 3781 3631 3821 eo

2067 3836 2433 3892 discesserint.
2468 3836 2657 3906 Itaque
2687 3838 2741 3891 in
2780 3836 2941 3891 falsas
2974 3836 3282 3906 opiniones,
3307 3852 3629 3906 erroresque

2070 3907 2409 3961 turbulentos
2437 3907 2887 3976 delatusquidem
2918 3916 3036 3971 est;
3070 3923 3255 3961 verum
3287 3923 3409 3960 cum
3451 3922 3629 3975 neque

2067 3986 2255 4051 aperte
2295 3993 2358 4051 se
2383 3976 2633 4046 prodere,
2660 3993 2837 4051 neque
2867 3992 3089 4051 prorsus
3120 3976 3283 4051 latere
3311 3976 3493 4051 vellet,
3524 3977 3629 4051 sibi

2068 4046 2395 4102 cohaerentia
2439 4062 2550 4101 non
2596 4046 2835 4116 scripSit.
2866 4055 2922 4099 et
2956 4047 3119 4099 modo
3158 4047 3375 4115 quidem
3427 4047 3627 4117 aliquid

2069 4132 2283 4180 sanum,
2310 4132 2614 4186 purumque
2639 4119 2752 4170 suis
2778 4117 2831 4170 in
2860 4117 3076 4185 scriptis
3104 4117 3293 4179 edidit,
3314 4119 3627 4186 modovcro

2069 4202 2225 4241 suum
2249 4184 2397 4241 virus
2428 4184 2869 4256 arghmentorum
2900 4184 3307 4250 subtilitatibus,
3327 4195 3381 4239 et
3406 4184 3630 4239 fallaciis

2069 4258 2389 4321 emollitum,
2422 4268 2481 4310 ut
2505 4256 2633 4326 quid
2661 4257 2762 4311 sibi
2797 4256 3045 4316 voluerit.
3071 4272 3179 4310 non
3210 4256 3366 4326 plane
3392 4265 3626 4326 constet.

2070 4325 2538 4383 Animadverterat
2567 4328 2669 4381 hoc
2708 4326 2915 4395 jamdiu
2950 4325 3218 4389 Ριιοιίιιεί
3243 4326 3332 4394 qui
3373 4325 3493 4379 cod.
3537 4326 3624 4391 75,

2070 4399 2201 4451 adeo
2220 4398 2482 4468 putidum,
2520 4407 2567 4450 et
2594 4396 2901 4468 imbecillem
2938 4397 2993 4448 in
3022 4397 3131 4468 suis
3168 4396 3490 4468 argumentis
3528 4396 3627 4468 de-

406 4474 528 4528 dem
558 4466 797 4528 auctoris
824 4484 988 4539 opera
1013 4466 1317 4539 enumerat.
1365 4466 1647 4539 Creditum
1695 4466 1859 4523 enim'
1881 4479 1966 4525 est
1996 4467 2042 4528 ο
2067 4466 2255 4530 clarat.
2276 4477 2334 4523 ut
2359 4483 2427 4522 ne
2449 4466 2715 4522 umbratili
2737 4467 2941 4539 quidem
2970 4467 3203 4539 veritatis
3227 4466 3393 4534 specie
3410 4467 3625 4539 propria

407 4545 647 4607 omnino,
695 4537 980 4597 tractatum
1029 4537 1290 4609 [lepis-7;;
1318 4538 1413 4591 τοῦ
1458 4540 1664 4609 κόσμου
1700 4541 1967 4607 γενέσεως

406 4614 542 4670 nihil
570 4615 715 4668 aliud
748 4625 889 4676 esse,
924 4624 1086 4678 quam
1114 4608 1278 4679 Τοὺς
1314 4610 1395 4672 εἰς
1422 4610 1521 4679 τὴν
1558 4608 1833 4673 Μωῦσέως
1872 4626 1967 4664 κο-

407 4686 701 4755 σμογονίαν
739 4682 929 4755 λόγους
959 4678 1261 4755 de_quibus
1288 4693 1450 4748 supra
1475 4678 1817 4755 disputatum
1854 4689 1964 4755 _est.

404 4749 608 4809 Verum
638 4769 747 4809 non
780 4754 851 4806 ita
882 4766 941 4805 se
969 4749 1332 4821 habererem,
1368 4749 1519 4821 testis
1543 4750 1701 4805 nobis
1727 4761 1813 4806 est
1853 4750 1969 4821 ipse

405 4824 760 4897 Pliilopouus,
777 4822 867 4892 qui
895 4822 949 4897 in
972 4820 1240 4897 prooemio
1259 4834 1372 4897 sua;
1387 4820 1761 4897 Cosmogonia;
1782 4820 1969 4891 aperte

405 4890 602 4951 asserit
632 4897 759 4957 τοὺς
789 4890 919 4963 napi.
950 4890 1336 4963 nospoyovtag_
1350 4891 1539 4963 λόγους
1558 4890 1864 4963 scripsisse,
1896 4901 1971 4963 _ut

401 4969 513 5037 jam
540 4976 705 5037 antea
731 4958 938 5037 editum
971 4958 1101 5037 napi.
1126 4961 1219 5037 τῆς
1247 4958 1339 5013 τοῦ
1361 4962 1570 5037 socium
1592 4958 1867 5037 Δγεῖιὲιξεως
1896 4960 1966 5037 li-

408 5030 565 5092 brum
618 5036 977 5091 defenderet:
1011 5030 1084 5085 ita
1130 5030 1275 5104 enim
1335 5031 1431 5104 ait,
1470 5030 1653 5104 Πολὺς
1694 5032 1795 5103 μὲν
1843 5034 1967 5104 ἐμοὶ

408 5111 537 5192 περὶ
567 5104 785 5192 τῇςροῦ
812 5105 1016 5192 κόσμου
1056 5101 1320 5182 γενέσεως
1455 5101 1672 5166 πολλαῖς
1697 5101 1968 5192 upupa:

405 5171 578 5241 τείάις
606 5171 884 5248 διήνυσταιι
901 5171 1065 5248 Δλόγος
1094 5172 1272 5248 ingens
1299 5171 1507 5248 quidem
1532 5188 1572 5248 a_
1588 5189 1669 5225 me
1703 5171 1767 5226 de
1790 5171 1970 5248 mundi

409 5242 742 5320 generatione
763 5242 1433 5320 multiswlucubrationibns
1449 5244 1707 5320 confectus
1724 5244 1833 5320 esti
1840 5245 1966 5320 iber,

411 5311 595 5372 ῖπολλοὶ
628 5319 685 5371 δὲ
719 5318 807 5371 διὰ
850 5314 1025 5379 τοῦτα,
1057 5311 1295 5385 συνεχῶς
1310 5314 1460 5385 ῌὴμῖν
1489 5311 1763 5385 ὴυῴχλουν
1788 5313 1970 5385 ἠρέμα

409 5391 547 5455 πῶς,
590 5390 687 5443 καὶ
740 5379 1241 5455 ὑπωνείδιζονργῷς
1272 5379 1636 5453 ﬁdi—reptnt}?
1661 5383 1760 5455 μὲν
1800 5379 1971 5455 idiom

408 5454 791 5531 προοέλεγχον,
811 5457 898 5511 sed
922 5454 1071 5531 multi
1090 5454 1280 5508 idcirco
1296 5462 1476 5531 contra
1498 5468 1589 5506 nos
1617 5454 1971 5531 _taciteturbas

410 5523 730 5595 eicitarunt',
745 5538 791 5582 et
815 5526 1219 5596 exprobrarant,
1231 5523 1365 5596 quod
1394 5524 1654 5596 extraneis
1683 5524 1970 5580 rationibus

412 5604 469 5656 in
488 5602 583 5655 hoc
606 5594 901 5671 argumenti
930 5612 1114 5671 genere
1137 5595 1221 5649 usi
1249 5594 1414 5671 cintus
1433 5610 1449 5648 :
1470 5595 1614 5671 unde
1635 5596 1896 5671 sequitur,
1912 5612 1970 5671 sc

412 5673 551 5729 Velle
594 5664 894 5745 semiudum
934 5664 1160 5745 Mosem,
1205 5666 1351 5745 quod
1398 5664 1649 5745 superius
1688 5667 1970 5721 adnotavi-

401 5758 558 5818 .tnus,
590 5743 783 5802 eadem
804 5740 873 5799 de
900 5754 957 5798 re
981 5737 1269 5811 disserere.
1290 5735 1428 5793 Hinc
1459 5735 1696 5807 primum
1724 5747 1966 5810 apparet,

2068 4540 2290 4609 potuerit
2328 4539 2576 4610 adversus
2601 4538 2714 4610 pios
2738 4536 3059 4610 sophismata
3086 4537 3321 4610 colorare
3340 4551 3359 4590 :
3391 4551 3494 4610 nec
3522 4536 3629 4610 uii-

2068 4605 2173 4664 nus
2216 4610 2336 4680 ejus
2380 4605 2805 4680 fraudulentum,
2824 4606 3107 4680 ingenium
3147 4606 3450 4680 detegit,,ei
3494 4605 3629 4660 vitio

2068 4676 2308 4743 vertens,
2334 4679 2476 4750 quod
2500 4680 2676 4734 aliena
2701 4676 2907 4748 scripta
2929 4677 3030 4732 sibi
3059 4676 3431 4750 vindicaverit,
3464 4685 3628 4750 atque

2068 4750 2203 4806 adeo
2247 4748 2565 4819 corruperit,
2613 4757 2669 4802 ut
2701 4749 2854 4821 Aquod
2893 4763 3203 4821 germanum
3252 4756 3366 4801 erat
3410 4748 3465 4801 in
3498 4748 3628 4817 ipsis

2067 4822 2388 4881 auctoribus,
2420 4818 2488 4874 ac
2510 4818 2820 4891 masculum,
2848 4818 2914 4871 ab
2948 4819 3063 4891 ipso
3090 4818 3433 4891 depravatum
3457 4820 3627 4886 perie—

2069 4892 2170 4973 rit;
2192 4900 2247 4946 et
2272 4890 2901 4973 ςιυίιεξινίξὲδ.ΔΡειῑι-ιιηιΔ
2927 4888 3235 4943 testimonia
3275 4890 3535 4957 proferat,
3568 4899 3626 4945 ut

2069 4960 2325 5032 Gregorii,
2370 4961 2579 5023 Basilii,
2618 4970 2738 5026 etc.,
2788 4976 2849 5032 ea
2885 4968 3059 5015 tamen
3091 4974 3228 5032 esse,
3256 4974 3389 5032 quia
3414 4974 3629 5013 causam

2068 5029 2232 5102 ipsius
2260 5033 2498 5103 impiam,
2531 5047 2689 5103 quam
2714 5029 2864 5103 habet
2885 5029 3475 5103 ΔΡνοροξὶιαηιληιὶηἱηιες
3494 5045 3630 5103 pro.
3674 5056 3675 5059 η

2069 5099 2437 5158 moveant.'.Ex
2475 5099 2577 5156 hac
2604 5101 2764 5172 igitur
2799 5100 3081 5172 Philoponi
3126 5100 3351 5162 malitia,
3381 5099 3629 5172 sublesta

2069 5173 2193 5236 ﬁde,
2225 5182 2279 5228 et
2309 5170 2689 5234 fraudulenti’a,
2720 5170 2917 5239 quibus
2954 5172 3252 5239 praesertim
3290 5170 3505 5239 artibus
3528 5171 3628 5226 niti

2070 5244 2309 5300 solemne
2338 5258 2551 5311 semper
2579 5241 2682 5296 fuit
2713 5238 2823 5295 tum
2861 5238 3118 5309 antiquis,
3161 5251 3273 5295 tum
3308 5238 3629 5311 recentiori-

2070 5314 2172 5368 bus
2216 5310 2506 5374 htereticis,
2548 5311 2749 5366 factum
2791 5322 3065 5380 putamus,
3102 5320 3160 5365 ut
3205 5311 3306 5365 alia
3350 5310 3403 5362 in
3451 5310 3627 5363 lucem

2069 5385 2159 5440 ille
2204 5385 2453 5446 ediderit,
2501 5397 2621 5451 quae
2672 5381 3036 5451 suspicionem
3085 5383 3282 5435 erroris
3329 5380 3396 5433 ab
3447 5380 3629 5449 seipso

2070 5464 2405 5514 amoverent.
2443 5453 2545 5507 alia
2595 5468 2745 5519 vero,
2775 5468 2895 5521 qua:
2942 5454 3061 5520 ejus
3113 5460 3347 5505 mentem
3400 5468 3431 5502 a
3481 5458 3627 5504 recta

2069 5526 2175 5580 ﬁde
2204 5541 2313 5579 non
2344 5525 2575 5578 alienam
2606 5539 2701 5594 per
2739 5520 2930 5576 inanes
2958 5522 3218 5594 quosdam
3253 5520 3425 5594 dolos,
3462 5535 3626 5591 argu-

2070 5597 2318 5665 tulasque
2358 5590 2991 5665 fallacias—detegereutj
3024 5591 3208 5646 Fidem
3253 5590 3473 5665 faciunt
3507 5590 3628 5659 ejus

2071 5661 2270 5736 scripta
2303 5684 2315 5720 :
2351 5680 2529 5734 neque
2586 5661 2890 5736 enimsalia,
2929 5664 2995 5736 de
3040 5677 3237 5736 causa,
3288 5661 3626 5736 ut__videtur,

2073 5730 2267 5797 Contra
2298 5730 2543 5794 Proclum
2572 5735 2808 5807 scripsit,
2841 5734 2945 5791 nisi
2978 5742 3039 5789 ut
3063 5748 3121 5789 se
3146 5733 3215 5786 ab
3246 5746 3312 5789 eo
3339 5730 3627 5819 dissentire
