4144 6276
1700 242 2247 305 ΗΕΧΑΕΜΕΒΟΝ.

3465 248 3603 313 1426

394 412 3580 447 __._.._._._.._____.__._____________.____________________

1656 574 1885 660 ΤΟΥ
1955 568 2332 662 ΑΥΤΟΥ

656 752 1686 915 ΕΞΑΗΜΕΡΟΝ
1830 787 1952 913 Η
2097 776 3312 924 ΚΟΣΜΟΥΡΓΙΑἈ

1681 1198 2227 1295 EJUSDEM

730 1432 1700 1552 HEXAEMERON
1834 1435 2158 1555 SIVE
2297 1436 3179 1555 COSMOPGSIA.

519 1823 585 1879 Ὃ
604 1826 803 1890 παντὸς
830 1824 989 1897 ἔργου
1010 1824 1100 1878 καὶ
1120 1824 1386 1896 Θεηγόρου
1416 1825 1574 1896 λόγου

513 1917 622 1971 Καὶ
654 1917 894 1986 γλῶσσα,
922 1918 1014 1971 καὶ
1032 1915 1175 1982 νοῦς,
1200 1918 1292 1971 καὶ
1308 1918 1502 1990 τροφὴ,
1525 1918 1619 1973 καὶ
1648 1918 1870 1990 καρδίαο

404 2072 452 2129 0
483 2082 559 2139 tu,
582 2075 742 2146 cujus
768 2076 970 2149 lingua,
1001 2092 1177 2144 mens,
1212 2086 1267 2134 et
1294 2093 1390 2134 cor
1418 2076 1791 2149 cujuscunque
1820 2077 1905 2135 di-

339 2165 449 2221 vini
488 2166 709 2237 operis,
759 2174 817 2225 et
865 2171 1137 2226 sermonis
1180 2169 1234 2236 vi
1282 2170 1548 2239 repletum
1594 2178 1699 2236 est,
1741 2179 1906 2242 atque

1936 1834 1984 1892 Δ

2186 1828 2267 1884 Τὰ
2296 1828 2487 1901 ῥεῖθρα
2519 1830 2629 1885 τῶν
2658 1828 2767 1883 σῶν
2793 1828 3203 1901 οὐρανοδρόμων
3227 1829 3402 1898 λόγων

2194 1919 2288 1985 Εἰς
2306 1920 2406 1991 τὴν
2431 1920 2662 1991 ἄνικμον
2689 1919 2927 1991 ἐμϐαλοῦ
2962 1937 3064 1991 μου
3096 1921 3348 1993 καρδίαν.

2011 2079 2359 2149 innutritum,
2398 2092 2505 2149 tua:
2538 2098 2637 2154 per
2672 2083 2869 2139 coelum
2901 2082 3242 2139 excurrentis
3271 2083 3595 2154 eloquentiae

2010 2171 2207 2230 ﬂuvios
2240 2175 2292 2230 in
2327 2175 2544 2232 aridum
2602 2191 2785 2232 meum
2839 2190 2933 2231 cor
2988 2175 3215 2232 infunde
3270 2194 3285 2232 :
3344 2177 3594 2248 quando-

1851 2344 2086 2402 ΝΟΤᾹΞ.

407 2496 832 2568 ’Κοσμουργῑαν
886 2496 1089 2552 rectius
1128 2512 1289 2561 quam
1323 2497 1663 2568 Ἐξαήμερον
1691 2499 1921 2557 inscribi

344 2585 503 2640 posse
522 2585 713 2638 poema
732 2568 902 2640 liquet
936 2584 1002 2621 ex
1033 2568 1226 2640 ordine
1244 2609 1258 2633 ,
1279 2584 1440 2638 quem
1466 2580 1687 2625 secutus
1711 2579 1794 2626 est
1819 2587 1920 2626 au-

339 2637 455 2694 ctor
482 2657 495 2691 :
523 2637 635 2694 non
655 2637 1304 2710 _enimillesexdierum
1341 2654 1504 2710 opera
1533 2640 1801 2710 sigillatim
1823 2657 1919 2696 ex-

339 2711 555 2779 plicare,
577 2708 669 2762 sed
692 2708 871 2779 omnia
903 2708 1061 2779 simul
1087 2708 1385 2777 complecti
1404 2708 1617 2764 videtur
1652 2710 1918 2777 voluisse;

338 2777 409 2834 ita
440 2790 617 2834 tamen
652 2788 709 2832 ut
737 2793 768 2831 a
796 2777 958 2849 illusis
992 2779 1301 2849 narratione
1334 2795 1609 2849 nunquam
1655 2781 1916 2836 discedat.

341 2850 524 2918 Itaque
571 2849 748 2902 Pisida
791 2848 879 2901 illa
924 2848 1264 2918 potissimum
1308 2848 1477 2904 verba
1512 2849 1816 2915 Geneseos,
1844 2852 1909 2905 In

335 2917 593 2989 principio
638 2919 834 2991 creavit
886 2918 1022 2971 Deus
1076 2917 1281 2991 eiciunt,
1328 2928 1619 2991 ct7terram
1648 2963 1662 2986 ,
1718 2922 1906 2991 expla-

338 2987 632 3061 itanda,7ut
686 2987 899 3057 opinor,
944 2988 1205 3061 suscepit,
1247 2988 1520 3061 inquibus
1555 2991 1757 3061 omnia,
1788 2987 1910 3061 quae

324 3076 365 3114 ,a
399 3060 509 3114 Deo
542 3059 681 3113 facta
710 3066 856 3118 sunt,
885 3058 1252 3113 continentur.
1282 3058 1393 3113 Nec
1416 3066 1597 3113 tamen
1624 3060 1748 3115 inde
1778 3058 1910 3115 con-

336 3130 563 3184 cluseris
620 3137 833 3198 poetam
857 3129 923 3199 in
952 3142 1141 3199 eorum
1171 3128 1368 3199 abiisse
1425 3132 1774 3193 sententiam,
1816 3130 1906 3199 qui

336 3216 447 3253 non
474 3215 567 3254 sex
610 3196 820 3254 dierum
856 3196 1158 3261 intervallo,
1211 3197 1305 3252 sed
1357 3199 1537 3253 omnia
1591 3200 1751 3254 simul
1801 3196 1909 3256 uno

336 3278 614 3324 momento
641 3267 900 3338 temporis
927 3284 963 3338 a7
988 3266 1096 3322 Deo
1125 3277 1305 3338 creata
1338 3268 1502 3323 fuisse
1530 3278 1777 3333 censent,
1809 3286 1905 3325 au-

336 3340 586 3394 ctoritate
617 3335 766 3399 freti,
793 3347 853 3409 ut
884 3337 1096 3391 videtur
1132 3335 1515 3404 Ecclesiastiei,
1548 3356 1656 3409 quo
1686 3341 1738 3393 in
1769 3341 1908 3395 libro

337 3409 553 3481 legitur,
586 3411 676 3478 qui
706 3408 829 3481 vicit
881 3410 1238 3481 in_auernum,
1277 3410 1472 3463 creavit
1506 3408 1691 3481 omnia
1728 3410 1907 3465 simul.

336 3477 475 3563 11am
502 3480 563 3533 τὸ
602 3477 767 3563 simul
818 3478 872 3532 in
917 3477 1116 3563 εἶναιοο
1163 3487 1313 3563 ςθξμι
1364 3480 1688 3562 exprimitur
1735 3483 1910 3563 κοινῇ.

248 3570 259 3586 ι
342 3551 563 3603 Ἐκτισε
597 3550 773 3622 πάντα
797 3550 967 3619 κοινῇ,
997 3548 1177 3622 quasi
1214 3548 1449 3622 diceres,
1489 3551 1682 3622 creavit
1732 3548 1910 3606 omnia

338 3630 588 3691 quotquot
619 3618 761 3691 sunt,
788 3618 1120 3691 77ana_"simul
1170 3618 1405 3691 collecta,
1442 3621 1585 3675 nulla
1638 3637 1696 3676 re
1730 3631 1913 3677 creata

340 3688 587 3759 excepta.
633 3689 740 3744 Sed
783 3688 963 3743 Pisida
994 3690 1240 3758 quamvis
1270 3705 1448 3758 neque
1499 3707 1591 3746 sex
1625 3692 1741 3747 dies
1784 3708 1915 3746 enu-

340 3758 533 3832 meret,
565 3774 742 3832 neque
783 3759 1116 3827 singulorum
1153 3758 1331 3832 spatia
1361 3759 1682 3832 distinguat.
1713 3762 1914 3832 nihilo-

342 3830 524 3900 minus
559 3829 691 3886 satis
720 3837 906 3900 aperte
949 3843 1012 3900 ea
1064 3829 1293 3894 ratione,
1340 3845 1449 3900 qua
1482 3829 1557 3884 in'
1594 3831 1914 3885 enarrandis

342 3899 439 3954 Dei
460 3901 720 3970 operibus
754 3898 1138 3970 “progreditur,
1161 3899 1401 3954 ostendit
1436 3915 1533 3969 per
1563 3901 1771 3957 dierum
1829 3902 1913 3955 in-

346 3966 570 4025 tervalla
612 3966 798 4026 mundi
822 3966 1080 4029 fabricam
1117 3968 1283 4024 fuisse
1305 3966 1629 4025 absolutam.

416 4041 570 4095 Vers.
606 4041 657 4111 1.7
686 4040 768 4094 Ad
810 4038 1064 4111 mysticos
1111 4054 1304 4111 sensus
1351 4040 1686 4111 deducturus
1738 4039 1914 4094 Pisida

244 4148 251 4155 κ
342 4111 547 4174 omnia,
584 4110 783 4181 primo
807 4108 928 4179 ipso
966 4108 1234 4164 sermonis
1265 4110 1490 4181 exordio
1526 4110 1657 4175 jacit
1710 4110 1918 4166 semina

344 4181 605 4235 doctrinae
635 4180 892 4250 mysticae,
926 4194 1046 4249 quae
1076 4181 1129 4233 in
1168 4194 1234 4234 eo
1266 4180 1608 4248 potissimum
1647 4187 1916 4241 versatur,

348 4261 405 4304 nt
430 4259 668 4305 mentem
700 4252 991 4305 humanam
1021 4265 1052 4303 a
1087 4250 1315 4304 terrenis
1359 4250 1522 4304 rebus
1576 4250 1814 4314 divellat,
1863 4259 1920 4303 et

348 4320 641 4374 transferat
673 4322 737 4375 ad
760 4321 962 4375 divina.
999 4320 1126 4373 Eam
1148 4330 1329 4374 autem
1355 4335 1483 4374 vere
1506 4335 1628 4375 esse
1652 4320 1919 4374 Christia-

346 4406 545 4445 norum
572 4391 870 4455 scientiam,
912 4402 966 4445 et
987 4390 1401 4461 philosophiam.
1433 4406 1553 4461 quae
1605 4405 1702 4459 per
1730 4390 1920 4461 mysti-f

347 4476 461 4523 cas,
504 4469 564 4514 ut
621 4463 794 4525 aiunt,
843 4460 1328 4529 contemplationes
1360 4459 1674 4530 comparata
1718 4459 1797 4514 ad
1826 4459 1919 4514 Dei

2018 2518 2089 2556 ne
2130 2501 2495 2570 antiquiorem
2524 2500 2690 2556 fuisse
2718 2501 3215 2577 Areopagiticoruu)
3263 2506 3593 2577 scriptorum

2018 2582 2326 2635 auctorem,
2356 2585 2733 2639 quemcunque
2755 2588 2877 2625 eum
2902 2572 3071 2627 fuisse
3119 2572 3416 2640 existimes,
3464 2594 3590 2632 cum

2017 2658 2141 2697 eum
2172 2642 2269 2696 Silii
2294 2641 2604 2710 magistrum
2630 2640 2877 2695 habuerit
2903 2640 3104 2709 Pisitla,
3136 2655 3187 2696 et
3210 2644 3274 2696 ad
3301 2643 3416 2711 ejus
3438 2662 3591 2701 men-

2020 2720 2125 2766 tem
2158 2714 2224 2767 de
2252 2711 2477 2781 mystica
2500 2711 2743 2765 doctrina
2776 2711 3055 2780 scripserit
3079 2730 3093 2777 ;
3120 2711 3207 2781 ll.)
3235 2713 3397 2767 libros
3421 2715 3589 2771 Pseu-

2017 2782 2088 2838 do
2117 2813 2144 2822 -
2173 2782 2528 2851 Dionysianos
2550 2796 2655 2833 non
2688 2781 2940 2835 habuisse
2968 2781 3201 2836 Pisidam
3233 2797 3330 2851 pro
3358 2783 3469 2838 fetu
3490 2786 3590 2839 Se-

2019 2852 2222 2907 veriani
2264 2850 2565 2919 cujusdam,
2611 2860 2668 2904 ut
2710 2866 2738 2902 a
2778 2851 3049 2905 nonnullis
3082 2862 3164 2906 est
3191 2850 3587 2916 addubitatum,

2014 2924 2108 2977 sed
2142 2936 2267 2975 vero
2320 2920 2642 2992 orthodoxi;
2670 2920 2928 2992 quamvis
2971 2919 3283 2992 Dionysium
3318 2924 3487 2992 ipsum
3532 2925 3593 2980 in

2015 3007 2141 3046 suas
2168 2999 2348 3062 partes
2375 2990 2859 3062 trahere,_cjusqne
2904 2990 3236 3062 auctoritate
3250 2990 3349 3062 _se'
3374 2994 3585 3050 munire

2017 3058 2573 3130 smpe'contendetjnt
2604 3058 3037 3130 Monophysitaa;
3073 3060 3200 3130 111.)
3250 3059 3482 3116 Pisidam
3520 3078 3589 3119 ex

2016 3127 2121 3185 hoc
2173 3130 2286 3198 ipso
2314 3129 2454 3197 quod
2484 3127 2693 3199 Pseudo
2715 3159 2739 3168 -
2767 3127 3023 3199 Dinnysii
3048 3129 3296 3197 vestigiis
3349 3131 3588 3196 insistat,

1943 3182 1983 3237 Β
2014 3182 2349 3254 illa‘toriicuui
2382 3214 2439 3252 se
2467 3197 2697 3269 prodere
2738 3214 2752 3261 ;
2787 3182 3168 3269 qum‘enitniin‘
3194 3182 3590 3269 Kréob'égniéié

2012 3270 2228 3341 Scriptis
2261 3269 2326 3322 de
2368 3267 2584 3341 sublimi
2625 3268 2732 3341 illa,
2776 3267 3262 3341 ac_7supe_t_-cmlesti
3298 3267 3585 3341 theologia,

2016 3336 2200 3393 inflato
2229 3345 2285 3393 et
2334 3338 2544 3410 turgido
2580 3338 2810 3410 quodam
2838 3336 3052 3410 dicendi
3097 3352 3308 3410 genere
3342 3336 3589 3410 exposita

2017 3354 2200 3393 innato
2229 3354 2285 3393 et
2334 3354 2419 3392 tur
2460 3354 2544 3392 lth
2580 3354 2810 3406 quonam
2838 3354 3052 3390 utcenat
3097 3354 3293 3407 genere
3342 3354 3583 3410 exposita

2012 3409 2283 3482 leguntur,
2316 3410 2382 3463 ab
2419 3354 2806 3462 Eclecticorum
2844 3405 3049 3482 schola,
3097 3416 3152 3461 et
3180 3408 3459 3477 disciplina
3488 3425 3583 3478 pa-

2014 3476 2133 3535 ru'tn
2178 3478 2417 3545 diﬂerre,
2454 3492 2803 3547 magnamque
2854 3478 2992 3530 inter
3026 3476 3263 3545 ipsorum
3306 3476 3585 3533 auctorem

2014 3562 2068 3605 et
2110 3548 2399 3614 Proclum,
2446 3548 2490 3603 si
2547 3547 2825 3601 notionutu
2884 3547 3289 3617 dielionumque
3330 3548 3410 3602 vis
3456 3563 3588 3617 spe-

2013 3629 2213 3684 ctetur,
2240 3619 2548 3674 aiiinitatem
2578 3617 2932 3681 intercedere,
2956 3618 3201 3682 quamvis
3232 3631 3416 3685 eorum
3437 3634 3589 3673 mens

2014 3690 2178 3745 fuerit
2208 3690 2366 3759 plane
2408 3690 2638 3754 diversa,
2664 3688 2773 3757 jam
2804 3703 2832 3741 a
2867 3685 3047 3740 Suidaa
3079 3687 3410 3759 temporibus
3442 3688 3496 3741 in
3522 3705 3572 3743 υ.

2014 3756 2295 3823 Διονύσίος
2318 3760 2385 3815 ad
2414 3768 2652 3814 nostram
2668 3756 2849 3827 usque
2871 3766 3083 3827 mtatem
3111 3756 3455 3812 observatum
3479 3768 3587 3814 est.

2016 3830 2217 3884 Verum
2241 3831 2354 3884 haec
2385 3829 2558 3883 obiter
2581 3830 2646 3881 de
2670 3826 2876 3880 Pseudo
2901 3855 2930 3866 -
2955 3826 3206 3896 Dionysio
3250 3827 3390 3881 dicta
3438 3829 3546 3881 sint
3571 3846 3584 3881 :

2014 3901 2218 3955 scimus
2247 3900 2390 3955 enim
2446 3913 2579 3966 pene
2629 3905 2916 3950 sexcentos
2944 3896 3288 3966 doctissimos
3341 3898 3487 3950 viros
3520 3898 3589 3951 de

2016 3972 2135 4039 ejus
2168 3977 2348 4034 aetate,
2370 3977 2425 4021 et
2447 3964 2667 4034 scriptis
2704 3964 3158 4039 tl7isputasse._7Qui
3199 3973 3376 4019 autem
3410 3980 3591 4039 eave-

2017 4033 2080 4094 lit
2109 4040 2300 4093 melius
2351 4052 2531 4099 nosse,
2563 4033 2683 4117 quae
2734 4035 2842 4098 hic,
2898 4042 2951 4086 et
2992 4033 3116 4087 alibi
3167 4049 3273 4155 lper
3333 4037 3590 4105 mysticus

2018 4124 2212 4155 sensus
2234 4108 2452 4155 exnonit
2491 4106 2691 4155 Pisnla.
2721 4106 2877 4155 adeat
2902 4103 3144 4155 eiusdem
3213 4106 3380 4155 seudo
3409 4132 3437 4143 -
3465 4104 3590 4155 Dio—

2018 4124 2212 4165 scnsus
2234 4108 2452 4175 exponit
2491 4103 2691 4169 Pisida,
2721 4106 2877 4175 adeat
2902 4103 3144 4175 ejusdem
3167 4103 3437 4175 Pseudo-
3465 4103 3590 4175 Dio-

2019 4181 2154 4244 nysii
2205 4171 2423 4244 seri—pta,
2468 4192 2530 4229 ac
2559 4173 2860 4243 prasertim
2900 4173 3202 4244 Tractatum
3251 4174 3314 4227 de
3368 4171 3591 4242 mystici)

2020 4196 2051 4233 Il
2091 4196 2154 4231 SII
2205 4196 2423 4244 δυτψιθ,
2468 4196 2530 4229 ac
2560 4196 2860 4243 praiseruut
2902 4196 3202 4227 ιταειιιιιιηι
3251 4196 3314 4227 ac
3368 4196 3589 4242 mystica

2020 4196 2276 4320 (geciogia
2305 4249 2377 4320 ad
2419 4245 2760 4320 Timotheum,
2790 4253 2849 4320 et
2878 4243 3132 4298 tractatui
3171 4244 3439 4320 praclixant
3471 4244 3589 4320 Isa-

2018 4313 2209 4390 gogem'
2228 4317 2288 4371 P.
2320 4315 2584 4377 Corderii,
2619 4314 2671 4368 in
2709 4313 2910 4384 quibus
2930 4328 2993 4368 ea
3038 4315 3219 4367 omnia
3259 4314 3367 4367 late
3422 4313 3591 4385 expli-

2020 4397 2231 4444 cantur.

2090 4458 2144 4511 2.
2207 4456 2473 4529 Sergium,
2522 4463 2581 4508 ut
2611 4469 2771 4529 saepe,
2824 4453 3069 4529 plurimis
3120 4451 3275 4507 effert
3320 4452 3587 4529 laudibus,

347 4520 597 4585 notitiam
629 4520 902 4586 hominem
934 4520 1172 4594 adducit,
1202 4530 1416 4583 videtur
1454 4520 1541 4585 hic
1567 4530 1750 4584 statim
1791 4530 1922 4583 deﬁ-
1947 4520 1990 4576 C
2021 4543 2184 4599 quem
2217 4529 2284 4582 de
2307 4520 2524 4599 divinis,
2558 4534 2612 4579 et
2644 4520 2956 4599 cmlestibus
2984 4524 3144 4599 rebus
3168 4538 3277 4576 non
3312 4525 3471 4578 modo
3500 4538 3591 4599 co—_

349 4604 468 4673 nire
500 4618 519 4673 ;7
552 4603 708 4673 cujus
734 4601 954 4673 quidem
980 4599 1218 4673 scientiae
1248 4609 1511 4673 tres7sunt
1542 4600 1740 4673 gradus
1780 4615 1914 4653 con-

349 4671 527 4725 stituti
558 4668 646 4737 iis,
681 4668 772 4740 qui
808 4672 864 4725 in
912 4685 976 4723 ea
1006 4668 1221 4724 student
1252 4671 1512 4737 proﬁcere
1544 4668 1566 4723 ἶ
1595 4670 1800 4724 scilicet
1816 4687 1917 4723 κα-

350 4741 616 4812 θαρισμὸς
642 4743 811 4796 cordis
845 4740 1096 4812 expiatio,
1120 4741 1397 4808 φωτισμὸς
1424 4742 1608 4794 mentis
1644 4740 1919 4794 illumina-

352 4811 444 4879 tio,
478 4811 753 4875 τελείωσις
783 4811 1030 4881 perfectio
1055 4819 1102 4863 et
1124 4812 1519 4866 consummatio.
1550 4812 1672 4865 Haec
1715 4822 1916 4875 autem,

352 4898 473 4952 qua:
551 4892 679 4937 sunt
724 4884 991 4952 prtecipua
1038 4881 1280 4952 mystica:
1323 4882 1812 4952 doctrinmicapita
1846 4889 1921 4952 _et

355 4950 738 5015 fundamenta;
762 4952 829 5006 ad
864 4950 982 5020 qlia:
1016 4950 1320 5019 respexisse
1348 4951 1564 5005 videtur
1593 4950 1792 5015 Pisiila,
1826 4950 1922 5005 de—

358 5024 556 5078 libasse
600 5023 850 5089 sutliciat,
881 5020 1237 5092 utquidsibi
1286 5021 1519 5092 voluerit
1573 5021 1919 5092 intelligatur.

360 5094 563 5147 Exinde
605 5094 747 5147 enim
783 5109 841 5147 se
885 5107 915 5145 a
954 5090 1151 5145 mentis
1183 5091 1417 5146 tenebris
1438 5130 1454 5157 ,
1486 5092 1682 5160 quibus
1712 5090 1927 5158 preme-

359 5164 518 5217 batur
548 5179 576 5216 a
639 5164 826 5232 Sergio
857 5162 1021 5217 fuisse
1049 5162 1357 5232 liberatum,
1390 5172 1444 5215 et
1478 5164 1561 5232 ad
1603 5176 1688 5216 res
1719 5176 1925 5232 sacras

361 5236 689 5299 tractandas,
721 5230 778 5289 ut
794 5232 1162 5289 Christianum
1186 5230 1361 5299 decet,
1388 5231 1679 5285 adductum
1710 5230 1926 5284 fatetur.

358 5304 630 5358 ueterum
686 5304 1077 5359 observandum
1136 5310 1219 5355 est
1267 5302 1416 5371 plura
1469 5302 1558 5355 hic
1612 5315 1924 5363 occurrere,

359 5390 480 5443 quas
509 5390 632 5429 cum
673 5375 887 5445 scriptis
918 5371 1154 5445 Dionysii
1177 5371 1346 5445 vulgo
1389 5372 1729 5445 Areopagitae
1776 5386 1931 5423 nun-

362 5441 542 5513 cupati
574 5441 923 5499 concordant.
958 5442 1225 5513 Quidquid
1261 5441 1409 5497 enim
1438 5442 1505 5496 de
1540 5441 1765 5513 Deo,_de
1804 5454 1927 5509 per-

364 5511 690 5569 fectionibus
728 5515 939 5581 divinis,
963 5516 1029 5567 tle
1060 5511 1264 5568 caelesti
1311 5512 1633 5577 hierarchia,
1666 5511 1731 5565 de
1761 5526 1927 5580 ange-

368 5587 432 5639 lis
462 5585 658 5654 legitur
682 5586 733 5639 in
763 5584 960 5647 Pisida,
994 5583 1205 5654 Pseudo
1232 5612 1260 5621 -
1287 5581 1523 5654 Dionysii
1554 5597 1701 5654 more
1726 5588 1926 5654 tracta-

371 5666 483 5712 tum
512 5650 866 5726 dignoscitur.
896 5654 1047 5710 Unde
1072 5653 1291 5724 colligas
1331 5672 1345 5708 :
1389 5650 1439 5707 ιζ
1460 5652 1479 5723 )
1504 5650 1700 5707 sacculo
1726 5666 1775 5706 Vl
1808 5651 1925 5721 pla-

2015 4594 2205 4669 g'itare,
2232 4608 2307 4669 et
2342 4597 2512 4666 loqui,
2546 4607 2606 4650 ut
2643 4596 2840 4669 _vellet,
2881 4594 3121 4669 potuisse
3158 4600 3434 4669 _testatur;
3494 4594 3589 4647 sed

2015 4663 2151 4725 alios
2171 4668 2331 4722 etiam
2362 4663 2456 4721 sua
2486 4665 2750 4729 doctrina,
2792 4674 2847 4719 et
2870 4666 3076 4734 pietate
3108 4663 3173 4734 ad
3207 4679 3386 4717 rerum
3405 4678 3588 4718 sacra-

2020 4754 2136 4793 rum
2166 4739 2526 4807 cognitionem
2548 4735 2855 4801 adduxiSse,
2877 4732 3044 4803 atque
3066 4732 3391 4789 informasse
3412 4747 3589 4789 exem-

2019 4809 2110 4879 plo
2145 4823 2243 4863 suo
2267 4808 2573 4879 confirmat.
2664 4878 2671 4879 7
2705 4875 2715 4879 _
2949 4872 2959 4879 7
3202 4808 3205 4815 “

2088 4880 2142 4933 5.
2173 4877 2612 4947 Οὐρανοδρόμοι
2640 4875 2828 4947 λόγῳ,
2866 4872 3055 4947 ςωιιιω
3092 4874 3458 4947 pervadentea_
3478 4891 3591 4947 ser-

2018 4944 2477 5019 mones,7inystiei.
2511 4946 2733 5019 Proetus
2764 4945 2979 5019 Lycius,
3025 4944 3091 4997 de
3124 4959 3232 5013 quo
3263 4944 3423 5019 plura
3446 4944 3590 5019 infra

2018 5014 2410 5089 obpavoné'upv
2443 5033 2511 5089 se
2536 5016 2735 5089 dixisse
2754 5014 2965 5089 videtur
2992 5024 3209 5089 :_ei_t_stat
3234 5014 3378 5089 enim
3411 5015 3462 5069 in
3501 5014 3590 5089 Bi-

2019 5083 2625 5144 bliotheea'Vindobon.
2668 5084 2898 5147 libellus,
2939 5084 3029 5152 qui
3069 5083 3457 5138 Uranodromus
3508 5086 3591 5138 in-

2023 5159 2297 5223 scribitur,
2330 5158 2444 5213 sive
2462 5156 2671 5228 σχόλιον
2700 5154 2943 5228 Πρρἕλου
2984 5154 3406 5226 οὐρανοδρόμου.
3458 5152 3590 5208 Vide

2025 5228 2367 5283 Lambecium
2392 5224 2605 5292 tim",
2631 5240 2753 5294 pag.
2781 5224 2871 5279 87.
2915 5293 2920 5294 7
3148 5250 3153 5255 ι

2094 5299 2149 5353 4.
2180 5298 2339 5351 Plura
2369 5299 2458 5351 hic
2503 5293 2723 5350 veniunt
2770 5293 2993 5364 mystica
3040 5294 3230 5359 verba,
3289 5308 3409 5362 quia:
3464 5306 3587 5345 eum

2025 5370 2240 5436 scriptis
2292 5366 2676 5436 Areopagiticis
2721 5364 3260 5436 confcrreupossis.
3324 5364 3589 5436 Ἀνικμρν

2033 5432 2256 5507 καρδίαν
2289 5432 2615 5490 ανὶάιιίηίεον
2644 5435 2873 5507 habebat
2904 5432 3101 5507 l’isida,
3149 5433 3489 5507 scilicetnon
3522 5433 3591 5484 ir-

2035 5502 2263 5577 rigatum
2314 5508 2512 5561 divina
2559 5505 2879 5577 eloquentia:
2906 5503 3168 5577 fontibus,
3197 5517 3333 5577 quos
3362 5502 3416 5555 in
3461 5517 3585 5555 eum

2031 5574 2295 5632 derivavit
2325 5577 2562 5645 Sergius,
2614 5574 2677 5631 ut
2726 5576 2790 5629 ad
2831 5574 2920 5625 Dei
2974 5574 3477 5645 contemplationem
3529 5586 3586 5625 se

2033 5648 2283 5717 erigeret.
2314 5643 2543 5703 Proinde
2576 5663 2687 5702 sum
2714 5646 2911 5701 mentis
2938 5643 3233 5697 caecitatem
3264 5643 3596 5698 describent».
