4144 6276
598 433 701 487 155
743 427 1053 492 Στολίζεται
1083 424 1139 478 δὲ
1161 424 1252 479 τὸν
1284 421 1487 494 χιτῶνα
1513 422 1603 472 τὸν
1645 416 1837 488 μέγαν,

736 522 841 573 Τὸν
873 518 1015 590 ἀέρα
1048 515 1361 570 κλωσθέντα
1388 512 1598 584 κερκίδι
1630 508 1758 582 ξένῃ
1778 523 1793 537 ·

735 610 936 675 Χυτὸν,
967 607 1189 677 διαυγῆ,
1215 603 1436 669 λεπτὸν,
1464 604 1831 674 ἠραιωμένον,

738 704 837 767 Εἰς
865 705 1045 757 πᾶσαν
1075 699 1389 754 είσδύνοντα
1421 698 1868 770 σωματουργίαν.

740 796 1080 868 Προέρχεται
1105 793 1161 846 δὲ
1194 789 1486 862 νυμφικῶς
1512 789 1872 859 ἐστεμμένος,

607 887 707 943 HO
745 886 943 943 Λαϐὼν
980 886 1221 953 διαυγεῖς
1253 881 1603 953 μαργαρίτας
1636 881 1891 951 ἀστέρας.

720 978 876 1048 Ἔχει
900 977 959 1029 δὲ
991 973 1128 1046 πρὸς
1151 972 1220 1025 τὰ
1248 970 1448 1041 στέρνα
1481 967 1741 1040 λυχνίτην
1768 968 1890 1033 ἕνα,

731 1072 821 1134 Ὧς
852 1068 963 1139 πῦρ
989 1064 1397 1121 ἀποστίλϐοντα
1428 1061 1566 1133 πρὸς
1594 1062 1695 1132 τὴν
1729 1060 1945 1133 ἡμέραν
1965 1075 1982 1092 '

723 1162 916 1216 Ἀλλον
944 1161 1001 1214 δὲ
1033 1158 1428 1226 λευκόπυρσον,
1458 1155 1535 1218 ὡς
1560 1154 1699 1223 πρὸς
1730 1155 1859 1217 τοὺς
1893 1152 2087 1217 πόδας,

746 1253 1044 1308 Δεικνύντα
1078 1251 1281 1320 λευκὴν
1314 1247 1597 1318 πανταχοῦ
1630 1242 1727 1317 τὴν
1758 1246 2001 1320 ἑσπέραν
2022 1262 2037 1276 ο

611 1346 713 1401 145
747 1346 982 1416 Φρουρεῖ
1008 1343 1064 1396 δὲ
1092 1343 1296 1406 πᾶσαν,
1328 1340 1404 1403 ὡς
1432 1340 1490 1392 ὲν
1522 1340 1740 1411 εἱρκτῇ,
1775 1340 1875 1409 τὴν
1906 1338 2099 1408 φύσιν⁶

748 1441 922 1510 Τηρεῖ
951 1439 1008 1492 δὲ
1039 1437 1109 1490 τὰ
1144 1436 1384 1503 στοιχεῖα
1418 1429 1767 1503 φραγμώσας
1796 1430 1895 1483 ὅλα
1915 1445 1929 1459 θ
2148 1424 2155 1427 ’

747 1532 966 1594 Κόλπος
1002 1529 1061 1581 δὲ
1091 1526 1291 1588 παντὸς
1322 1524 1533 1593 γίνεται
1562 1521 1910 1593 κινουμένου,

746 1622 946 1676 Φθάνει
976 1619 1034 1673 δὲ
1068 1620 1176 1672 πᾶν
1208 1616 1439 1686 κίνημα,
1472 1613 1753 1682 συγκινῶν
1779 1612 1875 1666 ὅλα
1896 1628 1911 1643 ⁸

750 1714 995 1785 Στιγμὴν
1021 1710 1079 1765 δὲ
1107 1709 1207 1781 τὴν
1238 1709 1362 1779 γῆν,
1396 1706 1585 1778 ὥσπερ
1613 1707 1669 1758 ὲν
1700 1704 1850 1775 μέσῳ
1870 1743 1885 1769 ,
1916 1702 2093 1774 φέρει.

615 1807 716 1863 150
740 1808 854 1861 Ἐπ’
877 1803 1089 1866 οὐδενὸς
1112 1801 1168 1855 δὲ
1192 1802 1486 1873 πήγματος
1518 1796 1903 1867 πεπηγμένος,

1886 298 2207 362 GEORGII
2246 293 2521 357 PISIDzE

2436 411 2509 463 Τὸ
2540 406 2910 477 κοσμαγωγὸν
2938 403 3244 477 ἀντερείδει
3278 401 3527 474 κεντρίον
3550 416 3563 431 ·

2435 501 2622 555 Συνδεί
2648 500 2706 554 δὲ
2729 500 2830 572 τὴν
2862 497 3125 561 ἄϐυσσον,
3150 496 3227 559 ὡς
3256 496 3314 548 ὲν
3340 493 3645 565 σπαργάνῳ
3662 508 3678 523 ⁸

2438 593 2647 648 κυκλοῖ
2675 593 2732 646 δὲ
2762 592 2862 661 τὴν
2891 590 3207 661 σύμπασαν,
3240 587 3317 652 ὡς
3346 591 3407 642 έν
3437 587 3645 655 δικτύῳ
3668 602 3685 617 ⁸

2436 685 2668 754 Σφίγγει
2692 682 2749 735 δὲ
2776 683 2957 736 πάντα
2988 682 3071 735 σοὶ
3108 681 3256 751 μόνῳ
3289 684 3638 750 κρατούμενα
3657 696 3671 709 ·

2298 777 2402 833 155
2439 777 2552 831 Καὶ
2579 776 2670 830 τὸν
2697 774 2953 829 τοσοῦτον
2983 774 3147 842 ὄγκον
3183 772 3472 841 ἐγκλείσας
3501 774 3631 839 ἔσω,

2407 868 2649 934 Ἔξωθεν
2675 867 2839 930 αὐτὸς
2864 866 2942 937 τῷ
2972 865 3172 920 πλάτει
3192 860 3575 935 ἲυσφίγγεται
3596 881 3610 895 ⁸

2438 962 2802 1033 Μετρουμένη
2834 958 2946 1029 γὰρ
2977 957 3225 1030 οὐρανῶν
3257 956 3499 1028 ἀμετρία

2423 1054 2513 1116 Ὠς
2544 1053 2683 1122 πρὸς
2710 1052 2771 1106 σὲ
2799 1051 3005 1122 στιγμὴ
3036 1050 3247 1120 γίνεται
3278 1049 3640 1121 στενουμένη,

2446 1166 2464 1198 ι
2485 1145 2576 1209 Ὠς
2614 1143 2981 1216 Δημιουργὸν,
3008 1144 3085 1207 ὡς
3110 1143 3375 1196 κτίσαντα
3402 1144 3514 1197 πᾶν
3540 1160 3742 1212 σοφως.

2332 1237 2434 1294 160
2463 1232 2535 1289 *Ω
2560 1236 2910 1308 μηχανουργὲ
2938 1236 3038 1306 τῆς
3060 1233 3439 1307 πολυστρόφου
3468 1233 3673 1305 στέγης
3692 1250 3709 1266 ο

2440 1330 2776 1400 Διαγράφεις
2804 1328 2915 1401 γὰρ
2941 1329 3142 1393 πᾶσαν,
3168 1326 3247 1392 ὡς
3279 1327 3477 1393 θέλεις,
3509 1326 3677 1396 φύσιν

2446 1422 2527 1493 Τῇ
2556 1424 2623 1493 σῇ
2648 1419 2901 1492 διόπτρᾳ,
2928 1420 3023 1473 καὶ
3039 1419 3326 1488 στεγάζεις
3351 1418 3479 1482 τοὺς
3501 1419 3675 1481 κάτω,

2444 1514 2558 1568 Καὶ
2587 1513 2711 1578 τοὺς
2748 1512 3071 1584 παροίκους,
3105 1513 3188 1574 εἰς
3226 1509 3516 1582 ὑπαίθριον
3546 1511 3782 1580 σκέπην,

2444 1604 2762 1674 Διαφλέγων
2794 1604 2896 1675 μὲν
2918 1603 3015 1657 καὶ
3056 1600 3250 1673 πυρῶν
3284 1601 3376 1655 τὸν
3408 1600 3606 1672 αἰθέρα
3635 1616 3651 1632 ·

2306 1698 2410 1755 165
2452 1697 2599 1769 Πλὴν
2621 1697 2698 1767 μὴ
2722 1694 2994 1767 φλογίζων
3023 1697 3089 1765 τῇ
3119 1693 3367 1766 πυρώσει
3398 1694 3501 1766 τὴν
3539 1693 3743 1758 κτίσιν,

2464 1789 2605 1843 Ἀλλ’
2637 1788 2715 1853 ὡς
2732 1788 2882 1842 δοκεῖ
2910 1805 2993 1842 σοι
3028 1789 3212 1841 πᾶσαν
3239 1785 3498 1857 ἁρμόζων
3526 1785 3714 1855 φύσιν.

576 1990 850 2062 quebitur.
882 1988 1159 2063 Magnum.
1197 1987 1341 2059 quod
1390 1985 1585 2051 induit,
1633 1985 2047 2053 vestimentum,
2092 1995 2173 2041 to-
2276 2001 2398 2042 sum
2433 1985 2601 2041 veluti
2636 1983 2819 2040 fasciis
2848 1982 3195 2054 constringit,
3244 1991 3301 2038 et
3340 1992 3542 2038 terram
3568 1982 3739 2039 veluti
3768 1999 3856 2040 re-

576 2089 689 2134 tum
726 2089 810 2135 est
843 2095 909 2135 ex
944 2096 1069 2135 aere
1102 2076 1404 2133 admirandi
1437 2075 1674 2147 pectinis
1703 2093 1807 2148 ope
1835 2086 2171 2143 contextum,

576 2168 865 2239 ipsumque
908 2178 993 2224 est
1029 2168 1276 2233 liuidum,
1327 2166 1686 2238 pellucidum,
1744 2176 1932 2233 tenue,
1988 2184 2170 2222 rarum

576 2276 906 2331 omnemque
976 2262 1196 2316 molem'
1238 2273 1560 2331 corpoream
1620 2258 1771 2314 intus
1851 2269 2167 2331 penetrans.

576 2352 833 2408 Procedit
864 2362 1047 2409 autem
1076 2361 1353 2417 ornatum,
1394 2361 1651 2421 tanquam
1701 2366 1957 2422 sponsus,
1989 2352 2167 2408 lucida

592 2444 773 2499 sidera
805 2460 906 2515 pro
953 2444 1261 2515 margaritis
1295 2458 1582 2500 assumens
1613 2462 1626 2497 :
1663 2458 1728 2499 ac
1748 2444 1802 2499 in
1832 2445 2016 2500 medio
2044 2446 2169 2515 qui-

579 2532 705 2592 dem
727 2548 946 2608 pectore
968 2554 1137 2593 unum
1166 2538 1465 2609 lyclmitem
1497 2528 1681 2603 habet,
1713 2536 1807 2608 qui
1851 2537 2002 2592 velut
2032 2537 2171 2609 ignis

579 2630 771 2684 rutilat
797 2646 894 2701 per
938 2630 1075 2696 dies,
1122 2630 1354 2685 alterum
1402 2644 1534 2685 vero
1560 2629 1923 2684 subalbicanti
1954 2628 2169 2700 fulgore

582 2721 869 2792 praeditum
915 2722 1069 2792 quasi
1116 2722 1184 2776 ad
1217 2722 1385 2792 pedes
1415 2721 1574 2792 gerit,
1602 2736 1713 2791 quo
1752 2719 2013 2775 candidas
2048 2721 2171 2775 ubi-

579 2829 690 2885 que
742 2823 932 2869 noctes
968 2814 1115 2869 facit.
1179 2812 1532 2884 Quaecunque
1584 2821 1714 2868 sunt
1767 2822 1970 2879 creata,
2018 2813 2170 2867 velut

582 2906 819 2976 quodam
853 2906 1061 2961 inclusa
1088 2906 1348 2972 claustro,
1382 2906 1650 2973 continet,
1695 2921 1759 2962 ac
1804 2914 2009 2974 tuetur,
2048 2922 2169 2962 om-

582 2998 783 3068 niaque
807 2998 1077 3053 elementa
1108 3008 1290 3054 servat
1353 3007 1708 3055 cteoereet:
1741 3009 1905 3070 atque
1944 3000 2083 3055 adeo
2110 3000 2172 3056 lit

583 3090 827 3145 omnium
859 3106 919 3146 se
961 3092 1299 3146 moventium
1331 3091 1505 3158 sinus,
1537 3107 1771 3163 cumque
1803 3108 2021 3147 omnem
2051 3109 2170 3148 mo-

2274 2079 2424 2134 tibus
2472 2076 2792 2133 circumdat.
2831 2075 3181 2146 Quaecunque
3228 2074 3343 2141 tibi,
3393 2075 3559 2142 Deus,
3621 2084 3857 2133 tantum—

2271 2170 2436 2226 modo
2463 2171 2865 2241 obtemperant,
2897 2176 3112 2224 coercet
3137 2168 3361 2235 ctelum,
3387 2184 3622 2239 cumque
3655 2178 3858 2224 tantam

2269 2276 2455 2317 rerum
2506 2262 2705 2317 molem
2734 2261 2883 2317 intus
2913 2260 3177 2327 includat,
3219 2270 3277 2318 et
3316 2260 3647 2331 intorqueat,
3681 2261 3858 2331 ipsum

2267 2365 2455 2412 tamen
2478 2356 2647 2410 vastis
2672 2354 2863 2425 spatiis
2916 2354 3158 2410 exterius
3196 2353 3555 2411 concluditur.
3602 2354 3737 2422 Quae
3781 2364 3863 2410 est

2280 2448 2427 2504 enim
2472 2448 2706 2503 maxima
2731 2447 2994 2504 caelorum
3028 2449 3566 2515 immensumbilitss,
3597 2450 3675 2504 nil
3715 2450 3861 2505 aliud

2267 2548 2372 2605 est,
2416 2556 2582 2611 quam
2622 2549 2891 2611 punctum
2923 2541 3189 2613 angustiis
3216 2542 3457 2614 undique
3483 2542 3864 2613 circumscrip-

2270 2643 2409 2700 tum,
2443 2642 2624 2690 tecum
2644 2634 2920 2700 dimensa,
2944 2643 3003 2689 et
3023 2642 3358 2706 comparata,
3389 2633 3481 2705 qui
3523 2648 3711 2689 rerum
3740 2650 3861 2689 om-

2268 2728 2422 2784 nium
2444 2744 2502 2783 es
2519 2724 2709 2797 Opifex
2737 2735 2793 2783 et
2824 2728 3091 2784 mundum
3113 2728 3516 2800 sapientissime
3538 2728 3859 2783 condidisti.

2347 2817 2392 2874 Ο
2425 2820 2655 2890 hujusce
2683 2818 2833 2876 varie
2858 2838 2917 2877 se
2937 2822 3206 2879 vertentis
3232 2821 3360 2877 tecti
3393 2820 3592 2876 artifex
3624 2820 3862 2877 admira-

2276 2906 2425 2962 bilis!
2461 2908 2542 2962 Tu
2569 2909 2717 2964 enim
2756 2924 2977 2964 onmem
3002 2916 3278 2973 naturam,
3304 2920 3362 2965 ut
3381 2910 3485 2974 vis,
3526 2921 3621 2965 tua
3647 2910 3863 2980 dioptra

2277 3000 2540 3056 describis
2567 3011 2622 3057 et
2655 2999 2875 3066 deﬁnis,
2899 3017 3124 3073 eosque.
3155 3003 3245 3072 qui
3294 3011 3423 3057 sunt
3449 3002 3735 3067 deorsum,
3765 3004 3865 3056 ba-

2276 3094 2562 3165 bitantque
2601 3093 2827 3160 circum,
2864 3095 2971 3150 hoc
3029 3094 3259 3151 subdiali
3302 3094 3623 3151 umbraculo
3671 3102 3732 3150 ut
3782 3094 3865 3148 vis

584 3193 699 3238 tum
750 3191 1096 3248 anterertat,
1146 3184 1328 3238 omnia
1392 3192 1572 3240 tamen
1621 3184 1783 3240 simul
1839 3194 2166 3242 commovet.
2197 3161 2241 3220 θ
2276 3187 2831 3271 contegis:quam.vis
2859 3188 3005 3243 enim
3028 3189 3230 3243 aethera
3252 3186 3861 3251 circuminllammes,et

582 3271 828 3342 Terram,
861 3276 1027 3341 veluti
1060 3285 1347 3346 punctum,
1400 3276 1457 3331 in
1501 3276 1681 3332 medio
1724 3277 1900 3349 gerit;
1937 3293 2172 3348 cumque

583 3364 761 3435 ipsum
791 3366 937 3421 nulla
992 3366 1048 3422 in
1084 3367 1381 3422 stabilitate
1428 3368 1499 3423 sit
1531 3367 1827 3431 firmatum.
1866 3370 2053 3424 mundi
2086 3379 2170 3425 ta-

586 3474 709 3512 men
740 3459 1009 3526 cardines,
1043 3466 1098 3513 et
1125 3468 1379 3514 centrum
1408 3458 1535 3514 hinc
1561 3460 1688 3515 inde
1718 3459 1972 3515 sustinet.
1999 3462 2172 3533 Abys-

2277 3276 2559 3341 incendas,
2595 3291 2661 3333 ex
2698 3276 2800 3332 ista
2833 3286 3013 3333 tamen
3043 3279 3367 3333 accensione
3396 3293 3484 3332 res
3512 3286 3717 3333 creata
3753 3292 3859 3331 non

2278 3370 2677 3423 comburuntur
2710 3385 2725 3434 ;
2756 3370 2852 3424 sed
2886 3371 3131 3425 omnium
3168 3387 3351 3426 rerum
3387 3378 3663 3437 naturam,
3700 3378 3863 3441 prout

2278 3462 2376 3518 tibi
2407 3464 2605 3535 placet,
2629 3472 2818 3521 contra
2846 3471 3120 3539 temperas
3147 3475 3204 3522 et
3229 3463 3551 3520 moderaris.

2110 3669 2342 3728 NOTAE.

662 3841 785 3898 155.
815 3840 986 3898 David
1012 3842 1150 3899 dixit
1179 3843 1351 3899 Deum
1379 3860 1499 3900 esse
1526 3845 1785 3902 amictum
1813 3848 1934 3905 luce
1968 3868 1982 3904 :
2015 3849 2165 3904 Ami-

586 3924 702 3970 ctus
733 3912 865 3978 luce,
897 3916 1029 3968 sicut
1053 3916 1377 3972 vestimento.
1413 3916 1560 3970 Psal.
1594 3932 1705 3983 cm,
1734 3920 1792 3974 2.

660 3984 783 4039 156.
818 3986 1010 4039 Aerem
1059 3986 1178 4040 tela:
1224 3987 1542 4042 tenuissime
1593 3990 1814 4045 intexta:
1857 3990 1988 4045 satis
2029 3991 2170 4047 belle

587 4056 1116 4132 eo_mparat_l’isida.
1143 4056 1369 4132 _Eo_dem
1403 4060 1603 4132 _modo_,
1649 4060 1743 4115 sed
1776 4060 2169 4132 frigidiuscule,

590 4126 713 4181 telae
760 4127 1059 4196 :equiparat
1105 4128 1345 4197 pluviam
1398 4128 1727 4185 Severianus
1784 4126 1970 4186 lioiuil.
2003 4134 2056 4196 5,
2085 4132 2118 4186 6
2155 4126 2169 4185 ὲ

591 4199 1093 4273 ξΩσπερ-στήμο-να
1138 4199 1335 4273 λεπτὸν
1379 4202 1517 4273 γυνὴ
1561 4200 1861 4273 διανῄσασα
1889 4202 2079 4273 τέμνει
2108 4201 2170 4273 τὸ

586 4268 733 4341 ἔριον
784 4269 1120 4341 εἰςᾼπολλάς
1161 4270 1255 4341 καὶ
1290 4268 1591 4341 διαφόρους
1640 4268 1811 4340 ὃψεις,
1857 4268 2029 4335 obtine
2075 4272 2168 4326 τὸν

587 4337 817 4414 ἄπειρον
873 4337 1032 4409 βυθὸν
1053 4340 1165 4414 -τῆς
1217 4337 1494 4414 saxeam
1531 4343 1616 4414 εἰς
1645 4337 1928 4409 σταγόνας,
1978 4343 2168 4414 ὥσπερ

590 4410 1240 4495 σχήματιηκαξατέμνων,
1272 4410 1682 4495 ούῃτωςπέμπει
1714 4416 1782 4495 τῇ
1816 4417 1884 4495 γῇ
1910 4432 1922 4445 ⁸
1948 4414 2013 4495 Ut
2044 4410 2162 4467 mu;

590 4479 688 4552 lier
708 4479 897 4552 subtile
916 4481 1111 4549 ﬂumen
1143 4497 1287 4546 nens,
1328 4481 1508 4535 lanam
1551 4479 1787 4552 dispertit
1819 4479 1884 4537 ἰιῖ
1904 4485 2090 4547 multa,
2120 4494 2166 4537 et

587 4551 792 4604 diversa
822 4551 936 4620 fila.
964 4554 1039 4605 sic
1076 4552 1387 4606 immensam
1416 4554 1580 4606 maris
1610 4551 1943 4608 altitudinem
1969 4556 2025 4609 in
2053 4555 2172 4609 stil-

590 4620 692 4683 las,
722 4622 871 4690 quosi
891 4622 983 4690 ﬁta
1010 4623 1267 4688 dividens,
1305 4624 1381 4676 ita
1404 4624 1460 4677 in
1482 4632 1678 4679 terram
1716 4626 1892 4679 mittit.

663 4692 790 4766 149.
818 4691 1104 4763 Eleganter
1130 4708 1254 4748 cum
1277 4693 1474 4766 ctelum
1507 4696 1697 4757 stellis,
1747 4703 2005 4766 tanquam
2032 4712 2175 4751 mar-

590 4761 797 4837 garitis,
835 4761 954 4817 esse
999 4771 1252 4837 ornatum
1292 4764 1536 4837 dixisset,
1579 4766 1750 4837 solem
1782 4761 2068 4821 et‘lunam
2102 4769 2175 4837 ty-

591 4832 797 4906 ehnitas
823 4845 998 4890 vocat.
1035 4835 1199 4890 Ludit
1227 4836 1373 4889 enim
1416 4836 1470 4888 in
1508 4850 1643 4890 voce
1686 4835 1879 4906 λύχνος
1924 4832 2170 4903 lucerna,

593 4904 1042 4978 υιιιιεμλυχνίτης
1094 4905 1341 4978 lychnites
1372 4904 2051 4978 geminafulgentissima,
2104 4908 2173 4962 de

592 4990 697 5042 qua
727 4974 1006 5040 Ailianns,
1028 4974 1127 5031 lib.
1151 4992 1270 5042 νηί,
1306 4974 1396 5030 22⁷
1426 4975 1548 5030 Var.
1586 4974 1741 5031 llistf
1768 4987 1825 5033 et
1855 4976 2066 5033 Psellus
2095 4978 2173 5032 De

594 5044 857 5119 lapidibus
881 5047 1074 5102 similia
1101 5055 1326 5101 narrant
1360 5046 1449 5119 iis,
1474 5062 1601 5119 qua:
1626 5049 1876 5119 leguntur
1898 5048 1949 5102 in
1978 5049 2173 5103 Lucia-

592 5131 685 5191 no,
718 5117 761 5191 si
786 5127 978 5191 tamen
1007 5118 1230 5191 Luciani
1261 5127 1344 5191 est
1364 5118 1577 5191 libellus
1607 5117 1803 5173 De'dea
1836 5120 1993 5191 Syria
2015 5136 2045 5191 _.'
2076 5120 2172 5172 Λί-

594 5187 685 5261 θον
714 5187 807 5261 έπί
833 5190 896 5261 τῇ
925 5189 1142 5261 ’κεφαλῇ
1181 5189 1402 5261 φορέει,Δ
1428 5188 1611 5260 λυχνὶς
1637 5187 1895 5261 καλέεται
1918 5209 1932 5222 ·
1968 5189 2173 5261 οὕνομα

591 5257 727 5331 δέᾉοί
779 5257 895 5312 τοῦή
923 5259 1087 5331 ἔργου
1185 5257 1468 5329 συντυχίη·
1496 5257 1623 5313 ⁷ἀπὸ
1666 5260 1858 5314 τούτου
1904 5262 1962 5314 ὲν
2018 5257 2173 5314 νυκτὶ

595 5329 754 5400 σέλας
811 5329 1003 5400 πολλὸν
1056 5331 1461 5400 ἀπολάμπεται,
1512 5331 1618 5384 ὑπὸ
1665 5331 1724 5385 δὲ
1756 5333 1805 5385 οἱ
1840 5332 1934 5384 καὶ
1978 5334 2006 5385 ὁ
2046 5331 2173 5400 νηὸς

593 5395 902 5474 ἄπαςηοῖον
923 5403 1026 5457 ὑπὸ
1066 5395 1662 5474 λύχνοισιῇφαείνεταν
1715 5404 1773 5474 έν
1822 5403 2006 5474 ἡμέρῃ
2033 5395 2174 5456 δὲ’τὸ

596 5438 1631 5545 $2,353;"ﬁeivﬁl‘i'iétiiisi'ii‘él
1668 5438 2169 5545 κᾶῥτοὶ⁸⁸ζιῖῥὲδὲἒαὛ

592 5539 867 5616 gemmam
889 5546 945 5597 in
972 5548 1142 5615 capite
1170 5546 1293 5616 fert,
1321 5539 1439 5608 quae
1477 5539 1673 5616 lychnis
1702 5539 1919 5616 vocatur
1942 5539 1971 5598 ε’
1989 5561 2175 5599 nomen

593 5610 675 5665 illi
700 5629 787 5694 res
818 5616 931 5694 ipsa
957 5610 1118 5669 dedit.
1154 5610 1227 5669 Ᾱὸ
1250 5610 1348 5669 hac
1379 5610 1530 5694 noctu
1565 5613 1741 5694 fulgor
1785 5614 2173 5694 multus-coru-

594 5693 730 5757 scat,
762 5695 817 5757 ut
846 5688 911 5739 ab
937 5704 997 5740 ea
1026 5697 1292 5757 tanquam
1312 5700 1343 5736 a
1362 5684 1602 5757 lucernis
1621 5687 1757 5738 a'des
1784 5695 1892 5738 tota
1924 5686 2170 5741 relueeat.

596 5750 833 5809 Interdiu
862 5758 1105 5812 splendor
1134 5750 1227 5813 "ille
1277 5754 1585 5809 imbecillior
1613 5765 1686 5810 est
1718 5771 1735 5811 :
1777 5766 2021 5812 cwterum
2056 5773 2171 5815 sue-

2268 3852 2399 3906 ciem
2423 3852 2575 3906 habet
2602 3852 2753 3907 valde
2779 3854 3007 3924 igneam.

2345 3924 2464 3977 H5.
2494 3921 2901 3993 Λευκόπυρσος,
2938 3937 3075 3976 nova
3105 3936 3208 3975 vox
3236 3921 3304 3975 ad
3344 3922 3742 3991 designandum
3776 3925 3861 3980 lu-

2270 4009 2407 4067 men
2456 3994 2600 4049 lunae
2650 3997 2954 4067 aptissima,
2993 3993 3363 4067 λευκνέπυρσος
3413 3994 3565 4067 enim
3604 4004 3691 4067 est
3747 3997 3864 4067 igne

2271 4065 2521 4131 candens,
2549 4076 2607 4121 ut
2632 4066 2836 4121 dicitur
2865 4066 3104 4130 ferrum,
3153 4065 3373 4134 quando
3418 4074 3502 4120 est
3554 4064 3863 4122 inflamma-

2273 4144 2407 4190 tum.

2345 4205 2469 4260 146.
2531 4205 2903 4277 Φραγμώσας,
2942 4222 3052 4277 non
3095 4220 3125 4259 a
3168 4204 3434 4277 φράττῳ,
3469 4203 3567 4277 sed
3616 4222 3648 4258 a
3682 4224 3864 4277 φραγ-

2275 4277 2390 4348 μόω
2415 4274 2908 4332 ύετίνὲινὶιΡὶδίιιιὶ.
2942 4274 3343 4348 Elementorum
3372 4274 3747 4330 diversitatem
3809 4274 3865 4332 et

2272 4346 2619 4404 concordiam
2653 4349 2876 4403 iudicat.
2909 4346 3217 4418 l’ervulgati
3250 4355 3378 4418 sunt
3422 4361 3633 4411 versus,
3664 4349 3864 4416 quibus

2272 4418 2517 4484 Ovidius,
2574 4420 2919 4489 Metamorph.
2954 4419 3046 4472 lib.
3075 4416 3127 4480 ιζ
3159 4418 3244 4479 15,
3303 4416 3574 4472 elementa
3618 4418 3766 4473 inter
3803 4436 3864 4474 se

2273 4491 2568 4560 pugnantia
2604 4491 2881 4552 describit,
2908 4505 3029 4559 qua:
3060 4500 3242 4543 tamen
3272 4489 3432 4560 Deus.

2385 4561 2679 4615 Dissociata
2712 4561 2834 4615 locis
2864 4561 3103 4613 concordi
3136 4576 3264 4628 pace
3298 4559 3481 4629 ligavit

2346 4631 2465 4689 H9.
2526 4631 2769 4701 Στιγμή.
2823 4631 3053 4693 Plinius,
3099 4631 3201 4701 lib.
3235 4646 3294 4693 ιι,
3323 4628 3444 4699 cap.
3496 4628 3583 4684 68.
3639 4633 3741 4684 Ha?
3786 4642 3861 4688 tot

2273 4705 2535 4772 portiones
2564 4715 2737 4767 terrea,
2763 4703 2868 4757 imo
2899 4719 3039 4767 vero,
3061 4714 3116 4755 ut
3148 4700 3329 4769 plures
3353 4702 3642 4762 tradidere.
3674 4707 3859 4760 mundi

2273 4784 2493 4842 pnnctus
2528 4776 2710 4845 (usque
2724 4774 2860 4826 enim
2894 4784 2969 4827 est
2997 4772 3146 4845 aliud
3174 4782 3314 4825 terra
3349 4773 3402 4824 in
3432 4773 3720 4845 universo;,
3752 4774 3861 4827 Iure

2275 4856 2348 4896 est
2370 4842 2594 4915 materia
2623 4842 2806 4915 gloria:
2837 4853 3047 4915 nostrae,
3090 4843 3200 4896 hare
3226 4848 3401 4915 sedes,
3421 4852 3527 4898 etc.
3557 4842 3751 4915 Simile
3778 4855 3860 4898 est

2276 4914 2406 4968 illud
2428 4913 2669 4979 Seneca},
2695 4916 2788 4969 lib.
2829 4932 2865 4969 ι.
2898 4914 3031 4969 Ναι.
3063 4923 3251 4985 quam.
3286 4913 3339 4966 in
3376 4913 3611 4969 Promm.
3644 4913 3759 4969 Hoc
3786 4927 3859 4969 est

2273 4985 2405 5038 illud
2424 4996 2693 5053 punctum,
2725 4987 2863 5056 quod
2901 4987 3036 5039 inter
3066 4994 3139 5038 tot
3166 4996 3342 5056 gentes
3373 4985 3512 5056 {erro
3543 4994 3590 5038 et
3634 4985 3747 5055 igni
3776 4987 3859 5040 di—

2272 5058 2486 5111 viditur.
2516 5057 2574 5124 l0
2607 5054 2767 5128 quam
2802 5057 3012 5110 ridiculi
3055 5054 3181 5111 sunt
3207 5054 3491 5128 mortales!

2350 5128 2467 5183 151.
2499 5125 2785 5207 Κενξρίον
2813 5129 3225 5207 κοᾳμαγιύγόν,
3254 5126 3502 5207 mundum
3531 5125 3760 5207 fulciens
3810 5139 3856 5181 et

2273 5209 2593 5255 sustentans.
2629 5198 2765 5256 Puto
2789 5199 2912 5253 εωιὶ
2931 5196 3193 5253 cardines
3231 5206 3285 5250 et
3341 5196 3495 5265 polos
3531 5196 3853 5266 intelligere,

2273 5271 2473 5339 quibus
2504 5270 2662 5325 inniti
2696 5271 2895 5325 malum
2924 5278 3139 5325 veteres
3178 5267 3539 5333 tradiderunt,
3582 5268 3669 5322 vel
3698 5284 3855 5322 axem

2274 5342 2485 5397 mundi.

2353 5414 2470 5466 151.
2501 5411 2635 5466 Cod.
2671 5409 2828 5468 1126.
2860 5412 2954 5465 Σοὶ
2983 5409 3354 5482 κρατούμενος
3386 5407 3557 5479 μόνῳ.

2346 5483 2469 5538 158.
2501 5485 2649 5537 Idem
2678 5483 2811 5537 Cod.
2850 5485 3051 5553 νυγμή.

2349 5555 2469 5609 liii.
2496 5555 2787 5609 Climatum
2810 5546 3179 5608 diversitatem
3203 5552 3474 5624 designat.
3500 5546 3707 5606 Confer
3736 5565 3866 5606 san-

2274 5635 2423 5681 ctum
2464 5626 2718 5680 llasilium
2753 5624 2941 5679 homil.
2974 5626 3026 5688 (ἰ,
3058 5625 3112 5679 8.

2346 5698 2467 5752 165.
2500 5697 2632 5753 Cod.
2669 5696 2825 5763 “‘26,
2854 5696 2931 5759 εἰς
2964 5695 3227 5768 ὑπαίθρια
3258 5691 3499 5761 σκέπεις.
