4144 6276
770 424 880 481 Καὶ
900 418 1284 493 πνευματοῦσα
1306 416 1446 489 μετὰ
1478 412 1797 483 ένογκώδεις
1828 414 2041 483 λόγους,

757 519 861 573 Ἦν
892 517 967 579 ὡς
1000 513 1240 583 ἆσαθρον
1267 511 1362 565 καὶ
1391 508 1681 580 διάρρυτον
1700 506 1896 574 κτίσιν,

768 607 949 669 Φεκάς
977 604 1223 673 συνιστᾷ,
1256 603 1352 655 καὶ
1382 598 1598 667 σταγὼν
1620 597 1940 668 ἀνατρέπει.

777 696 839 747 Et
868 690 1161 763 συστρέφει
1182 691 1291 759 γὰρ
1318 689 1440 751 τοὺς
1472 686 1678 754 πάγους
1705 688 1739 756 ἡ
1759 685 2057 756 ψυχρότης,

634 773 737 840 575
776 783 886 838 Καὶ
903 781 1080 836 ταῦτα
1108 781 1253 833 ποιεῐ
1276 777 1371 832 τοῦ
1397 778 1589 847 θέρους
1618 775 1951 846 ή⁶θερμότης
1972 790 1987 808 ο

785 872 957 926 Πόθεν
985 869 1244 940 συνῆλθον
1274 870 1352 931 εἰς
1384 866 1706 936 συνέργειαν
1739 865 1889 935 μίαν,

760 959 1049 1022 Ἑναντίως
1074 957 1286 1027 έχοντες
1310 955 1539 1025 ἐργάται
1557 952 1651 1008 δύο
1674 970 1690 1019 ;

772 1054 930 1106 Ποῖαι
950 1050 1008 1104 δὲ
1035 1049 1223 1121 χῶναι,
1264 1048 1359 1101 καὶ
1385 1046 1696 1117 χύλιστραι,
1722 1044 1818 1098 καὶ
1840 1043 2061 1114 στρόφοι
2083 1060 2106 1110 ςι

772 1141 1066 1211 Τὴνιψύξιν
1102 1139 1449 1210 ὲσφαίρωσαν
1482 1137 1563 1201 εἰς
1590 1135 1758 1208 ρυτὴν
1788 1134 1936 1189 λίθον
1961 1151 1976 1200 ;

639 1234 744 1292 585
783 1235 950 1288 Πόθεν
971 1232 1030 1286 δὲ
1056 1233 1152 1286 καὶ
1185 1230 1319 1299 φλὸξ
1349 1232 1417 1301 τῇ
1452 1231 1619 1300 βραχῇ
1654 1228 1993 1300 μεμιγμένη,

775 1327 885 1380 Καὶ
910 1326 1029 1389 ταῖς
1053 1324 1375 1393 φιλέχθροις,
1393 1323 1729 1392 συστροφαῖς
1752 1320 2064 1391 εἰλουμένη,

777 1418 1013 1471 ’Δλωσιν
1035 1416 1094 1469 οὺ
1117 1414 1381 1467 πέπονθεν
1411 1411 1839 1481 ἀλληλοφθόρολη

777 1509 840 1563 Εἰ
859 1509 904 1561 δ’
938 1504 1094 1570 αὖθις
1116 1507 1151 1578 ἢ
1180 1505 1302 1559 νοῦν
1333 1505 1645 1574 ὀξυκίνητον
1696 1503 1963 1573 στρέφων,

760 1601 831 1653 Ἦ
862 1597 1076 1669 πνεῦμα
1106 1596 1301 1650 λεπτὸν
1331 1596 1411 1658 είς
1441 1590 1740 1657 ἀνάπτυξιν
1766 1592 1946 1661 λόγου,

637 1692 744 1750 585
771 1693 957 1745 Εξπεῖν
981 1707 1033 1743 τι
1064 1687 1252 1742 πιστὸν
1278 1686 1388 1740 τῶν
1410 1686 1745 1756 άποκρύφων
1785 1684 1967 1755 μάθοι,

783 1779 888 1835 Καὶ
918 1778 1079 1834 τοῦτο
1100 1778 1199 1848 τῆς
1229 1777 1348 1847 σῆς,
1375 1776 1632 1842 δέσποτα,
1660 1774 2000 1847 προμηθείας
2019 1789 2035 1807 ο

607 1957 910 2005 sermones,
937 1949 994 1994 et
1019 1939 1285 2009 ampullas
1315 1937 1633 2008 projiciens,
1670 1952 1791 2006 qua:
1820 1944 2022 2002 tamen,
2054 1952 2177 1991 cum

605 2050 696 2091 res
767 2034 839 2089 sit
908 2030 1120 2086 inﬂrma
1140 2072 1155 2097 ,
1225 2039 1282 2085 et
1315 2029 1453 2083 ﬂuxa
1475 2072 1489 2095 ,
1513 2029 1672 2084 sicuti
1722 2028 1862 2083 stilla
1893 2028 2178 2095 conﬂatur,

608 2135 757 2197 gutta
806 2123 971 2179 etiam
1024 2121 1354 2177 destruiturl
1389 2120 1445 2175 Si
1489 2118 1635 2174 enim
1672 2118 1885 2190 frigoris
1914 2120 1997 2175 vis
2048 2136 2181 2174 con-

608 2218 880 2272 cretiones
938 2214 1217 2287 grandinis
1248 2213 1533 2285 astringit,
1588 2222 1753 2283 atque
1818 2221 2180 2282 contorquet,

610 2309 862 2380 idemque
916 2314 1137 2379 prastat
1184 2306 1405 2362 aestivus
1465 2305 1647 2372 calor,
1698 2306 1918 2376 quinam
1980 2306 2072 2369 ιιι,
2125 2313 2185 2359 ιιι

611 2400 666 2455 in
699 2414 865 2455 unum
894 2413 1033 2469 opus
1066 2404 1398 2453 concurrant
1444 2397 1548 2452 sibi
1592 2412 1657 2452 ex
1689 2397 1919 2451 adverso
1952 2394 2183 2467 oppositi

610 2492 848 2547 artiﬁces
876 2492 1021 2547 duo?
1066 2490 1197 2557 Quae
1243 2500 1425 2544 autem
1474 2499 1605 2545 sunt
1652 2489 1905 2555 lusoriae,
1952 2505 2072 2560 qua:
2118 2488 2184 2543 ad

614 2582 925 2652 liquandum
978 2592 1118 2652 aptze
1152 2583 1437 2647 machinae,
1485 2590 1579 2636 aut
1619 2581 1711 2651 qui
1762 2581 1903 2635 torni
1937 2580 2183 2651 fligidam

613 2675 894 2729 materiam
927 2678 982 2729 ln
1032 2675 1258 2744 sphaera:
1292 2675 1519 2729 formam
1552 2674 1872 2739 rotundam,
1920 2682 2081 2743 atque
2128 2673 2187 2728 in

616 2763 804 2819 fusiles
830 2764 1038 2834 lapides
1066 2766 1435 2819 convertunt?
1463 2748 1616 2819 Unde
1644 2765 1723 2831 ﬂt,
1746 2772 1807 2817 ut
1832 2764 2047 2819 ﬂamma
2083 2765 2187 2819 hu-

615 2852 763 2909 mido
813 2853 1069 2920 immista,
1100 2861 1155 2907 et
1203 2851 1491 2907 contrariis
1533 2851 1677 2905 inter
1702 2850 1760 2905 se
1811 2850 2017 2905 viribus
2057 2866 2190 2905 con-

616 2955 757 3001 torta
778 2942 1048 3000 escidium
1074 2958 1185 2997 non
1213 2943 1471 3014 patiatur,
1508 2957 1632 2996 cum
1664 2942 1781 2995 haec
1812 2941 1921 2995 duo
1951 2940 2186 2994 invicem

616 3051 676 3093 se
722 3035 1045 3091 destruant?
1077 3034 1147 3088 At
1177 3048 1306 3088 vero
1354 3033 1402 3087 si
1448 3033 1586 3087 l‘ortc
1638 3033 1728 3087 ille
1780 3030 2031 3103 Stagirita
2078 3030 2187 3085 acri

618 3143 731 3181 suae
768 3126 966 3182 mentis
990 3126 1127 3190 acie,
1154 3124 1469 3194 subtilique,
1488 3122 1706 3195 ingenio
1737 3122 1806 3177 ad
1838 3122 2191 3193 explicandos

1902 298 2221 360 GEORGII
2256 296 2532 360 PISIDE

2190 426 2239 482 Α

2358 408 2365 411 “
2414 414 2518 481 βας
2554 411 2630 484 μὴ
2657 409 2719 466 τὺ
2747 410 2999 483 uitam
3024 410 3086 466 τὸ
3111 412 3307 478 κάλλος
3333 414 3430 468 τοῦ
3452 415 3692 481 πλάτους

2444 502 2621 557 Μόνον
2643 502 2927 572 σκοπήσας
2962 502 3212 575 ὶκπλαγῇ
3243 505 3354 560 τῶν
3384 508 3702 577 κτισμάτων
3729 526 3745 543 ·

2430 589 2571 644 Ἀλλ’
2602 590 2745 643 ὥστε
2774 590 2978 661 μᾶλλον
3002 594 3069 663 τῇ
3096 594 3281 664 νοήσει
3314 595 3407 648 τοῦ
3434 595 3635 665 βάθους

2309 682 2415 739 590
2452 682 2593 751 Πρὸς
2617 680 2748 751 ὕψος
2769 683 2982 754 ἀρθεὶς,
3014 685 3331 751 γνωστικῶς
3355 703 3415 741 σε
3444 688 3731 764 θαυμάσῃ.

2442 774 2581 827 Ἀλλ’
2611 773 2731 827 εἰπὲ
2750 773 2935 829 λοιπὸν
2963 774 3041 845 τῷ
3070 776 3412 849 Σταγειρίτῃ,
3431 780 3679 846 Πλάτων,

2455 866 2565 919 Καὶ
2590 864 2682 919 τὸν
2712 865 2959 937 μαθητὴν
2987 870 3195 934 πεῖσον,
3218 870 3269 922 εί
3299 870 3510 934 πείσεις
3534 871 3729 941 λέγων,

2441 953 2537 1008 Ἐκ
2565 954 2677 1009 τῶν
2703 955 2818 1009 ἄνω
2836 957 3087 1022 κάτελθε,
3111 959 3205 1013 καὶ
3236 960 3388 1014 λάλει
3415 962 3587 1017 κάτω.

2452 1047 2668 1116 Μήπως
2708 1048 2973 1118 ἐπαρθεὶς
3001 1048 3080 1119 τῷ
3116 1052 3394 1123 μεταρσίῳ
3425 1052 3642 1123 θράσει,

2311 1134 2416 1191 595
2434 1137 2648 1208 ’Ὠσπερ
2679 1139 2896 1202 νεοττὸς
2918 1140 3121 1207 αίετοῦ,
3157 1142 3254 1195 καὶ
3286 1144 3363 1213 μὴ
3390 1143 3586 1209 θέλων,

2454 1226 2622 1291 Αὖθις
2647 1228 2942 1301 κατέλθῃς,
2975 1231 3050 1301 μὴ
3082 1230 3265 1302 φέρων
3285 1232 3379 1285 τὸν
3402 1232 3577 1304 ἣλιον.

2445 1319 2585 1372 Ἀλλ’
2615 1314 2661 1373 ὦ
2687 1322 2820 1393 παρ’
2847 1324 2979 1391 ἡμῖν
3006 1322 3268 1393 ἐμφανῶς
3305 1324 3681 1395 κεκρυμμένε,

2456 1413 2562 1464 Καὶ
2598 1412 2712 1481 φῶς
2740 1414 2837 1481 μὲν
2862 1414 3047 1477 οἰκῶν,
3078 1417 3192 1478 τοῖς
3216 1415 3276 1469 δὲ
3302 1415 3401 1487 τὴν
3427 1417 3526 1487 σὴν
3551 1416 3742 1471 οὐσίαν

2464 1502 2719 1574 Ζητοῦσι,
2751 1504 2874 1556 πολ)
2886 1505 2951 1573 ὴν
2975 1506 3333 1575 άντιπέμπων
3357 1508 3621 1576 ἑσπέραν,
3698 1538 3702 1549 ι

2318 1594 2420 1649 600
2448 1595 2535 1657 Ὡς
2560 1593 2961 1663 συγκαλύπτων
2992 1596 3053 1649 οὐ
3091 1596 3252 1665 μόνον
3277 1598 3377 1668 τὴν
3402 1598 3502 1669 σὴν
3536 1598 3722 1667 φύσιν,

2432 1680 2536 1736 Ἕν
2568 1685 2797 1755 συστολῇ
2829 1685 2887 1737 δὲ
2911 1685 3173 1739 δεικνύων
3198 1686 3294 1739 καὶ
3317 1686 3415 1757 τὴν
3438 1686 3614 1739 κτίσιν
3634 1702 3652 1717 ο

2442 1774 2632 1841 Ὀπως
2665 1778 2760 1833 ὲάν
2792 1795 2874 1842 τις
2901 1776 3253 1852 ἐξερευνῆσαι
3278 1778 3421 1850 λόγῳ

2285 1937 2554 2003 Domine,
2600 1947 2706 1993 tua:
2746 1940 3102 2009 providentia:
3135 1949 3217 1996 est
3268 1956 3438 2011 Opus;
3480 1956 3551 1996 ne
3608 1957 3707 2007 ea,
3762 1958 3865 2013 qua

2287 2029 2523 2083 mundus
2555 2038 2791 2095 constat,
2828 2032 3209 2102 longitudinis,
3242 2040 3297 2086 et
3344 2033 3647 2089 latitudinis
3694 2035 3867 2089 admi-

2289 2120 2447 2174 rabili
2481 2120 2653 2175 forma
2683 2131 2994 2192 perspecta,
3038 2134 3261 2193 stupore
3291 2125 3578 2195 perculsus
3609 2125 3667 2179 in
3715 2140 3869 2181 crea-

2291 2212 2426 2267 turis
2456 2213 2802 2284 deligeretur,
2834 2214 2929 2270 sed
2978 2216 3160 2286 potius
3205 2233 3269 2272 ex
3304 2217 3645 2273 inﬂrmarum
3687 2235 3867 2274 rerum

2288 2302 2600 2372 cognitione
2628 2304 2696 2359 ad
2737 2304 3049 2374 superiores
3077 2314 3299 2361 evectus
3329 2307 3565 2377 tcipsum
3597 2319 3870 2375 nosceret,

2290 2403 2454 2461 atque
2486 2393 2869 2449 admiraretur.
2916 2394 3205 2459 Cmterum,
3237 2410 3358 2465 qua:
3404 2396 3602 2451 deinde
3628 2411 3871 2467 sequun-

2293 2492 2399 2547 tur,
2432 2484 2715 2556 Stagyritae
2763 2494 2820 2540 tu
2854 2486 3059 2541 dixeris
3104 2485 3255 2541 Plato
3313 2497 3577 2556 tuumque
3627 2487 3873 2559 discipu-

2292 2574 2437 2637 lum,
2475 2576 2521 2631 si
2575 2591 2746 2646 queas
2796 2577 3048 2641 suadere,
3085 2578 3345 2641 suadeas,
3400 2578 3531 2633 illud
3579 2578 3870 2635 clamans:

2294 2662 2555 2718 Descende
2571 2666 2632 2719 de
2652 2665 2795 2730 cwlo,
2812 2676 2860 2720 et
2884 2676 3088 2720 terrena
3109 2665 3353 2736 loquere:
3373 2682 3444 2722 ne
3460 2666 3630 2724 nimia
3647 2670 3875 2725 audacia

2294 2750 2346 2806 in
2382 2769 2563 2808 aerem
2596 2756 2791 2820 elatus,
2828 2765 2889 2810 ut
2937 2756 3379 2826 aquilie'pullus,
3426 2757 3511 2811 vel
3558 2758 3760 2814 nolens
3786 2774 3876 2813 oo-

2294 2846 2436 2916 garis
2486 2862 2676 2903 rursus
2723 2846 3080 2915 descendere,
3111 2864 3220 2903 non
3270 2849 3457 2905 valens
3508 2850 3643 2905 solis
3698 2851 3876 2906 radios

2293 2938 2589 2993 sustinere.

2370 3028 2497 3091 Sed,
2529 3044 2691 3098 quam
2725 3029 3072 3094 mirabiliter,
3111 3030 3277 3093 Deus,
3338 3031 3427 3087 hic
3478 3041 3656 3103 pales.
3720 3043 3779 3089 et
3820 3049 3878 3090 es

2296 3122 2679 3178 absconditus!
2713 3122 2795 3177 Tu
2850 3124 3024 3178 lucem
3056 3124 3352 3190 inhabitas,
3387 3134 3443 3180 et
3472 3126 3561 3189 iis,
3591 3127 3685 3195 qui
3730 3138 3877 3182 luant

619 3233 803 3273 rerum
842 3234 1036 3274 sensus
1064 3233 1333 3275 converso
1353 3216 1489 3287 quid
1542 3224 1775 3282 rectum,
1810 3231 1872 3271 ac
1903 3216 2025 3270 ﬂdei
2065 3231 2201 3270 con-
2227 3221 2269 3279 c
2303 3216 2597 3269 essentiam
2632 3216 2935 3285 inquirunt,
2982 3217 3209 3270 multam
3248 3226 3463 3271 noctem
3491 3216 3758 3281 oﬂ'undis,
3792 3227 3878 3272 ut-

620 3319 939 3367 sentaneum
976 3310 1155 3366 dicere
1185 3309 1252 3365 de
1298 3307 1509 3365 arcanis
1539 3306 1821 3375 addidicit,
1856 3307 1956 3361 hoc
1989 3306 2191 3377 ipsum,

2299 3316 2424 3377 pote
2457 3308 2547 3377 qui
2570 3324 2679 3362 non
2716 3308 2890 3364 solum
2922 3317 3065 3362 tuam
3095 3317 3345 3363 naturam
3371 3318 3632 3382 contegas
3654 3352 3671 3377 ,
3703 3310 3803 3366 sed
3824 3310 3876 3366 in

2148 3478 2379 3537 NOTAE.

623 3657 712 3695 sus
742 3650 915 3694 tumor
937 3655 1028 3708 per
1034 3640 1249 3759 [ﬂuxum
1278 3637 1366 3707 qui
1390 3637 1664 3691 obducitur
1688 3635 1849 3689 alicui
1870 3636 2075 3703 corpori
2098 3642 2200 3688 du-

628 3710 755 3759 riori
784 3708 929 3759 illius
975 3710 1027 3759 di
1052 3708 1272 3759 obitur:
1318 3708 1393 3759 sic
1431 3708 1695 3759 incassum
1728 3717 1775 3759 et
1838 3716 2030 3758 temere
2079 3707 2200 3759 dum

628 3710 755 3763 riori
784 3707 944 3761 illius
975 3707 1272 3761 dilabitur:
1318 3708 1393 3760 sic
1431 3708 1695 3759 incassum
1728 3717 1775 3759 et
1838 3716 2030 3758 temere
2079 3707 2201 3759 dum

629 3781 799 3850 fertur
817 3779 1006 3850 oratio.
1039 3787 1086 3829 et
1130 3793 1192 3830 ex
1224 3777 1505 3850 improuiso
1540 3776 1594 3827 in
1642 3776 1913 3850 veritatem
1968 3774 2197 3850 allapso,

630 3846 1173 3907 hancinstabilemmt
1222 3846 1572 3915 ampullarcm
1631 3846 1889 3898 mendacii
1945 3846 2199 3898 constitu-

632 3917 824 3972 tionem
847 3918 899 3969 in
929 3916 1147 3969 nihilum
1164 3917 1458 3984 dissipavit.
1868 3947 1875 3953 -

701 3986 825 4041 571.
860 3986 993 4041 Cod.
1028 3985 1183 4051 1126,
1218 3987 1276 4037 έν
1306 3986 1560 4053 ὀγκώσει,
1586 3994 1641 4040 et
1677 3984 1874 4040 deinde
1907 3984 2125 4039 ἄϐατον.

702 4057 793 4112 57.
822 4055 1016 4125 ieiune
1073 4055 1292 4124 quidem
1325 4055 1644 4110 Aristoteles
1680 4056 1734 4109 in
1774 4055 1869 4108 loc.
1905 4056 1994 4109 cit.
2025 4053 2194 4125 expli-

630 4126 795 4197 cavit,
826 4124 923 4181 cur
956 4134 1161 4190 aestate,
1191 4134 1247 4197 et
1287 4125 1463 4197 hieme
1481 4125 1735 4181 decidant
1763 4124 2195 4197 grandines-Pi-

632 4196 748 4251 sida
766 4197 815 4251 ei
836 4203 981 4250 recte
1006 4195 1252 4265 opponit,
1275 4195 1615 4250 diversarum
1632 4194 1917 4251 causarum
1945 4194 2196 4248 eumdem

634 4281 744 4321 non
775 4281 936 4335 posse
964 4264 1089 4335 esse
1113 4264 1388 4335 eﬂ‘ectum.

704 4334 830 4391 576.
852 4334 985 4404 Cod.
1014 4334 1170 4389 1126.
1202 4335 1283 4397 εἰς
1312 4334 1616 4404 ἐνέργειαν.

706 4405 833 4461 578.
856 4402 1071 4475 Kcin-ai,
1099 4402 1457 4475 infundibula.
1478 4404 1532 4457 in
1555 4403 1757 4472 quibus
1781 4402 1995 4457 metalla
2029 4402 2205 4475 lique-

636 4473 811 4539 ﬁunt;
846 4472 1215 4545 χυλίστραιό
1271 4472 1474 4545 χυλίζω
1530 4490 1741 4545 succum
1785 4476 2016 4540 cxprimo
2062 4473 2203 4545 idem

636 4545 851 4615 yidetur
884 4544 1209 4615 signiﬁcare,
1250 4544 1504 4615 machina:
1547 4544 1759 4615 fusoria:
1802 4560 1815 4596 :
1857 4544 2097 4615 στρόφοι,
2148 4544 2200 4615 ni

2297 3644 2351 3690 et
2387 3635 2699 3708 magistrum
2725 3636 3004 3691 Platonem
3037 3653 3144 3691 non
3182 3637 3365 3708 magni
3409 3638 3607 3695 fecisse
3638 3640 3876 3702 videtur,

2298 3722 2364 3759 eo
2391 3707 2650 3778 quodres
2679 3708 2926 3778 physicas
2953 3707 3331 3778 _negleserint,
3391 3711 3532 3778 quod
3592 3725 3660 3774 ex
3712 3710 3875 3765 variis

2300 3776 2764 3849 locisicolligitnr.
2788 3777 2906 3831 νεα.
2942 3776 3242 3849 Metaphys.
3273 3779 3364 3834 lib.
3402 3776 3439 3841 ι,
3464 3796 3584 3849 cap.
3608 3782 3663 3832 6.

2372 3846 2496 3919 505.
2532 3846 2808 3919 Platonem
2846 3848 3145 3901 secundum
3166 3850 3404 3903 Socratis
3432 3846 3768 3919 przeceptum
3794 3849 3879 3902 in-

2299 3916 2447 3969 ducit
2474 3916 2818 3970 Aristotelem
2852 3927 3184 3982 monentem,
3220 3934 3288 3972 ne
3332 3934 3391 3972 se
3434 3916 3627 3972 nimis’
3654 3920 3878 3973 extollat

2302 3987 2353 4040 in
2381 3986 2542 4040 rebus
2563 3986 2874 4041 cwlestibus
2894 3987 3303 4056 perscrutandis
3333 4006 3345 4042 :
3374 3991 3672 4043 verendum
3707 3990 3877 4053 enim,

2301 4071 2368 4109 ne
2403 4057 2456 4109 in
2487 4056 2653 4109 altum
2690 4056 2863 4111 elatus
2892 4057 3105 4111 deliciat
3130 4074 3195 4111 ac
3223 4058 3453 4113 decidat.

2381 4126 2503 4180 595.
2578 4125 2802 4179 Διετοῦ.
2864 4128 3183 4182 Aristoteles
3235 4128 3326 4182 lib.
3376 4146 3451 4192 νι,
3482 4132 3514 4182 6
3566 4138 3622 4182 et
3668 4146 3747 4185 lx.
3786 4127 3878 4191 52,

2303 4196 2532 4265 aquilam
2565 4195 2837 4275 Italiaetum
2881 4197 3056 4265 pullos
3080 4213 3209 4252 suos
3232 4198 3521 4275 expellere,
3546 4208 3880 4275 non_a_ut_etn

2303 4263 2492 4319 contra
2545 4263 2713 4335 solem
2756 4263 2901 4334 ipsos
2948 4282 3222 4335 exponere
3265 4263 3534 4321 allirmat':
3574 4278 3633 4321 at
3668 4267 3877 4322 Plinius

2308 4336 2397 4387 lib.
2444 4351 2498 4397 ι,
2523 4336 2556 4388 5
2590 4334 2782 4388 Pisidae
2826 4334 3178 4391 consentiens
3207 4347 3291 4391 est
3334 4354 3348 4389 :
3382 4336 3639 4390 lluliwtns
3669 4348 3877 4390 tantum

2307 4403 2581 4470 implumes
2633 4405 2922 4461 etianmum
2966 4406 3137 4474 pullos
3162 4424 3281 4460 suos
3324 4408 3634 4472 percutiens,
3661 4408 3880 4461 subinde

2305 4474 2702 4542 cogitadvcrsus
2725 4473 2847 4526 solis
2876 4473 3051 4527 radios
3082 4476 3296 4537 intueri,
3329 4485 3376 4528 el
3414 4478 3457 4528 si
3493 4478 3875 4537 conuicenlm,

2306 4545 2790 4613 humectantemque
2813 4545 3204 4606 animaduertit,
3231 4546 3527 4613 pra'cipitut
3552 4562 3577 4598 e
3596 4548 3743 4610 nido,
3768 4546 3879 4598 cel-

638 4612 814 4708 Lallor,
842 4610 970 4669 sun't
1007 4614 1164 4677 torui,
1213 4613 1411 4682 quibus
1440 4610 1666 4682 glaciem
1720 4610 2002 4667 rotundari
2052 4610 2203 4681 lingit
2235 4651 2279 4708 υ
2308 4624 2361 4665 ut
2385 4612 2779 4708 adulter-inungi;
2819 4623 2976 4708 atque
3010 4610 3613 4708 degenerem.rzillianus
3649 4616 3726 4669 De
3762 4625 3878 4667 nat.

639 4682 841 4737 Pisida.

710 4752 830 4805 579.
861 4751 992 4806 (20d.
1019 4750 1179 4813 1125,
1208 4751 1286 4812 είς
1311 4748 1466 4818 ῥύσιν
1490 4748 1671 4802 λίθων.

712 4821 834 4875 585.
873 4821 935 4874 Τί
966 4821 1186 4874 πιστὸν
1209 4816 1327 4872 τῶν
1352 4820 1733 4887 ἁποκρύφων.
1777 4816 1832 4874 Si
1862 4819 1990 4889 quid
2020 4834 2049 4872 a
2077 4818 2201 4884 ﬁde,

642 4891 789 4943 etab
822 4906 1016 4943 arcana
1050 4889 1482 4944 Christianorum
1523 4889 1769 4943 doctrina
1810 4905 1919 4943 non
1957 4890 2199 4943 alienum

641 4959 1134 5029 dixitAristoteles,
1182 4958 1275 5014 Dei
1302 4956 1637 5029 providentia
1675 4958 1729 5013 id
1773 4958 1974 5014 factum
2010 4968 2112 5024 est,
2147 4968 2205 5012 ut

643 5027 813 5081 Deum
844 5043 965 5082 esse
994 5027 1367 5084 cognosceret.

870 5098 1005 5170 tiod.
1031 5098 1188 5163 1126,
1216 5098 1547 5170 προμηθίας.

711 5167 836 5221 587.
870 5166 1067 5221 lterum
1092 5164 1288 5223 terram
1314 5164 1547 5237 longam,
1573 5178 1628 5222 et
1648 5166 1811 5221 latam
1836 5166 2023 5222 statuit
2070 5164 2206 5222 Vide

642 5251 810 5362 sugg;
838 5252 979 5359 νῖε)ι·εἶ
1012 5237 1081 5291 86
1112 5248 1167 5319 et
1187 5239 1275 5319 8.9.

824 5347 837 5360 .
916 5315 1275 5362 ecantatissim

749 5307 837 5362 91.
874 5307 1380 5362 Decantatissimum
1411 5316 1492 5361 est
1542 5305 1672 5361 illud
1716 5304 2050 5363 Socraticum
2081 5306 2210 5362 eﬂ'a-

644 5385 757 5457 tum
773 5378 843 5431 τὰ
859 5376 1000 5457 ὑπὲρ
1018 5377 1165 5457 ἡμας
1191 5376 1925 5457 οὐδένπρὸς-,ἡμᾶςηῐιοριυιι
1953 5381 2205 5457 alterum,

644 5446 802 5513 cujus
842 5446 1087 5501 meminit
1115 5446 1449 5511 Aristoteles,
1479 5446 1579 5502 Iibf
1604 5463 1664 5511 ιι,
1687 5446 1755 5502 40
1785 5447 1997 5512 Rhetor,
2028 5448 2208 5501 Θνατὰ

646 5516 753 5588 χρὴ
773 5518 862 5588 τὸν
890 5516 1101 5582 θνατὸν,
1139 5516 1239 5569 οὐκ
1276 5515 1519 5588 ἀθάνατα
1563 5517 1753 5569 θνατὸν
1780 5521 2017 5588 φρονεῖν,
2079 5518 2204 5586 qui—

650 5585 750 5657 bus
778 5585 927 5657 Plato
957 5588 1182 5643 edoctus
1230 5586 1609 5657 respbysicas,
1645 5602 1708 5640 ac
1751 5585 2049 5657 praesertim
2095 5585 2206 5642 cce-

650 5655 811 5736 lestes
838 5656 1016 5711 minus
1032 5657 1244 5736 curiose
1267 5655 1369 5736 sibi
1403 5655 1800 5736 investigandas
1821 5673 1941 5736 esse
1969 5659 2204 5712 censuit.

649 5724 848 5781 Contra
888 5742 1015 5784 vero
1037 5726 1355 5785 Aristotcles
1406 5726 1525 5797 ejus
1569 5724 1861 5797 discipulus
1906 5729 2204 5793 Socratem,

2305 4683 2472 4735 anim.
2501 4684 2590 4735 lib.
2629 4697 2689 4743 ll,
2714 4684 2781 4736 56
2810 4685 2998 4738 eadem
3033 4684 3257 4737 omnino
3286 4685 3470 4737 refert.

2370 4751 2491 4806 597.
2526 4750 2662 4834 Quae
2705 4764 3004 4832 sequuntur
3055 4751 3635 4834 euniﬂAreopagitieis
3659 4751 3882 4834 scriptis

2299 4830 2621 4876 consonant.
2643 4820 2861 4891 LegeSis
2914 4820 3385 4892 pseudo-Dionysii
3431 4820 3637 4892 captiti
3664 4830 3724 4876 et
3742 4820 3785 4876 7‘
3808 4824 3883 4874 De

2299 4891 2404 4942 div.
2444 4891 2643 4942 uomin.
2674 4931 2688 4942 .
2733 4890 2822 4942 ubi
2854 4891 2973 4942 fuse
3013 4894 3209 4942 aaitur.
3250 4894 3522 4942 uuomodo
3573 4891 3739 4942 Deus.
3786 4892 3881 4942 aui

2338 4908 2404 4945 ιυ.
2444 4907 2619 4944 ttomm
2628 4928 2643 4943 .

2674 4931 2696 4961 ,Α
2730 4890 2822 4944 ubi
2854 4890 2973 4946 fuse
3013 4894 3209 4961 agitur,
3250 4890 3522 4960 quomodo
3573 4891 3739 4954 Deus,
3786 4892 3881 4960 qui

2300 4975 2518 5013 omnem
2552 4959 2965 5030 intelligentiam
3002 4959 3237 5027 excedit,
3273 4959 3361 5017 ac
3388 4972 3473 5017 est
3497 4959 3879 5023 absconditus,

2301 5039 2536 5100 attamen
2570 5030 2924 5100 intelligatur.
3488 5037 3496 5046 '

2376 5097 2497 5153 600.
2531 5097 2770 5154 Sanctus
2792 5100 3062 5155 Maximus
3089 5100 3143 5155 in
3186 5100 3421 5156 Scholiis
3444 5100 3512 5155 ad
3548 5116 3672 5170 cap.
3707 5100 3776 5154 15
3809 5098 3884 5152 Dc

2307 5170 2420 5223 cwl.
2447 5170 2578 5224 hier.
2615 5170 2928 5237 ’Δγνωστός
2956 5173 3103 5223 ἐστιν
3134 5173 3163 5222 ὁ
3193 5170 3345 5234 Θεὸς,
3376 5171 3438 5221 οὐ
3477 5171 3565 5223 διὰ
3605 5170 3885 5223 ποικιλίαν

2312 5238 2687 5310 συλλογισμῶν
2747 5240 3114 5310 ἁχνοουμένην
3142 5242 3295 5310 ἡμῖν.
3328 5240 3463 5294 ἀλλὰ
3498 5243 3639 5293 κατὰ
3670 5242 3883 5292 ἑνιαίαν

2306 5312 2426 5363 τινὰ
2451 5308 2586 5379 πρὸς
2614 5308 2824 5379 τὰᾷκαθ*
2845 5308 2995 5379 ἡμᾶς
3017 5308 3079 5363 ἓν
3098 5308 3193 5363 καῖ
3212 5310 3464 5378 καθάπερ
3493 5310 3883 5378 ἀκατάληπτον

2307 5377 2587 5449 ἀγνωσίαν,
2616 5393 2633 5449 γ’
2669 5377 2805 5449 Deus
2835 5377 3041 5449 ignotus
3074 5388 3172 5439 est.
3199 5396 3300 5432 non
3339 5377 3550 5448 propter
3590 5377 3885 5448 argumen-

2310 5459 2477 5503 torum
2506 5448 2648 5502 nobis
2668 5448 2903 5517 ignotam
2932 5449 3258 5509 varietatem,
3290 5450 3379 5502 sed
3404 5451 3690 5501 secundum
3720 5464 3887 5501 unum

2303 5518 2681 5588 quamdamﬂin
2731 5517 2871 5588 nobis
2916 5517 3241 5586 simpliciter,
3287 5528 3336 5571 et
3372 5520 3628 5572 ‘ubsolutc
3679 5518 3884 5570 incom-

2305 5586 2699 5656 prehensibilcm
2732 5586 3133 5656 ignorationem.

2375 5658 2497 5711 601.
2533 5657 2703 5721 Quam
2746 5657 2885 5710 bene
2941 5657 3138 5711 mentis
3195 5668 3446 5712 humana:
3504 5656 3882 5711 infirmitatem

2304 5727 2372 5782 ad
2406 5743 2491 5783 res
2522 5726 2730 5782 divinas
2762 5725 3118 5797 cxplorandas
3145 5741 3209 5782 cx
3231 5736 3415 5781 nostra
3449 5729 3588 5782 circa
3615 5744 3702 5783 res
3734 5730 3882 5797 ipsas
