4144 6276
470 335 616 402 1499

634 453 863 516 Ἵππους
889 451 1150 520 ἐλαύνων,
1176 453 1418 526 οὐρανῶν
1445 455 1563 509 ὁδδν
1594 455 1816 528 δράμοι,

639 543 863 608 Ἰππεὺς
893 544 952 598 δέ
983 545 1167 617 δειχθῇ
1199 547 1278 617 τῷ
1308 547 1408 618 βίῳ
1445 547 1740 618 μετάρσιος
1763 588 1779 613 ,
1917 531 1924 536 ⁸

656 637 768 707 Τῆς
800 637 1004 708 σαρκὸς
1031 639 1196 692 αὐτὸν
1231 639 1306 711 μὴ
1341 641 1714 712 κατασπώσης
1744 643 1917 695 κάτω.

515 726 708 784 850¹Ὴ
740 728 853 801 πῦρ
883 729 1105 795 κατάξει
1155 733 1246 784 καὶ
1274 733 1542 802 κρεμάσει
1576 733 1678 802 τὴν
1703 731 1918 804 δρόσον,

631 819 868 887 Ἕλκων,
898 817 1176 890 μεϐἐλκων
1195 865 1208 887 ,
1238 822 1573 878 ἁντιϐάλλων
1601 817 1702 887 τὰς
1734 823 1958 893 φύσεις·

659 907 859 980 Φράξει
884 910 942 963 δὲ
971 911 1151 964 πίστει
1183 911 1292 965 τῶν
1320 913 1552 966 λεόντων
1579 914 1639 966 τὸ
1671 913 1868 982 στόμα,

663 1005 864 1075 Δρόσον
891 1006 949 1060 δέ
980 1006 1144 1072 δείξει
1173 1011 1273 1078 τῆς
1311 1009 1546 1080 καμίνου
1581 1009 1682 1080 τὴν
1711 1008 1886 1079 φλόγα
1907 1025 1921 1038 ·

589 1132 594 1136 ι
641 1099 710 1151 Ἦ
739 1099 832 1152 καὶ
866 1099 1096 1164 πατάξει
1125 1100 1316 1154 Νεῖλον
1346 1102 1426 1165 είς
1451 1095 1590 1172 αἷμα
1615 1101 1858 1173 τρέπων,

522 1188 631 1245 855
666 1190 850 1245 Πείσει
881 1191 938 1246 δέ
967 1191 1207 1262 λάμπειν
1236 1194 1294 1246 ἐν
1321 1193 1470 1265 ζόφῳ
1501 1193 1594 1246 τὸν
1620 1193 1806 1265 ἥλιονο

666 1283 792 1348 Τοῖς
813 1283 910 1355 μὲν
931 1285 1040 1356 γὰρ
1055 1282 1123 1358 ἦν
1145 1286 1280 1356 φῶς,
1302 1289 1416 1349 τοῖς
1445 1286 1502 1340 δὲ
1523 1286 1835 1358 δύσμορφον
1859 1287 2068 1352 σκότος.

665 1374 848 1444 Σχίσει
874 1375 932 1429 δὲ
965 1376 1065 1448 τὴν
1097 1377 1332 1430 ἄϐυσσον
1359 1377 1439 1441 είς
1461 1377 1650 1449 τρίϐον
1679 1376 1855 1450 ξένην,

665 1464 866 1519 Στύλον
895 1466 951 1520 δέ
975 1467 1139 1534 δείξει
1169 1468 1361 1531 νυκτὸς
1387 1468 1633 1541 ἔμπυρον
1664 1469 1824 1532 σέλας
1842 1487 1857 1501 ·

643 1556 876 1626 ’Ἄρτους
907 1557 962 1611 δὲ
998 1559 1145 1612 σίτου
1179 1560 1254 1631 μὴ
1285 1561 1644 1632 προκειμένου
1674 1562 1891 1628 πλάσει,

491 1717 690 1774 celsior
729 1717 942 1784 factus;
986 1717 1125 1774 adeo
1168 1727 1228 1775 ut
1276 1735 1347 1774 ne
1390 1721 1574 1776 carnis
1602 1721 1826 1791 quidem
1857 1691 2074 1792 pondus

1798 339 2121 402 GEORGII
2157 341 2430 404 PISIDAE

2095 466 2142 521 Λ
2205 458 2310 514 860
2348 457 2522 528 Λιμδν
2541 457 2599 511 δὲ
2633 455 2826 526 θάλψει
2855 458 2922 527 τῇ
2958 454 3125 526 βροχῇ
3157 453 3265 507 τῶν
3302 453 3545 524 ὀρνέων,

3626 336 3767 402 1500

2348 549 2536 621 Πηγάς
2561 549 2618 602 δέ
2643 549 2851 619 πέτραν
2878 547 3129 602 ἐκϐαλεῖν
3151 545 3452 614 ἀναγκάσει
3471 561 3486 578 ·

2351 641 2527 696 Talus:
2555 641 2612 696 δὲ
2642 643 2836 712 χεῖρας
2868 641 2949 704 εἰς
2978 638 3190 712 τροπὴν
3217 636 3509 700 ἐναντίων,

2351 732 2460 787 Τοῦ
2488 731 2869 806 σταυροειδοῦς
2899 731 3168 802 συμϐόλου
3197 731 3298 802 τὴν
3323 730 3510 783 εἰκόνα
3529 746 3544 760 ο
3603 731 3609 736 ⁷

2331 824 2460 878 ’Ίδοι
2491 824 2552 878 δὲ
2581 823 2774 895 πυρσῷ
2805 822 2882 895 μὴ
2916 822 3299 892 φλογωθεῖσαν
3329 820 3514 890 βάτον,

2213 916 2320 974 865
2355 917 2436 972 Τὰ
2462 915 2682 988 κρυπτὰ
2703 916 2798 969 τοῦ
2833 914 3120 987 μέλλοντος
3143 911 3503 981 εἱκονίσματα
3520 927 3536 942 ·

2354 1011 2491 1064 Τότε
2521 1007 2827 1081 προκύψας,
2857 1008 2933 1070 ὡς
2959 1009 2987 1062 ό
3017 1008 3245 1078 Μωσῆς,
3270 1004 3553 1076 ἐμφόϐως,

2354 1101 2467 1156 Καὶ
2491 1101 2695 1155 καπνὸν
2722 1099 2900 1172 εὑρὼν
2927 1100 2986 1152 ἐν
3018 1097 3219 1172 θυέλλῃ
3267 1097 3362 1152 καὶ
3387 1096 3595 1166 γνόφῳ,

2357 1195 2467 1248 Καὶ
2498 1192 2635 1264 πρὸς
2662 1191 2725 1246 τὸ
2757 1191 2942 1262 νύγμα
2964 1193 3064 1262 τῆς
3086 1189 3228 1262 ὀπῆς
3261 1187 3565 1259 ἀφιγμένος
3581 1225 3598 1252 ν

2357 1287 2526 1350 Μόλις
2551 1285 2620 1340 τὰ
2644 1284 2865 1358 κρυπτά
2890 1283 3000 1338 τῶν
3028 1283 3292 1337 ὀπισθίων
3323 1281 3469 1353 μέρη

2215 1379 2320 1436 8ῖο
2357 1379 2493 1432 Θεοῦ
2527 1379 2813 1448 σκοπήσει,
2833 1376 2930 1429 καὶ
2956 1374 3116 1429 πλέον
3145 1374 3313 1447 μηδὲν
3347 1372 3594 1444 βλέπων,

2359 1470 2529 1524 ῐιλέον
2566 1469 2781 1541 ποθήσῃ
2816 1468 2910 1522 τὸν
2938 1466 3327 1541 κεκρυμμένον
3351 1464 3549 1518 πόθον·
3651 1515 3668 1528 ,

2343 1563 2528 1633 Ἀργοὶ
2559 1559 2668 1631 γάρ
2698 1561 2808 1613 εἱσι
2830 1559 2939 1613 τῶν
2964 1556 3217 1628 ἐρώντων
3245 1557 3294 1610 oi
3321 1553 3477 1608 πόθοι
3495 1593 3513 1618 ,

2180 1738 2378 1779 manus
2420 1721 2678 1778 extendat
2735 1721 2802 1776 ad
2848 1719 3116 1789 fugandos
3163 1717 3368 1779 hostes,
3415 1709 3765 1768 cruciformis

489 1808 773 1880 deprimat
807 1810 986 1880 ipsum
1018 1811 1276 1867 deorsum
1306 1829 1319 1866 :
1352 1821 1492 1878 esto,
1529 1813 1779 1867 utetiam
1811 1817 1994 1884 ignem
2025 1814 2082 1869 in
2116 1799 2160 1856 Β
2185 1813 2324 1885 signi
2362 1812 2676 1882 exprimens
2719 1810 3011 1879 imaginem
3040 1825 3055 1863 :
3084 1795 3284 1870 rubum
3315 1805 3440 1876 igne
3470 1801 3769 1857 incomb-

504 1913 704 1958 terram
736 1902 991 1970 deducat,
1028 1911 1084 1959 et
1111 1918 1308 1975 aquam
1339 1904 1394 1958 in
1415 1905 1584 1959 altum
1621 1905 1951 1976 suspendat;
1979 1922 2089 1976 quo

494 1995 614 2051 vult
655 2011 744 2050 res
791 1996 996 2060 trahat,
1049 2012 1113 2052 ac
1155 1996 1448 2064 distrahat,
1497 2012 1832 2069 omnemque
1877 2008 2089 2056 natura:

494 2083 745 2140 ordinem
807 2085 1093 2140 subvertat
1141 2103 1156 2141 :
1202 2087 1425 2142 leonum
1481 2102 1577 2142 ora
1631 2104 1730 2159 per
1768 2089 1927 2146 fidem
1985 2091 2088 2147 ob-

494 2182 692 2242 struat,
747 2177 927 2248 ignem
958 2177 1198 2234 fornacis
1225 2194 1348 2236 esse
1372 2195 1552 2236 rorem
1579 2182 1839 2238 ostendat
1863 2202 1876 2238 :
1905 2173 2095 2239 Nilum'

483 2263 793 2339 "percutiat,
822 2280 879 2327 et
907 2287 1106 2343 aquam
1131 2273 1186 2328 in
1209 2273 1532 2346 sanguinem
1557 2284 1881 2332 convertat:
1911 2275 2084 2332 solem

497 2361 642 2417 inter
675 2363 929 2418 tenebras
951 2364 1243 2434 splendere
1267 2365 1501 2421 suadeat
1528 2365 1760 2438 (scimus
1785 2367 1934 2424 enim
1965 2368 2087 2424 aliis
2113 2397 2116 2402 -

492 2453 767 2510 all‘ulsisse
810 2455 1012 2520 lucem,
1053 2465 1108 2511 et
1156 2456 1281 2511 aliis
1321 2456 1528 2513 oll‘usas
1570 2456 1743 2514 fuisse
1781 2459 2086 2516 horrendas

498 2547 814 2616 tenebras):
838 2546 1047 2604 dividat
1071 2549 1328 2621 abyssum
1353 2550 1409 2605 in
1435 2551 1764 2622 stnpendam
1793 2551 2082 2608 semitam:

494 2639 750 2694 ostendat
773 2641 1082 2697 columnam
1105 2656 1232 2698 esse
1254 2644 1470 2715 igneam
1491 2643 1667 2700 facem
1701 2661 1797 2715 per
1818 2657 2040 2702 noctem
2063 2663 2076 2700 :

497 2744 668 2800 panes
695 2747 804 2787 non
843 2733 970 2789 dato
999 2734 1278 2791 frumento
1301 2747 1600 2808 componat
1631 2755 1644 2792 :
1679 2738 1866 2792 avium
1897 2739 2082 2810 pluvia

406 2823 420 2833 “
496 2813 698 2878 famem
729 2837 1040 2896 compescat
1071 2827 1474 2910 :Pcogatfontes
1501 2845 1532 2886 e
1561 2839 1715 2902 petra
1752 2846 2082 2903 erumpere:

2187 1914 2355 1969 stum,
2381 1903 2433 1959 id
2465 1902 2610 1973 quod
2635 1909 2754 1976 erat
2781 1900 3026 1956 futurum
3062 1911 3260 1954 arcana
3294 1894 3525 1966 quadam
3556 1893 3771 1946 ratione

2186 1996 2610 2069 signiﬁcantem,
2655 1994 2879 2050 videat:
2909 2007 2976 2048 ac
3016 1999 3132 2047 tum
3178 1987 3416 2057 denique
3459 1999 3573 2056 prae
3618 1990 3772 2037 metu

2186 2089 2474 2161 procidens
2516 2097 2577 2142 ut
2619 2085 2820 2153 Moses,
2865 2099 2990 2142 cum
3049 2081 3189 2138 nihil
3219 2095 3280 2137 se
3313 2087 3516 2150 praeter
3557 2075 3772 2142 funium

2185 2188 2242 2236 et
2279 2179 2564 2252 caliginem
2609 2177 2754 2233 inter
2785 2174 3057 2250 procellas
3082 2171 3381 2228 offendisse
3411 2168 3671 2248 senserit,
3703 2166 3772 2222 ad

2187 2275 2358 2332 imum
2391 2273 2638 2329 foramen
2670 2281 2839 2343 petra:
2869 2269 3145 2326 admissus
3174 2265 3540 2337 introspiciet,
3577 2273 3635 2320 et
3668 2277 3771 2333 po.

2189 2368 2419 2424 steriora
2446 2365 2540 2422 Dei
2569 2365 2660 2421 vix
2696 2363 3001 2420 intuebitur
3033 2381 3048 2418 :
3080 2374 3264 2431 neque
3292 2358 3440 2415 aliud
3472 2357 3774 2428 quidquam

2187 2461 2380 2516 videns
2425 2476 2492 2516 eo
2533 2458 2708 2533 magis
2747 2455 3022 2514 desiderio
3067 2453 3397 2512 desiderabit
3449 2449 3777 2506 abscondita

2189 2555 2394 2610 videre.
2441 2552 2550 2609 Sua
2593 2550 2742 2608 enim
2797 2548 3071 2606 desideria
3119 2544 3478 2620 languescere
3526 2541 3780 2599 sentiunt

2189 2656 2460 2715 amantes,
2497 2647 2541 2703 si
2571 2646 2717 2718 quod
2766 2643 3104 2706 desiderant,
3147 2640 3333 2696 statim
3385 2646 3775 2709 assequamur.

2190 2739 2261 2795 At
2280 2755 2406 2795 vero
2426 2739 2672 2810 quisquis
2696 2735 2987 2793 essentiam
3011 2733 3105 2788 Dei
3133 2731 3446 2803 investigat,
3471 2744 3583 2800 quo
3603 2727 3781 2798 magis

2192 2841 2424 2904 spectat,
2461 2831 2632 2903 magis
2668 2830 2721 2884 in
2754 2829 2872 2900 ipso
2904 2824 3204 2898 spectando
3235 2822 3515 2880 connivet.
3557 2819 3780 2875 Etenim

2023 2980 2258 3040 ΝΟΤᾸΞ.

571 3137 697 3210 850.
750 3136 868 3192 Duo
907 3149 1183 3210 portenta,
1223 3155 1346 3210 quae
1377 3154 1477 3210 per
1521 3138 1696 3194 Eliani
1745 3139 1885 3195 facta
1921 3152 2073 3208 sunt,
2101 3146 2146 3206 Ω
2179 3141 2416 3197 vincebat
2474 3138 2689 3196 Israel:
2741 3137 2824 3194 sin
2878 3145 3058 3192 autem
3103 3133 3382 3204 paululum
3463 3133 3781 3199 remisisset,

499 3205 812 3282 indicantur
845 3225 858 3260 :
892 3205 1097 3282 scilicet
1131 3205 1270 3282 ignis
1286 3210 1351 3264 ad
1379 3205 1904 3282 consummationem
1925 3205 2076 3266 holo-

499 3280 698 3351 causti,
749 3279 868 3348 ejus
911 3279 1183 3349 precibus}
1217 3281 1286 3336 de
1332 3281 1471 3337 caelo
1505 3281 1781 3351 delapsus,
1815 3293 1872 3336 et
1926 3291 2086 3337 terrae

502 3350 718 3423 siccitas
739 3351 1120 3423 przcnuntiata,
1157 3352 1224 3406 IV
1259 3351 1390 3423 Reg.
1423 3368 1503 3416 ιιι,
1538 3352 1604 3406 18
1633 3350 1645 3407 Ξ
1676 3351 1872 3408 Cecidit
1903 3363 2083 3406 autem

500 3420 638 3494 ignis
671 3418 902 3494 Domini,
934 3431 981 3476 et
1009 3418 1618 3494 voravitiltolocattgttin,
1647 3432 1695 3476 et
1726 3423 1891 3494 ligna,
1921 3433 1970 3476 et
1997 3423 2086 3494 la-

503 3491 667 3558 pides.
698 3491 764 3544 Ει
794 3491 925 3545 ibid.
953 3509 1066 3556 xvi,
1095 3493 1118 3546 i
1155 3512 1168 3547 :
1201 3492 1265 3546 Et
1297 3493 1430 3547 dixit
1453 3492 1603 3546 Elius
1632 3532 1647 3546 .
1679 3533 1694 3547 .
1728 3533 1743 3547 .
1766 3491 1796 3546 ⁷.
1825 3493 1954 3547 Vivit
1982 3493 2090 3547 Do-

503 3561 678 3614 minus
708 3561 846 3632 Deus
880 3563 1073 3626 Israel,
1105 3563 1159 3616 in
1214 3562 1364 3632 cujus
1421 3573 1698 3632 conspectu
1751 3572 1850 3628 sto,
1903 3565 1949 3617 si
1983 3564 2082 3616 erit

504 3632 660 3702 annis
693 3631 772 3702 hi_s
806 3648 890 3686 ros
939 3643 987 3686 et
1019 3633 1203 3702 pluvia
1240 3676 1255 3698 ,
1291 3633 1392 3686 nisi
1437 3631 1596 3702 juxta
1645 3634 1750 3688 oris
1777 3635 1878 3687 mei
1906 3635 2086 3688 verba.

577 3701 700 3756 852.
721 3700 869 3772 Dan.
901 3717 974 3766 γι,
1003 3700 1075 3772 22
1106 3719 1122 3756 :
1154 3701 1294 3756 Deus
1313 3700 1456 3756 meus
1469 3703 1613 3756 misit
1642 3703 1893 3772 angelum
1910 3721 2087 3770 suum,

505 3779 557 3825 et
585 3770 836 3824 conclusit
876 3787 971 3824 ora
1003 3771 1234 3832 leonum.
1266 3782 1314 3826 et
1341 3789 1444 3825 non
1474 3770 1761 3827 nocuerunt
1787 3775 1914 3828 mihi
1932 3814 1946 3828 .

737 3839 869 3916 Dan.
905 3856 988 3904 ιιι,
1015 3841 1084 3896 50
1115 3857 1128 3893 :
1170 3841 1234 3916 Et
1265 3844 1387 3916 fecit
1415 3843 1642 3915 angelus
1700 3845 1928 3898 medium
1982 3844 2093 3916 for-

506 3911 657 3994 nacis
697 3912 1082 3995 qu_asi.ventum
1110 3911 1535 3984 roris'ﬂanteni,
1567 3923 1615 3968 et
1667 3930 1770 3969 non
1803 3911 2094 3987 tetigit'eos

507 3997 722 4052 omnino
755 3997 908 4052 ignis.

580 4051 750 4128 Exod.
777 4051 876 4116 ivit,
901 4051 972 4106 20
993 4069 1023 4128 Ξ
1039 4053 1121 4128 _Et
1145 4053 1350 4109 elevans
1381 4055 1583 4128 virgam
1615 4055 1869 4128 percussit
1897 4073 2094 4128 aquam

509 4122 751 4198 fluminis
779 4139 959 4198 coram
983 4122 1264 4178 Pharaone
1309 4138 1358 4180 et
1389 4122 1552 4180 servis
1583 4122 1719 4196 ejus,
1775 4143 1892 4198 qua:
1943 4122 2093 4182 versa

509 4201 586 4248 est
595 4193 666 4264 in
692 4195 1025 4264 sanguinem.

584 4262 830 4338 Exod.
879 4265 950 4318 2‘3
977 4282 992 4316 :
1023 4263 1373 4336 Extenditque
1419 4266 1620 4338 Moyses
1663 4284 1882 4322 manum
1916 4268 1971 4320 in
1996 4283 2096 4322 co:—

511 4332 664 4388 lum:
700 4343 756 4406 et
772 4335 929 4406 [actia
976 4344 1097 4388 sunt
1143 4332 1367 4392 teneb'ra'
1420 4332 1696 4394 horribiles
1745 4339 1803 4392 in
1850 4339 2094 4394 universa

508 4415 653 4475 terra
684 4404 924 4475 [Egypth
952 4413 1064 4460 etc.

581 4473 706 4546 856.
739 4473 942 4530 versus
971 4475 1255 4546 suppletus
1274 4492 1339 4532 ex
1365 4478 1490 4540 cod.
1514 4479 1670 4543 “26,
1701 4479 1950 4536 miraculi
1983 4479 2091 4536 vim

510 4545 810 4621 explicans,
845 4561 954 4621 quo
981 4545 1182 4621 factum
1226 4557 1312 4621 est
1346 4558 1405 4621 ut
1442 4548 1708 4621 {Egyptiis
1755 4551 1808 4604 in
1854 4551 2094 4606 tenebris

511 4616 837 4686 degentibus
859 4616 1072 4671 Hebraei
1091 4617 1241 4670 velut
1260 4618 1312 4671 in
1332 4616 1631 4674 clarissima
1662 4621 1784 4676 luce
1808 4621 2088 4683 viderent,

511 4687 658 4755 quod
693 4687 965 4755 legiturin
1006 4688 1101 4742 lib.
1136 4686 1265 4758 Snp.
1300 4706 1435 4756 xvn,
1475 4691 1544 4746 20
1576 4690 1755 4745 :-Solis
1782 4703 1961 4747 autem
1990 4693 2098 4748 illis

511 4759 838 4825 superposita
867 4767 980 4810 erat
1007 4757 1184 4828 gravis
1213 4757 1317 4812 nox
1339 4800 1353 4812 .
1390 4799 1404 4814 .
1439 4800 1454 4814 .
1491 4799 1506 4814 .
1541 4760 1752 4817 Sanctis
1778 4772 1960 4818 autem
1987 4764 2092 4818 tuis

513 4836 627 4879 erat
671 4828 904 4880 maxima
943 4827 1052 4882 lux.
1611 4861 1616 4866 ~

585 4897 710 4973 857.
769 4897 934 4973 Exod.
967 4915 1018 4973 x_,
1083 4899 1197 4973 157:
1254 4898 1510 4956 Dominus
1559 4911 1736 4956 autem
1774 4903 2100 4973 pra'cedebat

515 4983 600 5020 eos
627 4971 696 5020 ait
718 4969 1088 5041 ostendendam
1117 4972 1281 5041 viam,
1300 4986 1392 5040 per
1419 4973 1554 5026 diem
1581 4975 1636 5028 in
1666 4969 1908 5028 columna
1928 4977 2097 5041 nubis,

517 5047 565 5091 et
597 5054 688 5106 per
715 5047 916 5091 noctem
964 5040 1021 5116 in
1044 5040 1288 5094 columna
1325 5042 1481 5113 ignis,
1520 5054 1574 5098 ut
1597 5047 1707 5098 dua:
1741 5055 1870 5105 esset
1895 5040 2102 5102 itineris

517 5118 737 5179 utroque
753 5117 1018 5179 tempore.

751 5177 933 5261 Εξιοιιἒ
968 5197 1099 5261 _xv1,
1150 5182 1257 5261 ᾖδε
1317 5183 1514 5261 Manhu
1555 5205 1568 5241 :
1611 5188 1755 5261 quod
1795 5189 2102 5261 signiﬁcat:

514 5249 762 5329 Quid__est
789 5251 883 5305 hoc
907 5252 1477 5329 ?_ignorabant_enim,
1531 5249 1658 5329 quid
1713 5249 1866 5315 esset:
1905 5249 2104 5326 Quibus

517 5322 594 5400 ait
646 5321 846 5393 Moyses
874 5337 893 5376 :
927 5321 1033 5400 iste
1063 5332 1137 5377 est
1169 5326 1342 5394 panis,
1390 5321 1554 5400 quem'
1575 5329 1824 5384 Dominus
1853 5321 1992 5386 dedit
2019 5348 2107 5386 vo-

516 5392 594 5445 bis
623 5400 694 5446 ad
727 5392 1054 5450 vescendum.

587 5462 712 5518 860.
747 5464 925 5536 Exod._
948 5481 1058 5530 xw,
1091 5465 1158 5520 12
1183 5483 1196 5521 :
1242 5465 1458 5537 Vespere
1488 5471 1765 5525 comedetis
1788 5488 1973 5526 carnes
1995 5512 2009 5528 .
2045 5513 2058 5526 .
2089 5513 2103 5527 .

521 5530 750 5617 Factum
784 5546 858 5590 est
897 5530 1016 5608 ergo
1040 5553 1267 5606 vespere,
1305 5530 1354 5592 et
1409 5543 1694 5597 ascendens
1731 5543 1975 5597 coturnix
2021 5559 2109 5598 co-

519 5616 722 5673 operuit
752 5617 948 5672 castra,
979 5617 1084 5664 etc.

589 5675 715 5729 861.
749 5675 1065 5752 Exodxvn.
1086 5681 1154 5737 6:
1193 5681 1561 5752 Percuticsque
1586 5693 1812 5752 petram,
1859 5695 1906 5739 et
1949 5685 2109 5740 exibit

522 5759 870 5820 exegitque,
904 5759 961 5802 ut
983 5750 1124 5804 bibat
1154 5752 1398 5820 populus.

594 5813 720 5869 862.
755 5816 923 5874 Exod.
948 5834 1075 5887 svtt,
1096 5822 1117 5876 Ι
1137 5813 1165 5874 1⁷
1187 5839 1198 5874 :
1223 5813 1461 5894 Cumque
1485 5822 1675 5880 levaret
1700 5824 1895 5896 Moyses
1924 5842 2110 5883 manus

2185 3211 2471 3276 superabat
2511 3209 2744 3266 Amalec.

2256 3273 2384 3358 86L
2411 3278 2724 3358 God;llﬁ_6,
2756 3278 2841 3358 ἴδῃ
2865 3277 3081 3358 m_elius.
3116 3273 3290 3358 Exod.
3323 3289 3406 3358 ιιι.
3449 3274 3487 3330 2
3523 3291 3556 3358 ξ.
3579 3275 3776 3358 Appa-

2189 3333 2403 3424 ruitque
2421 3333 2769 3424 'éi‘béniizin
2806 3333 2876 3404 i'n
2892 3349 3116 3424 ﬂamma
3140 3345 3274 3416 ignis
3301 3347 3365 3400 de
3397 3333 3591 3424 medio
3627 3333 3779 3409 'r'ubi,

2188 3431 2238 3478 et
2267 3417 2492 3488 videbat,
2525 3423 2667 3492 quod
2686 3421 2845 3492 rubus
2871 3417 3100 3492 arderet,
3131 3425 3180 3471 et
3215 3433 3316 3492 non
3344 3417 3694 3492 combureret.

2260 3494 2386 3550 865.
2408 3485 2512 3548 Per
2541 3485 2740 3549 rubum
2795 3489 3202 3546 incombustum
3238 3485 3634 3542 incarnationis
3665 3501 3786 3556 my-

2189 3564 2420 3620 sterium
2455 3574 2539 3618 est
2567 3562 2995 3634 pradiguratum.
3479 3627 3491 3639 _

2263 3635 2364 3657 non
2415 3634 2561 3657 ιιι..-)
2627 3649 2681 3657 -..
2743 3635 2772 3657 L0
2799 3649 2811 3657 .
2855 3629 3125 3657 Αι.--....,κο
3158 3627 3353 3657 lin“...
3386 3627 3575 3657 In“...
3600 3644 3785 3657 -..-....

2262 3635 2387 3691 866.
2415 3627 2586 3689 Exod:
2627 3627 2774 3698 ιιι,’6
2799 3649 2812 3686 :
2842 3629 3125 3686 Abscondit
3151 3627 3353 3696 Moyses
3382 3627 3576 3699 {aciem
3597 3644 3778 3684 suam:

2194 3707 2455 3783 nouerunt
2476 3704 2704 3783 audebat
2727 3705 2986 3783 aspicere.
2989 3709 3174 3783 contra
3209 3698 3402 3783 Deum.
3525 3768 3577 3783 Μ
3661 3770 3674 3783 ο
3712 3772 3732 3783 ⁸

2263 3776 2388 3855 867.
2417 3774 2586 3830 Exod.
2616 3790 2750 3855 xix,_
2783 3768 2849 3828 l8
2892 3771 3312 3855 :“Totusnautem
3343 3785 3490 3824 mons
3518 3768 3674 3826 Sinni
3704 3772 3791 3853 {u-

2194 3846 2374 3902 mabat
2401 3862 2418 3901 :
2444 3861 2502 3900 eo
2533 3845 2671 3916 quod
2715 3843 3060 3900 descendisset
3092 3841 3348 3896 Dominus
3391 3856 3552 3909 super
3580 3857 3703 3896 eum
3734 3842 3791 3893 in

2191 3919 2409 3992 ignetel
2434 3916 2734 3992 ascenderet
2768 3916 2944 3987 fumus
2970 3929 3034 3968 ex
3061 3930 3120 3992 eo
3143 3911 3295 3992 quasi
3319 3909 3405 3992 de.
3431 3911 3664 3992 [or-nare.
3724 3911 3791 3966 Et

2195 3979 2287 4052 fx,
2320 3979 2386 4044 91
2421 4005 2435 4042 :
2466 3989 2672 4056 Moyses
2705 3979 2883 4039 autem
2907 3985 3122 4056 accessit
3151 3979 3223 4036 ad
3245 3979 3555 4056 caliginem,
3575 3983 3630 4035 in
3681 3998 3790 4056 qua

2196 4051 2310 4136 erat
2347 4057 2507 4136 Deus.
2545 4051 2863 4136 Obiter_hic
2905 4053 3186 4136 adnotabo
3225 4065 3291 4136 ea
3338 4051 3461 4136 qua:
3493 4051 3792 4134 Dionysius

2196 4127 2360 4199 vulgo
2389 4127 2712 4199 Arreopagila
2743 4125 2864 4199 fuse
2913 4123 3099 4199 tradit,
3125 4132 3194 4199 _et
3235 4123 3794 4199 tractata_inveniun-

2203 4191 2322 4254 tur'
2339 4191 2552 4253 eodem'
2583 4191 2746 4252 modo
2788 4197 2844 4251 in
2883 4194 3248 4266 scriptoribus
3275 4191 3575 4266 Platonicis
3597 4263 3612 4266 _
3630 4194 3785 4266 circa

2197 4269 2440 4324 divinam
2486 4268 2796 4339 caliginem,
2842 4265 2912 4322 ab
2956 4261 3061 4322 hac
3109 4261 3477 4336 apparitione,
3529 4263 3696 4320 veluti
3758 4279 3790 4318 a

2198 4339 2350 4396 fonte
2380 4354 2684 4394 emanasse.

2270 4410 2394 4466 868.
2426 4410 2563 4464 Cum
2595 4408 2888 4464 Dominum
2937 4405 3156 4478 Moyses
3176 4413 3442 4478 rogasset,
3475 4415 3544 4478 ut
3568 4404 3622 4460 ei
3672 4405 3787 4476 glo-

2127 4506 2172 4564 ο
2197 4479 2512 4564 εἰοιη-ευιιηι
2538 4480 2870 4564 ostende-ret,
2898 4475 3188 4564 respondit
3208 4475 3373 4564 Deus,
3399 4475 3568 4564 Exod.
3593 4475 3788 4564 usi-it,

2196 4550 2304 4606 20:
2334 4551 2452 4605 Non
2480 4551 2672 4620 poteris
2689 4551 2863 4604 videre
2891 4547 3080 4621 {aciem
3103 4563 3317 4614 meam;
3344 4563 3448 4602 non
3477 4548 3620 4621 enim
3642 4547 3787 4621 vide-

2201 4620 2275 4675 bit
2307 4639 2389 4676 me
2429 4617 2602 4688 homo,
2647 4630 2696 4675 et
2740 4623 2873 4675 vivet
2891 4617 2917 4675 ⁷.
2943 4659 2959 4674 .
2996 4659 3010 4674 .
3037 4617 3273 4688 Cumque
3325 4618 3571 4672 transibit
3616 4618 3790 4688 gloria

2199 4709 2343 4760 mea,
2382 4709 2579 4762 ponam
2602 4700 2650 4746 te
2684 4692 2739 4746 in
2767 4691 3029 4762 foramine
3058 4698 3242 4760 petrte,
3287 4698 3338 4744 et
3361 4697 3638 4760 protegam
3660 4689 3792 4743 dex-

2202 4771 2314 4817 tera
2338 4781 2476 4826 mea,
2507 4765 2668 4817 donec
2695 4772 2989 4816 transeam.

2273 4833 2399 4890 869.
2423 4833 2730 4902 Tollamque
2752 4849 2971 4887 manum
2993 4847 3188 4893 meam,
3211 4838 3259 4885 et
3281 4829 3478 4888 videbis
3492 4829 3792 4902 posteriora

2204 4920 2320 4958 mea
2358 4920 2376 4959 :
2403 4905 2596 4975 facient
2624 4900 2803 4975 autem
2837 4919 3010 4975 meam
3040 4903 3215 4957 videre
3251 4917 3356 4956 non
3385 4900 3601 4975 poteris.
3648 4900 3792 4966 Quid

2202 4975 2313 5030 sint
2341 4971 2640 5045 posteriora
2669 4973 3017 5040 Dei,scilicet
3040 4988 3162 5045 qua:
3200 4987 3298 5043 per
3326 4971 3453 5045 enm
3479 4971 3622 5045 facta
3639 4980 3790 5039 sunt,

2204 5055 2259 5102 et
2283 5043 2514 5117 reliqua.
2534 5061 2655 5117 qua:
2677 5046 2908 5100 fortasse
2921 5044 3219 5117 quamdam
3251 5043 3669 5117 (inplicationem
3693 5057 3793 5097 ex-

2204 5113 2433 5187 poscere
2456 5113 2793 5187 viderentur,
2813 5115 3101 5187 explanata
3138 5113 3386 5170 invenies
3421 5113 3566 5187 apud
3619 5114 3793 5187 inter-

2204 5185 2390 5258 pretes
2416 5188 2538 5242 locis
2564 5189 2676 5241 citt.
2725 5185 2830 5242 Sed
2885 5185 3412 5258 praestatsanctum
3470 5185 3791 5258 Gregorium

2205 5255 2462 5314 Nazianz.
2507 5259 2717 5320 audire.
2750 5255 2939 5329 paucis
2987 5256 3172 5329 verbis
3223 5270 3336 5329 rem
3379 5255 3788 5329 explanantem,

2205 5329 2381 5408 ταῦτα
2401 5329 2544 5408 Θεοξ
2563 5323 2814 5408 ὀπίσθια,
2836 5329 2935 5382 ὅσα
2970 5327 3090 5408 μετ’
3137 5327 3346 5381 ἐκεῖνον
3396 5323 3608 5408 ἐκείνου

2211 5399 2475 5471 piatum,
2501 5399 2597 5454 Dei
2620 5400 2911 5466 posteriora
2932 5407 3053 5453 sunt
3079 5414 3164 5462 ea,
3199 5413 3319 5471 ante
3355 5407 3471 5467 post
3497 5412 3617 5471 eum
3633 5399 3794 5471 exsti-

2211 5466 2409 5542 terunt,
2437 5471 2685 5542 nobisque
2729 5471 2894 5542 ipsius
2919 5485 3155 5542 _nt_tmen_
3181 5466 3480 5542 declarant.
3522 5466 3794 5542 Maximus

2211 5540 2405 5612 Tyrius
2441 5557 2471 5596 a
2493 5537 2672 5597 Pisi'da
2706 5537 2816 5612 nan
2846 5538 3198 5612 abludens‘in
3226 5539 3515 5595 sublimem
3563 5537 3794 5612 rationis

2211 5606 2486 5682 speculam
2511 5627 2612 5668 nos
2640 5611 2848 5682 erigere
2864 5609 3245 5682 suadet,_Diss.
3267 5624 3315 5682 ι,
3349 5606 3794 5682 περισκέψαῇσθαι

2210 5677 2280 5736 τά
2306 5681 2400 5736 τοῦ
2429 5683 2562 5736 Θεοῦ
2593 5681 2664 5736 τὰ
2691 5677 2832 5752 ῐίνη,
2869 5681 2990 5735 τίνα
3027 5679 3214 5752 χώραν
3261 5680 3398 5750 ἔχει,
3428 5677 3550 5734 ἶτινα.
3572 5750 3581 5752 4
3603 5677 3793 5752 φύσιν,

2214 5753 2351 5808 unde
2376 5754 2592 5879 vlesligia
2627 5749 3176 5819 Dei'observemusﬁtt
3215 5749 3464 5820 sciamus,
3527 5750 3614 5806 ubi
3662 5749 3800 5818 sint,

2215 5836 2262 5879 ct
2286 5841 2387 5879 ana
2417 5841 2491 5879 ia.

2215 5836 2262 5880 cl
2286 5836 2491 5897 qualia.
