4144 6276
381 297 514 367 1501

554 415 616 468 Εἰ
654 416 929 487 συντόμως
962 419 1288 489 τύχωσιιτοῦ
1328 421 1686 494 ποθουμένου.

554 506 665 560 Καὶ
700 510 807 572 πᾶς
835 511 1073 580 ἐρευνῶν
1097 510 1193 564 τοῦ
1226 512 1362 566 Θεοῦ
1388 514 1486 583 τὴν
1514 516 1724 580 οὐσίαν,

415 596 522 654 875
536 597 701 651 Ὅσον
733 598 947 670 θεωρεῖ,
985 602 1120 672 πρὸς
1145 604 1398 658 τοσοῦτον
1428 606 1706 676 συμμύει·

553 693 615 745 Εἰ
645 692 753 763 γάρ
786 710 871 757 τις
899 695 978 758 εἰς
1008 695 1243 756 ἄϐυσσον
1272 698 1568 769 ἀπλήστοις
1604 701 1812 772 κόραις,

531 785 602 837 Ἣ
634 784 729 837 καὶ
756 789 1011 857 πυραυγῆ
1039 786 1220 842 δίσκον
1255 788 1405 861 ἡλίου
1437 788 1674 861 βλέπων,

529 876 692 929 Ὅσον
727 876 942 948 Θεωρεῖ,
966 881 1060 933 καὶ
1091 880 1260 952 κόρας
1286 882 1622 952 ἀμϐλύνεται

560 966 663 1037 (Οὐ
695 968 879 1040 ῥᾴδιον
908 970 1016 1041 γὰρ
1047 970 1248 1042 εὐτόνῳ
1273 971 1352 1043 τῷ
1380 973 1649 1044 βλέμματι
1744 1002 1747 1007 ν

417 1058 521 1114 880
544 1058 1020 1132 ’Λσκαρδαμυκτεὶ
1046 1063 1409 1128 προσϐλέπειν
1438 1064 1530 1117 τὸν
1562 1064 1747 1136 ἣλιον)

556 1148 715 1212 Ποῖος
740 1150 1023 1220 πανόπτης
1050 1150 1332 1221 εὐτονήσει
1366 1154 1492 1217 νοῦς
1526 1153 1746 1225 βλέπειν

557 1240 661 1292 Τὸν
694 1240 788 1294 τοῦ
815 1242 934 1296 καθ’
955 1244 1101 1314 ἡμᾶς
1131 1244 1282 1315 ἡλίου
1315 1247 1492 1316 φωτὸς
1527 1246 1725 1317 πόρον;

605 1331 766 1397 Ἀλλ’,
792 1328 836 1387 ὦ
868 1336 1057 1406 παρὼν
1092 1337 1375 1408 πόρρωθεν
1406 1338 1604 1409 ἑδραίῳ
1640 1339 1817 1409 τάχει,

455 1494 460 1499 ι
545 1423 606 1477 '0
632 1427 766 1479 πᾶσι
793 1427 1034 1494 γνωστὸς
1061 1428 1153 1480 καὶ
1181 1429 1499 1501 δυσεύρετος
1531 1431 1708 1501 μένων
1731 1471 1747 1496 ,

420 1512 525 1569 885
560 1516 670 1571 Καὶ
702 1521 832 1572 πᾶσι
862 1519 1078 1586 λεπτὸς,
1107 1523 1200 1576 καὶ
1229 1523 1548 1595 κρατεῖσθαι
1581 1524 1656 1596 μὴ
1685 1522 1853 1579 Θέλων
1874 1540 1888 1555 ο

1731 308 2283 372 ΗΕΧΛΕΜΕΒΟΝ.

1987 436 2033 491 Α

2240 422 2382 476 nam
2410 420 2518 493 γάρ
2545 420 2621 476 ὢν
2651 422 2950 491 ἄγνωστος,
2982 425 3263 496 ὲγνώσθης
3291 424 3435 487 ὅλοις

2222 512 2313 577 Ἐξ
2339 506 2414 566 ὧν
2442 514 2682 583 ὲνεργεῖς
2709 514 2787 576 εις
2819 515 2882 566 τὸ
2913 518 3122 579 πάντας
3150 533 3208 569 σε
3241 516 3481 586 βλέπειν.

2213 604 2378 657 Ὅσον
2407 604 2514 673 γὰρ
2543 606 2602 658 ὲν
2630 605 2713 659 σοὶ
2738 605 2797 659 τὸ
2824 605 3056 676 μέγεθος
3086 610 3185 673 τῆς
3210 607 3396 671 οὐσίας
3418 646 3435 671 ,

2222 696 2310 749 Ἐν
2333 696 2740 767 ἀκαταλήπτοις
2762 698 2975 769 ἐξοχαῖς
2998 699 3322 768 συνεστάλη,

2095 785 2200 844 890
2238 788 2503 843 Τοσοῦτον
2532 790 2663 860 ἡμῖν
2696 790 2796 862 τὴν
2830 791 3117 863 ἐνέργειαν
3144 789 3365 861 βλέπειν

2239 882 2351 953 Τὴν
2376 883 2473 952 σὴν
2498 883 2731 954 ἐφῆκας,
2758 884 2860 938 οὐκ
2889 886 2949 938 ὲν
2979 883 3234 953 ἀγγέλοις
3263 884 3449 954 μόνον,

2235 968 2332 1036 Οἷς
2363 971 2462 1037 τάς
2497 976 2797 1046 πυραυγεῖς
2823 975 3173 1046 ὲμφυτεύσας
3187 974 3401 1039 οὐσίας,

2216 1065 2388 1137 Ὕλην
2419 1066 2583 1120 ἀῦλον
2626 1066 2900 1137 μυστικῶς
2932 1067 3288 1137 ἀπειργάσω’

2220 1158 2433 1212 Ἀλλέῖ
2459 1176 2543 1223 τις
2576 1161 2726 1231 ἡμᾶς
2754 1160 2953 1214 οὐσιῶν
2987 1160 3265 1232 ὑπερτέρα

2096 1255 2199 1310 895
2236 1254 2441 1325 Λέληθε
2467 1256 2619 1320 τάξις
2652 1257 2921 1327 οὐρανοῖς,
2954 1258 3013 1309 ὲν
3043 1255 3223 1328 αἰθέρι
3248 1294 3265 1319 ,

2234 1345 2319 1397 Ἐν
2343 1345 2504 1396 παντὶ
2529 1345 2739 1415 κόσμῳ,
2776 1345 2853 1416 τῷ
2880 1363 2940 1399 τε
2974 1344 3071 1399 νῦν
3094 1344 3380 1416 ὁρωμένῳ,

2243 1436 2355 1490 Καὶ
2385 1436 2463 1507 τῷ
2489 1436 2594 1507 πρὸ
2619 1437 2785 1492 αὐτοῦ
2813 1437 2908 1492 καὶ
2942 1438 3060 1509 μετ’
3085 1437 3268 1501 αὑτὸν,
3295 1438 3343 1491 εί
3368 1435 3541 1500 Θέλεις
3559 1450 3573 1465 ’

2140 1590 2156 1607 ⁸
2245 1526 2429 1596 Χωρεῖ
2463 1527 2573 1599 γὰρ
2607 1529 2686 1591 εἰς
2717 1527 2852 1600 πῦρ,
2880 1530 2958 1594 εἰς
2992 1528 3159 1600 ὕδωρ,
3187 1529 3268 1592 είς
3302 1530 3478 1598 ἀέρα.

389 1674 455 1739 si,
488 1691 613 1732 cum
654 1678 776 1749 quis
818 1680 940 1751 plus
967 1681 1137 1736 nimio
1171 1682 1425 1737 immotas
1464 1682 1517 1736 in
1547 1683 1684 1738 lucis
1713 1684 1966 1755 abyssum
2076 1683 2214 1738 facta
2261 1691 2411 1749 sunt,
2459 1694 2517 1739 ut
2565 1682 2617 1739 in
2669 1695 2721 1740 te
2766 1700 2959 1741 omnes
3001 1685 3320 1741 intueantur
3352 1702 3367 1741 :
3399 1682 3651 1756 quamvis

388 1768 622 1840 pupillas
655 1780 848 1829 tenens
892 1774 1111 1845 igneum
1137 1777 1269 1832 solis
1299 1776 1508 1832 discum
1537 1776 1963 1846 contempletur,
2000 1761 2039 1816 Β
2070 1771 2214 1824 enim
2248 1781 2357 1827 tua:
2389 1773 2645 1829 essentia:
2679 1774 2999 1845 magnitudo
3040 1776 3189 1829 omni
3220 1756 3672 1845 incomprehen-i

388 1876 497 1930 quo
523 1863 692 1934 magis
724 1864 995 1931 intuetur,
1027 1883 1093 1923 eo
1120 1869 1291 1941 magis
1314 1885 1471 1923 suum
1504 1869 1727 1923 hebetat
1752 1868 1963 1935 visum;

389 1953 562 2009 oculis
598 1955 746 2010 enim
792 1957 865 2012 ita
904 1958 1129 2015 intentis
1190 1970 1248 2017 et
1282 1960 1453 2016 ﬁrmis
1483 1961 1652 2017 solem
1699 1960 1962 2031 aspicere,

390 2054 452 2100 ut
496 2062 775 2118 nunquam
825 2050 1107 2107 dimoveas
1146 2051 1344 2115 aciem,
1376 2052 1562 2107 datum
1592 2060 1675 2107 est
1714 2052 1962 2107 nemini:

389 2152 511 2208 qua:
564 2137 814 2195 sitmcns
861 2140 917 2195 in
970 2143 1136 2198 rebus
1185 2144 1443 2198 omnibus
1498 2144 1797 2200 lustrandis
1830 2145 1967 2199 adeo

390 2230 700 2300 perspicax,
736 2247 858 2301 quae
902 2230 1109 2287 fontem
1154 2232 1332 2303 ipsum
1376 2233 1569 2289 solaris
1610 2234 1748 2289 lucis
1795 2234 1969 2306 possit

392 2321 633 2376 intueri?

463 2411 545 2466 Tu
577 2412 760 2483 igitur,
790 2412 957 2479 Deus,
989 2416 1079 2486 qui
1110 2418 1241 2473 ades
1277 2433 1307 2472 a
1335 2417 1493 2490 longe
1537 2418 1823 2475 velocitate
1862 2420 1969 2475 im-

392 2502 604 2567 mobili,
651 2505 854 2591 quique
907 2509 1164 2563 onmibus
1214 2525 1273 2565 es
1318 2511 1589 2582 cognitus,
1637 2520 1691 2566 et
1736 2511 1972 2569 dilIicilis

390 2594 617 2649 inventu
650 2612 874 2666 manes;
904 2606 983 2662 tu,
1011 2615 1173 2669 quem
1202 2616 1393 2673 omnes
1416 2612 1647 2672 possunt
1672 2618 1886 2673 capere,
1914 2612 1971 2659 et

393 2686 570 2739 teneri
605 2701 714 2741 non
747 2688 849 2754 vis,
882 2689 1085 2758 quique
1122 2689 1377 2745 oumibus
1416 2706 1476 2746 es
1512 2690 1747 2762 ignotus,
1783 2701 1839 2747 et
1885 2701 1968 2747 ta-

393 2790 522 2831 men
556 2777 813 2835 omnibus
844 2790 1034 2836 notum
1071 2790 1123 2835 te
1170 2780 1348 2836 iecisti
1389 2781 1446 2837 in
1490 2782 1577 2849 iis,
1621 2798 1742 2853 qua:
1788 2799 1886 2855 per
1915 2793 1968 2841 te

2018 2058 2019 2061 ‘
2070 2043 2517 2115 dignosceremus

2069 1863 2211 1917 sibili
2280 1866 2600 1920 excellentia
2656 1866 2726 1920 sit
2779 1866 3230 1937 circumscripta;
3297 1866 3654 1921 nihilominus

2070 1963 2280 2009 tantum
2315 1956 2473 2011 nobis
2502 1955 2779 2012 facultatis
2810 1957 3032 2022 dedisti,
3062 1965 3125 2011 ut
3150 1956 3498 2028 operationes
3530 1965 3653 2010 tuas

2563 2064 2577 2102 :
2624 2055 2787 2116 atque
2836 2046 2892 2101 id
2938 2062 3048 2100 non
3091 2046 3267 2103 solum
3316 2047 3371 2100 in
3422 2045 3652 2117 angelis,

2070 2143 2271 2211 quibus
2307 2142 2494 2213 igneas
2540 2142 2877 2197 substantias
2929 2141 3194 2207 indidisti,
3229 2141 3510 2196 materiem
3547 2139 3652 2193 im-

2068 2234 2402 2289 materialem
2433 2234 2757 2289 mirabiliter
2783 2233 3120 2299 en‘ormans;
3152 2232 3247 2288 sed
3276 2233 3332 2287 in
3363 2231 3473 2288 alio
3511 2245 3654 2301 quo-

2068 2343 2286 2398 cunque
2320 2327 2751 2382 substantiarum
2783 2341 3006 2397 genere,
3039 2326 3083 2381 si
3125 2324 3270 2381 forte
3320 2324 3486 2379 etiam
3530 2321 3657 2393 quis

2069 2430 2153 2475 est
2182 2419 2441 2491 angelicis
2470 2418 2793 2474 substantiis
2822 2418 2959 2473 ordo
2997 2416 3302 2481 sublimior,
3330 2430 3496 2486 quem
3545 2426 3649 2467 nos

2071 2511 2256 2576 lateat,
2293 2510 2349 2565 in
2384 2510 2560 2574 cmlis,
2596 2509 2650 2563 in
2685 2509 2912 2571 aethere,
2947 2517 3111 2579 atque
3146 2508 3201 2562 in
3238 2506 3387 2562 omni
3423 2498 3652 2567 mundo,

2078 2613 2187 2658 tam
2228 2604 2283 2657 in
2327 2619 2414 2669 eo,
2444 2619 2609 2673 quem
2647 2618 2798 2657 nunc
2838 2603 3107 2667 videmus,
3143 2616 3305 2672 quam
3354 2600 3409 2655 in
3442 2614 3531 2661 eo,
3562 2594 3659 2666 qui

2078 2704 2207 2750 ante
2238 2695 2385 2750 hunc
2416 2694 2591 2765 ipsum
2621 2693 2742 2758 fuit,
2777 2705 2871 2747 aut
2896 2702 3021 2763 post
3049 2692 3226 2763 ipsum
3255 2692 3379 2757 erit,
3413 2690 3461 2745 si
3483 2689 3655 2745 velis:

2081 2795 2174 2842 tua
2203 2787 2349 2843 enim
2378 2786 2621 2857 potentia
2653 2792 2905 2857 penetrat
2944 2783 3001 2839 in
3038 2799 3211 2851 mare,
3250 2784 3307 2839 in
3340 2797 3560 2854 aquam,
3599 2779 3659 2835 in

1904 2960 2135 3018 NOTAE.

468 3109 593 3185 876.
630 3110 894 3185 Vulgaris
912 3119 995 3165 est
1038 3112 1394 3185 comparatio,
1431 3121 1486 3167 et
1535 3128 1674 3182 pene
1716 3113 1974 3185 omnibus
2001 3121 2045 3179 α
2078 3114 2241 3168 etiam
2272 3115 2520 3185 probavit
2552 3115 2788 3171 futuram
2826 3115 3140 3173 Lactantius
3176 3114 3353 3169 Divin.
3387 3114 3509 3185 inst.
3561 3131 3659 3179 vu,

397 3182 653 3236 Patribus
683 3179 804 3250 post
836 3179 1117 3236 Platonem
1149 3179 1206 3235 iit
1250 3182 1432 3236 P/Hl'd.
1481 3179 1807 3237 comtmmis.
1843 3182 1977 3237 Vide

396 3253 747 3324 ᾠκισμένοι.
778 3250 985 3324 (ΣοΙιοῙι.
1024 3252 1094 3305 ad
1133 3251 1260 3307 Gen.
1297 3271 1419 3324 pug.
1451 3253 1554 3318 47,
1608 3262 1662 3308 et
1716 3263 1964 3309 sanctum

400 3322 559 3389 Greg.
586 3323 715 3376 Naz.
745 3330 881 3375 orat.
909 3322 998 3377 54.

472 3394 593 3448 8'78.
636 3393 693 3447 In
727 3390 862 3446 Cod.
907 3391 1025 3446 Vat.
1065 3392 1203 3448 “26
1241 3394 1403 3462 huius
1448 3394 1698 3449 versiculi
1741 3394 1859 3448 loco
1899 3394 1979 3449 le-

400 3464 545 3534 gitur
566 3464 674 3526 hic.
704 3462 889 3543 Κῆρας
914 3463 1039 3532 μύει
1063 3481 1122 3543 τε
1156 3465 1251 3518 καὶ
1289 3468 1470 3543 σγοτοῖ
1514 3464 1977 3543 τούτου-φρένας,

403 3532 527 3604 post
555 3550 715 3604 quem
738 3532 828 3604 alii
859 3533 989 3599 duo,
1032 3533 1125 3604 qui
1177 3550 1285 3589 non
1323 3535 1577 3604 leguntur
1614 3536 1667 3590 in
1715 3532 1978 3590 Mo'rellio.

472 3602 597 3660 885.
636 3604 767 3669 Qua:
797 3602 864 3658 de
892 3602 1427 3675 incomprehensibili
1484 3606 1767 3675 majestate
1797 3615 1853 3661 et
1890 3620 1979 3660 es-

406 3676 580 3747 sentia
601 3675 693 3729 Dei
725 3690 823 3747 per
849 3675 1149 3747 antitheses
1172 3676 1435 3747 illustraia
1464 3675 1550 3747 hic
1589 3677 1978 3747 subjiciuntur,

405 3745 490 3803 vel
532 3756 591 3800 ut
618 3744 961 3799 coronarium
992 3761 1057 3801 ex
1088 3745 1361 3815 praedictis
1382 3744 1749 3810 deducuntur,
1770 3746 2005 3812 conl'er,’

406 3819 450 3873 si
479 3825 657 3880 vacat,
688 3830 811 3870 cum
836 3815 1055 3887 scriptis
1106 3816 1440 3887 Dionysiacis
1486 3816 1552 3870 de
1594 3816 1792 3871 Eccles.
1833 3817 1979 3873 Hier.

404 3889 462 3943 Si
498 3896 678 3958 autem
711 3896 877 3958 caput
900 3902 930 3939 v
966 3886 1040 3958 De
1068 3888 1173 3941 diu.
1197 3886 1338 3941 nam.
1364 3886 1979 3958 tantummodolegeris,

404 3958 543 4013 nihil
569 3957 673 4011 erit
706 3956 863 4019 ultra,
896 3957 1040 4025 quod
1069 3958 1370 4012 desideres.
1402 3956 1534 4011 Vide
1551 3957 1712 4011 etiam
1749 3956 1985 4011 Brucke-

407 4045 528 4084 rutu
560 4027 699 4082 Hist.
732 4025 916 4095 philos.
947 4036 1073 4081 tom.
1096 4027 1158 4087 ll.
1188 4044 1313 4098 pag.
1338 4026 1461 4089 416,
1498 4036 1555 4081 et
1596 4027 1666 4081 ιιι
1698 4043 1822 4097 pag.
1856 4027 1980 4085 522.

476 4099 599 4153 89L
626 4098 701 4151 De
730 4098 939 4166 angelis
976 4098 1100 4153 vide
1124 4113 1287 4167 supra
1330 4114 1379 4152 υ.
1409 4098 1530 4152 167.

475 4168 598 4224 894.
638 4168 772 4221 Cod.
806 4167 963 4222 H26.
997 4168 1334 4238 ὑπερτέρων.
1364 4168 1542 4223 Pisida
1592 4176 1653 4222 ut
1680 4167 1845 4222 nullis
1870 4176 1984 4223 ter-

405 4240 570 4296 minis
597 4238 1060 4306 circumscriptam
1086 4238 1180 4292 Dei
1216 4239 1515 4307 potentiam
1536 4240 1810 4300 ostendat,
1846 4238 1984 4293 alios

405 4312 569 4366 etiam
622 4324 803 4380 rerum
857 4317 1164 4364 creatarum
1206 4309 1428 4364 ordines
1467 4319 1666 4379 praeter
1714 4308 1985 4380 angelicas

404 4397 515 4435 non
546 4379 800 4434 excludit.

477 4450 605 4506 895.
640 4449 773 4503 Cod.
809 4447 969 4502 “26.
1001 4448 1058 4501 ὲν
1078 4449 1233 4520 ἀέρι.

478 4521 603 4576 896.
635 4520 868 4585 Quidam
916 4519 1088 4574 Graaci
1140 4518 1448 4587 philosophi
1481 4520 1717 4574 mundos
1748 4535 1869 4574 esse
1897 4519 1985 4574 in-

408 4593 591 4647 ﬁnitos
628 4590 901 4645 dixerunt.
948 4589 1079 4642 Vide
1110 4590 1462 4644 Plutarchum
1502 4589 1575 4643 De
1600 4590 1738 4658 plac.
1765 4590 1895 4658 phil.
1942 4591 1984 4656 Ι,

410 4662 463 4729 5,
490 4672 544 4717 et
567 4662 631 4728 Il,
654 4662 703 4715 ι.
723 4662 881 4715 Anne.
897 4659 1075 4713 Pisida
1106 4661 1403 4715 secundum
1424 4660 1643 4713 eosdem
1674 4661 1804 4715 dicit
1826 4663 1989 4713 παντὶ

409 4734 623 4804 κόσμῳ,
658 4734 713 4785 in
743 4732 890 4804 omni
904 4732 1125 4804 mundo,
1160 4733 1255 4784 καὶ
1276 4730 1353 4801 τῷ
1367 4729 1483 4804 πρὸ
1499 4729 1693 4804 αὑτοῦ,
1730 4741 1818 4804 γει-
1844 4732 1901 4783 in
1930 4748 1988 4785 eo

410 4800 653 4875 quiante
676 4812 790 4875 erat
824 4806 848 4855 1’
873 4800 1092 4875 Minime
1136 4817 1285 4855 vero.
1328 4800 1509 4875 ’Atqui
1551 4803 1742 4875 sancti
1800 4802 1988 4875 Patres

410 4872 537 4929 ante
557 4873 818 4928 mundum
838 4872 967 4941 quid
983 4887 1105 4927 esse
1127 4880 1371 4927 creatum
1401 4872 1807 4926 existimarunt.
1833 4872 1984 4927 Esto:

411 4946 507 5000 sed
537 4959 662 4999 cum
695 4945 799 4998 hoc
813 4943 1080 5014 dicerent,
1110 4944 1383 5014 angelicas
1407 4941 1625 5012 quidem
1654 4942 1989 5014 substantias

414 5015 829 5086 intelligebaut:
873 5010 1119 5086 ἶιινγάρ
1150 5010 1224 5086 τι,
1265 5013 1338 5086 ὡς
1376 5010 1542 5086 ἔοικε,
1600 5013 1695 5066 καὶ
1752 5013 1859 5086 πρὸ
1894 5012 1989 5065 τοῦ

414 5082 622 5156 κόσμου
647 5084 861 5149 τούτου,
886 5082 914 5136 ὃ
938 5085 1003 5156 τῇ
1034 5082 1132 5155 μὲν
1160 5083 1369 5156 διανοίᾳ
1422 5082 1579 5154 ἡμῶν
1611 5086 1727 5156 ἐστι
1770 5082 1992 5156 ’θεωρη-

412 5139 533 5221 τὸν,
573 5139 924 5227 ἀνιστόρητον
969 5139 1048 5207 δὲ’
1076 5139 1544 5227 κατελείφθη,”κ.
1573 5154 1701 5227 τ.
1756 5139 1906 5227 Erat.
1943 5139 1991 5227 et

415 5236 539 5281 ante
558 5228 692 5281 hunc
718 5224 992 5289 mundum,
1026 5236 1082 5278 ut
1115 5224 1395 5279 verisimile
1446 5234 1545 5289 est,
1598 5224 1802 5295 aliquid
1849 5225 1989 5295 quod

418 5306 595 5351 nostra
638 5298 845 5368 quidem
889 5296 1232 5368 cogitationei
1253 5311 1530 5368 possumus
1587 5296 1835 5368 assequi,
1871 5300 1991 5368 __sed

419 5363 781 5423 narrationem
824 5363 1021 5437 effugit,
1053 5375 1160 5422 etc.
1198 5367 1438 5437 Sanctus
1496 5363 1727 5437 Basilius
1771 5366 1825 5418 in
1859 5365 1991 5419 "ex.

420 5438 463 5501 ι,
494 5439 547 5493 5.
576 5438 713 5505 Quid
732 5436 913 5493 autem
946 5438 1013 5493 de
1045 5436 1248 5507 mundo
1271 5437 1388 5507 μετ’
1409 5436 1590 5507 αὑτὸν,
1624 5438 1713 5507 qui
1760 5438 1856 5490 erit
1877 5446 1991 5505 post

420 5510 575 5573 Imnc,
609 5525 769 5579 quem
797 5509 1044 5579 videmus
1069 5508 1091 5561 ?
1125 5505 1358 5579 Num'de
1378 5506 1547 5579 stoica
1576 5505 1993 5579 mundiinstau-

422 5577 638 5650 ratione
666 5578 1071 5650 intelligendum
1102 5578 1231 5650 est?
1262 5578 1379 5634 Non
1403 5578 1659 5650 arbitror.
1687 5577 1867 5650 Malim
1895 5577 1992 5633 Pi-

420 5648 597 5704 sidam
654 5650 719 5702 ad
781 5648 902 5703 eain
953 5649 1141 5704 mundi
1193 5648 1599 5703 renovationem
1656 5648 1989 5717 respexisse,

423 5736 587 5785 quam
614 5720 714 5793 sibi
746 5727 1085 5793 perspectam
1118 5720 1373 5793 habuisse
1386 5735 1465 5793 εκ
1489 5719 1633 5793 Isaia
1655 5728 1887 5793 testatus
1907 5729 1993 5774 est

427 5789 908 5863 sanctuslustinus
926 5791 980 5845 in
1003 5790 1147 5846 Dial.
1178 5800 1357 5846 contra
1384 5789 1574 5861 Tryph.
1609 5791 1697 5859 8i,
1722 5805 1992 5862 quamque

2016 4473 2060 4528 D

2078 3185 2167 3251 26,
2205 3184 2350 3240 unde
2377 3186 2443 3239 de
2481 3184 2796 3240 hlillenariis
2832 3197 2949 3241 orta
2994 3196 3078 3241 est
3120 3185 3413 3240 sententia.
3467 3184 3661 3240 Utrum

2079 3266 2262 3309 autem
2297 3258 2414 3310 ha-c
2475 3272 2597 3309 cum
2656 3256 2898 3310 Platonis
2934 3256 3203 3318 doctrina,
3264 3255 3355 3324 qui
3398 3255 3664 3308 mundum

2081 3325 2523 3396 inaspectabilem
2567 3335 2622 3379 et
2664 3327 3074 3395 aSpectahilem,
3110 3334 3167 3379 et
3189 3326 3509 3396 animarum
3534 3340 3660 3378 mu-

2080 3394 2338 3451 tationem
2370 3394 2856 3467 migrationemque
2877 3397 3097 3451 admisit
3121 3396 3174 3449 in
3202 3396 3411 3461 Phwd.,
3443 3394 3656 3465 aliqua—

2082 3476 2243 3522 tenus
2271 3467 2639 3529 consentiant,
2678 3467 2815 3520 alius
2838 3467 3053 3521 viderit.

2152 3539 2275 3594 898.
2318 3536 2373 3591 Si
2405 3553 2469 3590 ea
2518 3554 2641 3606 qua:
2676 3548 3003 3606 sequuntur,
3038 3547 3094 3592 et
3116 3535 3215 3589 alia
3251 3535 3402 3589 hisee
3435 3533 3659 3606 similia,

2080 3624 2200 3678 quze
2232 3607 2283 3678 in
2322 3608 2501 3662 Pisida
2534 3603 2869 3671 occurrunt,
2902 3608 2982 3663 vir
3008 3622 3145 3662 sane
3171 3606 3479 3660 eruditione
3528 3603 3664 3658 insi-

2082 3677 2201 3749 gnis
2236 3677 2538 3733 Bruckerus
2568 3678 3065 3749 animadvertisset,
3098 3677 3242 3749 inter
3270 3690 3334 3730 ea
3365 3684 3663 3739 momenta,

2082 3747 2279 3873 quibus
2313 3749 2499 3804 Patres
2532 3749 2673 3803 inter
2696 3748 3004 3803 Platonicos
3046 3747 3336 3803 eclecticos
3369 3761 3665 3800 recensen-

2120 3836 2182 3873 os
2234 3832 2411 3873 nutat.
2471 3821 2717 3873 profecto
2763 3819 3060 3873 retulisset.
3108 3818 3251 3872 Satis
3280 3816 3425 3871 enim
3477 3823 3665 3873 aperte

2120 3836 2182 3875 os
2234 3832 2411 3889 putat.
2471 3821 2717 3890 profecto
2763 3819 3060 3890 retulisset.
3108 3818 3251 3890 Satis
3280 3816 3667 3890 enimgapefte

2084 3884 2299 3945 videtur
2332 3891 2421 3945 hic
2473 3884 2735 3959 expressa
2778 3890 2866 3944 illa
2908 3888 3195 3959 Platonica
3237 3884 3527 3959 ethtoiea’
3568 3884 3665 3959 Dei

2084 3960 2449 4085 fgi3ﬂtlli07ét‘];
2484 3955 2571 4015 res
2605 3968 2837 4015 creatas.
2887 3958 3116 4014 Celebre
3168 3969 3250 4013 est
3295 3958 3423 4012 illud
3456 3955 3665 4029 Virgilii

2159 4048 2211 4083 η.
2238 4047 2309 4085 γι.
2481 4046 2495 4081 Ξ

2159 4048 2211 4083 η.
2238 4047 2309 4089 γι.
2350 4046 2449 4084 ⁷121)
2481 4046 2495 4081 ζ

2156 4099 2387 4167 Spiritus
2414 4102 2555 4153 intus
2585 4098 2703 4164 alit,
2735 4108 3002 4168 totamque
3032 4098 3209 4168 infusa
3244 4112 3338 4165 per
3366 4105 3517 4149 artus

2156 4171 2297 4223 Mens
2317 4171 2488 4241 agitat
2524 4170 2733 4235 ntalem,
2759 4178 2807 4223 et
2843 4178 2955 4241 toto
2980 4184 3037 4221 se
3066 4183 3280 4241 corpore
3315 4168 3519 4219 miscet.

2093 4238 2291 4294 Verum
2323 4235 2598 4310 optassem
2630 4254 2781 4302 sane,
2813 4249 2876 4293 ut
2907 4239 3050 4294 idem
3081 4235 3390 4310 Druckerus
3407 4276 3422 4296 .
3457 4235 3549 4310 qui
3570 4235 3669 4310 ni-

2088 4312 2192 4366 mis
2236 4306 2463 4365 l'ortasse
2494 4310 2735 4365 studiose
2774 4325 2841 4363 ex
2874 4307 3235 4378 scriptoribus
3280 4306 3671 4378 ecclesiasticis

2087 4397 2149 4435 ea
2183 4380 2364 4435 omnia
2392 4381 2631 4452 collegit.
2684 4380 2883 4452 quibus
2913 4376 3065 4452 suam
3113 4378 3441 4452 sententiam
3472 4376 3671 4452 contir-

2089 4460 2283 4513 maret,
2319 4446 2621 4520 parcius'id
2648 4446 2776 4505 vitio
2810 4450 3065 4505 vertisset
3095 4448 3403 4520 gLactautio
3440 4455 3496 4520 et
3525 4446 3665 4501 aliis.

2089 4521 2208 4575 Non
2230 4517 2374 4575 enim
2409 4523 2539 4576 satis
2568 4522 2850 4575 moderato
2879 4520 3063 4574 animo
3093 4518 3436 4573 Lactantium
3468 4517 3669 4587 ipsum,

2090 4602 2150 4646 ut
2183 4593 2316 4647 alios
2344 4593 2612 4657 amittant,
2661 4591 3051 4661 reprehendit,
3076 4598 3207 4661 tam.
3247 4587 3311 4641 Ill
3338 4627 3352 4650 ,
3380 4586 3503 4661 pag.
3541 4586 3669 4655 467,

2074 4663 2232 4732 ‘quod
2301 4663 2387 4717 ille
2437 4664 2672 4716 divinam
2728 4659 2955 4715 mentem
3005 4659 3205 4713 dixerit
3248 4675 3341 4728 per
3394 4660 3671 4732 universas

2091 4730 2271 4786 mundi
2309 4743 2487 4801 partes
2518 4734 2779 4786 intentam
2827 4733 3140 4795 discurrere,
3181 4739 3227 4783 et
3263 4730 3439 4782 omnia
3471 4744 3668 4801 regere,

2090 4804 2267 4856 omnia
2300 4800 2587 4868 moderari,
2612 4804 2801 4874 ubique
2829 4810 3157 4874 prtesentem)
3182 4800 3373 4870 ubique
3398 4800 3668 4874 diﬂ'usam.

2093 4874 2347 4929 Socrates
2379 4875 2601 4931 quidem
2650 4869 2839 4928 Deum'
2869 4888 2990 4931 esse
3040 4869 3218 4925 aiebat
3250 4869 3490 4924 mentem
3546 4869 3671 4923 nni-

2090 4946 2361 5024 versi_;mac
2400 4940 2553 5000 Plato
2586 4944 2827 4999 animum
2862 4959 2962 5024 per
3000 4942 3294 4996 immensas
3324 4940 3511 4995 mundi
3542 4955 3671 5024 par-

2094 5025 2175 5070 tes
2206 5016 2482 5075 diliusum.
2517 5032 2585 5070 ex
2612 5031 2721 5085 quo
2747 5017 2930 5069 omnia
2953 5053 2967 5075 .
3002 5028 3125 5082 qua:
3154 5021 3477 5077 noscuntur,
3504 5016 3672 5065 vitam

2091 5087 2399 5156 capiebant.
2448 5085 2555 5141 Sed
2584 5100 2744 5155 quam
2788 5085 3002 5156 diversa
3034 5085 3149 5149 haec
3178 5092 3345 5146 sunt,
3375 5092 3671 5156 autquam

2092 5150 2306 5212 diversa
2359 5167 2543 5211 mente
2589 5150 2643 5211 et
2687 5150 3675 5226 signiﬁcationeexpressa?Platoni-

2093 5242 2217 5282 cum
2253 5228 2416 5282 etiam
2447 5221 2898 5295 Jeremiam'quis
2926 5221 3260 5295 appellabit,
3298 5221 3672 5295 cum__l)omi-_

2092 5313 2223 5352 num
2270 5299 2341 5353 ita
2380 5298 2694 5368 loquentem
2717 5291 3158 5368 .inducit,'xxt|t
3183 5294 3314 5368 ,_'2_4
3349 5312 3363 5347 :
3418 5291 3674 5368 Nigiquid

2093 5385 2197 5422 non
2237 5369 2421 5423 caelum
2454 5362 2525 5422 ἐι
2574 5362 2771 5423 terram
2822 5383 2914 5437 ego
2952 5367 3183 5436 impleo?
3214 5365 3382 5437 Igitur
3410 5362 3455 5418 si
3486 5362 3675 5418 Patres

2097 5437 2265 5494 Deum
2325 5439 2563 5509 undique
2611 5435 2892 5509 diffusum,
2926 5438 3219 5509 dixerunt,
3253 5435 3675 5509 divinan|__sane

2092 5503 2491 5580 providentiam
2538 5519 2595 5564 et
2643 5508 2988 5580 praesentiam
3033 5508 3090 5561 in
3128 5507 3302 5580 rebus
3345 5503 3575 5580 singulis
3615 5518 3675 5558 se

2092 5575 2439 5635 exserentem
2462 5575 2757 5634 voluerunt
2786 5579 3095 5634 ostendere.
3127 5576 3335 5631 idcirco
3370 5575 3543 5631 Pisid‘a
3584 5589 3676 5627 re-

2094 5651 2234 5706 ctius
2267 5666 2483 5720 quoque
2536 5651 2750 5705 locutus
2792 5664 2901 5703 non
2953 5658 3213 5720 mentem,
3240 5646 3337 5701 sed
3370 5645 3674 5720 ἐνέργειαν,

2094 5722 2202 5775 vim
2250 5715 2415 5791 atque
2458 5720 2749 5777 etiicaciam
2780 5721 3020 5791 divinam
3077 5718 3278 5787 ubique
3312 5731 3373 5772 se
3422 5715 3674 5786 prodere.

2094 5802 2257 5863 atque
2284 5790 2340 5849 in
2377 5808 2568 5851 omnes
2600 5808 2688 5850 res
2720 5808 2777 5850 se
2806 5790 3114 5849 diffundere
3162 5803 3227 5857 ac
3273 5801 3561 5863 permeare
3590 5800 3687 5860 ιο,
