4144 6276
534 284 667 354 2507

704 398 939 470 Χλωράν
967 398 1027 453 δὲ
1061 398 1162 470 τὴν
1193 399 1469 470 ἄγρωστιν
1497 399 1547 451 εί
1583 398 1751 467 φάγει
1776 397 1944 463 κύων,

704 491 883 561 Χολῆς
916 490 1177 562 μελαίνης
1210 490 1560 561 ἐξερεύγεται
1591 490 1785 553 πάθος.

702 583 875 637 Λύκοι
901 583 956 636 δὲ
980 582 1081 655 τὴν
1111 585 1237 655 γῆν,
1261 584 1306 636 οἱ
1340 582 1497 648 λαγοί
1525 581 1581 635 δὲ
1610 581 1915 652 κανθάρους
1937 620 1951 645 ,

702 675 855 729 Λέων
887 675 1154 747 πιθήκους
1175 714 1191 739 ,
1219 675 1270 728 οἱ
1303 675 1360 728 δὲ
1388 674 1578 729 κύκνοι
1609 673 1915 745 βατράχους
1934 712 1950 738 ,

563 769 669 825 955
710 770 916 842 Τράγοι
942 770 999 823 δὲ
1024 769 1123 840 τὴν
1151 769 1396 823 ἄπεπτον
1429 767 1834 838 ἀσκαμμωνίαν

702 862 1077 926 Δειπνοῦντες,
1102 860 1398 915 ἐκπτύουσι
1430 860 1530 932 τὴν
1558 860 1825 929 ἁπεψίαψ

690 953 1021 1025 ’Δσκληπιοῦ
1053 954 1111 1007 δὲ
1135 952 1232 1007 τοῦ
1263 952 1417 1029 νόθου
1450 951 1573 1005 οεοῦ
1606 952 1749 1023 δίχα,

702 1042 945 1113 Τρώγων
974 1041 1267 1111 πελαργὸς,
1299 1041 1360 1095 ού
1396 1042 1638 1112 νοσήσει,
1658 1041 1785 1103 τοὺς
1814 1037 1985 1110 ὅφεις.

772 1133 944 1188 Πόθεν
972 1132 1260 1202 κατώὸλεψ
1293 1132 1501 1201 πυρσὸν
1528 1131 1768 1202 ἔμφυτον
1797 1131 1975 1185 πνέων
1992 1169 2007 1193 ,

560 1224 668 1282 960
691 1224 787 1279 Ἐκ
814 1224 963 1296 ῥινὸς
990 1223 1295 1295 ἐμφύσημα
1320 1224 1803 1295 πυρφορουμένης,

700 1317 868 1372 nam
901 1317 961 1369 τὸ
993 1315 1173 1387 ῥεῦμα
1210 1316 1311 1387 τῆς
1344 1318 1525 1386 πυρᾶς
1553 1314 1936 1385 ἀντιστρέφει·

700 1412 897 1483 Πόρρω
928 1410 985 1463 δὲ
1015 1408 1223 1499 πέμπει
1253 1409 1352 1480 τὴν
1386 1408 1580 1479 φορὰν,
1606 1409 1682 1472 ὡς
1710 1407 1967 1478 τοξότης,

700 1502 963 1556 Αἰτναίαν
995 1498 1186 1571 ὥσπερ
1212 1502 1305 1554 καὶ
1332 1502 1674 1572 κατάρρυτον
1702 1498 1898 1570 φλόγα,

704 1594 872 1663 Δίκην
901 1592 1171 1665 κεραυνοῦ
1208 1592 1563 1665 πυρσοόολῶν
1590 1592 1825 1663 ἀτμίδας

1852 282 2173 345 GEORGII
2206 280 2478 345 PISID/E

2134 409 2181 463 Α
2243 399 2347 453 965
2386 400 2449 451 El
2478 397 2554 468 μὴ
2581 396 2640 450 δὲ
2668 394 2870 466 θεσμὸν
2894 388 3007 465 εἶχε
3037 394 3470 465 συγκεκυφέναι,

3654 280 3802 347 linis

2389 488 2500 541 Kal.
2532 488 2629 558 τῆς
2657 487 2853 556 φλογὸς
2880 486 2939 539 τὸ
2975 485 3195 556 βράσμα
3225 487 3501 555 συγκινεῖν
3528 484 3683 540 κάτω
3705 525 3724 550 ,

2388 579 2500 651 Τὴν
2534 582 2638 649 γῆν
2664 578 2921 649 βαρύνειν
2949 574 3094 649 εἶχεν
3126 578 3193 632 ἂν
3215 580 3329 642 τοῖς
3354 578 3652 649 λειψάνοις.

2386 670 2556 724 Πόθεν
2589 671 2647 725 δὲ
2675 669 2742 724 τὰ
2777 669 3085 741 προῦχοντα
3108 670 3218 724 τῶν
3244 670 3399 737 ζώων
3426 672 3560 742 γένη

2375 761 2468 835 Ἐκ
2493 760 2598 815 τῶν
2629 761 2933 815 δοκούντων
2963 760 3202 833 μετρίων
3228 760 3580 829 φαυλίζεταις

2246 851 2351 908 970
2386 853 2497 907 Καὶ
2522 854 2630 918 πᾶς
2668 855 2767 925 μὲν
2801 854 2967 918 ἵππος
3004 854 3400 926 σειρομάστιγα
3428 854 3652 923 τρέμει,

2392 947 2609 1018 Οτστρῳ
2630 946 2687 1000 δὲ
2714 946 2909 1017 φεύγει
2931 945 3134 1018 ταῦρος
3165 946 3504 1017 ἐπτοημένος
3526 964 3541 978 ·

2387 1038 2551 1092 Φοόεῖ
2581 1039 2639 1094 δὲ
2665 1040 2758 1094 τὸν
2785 1040 2975 1094 λέοντα
3014 1040 3314 1112 τυπτηθεὶς
3341 1039 3509 1095 κύων.

2372 1131 2435 1183 Ἦ
2442 1131 2552 1199 μᾶς
2579 1130 2635 1184 δὲ
2663 1129 2862 1200 κώνωψ
2877 1129 3099 1202 εὐτελὴς
3124 1130 3464 1201 διαστρέφει,

2324 1230 2325 1233 “
2388 1225 2631 1290 Δάκνων,
2657 1222 2983 1296 προπωλῶν
3000 1263 3017 1291 ,
3040 1222 3343 1290 ὲξυπνίζων
3366 1222 3650 1287 πολλάκις.

2244 1316 2350 1373 975
2384 1317 2497 1370 Καὶ
2528 1315 2640 1371 τῶν
2674 1316 2988 1386 ἐλεφάντων
3018 1315 3309 1384 ὲκφοϐοὗσι
3343 1314 3406 1369 τὸ
3430 1315 3633 1385 κράτος

2385 1408 2466 1463 Τὰ
2502 1408 2674 1480 μικρὰ
2703 1407 3061 1479 γρυλλίζοντα
3088 1406 3199 1461 τῶν
3228 1408 3427 1479 χοίρων
3458 1406 3658 1480 βρέφη.

2456 1503 2567 1555 Καὶ
2600 1501 2793 1573 μικρὸς
2827 1499 2983 1564 suo;
3011 1500 3329 1571 ὑγροχέρσῳ
3358 1499 3535 1570 θηρὲῳ

2386 1594 2596 1666 ΦΘορὰν
2625 1594 2825 1664 ὲφιστᾷ
2853 1595 2919 1664 τῇ
2951 1595 3093 1663 τομῇ
3120 1592 3230 1645 τῶν
3262 1591 3489 1664 ἡπάτων
3510 1610 3524 1623 ο

526 1780 721 1836 morbo
752 1779 1038 1835 liberatur.
1075 1778 1166 1834 Sic
1204 1788 1261 1834 et
1301 1776 1545 1834 camelus
1587 1777 1827 1833 humidis
1876 1792 2114 1848 quercus
2145 1786 2187 1842 Β
2213 1779 2505 1851 iaculatur,
2541 1768 2605 1836 ac
2642 1779 2791 1835 velut
2833 1777 3039 1835 fulmen
3070 1777 3259 1849 igneos
3288 1764 3520 1847 vapores
3551 1774 3792 1830 emittit:

525 1872 673 1927 foliis
704 1886 763 1926 se
792 1879 1009 1942 purgat,
1038 1880 1200 1941 atque
1227 1871 1354 1926 inde
1379 1870 1558 1926 siccos
1587 1870 1851 1925 humores
1879 1871 2111 1926 evomit.

525 1962 692 2027 Canis
724 1976 857 2016 vero
899 1961 946 2016 si
984 1961 1157 2017 viride
1198 1977 1425 2034 gramen
1485 1962 1754 2025 comedat,
1803 1971 1937 2017 atra:
1986 1961 2113 2018 bilis

525 2058 869 2114 aﬂectiouem
921 2058 1144 2129 depellit
1184 2077 1197 2113 :
1255 2066 1419 2130 atque
1471 2058 1545 2113 ita
1593 2058 1707 2129 lupi
1758 2058 2114 2129 depascentes

526 2159 753 2215 terram,
786 2150 1001 2221 lepores
1039 2151 1366 2218 scarabaeos,
1399 2151 1585 2207 simias
1606 2151 1713 2215 leo,
1744 2165 1906 2205 ranas
1936 2150 2112 2221 cycni,

524 2256 582 2298 et
627 2244 852 2299 crudam
904 2243 1300 2299 scammoniam
1346 2244 1506 2311 hirci,
1551 2243 1814 2315 quidquid
1856 2259 1966 2298 non
2023 2252 2109 2299 est

524 2341 742 2388 coctum
774 2333 827 2387 in
873 2333 1179 2398 stomacho,
1212 2334 1472 2389 emittunt
1498 2352 1512 2389 :
1544 2348 1610 2390 ac
1643 2335 1761 2389 sine
1793 2333 2110 2405 Aisculapio

527 2423 773 2478 fabuloso
822 2422 1072 2489 numine,
1108 2423 1154 2478 si
1202 2438 1411 2495 angues
1444 2424 1697 2480 comedat
1729 2424 1962 2487 ciconia,
1997 2438 2109 2478 non

525 2522 753 2583 aegrotat
780 2528 1030 2584 corpore.

599 2598 752 2655 Unde
796 2602 1110 2673 catoblepas
1161 2602 1380 2658 insitam
1444 2602 1717 2660 ﬂammam
1773 2604 1997 2670 eﬂlans,
2051 2614 2108 2662 et

526 2699 779 2761 urentem
825 2709 955 2749 nare
1004 2695 1254 2764 spiritum
1306 2696 1627 2763 eﬂ‘undens,
1676 2698 1842 2769 ignita
1891 2697 2107 2754 eﬂluvia

525 2781 785 2838 deorsum
817 2783 1115 2853 intorquet,
1160 2794 1217 2840 et
1262 2802 1421 2841 suum
1451 2787 1624 2851 virus,
1660 2788 1804 2858 quod
1838 2788 2105 2844 Etnamm

526 2888 591 2929 ac
624 2873 843 2930 ﬂuidam
880 2875 1151 2932 ﬂanunam
1182 2878 1415 2947 diceres,
1449 2880 1619 2936 instar
1648 2881 1916 2953 sagittarii
1948 2881 2105 2953 longe

2211 1873 2350 1928 adeo
2379 1881 2439 1926 ut
2476 1871 2584 1926 nisi
2620 1886 2685 1926 ea
2714 1871 2804 1927 lex
2838 1870 2932 1936 sit,
2966 1878 3027 1924 ut
3055 1883 3230 1940 prono
3257 1867 3474 1923 incedat
3504 1866 3707 1937 capite,
3742 1875 3799 1921 et

2210 1962 2442 2019 ﬂammas
2486 1962 2798 2019 incendium
2832 1963 3089 2018 deorsum
3128 1970 3365 2025 moveat,
3393 1968 3542 2014 terra
3584 1958 3796 2014 circum

2208 2065 2553 2127 premeretur
2569 2054 2963 2111 cadaveribus?
2990 2053 3147 2109 Unde
3191 2062 3397 2119 autem,
3425 2068 3548 2123 quae
3579 2050 3797 2107 caeteris

2210 2155 2471 2219 prastant
2510 2146 2786 2211 animalia,
2822 2145 2988 2200 rebus
3020 2154 3081 2199 ut
3113 2144 3271 2200 nobis
3314 2142 3533 2199 videtur
3560 2142 3796 2197 modicis

2214 2242 2523 2299 terrentur?
2543 2241 2733 2297 Omnis
2753 2240 2972 2311 quidem
2996 2254 3169 2309 equus
3188 2238 3402 2293 frenum
3434 2247 3488 2293 et
3522 2234 3795 2308 ﬂagellum

2213 2330 2420 2386 timet:
2460 2339 2633 2387 oestro
2698 2330 2946 2400 percitus
2997 2338 3187 2383 taurus
3255 2327 3439 2399 fugit:
3474 2326 3650 2391 canis,
3702 2323 3796 2395 qui

2212 2423 2447 2479 senserit
2482 2422 2732 2489 verbera,
2770 2429 2946 2478 terret
2981 2421 3196 2477 leonem
3227 2438 3240 2475 :
3278 2435 3379 2474 nos
3418 2434 3551 2475 vero
3593 2420 3796 2472 misere

2212 2522 2542 2586 contorquet
2598 2514 2721 2570 vilis
2767 2514 2947 2580 culex,
2991 2522 3047 2570 et
3093 2529 3279 2568 morsu
3332 2512 3599 2581 sibiloque
3651 2523 3797 2578 sazpe

2213 2606 2416 2663 excitat
2461 2624 2492 2663 a
2538 2620 2779 2663 somno:
2812 2614 2869 2661 et
2917 2606 3334 2676 elephantorum
3391 2602 3561 2657 robur
3611 2599 3795 2671 quatit

2211 2717 2502 2772 porcorum
2533 2710 2785 2757 recenter
2821 2709 3078 2756 natorum
3107 2696 3413 2770 grunnitus.
3582 2772 3585 2773 ν

2282 2789 2421 2855 Quid
2448 2805 2650 2861 parvus
2674 2789 2886 2861 hyllus?
2912 2789 3005 2859 qui
3040 2798 3184 2844 terra
3205 2796 3263 2843 et
3297 2801 3438 2856 aqua
3465 2783 3795 2858 gaudentem

2212 2881 2449 2937 bclluam
2504 2879 2841 2936 crocodilum
2890 2879 3125 2936 exsectis
3180 2876 3456 2933 intestinis
3501 2873 3797 2930 interﬁcit?

2074 3053 2308 3111 NOTAE.

524 3211 786 3279 Quamvis
829 3225 937 3265 non
971 3211 1168 3264 mirum
1204 3210 1308 3264 hoc
1337 3208 1439 3275 sit;
1483 3210 1661 3279 potuit
1690 3208 1835 3264 enim
1863 3209 1999 3266 alios
2028 3210 2103 3266 le-
2128 3217 2170 3274 ο
2204 3211 2384 3266 sanari
2445 3218 2671 3265 narrant
2732 3209 3073 3279 Aristoteles,
3135 3208 3279 3265 Hist.
3338 3212 3505 3267 anim.
3556 3229 3616 3268 rx
3647 3250 3663 3273 ,
3717 3213 3787 3278 7;

524 3284 669 3405 fisse
736 3282 919 3336 Pisida
976 3292 1173 3350 pnetcr
1228 3280 1652 3349 Hippocratem,
1713 3280 1978 3335 Galenum
2049 3292 2105 3336 et

576 3353 920 3405 ioscoridem.
949 3368 1073 3405 cum
1108 3366 1248 3405 neue
1274 3351 1549 3404 innumeri
1579 3350 1879 3405 antiquitus
1909 3360 2104 3405 aucto-

576 3353 920 3415 ioscoridem,
949 3368 1073 3405 cum
1108 3366 1248 3421 pene
1274 3351 1549 3404 innumeri
1579 3350 1879 3420 antiquitus
1909 3360 2104 3406 aucto-

526 3439 617 3477 res
674 3423 983 3478 exstiterint
1017 3465 1030 3486 ,
1080 3422 1171 3491 qui
1220 3422 1290 3475 de
1346 3421 1545 3490 plantis
1596 3430 1652 3475 et
1694 3422 2103 3477 medicamentis

524 3492 882 3563 scripserunt,
911 3508 1144 3562 quorum
1180 3506 1293 3546 non
1319 3500 1530 3563 tantum
1561 3492 1783 3561 scripta,
1812 3492 1911 3563 sed
1935 3493 2101 3563 etiam

526 3560 745 3617 nomina
803 3560 1219 3624 interciderunt,
1276 3570 1337 3615 ut
1381 3560 1566 3614 videre
1621 3560 1704 3615 est
1754 3562 1810 3615 in
1876 3560 2099 3628 Caleno,

526 3633 621 3687 lib.
656 3649 707 3686 vt
733 3634 809 3686 De
839 3633 1015 3701 simpl.
1052 3634 1241 3685 medic.
1270 3647 1323 3701 p.
1361 3630 1484 3695 1M,
1516 3630 1608 3701 qui
1638 3631 1931 3686 nonnullos
1960 3646 2099 3687 enu-

526 3719 670 3756 mera
680 3712 718 3757 t.

594 3772 720 3853 25!.
856 3771 1099 3853 canibus
1120 3770 1611 3853 seipsosngramine
1639 3771 1994 3853 purgantibus
2021 3773 2096 3827 si-

524 3842 672 3895 milia
703 3842 869 3896 refert
907 3842 1174 3914 Aﬁlianus,
1210 3856 1324 3903 vm,
1349 3843 1404 3914 9.
1442 3841 1533 3909 qui
1567 3841 1831 3914 agrostin,
1862 3843 1945 3897 vel
1972 3858 2098 3914 gra-

525 3927 650 3984 men
686 3922 861 3984 _vocat
897 3912 1035 3984 πόαν
1073 3913 1132 3964 ὲν
1158 3914 1278 3974 ταῖς
1314 3913 1941 3984 αἱμασιαῖς-φυομένην,
1978 3912 2096 3968 her-

524 3981 647 4035 bam
680 3982 732 4036 in
765 3977 1007 4036 maceriis
1042 3977 1389 4035 nascentem.‘
1410 3982 1486 4036 De
1518 3977 1666 4052 lupis
1696 3977 1891 4037 terram
1924 3977 2095 4039 eden-

526 4052 670 4106 tibus
718 4053 840 4107 vide
893 4068 1077 4122 supra,
1135 4069 1197 4123 v.7
1225 4053 1347 4106 806.
1402 4052 1638 4123 Lepores
1684 4054 1996 4117 cantharos,
2041 4065 2098 4110 et

522 4138 723 4191 cycnos
755 4138 915 4178 ranas
964 4125 1032 4177 ad
1082 4122 1347 4176 medelam
1378 4123 1664 4178 comedere
1686 4162 1701 4182 .
1732 4124 1874 4193 quod
1905 4125 2093 4188 sciam,

524 4209 687 4249 uerno
720 4194 899 4248 tradit.
937 4194 1207 4247 Leonibus
1240 4202 1421 4246 autem
1468 4194 1535 4247 ad
1582 4193 1903 4248 reﬁciendas
1942 4196 2096 4249 senio

526 4262 725 4318 fractas
755 4263 899 4319 vires
925 4279 1047 4319 esse
1078 4263 1378 4316 remedium
1404 4262 1573 4317 simia:
1611 4279 1829 4318 carnem
1864 4264 2097 4322 afﬁrmat

525 4333 698 4398 Phile,
729 4333 868 4388 Hist.
906 4335 1073 4387 anim.
1100 4334 1199 4396 65;
1230 4334 1323 4387 sed
1356 4331 1624 4398 Atilianus,
1662 4333 1785 4389 Var.
1814 4336 1937 4389 hist.
1972 4353 2009 4399 ι,
2037 4336 2091 4403 9,

524 4404 590 4459 ad
640 4419 831 4460 omnes
887 4404 1108 4459 morbos
1153 4404 1410 4472 prodesse
1464 4404 1606 4458 leoni
1654 4404 1866 4459 simiam
1912 4406 2091 4463 dicit:

523 4474 728 4527 Λέοντα
777 4475 1036 4528 νοσοῦντα
1078 4473 1187 4526 τῶν
1240 4473 1339 4545 μὲν
1393 4473 1571 4545 αλλων
1610 4474 1763 4545 οὐδὲν
1812 4475 2051 4545 ὀνίνησιν
2074 4493 2088 4506 ·

2207 3282 2431 3343 Plinius,
2461 3296 2557 3335 vui
2586 3321 2601 3344 ,
2633 3282 2694 3336 41
2721 3321 2737 3344 ,
2785 3289 2840 3335 et
2863 3278 3134 3343 Elianus,
3169 3296 3220 3335 vr
3245 3322 3260 3345 ,
3291 3282 3379 3336 46.
3419 3282 3550 3339 Vide
3577 3282 3795 3337 Salma-

2205 3352 2342 3405 sium
2370 3353 2437 3407 ad
2485 3352 2659 3406 Solin.
2704 3366 2829 3422 pag.
2866 3352 2993 3413 90l,
3047 3351 3138 3422 qui
3166 3350 3426 3422 ciconias,
3477 3363 3541 3408 ut
3573 3353 3696 3408 ibes
3736 3354 3793 3410 in

2203 3422 2454 3496 IEgypm,
2509 3438 2632 3491 qua:
2671 3421 2801 3477 sunt
2832 3421 3193 3496 aslapytbas;
3242 3421 3455 3496 ὄρνεον,
3500 3422 3793 3496 serpentes

2204 3492 2390 3565 venari
2441 3501 2663 3557 censet;
2710 3501 2765 3565 et
2796 3492 2982 3547 abhis
3026 3506 3168 3563 saepe
3215 3493 3527 3550 vulneratos
3562 3492 3793 3565 origano

2202 3563 2305 3618 sibi
2335 3578 2526 3632 parare
2557 3563 2878 3617 remedium.

2273 3631 2397 3689 9579.
2456 3634 2531 3687 De
2581 3633 2884 3703 catoblepa,
2928 3631 3038 3687 fera
3073 3631 3267 3703 Libyca
3294 3674 3308 3697 ,
3334 3632 3530 3690 similia
3584 3637 3793 3701 habent

2201 3703 2428 3767 Plinius,
2464 3719 2577 3766 vm,
2609 3704 2710 3768 52;
2748 3702 2989 3764 SOlinus,
3013 3704 3081 3759 50
3110 3722 3125 3771 ;
3157 3702 3425 3767 IEIianus,
3452 3720 3546 3769 vn,
3586 3709 3641 3763 5.

2271 3773 2395 3830 963.
2430 3772 2817 3842 Κατάρῤυτον
2844 3775 3043 3844 φλόγα
3082 3774 3369 3844 eleganter
3400 3786 3557 3830 vocat
3588 3779 3792 3844 ignitus

2202 3846 2704 3917 torrentes,i_vulgo
2740 3844 2793 3897 la
2846 3842 3017 3908 Lava,
3067 3842 3258 3917 qui'ex
3301 3842 3470 3917 {Etna
3520 3857 3580 3901 et
3609 3842 3790 3904 Vesu-

2198 3917 2286 3989 vio
2321 3914 2659 3989 Amontibus'
2684 3924 3039 3989 erumpentes
3108 3916 3197 3989 in”
3232 3914 3508 3983 subjectos
3560 3934 3791 3989 campos

2198 3986 2560 4051 delabuntur,
2612 3996 2673 4041 ut
2710 3985 2913 4041 nostris
2949 3985 3286 4056 temporibus
3312 4000 3421 4041 non
3447 3990 3618 4044 semel
3652 3985 3791 4047 con-

2201 4057 2338 4111 lisrit.

2424 4126 2617 4183 Melius
2666 4126 3061 4199 mpaoemm
3090 4168 3106 4195 ,
3144 4136 3206 4183 ut
3255 4135 3471 4182 constet
3514 4132 3787 4199 prosodia:

2198 4206 2355 4251 ratio.

2267 4267 2389 4321 966.
2447 4265 2772 4338 Catoblepas
2822 4268 2893 4323 ita
2950 4267 3145 4332 dictus,
3177 4268 3303 4337 quia
3344 4284 3580 4338 semper,
3608 4273 3785 4338 κάτω,

2195 4338 2459 4402 deorsum,
2492 4338 2701 4407 βλέπει,
2745 4340 2953 4408 aspicit.
2989 4338 3121 4394 Vide
3145 4340 3306 4408 hujus
3354 4340 3547 4395 bellua:
3574 4342 3781 4397 descri-

2195 4409 2437 4532 pgonem
2501 4409 2560 4464 in
2599 4409 2839 4465 IEliano.
2899 4409 3036 4466 Cod.
3085 4410 3223 4464 1126
3274 4409 3438 4464 habet
3486 4412 3784 4467 συντείνειν

2195 4496 2229 4532 κ
2270 4496 2365 4532 τω.

2195 4496 2365 4532 κατω.

569 4546 818 4619 apparitor
863 4546 923 4599 δέ
976 4546 1122 4619 ἐστιν
1176 4544 1470 4619 αμύτξρῌτῆς
1518 4544 1675 4598 νόσου
1726 4544 1957 4615 βρωθεὶς
2000 4548 2093 4600 πί-

2272 4548 2397 4607 970.
2428 4548 2538 4605 Res
2587 4550 2826 4605 minimae
2862 4550 3100 4606 maxima
3138 4550 3390 4607 animalia
3444 4561 3673 4619 terrent,
3722 4565 3786 4610 ut

559 4613 710 4686 ηκος,
742 4614 1049 4685 ΑΞςι-οιαηιὶ
1084 4614 1226 4686 leoni
1240 4613 1370 4686 nihil
1395 4615 1623 4686 aliarum
1653 4613 1826 4669 rerum
1853 4621 2098 4685 prodest;

522 4684 613 4737 sed
630 4686 675 4736 si
693 4684 928 4738 comedat
952 4686 1187 4746 simiam,
1210 4685 1264 4738 id
1295 4684 1342 4737 ei
1372 4685 1535 4738 morbi
1564 4684 2096 4746 remediumexsistit.

525 4752 602 4807 De
650 4754 800 4809 hirco
844 4755 1119 4811 silentium
1148 4754 1290 4814 apud
1335 4754 1469 4809 alios
1514 4765 1781 4809 auctores.
1816 4757 2101 4814 Scammo-

523 4824 694 4883 niam.
714 4834 782 4877 de
801 4840 907 4894 qua
928 4824 1287 4889 Dioscorides,
1312 4840 1386 4889 IV,
1411 4826 1531 4890 t7l,
1560 4825 1823 4889 ἄπεπτον,
1852 4830 2098 4895 crudam,

526 4909 628 4968 non
676 4895 938 4968 decoctam
975 4896 1156 4968 hircos
1186 4896 1349 4968 edere
1396 4896 1526 4950 dicit
1572 4895 1769 4949 Pisida.
1807 4896 2098 4968 Perperam

524 4964 805 5037 Morellius
836 4966 1095 5037 difﬁcilem
1123 4966 1395 5030 reddidit,
1435 4977 1632 5037 putans
1662 4976 1875 5037 poetam
1910 4964 2097 5024 absin-

527 5034 644 5088 thio
668 5034 915 5089 similem
932 5036 1185 5091 tribuisse
1218 5034 1563 5091 scammonia:
1589 5034 1902 5104 qualitatem
1924 5079 1938 5103 ,
1970 5056 2095 5095 cum

527 5104 616 5159 hic
668 5111 877 5159 mutum
915 5107 982 5161 sit
1026 5107 1177 5161 lusus
1207 5108 1498 5162 verborum
1528 5120 1543 5158 :
1572 5107 1799 5162 miratur
1828 5110 1995 5173 enim,
2040 5123 2099 5166 ut

416 5202 419 5207 -
525 5176 858 5230 scammonia
915 5176 1079 5231 cruda
1136 5177 1463 5233 cruditatem
1504 5176 1761 5245 depellat.
1823 5179 2099 5236 hlorellius

524 5262 681 5301 suum
710 5261 951 5319 errorem
976 5247 1182 5301 detexit
1208 5248 1262 5301 in
1289 5246 1599 5303 Comment.
1634 5248 1703 5300 ad
1740 5247 1873 5304 llex.
1907 5248 2093 5319 Basil.,

524 5318 1136 5459 8[Eisculapium
1165 5387 1307 5459 salse
1331 5380 1520 5447 irridet
1547 5337 2090 5449 ClemensiAlexand.

523 5456 733 5531 cohort.
789 5462 858 5513 ad
911 5456 1048 5531 gent.
1106 5475 1223 5531 pag.
1277 5458 1397 5514 25:
1446 5460 1631 5531 :Exet;
1684 5458 1740 5531 δὲ
1800 5461 1984 5531 ίατρὸν
2036 5465 2094 5517 ὲν

524 5527 694 5603 Θεοῖς·
733 5531 845 5603 es;
874 5524 1057 5603 ίοῖτρδς
1089 5524 1421 5603 φιλαργυρος
1451 5524 1547 5603 ἦν,
1565 5530 1619 5581 Ἀ
1631 5524 1906 5603 σκληπιὸξ
1925 5532 2093 5603 ὄνομα

523 5600 703 5670 αὐτῷ·
762 5599 1025 5654 Medicum
1077 5600 1237 5654 etiam
1280 5599 1617 5670 habesdinter
1670 5602 1832 5653 deos:
1872 5602 1916 5655 is
1972 5599 2092 5658 vero

521 5668 716 5740 avarus
741 5681 873 5740 erat,
903 5681 951 5724 et
976 5687 1161 5724 nomen
1194 5670 1373 5723 habuit
1398 5668 1716 5740 zEsculapii.

589 5739 716 5794 958.
754 5738 1034 5795 Ciconiam
1072 5740 1299 5812 origani,
1331 5755 1439 5795 non
1470 5738 1726 5811 anguium
1754 5744 2092 5802 comestione

2200 4635 2371 4691 equos
2443 4620 2665 4693 frenum!
2718 4628 2775 4675 et
2846 4619 3137 4691 ﬂagellum.
3190 4621 3415 4693 APisidia
3497 4624 3782 4693 ingeniose

2198 4706 2361 4745 unam
2411 4706 2478 4745 ex
2509 4691 2755 4764 Aduabus
2803 4693 3029 4764 vocibus
3072 4691 3308 4764 confecit
3347 4691 3779 4764 σειρομᾶστιγα,

2196 4776 2321 4835 nam
2376 4760 2534 4835 σειρᾲ
2585 4762 2699 4835 hic_
2726 4768 2812 4815 est
2855 4763 3097 4835 frenum,
3145 4772 3215 4835 et
3265 4760 3527 4835 habenae,
3564 4775 3621 4820 et
3672 4760 3781 4835 μά-

2198 4832 2337 4896 στιξ,
2372 4831 2589 4885 scutica.
2621 4831 2902 4894 (Estrum,
2938 4834 3053 4888 sive
3081 4833 3274 4897 asilum
3304 4832 3359 4887 in
3388 4835 3592 4889 rabiem
3616 4831 3780 4897 agere

2199 4911 2412 4956 taurum
2443 4902 2627 4957 notius
2653 4911 2759 4973 est,
2801 4918 2963 4971 quam
2991 4903 3097 4957 dici
3130 4913 3398 4973 oporteat.
3435 4905 3569 4960 Vide

2196 4988 2349 5038 nutu,
2384 4989 2458 5038 vt,
2483 4974 2550 5028 37
2577 4989 2593 5039 ;
2617 4972 2875 5044 Virgilius
2898 5011 2914 5038 ,
2938 4974 3126 5045 Georg.
3158 4972 3239 5039 ιιι,
3274 4975 3373 5028 M7
3406 4990 3421 5027 :

3091 5047 3186 5099 Cui
3218 5062 3403 5100 nomen
3429 5047 3565 5100 asilo

2329 5110 2627 5167 Romanum
2649 5124 2723 5169 est
2751 5131 2770 5169 :
2798 5127 2987 5170 oestron
3020 5114 3171 5171 Graii
3196 5126 3392 5170 vertere
3421 5125 3701 5172 vocantesl

2330 5183 2514 5255 ᾼερεν,
2546 5186 2734 5239 acerba
2757 5203 2951 5241 sonans
2969 5202 2988 5241 :
3026 5203 3126 5255 quo
3149 5195 3259 5240 tota
3287 5189 3537 5242 exterrita
3558 5188 3708 5245 silvis

2336 5253 2623 5324 Diffugiunt
2654 5268 2915 5312 armenta.

2194 5324 2268 5379 De
2301 5325 2530 5380 canibus
2572 5338 2779 5381 metum
2831 5326 3225 5383 incutientibus
3250 5326 3504 5381 leonibus
3534 5328 3657 5385 vide
3678 5345 3799 5395 ειιτν

2199 5412 2314 5467 pra,
2344 5413 2395 5449 v.
2422 5394 2545 5469 {£05,
2570 5404 2625 5449 et
2651 5396 2719 5451 de
2746 5399 2938 5469 culice,
2965 5416 3020 5453 v.
3050 5398 3136 5453 72.
3166 5397 3239 5452 De
3264 5399 3571 5469 elephantis
3594 5394 3777 5454 autem

2203 5466 2552 5541 horrentibus
2597 5482 2741 5541 sues
2777 5470 2856 5523 sic
2902 5468 3171 5541 Elianus,
3207 5485 3245 5533 ι,
3278 5466 3395 5525 58“;
3436 5470 3699 5541 nam:
3746 5470 3778 5523 ὁ

2200 5535 2395 5610 ἐλέφας
2428 5540 2611 5610 χοίρου
2654 5536 2805 5609 βοήν,
2852 5540 2960 5593 suis
2996 5542 3245 5610 grunnitu
3275 5535 3776 5610 ahltorreielephas,

2200 5606 2328 5661 item
2366 5606 2485 5671 vm,
2516 5607 2607 5671 28,
2636 5616 2693 5663 et
2726 5606 2836 5674 iw,
2870 5611 2958 5665 56.

2269 5677 2394 5752 977.
2425 5676 2746 5752 Similia__his
2780 5679 3034 5752 leguntur
3083 5683 3137 5736 in
3185 5682 3447 5736 Athenaeo
3483 5696 3555 5743 Ix,
3582 5681 3696 5752 _l0,
3720 5679 3778 5737 in

2200 5747 2415 5805 IEliano
2443 5764 2559 5815 Vlll,
2592 5748 2683 5817 25,
2714 5759 2770 5805 et
2797 5747 2857 5820 ιζ
2888 5751 2957 5808 47
2982 5792 2995 5817 ,
3026 5762 3081 5808 οι
3107 5753 3160 5807 in
3192 5752 3457 5807 Salmasio
3489 5752 3555 5807 ad
3574 5749 3779 5820 δοιὼ..

3677 4908 3780 4963 lia-
