4144 6276
345 300 485 370 1509

520 410 710 482 Λάθρα
739 409 849 482 γὰρ
882 410 1032 482 αὐτῷ
1059 410 1378 483 προσϐαλὼν
1408 411 1681 482 κεχηνότι,

377 502 483 560 980
522 504 806 575 Διατρέχει
839 504 911 558 τὰ
940 505 1246 577 σπλάγχνα,
1272 505 1511 576 σωλῆνος
1532 505 1712 575 δίκην,

523 596 720 666 Τεμὼν
746 597 803 650 δὲ
836 599 1086 667 κρυπτὴν
1113 597 1175 661 ἐξ
1207 596 1455 650 ὸπισθίου
1484 595 1659 667 θύραν

519 690 720 752 Φονεὺς
748 689 973 759 διαδρὰς
995 690 1202 759 οἴχεται
1229 688 1589 759 σεσωσμένος.

505 780 671 851 ’Λλλη
699 780 758 833 δέ
787 798 869 843 τις
903 779 1148 850 πέφυκεν
1174 780 1364 851 ὀρνέου
1398 779 1597 846 φύσις,

505 875 573 925 Ἢ
600 874 726 936 τοὺς
751 872 969 935 ὀδόντας
997 872 1247 941 βόσκεται
1272 872 1367 925 τοῦ
1395 872 1608 942 θηρίου,

386 964 491 1017 985
526 965 637 1017 Kal.
664 964 777 1027 τοῖς
806 964 1080 1034 περιττοῖς
1115 963 1357 1016 ὲστιᾶται
1382 961 1655 1032 λειψάνοις
1676 978 1695 996 ο

526 1058 768 1130 Στοργὴν
798 1058 853 1112 δὲ
876 1057 1193 1112 δεικνύουσα
1224 1060 1473 1127 γενναίου
1506 1059 1661 1127 φίλου
1680 1100 1693 1122 ,

528 1153 639 1205 Καὶ
662 1152 762 1222 τῆς
787 1151 1065 1223 τραπέζης
1090 1153 1191 1223 τὴν
1218 1151 1427 1224 τροφὴν
1450 1152 1765 1221 αίδουμένη,

503 1245 672 1297 Ὅταν
698 1244 790 1298 τὸν
818 1243 974 1298 ὖλλον
1003 1246 1327 1313 γειτνιῶντα
1358 1246 1678 1318 προσϐλέπῃ
1698 1286 1713 1305 ,

529 1335 761 1405 Κηράζει,
791 1335 1108 1407 πτεροῦται,
1139 1341 1253 1401 τοῖς
1281 1338 1407 1389 ποσὶ
1439 1339 1791 1410 περιτρέχει,

389 1426 494 1486 990
534 1427 734 1499 Κνήθει
763 1428 818 1481 δὲ
848 1430 961 1493 τοῖς
994 1428 1163 1495 ὄνυξι,
1196 1429 1289 1483 καὶ
1319 1429 1421 1500 πρὸ
1447 1428 1541 1482 τοῦ
1574 1433 1735 1497 φόνου

334 1585 490 1641 ciam
525 1585 671 1639 enim
706 1586 759 1641 in
790 1602 852 1642 os
882 1587 1083 1642 hiantis
1118 1587 1325 1659 irrepit,
1354 1589 1582 1659 ejusque
1623 1588 1928 1645 visceribus

354 1686 612 1747 tanquam
644 1692 739 1747 per
768 1678 957 1734 tuhum
995 1680 1272 1735 immissus
1313 1681 1632 1751 peragratis,
1663 1681 1926 1751 posticam

1678 301 2231 366 IIEXAEMERON.

1951 425 2001 481 Α

3460 300 3601 371 1510

2202 413 2655 485 Κήρυξκόλέθρου
2687 415 2896 483 γίνεται
2924 414 3206 489 ζωηφόρος
3225 431 3238 447 °

2203 507 2314 562 Καὶ
2349 506 2457 561 τῶν
2485 508 2775 578 τραπεζῶν
2800 508 3075 580 ἐξελέγχει
3102 510 3229 572 τοὺς
3253 509 3460 580 φίλους,

2198 600 2291 671 Μὴ
2316 599 2741 671 συμμαχοῦντας
2763 602 2844 663 εἰς
2866 602 3113 671 ἀνάγκην
3138 604 3252 666 τοῖς
3285 602 3459 672 φίλοις
3476 641 3490 656 .

2188 691 2387 763 Ἐχρῆν
2419 692 2548 763 γὰρ,
2577 690 2751 763 οἶμαι,
2784 692 2883 756 τὰς
2911 694 2968 746 ὲν
2996 693 3232 761 ὀγκὼσει
3267 694 3461 763 φύσεις

2062 783 2167 839 995
2191 784 2285 837 Ἐκ
2318 784 2426 837 τῶν
2458 784 2714 855 ἀμυδρῶν
2747 784 3154 855 ωμμαχεῖσθαι
3195 787 3461 859 σωμάτων
3483 804 3497 816 ⁸

2024 844 2049 873 ⁹
2200 878 2287 940 Ὠς
2322 878 2397 948 μή
2432 844 2512 939 τις
2540 844 2721 930 αὐτῶν
2747 844 2846 940 τὰς
2864 844 3133 949 ’ὲπὲρσεις
3162 844 3545 949 προσϐλέπων,

2210 969 2379 1023 [idem
2410 968 2650 1041 λεληθὼς
2679 969 2956 1034 δυσσεϐεῖς
2985 970 3250 1040 ὑποψίας·

2188 1062 2254 1114 "0
2279 1061 2372 1113 καὶ
2408 1059 2676 1114 πέπονθεν
2702 1061 2733 1131 η
2767 1061 2890 1114 κατ’
2909 1061 3185 1129 Αίγυπτον
3213 1059 3377 1131 μέθη,

2210 1154 2283 1207 Oi:
2310 1155 2423 1217 τοῖς
2456 1153 2735 1223 μεγίστοις
2765 1154 3096 1225 ἠπατημένη
3128 1154 3290 1223 μόνον
3308 1193 3324 1218 ,

2037 1245 2172 1301 1000
2195 1244 2334 1299 Ἀλλ’
2358 1244 2488 1315 ἄχρι
2515 1244 2735 1313 φαύλων
2763 1245 3011 1316 ἑρπετῶν
3040 1245 3136 1299 καὶ
3167 1245 3396 1316 θηρίων,

2209 1337 2321 1407 Τῆς
2353 1336 2671 1400 δυσσεϐείας
2692 1336 2958 1392 ὲκπιοῦσα
2987 1337 3078 1392 τὸν
3106 1337 3290 1392 σάλον.

2207 1424 2302 1493 Οἷς
2340 1431 2435 1483 καὶ
2469 1428 2913 1500 μαθητεύσαντες
2960 1429 3198 1483 Ἑϐραῖοι
3228 1429 3398 1483 πάλαι

2034 1587 2287 1643 salutaris
2320 1606 2334 1642 :
2370 1598 2534 1659 atque
2579 1589 2651 1645 ita
2694 1604 3005 1645 mensarum
3045 1588 3272 1653 amicos,
3312 1602 3434 1642 cum
3470 1602 3611 1658 opus

2034 1691 2139 1748 est,
2189 1682 2378 1738 amicis
2422 1698 2533 1738 non
2586 1683 2909 1738 auxiliantes
2954 1681 3252 1753 redarguit.
3316 1681 3426 1753 Ego
3477 1697 3610 1736 vero

353 1766 602 1837 ejusdem
642 1777 915 1825 secretam
943 1779 1153 1839 partem
1178 1786 1393 1835 secans,
1429 1771 1749 1827 interfector
1776 1771 1931 1841 fugit,
1964 1771 2008 1827 Β
2036 1774 2406 1828 necessarium
2456 1783 2589 1844 puto
2639 1774 2807 1830 fuisse
2825 1789 2849 1840 ,·
2883 1782 2944 1828 ut
2995 1774 3314 1828 animalium
3375 1782 3607 1837 natum,

354 1865 411 1914 et
442 1860 624 1915 salvus
652 1860 855 1915 evadit.
902 1859 1007 1916 Sed
1039 1871 1229 1916 contra
1261 1862 1485 1917 est’avis
1515 1864 1796 1934 cujusdam
1825 1873 1934 1919 tam

355 1951 574 2006 diversa
630 1961 860 2019 natura,
912 1964 973 2007 ut
1022 1952 1077 2008 in
1123 1954 1366 2024 ejusdem
1433 1954 1631 2009 bellua:
1671 1955 1934 2011 dentibus

355 2048 630 2111 pascatur,
663 2050 718 2096 et
756 2057 821 2096 ex
866 2042 1139 2112 reliquiis,
1174 2061 1297 2114 quae
1333 2045 1405 2098 ibi
1447 2052 1761 2116 supersunt,
1802 2061 1937 2102 con-

355 2132 569 2187 vivetnr
597 2152 609 2187 :
639 2141 698 2188 ut
726 2142 907 2189 autem
935 2150 1049 2190 suae
1076 2135 1305 2191 sincerae
1329 2137 1591 2191 amicitia:
1629 2147 1685 2192 et
1714 2138 1936 2208 ingenui

355 2225 560 2280 amoris
582 2224 630 2280 ei
660 2224 822 2280 faciat
859 2225 1043 2289 fidem,
1079 2236 1134 2281 et
1167 2235 1373 2296 quanto
1410 2227 1463 2280 in
1500 2228 1707 2282 honore
1740 2229 1941 2283 habeat

354 2318 536 2373 cibum
596 2326 651 2373 et
703 2334 947 2374 mensam
1003 2321 1105 2375 sibi
1158 2330 1400 2389 paratam
1442 2321 1802 2385 demonstret,
1849 2321 1940 2377 ubi

355 2412 591 2481 primum
628 2412 835 2483 hyllum
867 2414 1398 2483 appr0pinquantem
1445 2414 1614 2477 videt,
1648 2414 1939 2484 obstrepit,

354 2501 456 2555 alis
480 2502 709 2571 plaudit,
742 2502 978 2572 pedibus
1018 2503 1479 2572 circumcursitat,
1512 2505 1707 2577 scalpit
1746 2504 1941 2575 ungui-

356 2596 480 2663 bus,
525 2606 581 2653 et
629 2607 757 2654 ante
808 2613 999 2654 necem
1042 2599 1101 2656 fit
1147 2600 1483 2657 imminentis
1532 2601 1703 2658 cladis
1756 2617 1934 2674 praeco

2031 1881 2153 1936 quae
2177 1868 2318 1922 mole
2351 1868 2597 1938 corporis
2630 1867 2843 1924 czeteris
2882 1866 3235 1929 antecellunt,
3278 1865 3347 1919 ab
3377 1865 3610 1921 exilibus

2033 1960 2378 2030 corpusculis
2406 1975 2565 2030 opem
2599 1960 2897 2025 sentirent;
2926 1974 2995 2013 ne
3018 1959 3142 2029 quis
3171 1956 3385 2012 illorum
3415 1972 3609 2027 proce-

2035 2052 2249 2107 ritatem
2283 2054 2494 2117 videns,
2531 2063 2585 2109 et
2615 2053 2715 2108 ista
2749 2052 3005 2123 ignorans
3030 2052 3085 2106 in
3116 2051 3336 2122 impiam
3373 2051 3609 2121 aliquam

2035 2144 2399 2214 suspicionem
2428 2145 2644 2201 caderet
2675 2164 2688 2200 :
2721 2146 2866 2216 quod
2896 2145 3206 2200 temulenta:
3223 2143 3453 2215 Egypto
3478 2159 3610 2197 con-

2039 2236 2178 2307 .igit,
2211 2253 2333 2306 quae
2379 2253 2488 2292 non
2532 2238 2694 2293 modo
2737 2236 2989 2292 maximis
3027 2237 3237 2302 bestiis,
3270 2236 3367 2290 sed
3412 2234 3612 2291 vilibus

2038 2328 2202 2382 etiam
2233 2328 2519 2398 reptilibus
2572 2338 2627 2384 et
2672 2328 2801 2382 feris
2836 2328 3096 2383 honorem
3136 2327 3362 2397 decepta
3399 2325 3610 2389 tribuit,

2039 2428 2101 2475 ut
2147 2428 2319 2474 totum
2371 2420 2665 2490 impietatis
2713 2420 2885 2475 salum
2933 2418 3278 2474 cxsorbuisse
3326 2417 3440 2473 visa
3493 2416 3609 2472 sit:

2039 2511 2294 2581 quodque
2339 2512 2505 2566 etiam
2556 2511 2800 2567 Hebraeis
2845 2513 3119 2581 quondam
3167 2512 3369 2577 evenit,
3406 2511 3495 2582 qui
3542 2510 3616 2567 ab

2043 2603 2312 2677 Egyptiis
2341 2604 2545 2672 edocti,
2574 2604 2925 2675 ipsorumque
2961 2605 3125 2659 vitam
3156 2606 3209 2659 in
3255 2604 3410 2660 malis
3440 2618 3615 2659 scmu-

1865 2777 2098 2834 NOTAE.

354 2951 477 3007 pag.
504 2934 610 2989 5|?
647 2944 702 2990 et
738 2949 912 3007 seqq.,
939 2950 1107 3007 quem
1138 2951 1305 2992 unum
1348 2934 1635 3007 consulere
1660 2932 1798 3007 satis
1828 2940 1931 2989 est.

356 3004 687 3063 ichneumon
712 3021 742 3059 a
780 3004 981 3061 Graecis
1018 3006 1090 3060 ita
1117 3008 1293 3062 dictus
1321 3005 1388 3061 ab
1416 3004 1628 3074 ἰχνεύω,
1660 3004 1802 3074 quod
1844 3020 1934 3058 ro-

356 3088 473 3147 stro
522 3090 662 3147 suo“
692 3077 968 3147 praalongo
1016 3086 1224 3145 quaerat
1273 3084 1327 3147 et
1394 3073 1702 3147 investiget.
1754 3073 1931 3147 Pisida

357 3146 513 3200 ὖλλον
555 3144 753 3215 hyllum
801 3144 978 3211 vocat,
1020 3144 1162 3200 unde
1203 3145 1388 3200 Latine
1431 3144 1753 3215 Dracontius
1790 3145 1932 3213 apud

360 3214 623 3272 Isidorum
649 3217 788 3270 dixit
816 3216 1034 3271 saltum.
1064 3215 1417 3282 Doctissimus
1449 3214 1745 3268 Salmasius
1778 3215 1933 3282 quasi

358 3286 739 3353 diminutivum
771 3287 982 3355 putavit
1010 3301 1131 3339 esse
1160 3284 1254 3338 τοῦ
1283 3279 1367 3346 ὗς,
1390 3285 1516 3355 suis,
1553 3294 1715 3352 atque
1757 3279 1809 3338 id
1833 3301 1935 3337 no-

357 3357 523 3411 minis
576 3354 925 3411 ichneu’moni
970 3356 1153 3410 datum
1205 3356 1274 3411 ob
1315 3354 1725 3409 similitudinem
1774 3370 1934 3424 quam

359 3428 527 3483 habet
577 3427 737 3481 rostri
789 3427 951 3481 suilli.
983 3426 1134 3492 Quod
1174 3424 1352 3481 Pisida
1390 3425 1554 3479 refert
1592 3424 1828 3495 hyllum,
1854 3424 1936 3478 vel

360 3498 782 3554 icbn'eumonem
805 3513 905 3567 per
929 3496 1256 3567 posteriores
1292 3505 1483 3567 partes
1510 3495 1763 3548 crocodili
1783 3566 1787 3567 ν
1807 3512 1936 3551 eva-

358 3568 511 3633 dere,
543 3567 831 3622 conlirmat
876 3566 939 3622 ex
976 3567 1149 3620 Plinio
1179 3567 1401 3622 Solinus
1430 3566 1517 3628 32,
1549 3567 1686 3635 quod
1721 3566 1935 3619 ichneu-

360 3654 483 3710 mon
525 3639 856 3708 conspicatus
895 3646 1139 3710 penetrqt
1161 3636 1389 3710 belluam
1415 3678 1429 3701 ,
1459 3636 1828 3710 populatisque
1848 3637 1939 3710 yi-

361 3708 553 3762 talibus
582 3705 729 3761 erosa
752 3710 856 3762 exit
877 3705 1011 3761 alvo.
1037 3705 1302 3769 Elianus,
1339 3708 1438 3761 loc.
1460 3708 1575 3767 cit.,
1595 3715 1649 3760 et
1677 3706 1824 3760 Phile
1847 3708 1934 3767 76,

359 3779 553 3833 dicunt
580 3778 999 3833 iehneumoncm
1038 3792 1148 3830 non
1172 3778 1316 3830 intus
1337 3777 1599 3837 exedere,
1634 3777 1727 3830 sed
1756 3786 1938 3830 stran-

361 3850 548 3919 gulare
604 3848 978 3919 crocodilum,
1040 3862 1200 3915 quem
1265 3845 1399 3901 scite
1456 3845 1634 3919 Pisida
1682 3846 1937 3919 ύδρύχερ-

338 3914 454 4043 ’ἓον
495 3918 701 3989 θηρίον,
735 3929 1021 3973 monstrum
1045 3914 1283 3971 terrestre
1316 3926 1363 3969 et
1391 3915 1645 3987 aquatile,
1682 3914 1939 3985 τδάμφίο

402 4005 477 4041 ιον
509 3998 681 4043 vocat.

402 4005 477 4041 ιον
509 3998 681 4045 vocat.

433 4059 556 4113 983.
590 4056 831 4120 Avicula,
865 4056 931 4112 de
961 4072 1067 4126 qua
1102 4054 1296 4111 Noster
1331 4055 1587 4123 loquitur,
1620 4062 1702 4108 cst
1732 4053 1938 4126 trochi-

362 4129 465 4183 lus.
524 4129 600 4183 De
647 4145 710 4184 ea
755 4124 1092 4191 Aristoteles,
1125 4142 1199 4191 Ix,
1237 4128 1303 4191 6;
1338 4126 1604 4190 1Eliunus,
1635 4140 1716 4188 ιιι,
1765 4124 1856 4189 Η,
1885 4135 1941 4179 et

360 4215 479 4263 vm,
506 4199 617 4265 25;
652 4198 801 4252 Phile
829 4198 916 4251 75.
965 4197 1144 4252 Liceat
1176 4196 1333 4251 Plinii
1365 4212 1485 4260 vm,
1508 4197 1574 4250 57
1598 4237 1611 4259 ,
1645 4195 1807 4265 verba
1856 4209 1943 4250 te-

360 4270 506 4323 ferre
540 4287 554 4323 :
602 4264 764 4322 Hunc
809 4267 1142 4323 crocodilum
1194 4276 1436 4321 saturant
1466 4267 1576 4319 cibo
1612 4264 1855 4333 piscium,
1891 4273 1939 4318 et

359 4355 565 4408 semper
601 4338 864 4393 esculenta
906 4354 1013 4401 ore,
1046 4338 1099 4390 in
1122 4337 1295 4391 littore
1322 4352 1502 4389 somno
1532 4336 1740 4408 datum.
1762 4350 1938 4408 parva

360 4404 498 4473 avis,
534 4426 649 4480 qua:
679 4408 919 4480 trochilos
958 4408 1026 4461 ibi
1054 4418 1268 4480 vocatur
1289 4446 1303 4469 ,
1343 4423 1435 4480 rex
1463 4407 1639 4480 avium
1667 4407 1720 4457 in
1753 4404 1938 4480 Italia,

360 4474 557 4533 invitat
592 4480 662 4532 ad
698 4479 951 4532 hiandum
993 4478 1165 4547 patuli
1213 4478 1424 4547 gratia,
1464 4492 1519 4530 os
1554 4476 1784 4544 primum
1824 4474 1939 4543 ejus

361 4551 604 4603 assultint
641 4566 949 4619 rcpurguns,
975 4565 1094 4601 mox
1131 4549 1327 4619 dentes,
1360 4557 1408 4601 et
1435 4548 1574 4599 imus
1608 4548 1784 4616 [aures
1812 4561 1944 4619 quo-

361 4637 460 4689 que
502 4622 572 4674 ad
618 4615 753 4672 hanc
801 4615 1036 4673 scatendi
1090 4617 1452 4680 dulcedinem,
1504 4632 1665 4685 quam
1717 4615 1944 4689 maxime

361 4685 567 4743 hiantes
593 4707 609 4746 :
642 4692 694 4743 in
726 4706 827 4756 qua
860 4689 1127 4756 voluptate
1152 4704 1330 4740 sonmo
1360 4702 1590 4757 pressum
1617 4685 1943 4757 conspicatus

359 4760 695 4825 ichneumon,
716 4754 807 4826 per
853 4754 1059 4813 easdem
1085 4758 1281 4824 fauces,
1318 4754 1373 4811 ut
1406 4756 1564 4810 telum
1596 4754 1809 4826 aliquod
1838 4755 1942 4807 im-

362 4831 551 4885 missus
582 4824 746 4884 erodit
779 4829 977 4884 alvum.
1006 4827 1138 4882 Vide
1171 4826 1492 4881 Salmasium
1520 4826 1586 4880 ad
1616 4824 1785 4879 Solin.
1817 4840 1942 4896 pag.

360 4900 488 4962 515.
520 4900 875 4955 disertissime
904 4901 1019 4953 haec
1049 4896 1229 4951 omnia
1254 4898 1632 4967 explicantem.

430 4972 555 5027 992.
586 4974 975 5040 Competorum
1002 4977 1058 5023 et
1094 4964 1470 5040 coepulonum
1486 4981 1679 5040 greges
1701 5004 1715 5026 ,
1762 4964 1852 5033 qui
1881 4980 1943 5021 se.

359 5040 589 5122 divitum
622 5035 824 5096 amicos
859 5040 1094 5104 faciunt,
1123 5035 1395 5109 suggillat.
1432 5035 1675 5091 Celebris
1702 5043 1785 5090 est
1812 5050 1940 5091 sen-

363 5121 450 5165 ten
458 5121 528 5166 [.18
554 5130 567 5167 Ξ

645 5181 839 5235 Πολλοὶ
857 5177 1157 5251 τραπέζης,
1191 5176 1291 5232 οὐκ
1313 5175 1569 5251 ἀληθείας
1600 5175 1762 5251 φίλοιξ

646 5253 796 5305 Multi
825 5246 945 5306 sunt
972 5246 1184 5313 mensor,
1219 5264 1317 5301 non
1341 5246 1573 5301 veritatis
1600 5246 1779 5299 amici.

432 5322 557 5377 994.
595 5322 871 5376 infinitum
896 5330 1058 5385 esset,
1104 5319 1147 5373 si
1197 5320 1264 5373 de
1297 5319 1611 5371 idololatriae
1651 5315 1858 5386 origine
1886 5325 1942 5371 et

359 5392 751 5462 propagatione
767 5392 895 5462 quid
920 5393 1105 5447 dicere
1123 5389 1371 5462 velimus.
1404 5386 1603 5442 Confer
1622 5385 1936 5462 Eusebium,

365 5456 439 5515 De
466 5456 633 5532 pra’p.
666 5456 891 5532 Evang.,
926 5462 1018 5531 qui
1050 5469 1213 5532 totus
1255 5460 1307 5512 in
1335 5473 1425 5532 “eo
1459 5467 1564 5523 est,
1594 5465 1653 5511 ut
1690 5456 1938 5532 gentium

360 5525 644 5587 stultitiam
666 5525 896 5595 evincat,
926 5525 991 5587 ac
1015 5530 1061 5585 si
1096 5530 1249 5599 plura
1283 5528 1463 5583 adhuc
1490 5525 1805 5599 aves,__vide
1833 5525 1939 5581 Pa-

362 5608 496 5669 tres,
555 5611 609 5656 et
654 5596 1111 5657 commentatores
1163 5601 1219 5654 in
1260 5614 1380 5669 cap.
1418 5614 1500 5669 sx
1531 5597 1720 5669 Exodi.
1772 5596 1939 5669 Porro

360 5667 498 5727 adeo
549 5671 864 5741 superstitio
913 5670 1245 5726 dementavit
1285 5667 1564 5741 hominum
1611 5667 1847 5741 ingenia,
1878 5676 1939 5721 ut

359 5754 471 5797 non
525 5736 688 5797 modo
743 5741 1005 5809 coelestia,
1037 5748 1167 5811 puta
1211 5741 1414 5807 lunam,
1450 5738 1620 5795 solem
1649 5736 1704 5793 et
1732 5736 1934 5802 stellas,

2042 2938 2134 2991 sed
2156 2937 2318 2991 etiam
2352 2937 2622 3006 quaslibet
2650 2952 2737 2993 res
2770 2936 3072 2999 inferiores,
3102 2939 3171 2994 ob
3197 2939 3499 3004 commoda,
3528 2945 3613 2998 vel

2042 3006 2402 3080 beneﬁciaab
2442 3009 2549 3061 illis
2579 3016 2801 3080 accepta
2827 3049 2841 3072 ,
2874 3009 3053 3080 cultus
3079 3010 3282 3063 honore
3321 3026 3614 3080 proseque-

1959 3114 2002 3171 ϐ
2041 3087 2247 3131 rentur.
2276 3077 2410 3131 Hinc
2441 3090 2609 3139 mare,
2635 3078 2805 3161 venti,
2829 3078 3008 3171 tlellus.
3039 3077 3612 3171 hominem—crocodili,

2035 3161 2257 3215 angues,
2283 3164 2462 3209 canes,
2494 3156 2621 3208 clc.,
2655 3149 2796 3202 inter
2824 3148 2955 3206 deos
2985 3148 3158 3202 relati.

2107 3218 2229 3286 997,
2268 3218 2404 3283 Quid
2438 3218 2700 3286 intelligat
2738 3216 2912 3271 Pisida
2942 3228 3190 3286 apertum
3224 3226 3326 3272 est.
3352 3219 3505 3284 Quod
3532 3228 3614 3275 ts-

2037 3302 2161 3340 mcn
2189 3285 2466 3359 _\'irgilius.
2494 3285 2683 3357 Georg.
2716 3304 2790 3355 tv,
2819 3303 2962 3342 vers.
2980 3285 3117 3351 7219,
3139 3288 3206 3343 de
3222 3289 3415 3359 apibus
3441 3290 3611 3356 dixit,

2036 3371 2150 3410 rem
2181 3357 2310 3413 facit
2330 3357 2613 3412 clariorem
2646 3375 2661 3411 :

2184 3449 2277 3521 llis
2299 3451 2509 3520 quidam
2539 3450 2721 3521 signis,
2755 3458 2911 3520 atque
2930 3454 3038 3502 haec
3057 3451 3291 3518 exempla
3316 3451 3479 3503 secuti

2178 3519 2517 3591 Esseapibus
2542 3519 2747 3591 partem
2780 3519 2972 3574 divinw
3010 3521 3216 3584 mentis,
3243 3530 3290 3574 et
3310 3521 3530 3574 haustus

2176 3590 2455 3644 Aithereas
2480 3592 2678 3645 direre.

2109 3703 2231 3759 998.
2260 3703 2632 3775 {Egyptiorum
2657 3702 2929 3775 dementia
2950 3701 3011 3775 in
3048 3709 3156 3775 tota
3190 3711 3394 3775 natura
3460 3701 3615 3775 deili-

2037 3776 2206 3829 canda
2236 3771 2429 3829 merito
2456 3776 2585 3845 ipsis
2610 3775 2844 3829 ethnicis
2870 3772 3103 3827 ludibrio
3127 3772 3248 3826 fuit.
3277 3771 3615 3829 Decantatis~

2038 3844 2159 3898 simi
2194 3854 2322 3899 sunt
2344 3844 2623 3900 Juve’nalis
2650 3860 2840 3899 versus
2866 3852 2971 3898 sat.
2997 3859 3065 3898 xv
3092 3860 3107 3897 :

2108 3934 2236 3999 Quis
2267 3937 2446 3998 nescit,
2479 3935 2648 3988 Volusi
2677 3935 2967 4003 Bithynice,
3000 3932 3179 4003 qualia
3206 3933 3415 3986 demens

2107 4006 2367 4074 Afgypms
2386 4016 2623 4074 portenta
2652 4004 2829 4057 colat?
2860 4003 3168 4056 Crocodilon
3197 4004 3388 4074 adorat

2109 4072 2415 4128 I’u'rshatc’:
2446 4074 2540 4127 illa
2563 4084 2714 4140 pavet
2746 4084 2987 4128 saturam
3012 4072 3337 4140 serpentibus
3364 4072 3612 4129 Ibin”...

2110 4144 2227 4197 Illic
2251 4146 2521 4205 caeruleos,
2550 4140 2635 4197 hic
2648 4146 2835 4214 piscem
2851 4141 3104 4211 ﬂuminis,
3138 4140 3249 4194 illic

2109 4214 2313 4281 Oppida
2345 4224 2452 4269 tota
2480 4208 2661 4268 canem
2688 4208 3020 4275 venerantur,
3064 4227 3213 4265 nemo
3238 4208 3490 4265 Dianam.

2110 4285 2340 4339 Parrum
2386 4296 2433 4338 et
2470 4301 2590 4352 cepe
2612 4287 2757 4354 nefas
2800 4282 2999 4337 violare
3022 4320 3036 4344 ,
3066 4292 3115 4335 et
3144 4281 3609 4354 frangere-morsu.

2109 4354 2153 4410 Ο
2178 4366 2390 4408 sanctas
2416 4351 2608 4425 gentes,
2647 4351 2831 4425 quibus
2865 4353 2976 4407 htec
2998 4359 3285 4406 nascuntur
3305 4351 3360 4403 in
3382 4351 3547 4406 hortis

1971 4453 2018 4512 η
2114 4425 2348 4479 Numina
2367 4426 2388 4480 !

2048 4540 2136 4595 Sic
2163 4541 2324 4595 etiam
2350 4540 2560 4607 Cicero,
2597 4544 2743 4595 Tusc.
2766 4548 2949 4609 quast.
2982 4556 3036 4605 v,
3061 4536 3433 4609 Egyptiorum
3453 4551 3619 4609 _r_nen-

2047 4620 2126 4666 tes
2161 4611 2439 4679 pravitatis
2462 4604 2739 4666 erroribus
2767 4604 3000 4664 imbutas
3024 4604 3340 4679 damnavit,
3366 4614 3421 4661 et
3450 4604 3620 4679 Marti-3

2045 4675 2175 4753 mus
2194 4680 2409 4753 Tyrius,
2438 4683 2649 4753 dissert.
2681 4682 2770 4743 38,
2802 4695 2990 4753 eorum
3022 4677 3492 4753 consuetudinem,
3512 4675 3619 4753 qui

2043 4745 2262 4808 bovem'.
2290 4768 2467 4814 avem,
2504 4759 2561 4805 et
2605 4752 2813 4806 hircum
2844 4750 3105 4812 colerent,
3133 4763 3190 4803 se
3228 4747 3368 4802 ferre
3395 4745 3621 4802 minime

2044 4837 2204 4892 posse
2222 4821 2613 4891 pronuntiavit.
2637 4822 2713 4876 De
2740 4820 3111 4892 Egyptiormu
3141 4816 3620 4892 superstitionibus

2045 4886 2164 4947 vide
2190 4886 2349 4946 Joan.
2380 4892 2573 4946 Clerici
2606 4886 2913 4948 Comment.
2940 4890 2992 4943 in
3027 4886 3338 4956 Exodfcap.
3368 4904 3455 4950 xx,
3484 4886 3615 4941 Mel-

2043 4963 2137 5042 chi_
2182 4961 2853 5042 Leidckkeri,_De.republ.
2881 4960 3048 5042 llebr.
3070 4959 3301 5042 cap;
3330 4966 3386 5039 cl:
3418 4958 3621 5042 disser-

2044 5034 2300 5095 tationes,
2331 5049 2467 5100 quas
2501 5027 2850 5087 doctissimus
2878 5027 3174 5085 Calmetius
3192 5028 3285 5083 XII
3315 5027 3619 5084 minoribus

2043 5104 2604 5174 prophetislegendas
2630 5100 2908 5173 prtemisit.

2116 5167 2269 5229 l90‘2.
2298 5167 2428 5228 Νοιῖ
2442 5167 2731 5242 praecepta,
2765 5187 2882 5242 non,
2906 5169 3065 5242 mina:
3100 5168 3233 5242 tanti
3270 5167 3529 5242 fuerunt,
3557 5174 3618 5222 ut

2043 5237 2673 5317 Hebramscohiberent,
2707 5256 2775 5296 ne
2820 5240 3149 5317 Aigyptiacis
3177 5239 3444 5317 idolorum
3479 5237 3614 5317 abo-
3658 5279 3662 5285 .

2042 5313 2433 5369 minationibus
2464 5314 2854 5381 polluerentur,
2886 5307 2979 5367 aut
3024 5312 3212 5367 saltem
3246 5307 3616 5381 e__captivitate

2041 5384 2219 5440 educti
2235 5379 2481 5455 snperstii
2494 5383 2864 5455 iones,quibus
2877 5389 3246 5455 assueverant,
3259 5379 3613 5441 dimitterent;

2040 5470 2226 5509 secum
2266 5451 2408 5508 enim
2454 5455 2570 5509 illas
2602 5454 2654 5507 in
2685 5451 2967 5508 desertum
2992 5491 3007 5517 ,
3037 5451 3097 5506 et
3135 5451 3188 5505 in
3220 5451 3389 5519 ipsam
3416 5456 3615 5519 terram

2040 5523 2415 5598 promissionis
2432 5533 2795 5598 asportarunt.
2824 5515 3041 5598 Confer.
3048 5537 3174 5598 cap.
3293 5515 3611 5598 Ezechielis.

2039 5585 2183 5664 quod
2211 5585 2509 5665 quamdam'
2529 5595 2693 5649 veluti
2733 5594 3013 5649 historiam
3048 5585 3346 5648 Israelitica:
3376 5585 3618 5659 perﬁdia

2040 5677 2094 5722 et
2122 5666 2417 5736 impietatis
2448 5666 2660 5721 videtur
2690 5668 2991 5721 continere.
