4144 6276
530 265 664 332 1531

519 374 656 431 1265
703 374 915 446 Ὠσπερ
937 375 1006 427 τᾶ
1028 369 1196 444 νεῦρα
1216 370 1327 426 τῶν
1354 368 1523 442 βελῶν
1542 369 1591 423 οἱ
1620 367 1837 434 τοξόται
1861 384 1878 400 ο

695 465 808 520 Καὶ
838 464 1143 537 τραυματοϊ
1168 462 1232 516 τδ
1256 460 1418 533 σῶμα
1442 460 1552 514 τῶν
1581 460 1862 526 ἐναντίων,

696 554 825 618 Τοῖς
851 552 1149 617 ἁντιλὸξοις
1161 550 1271 606 τῶν
1294 549 1500 604 σκελῶν
1527 547 1817 613 ἀκοντίοις.

764 643 875 697 Καὶ
902 646 977 714 μή
1010 658 1096 705 τις
1121 642 1269 713 ἡμᾶς
1308 639 1684 710 κομπορήμων
1714 636 1962 707 φαυλίσοι

706 732 800 797 Ὦς
832 734 967 805 πρὸς
998 732 1067 787 τὰ
1091 730 1285 804 μικρὰ,
1314 730 1410 785 καὶ
1443 730 1627 801 σχεδὸν
1655 726 1992 800 τετμημένα,

523 826 665 880 12⁵10
706 825 1009 890 Κινοῦντας
1041 824 1166 895 είκῆ
1192 823 1286 878 τοῦ
1312 823 1471 892 λόγου
1498 830 1589 875 τόν
1614 821 1797 888 ἄξονα.

698 915 760 969 Ei
785 917 894 987 γάρ
923 932 1009 979 τις
1036 910 1187 969 οἷκον
1214 913 1556 985 ὡραῖσμένον
1582 912 1798 984 βλέπων

700 1008 954 1077 Μορφαῖς
979 1003 1444 1076 ἁπαστράπτοντα
1477 1001 1927 1074 κεχρυσωμέναις
1943 1040 1960 1067 ,

710 1094 1086 1167 Ἠρμοσμένον
1107 1094 1165 1149 δὲ
1199 1095 1296 1148 καὶ
1326 1094 1533 1167 σιδήρῳ
1568 1095 1661 1148 καὶ
1686 1093 1908 1161 ξύλοις⁶,
1934 1084 1939 1089 ’

705 1182 815 1241 και
836 1188 903 1256 τῇ
928 1185 1162 1256 πενιχρᾷ
1188 1184 1474 1255 συμπλοκῇ
1502 1183 1612 1239 τῶν
1642 1183 1945 1255 ὀστράκων,

529 1276 669 1332 1275
705 1276 809 1328 Σὺν
833 1278 946 1338 τοῖς
977 1274 1257 1345 μεγίστοις
1285 1274 1379 1327 καὶ
1408 1274 1478 1327 τὰ
1508 1273 1680 1345 μικρὰ
1706 1272 2000 1343 θαυμάσει,

702 1366 956 1437 Στὲργων
985 1366 1227 1429 ἅπαντα,
1254 1366 1348 1419 καὶ
1381 1364 1590 1436 κροτῶν
1629 1365 1723 1419 τὸν
1755 1364 2016 1436 δργάτην.

700 1453 827 1521 Πῶς
855 1455 978 1526 οὐχὶ
1008 1455 1229 1527 μᾶλλον,
1267 1456 1363 1509 τοῦ
1396 1455 1739 1527 πανεργάτου
1764 1456 1963 1524 Λόγου,

701 1546 1008 1617 Μύρμηκα,
1035 1547 1131 1601 καὶ
1152 1546 1391 1601 κώνωπα
1414 1565 1429 1614 ;
1453 1546 1549 1601 καὶ
1572 1547 1672 1618 τὴν
1696 1547 1897 1618 ἀκρίδα
1916 1586 1933 1612 ,

704 1637 789 1690 Τὰ
820 1636 1000 1691 πάντα
1031 1636 1363 1708 θαυμάσειεν
1385 1637 1523 1709 ἔργα
1556 1636 1653 1691 σὺν
1679 1637 1864 1708 pomi;

530 1727 672 1783 1280
708 1725 833 1790 Πῶς
856 1728 889 1797 ἡ
922 1727 1214 1799 χαμερπὴς
1244 1729 1339 1783 καὶ
1365 1727 1604 1799 τοσαύτη
1628 1727 1928 1799 σμικρότης

530 1937 730 1977 nervos
762 1922 959 1987 solent,
993 1930 1049 1977 et
1080 1935 1299 1977 crurum
1333 1919 1576 1975 recurvis
1614 1920 1839 1991 spiculis
1870 1920 2108 1975 hostium

529 2031 761 2084 corpora
792 2030 849 2069 sa
859 2015 1023 2070 uciat.

597 2105 738 2159 Num
759 2104 882 2174 quis
907 2119 993 2157 me
1027 2102 1215 2157 buccis
1244 2100 1441 2155 inﬂatis
1481 2116 1716 2172 crepans
1742 2101 1832 2157 hic
1856 2099 2107 2165 irriserit,

528 2195 676 2266 quod
711 2194 777 2248 ad
804 2203 915 2248 tam
945 2208 1133 2263 parva,
1160 2202 1216 2247 et
1236 2192 1626 2263 propemodum
1654 2193 1723 2247 ad
1751 2192 1875 2247 vilia
1904 2191 2108 2246 insecta

527 2286 792 2341 orationis
823 2300 1047 2340 cursum
1079 2283 1424 2339 inconsultus
1452 2283 1855 2338 converterint?
1885 2282 2108 2337 Etenim

528 2376 597 2436 si,
635 2390 759 2429 cum
805 2376 932 2444 quis
978 2375 1116 2429 bene
1154 2384 1402 2429 ornatam
1445 2376 1669 2430 domum
1710 2374 1879 2440 videt,
1927 2375 2108 2431 aureis

528 2466 747 2534 quidem
796 2465 1139 2520 renidentem
1190 2466 1541 2536 imaginibus,
1575 2468 1669 2523 sed
1715 2477 1898 2523 tamen
1961 2468 2109 2524 ferro

528 2564 586 2608 et
628 2554 786 2622 lignis
828 2554 1208 2624 compositam,
1240 2564 1294 2608 et
1322 2570 1389 2609 ex
1424 2555 1516 2609 vili
1558 2564 1819 2611 testarum
1853 2558 2109 2626 congerie

528 2654 889 2719 compactam,
928 2646 1132 2714 majora
1163 2646 1345 2711 simul,
1379 2656 1436 2701 et
1466 2663 1631 2716 parva
1659 2664 1889 2719 quaeque
1929 2650 2108 2704 admi-

530 2744 703 2800 ratur,
741 2744 797 2789 et
836 2734 1067 2805 singulis
1100 2736 1403 2792 delectatus
1448 2738 1710 2792 artiﬁcem
1746 2738 1933 2793 laudat
1964 2756 1977 2791 :
2010 2754 2110 2793 cur

532 2841 712 2880 rerum
743 2826 991 2881 omnium
1015 2826 1243 2896 Opificis
1270 2826 1435 2882 Verbi
1466 2844 1631 2899 Opera
1665 2829 1894 2900 singula,
1922 2828 2111 2883 formi-

533 2932 674 2983 cam,
703 2918 949 2989 inquam,
985 2919 1214 2974 culicem
1245 2928 1302 2975 et
1322 2920 1588 2976 locustam
1620 2937 1730 2975 non
1754 2920 2111 2976 demirabitur

535 3016 797 3075 tremens,
853 3025 1031 3080 neque
1081 3012 1451 3082 obstupescet,
1499 3012 1774 3082 quomodo
1830 3002 1947 3069 haec
1997 3021 2107 3066 tam

535 3098 841 3171 prodigiosa
905 3102 1056 3157 humi
1121 3103 1429 3176 repentium
1480 3103 1724 3175 parvitas
1779 3112 1986 3159 tantam
2036 3105 2110 3159 sit

1819 260 2141 323 GEORGII
2197 255 2473 318 PISID.E

2127 374 2174 433 Δ

2378 359 2573 430 Τυχετν
2597 354 2864 425 τοσαύτης
2896 351 3106 424 ἠξιώθη
3130 348 3432 423 φροντίδος,

2389 447 2480 511 ,ος
2516 446 2612 501 καὶ
2642 444 2905 516 φρόνησιν
2927 440 3214 510 ἐντεθῆναι
3242 440 3338 493 καὶ
3363 436 3587 508 κράτος,

2389 540 2591 609 Ἰσχνῇ,
2614 537 2868 605 ταπεινῇ,
2886 534 2980 587 καὶ
3000 535 3160 603 στενῇ
3179 531 3467 601 διαπλήσει
3488 548 3503 596 ;

2378 629 2489 683 Καὶ
2517 627 2635 691 πῶς
2665 625 2727 679 τὸ
2754 623 2983 695 φρικτὸν
3006 623 3107 693 οὐχ
3138 620 3419 691 ὕπεστάλη
3448 622 3669 692 κράτος.

2206 721 2346 778 1285
2384 722 2609 791 Ἔργοις
2632 715 2911 779 τοσούτοις
2946 713 3276 785 προσϐαλεῖν
3297 710 3662 783 λεπτουργίαν
3682 730 3697 743 ·

2452 810 2623 864 Πόθεν
2648 806 2795 871 ταὼς
2823 806 3038 877 πρόεισι
3068 804 3268 875 ὡραῖος
3300 802 3484 866 πάλιν,

2371 904 2561 974 Ὄρνις
2587 898 2816 969 διαυγὴς
2846 898 2941 951 καὶ⁵
2974 895 3311 966 κατάστερος
3333 894 3519 964 φύσει,

2379 995 2494 1065 Τὴν
2522 992 2808 1064 πορφύραν
2839 987 3117 1060 πτερωτὸς
3147 986 3523 1058 ἠμφιεσμένος
3545 1001 3562 1017 ο

2393 1087 2484 1154 Ἐξ
2508 1081 2578 1159 ἦς
2600 1081 2816 1148 ἀλαζὼν
2845 1082 2941 1135 καὶ
2972 1078 3226 1149 τυφὼδης
3252 1076 3351 1148 τὴν
3374 1075 3527 1141 θέαν,

2210 1179 2346 1246 1290
2382 1178 2558 1241 Μόνος
2590 1175 2797 1229 διάττει
2821 1171 2930 1225 τῶν
2956 1171 3216 1226 ἁπάντων
3243 1166 3478 1240 ὀρνίθων
3501 1182 3517 1198 ο

2384 1269 2514 1336 Ἦγ’
2547 1266 2607 1331 ἐξ
2633 1263 2891 1335 ἀμόχθων
2913 1261 3299 1330 συμπλακεῐσα
3327 1259 3689 1329 πλασμάτων,

2383 1359 2589 1427 Πολλὴν
2615 1355 2770 1426 χύσιν
2796 1353 2982 1424 ἔμιξεν
3009 1350 3160 1421 αὐτῷ
3189 1350 3529 1420 χρωμάτωνς

2456 1451 2611 1512 Ποϊος
2633 1447 2689 1501 δὲ
2723 1446 2819 1499 καὶ
2853 1441 3114 1513 σκώληκα
3148 1440 3400 1513 Σηρικῶν
3424 1439 3591 1509 νόμος

2385 1541 2569 1595 Πείθει
2593 1540 2662 1593 τὰ
2694 1534 3138 1609 λαμπρόκλωστα
3160 1534 3379 1604 νήματα
3401 1531 3649 1596 πλέκειν,

2212 1636 2350 1691 1295
2392 1634 2467 1687 Ἀ.
2487 1634 2554 1703 τῇ
2583 1630 2729 1702 βαφῇ
2755 1626 3073 1700 χρωσθέντα
3096 1625 3195 1696 τῆς
3218 1624 3557 1698 ἁλουργίδος,

2386 1725 2591 1779 Χαυνοῖ
2617 1722 2708 1776 τὸν
2736 1721 2911 1791 όγκον-
2942 1718 3054 1773 τῶν
3089 1715 3434 1788 κρατούντων
3454 1714 3746 1786 ἐμφρόνως
3776 1730 3794 1778 ;

2204 1928 2493 1975 consecuta
2511 1916 2877 1973 Providentia:
2906 1914 3247 1986 dignitatem,
3271 1921 3330 1967 ut
3370 1912 3577 1983 gracili,
3610 1912 3793 1982 pusil-

2202 2012 2255 2068 lo
2290 2022 2345 2067 et
2363 2001 2590 2083 angusto
2612 2009 2825 2079 corpori
2859 2008 3030 2063 indita
3060 2006 3131 2061 sit
3173 2004 3463 2076 prudentia
3498 2012 3554 2066 et
3587 2004 3791 2067 robur;

2204 2111 2259 2158 et
2291 2101 2563 2170 quomodo
2612 2097 2891 2154 tremenda
2927 2095 3023 2150 Dei
3075 2101 3319 2165 potestas
3377 2093 3446 2147 ab
3473 2092 3577 2146 hac
3606 2090 3796 2161 operis

2205 2192 2470 2248 tenuitate
2512 2190 2728 2245 ueteris
2767 2186 3020 2242 maximis
3050 2184 3309 2255 Operibus
3338 2182 3684 2253 adiungenda
3733 2197 3795 2237 se

2210 2300 2321 2338 non
2356 2280 2717 2337 subduxerit?

2283 2373 2440 2429 Unde
2463 2366 2709 2443 procedit
2746 2370 2948 2425 iterum
2991 2368 3263 2424 formosus
3290 2382 3453 2437 pavo,
3483 2366 3602 2421 avis
3643 2375 3795 2421 totus

2212 2467 2508 2538 refulgens,
2536 2474 2592 2520 et
2628 2464 2799 2519 stellis
2844 2471 3096 2526 ornatus,
3136 2461 3358 2529 alasque
3398 2460 3628 2513 indutus
3655 2474 3793 2529 pur-

2212 2575 2385 2630 pura,
2433 2573 2540 2627 qua
2591 2555 2897 2625 superbus;
2949 2561 3007 2609 et
3058 2563 3275 2607 tumens
3328 2559 3588 2620 aspectu,
3640 2548 3792 2603 solus

2211 2664 2404 2707 omnes
2444 2657 2670 2703 caeteras
2710 2646 2963 2701 volucres
3003 2642 3320 2698 antecellit?
3353 2640 3420 2696 Et
3468 2641 3619 2695 unde
3669 2640 3790 2695 hac

2216 2755 2480 2812 purpura,
2510 2754 2631 2808 qua
2662 2737 2814 2793 nullo
2843 2738 3029 2792 labore
3058 2734 3164 2789 fuit
3191 2743 3377 2805 parata
3409 2739 3464 2787 et
3513 2731 3789 2796 confecta,

2211 2842 2359 2890 tanta
2392 2831 2632 2886 colorum
2671 2828 2939 2883 varietate
2969 2828 3148 2897 ipsum
3178 2823 3462 2879 distinxit?

2282 2921 2413 2988 Qua:
2437 2935 2565 2975 vero
2588 2920 2674 2975 lex
2702 2919 2878 2974 vermi
2905 2919 3049 2973 inter
3075 2932 3226 2972 seras
3248 2916 3460 2981 suadet,
3486 2923 3547 2969 ut
3571 2912 3795 2985 egregio

2211 3026 2376 3081 opere
2415 3010 2648 3065 deducta
2686 3010 2770 3064 fila
2821 3010 3055 3074 intexat,
3087 3023 3208 3077 quae
3241 3022 3364 3062 cum
3413 3015 3544 3061 sunt
3587 3004 3795 3059 infecta

2216 3102 2397 3158 colore
2434 3116 2731 3174 purpureo,
2769 3116 2953 3173 regum
2986 3100 3321 3171 sapientium
3348 3099 3551 3155 fastum
3576 3104 3796 3168 tempe-

1996 3277 2229 3335 NOTAE.

571 3502 584 3514 .
608 3432 887 3517 {26623:}
919 3433 1427 3517 Ea'ptim_locusLe
1452 3436 1617 3517 etiam
1645 3436 1962 3517 hominibus
1979 3435 2113 3517 fue-

540 3503 653 3556 rint
684 3503 939 3575 exitiales
968 3503 1297 3573 {disputant
1339 3505 1665 3575 interpretes
1714 3508 1767 3559 in
1810 3506 1940 3560 illud
1978 3504 2109 3574 Sap.

538 3588 647 3635 xw,
677 3572 710 3625 9
743 3590 755 3624 :
788 3572 910 3626 Illos
951 3572 1443 3627 enimtocustarum
1484 3572 1533 3628 et
1571 3592 1869 3629 muscarum
1900 3572 2107 3629 occide-

540 3652 659 3693 runt
679 3657 899 3703 morsus,
927 3652 974 3693 et
998 3660 1097 3694 non
1124 3653 1195 3695 est
1224 3645 1428 3697 inventa
1447 3646 1645 3697 sanitas
1662 3646 1852 3698 animle
1878 3645 2110 3708 illorum,

540 3710 665 3780 quia
687 3710 831 3777 digni
854 3720 1001 3762 erant
1043 3712 1105 3763 ab
1135 3714 1492 3780 hujuscemodi
1514 3715 1889 3777 exterminari”
1930 3713 2110 3769 Pisida

539 3778 770 3858 allirmat
822 3780 964 3858 quod
999 3778 1317 3845 Bochartus,
1349 3790 1403 3838 et
1440 3782 1529 3835 alii
1565 3784 1794 3838 fortasse
1833 3785 2111 3839 conliden-

542 3854 652 3900 tius
681 3857 899 3916 negant.

612 3916 782 3991 1268.⁸
808 3920 1288 3991 ’Κρμπζρρῤήμωη
1342 3922 1638 3991 grandibus
1694 3932 1854 3976 utens
1904 3923 2106 3991 verbis,

538 3985 924 4060 deﬁpphistis
951 3985 1323 4060 dicisolituin.
1351 3990 1483 4045 Vide
1517 4007 1699 4060 supra.
1732 4009 1785 4046 v.
1826 3994 1911 4047 74.

611 4056 1148 4134 12ίξ9λΤετμημένα
1206 4060 1404 4113 insecta
1472 4056 1599 4130 qusi
1662 4063 1730 4116 ab
1792 4061 2104 4134 Aristotele,

538 4134 595 4178 et
627 4125 745 4178 aliis
783 4125 985 4201 ἔντομα
1020 4128 1158 4201 dicta
1209 4139 1354 4191 sunt,
1390 4125 1659 4199 propterea
1708 4134 1863 4201 quod.
1922 4142 1979 4185 ut
2033 4125 2107 4185 ait

539 4203 762 4270 sanctus
806 4194 1052 4260 Basilius,
1083 4197 1265 4270 _llom.
1311 4194 1430 4270 vui,
1454 4194 1491 4252 ’Τ
1519 4219 1530 4252 :
1564 4194 1833 4263 Quasdam
1877 4202 2102 4270 undique

2210 3434 2655 3503 nobilitatemque
2684 3434 3035 3503 exprimeret.
3069 3432 3147 3487 Ac
3173 3447 3429 3502 purpurae
3453 3431 3674 3500 quidem
3699 3447 3795 3485 va-

2210 3504 2288 3559 ria
2318 3502 2591 3574 quondam
2635 3502 2793 3574 erant
2832 3518 3050 3574 genera.
3092 3503 3319 3566 Plinius,
3356 3518 3429 3567 ix,
3451 3502 3793 3574 ﬁ3,_purpu-

2209 3571 2672 3636 ram—violaceam,
2704 3571 3053 3628 Tarentinam
3087 3574 3326 3637 rubram,
3364 3580 3419 3626 et
3450 3571 3667 3641 Tyriam
3706 3572 3794 3626 di-

2208 3645 2443 3714 bapham
2469 3643 2771 3714 di_stittguit.

2279 3711 2435 3769 1289.
2475 3711 2745 3776 Ᾰέιίειῐῐυε,
2769 3730 2823 3776 v,
2851 3713 2914 3768 21
2941 3714 3151 3775 ε”Οπως
3173 3711 3288 3782 ἔχει
3310 3711 3411 3782 τῆς
3438 3711 3640 3782 είςίτὴν
3666 3713 3793 3765 ἑπι-

2206 3783 2369 3849 δειξιν
2392 3783 2655 3852 ἀφθονίας
2677 3784 3006 3853 παρίστησιν
3027 3800 3040 3812 ·
3069 3785 3135 3853 ὲᾷ
3160 3780 3263 3851 γὰρ
3286 3780 3670 3853 ἐμπλησθῆναι
3689 3782 3791 3851 τῆς

2208 3853 2337 3916 θέας
2364 3854 2455 3905 τὸν
2488 3852 2828 3922 παρεστῶτα.
2847 3852 3055 3917 Quanto
3083 3852 3166 3906 sui
3196 3852 3490 3905 ostentandi
3517 3853 3695 3905 studio
3718 3861 3793 3905 tc-

2208 3933 2396 3977 neatur
2428 3923 2633 3976 abunde
2657 3927 3003 3985 demonstrat,
3037 3923 3161 3975 dum
3189 3930 3536 3987 spectatorem
3566 3938 3789 3989 conspe-

2207 4003 2292 4045 ctu
2329 4010 2423 4046 suo
2458 3992 2653 4059 expleri
2700 3992 2859 4060 facile
2906 3993 3131 4061 patitur,
3173 4001 3279 4045 etc.
3310 3990 3519 4061 Plinius
3541 4030 3555 4052 ,
3589 4007 3619 4044 ι
3646 4031 3663 4051 ,
3695 3992 3788 4053 22,

2205 4062 2487 4132 gloriosum
2517 4062 2813 4132 animation
2843 4060 2913 4115 de
2939 4078 3101 4115 causa
3128 4070 3381 4117 vocatum
3422 4060 3590 4115 fuisse
3617 4076 3791 4130 pavo-

2206 4129 2329 4186 nem
2358 4133 2541 4185 refert.
2567 4129 2700 4185 Vide
2732 4131 2959 4185 Philem.
2987 4148 3075 4185 vn.

2285 4202 2439 4280 1291:
2474 4200 2612 4280 βοά.
2640 4200 2756 4280 Vat.
2800 4201 2958 4263 1126,
2987 4200 3326 4280 Ιθεξιρᾚτις
3345 4198 3620 4280 ἀμόχθων,
3651 4217 3707 4252 κ.
3732 4217 3788 4253 τ.

540 4264 821 4351 incisuras'
848 4281 954 4331 prec
986 4282 1039 4319 se
1068 4268 1261 4335 ferunt,
1303 4268 1390 4321 διὰ
1410 4271 1469 4321 τὸ
1489 4271 1823 4341 πανταχόθεν
1871 4264 2103 4340 ἐντομάς

2209 4271 2281 4351 λ.,
2312 4287 2376 4325 ac
2402 4270 2597 4351 deinde
2626 4271 2901 4351 eleganter
2924 4264 3194 4351 ποικῖλίαν
3226 4264 3789 4351 ἔσπειρενζοαὺτοχρω-

539 4349 693 4394 τινας
723 4334 961 4401 φαίνειν.

580 4402 769 4481 1271.
836 4403 1047 4481 Privati
1090 4406 1370 4481 cujusdam
1430 4408 1645 4463 aedificii
1702 4424 1845 4481 eunt
1890 4408 2107 4481 opificio

539 4470 721 4551 divino
754 4470 1513 4551 comparatiosatiselegans,
1546 4494 1672 4551 qua,
1700 4486 1760 4531 ut
1797 4478 1901 4532 dici
1930 4470 2103 4551 'solet,

539 4555 569 4593 a
627 4543 820 4616 minori
872 4543 939 4597 ad
979 4544 1188 4616 _majus_
1244 4543 1437 4599 Noster
1504 4543 1715 4616 probat,
1769 4564 1931 4616 quam
2004 4548 2110 4602 sint

767 4626 932 4681 opera
978 4611 1460 4670 Dei'admiranda.
1502 4611 1634 4671 Cod.
1700 4611 1856 4671 1126.
1923 4617 2107 4687 ὴλαῖσ-

544 4696 723 4747 μενον.

614 4749 768 4829 1277..
837 4750 971 4829 Vide
1026 4754 1401 4829 supra,_50l,
1455 4763 1676 4809 sanctus
1740 4756 2105 4826 Augustinus,

548 4817 625 4887 De
656 4820 795 4871 civit.
847 4820 964 4886 Dei,
1019 4817 1142 4881 v.11
1178 4841 1190 4876 :
1225 4822 1361 4876 Deus
1406 4842 1663 4887 summus,
1686 4836 1735 4879 et
1797 4817 1946 4880 vErus
1988 4817 2107 4879 cum

549 4886 845 4966 Verbosua.
888 4890 1166 4966 et_Spiri_tu
1192 4902 1377 4966 sancto
1405 4935 1418 4948 .
1450 4934 1464 4947 .
1506 4934 1520 4948 .
1554 4886 1866 4966 necexigui,
1896 4906 1943 4949 et
1984 4913 2110 4966 co_n-

544 4959 842 5033 temptibitis
862 4952 1148 5033 animantis
1168 4964 1389 5027 viscera,
1424 4981 1514 5017 nec
1551 4967 1661 5019 avis
1691 4952 1993 5033 pennulaut,
2020 4952 2110 5019 nec

542 5027 713 5108 herlth
759 5030 1053 5108 ﬂosculum,
1100 5048 1189 5108 nec
1244 5034 1445 5108 arboris
1484 5027 1833 5108 foliumjsine
1892 5027 2110 5089 suarum

543 5101 774 5177 partium
805 5101 1156 5154 convenientia
1175 5112 1223 5156 et
1253 5101 1493 5175 quadarn
1534 5106 1696 5159 veluti
1746 5123 1874 5176 pace
1920 5106 2111 5159 dereli-

545 5176 678 5236 quit.

618 5237 775 5317 1285.
812 5239 1060 5317 Ἰσχνςήν
1089 5241 1251 5317 refert
1283 5245 1347 5298 ad
1378 5245 1694 5309 formicam,
1744 5246 2003 5316 ταπεινήν
2046 5245 2113 5317 ad

544 5307 794 5389 culicem:
827 5307 1019 5389 στενήν
1050 5313 1117 5365 ad
1144 5313 1427 5380 locustam,
1460 5332 1620 5385 quam
1649 5307 1830 5386 supra,
1867 5334 1917 5369 v.
1954 5307 2111 5382 1250,

544 5382 793 5447 παγκενῆ
824 5382 1052 5435 vocavit.

618 5448 773 5520 1286.
818 5448 951 5520 Vide
982 5468 1163 5520 supra,
1194 5470 1246 5507 v.
1277 5453 1433 5509 1245.

616 5516 773 5571 1287.
816 5518 994 5584 Ovid.,
1024 5516 1241 5576 Metam.
1276 5541 1362 5587 xv,
1396 5542 1448 5577 v.
1482 5525 1625 5580 375:

686 5588 905 5665 {quouis
940 5592 1217 5652 volucrem,
1250 5609 1365 5663 qua:
1394 5597 1563 5648 cauda
1585 5596 1757 5649 sidera
1786 5607 1971 5665 gestat.

2212 4342 2417 4411 μάτων,
2448 4339 2677 4411 colorum
2711 4339 2989 4411 insitarum
3026 4340 3554 4411 varietateperfudit.

2282 4411 2437 4465 1293.
2484 4410 2765 4479 Bombyeis
2788 4450 2803 4473 ,
2849 4409 2941 4478 qui
2970 4408 3168 4463 vermis
3198 4406 3407 4462 serieus
3428 4447 3443 4469 ,
3485 4416 3540 4461 et
3572 4406 3793 4479 Indicus

2208 4478 2383 4534 dictus
2430 4486 2544 4541 est,
2593 4478 2770 4532 natale
2804 4480 3014 4539 solum,
3051 4494 3252 4547 Opera,
3299 4488 3355 4532 et
3396 4478 3788 4547 stupendarum

2176 4580 2184 4587 -
2210 4549 2719 4618 metamorphoseon
2752 4548 2895 4603 vices
2921 4546 3101 4602 sciens
3134 4557 3452 4618 praeteream
3474 4562 3645 4618 acum
3673 4546 3791 4601 haec

2210 4618 2386 4672 Pisida
2411 4616 2519 4671 non
2560 4618 2805 4671 videatur
2836 4616 3143 4687 inquirere,
3165 4616 3624 4687 eaquefacilﬁlime
3656 4632 3788 4685 pos-

2210 4686 2339 4751 sint,
2372 4688 2459 4757 qui
2494 4687 2657 4742 velint
2679 4728 2692 4749 ,
2730 4686 2982 4757 colligere
3012 4702 3076 4740 ex
3106 4686 3591 4757 Aristotelesllist.
3616 4687 3785 4739 anim.

2211 4774 2262 4819 v,
2297 4755 2405 4824 19;“
2441 4773 2505 4811 ex
2555 4757 2754 4814 Plinio.
2788 4755 2993 4819 χι,“26;
3032 4772 3096 4809 ex
3132 4756 3498 4820 Aldovrando,
3538 4755 3613 4809 De
3646 4758 3784 4809 inse-

2211 4827 2326 4892 ctis,
2357 4844 2412 4896 p.
2439 4827 2577 4896 282ς
2607 4842 2672 4879 ex
2703 4825 3029 4896 Hieronymo
3058 4824 3213 4891 Vida,
3248 4828 3303 4879 in
3331 4825 3510 4896 Poem.
3534 4826 3599 4878 de
3626 4825 3790 4878 Bom-

2211 4894 2373 4966 bycef
2398 4912 2463 4950 ex
2496 4894 2760 4966 Salmasio
2784 4936 2798 4960 ,
2843 4894 3120 4962 in‘Solin.,
3168 4911 3289 4966 pag.
3323 4895 3461 4966 209;
3516 4903 3680 4966 atque
3723 4911 3791 4949 ex

2210 4965 2631 5029 De-Raumurio,
2664 4965 2803 5019 Hist.
2835 4966 2923 5019 des
2951 4968 3184 5023 insectes.
3226 4965 3355 5020 tom.
3389 4965 3428 5029 l,
3464 4982 3515 5034 p.
3555 4965 3679 5019 487.

2226 5086 2239 5094 .
2284 5038 2439 5092 1294.
2482 5037 2976 5104 Λαμπρόκλωστα
3006 5036 3241 5104 νήματα
3301 5036 3575 5105 splendide
3628 5036 3791 5089 dedu-

2213 5118 2295 5232 ἕῳ
2326 5107 2419 5175 ﬁla
2445 5106 2599 5172 dixit,
2653 5114 2712 5160 ut
2740 5105 2919 5175 operis
2955 5115 3203 5160 naturam
3233 5106 3678 5173 nobilitatemque
3704 5108 3791 5158 in-

2252 5187 2438 5232 tearet.
3440 5216 3445 5219 ν

2252 5179 2438 5232 icaret.
3440 5216 3445 5219 .

2286 5247 2441 5301 1295.
2480 5246 2792 5316 Ἀλουργίς
2828 5253 2913 5300 est
2947 5262 3183 5315 purpura
3217 5245 3403 5313 nigra.
3435 5244 3518 5316 vel
3552 5244 3791 5316 violaceo

2213 5318 2393 5371 colore
2429 5315 2771 5381 exsaturata,
2817 5332 2976 5385 quam
3012 5316 3229 5384 quidam
3267 5324 3457 5383 putant
3491 5315 3657 5385 fuisse
3691 5330 3792 5385 ca:-

2216 5387 2346 5441 teris
2383 5387 2708 5441 nobiliorem
2743 5404 2756 5439 :
2789 5384 2854 5439 eo
2887 5386 3029 5455 quod
3080 5386 3135 5438 in
3190 5394 3440 5438 auctores
3476 5384 3789 5455 inciderint,

2215 5457 2305 5527 qui
2326 5458 2575 5527 dicerent
2589 5453 2946 5527 imperatores
2963 5456 3019 5527 εν
3037 5455 3163 5527 ᾁλου
3174 5455 3311 5525 ργίδι
3332 5455 3601 5527 quondam
3626 5453 3792 5527 fuisse

2217 5521 2405 5581 solitos
2426 5521 2700 5581 incedere.
2729 5525 2907 5580 Pisida
2936 5524 2987 5579 id
3008 5521 3224 5579 videtur
3248 5521 3589 5578 confirmare.
3626 5521 3794 5590 Equi-

2223 5596 2345 5651 dem
2375 5596 2512 5650 nihil
2542 5596 2677 5651 certi
2712 5604 2909 5649 statuo.
2945 5596 3154 5664 Saepius
3198 5595 3343 5649 enim
3392 5592 3632 5647 occurrit
3660 5607 3791 5660 mp-

621 5655 778 5714 1288.
819 5659 1115 5731 Purpuratn
1167 5655 1335 5728 dixit,
1406 5674 1464 5719 ut
1510 5667 1751 5721 colorum
1786 5655 2108 5723 "varietatem

2227 5665 2373 5737 φύρα
2408 5682 2506 5736 pro
2552 5665 2865 5738 ἁλουργίδι,
2915 5655 3155 5734 itemque
3204 5664 3461 5737 ἀλουργῐς
3510 5678 3609 5733 pro
3655 5655 3791 5732 πορ-
