4144 6276
346 282 476 350 1541

518 392 739 463 Καίπερ
769 389 991 461 θεωρῶν
1021 389 1128 444 τῶν
1160 390 1357 461 ἑαυτοῦ
1392 389 1725 461 τραυμάτων

341 482 476 537 1400
506 482 617 553 Τὴν
642 481 918 551 σηπτικὴν
944 478 1209 551 σύριγγα.
1239 479 1366 541 τοὺς
1388 479 1594 549 χυμοὺς
1626 478 1801 543 ὅλους,

529 573 619 635 ’ος
639 571 776 643 πρὸς
795 571 976 641 μάχην
1004 569 1279 640 θήγουσαν
1302 567 1777 637 ἀνθωπλισμένην,

516 664 692 734 Χολῆς
728 662 1013 734 μελαίνης,
1047 661 1141 715 καὶ
1170 661 1333 732 χολῆς
1364 659 1756 724 ξανθοπλόκου.

483 756 594 808 Καὶ
624 754 935 824 φλέγματος
961 752 1098 822 πρὸς
1130 746 1273 823 αἷμα
1297 750 1813 822 συμπεπλεγμένου,

517 844 628 897 Καὶ
661 842 1027 915 συρρυέντων,
1060 841 1158 894 καὶ
1180 839 1548 910 πεφυρμένων
1577 839 1735 901 ὅλων,

342 934 481 989 1405
518 932 713 1001 Μάχην
736 930 977 1001 θεωρῶν,
999 931 1073 1000 μὴ
1094 928 1314 998 θεωρῶν
1341 929 1439 999 τὴν
1460 927 1637 984 λύσιν.
1678 962 1681 965 λ

516 1024 625 1075 Καὶ
652 1022 786 1093 μηδὲ
814 1025 924 1085 τοῖς
947 1020 1173 1092 μώλωψι
1200 1020 1488 1090 πεισθῆναι
1518 1019 1710 1085 θέλων,

526 1114 616 1176 Ὠς
647 1114 737 1166 καὶ
769 1113 1049 1166 σαπέντων
1079 1113 1143 1165 ὲκ
1172 1111 1379 1181 φθορᾶς
1398 1110 1507 1163 τῶν
1533 1110 1802 1180 ὀργάνων,

520 1206 797 1274 Ἀσηπτον
840 1204 1023 1266 αὐτοῖς
1050 1203 1425 1272 ἁντεγείρεται
1453 1200 1635 1271 δέρας,

515 1296 624 1347 Καὶ
648 1292 1034 1364 συμϐιϐασμός
1061 1293 1272 1360 γίνεται
1297 1290 1406 1345 τῶν
1438 1290 1755 1361 σχισμάτων

342 1387 478 1441 Mil)
523 1388 619 1440 Ἐκ
648 1386 744 1456 τῆς
773 1385 900 1456 παρ’
923 1385 1108 1453 αὐτοῖς
1135 1383 1211 1448 ὡς
1238 1381 1521 1454 νομίζεται
1555 1383 1733 1454 μάχης
1767 1399 1785 1450 ;

517 1479 586 1530 Ἢ
620 1476 735 1538 πῶς
761 1475 1010 1546 φυλαχθῇ
1034 1475 1097 1528 τὸ
1123 1474 1362 1543 λογικῶς
1387 1472 1702 1545 εἰρημένον,

517 1584 535 1616 t
573 1566 856 1635 Σύμπνοια
885 1565 980 1618 καὶ
1016 1563 1246 1635 σύρροια
1273 1564 1381 1618 τῶν
1410 1563 1547 1618 ὅλων
1585 1563 1706 1634 μία,
1750 1582 1768 1614 ι

513 1656 689 1727 Εἴπερ
714 1656 775 1711 τὸ
803 1654 1083 1727 σύμπνουν
1103 1655 1309 1726 σχίσμα
1336 1655 1547 1723 γίνεται
1570 1656 1782 1727 μάχης;

516 1750 585 1801 Ἦ
614 1748 731 1811 πῶς
754 1747 814 1800 τὸ
843 1747 1067 1818 ῥευστὸν
1098 1746 1295 1820 εὑρεθῇ
1323 1747 1702 1819 πεπηγμένον,

342 1838 481 1894 1415
513 1838 577 1890 El
610 1837 685 1908 μὴ
717 1836 1000 1907 παρούσης
1029 1837 1129 1906 τῆς
1149 1836 1454 1905 ἀναγκαίας
1491 1836 1674 1907 μάχης

512 1928 718 1997 eam“
747 1928 808 1980 τὸ
841 1927 1061 1997 φλέγμα
1090 1930 1189 1997 τῆς
1212 1926 1378 1997 χολῆς
1410 1928 1444 1998 ἠ
1472 1926 1769 1997 θερμότης,

516 2018 587 2069 Ἢ
605 2016 990 2087 συγκεκρασθῇ
1017 2016 1314 2087 θερμότητι
1336 2016 1637 2087 ψυχρότης,

334 2192 596 2250 humores
624 2191 871 2262 corporis
901 2191 1028 2246 hinc
1056 2191 1183 2246 inde
1204 2191 1272 2245 ad
1299 2206 1536 2262 pugnam
1563 2191 1717 2258 cieri,
1741 2201 1916 2247 atram

334 2284 497 2340 bilem
532 2298 653 2339 cum
709 2281 845 2336 ﬂava
874 2281 1164 2346 committi,
1215 2282 1467 2353 phlegma
1499 2298 1621 2336 cum
1653 2282 1919 2353 sanguine

333 2374 700 2435 commisceri,
728 2382 783 2427 et
812 2373 928 2427 hac
949 2373 1131 2428 omnia
1158 2372 1213 2425 in
1245 2387 1414 2427 unum
1441 2372 1716 2428 conﬂuere
1755 2382 1919 2442 atque

333 2466 621 2531 confundi,
651 2478 947 2532 veramque
992 2478 1227 2533 pugnam
1258 2478 1319 2518 se
1351 2463 1558 2518 vidisse
1588 2465 1747 2534 plane
1793 2479 1921 2535 pos-

333 2557 424 2621 sit,
458 2555 871 2611 dissolutionem
901 2562 1105 2617 autem,
1131 2569 1294 2623 quam
1322 2554 1475 2619 dicit,
1507 2570 1567 2609 se
1596 2554 1794 2610 vidisse
1818 2570 1917 2611 ne-

332 2657 496 2719 queat
528 2646 816 2701 aﬂirmare.
847 2645 953 2701 Sed
996 2661 1067 2700 ne
1096 2646 1302 2703 vibices
1329 2646 1548 2715 quidem
1584 2647 1720 2702 tanti
1768 2657 1917 2712 sunt,

334 2747 396 2792 ut
441 2738 558 2808 ipse
602 2736 917 2807 persuaderi
950 2736 1119 2791 velit:
1154 2736 1210 2790 in
1256 2736 1457 2806 quibus
1510 2737 1642 2793 illud
1693 2738 1923 2794 manife-

335 2839 504 2896 stum,
536 2830 682 2899 quod
733 2828 825 2883 ubi
852 2844 979 2898 pars
1030 2829 1210 2899 aliqua
1242 2829 1516 2900 corruptis
1558 2830 1775 2901 organis
1816 2846 1919 2902 pu-

335 2921 494 2986 truit,
521 2935 663 2975 nova
702 2919 938 2990 desuper
980 2920 1136 2990 pellis
1186 2920 1381 2976 educta
1428 2920 1534 2976 illis
1579 2922 1915 2990 obtenditur,

332 3020 497 3081 atque
512 3026 577 3065 cx
606 3026 688 3074 ea,
725 3026 844 3080 qua:
873 3010 1074 3065 dicitur
1123 3019 1178 3065 et
1215 3019 1440 3081 putatur
1466 3028 1586 3067 esse
1615 3029 1814 3085 pugna,
1847 3014 1918 3070 sit

332 3103 478 3158 inter
530 3103 676 3173 ipsos
720 3118 823 3174 pax
868 3111 923 3157 et
966 3102 1297 3157 conciliatio.
1349 3102 1580 3168 Quinam
1629 3115 1809 3159 autem
1840 3106 1918 3160 lo-

335 3211 514 3266 gicum
542 3196 676 3249 illud
708 3194 933 3249 ell‘atum
963 3202 1130 3249 staret
1156 3210 1169 3246 :
1222 3212 1241 3245 ι
1270 3193 1463 3247 Omnia
1492 3194 1548 3248 in
1581 3211 1747 3249 unum
1782 3211 1916 3250 con-

330 3286 511 3342 ﬂuunt
567 3296 729 3357 atque
776 3286 1113 3355 conspirant,
1148 3303 1166 3335 ι
1208 3284 1255 3338 si
1293 3300 1360 3339 ex
1405 3285 1521 3356 ipsa
1550 3301 1732 3340 rerum
1781 3302 1913 3340 con-

338 3376 641 3446 spiratione
673 3377 910 3431 oriretur
948 3392 1143 3446 pngnae
1180 3375 1463 3431 dissidium
1483 3377 1506 3429 ?
1528 3385 1623 3431 aut
1643 3377 1913 3447 quomodo

332 3468 408 3531 id,
435 3468 578 3538 quod
620 3478 704 3522 est
737 3468 981 3529 ﬂuidum.
1014 3479 1451 3539 coagmentatum
1481 3469 1544 3522 iri
1580 3469 1907 3534 videremus,

333 3562 377 3617 si
432 3561 739 3615 necessaria
785 3561 888 3640 bac
942 3560 1315 3615 intercedente
1368 3575 1547 3630 pugna
1602 3560 1945 3630 pituitosam,

331 3652 497 3707 bilem
533 3652 681 3707 calor
713 3667 823 3705 non
865 3651 1137 3715 deliniret,
1175 3661 1269 3706 aut
1306 3650 1560 3721 frigidum
1598 3651 1774 3705 calido
1805 3666 1917 3705 non

335 3751 777 3812 temperaretur,
837 3750 893 3795 et
950 3741 1157 3797 siccum
1220 3755 1345 3794 cum
1404 3740 1629 3795 humido
1684 3755 1918 3811 pugnam

333 3834 507 3890 amice
536 3850 646 3889 non
670 3833 878 3888 iniret?
900 3830 1021 3888 Non
1050 3846 1178 3887 vere
1208 3831 1394 3903 igitur,
1418 3838 1474 3886 et
1496 3831 1715 3902 proprie
1738 3847 1917 3903 pugna

1700 281 2255 344 HEXAEMERON.

1955 400 2002 453 Α

3472 290 3610 360 1512

2209 392 2279 444 ’Ἡ
2316 390 2548 463 ξηρότης
2565 392 2790 462 εὕικμον
2814 397 3051 468 ἁρπάσει
3077 400 3258 473 μάχην
3280 418 3296 468 ;

2199 480 2272 532 Ού
2302 480 2506 550 κυρίως
2533 477 2626 536 οὖν
2659 484 2808 538 ἐστιν
2838 488 2873 556 ἡ
2903 487 3053 558 μάχη
3076 489 3251 561 μάχη,

2026 569 2163 623 1420
2206 572 2508 643 Συνεκτικὴ
2527 572 2584 625 δὲ
2605 574 2828 642 μᾶλλον,
2856 576 2889 646 ἢ
2908 577 3219 634 τούναντίον

2197 662 2514 732 Χωριστικὴ
2544 664 2753 732 πέφυκε
2773 666 2882 719 τῶν
2910 668 3273 739 ἡρμοσμένων
3296 689 3310 704 ’

2200 750 2514 819 Σφίγγουσα
2542 753 2642 821 τὴν
2670 752 2948 823 σύμπηξιν
2961 756 3090 827 ἄχρι
3118 758 3218 828 τὴν
3244 759 3391 813 δέσιν

2198 841 2366 893 Λύσει
2398 842 2459 895 τὸ
2477 842 2568 896 τοῦ
2597 844 2888 912 σφίξαντος
2910 844 3152 917 ἄρρητον
3181 850 3401 920 κράτος.

2210 931 2298 995 Ὠς
2322 931 2432 1003 γάρ
2458 951 2539 996 τις
2566 929 2712 986 οἷκον
2736 934 3142 1007 δημιουργῆσαι
3179 937 3349 993 θέλων

2024 1022 2162 1076 1425
2199 1024 2306 1076 Καὶ
2332 1026 2511 1095 σφῆνα
2536 1026 2715 1094 πήξας
2744 1029 3210 1098 σφαιροσυνθέτου
3236 1030 3458 1101 στέγης,

2198 1108 2351 1166 Οἶδεν
2377 1115 2539 1185 μόνος
2562 1116 2621 1169 τὸ
2654 1118 2888 1188 σφίγμα,
2920 1119 3015 1172 καὶ
3044 1119 3160 1173 λύει
3193 1121 3352 1189 μόνος
3373 1136 3387 1149 ⁸

2196 1204 2382 1268 Οὕτως
2409 1208 2436 1258 ό
2464 1207 2564 1277 τὴν
2593 1207 2859 1279 ἔνσαρκον
2888 1209 3077 1262 οὐσίαν
3107 1212 3319 1275 κτίσας,

2202 1296 2373 1350 Ὅταν
2400 1297 2509 1350 δέοι
2535 1298 2625 1350 τὸν
2648 1293 2797 1351 οἶκον
2830 1298 3005 1352 ἐλθεῖν
3027 1302 3107 1363 είς
3130 1301 3307 1365 λύσιν,

2198 1387 2275 1439 Ού
2311 1386 2531 1457 φλέγμα
2562 1390 2723 1454 κινεῖ,
2760 1390 2855 1441 καὶ
2880 1390 3043 1460 χολὴν
3075 1390 3210 1461 πρὸς
3236 1392 3337 1462 τὴν
3360 1388 3538 1454 λύσιν,

2022 1478 2162 1535 uso
2212 1479 2301 1541 Ὠς
2330 1478 2515 1549 ἐνδεὴς
2538 1478 2615 1531 ὢν
2652 1480 2839 1533 ὑλικοῦ
2872 1464 3225 1552 παρεργάτου
3246 1498 3262 1514 ο

2212 1570 2355 1622 Ἀλλ’
2379 1569 2625 1624 ὲκόαλὼν
2653 1570 2746 1624 τὸν
2777 1572 2958 1641 σφῆνα
2983 1573 3074 1625 τὸν
3102 1573 3477 1645 ψυχοκράτην,

2210 1662 2300 1723 Ὠς
2328 1656 2487 1725 οἶδεν,
2517 1661 2593 1724 ὡς
2622 1661 2868 1731 ἔσφιγξε.
2902 1665 2997 1716 καὶ
3028 1663 3145 1716 λύει
3179 1665 3361 1734 μόνος.

2200 1752 2372 1805 Ὅταν
2398 1751 2456 1804 δὲ
2486 1752 2587 1822 τὴν
2612 1753 2890 1825 σύμπηξιν
2924 1755 3164 1824 ἁρμόσαι
3194 1755 3321 1827 θέλῃ
3342 1772 3357 1787 ⁸

2194 1841 2395 1896 κτίσαι
2424 1844 2533 1913 γὰρ
2562 1840 2719 1908 αὖθις
2757 1844 3006 1914 βούλεται
3034 1847 3131 1919 τὴν
3159 1848 3359 1912 οἰκίαν,

2025 1929 2173 1986 1455.
2202 1931 2419 1986 Πτῶσιν
2447 1933 2729 1988 παθοῦσαν
2754 1935 2813 1998 ἐξ
2843 1936 3056 2007 ἀδήλων
3090 1938 3419 2007 πνευμάτων
3442 1955 3456 1969 ⁸

2199 2023 2263 2076 Ei
2289 2024 2385 2077 καὶ
2416 2023 2581 2095 χολὴν
2610 2025 2705 2079 καὶ
2736 2026 2973 2097 φλέγμα,
3009 2029 3105 2081 καὶ
3133 2027 3354 2098 πνεῦμα
3380 2027 3559 2096 λάϐοι,

2024 2201 2103 2247 est
2138 2209 2318 2265 pugna
2346 2212 2360 2248 :
2396 2195 2490 2250 sed
2522 2204 2606 2250 est
2632 2196 2763 2266 quid
2790 2213 2873 2263 ea,
2908 2213 3029 2269 quae
3055 2208 3183 2254 sunt
3208 2199 3351 2254 inter
3379 2214 3438 2255 se
3466 2214 3600 2255 con-

2025 2286 2293 2355 grucntia,
2327 2287 2510 2355 potius
2541 2289 2900 2360 coniungens,
2930 2305 3090 2360 quam
3126 2292 3377 2347 dividens
3410 2310 3440 2348 e
3467 2309 3602 2348 con-

2026 2377 2230 2431 trario:
2263 2386 2347 2431 est
2376 2378 2525 2448 quid,
2556 2378 2798 2453 inquam,
2843 2397 3029 2436 rerum
3087 2384 3465 2454 compaginem
3510 2400 3601 2438 ar-

2024 2464 2166 2520 ctius
2196 2468 2610 2539 constringens,
2663 2472 2965 2541 usquedum
3019 2472 3311 2528 ineﬂ‘abilis
3360 2475 3601 2543 potentia

2028 2558 2189 2624 illius,
2220 2559 2313 2629 qui
2358 2576 2497 2632 opus
2523 2561 2817 2633 colligavit,
2861 2564 3009 2634 Operi
3061 2565 3276 2620 vincula
3320 2566 3599 2620 dissolvat.

2027 2649 2197 2705 Sicuti
2227 2652 2373 2706 enim
2418 2653 2463 2708 si
2510 2655 2633 2723 quis
2657 2656 2879 2710 domum
2923 2656 3288 2721 exstruxerit,
3324 2665 3379 2711 et
3411 2671 3603 2711 arcua-

2029 2754 2144 2800 tum
2190 2745 2453 2801 forniccm
2501 2746 2666 2801 inﬁxo
2694 2762 2871 2802 cuneo
2900 2746 3253 2817 copulaverit,
3302 2746 3417 2816 ipse
3454 2747 3603 2802 solus

2020 2839 2191 2903 novit,
2227 2838 2321 2892 ubi
2349 2837 2420 2892 sit
2443 2838 2602 2893 cunei
2635 2853 2829 2904 nexus,
2872 2848 2927 2893 et
2956 2840 3075 2909 ipse
3109 2840 3258 2894 solus
3282 2847 3465 2908 potest
3492 2838 3600 2893 solo

2018 2943 2187 2983 vere:
2236 2928 2308 2984 ita
2353 2928 2444 2999 qui
2477 2943 2731 2983 carneam
2783 2928 3030 2984 condidit
3065 2929 3445 2994 substantiam,
3476 2943 3599 2982 cum

2022 3027 2273 3073 contexta
2304 3017 2498 3074 domus
2527 3019 2690 3073 debet
2725 3020 2971 3085 dissolvi,
2996 3036 3105 3074 non
3140 3021 3391 3091 plilegma
3419 3035 3600 3091 neque

2021 3108 2185 3164 bilem
2221 3113 2288 3162 ad
2334 3108 2746 3162 dissolvendum
2784 3108 3047 3171 immittit,
3075 3109 3228 3178 quasi
3271 3109 3452 3178 aliquo
3480 3125 3599 3163 ma-

2015 3200 2186 3255 teriali
2216 3200 2465 3269 adjutore
2513 3200 2630 3269 ipse
2665 3199 2940 3270 indigeat;
2973 3200 3068 3255 sed
3103 3216 3356 3266 cuneum,
3403 3202 3598 3257 animae

1972 3291 2408 3368 .rctinaculum,
2448 3289 2715 3354 extrahit,
2765 3298 2926 3359 atque
2983 3300 3145 3361 prout
3195 3291 3348 3348 solus
3410 3291 3595 3355 novit,

2013 3390 2173 3451 prout
2225 3381 2373 3436 solus
2401 3380 2703 3451 conjunxit,
2747 3380 2895 3436 solus
2932 3380 3095 3435 etiam
3148 3380 3409 3436 dissolvit.
3456 3378 3595 3435 Cum

2012 3482 2194 3527 autem
2223 3473 2423 3527 molem
2454 3474 2626 3542 ipsam
2652 3480 3034 3543 coagmentare
3083 3481 3245 3540 atque
3268 3480 3596 3526 connectere

2014 3563 2260 3618 decernit
2293 3562 2428 3631 (vult
2456 3562 2604 3617 enim
2647 3563 2845 3617 iterum
2878 3562 3021 3616 hanc
3048 3561 3269 3616 domum
3303 3559 3593 3626 aediﬁcare,

2013 3666 2134 3721 quae
2174 3667 2237 3706 ex
2268 3651 2480 3707 occulta
2523 3652 2809 3721 spirituum
2852 3649 2904 3704 vi
2967 3660 3086 3705 acta
3120 3658 3206 3705 est
3246 3648 3303 3702 in
3332 3647 3593 3719 ruinam),

2015 3743 2495 3815 bilem,phlegma,
2516 3752 2571 3798 et
2596 3743 2868 3814 spiritum,
2893 3743 2937 3798 si
2962 3742 3114 3808 velit,
3143 3747 3403 3805 assumet,
3434 3747 3595 3809 atque

2016 3850 2080 3890 ea
2112 3849 2218 3889 una
2253 3834 2436 3901 simul,
2465 3836 2612 3891 velut
2656 3835 2860 3891 calcem
2904 3848 3026 3890 cum
3058 3833 3210 3888 testis
3258 3831 3405 3902 (nam
3431 3828 3594 3886 etiam

1851 3968 2085 4025 NOTAE.

403 4088 563 4146 “02.
604 4088 683 4143 De
706 4096 940 4157 quatuor
978 4087 1269 4141 liumorum
1319 4084 1613 4157 varietate,
1647 4086 1839 4157 colore
1861 4095 1917 4157 et

333 4160 624 4236 effectibus
652 4155 909 4236 (ia—lenus,
940 4157 1259 4236 ὠῶν-,μορ
1285 4156 1377 4211 151
1410 4173 1423 4208 :
1448 4156 1631 4222 Πικρὰ
1658 4155 1913 4236 ήᾼξανθὴ,

332 4230 611 4354 καλόόξεῖα
657 4229 691 4299 ἠ
740 4227 1004 4298 μελαίνη,
1056 4227 1172 4280 bilis
1221 4228 1634 4296 ﬂava,amara,
1668 4234 1714 4279 et
1736 4227 1911 4297 nigra,

332 4318 413 4355 ac:
455 4318 509 4353 a.

407 4370 563 4423 “m-
605 4367 741 4462 αοξις
772 4364 930 4462 ’ἐῗὲῗτ
958 4364 1329 4462 fateri?“
1357 4362 1915 4462 eameam
1946 4406 1991 4462 ο

333 4454 479 4510 saepe
515 4446 741 4510 usurpat
789 4436 930 4490 hanc
977 4434 1367 4510 aphoristicatn
1401 4434 1728 4510 sententiam
1759 4434 1915 4510 -Ξύρ-

337 4503 459 4581 ροία
496 4509 614 4578 μία,
649 4503 927 4581 ξύμπνοια
963 4503 1080 4573 μία,
1111 4503 1402 4581 ξυμπαθέα
1428 4503 1916 4581 πᾲνταβοζιμιιαὶιιε

333 4572 511 4641 imus,
565 4572 912 4645 conspiratio
943 4572 1092 4645 una,
1157 4572 1533 4645 consentientia
1577 4572 1773 4645 omnia.
1812 4572 1918 4645 Δεἰς

334 4649 431 4704 lib.
466 4663 503 4702 ιι
534 4646 610 4700 De
638 4642 786 4699 caus.
821 4643 982 4714 pulta,
1012 4643 1188 4697 πάντα
1218 4644 1351 4697 πᾶσι
1391 4642 1707 4712 συμπαθέα,
1754 4642 1918 4713 φύσις

334 4719 512 4784 κοινῆ,
550 4716 725 4768 omnia
754 4714 1365 4784 oninibus_cousentiunt,
1400 4723 1608 4784 natura
1627 4714 1916 4784 communis

336 4796 434 4867 est.
470 4781 691 4867 Egregie
740 4792 944 4846 autem,
980 4781 1057 4867 De
1084 4783 1324 4867 humor...
1363 4798 1483 4853 pag.
1517 4781 1618 4867 152
1636 4799 1663 4867 ἑ
1692 4782 1812 4853 Χρὴ
1859 4781 1917 4835 δὲ

336 4851 583 4927 ἀκριόῶς
609 4851 759 4927 ἐἶναι
803 4853 1177 4927 κεκραμένους
1205 4851 1472 4927 ποιότητι,
1510 4853 1603 4927 καὶ
1636 4851 1916 4927 ἴσουςπος

337 4920 525 4993 σότητι
566 4925 694 4993 τοὺς
737 4920 1063 4993 χυμοῦςίζν*
1088 4922 1267 4989 ὑγίειά
1312 4920 1671 4993 τείδιαμένῃ,
1700 4922 1797 4974 καὶ
1842 4920 1919 4992 μὴ

334 4989 473 5052 οὖσά
500 4989 940 5047 ἐπανελεύσεται.
979 4989 1193 5058 Oportet
1227 4992 1365 5044 enim
1392 4989 1644 5044 humores
1662 4989 1919 5061 exquisite

336 5081 448 5120 esse
476 5064 735 5134 qualitate
757 5070 1077 5128 temperatas
1096 5070 1146 5113 et
1168 5061 1467 5134 quantitate
1496 5060 1751 5134 aequales,
1774 5071 1831 5116 ut
1868 5076 1917 5115 et

335 5130 542 5189 sanitas
572 5148 810 5202 praesens
828 5139 1155 5202 permaneat,
1186 5139 1233 5183 et
1261 5130 1445 5202 absens
1466 5130 1668 5202 redeat.

411 5198 582 5257 1416(
612 5201 747 5257 Vide
774 5198 1060 5261 Galenum,
1087 5198 1164 5254 De
1192 5209 1305 5253 nat.
1332 5198 1515 5269 facult.
1540 5214 1581 5261 ι.
1610 5200 1665 5262 2,
1687 5209 1819 5269 tom.
1853 5198 1917 5263 V,

336 5288 464 5344 pag.
497 5272 551 5336 9,
591 5272 685 5344 qui
716 5270 784 5325 de
807 5268 1451 5344 facultate_g_eneratrice,
1481 5268 1550 5344 de
1591 5268 1832 5344 auctrice
1856 5284 1920 5323 ac

338 5336 441 5399 de'
460 5336 759 5396 nutritione
789 5347 1032 5410 acturus,
1066 5336 1448 5410 Hippocratem
1498 5336 1630 5410 dicit
1675 5337 1918 5410 omnium

340 5412 681 5469 medicorum
716 5424 779 5464 ac
826 5405 1279 5478 philosophorum
1309 5408 1489 5478 fuisse
1518 5405 1754 5478 primum
1779 5445 1804 5478 ,Α
1826 5408 1919 5477 qui

339 5480 721 5537 ἀποδεικνύειν
754 5471 1100 5549 ἐπεχείρησε,
1135 5478 1403 5549 τέτταρας
1423 5471 1577 5549 ἐἶναι
1611 5475 1708 5549 τας
1737 5471 1918 5549 πάσάς

337 5550 640 5623 δραστικὰς
669 5550 749 5612 είς
777 5541 1043 5670 mgna;
1070 5541 1383 5618 ποιότητας,
1414 5545 1504 5617 ὑφ’
1527 5541 1603 5599 ὧν
1626 5545 1835 5615 γίνεται
1858 5564 1918 5601 τε

337 5622 440 5670 καὶ
472 5619 754 5670 φθείρεται
788 5616 894 5670 πάν
931 5619 944 5638 '
968 5618 1071 5670 ὃσα
1099 5618 1311 5670 γένεσίν
1340 5633 1400 5669 τε
1432 5615 1529 5670 καὶ
1562 5614 1768 5670 φθορὰν
1798 5618 1918 5670 ἑπι-

336 5614 440 5690 ~ita).
472 5619 754 5690 φθείρεται
788 5614 944 5671 πάνθ’
968 5618 1071 5671 ὃσα
1099 5614 1311 5690 γένεσίν
1340 5633 1400 5669 τε
1432 5614 1529 5670 καὶ
1562 5614 1768 5686 φθορὰν
1798 5618 1920 5670 ἑπι-

343 5689 580 5761 δέχεται,
603 5688 983 5743 ἀεηιοηειινανε
1026 5688 1244 5743 tentavit
1296 5694 1520 5757 quatuor
1569 5701 1677 5740 esse
1721 5702 1914 5755 omnes,

2013 4102 2130 4157 qua:
2168 4095 2349 4140 mutuo
2380 4087 2518 4157 inter
2536 4103 2591 4139 se
2612 4085 3166 4157 agerent,'qualitates,
3193 4082 3456 4157 aquibus,
3478 4099 3595 4153 qua:

2013 4155 2187 4210 ortum
2224 4166 2271 4209 et
2316 4156 2591 4209 interitum
2636 4155 2943 4219 admittunt,
2977 4156 3153 4207 omnia
3197 4155 3499 4222 gignantur,
3530 4168 3595 4205 ac

2020 4236 2444 4293 corrumpantur.
2475 4225 2627 4290 Quod
2656 4239 2817 4293 quam
2846 4224 3121 4279 verisimili
3153 4221 3363 4293 ratione
3388 4221 3593 4293 dictum

2021 4296 2111 4361 sit,
2142 4289 2303 4349 nobis
2321 4296 2485 4365 plane
2505 4289 2619 4347 non
2652 4289 2864 4365 constat
2896 4312 2909 4347 :
2943 4308 3065 4365 cum
3100 4292 3270 4365 multo
3299 4299 3426 4345 ante
3462 4289 3595 4359 Hip-

2020 4375 2299 4433 pocratem
2324 4362 2545 4433 'similia
2588 4364 2890 4417 luculenter
2933 4363 3178 4418 docuerit
3226 4362 3501 4425 Socrates,
3535 4369 3595 4414 ut

2020 4432 2207 4489 videre
2238 4443 2323 4487 est
2351 4434 2406 4486 in
2435 4432 2645 4497 Timaeo,
2678 4448 2799 4503 pag.
2836 4434 2905 4487 85
2932 4442 2987 4487 et
3012 4446 3164 4553 seqq.

2088 4503 2248 4553 1418.
2287 4502 2423 4553 Cod.
2478 4502 2617 4553 1126
2644 4541 2661 4553 .
2710 4504 2806 4553 καί⁵
2848 4502 3077 4553 ξηρότης
3156 4519 3164 4540 ε

2088 4503 2248 4557 1418.
2287 4502 2423 4557 Cod.
2478 4502 2617 4557 1126
2644 4498 2806 4567 [κάκ
2848 4498 3351 4573 ξηρότηςῖνυγρον
3407 4498 3591 4570 ἀρπά-

2016 4590 2120 4627 σοι.

2087 4642 2247 4697 1424.
2286 4641 2523 4697 Consule
2549 4642 2971 4712 Athenagoram,
3006 4639 3084 4694 De
3099 4655 3307 4712 rresurr.
3327 4644 3473 4712 μοι
3493 4650 3590 4701 ιιι,

2019 4712 2125 4787 ubi
2152 4712 2441 4787 nonnulla,
2476 4727 2598 4781 qua:
2640 4705 2794 4787 hanc
2815 4711 3274 4787 comparationem
3463 4721 3592 4787 cum

2016 4782 2318 4837 architecto
2365 4774 2657 4836 illusirant.
2706 4774 3061 4849 Perspicuum
3112 4786 3197 4833 est
3236 4783 3419 4830 autem
3460 4774 3595 4849 Pisi-

2016 4852 2138 4906 dam
2172 4866 2394 4906 omnem
2435 4850 2560 4905 vita:
2588 4846 2857 4905 rationem
2882 4849 2937 4902 in
2973 4850 3154 4903 anima
3190 4861 3412 4917 ponere,
3447 4846 3594 4917 unde

2017 4921 2202 4992 ipsam
2230 4919 2607 4992 ψυχοκρὰτην,
2652 4921 2774 4975 vita:
2802 4915 3391 4981 retinaculum'vocat,
3450 4915 3592 4971 intra

2016 4991 2424 5115 νθῖῗὶὲὗὲοό.
2466 5058 2626 5123 1126,
2658 5060 2754 5113 καὶ
2803 5057 2983 5182 σφένα
3033 5057 3223 5129 πῆξαι.
3276 5052 3455 5109 Pisida
3492 5068 3592 5124 per

2017 5147 2237 5182 niueum
2272 5129 2666 5182 ferramentum
2698 5128 2878 5182 aliauo
2936 5128 2989 5181 in
3012 5128 3219 5182 fornice
3245 5125 3443 5179 domus
3465 5132 3592 5182 ante

2017 5147 2237 5185 cuneum
2272 5129 2666 5184 ferramentum
2698 5125 2914 5197 aliquOd
2936 5128 2989 5181 in
3012 5125 3219 5183 fornice
3245 5125 3443 5197 domus
3465 5132 3592 5192 apte

2016 5201 2342 5255 collocatum
2392 5199 2682 5269 intelligit,
2728 5195 2801 5251 ut'
2831 5208 3135 5269 curvaturae
3182 5195 3590 5269 circinationem

2016 5270 2295 5324 astrictam
2364 5266 2779 5339 colligatamque
2848 5267 3117 5322 sustineat
3158 5284 3186 5339 ς,
3220 5266 3348 5319 hinc
3401 5271 3589 5332 postea

2016 5340 2179 5393 etiam
2211 5338 2450 5407 animam
2478 5337 2720 5406 corporis
2745 5351 2980 5407 cuneum
3012 5337 3269 5407 appellat.

2088 5405 2544 5481 11552-Ἁόῄτιων
2568 5400 2944 5481 flagitarier,
2978 5400 3256 5476 ﬂa'niinum
3309 5400 3589 5481 latentium

2016 5477 2206 5550 vertit
2226 5470 2523 5531 Morellius.
2559 5470 2767 5550 Qcculii
2810 5470 3035 5546 spiritus
3060 5492 3126 5530 ex
3155 5470 3586 5550 mente_Pisida~.,

2016 5549 2070 5602 ni
2101 5546 2356 5611 fallimur,
2384 5553 2514 5600 sunt
2545 5542 3146 5617 diabolum—peccatum
3193 5552 3249 5598 et
3270 5542 3438 5595 animi
3462 5553 3590 5610 per~

2018 5617 2374 5673 turbationes.
3207 5656 3221 5667 .

2095 5687 2249 5742 1456.
2289 5685 2426 5743 Cod.
2463 5684 2593 5741 1126
2630 5685 2735 5739 :Ei
2766 5684 2858 5740 καὶ
2890 5683 3083 5755 χολὴν,
3119 5681 3212 5736 καὶ
3250 5678 3464 5751 πνεῦμει
3494 5673 3588 5730 καὶ
