4144 6276
613 556 736 620 Τοῖς
761 557 872 629 γὰρ
899 555 1167 611 παθοῦσιν
1191 557 1257 610 ἐκ
1285 556 1489 630 κρύους
1517 556 1802 627 άϐλεψίαν,

614 649 835 714 Καπνὸς
865 649 1104 720 Γαληνὸς
1132 649 1341 718 γίνεται
1382 649 1510 721 παρ’
1540 649 1748 704 ἐλπίδα.

439 739 579 797 1545
615 741 812 813 Νάρκη
835 740 894 794 δὲ
924 743 1117 814 ναρκοῖ
1143 742 1244 806 τὰς
1278 741 1422 811 ἁφὰς
1459 741 1571 795 τῶν
1599 741 1845 812 ὀργάνων
1865 758 1881 773 ο

619 836 775 889 Ἐστι
799 834 908 906 γάρ
936 836 996 889 ἐν
1024 835 1196 888 δέοντι
1227 837 1321 889 καὶ
1351 836 1560 907 νάρκης
1591 835 1771 906 χάρις.

615 925 788 997 Στέαρ
813 925 871 980 δέ
895 925 1089 996 φώκης
1120 925 1430 998 φλεγμονὰς
1463 925 1772 994 οἰδημάτων

615 1018 924 1084 Σθέννυσιν,
949 1018 1140 1091 ὥσπερ
1165 1020 1266 1083 τὰς
1306 1011 1573 1087 κάμίνους
1600 1019 1632 1088 ἡ
1662 1016 1871 1086 δρόσος.

615 1109 727 1162 Καὶ
757 1109 1181 1180 συμφλεγέντων
1217 1111 1590 1180 ίπποκάμπων
1621 1107 1839 1176 αἰθάλη,

441 1195 580 1254 1550
616 1197 844 1266 Σφίγγει
883 1199 1191 1270 τρεμούσας
1222 1198 1486 1268 ἐκρυῆναι
1515 1197 1614 1259 τὰς
1641 1195 1852 1269 τρίχας.

613 1288 845 1360 Τρυγὼν
871 1290 928 1343 δὲ
956 1289 1119 1345 παύει
1143 1290 1252 1344 τῶν
1280 1290 1508 1342 ὀδόντων
1537 1290 1666 1350 τοὺς
1694 1287 1940 1350 κλόνους,

626 1379 716 1444 Ὠς
743 1381 801 1434 ἐν
831 1381 1078 1452 ταλάντῳ
1103 1382 1352 1453 τεχνικὸς
1376 1379 1734 1451 ζυγοστάτης,

1799 437 2347 500 HEXAEMERON.

3559 431 3698 500 ιιι-ι

2292 552 2366 606 Τὸ
2396 554 2618 624 κέντρον
2646 551 2816 622 αὐτῆς
2848 551 3128 605 ἐντεθεῖσα
3156 551 3267 613 τοῖς
3307 547 3514 612 πόνοις,

2291 645 2400 700 Καὶ
2427 644 2629 716 βρῶσις
2658 645 2803 715 ἁπλῆ
2834 643 2927 698 τοῦ
2963 645 3169 716 σκάρου
3209 644 3319 697 τῶν
3353 643 3587 715 ἐντέρων

2117 738 2255 794 1555
2295 738 2482 811 Εῖργει
2511 738 2572 792 τὸ
2604 737 2782 809 ῥεῦμα
2812 737 2921 791 τῶν
2952 738 3082 808 παρ’
3118 739 3248 808 ἡμῖν
3283 736 3540 808 ἐντέρων.

2291 830 2482 894 Ποθεὶς
2507 829 2564 883 δὲ
2590 829 2750 901 χυλὸς
2780 829 2891 883 τῶν
2917 827 3132 883 κωϐιῶν
3159 827 3546 899 πετροστέγων-

2294 921 2516 991 Ὀχημα
2551 919 2788 990 γαστρὸς
2820 919 3032 987 γίνεται
3066 918 3482 988 πεφραγμένης.

2287 1012 2474 1065 Φθίσιν
2501 1012 2559 1065 δὲ
2591 1011 2684 1066 καὶ
2713 1012 2963 1082 χίμετλα,
2991 1011 3086 1064 καὶ
3112 1011 3223 1064 τῶν
3253 1008 3530 1079 σκορπίων

2291 1103 2489 1158 Φθάνει
2521 1103 2591 1157 τὰ
2625 1105 2846 1174 κέντρα,
2876 1104 2970 1157 καὶ
2999 1103 3304 1173 καταψύχει
3336 1102 3530 1163 πόνους

2118 1195 2257 1250 1560
2303 1197 2443 1259 Τοὺς
2469 1197 2884 1267 λυσσοδήκτους,
2911 1197 3037 1259 τοὺς
3059 1195 3116 1248 δὲ
3155 1195 3448 1265 καρκίνους
3482 1194 3590 1258 ξέει

2304 1291 2578 1360 Καρκῖνος
2606 1290 2774 1343 ἐλθὼν
2803 1292 2865 1343 ἐκ
2898 1289 3060 1359 βυθοῦ
3093 1288 3376 1342 θαλαττίου
3395 1303 3410 1320 ·

2303 1381 2587 1451 Σοφξζεται
2617 1382 2673 1435 δὲ
2705 1383 2800 1436 καὶ
2830 1381 2968 1454 πρὸς
3001 1381 3175 1452 ἄγραν
3195 1380 3463 1449 ὀστρέων*

438 1570 818 1641 experiuntur.
847 1570 922 1625 Ac
952 1567 1179 1637 torpedo
1232 1575 1408 1623 tactus
1438 1579 1636 1636 organa
1670 1562 1798 1617 facit
1835 1571 2020 1632 torpe-
2121 1563 2316 1618 mestio
2332 1571 2642 1619 nostrorum
2660 1562 2928 1617 viscerum
2946 1561 3144 1616 fluxum
3165 1570 3410 1625 coercet,
3433 1570 3486 1614 ct
3510 1576 3573 1614 ex
3603 1575 3699 1630 gon

438 1677 613 1730 scere,
640 1677 737 1719 sua
763 1661 909 1717 enim
940 1661 1101 1726 inest,
1128 1661 1218 1714 ubi
1244 1668 1328 1714 est
1361 1673 1518 1726 opus,
1553 1657 1716 1711 etiam
1745 1655 2017 1725 torpedini
2125 1655 2337 1730 biorum
2366 1654 2506 1708 inter
2552 1669 2678 1708 saxa
2714 1654 3041 1708 latitantium
3076 1668 3241 1714 succo
3269 1651 3514 1706 confecta
3548 1652 3696 1721 potio

438 1753 521 1809 vis
548 1762 605 1808 et
638 1753 807 1825 gratia
839 1771 853 1808 :
897 1761 952 1808 et
989 1753 1158 1821 adeps
1187 1752 1381 1806 Phoca:
1411 1759 1684 1804 tumorum
1715 1747 2050 1802 inﬂammav
2120 1756 2367 1802 ventrem
2423 1747 2734 1801 obseratum
2787 1745 2997 1816 aperit?
3050 1744 3160 1799 Nec
3217 1744 3432 1798 diversa
3490 1742 3700 1796 ratione

439 1845 633 1912 tiones,
665 1855 725 1900 ut
747 1860 835 1900 ros
859 1844 1124 1907 caminos,
1156 1843 1490 1914 exstinguit;
1522 1850 1578 1896 ct
1615 1848 1862 1895 ustorum
1894 1839 2020 1910 bip-
2054 1905 2090 1914 _
2119 1837 2405 1909 phthisim,
2430 1837 2743 1907 perniones,
2769 1846 2825 1891 et
2857 1836 3206 1905 scorpionum
3235 1835 3374 1889 ictus
3401 1832 3696 1903 praevertit,

436 1905 822 2008 pocatnporum
881 1937 1046 2008 fuligo
1081 1905 1220 1990 male
1271 1905 1542 1996 haerentes
1593 1933 1753 2004 pilos,
1798 1947 1867 1987 ne
1921 1905 2020 1987 de-
2053 1905 2093 1960 Β
2120 1905 2360 2002 itemque
2391 1905 2590 1986 a-cane
2634 1929 2850 1984 rabioso
2889 1929 3170 1983 demorsos
3203 1943 3233 1982 a
3263 1927 3451 1982 dolore
3483 1925 3696 1985 liberat,

434 2029 627 2094 ﬂuant,
658 2028 928 2100 astringit.
964 2028 1104 2094 Quid
1141 2027 1285 2096 quod
1333 2035 1512 2082 turtur
1568 2025 1812 2080 dentium
1861 2023 2015 2077 dolo-

437 2137 526 2177 res
577 2121 751 2188 sedat,
796 2120 842 2174 si
873 2119 1018 2190 quod
1048 2119 1257 2189 peritus
1304 2119 1634 2188 ponderator
1663 2116 1791 2172 facit
1824 2116 1878 2170 in
1909 2125 2018 2171 sta-

438 2223 572 2278 tera,
595 2213 711 2284 ipsa
737 2213 882 2279 illuc,
908 2214 1000 2269 ubi
1027 2213 1232 2268 doloris
1260 2220 1344 2266 est
1373 2211 1550 2277 sedes,
1576 2225 1735 2264 suum
1764 2207 2020 2278 conjiciat

433 2304 724 2363 aculeum?
751 2305 892 2374 Quid
943 2307 1088 2378 quod
1142 2305 1376 2378 simplex
1422 2304 1696 2360 viscerum
1743 2303 1884 2360 scari
1919 2319 2015 2360 co-

2117 2038 2452 2094 cancrosque
2484 2039 2514 2078 e
2546 2022 2817 2094 profundo
2863 2021 3030 2077 maris
3080 2020 3337 2091 prodiens
3383 2018 3581 2080 exedit,
3614 2027 3700 2070 at-

2117 2135 2222 2189 que
2259 2117 2512 2174 abradit?
2539 2116 2711 2187 Hujus
2751 2126 2934 2172 autem
2981 2116 3120 2170 mira
3153 2123 3236 2168 est
3265 2112 3428 2167 etiam
3475 2110 3528 2163 in
3559 2125 3699 2179 prae-

2117 2209 2310 2266 dandis
2331 2208 2531 2265 ostreis
2555 2207 2776 2265 solertia
2801 2226 2816 2276 ;
2859 2208 2913 2262 in
2955 2208 3100 2279 ipsas
3125 2205 3291 2267 enim,
3321 2218 3446 2258 cum
3489 2202 3704 2256 hiantes

2119 2300 2366 2373 geminas
2415 2299 2601 2355 valvas
2639 2298 2935 2364 diducunt,
2976 2313 3138 2354 arena
3185 2297 3381 2367 injecta
3422 2293 3696 2365 prohibet,

1956 2439 2166 2498 ΝΟΤᾸΞ
2179 2469 2198 2480 -

505 2579 664 2635 1512.
711 2579 946 2668 Galenus
970 2580 1128 2668 'ibid.
1183 2598 1307 2668 ρος.
1338 2584 1483 2668 255,
1528 2582 2004 2668 ειη26ιιεΤέφρα.

2109 2580 2165 2634 in
2206 2593 2462 2652 supema,
2490 2594 2553 2635 ac
2574 2579 2751 2652 media
2776 2595 2887 2634 suae
2913 2579 3097 2652 caudae
3128 2587 3281 2652 parte
3305 2581 3445 2652 gerit
3469 2583 3702 2650 pastina-

431 2651 540 2704 τῶν
563 2652 920 2776 κεκαιὲιένων
967 2650 1138 2716 ξύλων
1169 2647 1231 2707 τὺ
1256 2647 1521 2724 ’λείψανον
1557 2653 1698 2708 οὕτω
1733 2647 2010 2726 προσαγο-

435 2720 672 2776 οεύεται.
758 2723 880 2776 inis.
929 2723 1311 2776 combustorum
1369 2725 1627 2776 lianorum
1672 2724 1910 2776 reliauia:
1937 2723 2010 2776 sic

2117 2665 2188 2704 ca.
2219 2647 2452 2704 vocatur
2498 2666 2526 2703 ο
2581 2651 2742 2704 variis
2793 2647 3344 2719 auctoribus—spina]
3404 2647 3661 2718 spiculum
3687 2694 3714 2718 ,_

2117 2720 2295 2776 telum.
2344 2737 2677 2776 acustossea.
2724 2722 2926 2774 radius.
2975 2719 3214 2776 Plinius.
3265 2737 3431 2776 χχχιι.
3477 2723 3574 2776 26.
3623 2725 3701 2776 sic

435 2720 672 2794 ρεύεται.

434 2790 825 2866 nuncupantur.
857 2791 1002 2846 Χοῦν
1045 2793 1113 2848 de
1157 2790 1426 2866 omnibus
1456 2790 1794 2866 pulvisculis,
1814 2794 2013 2866 quibus
2110 2790 2352 2866 adhiberi
2395 2791 2563 2866 tradit
2607 2810 2619 2844 :

2111 2862 2276 2933 givas,
2317 2869 2364 2914 et
2389 2862 2444 2914 in
2477 2862 2654 2933 dolore
2677 2859 3034 2933 utilissimum.
3056 2859 3464 2925 Canter-ituris,
3508 2874 3554 2916 et
3570 2859 3706 2917 'cunt

432 2863 869 2935 pharmacopolae
891 2865 1413 2935 .suoswtrocbiseos,
1449 2863 1534 2919 vel
1567 2865 1808 2935 pastillos
1833 2863 2015 2935 conﬁ-

433 2931 605 3007 ciunt,
638 2931 1004 3007 dixitPisida.
1032 2934 1276 3007 Ῑρίχες,
1312 2936 1380 2990 de
1416 2935 1538 3007 pilis
1569 2931 1704 2991 ustis
1743 2934 2011 2991 videndus

431 2999 689 3074 Galenus,
717 3004 847 3058 ibid.
880 3019 1000 3074 pag.
1031 2999 1155 3060 568.

505 3071 1074 3147 i544.__Diosc6rides,
1106 3092 1183 3145 tv,
1207 3075 1603 3147 HOtKa'trvoc
1632 3075 1874 3147 βοτάνιόν
1896 3075 2012 3147 ἐστι

435 3141 750 3229 θαμνοειδὲς
775 3185 788 3198 .
819 3184 834 3199 .
866 3185 880 3198 .
907 3182 923 3198 .
965 3141 1223 3199 τούτοιίό
1253 3145 1412 3216 χυλὸς
1437 3141 1656 3231 δριμξές,
1692 3145 2008 3271 ὀξυδὲρκὴς,

435 3212 686 3271 δακρυων
715 3215 931 3271 ἀγωγός
953 3231 967 3245 ·
995 3213 1116 3268 ὅθεν
1143 3215 1235 3268 καὶ
1263 3215 1501 3271 τοῦνομα
1541 3229 1776 3270 summa.
1859 3233 2008 3268 ama-

434 3212 686 3286 δακρύων
715 3215 931 3283 ἀγωγός
953 3231 967 3245 ·
995 3213 1116 3286 ὅθεν
1143 3215 1235 3286 καὶ
1254 3212 1501 3286 ’τοῦνομα
1533 3212 1776 3270 εἵλκυσε.
1811 3212 2013 3286 Fuma-

435 3283 549 3350 ria,
587 3285 867 3353 fructicosa
917 3293 991 3338 est
1034 3285 1270 3338 herbula.
1309 3327 1322 3340 .

435 3361 531 3418 est,
590 3353 989 3478 claritatentgte
1031 3356 1157 3426 facit
1207 3357 1366 3410 oculis
1385 3398 1398 3420 ,
1455 3353 2010 3427 lacrymationemque,

435 3439 526 3476 ceu
554 3425 746 3478 fumus.
775 3424 867 3478 Sic
943 3424 1224 3478 ioscoridis
1249 3427 1414 3478 verba
1440 3427 1602 3478 vertit
1631 3425 1856 3478 Plinius.
1886 3442 2010 3478 xxv.

434 3439 526 3476 ceu
552 3424 867 3494 fumusLSic
897 3424 1224 3481 Dioscoridis
1249 3427 1414 3482 verba
1440 3424 1602 3482 vertit
1631 3425 1856 3492 Plinius,
1886 3424 2010 3491 xxv,

435 3494 467 3548 7
514 3493 569 3548 et
627 3495 682 3549 8.
730 3493 880 3550 Hanc
947 3495 1172 3551 herbam
1239 3497 1424 3552 vocari
1494 3497 1744 3560 κάπνιον,
1804 3505 1858 3550 et
1924 3513 2018 3549 κα-

435 3563 570 3638 πνὸν
591 3564 722 3638 dicit
759 3565 994 3638 Galenus
1026 3567 1122 3638 loc.
1154 3567 1254 3638 cit.
1292 3583 1413 3638 pag.
1447 3567 1569 3630 184,
1599 3567 1691 3636 qui
1720 3567 1955 3636 alioquin
1984 3580 2015 3620 ο

433 3633 748 3706 Dioscoride
777 3636 1001 3692 minime
1032 3633 1591 3693 dissidethIL-terum
1618 3633 1738 3706 lege
1771 3633 2014 3706 ejusdem

433 3701 622 3759 Galeni
644 3706 842 3777 librum
877 3721 930 3761 tv
953 3706 1030 3762 De
1060 3723 1285 3777 compos.
1319 3710 1505 3762 medic.
1537 3725 1638 3762 sec.
1670 3701 1887 3770 Iocos',in
1909 3721 2016 3776 quo

434 3776 866 3843 praescribuntur
923 3776 1182 3831 remedia
1213 3778 1280 3832 ad
1333 3779 1626 3834 medendos
1678 3779 1897 3840 oculos,
1959 3785 2016 3831 ut

437 3843 747 3918 plurimum,
774 3863 837 3918 ex
880 3847 1042 3901 rebus
1100 3848 1399 3918 combustis
1450 3856 1504 3902 et
1537 3847 1757 3902 fumidis
1793 3863 2017 3918 compa-

435 3922 574 3969 rata.
611 3916 787 3971 Pisida
819 3917 1025 3971 fumum
1056 3925 1107 3973 et
1144 3917 1428 3980 furnariam
1455 3919 1675 3978 indicat.

509 3986 666 4041 1545.
730 3987 1094 4057 Torpedincm
1168 3989 1344 4041 vivam
1415 3990 1621 4058 primus
1695 3987 2015 4058 applicasse,

435 4059 523 4128 cui
554 4066 718 4128 caput
750 4059 963 4112 doleret
990 4098 1004 4117 .
1044 4067 1206 4128 atque
1231 4057 1282 4111 id
1327 4057 1428 4112 sibi
1471 4060 1610 4112 bene
1642 4059 1872 4111 cessisse
1901 4057 2016 4128 glo-A

435 4126 910 4198 riatur'Galenus,
953 4128 1082 4182 ibid.
1121 4126 1255 4198 pag.
1297 4129 1419 4182 544.
1451 4127 1524 4182 De
1565 4129 1729 4197 hujus
1774 4126 2016 4195 pisciCuli

435 4196 485 4268 vi
516 4197 585 4268 ad
618 4205 886 4268 torporem
920 4197 1180 4253 membris
1212 4196 1564 4268 inferendum
1614 4196 1751 4252 mira
1797 4203 2020 4268 narrant

435 4265 773 4334 Aristoteles,
829 4268 966 4322 Hist.
1015 4269 1180 4322 anim.
1217 4285 1267 4322 ιχ
1294 4309 1309 4334 ,
1351 4270 1440 4332 57,
1483 4267 1711 4329 Plinius,
1744 4282 1816 4331 tx,
1845 4265 1934 4332 67,
1965 4275 2021 4321 et

434 4337 583 4408 alibi,
642 4353 856 4408 necnon
909 4337 1158 4396 Ailianus
1209 4355 1283 4404 ιχ,
1345 4339 1434 4404 14,
1473 4339 1565 4408 qui
1623 4339 1784 4392 etiam
1839 4353 1878 4403 ι,
1927 4337 2016 4403 56,

434 4406 600 4473 idem,
629 4408 771 4477 quod
800 4407 1001 4474 Pisida,
1034 4409 1129 4463 sed
1162 4410 1343 4465 minus
1376 4406 1524 4465 certe
1563 4408 1838 4480 eleganter
1863 4407 2017 4462 dixe-

435 4484 538 4531 rat.

507 4547 665 4618 1547.
698 4549 774 4603 De
821 4549 1159 4606 diversorum
1213 4548 1528 4604 animalium
1574 4548 1730 4618 adipe
1769 4557 1825 4603 et
1887 4563 2016 4604 sevo

1361 3327 1372 3340 .
1408 3267 1606 3356 flmjus
1656 3303 1836 3340 succus
1876 3285 2013 3339 acris
2045 3267 2088 3326 α

780 2723 900 2796 nis_,_
929 2723 1320 2796 c_omb_ustorumr
1367 2719 1627 2796 lignorum
1672 2719 2010 2796 reliquim'sic
2112 2720 2295 2796 telam,
2341 2722 2926 2796 acus,_ossea,_radius.
2975 2719 3214 2796 Plinius,
3265 2737 3431 2796 χχχιι,
3477 2723 3574 2788 26,
3613 2725 3701 2796 psic

2684 2790 2985 2865 Pastinum
3036 2792 3176 2865 ratio
3223 2793 3526 2865 scari/itare
3569 2795 3701 2865 gin—

2118 2931 2376 2984 ltelleboro
2408 2932 2524 2985 albo
2547 2932 2711 2985 illitas
2740 2932 2916 2986 dentes
2943 2933 3053 2985 sine
3085 2934 3358 2986 vexatione
3383 2934 3630 2988 extra/tit.

2195 3001 2542 3063 1554.Scari,
2564 3002 2654 3071 qui
2682 3011 2829 3057 tanto
2857 3003 2956 3056 fuit
2976 3002 3028 3055 in
3057 3003 3230 3070 pretio
3246 3003 3384 3072 apud
3406 3001 3703 3069 Romanos,

2121 3071 2292 3144 babes
2316 3072 2736 3144 descriptionem
2769 3073 3214 3144 inAldovrando,
3246 3071 3317 3144 De
3343 3074 3469 3144 pisc.
3489 3089 3610 3144 pag.
3643 3076 3697 3130 5.

2120 3140 2376 3198 Galenus.
2411 3151 2464 3195 et
2496 3140 2744 3197 Elianus
2779 3142 2846 3196 fel
2879 3142 3016 3196 scari
3046 3141 3246 3197 laudat.
3281 3140 3458 3197 Pisida
3489 3140 3701 3200 viscera

2119 3211 2245 3291 καθ’
2264 3211 2384 3291 ("flos
2411 3211 2905 3275 conuuendat,cum
2927 3211 3170 3267 Martiale
3193 3215 3307 3267 fere
3324 3215 3697 3281 consentiens,

2121 3296 2213 3350 qut
2245 3291 2316 3337 ait
2349 3298 2362 3334 :

2294 3351 2392 3424 [lic
2419 3367 2598 3424 scarus
2624 3394 2637 3424 ,
2662 3353 2913 3423 aequoreis
2935 3353 3024 3424 qui
3053 3354 3188 3407 venit
3213 3353 3391 3406 obesus
3425 3353 3489 3406 ab
3525 3357 3702 3420 undis,

2296 3421 2586 3492 Visceribus
2619 3421 2781 3476 bonus
2807 3433 2902 3486 est,
2934 3421 3121 3478 caetera
3154 3424 3253 3477 vile
3280 3425 3440 3492 sapit.

2189 3490 2347 3564 1556.
2403 3491 2541 3564 Cod.
2599 3494 2732 3564 1126
2767 3494 2970 3556 εΠόσις
3025 3494 3080 3547 δὲ
3137 3493 3299 3564 χυλοῦ
3345 3490 3593 3560 κωϐιῶν,
3645 3505 3702 3550 et

2116 3561 2313 3634 deinde
2346 3563 2563 3634 766mm.
2601 3561 2896 3634 Utramque
2939 3561 3223 3619 lectionem
3257 3564 3496 3634 recipere
3539 3580 3701 3620 nemo

2116 3581 2312 3616 (temne
2362 3581 2420 3615 ου
2470 3581 2563 3630 μα.
2605 3581 2896 3634 Utramque
2939 3581 3223 3619 lectionem
3257 3581 3496 3634 recipere
3539 3581 3700 3620 nemo

2116 3632 2402 3688 dubitabit.
2427 3581 2718 3688 gobiorum
2743 3635 3079 3690 differentias
3099 3635 3298 3690 videsis
3324 3635 3378 3688 in
3404 3634 3700 3690 Aldovran-

2117 3703 2209 3765 do,
2253 3719 2373 3773 pag.
2404 3704 2493 3759 95.
2517 3703 2695 3775 Pisida
2725 3707 2791 3760 de
2822 3705 3032 3760 saxatili
3061 3721 3222 3775 agere
3253 3714 3438 3775 aperte
3469 3705 3698 3760 demon-

2118 3781 2272 3846 strat,
2305 3774 2708 3846 πετροστέγους
2754 3792 2849 3832 eos
2893 3774 3190 3846 appellans.
3237 3774 3604 3844 Dioscorides,
3637 3792 3698 3842 ll,

2117 3843 2206 3909 52,
2236 3843 2538 3916 gobiumin
2573 3855 2760 3902 ventre
2789 3843 2945 3901 suillo
2967 3843 3377 3916 decoquendum
3399 3860 3520 3900 esse
3547 3843 3697 3912 dicit,

2119 3921 2180 3966 ut
2208 3912 2415 3985 κοιλίαν
2450 3915 2740 3985 ἀταράχως
2769 3917 2919 3970 κάτω
2951 3912 3167 3984 ὑπάξεί,
3201 3917 3380 3971 alvum
3411 3917 3545 3969 citra
3578 3933 3698 3985 per-

2120 3983 2467 4036 turbationem
2491 3983 2761 4039 subducat.

2193 4051 2351 4106 1558.
2391 4053 2630 4108 Cancros
2675 4065 2788 4109 tum
2838 4056 3097 4121 marinos,
3144 4070 3267 4110 cum
3301 4055 3590 4111 ﬂuviatiles
3633 4059 3700 4113 ad

2118 4121 2384 4192 plurimos
2456 4125 2676 4179 morbos
2732 4141 2851 4180 esse
2915 4126 3073 4180 utiles
3137 4125 3475 4181 tradiderunt
3541 4136 3697 4182 vete-

2120 4207 2229 4250 res.
2260 4202 2314 4246 et
2363 4208 2470 4265 nos,
2494 4195 2734 4265 quotidie
2765 4197 3091 4265 experimur.
3141 4195 3477 4250 Dioscorides
3503 4213 3573 4260 ιι,
3610 4198 3695 4260 12,

2120 4264 2382 4333 majorem
2422 4264 2957 4336 vintlluviatilibus,
3001 4281 3161 4336 quam
3201 4266 3425 4319 tnarinis
3456 4266 3646 4320 tribuit
3683 4286 3695 4320 :

2120 4341 2175 4406 at
2202 4332 2620 4406 eontraPisida,
2652 4337 2744 4405 qui
2776 4332 3104 4406 caeteroquin
3152 4345 3373 4406 secutus
3395 4343 3479 4390 est
3507 4347 3698 4391 aucto-

2121 4404 2335 4476 ritatem
2388 4404 2729 4476 Dioscoridis.
2765 4408 2918 4471 Quod
2973 4404 3117 4461 enim
3167 4405 3233 4460 ad
3276 4406 3540 4476 phthisin]
3576 4423 3700 4476 spe-

2121 4481 2258 4548 ctat,
2296 4475 2374 4548 sic
2418 4475 2548 4548 ille;
2595 4477 2751 4544 ἑφθοὶ
2791 4477 2847 4530 δὲ
2886 4479 2982 4530 σὺν
3019 4477 3187 4548 ζωμῷ
3234 4475 3539 4548 ἐσθιόμενοι
3574 4475 3696 4545 φθι-

2122 4546 2307 4626 σικοὺς
2338 4544 2625 4626 tegeaeum,
2659 4549 2855 4602 decocti
2888 4544 3185 4626 cancri,'et
3193 4563 3283 4626 ἐξω·
3289 4544 3412 4617 jure
3440 4563 3534 4600 suo
3563 4544 3702 4626 sam-

434 4613 689 4690 Galenus,
752 4619 856 4674 loc.
917 4623 1031 4687 cit.,
1069 4637 1188 4690 pag.
1243 4621 1384 4686 299;
1439 4620 1534 4674 sed
1589 4610 1725 4672 niliil
1797 4618 2014 4690 ibiiest
2048 4610 2198 4690 Dgti
2245 4615 2510 4690 plitliisicis
2570 4627 2804 4683 prosunt,
2857 4629 2916 4672 ut
2960 4618 3121 4672 vertit
3149 4610 3377 4690 Plinius,
3410 4617 3697 4690 “311559.

434 4687 502 4742 de
527 4688 728 4760 Pltoca,
760 4691 915 4760 cujus
942 4687 1157 4746 tantum
1183 4691 1466 4760 coagulum
1502 4690 1700 4760 laudat,
1736 4705 1856 4760 pag.
1884 4689 2012 4753 285,

435 4773 500 4831 ex
552 4757 879 4831 Dioscoridis
920 4761 1060 4816 libro
1093 4777 1129 4825 ι,
1173 4761 1262 4827 18,
1288 4757 1492 4816 Parab.
1523 4757 1758 4831 Pisidam
1781 4757 2013 4831 pingue-

433 4826 613 4883 dinem
648 4828 869 4896 Phocze,
919 4847 1039 4901 quae
1071 4840 1155 4885 est
1190 4826 1255 4887 ex
1295 4831 1495 4887 cetario
1531 4830 1756 4900 piscium
1783 4826 2012 4902 'gen'ere,

433 4912 878 4972 proquocunque
900 4905 1057 4971 adipe
1086 4903 1332 4972 posuisse
1363 4916 1581 4972 censeo.

506 4968 662 5042 1519.
681 4968 935 5042 Galenus,
961 4968 1101 5026 ibid:
1114 4988 1231 5042 pag.
1256 4973 1360 5026 512
1377 4991 1388 5025 :
1408 4970 1509 5024 Τὸν
1533 4970 1930 5040 ’1ππόκαμπον,
1954 4969 2016 5024 τὸ

436 5037 722 5113 θαλάττιον
750 5041 886 5113 ζῷον
909 5043 1026 5096 ὅλον
1061 5037 1261 5102 καυσέν
1276 5041 1683 5113 ἔγραψὰντινες
1705 5037 2016 5104 ἀλωπεκίας

434 5109 685 5182 ὠφελεῖν.
750 5109 1202 5182 Hippocampum,
1257 5109 1460 5166 animal
1521 5111 1654 5165 illud
1709 5113 2012 5177 marinum,

433 5180 479 5252 si
510 5189 674 5234 totum
704 5180 918 5248 usseris,
974 5180 1220 5250 alopeciis
1250 5184 1493 5252 prodesse
1536 5183 1798 5252 proditum
1837 5198 1868 5252 a
1895 5182 2015 5252 qui-

434 5250 652 5322 busdam
677 5262 790 5305 est:
819 5269 938 5322 qua:
966 5270 1028 5307 ex
1055 5250 1388 5313 Diosco‘ride,
1421 5267 1481 5312 ιι,
1517 5250 1569 5322 5,
1597 5251 1881 5321 exscripsit
1910 5250 2014 5304 Ga-

438 5320 904 5392 lenusLitemque
945 5323 1172 5385 Plinius,
1212 5339 1383 5388 χχχιι,
1417 5323 1503 5378 15.
1535 5320 1609 5375 De
1656 5320 2014 5392 liippocampo

437 5390 558 5444 vide
581 5390 865 5449 [Elianum
894 5408 1003 5454 xiv,
1025 5393 1115 5447 20.

508 5461 667 5532 1551.
695 5462 766 5515 De
799 5472 1008 5518 turture
1042 5464 1270 5530 marina,
1303 5477 1424 5532 quas
1451 5460 1658 5516 Latinis
1689 5461 1974 5532 Pastinaca
1996 5501 2010 5525 ,

437 5531 625 5602 eadem
672 5543 854 5587 narrat
890 5533 1227 5588 Dioscorides
1251 5571 1265 5596 ,
1322 5531 1393 5597 ll,
1445 5533 1516 5586 22
1553 5550 1566 5585 :
1604 5532 1872 5602 Τρυγόνος
1914 5531 2012 5602 Θα-

435 5600 666 5674 λασσέις
699 5602 1029 5674 τὸκέντρον
1077 5643 1091 5657 .
1148 5643 1161 5656 .
1207 5644 1220 5657 .
1271 5643 1286 5658 .
1318 5604 1504 5656 ὀδόντα
1544 5600 1806 5674 πονοῦντα
1837 5601 2013 5674 πραΰ-

436 5687 540 5742 vst.
578 5670 816 5726 Turturis
857 5670 1074 5727 marina:
1108 5675 1289 5727 radius
1314 5673 1484 5727 dentis
1518 5671 1748 5726 dolorem
1782 5673 2008 5742 mitigat.

439 5739 1004 5815 Videéldovrandunr
1030 5760 1149 5815 pag.
1178 5744 1302 5800 424.

511 5811 668 5883 1555.
697 5813 829 5868 Cod.
875 5810 1046 5877 “26;
1072 5810 1337 5867 ἐντιθείσα
1367 5829 1381 5843 ο
1407 5811 1628 5883 κέντρον
1669 5820 1750 5865 est
1793 5810 2010 5879 quidam

439 5881 660 5942 abuit-us
688 5925 702 5948 ,
740 5899 927 5940 osseus
959 5925 974 5952 ,
1001 5893 1192 5940 acutus
1213 5927 1228 5953 ,
1259 5884 1514 5954 utrinque
1541 5881 1811 5948 senatus,
1848 5883 2008 5952 quem

2116 4683 2301 4750 Quoad
2351 4686 2639 4754 perniones
2695 4699 2906 4751 autem,
2938 4697 2992 4742 et
3036 4702 3297 4752 cancros,
3336 4687 3409 4745 ita
3446 4707 3458 4742 :
3502 4687 3606 4739 Σὺν
3645 4687 3700 4740 δὲ

2119 4756 2297 4829 μέλιτι
2327 4756 2476 4829 sese
2506 4759 2748 4829 ῥαγάδας
2771 4759 2870 4822 τὰς
2895 4761 2952 4810 ἐν
2983 4760 3129 4824 ποσὶ,
3160 4759 3254 4829 καὶ
3282 4757 3381 4820 τὰς
3413 4759 3468 4812 ἐν
3498 4757 3700 4811 δακτυ-

2117 4825 2234 4899 λίῳ,
2263 4827 2355 4879 καὶ
2383 4825 2481 4899 τὰς
2506 4825 2792 4898 χιμέθλας,
2823 4830 2917 4882 καὶ
2947 4827 3343 4899 καρκινώματα
3372 4832 3696 4899 παρηγορεῖ·

2118 4895 2250 4969 Cum
2294 4897 2443 4951 melle
2488 4895 2608 4952 uero
2651 4912 2793 4954 cocto
2840 4895 3252 4967 rimas'pedum,
3296 4895 3552 4969 sedisque,
3580 4895 3699 4967 per—

2117 4967 2294 5021 niones
2324 4978 2370 5020 et
2397 4985 2612 5023 cancros
2645 4970 2790 5026 lenit.
2840 4970 3042 5024 Eodem
3075 4970 3234 5023 modo
3286 4967 3525 5034 Plinius,
3568 4969 3710 5025 tbid._

2115 5036 2304 5110 3}6._De
2349 5054 2534 5094 morsu
2573 5042 2921 5109 scorpionum
2956 5041 3024 5093 ita
3073 5058 3086 5094 :
3119 5038 3436 5110 τριφθέντες
3480 5038 3537 5092 δὲ
3570 5041 3701 5110 μετ’

2115 5107 2348 5180 ὠκίμου,
2398 5110 2490 5162 καὶ
2533 5107 2921 5180 προστεθέντες
2945 5107 3236 5178 σκορπίους
3281 5107 3580 5180 κτείνουσι,
3607 5109 3702 5164 tri-

2117 5179 2277 5231 ticum
2323 5181 2488 5232 ocimo
2511 5222 2524 5244 ,
2559 5179 2605 5234 et
2638 5182 2839 5234 admoti
2869 5182 3162 5248 scorpiones
3195 5191 3417 5244 necant;
3446 5179 3587 5247 quod
3619 5188 3702 5233 est

2115 5248 2276 5301 etiam
2314 5250 2368 5302 in
2416 5248 2608 5312 Plinio,
2641 5250 2772 5306 ibid.
2809 5253 2892 5308 19.
2926 5251 3336 5306 Observandum
3371 5261 3549 5303 tamen
3577 5248 3693 5302 cod.

2117 5317 2252 5392 1126
2277 5320 2477 5392 habere
2537 5336 2635 5389 pro
2672 5322 2882 5388 φθάνει.
2925 5322 3115 5392 Θραὲει
3147 5324 3216 5373 τά
3260 5321 3481 5390 κέντρα.
3545 5319 3701 5392 Quod

2115 5389 2332 5460 tandem
2360 5390 2426 5443 ad
2451 5399 2733 5460 correptos
2769 5393 2916 5447 rabie
2951 5389 3016 5447 ex
3045 5407 3238 5446 canum
3275 5389 3455 5460 morSu
3483 5390 3696 5460 attinet,

2115 5458 2188 5543 ita
2216 5477 2227 5512 :
2261 5461 2591 5543 καρκίνωνὴ
2616 5458 2792 5543 τέφρα
2815 5504 2827 5516 .
2857 5503 2870 5516 .
2905 5502 2918 5515 .
2953 5503 2965 5515 .
2996 5462 3091 5513 σὺν
3113 5461 3238 5540 alvo)
3257 5459 3488 5540 proﬁciant
3517 5459 3703 5540 βοηθεί

2115 5529 2508 5598 λυσσοδήκτους
2536 5529 2800 5601 ἐναργῶς,
2832 5549 3143 5586 cancrorum
3165 5530 3312 5582 cinis.
3333 5568 3348 5582 .
3372 5567 3386 5582 .
3408 5569 3420 5580 .
3438 5545 3558 5601 cum
3585 5530 3708 5588 uina

2113 5609 2264 5669 potus
2300 5617 2331 5652 a
2363 5616 2493 5653 cane
2524 5599 2726 5655 rabioso
2762 5604 3013 5656 demersis
3059 5602 3320 5655 evidenter
3359 5599 3652 5668 opitula'tur
3682 5615 3699 5651 :

2114 5671 2302 5724 eadem
2336 5685 2476 5739 pene
2505 5672 2668 5726 verba
2702 5674 2755 5725 in
2797 5673 2972 5726 Plinio
3002 5671 3133 5725 ibid.

2188 5739 2346 5794 1562.
2387 5739 2724 5797 Cancrorum
2779 5744 2830 5796 in
2889 5741 3149 5798 venandis
3208 5741 3406 5794 ostreis
3446 5739 3700 5796 astutiam

2114 5811 2247 5866 scite
2273 5811 2531 5882 describit
2555 5813 2853 5882 Oppianus,
2893 5812 3128 5882 Ilalieut.
3159 5813 3347 5882 ιι,174.

2195 5882 2383 5954 Λάθρη
2414 5881 2460 5934 δ’
2497 5879 2779 5954 ὲμπέλάει,
2816 5883 3001 5953 μέσσῳ
3036 5880 3079 5934 δ’
3113 5881 3380 5952 ἐνθήκατο
3415 5879 3550 5938 λάαν
