4144 6276
569 376 709 440 1563

732 484 926 539 Στάσει
954 486 1243 559 τρεχούσῃ,
1278 486 1372 540 καὶ
1399 486 1543 557 φορᾷ
1575 484 1928 559 πεπηγμένῃ,

738 575 848 629 Καὶ
882 576 980 641 τὰς
1007 577 1290 650 ἀμόρφους
1315 576 1600 632 εἰδοποιῶν
1625 577 1813 642 οὐσίας
1830 594 1843 607 ·

738 664 912 735 Ὕλην
939 665 1104 720 ᾶῦλον
1135 666 1412 738 μυστικῶς
1441 666 1784 738 ἀπειργάσω.

564 754 702 812 1660
735 756 905 820 Αὐτὸς
933 757 991 812 δὲ
1020 759 1114 813 τοῦ
1148 758 1460 828 σύμπαντος
1487 757 1829 831 ἐξῃρημένος

747 846 1084 919 ’Υπερτελὴς
1110 844 1180 901 εἴ·
1209 847 1305 902 καὶ
1341 848 1448 918 γὰρ
1485 848 1660 920 ἀρχὴν
1694 849 1793 902 οὐκ
1818 847 1990 920 ἔχεις·

738 939 938 1002 Τέλους
974 939 1240 1009 ἀπέστης,
1280 939 1376 993 καὶ
1406 939 1624 1012 διέστης
1663 940 1758 994 τοῦ
1801 941 1991 1011 μέσου,

753 1029 942 1093 Ἐκτός
972 1029 1222 1102 βεϐηκὼς
1259 1030 1368 1085 τῶν
1397 1030 1562 1104 τριῶν
1581 1048 1596 1061 ·
1639 1031 1732 1085 καὶ
1759 1032 1867 1086 τῶν
1895 1033 2031 1087 ὅλων

752 1119 932 1182 Ἐντὸς
959 1119 1241 1189 πεφυκὼς,
1268 1121 1378 1173 τῶν
1410 1120 1547 1174 ὅλων
1575 1123 1732 1185 ἐκτὸς
1761 1122 1944 1192 μένεις
1963 1139 1977 1153 ·

566 1207 705 1265 1665
742 1207 1012 1278 Πρόδηλος
1035 1209 1132 1274 ὣν,
1163 1210 1359 1282 ἄδηλος
1380 1227 1392 1239 ·
1424 1211 1525 1263 οὐκ
1555 1209 1693 1281 ἔχων
1718 1212 1895 1282 ὅρους,

749 1298 889 1351 Ἀλλ’
913 1298 988 1352 ὢν
1011 1301 1239 1371 ὁρισμὸς
1269 1301 1381 1353 τῶν
1417 1298 1710 1373 ὀριζόντων
1735 1302 1894 1372 ὅρων.

743 1393 959 1461 Ἀρχων
1001 1393 1273 1465 ἀνάρχως,
1302 1394 1362 1445 οὐ
1399 1391 1762 1466 μετρούμενος
1799 1393 1998 1464 χρόνῳ,

749 1485 918 1556 Ῥοπῇ
945 1485 1003 1538 δὲ
1043 1486 1213 1539 ποιῶν
1242 1485 1458 1556 ἁχρόνῳ
1498 1485 1568 1538 τὰ
1595 1484 1687 1540 τοῦ
1725 1485 1936 1556 χρόνου..

765 1575 874 1639 ,Ὦς
906 1576 1150 1646 ἔντεχνος
1192 1577 1248 1629 δὲ
1288 1577 1396 1631 τῶν
1429 1577 1640 1650 φρενῶν
1678 1579 1995 1648 ἐπιστάτης,

569 1663 708 1722 1670
746 1667 934 1722 Πᾶσάν
960 1686 1020 1721 τε
1047 1669 1244 1740 πρᾶξιν
1277 1671 1615 1741 τεχνολογείν
1641 1672 1786 1742 ἠσκη
1798 1671 1978 1742 μένος.

1882 375 2202 439 GEORGII
2257 377 2528 441 PISID/E

3693 368 3834 437 1561

2413 489 2524 543 Καὶ
2557 488 2666 541 πᾶν
2696 485 2819 540 ἰδὼν
2843 486 3016 558 ὄνομα
3043 504 3104 541 τε
3139 486 3234 541 καὶ
3262 489 3412 560 ῥῆμα
3436 486 3606 553 ξένον,

2415 579 2527 632 Καὶ
2557 578 2755 634 λεπτὸν
2777 578 3002 651 ἄρθρον,
3027 578 3122 632 καὶ
3146 578 3382 649 μετοχὴν
3409 578 3825 649 κεκρυμμένην

2424 669 2653 723 Ἀντωνυ
2661 669 2791 740 μίαν
2816 670 2873 722 δὲ
2899 671 3080 723 πᾶσαν
3105 668 3512 740 ἠκριϐωμένος,

2412 758 2677 830 Προθέσει
2709 757 2767 811 δὲ
2797 757 2948 830 πάσῃ
2977 758 3153 830 μέτρα
3188 756 3313 820 δοὺς
3336 758 3688 830 ἡρμοσμένα,

2242 849 2378 904 1675
2417 851 2520 902 Τὸν
2551 849 2734 905 πάντα
2758 850 2962 920 κόσμον
2991 850 3073 913 εἰς
3103 848 3387 921 ἐπίρρημα
3419 850 3643 918 τρέπεις
3663 864 3677 875 ·

2418 943 2481 996 Εἰ
2511 942 2588 1014 μὴ
2618 941 2679 996 τὸ
2713 941 2805 995 σὺν
2834 941 3073 996 συνεῖδεν
3107 942 3363 1014 ἀρρήτως
3389 941 3612 1010 κράτος,

2420 1033 2746 1096 Συζευτικδν
2783 1032 3082 1102 σύνδεσμον
3113 1031 3374 1103 ἐμϐαλεῖς
3400 1031 3545 1094 ὅλοις
3563 1048 3577 1061 ο

2430 1121 2544 1176 ’Λεὶ
2565 1121 2622 1176 δὲ
2653 1122 2869 1187 δεικνὺς
2900 1122 3155 1193 τεχνικὰς
3185 1125 3533 1185 ὲπεκτάσεις,

2420 1213 2669 1268 ’Λπαντα
2705 1214 2859 1285 τείνῃ
2891 1214 3026 1285 πρὸς
3052 1216 3112 1268 τὸ
3139 1214 3223 1268 σοὶ
3248 1215 3570 1285 δεδογμένον
3590 1231 3605 1246 ο

2246 1303 2384 1360 1680
2424 1303 2672 1369 Μέλλων,
2703 1305 2789 1357 ὲνε
2798 1303 2959 1368 στὼς,
2975 1322 3050 1357 πα
3061 1305 3369 1374 ρατατικὺς,
3385 1305 3815 1374 παρακείμενος,

2422 1394 2887 1457 Σὺντοῖςδὲ...
3221 1434 3234 1448 .
3280 1395 3450 1464 ,ἅμα

2435 1486 2712 1556 Ἀὁριστος
2732 1527 2746 1551 ,
2793 1485 3277 1557 ὐπερσυντελικός’
3310 1485 3582 1554 ἐγκλίσεις
3613 1485 3819 1553 νέμων,

2431 1577 2770 1650 Ὁριστικὴν,
2805 1578 3225 1649 ἀπαρέμφατον,
3261 1577 3521 1649 εὐκτικὴν
3555 1577 3746 1631 κλέον·

2437 1671 2643 1735 Ὲνθεὶς
2678 1671 2736 1724 δὲ
2764 1670 2940 1726 ταῦτα
2964 1674 3030 1743 τῇ
3059 1671 3223 1742 τέχνῃ
3251 1673 3320 1742 τῇ
3348 1670 3572 1741 ἀρρήτῳ

567 1803 686 1869 dis,
726 1813 781 1859 et
839 1804 1158 1871 abscondis;
1207 1807 1550 1878 progrederis
1599 1817 1655 1863 et
1697 1825 1883 1863 manes
1931 1827 1943 1862 :
1982 1809 2132 1864 dice-
2167 1815 2206 1870 Β
2236 1809 2600 1878 quodcunque
2624 1807 2853 1862 verbum
2878 1847 2892 1871 ,
2919 1807 3188 1863 minutum
3227 1805 3477 1876 quemvis
3507 1805 3820 1868 articulum,

566 1908 682 1949 rem
721 1903 867 1950 stare
910 1896 1054 1966 quod
1091 1898 1298 1962 currit,
1336 1908 1393 1954 et
1434 1899 1578 1969 quod
1611 1899 1786 1955 fertur
1827 1900 2131 1970 quiescere.

566 1984 650 2042 Tu
681 1985 854 2042 forma
885 1989 1198 2046 carentibus
1221 1991 1538 2046 substantiis
1564 1992 1701 2048 dans
1732 1993 1982 2059 formam,
2019 2007 2138 2046 ma-

566 2077 756 2134 teriam
787 2083 1012 2136 materia
1038 2092 1317 2152 expertem
1339 2084 1516 2140 fecisti
1553 2105 1567 2141 :
1603 2094 1662 2140 tu
1696 2087 1764 2141 ab
1821 2088 1922 2140 hac
1955 2102 2138 2141 rerum

565 2169 923 2228 universitate
950 2175 1139 2245 procul
1167 2186 1410 2232 semotus
1454 2193 1672 2232 omnem
1702 2178 1922 2233 excedis
1954 2179 2134 2232 linem:

566 2260 662 2316 tibi
683 2262 830 2318 enim
869 2280 979 2319 non
1023 2273 1108 2321 est
1134 2266 1495 2338 principium,
1529 2278 1584 2324 et
1635 2277 1743 2324 tam
1786 2269 1944 2340 longe
1992 2271 2125 2325 abes

564 2369 595 2409 a
625 2355 766 2420 line,
799 2373 961 2426 quam
984 2358 1141 2429 longe
1170 2359 1338 2417 distas
1366 2376 1396 2414 a
1425 2360 1636 2424 medio,
1688 2369 1838 2416 extra
1872 2361 1986 2416 haec
2039 2359 2138 2414 tria

565 2448 845 2517 aequaliter
887 2453 1262 2506 constitutus:
1319 2453 1460 2507 intra
1504 2453 1682 2507 omnia
1728 2453 1946 2523 quidem
1988 2451 2140 2507 exsi-

567 2532 686 2598 stis,
745 2544 802 2590 et
862 2545 1043 2592 tamen
1093 2549 1244 2594 extra
1293 2542 1478 2596 omnia
1511 2557 1699 2596 manes
1750 2560 1764 2596 :
1819 2541 2139 2597 manifestus

566 2621 748 2689 idem,
823 2633 878 2680 et
952 2628 1196 2683 occultus
1263 2631 1524 2686 terminos
1588 2647 1699 2686 non
1759 2632 1964 2697 babes,
2043 2632 2140 2688 sed

564 2729 627 2770 es
672 2717 936 2774 terminus
1000 2721 1405 2776 terminantium
1463 2725 1761 2790 terminos;
1814 2724 2138 2795 principium

565 2807 685 2868 sine
747 2810 1050 2881 principio;
1117 2828 1226 2868 non
1307 2815 1589 2870 dimensus
1662 2825 1946 2886 tempore,
2019 2831 2140 2871 mo-

566 2908 753 2956 mento
823 2900 942 2958 sine
1001 2911 1280 2974 tempore,
1338 2921 1461 2976 quae
1509 2905 1639 2961 sunt
1695 2907 1989 2978 temporis,
2057 2907 2140 2963 fa-

567 3003 737 3047 (tiens.

637 3082 720 3138 Tu
770 3084 936 3140 veluti
989 3087 1198 3157 peritus
1250 3090 1510 3144 mentium
1555 3090 1867 3157 institutor,
1917 3091 2008 3162 qui
2048 3108 2141 3148 re-

568 3175 673 3232 bus
717 3178 974 3234 omnibus
1025 3181 1129 3236 rite
1159 3182 1531 3251 explicandis,
1573 3193 1628 3238 et
1664 3194 1780 3238 arte
1847 3185 2138 3239 tractandis

2241 1900 2524 1970 latcnsque
2559 1900 2906 1970 participium
2947 1909 3140 1954 noscat
3168 1897 3601 1968 perfectissime,
3656 1897 3824 1952 item-

2237 2008 2343 2060 que
2379 1991 2669 2060 cujuslibet
2723 1990 3074 2060 praenominis
3109 1990 3218 2044 vim
3244 2030 3258 2052 ,
3300 1998 3358 2044 et
3397 2004 3556 2042 usum
3612 1990 3825 2058 percal-

2239 2081 2378 2144 leat,
2457 2091 2513 2135 et
2566 2081 2712 2135 omni
2777 2080 3183 2150 praepositioni,
3254 2095 3375 2150 qua:
3437 2079 3822 2139 conveniunt,

2238 2173 2374 2227 sciat
2405 2181 2550 2227 recte
2579 2172 2992 2227 accommodare
3013 2210 3030 2236 ,
3067 2171 3332 2226 mundum
3387 2169 3710 2223 universum
3758 2169 3813 2221 in

2240 2265 2556 2320 adverbium
2609 2264 2880 2319 convertis
2930 2280 2943 2318 :
2995 2273 3051 2319 et
3100 2279 3171 2318 ue
3233 2275 3377 2318 tuam
3423 2262 3635 2334 ignoret
3682 2261 3826 2314 inef-

2240 2355 2454 2410 fabilem
2483 2355 2815 2426 potentiam,
2840 2370 3181 2425 quaecunque
3205 2355 3256 2408 in
3300 2354 3419 2424 ipso
3445 2353 3820 2412 continentur,

2241 2447 2544 2517 copulativa
2585 2447 2972 2518 conjunctione
3025 2445 3296 2510 revincis,
3344 2459 3578 2514 cumque
3629 2443 3822 2499 eadem

2241 2540 2476 2596 mirabili
2519 2539 2752 2595 artificio
2800 2539 3024 2607 produci
3075 2547 3130 2594 et
3176 2538 3394 2592 extendi
3441 2537 3648 2601 facias,
3699 2553 3818 2591 om-

2242 2634 2329 2685 nla
2373 2640 2554 2686 tamen
2583 2630 2722 2684 fiunt
2744 2670 2758 2694 ,
2784 2637 2946 2700 prout
2975 2629 3232 2700 placitum
3263 2639 3347 2683 est
3383 2628 3498 2682 tibi.
3525 2626 3818 2688 Futurum.

2242 2737 2520 2792 praesens,
2572 2719 2986 2791 imperfectum,
3022 2719 3377 2790 praeteritum,
3417 2733 3632 2787 unaque
3658 2715 3823 2771 simul

2244 2813 2605 2880 indefinitum,
2659 2821 2717 2868 et
2758 2812 3043 2884 plusquam
3110 2811 3450 2882 perfectum,
3506 2825 3671 2863 omne
3727 2808 3819 2862 tibi

2242 2905 2430 2960 subest
2447 2913 2681 2974 tempus.
2715 2903 2796 2959 'l'u
2825 2904 3035 2967 modos,
3055 2901 3428 2965 indicativum,
3463 2899 3819 2962 inﬁnitivum,

2242 2995 2563 3067 optativum,
2594 3008 2654 3049 ut
2675 2993 2779 3060 vis,
2803 2992 3023 3059 dividis,
3061 3000 3117 3046 ct
3155 2990 3337 3045 omnia
3375 2989 3491 3043 hazc
3521 2986 3683 3042 simul
3708 2992 3823 3037 arte

2242 3087 2504 3143 ineffabili
2552 3086 2837 3157 conjungis
2878 3103 2891 3139 :
2927 3083 3303 3154 imperativum
3321 3081 3549 3136 adhibes
3566 3078 3819 3138 verbum,

2240 3176 2533 3244 statimque
2565 3175 2728 3229 rebus
2755 3173 2926 3229 indita
2953 3171 3127 3228 forma
3155 3169 3453 3239 subjectam
3475 3165 3572 3222 tibi
3601 3174 3822 3220 cream-

569 3267 642 3324 sit
683 3270 1034 3342 exercitatus,
1070 3281 1125 3330 et
1154 3275 1517 3346 quodcunque
1551 3276 1893 3348 peregrinum
1918 3290 2138 3343 nomen,
2168 3287 2211 3346 ο
2243 3288 2358 3326 ram
2389 3271 2596 3327 condis.
2627 3269 2710 3326 Tu
2761 3283 2979 3324 omnem
3026 3267 3198 3322 habes
3246 3265 3508 3330 formam,
3553 3271 3611 3318 et
3664 3275 3820 3317 cares

2074 3402 2308 3460 ΝΟΤᾹΣ.

635 3509 715 3564 Ex
738 3510 1020 3583 cod.1126
1050 3511 1354 3580 suppletus,
1373 3527 1534 3583 quem
1573 3520 1751 3566 tamen
1782 3511 2034 3581 superius
2065 3513 2144 3566 le-

602 3596 694 3635 ere
723 3590 810 3652 est
844 3598 898 3634 v.
935 3582 1056 3636 895.
1091 3583 1322 3652 Angelos
1361 3582 1509 3637 certe
1539 3583 1629 3636 hic
1666 3583 1982 3647 denotat,dc
2019 3583 2143 3651 qui-

620 3666 683 3704 us
709 3650 829 3704 vide
860 3666 1009 3718 supr.
1050 3667 1102 3704 v.
1144 3650 1265 3704 167.

643 3719 945 3791 166kbth
974 3720 1112 3773 male
1143 3719 1414 3791 illorcllius
1436 3720 1735 3791 ὑπερτελὴς
1755 3722 1859 3790 ﬁne
1904 3723 2145 3791 superior

570 3789 754 3863 vertit.
793 3789 896 3842 Sed
927 3804 1026 3843 nos
1071 3789 1379 3863 maluimus
1398 3789 1667 3863 ὑπερτελῆ
1695 3789 2000 3863 inperfectum
2030 3793 2146 3848 red-

568 3859 716 3931 dere,
751 3874 873 3931 quas
905 3868 988 3931 est
1017 3861 1327 3931 communis
1367 3859 1528 3928 bujus
1559 3859 1707 3916 verbi
1743 3859 2140 3931 inicrpretatio,

568 3928 693 3997 quia
726 3928 985 3997 perfectio
1015 3929 1066 3982 in
1091 3945 1156 3983 eo
1189 3931 1476 3995 consistit,
1507 3941 1566 3985 ut
1593 3947 1809 3985 onmem
1847 3928 2008 3985 linem
2037 3947 2136 3986 ex—

569 3999 746 4072 cedat.
777 3997 881 4072 Sic‘
910 3998 1168 4072 Platonici
1215 4017 1337 4055 cum
1394 4001 1560 4072 Deum
1615 4002 1914 4072 perfectum
1955 4002 2136 4058 dicere

571 4069 790 4131 vellent,
825 4068 1088 4130 αὐτοτελῆ
1131 4087 1223 4136 ρει·
1254 4087 1308 4124 se
1341 4068 1656 4135 absolutam},
1683 4073 1786 4126 hoc
1817 4082 1902 4126 est
1933 4072 2134 4128 nullius

569 4138 898 4212 indigentem
934 4141 1305 4212 nominabant,
1340 4151 1398 4194 ut
1432 4142 1820 4212 interpretatur
1850 4143 2127 4206 Alcinous,

568 4209 755 4281 c._1l_),
785 4209 1069 4281 αὐτοτελῆ,
1105 4213 1381 4264 τουτέστιν
1421 4209 1716 4281 ἀπροσδεῆ,
1759 4212 1883 4281 quia
1933 4215 2133 4265 inimu-

569 4279 751 4352 labilis
769 4288 852 4352 est
876 4280 1054 4352 divina
1071 4281 1403 4352 substantia;
1432 4279 1583 4335 οὐδὲν
1613 4279 1743 4352 γὰρ,
1769 4279 1844 4336 ait
1866 4281 2130 4352 Plotinus,

568 4347 810 4424 Eunead.
867 4365 916 4402 v.
964 4351 1015 4424 8,
1070 4351 1408 4424 2,_Errst:riv,
1465 4352 1585 4406 οὐδὲ
1627 4347 1944 4424 πρόσεισιν,
2003 4351 2132 4406 nihil

567 4420 706 4472 enim
731 4420 1042 4486 supervenit,
1073 4420 1150 4473 vel
1174 4422 1401 4474 advenit.

643 4489 796 4544 1664.
822 4488 1104 4555 Quomodo
1129 4491 1270 4543 Deus
1292 4492 1362 4546 sit
1389 4507 1493 4544 una
1521 4490 1681 4545 simul
1710 4491 1870 4557 intra,
1905 4500 1960 4545 et
1983 4500 2136 4546 extra

568 4560 772 4630 omnia,
809 4561 944 4615 adeo
971 4570 1054 4613 est
1081 4560 1296 4617 dillicile
1339 4561 1629 4629 extplicatu,
1672 4571 1730 4615 nt
1757 4561 2029 4630 objectuni
2071 4566 2143 4616 sit

570 4627 841 4691 l’atribns,
885 4631 1029 4698 quod
1081 4627 1478 4685 einauationciu
1510 4627 1844 4692 Stoicam,ct
1898 4632 2139 4686 animum

569 4699 758 4754 mundi
786 4714 909 4752 cuin
933 4699 1155 4754 Platone
1177 4701 1545 4766 admitterent,
1569 4717 1690 4755 cum
1711 4703 1955 4756 dicerent
1975 4702 2140 4756 Deum

569 4767 752 4842 omnia
777 4769 1094 4842 pervadere,
1121 4781 1282 4840 atque
1314 4771 1558 4840 implere,
1581 4772 1831 4842 quamvis
1855 4787 1885 4825 a
1922 4770 2142 4842 Virgilio

569 4836 860 4892 minimum
899 4836 1282 4911 abhorrerent,
1313 4836 1526 4895 dicente
1559 4836 1747 4911 Georg.
1782 4859 1855 4905 ιν,
1883 4858 1936 4896 v.
1988 4836 2085 4897 εἰη
2124 4861 2136 4896 :

1027 4909 1196 4964 Deum
1223 4927 1446 4981 namque
1476 4912 1550 4963 ire
1567 4927 1666 4981 per
1687 4909 1862 4965 crimes

639 4975 945 5051 ferratique,
964 4988 1260 5051 tractusque
1279 4975 1460 5043 maris,
1480 4975 1763 5050 aviumque
1799 4981 2138 5050 profundum.

568 5045 707 5120 Vide
736 5045 885 5120 supr.
921 5065 973 5103 v.
1002 5051 1106 5104 895
1131 5045 1187 5106 et
1209 5067 1359 5120 seqq.
1387 5051 1586 5104 Verum
1615 5045 2006 5113 saiicti'Patres
2033 5070 2141 5112 non

568 5117 1082 5187 circumscripte,vel
1114 5117 1337 5175 definite
1357 5123 1520 5178 Deum
1551 5137 1674 5175 esse
1704 5122 1757 5175 in
1784 5122 1986 5188 loco,ut
2007 5133 2140 5178 sunt

568 5203 799 5269 corpora
830 5190 924 5244 sed
970 5189 1415 5269 substantialiter,
1444 5202 1500 5246 et
1537 5192 2029 5269 poteritialiter_per
2055 5194 2141 5247 di-

571 5258 816 5331 vinitatis
843 5261 1188 5331 praesentiam
1222 5263 1421 5331 ubique
1450 5258 1573 5316 csse.
1603 5261 1877 5317 dixerunt.
1904 5258 2141 5318 Sanctus

567 5327 1266 5402 JoannesChrysostomus,
1302 5327 1353 5385 in
1380 5333 1545 5402 Epist.
1576 5333 1642 5385 ad
1669 5332 1879 5387 Coloss.
1908 5333 2056 5387 hom.
2085 5333 2140 5400 5,

570 5413 692 5472 pag.
725 5399 850 5465 561,
891 5390 1024 5472 edit.
1078 5390 1266 5459 Montf.
1321 5390 1436 5455 Οὐιὲ
1469 5402 1622 5455 ἔστιν
1655 5403 1892 5472 οὐδαμοῦ
1935 5405 1962 5455 ὁ
2010 5390 2143 5467 Θεὸς

569 5469 970 5543 καὶπανταχοῦ
992 5475 1108 5543 ἐστι
1130 5487 1144 5502 ο
1169 5473 1222 5543 ri
1260 5472 1452 5524 τούτου
1490 5469 1830 5543 ἀλογώτερον
1862 5491 1876 5536 ;
1909 5472 2143 5526 ἕκαστον

569 5537 692 5623 κειέ
712 5537 1132 5623 ἑαυτὸᾷπορίας
1153 5541 1315 5623 γέμει⁵
1347 5544 1447 5623 ’.οὐ
1472 5537 1672 5623 γὰρ-ζδὴ
1704 5537 1760 5596 ἐν
1777 5542 1926 5613 τόπῳ
1953 5543 2098 5623 εἶτεν
2126 5559 2138 5571 ⁸

569 5606 690 5659 οὐδὲ
718 5609 880 5670 τόπος
907 5604 1022 5682 έστί
1053 5604 1248 5674 ms;
1361 5604 1526 5664 ἐστιν.
1548 5604 1841 5682 ’Νιιὲᾳιιαηι
1870 5604 1944 5666 est
1980 5613 2139 5675 Deus,

571 5683 622 5728 ει
661 5685 837 5750 tamen
869 5680 1058 5750 ubique
1099 5691 1193 5735 est.
1252 5680 1388 5746 Quid
1422 5681 1516 5734 hoc
1569 5700 1601 5735 ο
1642 5680 1844 5735 ratione
1878 5683 2143 5737 alienius?

574 5759 696 5824 ilium
725 5747 908 5800 horum
951 5747 1158 5824 singula
1207 5768 1298 5820 per
1323 5767 1376 5805 sc
1420 5751 1744 5824 dubitatione
1780 5753 1937 5824 plena
1999 5764 2139 5807 siml.

573 5811 774 5883 Quippe
791 5833 890 5870 non
912 5829 986 5872 est
1023 5811 1077 5872 ῧι
1110 5811 1238 5886 loco,
1273 5838 1434 5893 neque
1457 5821 1595 5875 locus
1622 5811 1814 5891 aliquis
1847 5835 1939 5887 est,
1967 5824 2016 5874 in
2043 5840 2141 5892 quo

2240 3513 2330 3581 sit.
2368 3509 2502 3565 Vide
2533 3510 2731 3581 sancti,
2767 3506 3056 3580 Augustini
3089 3505 3252 3576 epist.
3309 3505 3394 3572 75,
3437 3520 3560 3574 quae
3615 3514 3701 3560 est
3751 3506 3822 3561 de

2242 3579 2609 3637 immensitate
2645 3579 2758 3635 Dei.

2315 3652 2471 3706 1666.
2511 3651 2644 3708 Cod.
2687 3649 2846 3713 1156,
2879 3647 3037 3701 ὅλων.

2312 3722 2470 3777 1669.
2529 3722 2677 3777 Inter
2724 3730 3016 3788 sequentes
3041 3731 3252 3777 versus,
3282 3714 3480 3788 quibus
3531 3713 3734 3776 Pisida,
3774 3717 3818 3769 si

2241 3791 2427 3847 minus
2487 3793 2670 3863 digne,
2734 3785 2868 3863 satis
2923 3796 3102 3842 tamen
3150 3796 3386 3863 venuste
3432 3785 3601 3863 Deum
3645 3790 3821 3863 perito

2244 3856 2625 3931 grammatices
2656 3860 3230 3931 magistrocoinparat,
3257 3856 3459 3931 nullius
3480 3856 3688 3931 codicis
3716 3873 3820 3931 ope

2252 3924 2447 4001 {sanare
2485 3924 2770 4001 potuimus
2791 3924 3084 4001 versiculos
3116 3928 3243 4001 168l
3271 3935 3327 3980 et
3364 3926 3519 3980 1684.
3555 3924 3609 4001 ln_
3636 3929 3819 4001 onmi‘.

2249 4000 2354 4055 bus
2390 3997 2534 4056 enim
2581 3999 2859 4056 codicibus
2895 3998 3242 4067 interpolati,
3272 4007 3326 4067 et
3369 3998 3609 4064 corrupti
3663 3997 3820 4067 ittch

2241 4072 2488 4126 niuntur.
2521 4070 2789 4127 Caeterum
2813 4078 2999 4137 aperte
3035 4066 3190 4135 poeta
3218 4066 3308 4120 Dei
3345 4066 3817 4133 cumipntentiam,

2240 4142 2674 4211 providentiam,
2738 4139 3241 4211 immntabilemque
3317 4137 3680 4211 internitatem
3765 4137 3816 4189 in

2240 4205 2431 4265 inundi
2467 4205 2762 4273 creatiOne,
2804 4218 2860 4264 et
2900 4205 3292 4277 gubernatione
3320 4205 3671 4277 manifestat;
3720 4221 3818 4258 εει-τ

2238 4297 2344 4350 que
2373 4282 2578 4348 omnia,
2615 4296 2735 4352 quae
2755 4275 2921 4352 Adicit,
2950 4279 3016 4352 ad
3043 4278 3216 4347 prima
3257 4278 3431 4346 capita
3457 4275 3734 4332 Geneseos
3764 4285 3819 4332 et

2243 4349 2646 4424 Αρρςιιιιρερεοέ
2679 4349 3154 4424 γὲιὲειυιῑ-τεῖετέ·θο

2317 4411 2638 4477 1671ἶὈοό.
2672 4420 2848 4475 1126:
2880 4421 2989 4473 Καὶ
3017 4419 3124 4472 πᾶν
3153 4417 3252 4490 μὲν
3289 4411 3447 4483 εἶδος,
3496 4415 3672 4486 δνομα
3721 4415 3818 4469 καὶ

2177 4535 2217 4590 o
2247 4491 2574 4590 ρἦλὲ-,Ξέωιῖξ

2319 4555 2475 4617 1675.
2509 4561 2584 4617 Ex
2626 4561 2798 4616 nihilo
2841 4559 3103 4615 mundum
3142 4557 3358 4621 creasti,
3412 4568 3460 4611 et
3494 4555 3642 4625 quod
3686 4564 3815 4612 ante

2245 4645 2352 4684 non
2383 4641 2518 4698 erat,
2551 4641 2610 4686 ut
2638 4640 2784 4686 esset
2817 4631 2872 4684 in
2915 4639 3157 4699 tempore
3186 4627 3432 4684 effecisti.
3461 4627 3675 4699 Allusio
3703 4635 3812 4699 est,

2247 4701 2459 4771 opinor,
2501 4695 2566 4755 ad
2600 4701 2810 4756 initium
2844 4695 3140 4762 Genescos,
3175 4715 3308 4769 quae
3355 4713 3454 4768 per
3493 4695 3813 4754 adverbium

2244 4771 2300 4827 in
2329 4773 2584 4840 principio
2605 4772 2899 4827 exorditur.

2316 4837 2473 4897 1677.
2503 4843 2848 4910 Σύνδεσμος
2875 4849 2957 4896 est
2989 4839 3247 4908 particula
3292 4845 3367 4903 et,
3397 4837 3810 4910 qua_in76enesi

2246 4914 2450 4968 creatio
2483 4914 2604 4968 coeli
2635 4922 2691 4967 et
2716 4907 2873 4966 terrae
2895 4907 3242 4978 coniungitur
3279 4927 3294 4962 :
3323 4907 3474 4977 quasi
3504 4907 3684 4962 Pisida
3725 4909 3810 4962 di-

2245 4991 2416 5048 ceret,
2447 5000 2516 5038 ne
2533 4984 2658 5052 quis
2683 4983 2879 5037 stultus
2905 4981 3152 5052 crederet
3181 4978 3377 5052 cadum
3409 4994 3439 5032 a
3469 4986 3657 5052 t_e_non
3691 4994 3812 5033 esse

2245 5047 2469 5117 factum,
2512 5047 2568 5108 ei
2620 5053 2777 5108 idolis
2815 5051 3125 5112 inserviret,
3167 5049 3441 5118 sapienter
3483 5047 3659 5103 Moses
3707 5065 3814 5109 una

2247 5123 2408 5176 simul
2460 5124 2746 5194 conjunxit
2781 5122 2988 5194 coelijet
3021 5129 3176 5194 terrae
3217 5120 3566 5194 creationem,
3613 5120 3813 5194 quibus

2245 5195 2427 5248 verbis
2456 5188 2638 5249 omnia
2668 5202 2846 5248 creata
2885 5190 3045 5246 simul
3089 5189 3404 5258 complexus
3435 5199 3536 5250 est,
3568 5198 3623 5258 et
3651 5204 3680 5242 a
3714 5188 3810 5242 Dei

2246 5266 2508 5333 potentia,
2541 5266 2838 5326 voluntate,
2874 5271 2929 5316 ct
2962 5257 3297 5331 providentia
3318 5260 3557 5330 pendere
3581 5257 3811 5312 demou-

2249 5344 2458 5388 slruvnt.

2320 5405 2474 5458 1080.
2525 5403 2642 5456 Non
2673 5401 2938 5472 al‘similia
2973 5402 3170 5472 passim
3200 5399 3341 5472 apud
3376 5405 3594 5472 sanctos
3625 5397 3814 5472 Patres

2245 5473 2312 5526 de
2344 5474 2436 5527 Dei
2467 5475 2774 5527 {eternitate
2811 5468 3098 5539 loquentes
3135 5468 3501 5524 inveniuntur.
3527 5469 3606 5539 -ᾼι
3637 5468 3812 5521 Pisida

2245 5552 2391 5597 certe
2421 5545 2486 5598 ad
2515 5545 2675 5599 verba
2695 5537 3331 5612 Apocalypscosrespicit
3358 5555 3403 5612 ι1
3421 5543 3486 5591 8:
3515 5537 3756 5612 Egosum
3777 5555 3813 5590 α

2245 5622 2293 5666 cl
2311 5632 2374 5677 ω,
2399 5615 2710 5682 principium
2725 5607 2770 5666 ἐι
2790 5607 3070 5682 Ῑὶιιιὲ,ἰιίεὶε
3087 5607 3345 5682 Dominus
3371 5607 3629 5682 Deus,qu_i
3650 5617 3743 5669 est,
3764 5617 3814 5660 et

2248 5685 2338 5756 qui
2363 5676 2516 5756 εργιι,
2549 5676 2596 5738 εἰ
2624 5685 2712 5754 qui
2768 5676 3013 5736 uenturus
3064 5692 3138 5736 est
3165 5723 3178 5744 ,
3208 5676 3811 5756 0i!lliip0l€lﬂ._1‘ll.l‘;‘ll.

2247 5755 2315 5809 15
2340 5769 2351 5803 :
2380 5754 2487 5821 Ego
2512 5750 2742 5818 διιηιάρι
2765 5758 3042 5824 in,primns
3069 5762 3114 5806 et
3139 5751 3462 5812 novissimus,
3495 5750 3827 5818 principiumL

2245 5833 2292 5877 et
2315 5824 2453 5892 ﬁnis.
