4144 6276
281 516 416 571 1685
455 516 847 589 Προστακτικῷ
874 519 931 573 δὲ
956 520 1134 575 πάντα
1160 520 1459 593 μορφώσας
1490 520 1651 590 λόγῳ,

461 606 862 681 ’Υποτακτικήν
896 628 978 665 σοι
1006 612 1363 685 δημιουργεῖς
1385 613 1485 683 τὴν
1514 613 1711 665 κτίσιν.

451 698 793 771 Πάμμορφος
824 700 920 767 ὢν,
950 702 1228 774 ἄμορφος·
1258 704 1358 756 οὐκ
1389 702 1527 773 ἔχων
1560 704 1771 766 στάσιν,

451 791 567 844 Οὐκ
605 793 771 863 ῑχνος,
795 794 857 847 οὐ
888 793 1125 865 κίνησιν,
1156 794 1217 847 ού
1254 794 1503 865 γνωστὴν
1534 794 1689 865 βάσιν
1710 811 1724 824 ·

448 884 673 938 Πάντων
700 888 809 958 γὰρ
841 883 891 941 εἰ
925 887 1161 959 κίνησις,
1191 890 1225 959 ἡ
1258 890 1478 941 πάντων
1510 888 1686 957 βάσις.

278 974 412 1031 1690
458 974 711 1045 Ἀπλοῦς,
749 979 1055 1049 μεθεκτὸς·,
1090 980 1329 1051 πρῶτος,
1367 979 1621 1051 ἔσχατος,
1661 980 1847 1051 μέσος,

464 1068 718 1139 ’Υψηλδς,
748 1071 936 1143 εὐρὺς,
972 1072 1239 1144 ἀπλατὴς,
1281 1072 1473 1143 βαθὺς,
1506 1073 1713 1142 μέγας·

450 1163 620 1217 Οὐδὲν
650 1164 706 1218 δὲ
735 1164 965 1231 τούτων,
995 1167 1110 1220 ἀλλ’
1142 1168 1199 1220 ὲν
1230 1166 1455 1230 ἀϐάτοις
1478 1169 1627 1238 ὅροις

456 1255 571 1325 Τῆς
598 1256 698 1325 σῆς
731 1257 919 1328 ὲπήξω
948 1259 1219 1329 μυστικῆς
1250 1258 1521 1323 ἐξουσίας.

458 1346 517 1403 '0
550 1348 829 1419 πανταχοῦ
861 1349 981 1419 μὲν,
1006 1350 1243 1421 οὐδαμοῦ
1269 1351 1347 1415 δὲ,
1378 1351 1474 1405 καὶ
1509 1350 1705 1404 πάλιν·

276 1432 413 1491 1695
449 1437 557 1490 Καὶ
588 1437 767 1492 πάντα
794 1437 887 1490 καὶ
911 1438 971 1491 ἓν
993 1454 1009 1470 ’
1037 1438 1211 1493 ταῦτα
1234 1439 1346 1510 γὰρ
1377 1441 1705 1494 συναπτέον·

451 1529 669 1600 Μήπως
696 1528 914 1601 ὑπαχθῇ
946 1534 1059 1594 τοῖς
1090 1531 1215 1586 κατ’
1237 1532 1493 1603 αἴσθησιν
1516 1532 1731 1599 τύποις,

448 1622 521 1676 Τὸ
551 1623 610 1674 ἓν
643 1621 911 1692 μονωθέν·
947 1626 1013 1695 τῇ
1046 1624 1103 1677 δὲ
1137 1623 1357 1695 (πάντα)
1391 1624 1639 1679 συνθέσει

448 1711 748 1784 Δηλοῦντες
773 1714 941 1769 αὑτοῦ
968 1715 1068 1787 τὴν
1101 1716 1477 1787 ἀπερίληπτον
1509 1716 1671 1785 φύσιν
1689 1734 1705 1749 ο

448 1802 616 1869 Αὖθις
645 1805 758 1874 τόγ’
794 1806 1138 1878 ἐγκρίνωμεν
1162 1808 1565 1879 ήκριὸωμένως
1585 1826 1599 1842 ο

279 1897 419 1955 1700
456 1898 667 1967 Μήπως
693 1896 761 1951 τὰ
784 1900 962 1953 πάντα
993 1902 1096 1970 σχῇ
1132 1900 1307 1971 κακὴν
1335 1901 1590 1970 ὑποψίαν,

449 1988 558 2042 Καὶ
584 1986 765 2059 δῶμεν
795 1988 987 2061 εἱρμὸν
1015 1993 1081 2061 τῇ
1118 1990 1315 2063 ῥεούσῃ
1348 1992 1614 2047 συνθέσει.

268 2163 443 2222 forma
474 2181 491 2219 :
546 2174 607 2222 tu
633 2181 811 2237 neque
841 2174 954 2221 stas
973 2206 989 2232 ,
1026 2181 1205 2236 neque
1236 2165 1449 2223 incedis
1481 2183 1493 2224 :
1536 2166 1636 2223 tibi
1666 2183 1845 2239 neque

267 2256 561 2315 est’motus
583 2299 599 2325 ,
627 2274 804 2330 neque
834 2275 997 2330 quam
1027 2274 1127 2314 nos
1158 2260 1413 2315 novimus
1436 2302 1451 2327 ,
1483 2260 1672 2331 quies;
1719 2278 1845 2316 nam

267 2351 511 2407 omnium
540 2367 601 2408 es
626 2361 807 2407 motus
832 2394 847 2418 ,
890 2362 945 2408 et
988 2352 1233 2407 omnium
1268 2352 1423 2422 quies
1452 2370 1463 2405 :
1511 2362 1567 2407 tu
1617 2353 1842 2424 simplex

266 2453 322 2499 et
364 2445 607 2501 omnium
655 2445 963 2517 particeps;
1017 2454 1075 2499 tu
1123 2444 1331 2516 primus
1380 2455 1435 2499 et
1490 2446 1745 2508 ultimus;
1782 2456 1842 2501 ιιι

265 2539 497 2596 medius
538 2550 594 2596 et
645 2556 924 2605 summus,
982 2540 1124 2595 latus
1173 2549 1229 2594 et
1286 2539 1633 2605 inextensus;
1706 2541 1847 2595 imus

265 2641 323 2687 et
376 2632 686 2701 maximus;
745 2642 801 2689 et
855 2633 991 2687 nihil
1045 2633 1243 2687 borum
1291 2641 1520 2687 tamen:
1572 2634 1668 2688 sed
1718 2650 1846 2688 vere

266 2722 412 2779 intra
444 2724 755 2780 inacressos
802 2740 1015 2780 arcana:
1061 2734 1165 2779 tua:
1197 2724 1456 2795 potentia:
1486 2725 1765 2779 terminos
1789 2741 1848 2779 es

266 2814 579 2871 conclusus.
615 2815 698 2871 Tu
751 2816 951 2887 ubique
980 2832 1041 2871 es
1074 2857 1089 2881 ,
1138 2824 1194 2871 et
1237 2816 1429 2871 nullibi
1455 2858 1469 2881 ,
1508 2825 1563 2871 et
1604 2826 1794 2871 contra
1829 2835 1843 2871 :

267 2917 325 2962 ιιι
361 2924 531 2965 uelim
586 2918 640 2964 et
681 2910 882 2965 omnia.
922 2908 1045 2965 Hazc
1077 2910 1227 2965 enim
1263 2926 1369 2965 una
1416 2910 1579 2964 simul
1613 2910 1845 2980 conjun-

264 3001 439 3069 genda
461 3012 623 3069 sunt;
656 3018 727 3057 ne
756 3004 798 3057 si
836 3020 999 3057 unum
1019 3012 1164 3058 esset
1181 3003 1328 3058 omni
1348 3004 1846 3073 prorsusadjuncto

264 3092 588 3148 destitutum
614 3104 924 3149 nostrorum
956 3110 1214 3149 sensuum
1276 3098 1659 3166 perceptiones
1709 3099 1848 3153 effu-

264 3195 459 3265 geret;
487 3202 611 3241 cum
646 3195 835 3242 contra
866 3186 1025 3241 simul
1055 3188 1317 3244 addentes
1347 3192 1524 3243 omnia
1561 3190 1657 3245 Dei
1683 3201 1845 3246 natu-

264 3295 421 3348 ram,
463 3294 626 3350 quam
650 3279 867 3349 assequi
895 3279 1045 3333 nullo
1075 3280 1238 3334 modo
1268 3297 1558 3351 possumus
1579 3324 1592 3347 ,
1619 3283 1846 3347 eviden-

264 3382 350 3428 ter
376 3372 713 3428 declaramus
751 3391 764 3427 :
810 3373 917 3439 vel,
958 3382 1015 3427 ut
1042 3373 1146 3427 hoc
1182 3374 1359 3444 ipsum
1388 3376 1566 3431 adhuc
1588 3377 1846 3433 enuclea-

264 3466 375 3521 tius
398 3466 827 3539 distinguamus,
878 3481 948 3522 ne
1000 3466 1045 3521 si
1085 3468 1263 3521 omnia
1315 3476 1526 3523 tantum
1578 3470 1845 3535 dicamus,

265 3558 323 3618 in
347 3561 541 3616 malam
573 3560 941 3631 suspicionem
971 3560 1096 3632 quis
1123 3560 1339 3627 veniat,
1367 3562 1518 3632 quasi
1560 3578 1677 3625 res,
1726 3578 1847 3632 quze

265 3666 401 3708 sane
430 3653 484 3707 in
516 3652 661 3707 ﬂuxu
691 3660 959 3724 perpetuo
1008 3661 1139 3708 sunt
1196 3653 1389 3724 positae
1433 3696 1447 3720 ,
1490 3670 1589 3725 per
1637 3656 1846 3726 seipsas

267 3750 415 3799 stare
443 3744 794 3816 coniunctas,
847 3754 1012 3816 atque
1072 3744 1259 3800 unitas
1316 3745 1570 3801 velimus.
1628 3746 1847 3817 Optime

264 3852 398 3896 vero
422 3854 549 3897 cum
577 3838 750 3895 Deum
779 3838 971 3910 ubique
999 3853 1122 3895 esse
1150 3837 1383 3894 dicimus
1408 3880 1424 3905 ,
1473 3840 1659 3894 nultibi
1681 3841 1848 3896 etiam

1630 410 2181 472 IIEXAEMERON:

1883 528 1922 581 Α

1884 1923 1929 1977 Β

3316 409 3540 479 ,1566

2130 519 2221 589 Τῷ
2272 518 2553 588 πανταχοῦ
2584 518 2640 571 δὲ
2665 518 2755 573 τὸν
2782 517 2915 571 Θεὸν
2952 520 3277 589 πεφυκέναι,

2133 610 2205 663 Τὸ
2239 610 2494 681 μηδαμοῦ
2523 611 2815 680 πρόσεστιν
2840 612 3241 675 ἀντισυνθέσει,

2134 704 2345 773 Μήπως
2384 702 2641 774 μερισθὲν
2666 706 2732 771 τῇ
2766 702 2887 772 διχῆ
2924 702 3224 768 διαστάσει,

1960 791 2098 846 17υῦ
2139 792 2210 844 Τὸ
2238 791 2491 862 μηδαμοῦ
2530 794 2628 863 μὲν
2660 793 2739 855 εἰς
2774 792 3022 845 ἁνούσιον
3055 793 3231 864 ῥέποι,

2140 883 2212 936 Τὸ
2248 886 2526 955 πανταχοῦ
2559 885 2616 937 δὲ
2642 887 2752 947 τοῖς
2785 888 3060 955 μεριστοῖς
3087 887 3321 955 ἁρμόσοι
3341 906 3353 919 ·

2146 977 2283 1029 Ἀλλ’
2314 977 2691 1045 ἀντιγόμφοις,
2722 976 2796 1040 ὡς
2820 975 2886 1029 ἂν
2913 977 3059 1029 εἴποι
3090 995 3191 1042 τις,
3224 977 3429 1043 λύγοις,

2135 1069 2209 1122 Τὸ
2236 1070 2412 1123 πάντα
2447 1068 2541 1121 καὶ
2574 1068 2652 1133 ἓν,
2686 1069 2779 1121 καὶ
2806 1068 2867 1120 τὸ
2904 1067 3155 1138 μηδαμοῦ
3185 1068 3369 1131 πάλιν,

2134 1162 2213 1232 Τῇ
2250 1161 2530 1231 πανταχοῦ
2563 1160 2887 1229 σφίγγοντες
2920 1162 3307 1232 ἁντιφθεγγία·

1958 1254 2096 1310 1710
2136 1254 2369 1324 Στερρὺν
2393 1252 2453 1305 τὸ
2485 1252 2684 1323 βάθρον
2718 1252 2960 1323 πήξομεν
2984 1253 3092 1305 τῶν
3118 1253 3428 1321 δογμάτων.

2210 1345 2272 1397 Εἰ
2301 1344 2393 1397 καὶ
2419 1343 2580 1414 βάθος
2605 1345 2714 1415 γὰρ
2749 1344 3040 1399 ὲκὸαθύνει
3079 1362 3158 1396 σοι
3189 1344 3374 1411 λόγου,

2136 1443 2279 1514 Πρὸς
2307 1442 2439 1511 ὕψος
2473 1441 2659 1512 ἀρθεὶς
2694 1442 3016 1513 ἐμφανίζειν
3041 1443 3100 1494 ού
3131 1440 3309 1503 θέλεις
3335 1458 3348 1471 °

2134 1536 2195 1587 Εἰ
2219 1535 2313 1588 καὶ
2338 1533 2475 1605 πρὸς
2504 1534 2670 1605 ἄκρον
2702 1534 2834 1604 ὕψος
2862 1534 3072 1604 ἁρθῶσι
3099 1533 3319 1602 φρένες,

2135 1626 2279 1698 Πρὸς
2306 1626 2475 1696 ἄκρον
2499 1627 2667 1686 αὑτὰς
2698 1626 3167 1697 ἀνθυποστρέφεις
3198 1627 3382 1697 βάθος,

1961 1719 2098 1774 1715
2148 1720 2236 1782 Ὠς
2269 1722 2404 1789 μήτε
2439 1722 2612 1789 μῆκος
2645 1718 2722 1788 σῷ
2753 1717 3130 1788 παρίπτασθαι
3164 1718 3339 1789 βάθει,

2136 1813 2291 1881 Μήτε
2322 1811 2524 1875 πλάτος
2557 1812 2649 1864 σὺν
2675 1810 2807 1879 ὕψος
2831 1814 2907 1873 εἰς
2933 1810 3109 1881 πέρας
3138 1811 3379 1881 τρέχειν,

2147 1901 2287 1953 Ἀλλ’
2322 1903 2401 1965 εἰς
2434 1901 2636 1969 ἄπειρα
2669 1901 2777 1953 τῶν
2806 1900 3049 1969 ἀπείρων
3075 1902 3109 1970 ἡ
3140 1898 3292 1970 χύσις

2138 1990 2405 2054 Χυθεῖσα,
2441 1993 2507 2062 τῇ
2540 1993 2606 2061 σῇ
2634 1989 2895 2060 τέμνεται
2920 1989 3256 2061 παρεκτάσει
3280 2004 3292 2016 '

1952 2182 2074 2223 esse
2113 2167 2297 2223 statim
2329 2183 2359 2223 e
2391 2168 2667 2223 contrario
2712 2167 3005 2237 adjicimus
3038 2184 3051 2220 :
3097 2182 3167 2220 ne
3208 2166 3251 2219 si
3302 2168 3532 2220 alterum

1951 2260 2019 2314 ab
2045 2259 2215 2314 altero
2243 2260 2472 2314 seorsim
2498 2269 2733 2330 ponatur
2752 2302 2766 2325 ,
2790 2260 2852 2311 τὸ
2884 2259 3070 2312 nullibi
3093 2258 3158 2312 ad
3206 2258 3535 2312 inexsisten-

1952 2352 2079 2407 tiam
2110 2353 2441 2423 arguendam
2472 2354 2892 2423 detorqueatur,
2957 2353 3017 2405 τὸ
3064 2353 3252 2423 ubique
3295 2367 3425 2406 vero
3464 2351 3533 2405 ad

1950 2446 2321 2501 exsistentiam
2372 2446 2597 2518 singulis
2649 2446 2752 2501 loci
2818 2447 3060 2516 partibus
3113 2446 3532 2517 respondentem

1944 2538 2381 2592 acconnuodetur
2413 2557 2425 2593 :
2462 2538 2597 2592 adeo
2622 2547 2679 2592 ut
2708 2537 2995 2592 contrariis
3020 2538 3161 2592 inter
3191 2553 3248 2592 se
3287 2537 3531 2601 vocibus,

1944 2638 1999 2683 et
2045 2630 2414 2699 pugnantibus
2456 2647 2524 2685 ex
2568 2632 2798 2686 adverso
2845 2628 3105 2695 vocibus,
3141 2629 3284 2698 quod
3317 2629 3531 2683 clavmn

1945 2721 2098 2775 clavo
2131 2723 2350 2778 trudere
2395 2725 2519 2794 quis
2572 2725 2812 2783 diceret,
2859 2739 3023 2775 unum
3068 2730 3122 2775 et
3170 2722 3388 2781 omnia,
3417 2722 3535 2773 nbi-

1948 2830 2046 2883 qae
2073 2823 2125 2868 et
2160 2814 2344 2868 nuliibi
2360 2815 2630 2871 contraria
2654 2814 2928 2869 locutione
2958 2823 3312 2868 conserentes
3330 2811 3533 2866 firmis-

1948 2906 2145 2960 simum
2170 2916 2444 2961 struamus
2478 2908 2680 2962 nostris
2711 2906 3052 2979 dogmatibus
3096 2905 3530 2959 fundamentum.

2024 3020 2284 3087 Quamvis
2332 3024 2477 3077 enim
2524 3023 2704 3078 omnis
2735 3020 3000 3077 orationis
3054 3020 3137 3075 vis
3168 3020 3222 3072 in
3275 3028 3327 3072 te
3380 3032 3532 3082 uno,

1952 3109 2128 3174 Deus,
2176 3110 2553 3181 investigando
2618 3121 2897 3176 versetur,
2962 3120 3019 3163 tu
3082 3110 3138 3163 in
3191 3108 3368 3162 altum.
3419 3107 3533 3160 ela-

1960 3210 2051 3255 tus
2083 3216 2195 3255 non
2242 3203 2322 3257 vis
2350 3202 2566 3272 detegi;
2604 3211 2659 3257 et
2689 3202 2935 3271 quamvis
2983 3201 3051 3253 ad
3114 3216 3381 3254 summam
3410 3197 3534 3254 coeli

1954 3292 2293 3347 altitudinem
2334 3308 2391 3347 se
2413 3292 2673 3347 extollant
2705 3301 2935 3355 mentes,
2970 3291 3113 3359 ipsas
3140 3291 3193 3343 in
3216 3289 3383 3342 iuuim
3410 3304 3535 3357 pro-

1957 3379 2111 3435 fundi
2144 3380 2453 3434 sulivertis:
2488 3388 2548 3433 ut
2582 3395 2649 3433 ne
2680 3379 2784 3432 ulla
2819 3379 3037 3448 quidem
3064 3377 3344 3448 longitudo
3387 3384 3535 3431 tanta

1955 3472 2060 3535 sit,
2086 3481 2144 3525 ιιι
2177 3480 2321 3525 tuam
2351 3470 2771 3540 profunditatem
2802 3468 3013 3530 metiri,
3043 3483 3220 3535 neque
3254 3466 3357 3519 ulla
3410 3466 3532 3519 lati-

1956 3563 2088 3617 tudo
2108 3604 2121 3626 ,
2151 3577 2272 3630 qua:
2301 3570 2407 3615 tua:
2436 3560 2736 3615 altitudinis
2765 3558 3027 3613 terminos
3046 3561 3221 3612 valeat
3241 3558 3530 3627 attingere;

1954 3671 2078 3709 cum
2108 3670 2169 3707 ea
2202 3695 2216 3718 ,
2267 3670 2389 3723 quze
2440 3654 2494 3708 in
2541 3654 2812 3707 infinitum
2862 3655 3230 3724 porriguntur,
3268 3653 3534 3707 immense

1956 3747 2153 3803 diﬂusa
2185 3747 2353 3814 spatia
2376 3789 2392 3813 ,
2423 3755 2515 3801 tua
2544 3760 2955 3816 quaquaversus
2993 3760 3050 3798 se
3070 3743 3375 3797 extendens
3393 3759 3532 3813 prae-

1958 3844 2130 3897 sentia
2152 3841 2389 3911 impleat,
2415 3856 2479 3896 ac
2500 3839 2707 3895 dividat
2738 3857 2750 3893 :
2778 3838 2915 3893 adeo
2942 3846 3022 3904 ut,
3046 3838 3089 3892 si
3122 3836 3202 3892 fas
3219 3846 3303 3891 est
3330 3836 3531 3901 dicere,

1774 3979 2003 4036 NOTAE.

337 4111 495 4186 1687.
560 4113 765 4186 Contra
818 4114 1454 4186 Anthropomorphitas,
1512 4116 1603 4185 qui
1658 4131 1724 4169 ex
1782 4132 1848 4171 eo

264 4185 411 4255 quod
443 4185 606 4239 homo
636 4185 705 4256 ad
733 4187 1017 4256 imaginem
1041 4185 1090 4239 et
1130 4186 1530 4240 similitudinem
1556 4187 1648 4239 Dei
1676 4187 1849 4241 factus

264 4265 445 4318 esset,
469 4256 638 4327 Deum
674 4255 854 4323 ipsum
878 4257 1102 4327 humani
1133 4257 1398 4327 corporis,
1450 4274 1513 4309 ac
1568 4258 1846 4311 membro-

264 4342 390 4381 rum
421 4326 661 4395 speciem
694 4327 895 4381 habere
922 4326 1263 4397 ineptissime
1295 4328 1662 4381 affirmabant.

338 4397 498 4451 1690.
544 4397 712 4450 Deum
734 4412 856 4450 esse
896 4396 1124 4458 ἁπλοῦν,
1156 4407 1213 4453 et
1260 4397 1584 4460 ἀσύνθετον,
1638 4399 1848 4467 simpli-

264 4483 400 4531 cem,
424 4477 473 4521 et
506 4468 904 4534 incompositum
933 4469 1177 4537 sequitur
1202 4484 1265 4521 ex
1296 4483 1382 4533 eo,
1415 4468 1558 4537 quod
1584 4472 1655 4523 sit
1696 4470 1840 4521 ἀσώ-

270 4554 436 4619 ματρς
475 4538 819 4619 incorporeas
848 4578 861 4592 .
894 4537 1031 4594 Vide
1073 4538 1332 4610 Cyrillum
1384 4539 1648 4595 Alexand.
1682 4541 1776 4594 lib.
1808 4558 1839 4595 v

266 4606 325 4661 in
362 4606 516 4661 Joan.
560 4624 681 4677 pag.
719 4608 844 4669 549,
1119 4606 1132 4610 ⁷
1192 4654 1195 4657 η

341 4624 516 4742 ίδϐοθαέῖ
708 4624 845 4732 {of
869 4679 1028 4749 ὄρους
1048 4720 1061 4743 ,
1096 4654 1309 4733 melius.

343 4748 498 4803 1694.
540 4749 641 4802 Per
666 4748 998 4811 atititlieses,
1048 4758 1103 4802 et
1130 4750 1411 4812 attributa,
1444 4759 1505 4804 ut
1529 4751 1714 4811 aiunt.
1743 4767 1846 4806 ne-

268 4820 451 4890 gativa
482 4819 868 4890 meliuspnobis
887 4820 1125 4872 divinam
1173 4828 1421 4874 naturam
1472 4821 1841 4886 innotescere,

267 4888 432 4958 Quam
457 4904 552 4959 per
617 4888 1002 4943 afIirmautium
1060 4891 1454 4959 proprietatum
1500 4892 1846 4946 definitiones

266 4958 575 5013 communis
608 4969 693 5013 est
730 4959 976 5013 omnium
1028 4958 1403 5029 theologorqu
1426 4964 1717 5016 sententia.
1742 4960 1846 5016 Fa-

268 5029 429 5102 cilius
456 5028 600 5102 enim
633 5038 933 5102 certerst,
968 5028 1353 5102 quid_nongsit,
1397 5048 1559 5100 quam
1600 5034 1732 5102 quid
1776 5033 1847 5087 sit

271 5098 435 5161 Deus,
459 5099 657 5153 dicere.
684 5100 915 5153 Proinde
942 5101 1077 5154 adeo
1102 5099 1381 5155 familiaris
1397 5098 1481 5154 est
1502 5098 1845 5157 antitheseon

271 5185 406 5239 usus
438 5166 653 5232 Pisidia,
684 5170 774 5239 qui
820 5172 1008 5238 ubique
1034 5182 1088 5224 et
1139 5170 1343 5235 nullibi,
1374 5188 1534 5224 unum
1573 5186 1618 5226 et
1668 5176 1844 5227 omnia

271 5240 328 5293 in
362 5238 472 5311 Deo
498 5238 876 5311 coniungenda
906 5257 1026 5296 esse
1062 5252 1207 5294 recte
1235 5243 1443 5295 statuit.
1500 5245 1634 5296 tium
1698 5244 1845 5298 enim

272 5325 370 5379 per
403 5308 643 5362 divinam
671 5308 964 5364 essentiam
998 5312 1068 5365 sit
1091 5326 1252 5374 unus,
1289 5312 1487 5366 virtute
1514 5320 1728 5379 tamen,
1791 5323 1846 5367 et

272 5377 564 5433 efﬁcientia
609 5396 705 5433 sua
750 5382 885 5435 adeo
925 5392 1008 5435 est
1043 5382 1321 5450 nusltiplex
1356 5424 1370 5447 ,
1414 5390 1471 5434 ut
1501 5377 1841 5438 nullius'loci

273 5450 545 5519 angustiis
572 5450 847 5514 definitus,
876 5453 959 5524 vel
990 5451 1437 5524 circumscriptus
1481 5455 1662 5507 omnia
1719 5471 1844 5524 per-

273 5533 447 5591 meet,
511 5535 672 5589 atque
720 5522 995 5590 pervadat.
1062 5523 1231 5575 Deum
1286 5538 1383 5591 per
1430 5522 1731 5579 antitlieses
1779 5524 1841 5577 ad

274 5588 473 5661 Pisidae
518 5588 794 5661 medulum
830 5592 1161 5661 descriptum
1200 5588 1443 5647 invenies
1502 5594 1556 5646 in
1603 5596 1844 5649 carmine

271 5659 511 5714 lamhico
539 5659 752 5733 Georgii
799 5659 1266 5731 Acyndinicontra
1318 5662 1635 5733 Gregorium
1688 5663 1840 5719 Pala-

273 5745 440 5803 mam,
464 5740 605 5803 tom.
646 5732 664 5786 l
692 5732 908 5803 Gracia:
933 5734 1136 5786 orthod.
1180 5750 1300 5803 pag.
1332 5732 1451 5788 756.

346 5800 485 5855 1696
521 5801 641 5855 Νοη
671 5802 903 5856 dicimus
935 5812 1143 5856 tantmn
1176 5800 1336 5856 annm
1358 5846 1371 5867 ,
1403 5820 1470 5857 ne
1505 5805 1841 5859 subducatur

277 5871 529 5955 f,etisibus
551 5869 643 5929 Dei
674 5872 845 5940 notio,
864 5887 926 5931 ac
952 5874 1177 5946 proinde
1205 5875 1271 5931 ad
1296 5874 1432 5929 idola
1463 5876 1565 5931 sibi
1593 5877 1840 5947 fingenda

1948 4118 2071 4187 quis
2128 4133 2187 4173 se
2215 4124 2517 4173 convertat.
2547 4114 2785 4187 Dicimus
2812 4110 3230 4187 autemomnia,
3270 4117 3325 4161 ut
3352 4106 3533 4162 divina

1946 4180 2139 4242 natura
2163 4202 2567 4258 quaquaversus
2594 4201 2652 4239 se
2693 4180 3356 4258 etfundensintelligatur.
3518 4246 3530 4257 .

2019 4249 2193 4313 1699..
2248 4249 2485 4312 Dicimus
2536 4271 2698 4308 unum
2757 4264 2804 4307 et
2866 4251 3043 4306 omnia
3103 4249 3303 4313 simul,
3368 4262 3434 4300 ne
3488 4249 3533 4300 si

1946 4331 2123 4383 omnia
2154 4338 2361 4383 tantum
2399 4327 2665 4389 dicamus,
2700 4325 2981 4379 videamur
3014 4321 3335 4376 concedere.
3378 4334 3536 4370 nutu—

1946 4401 2074 4454 dum
2125 4416 2222 4468 per
2285 4413 2346 4451 se
2396 4407 2647 4451 constare
2693 4413 2706 4449 :
2770 4394 2931 4468 simili
2965 4392 3199 4468 __ra_ti0ne
3254 4390 3442 4468 ubique
3486 4397 3534 4439 et

1947 4458 2140 4523 nullibi
2190 4468 2589 4537 coniungimus.
2650 4482 2719 4520 ne
2781 4467 2823 4537 si
2882 4462 3065 4516 nullibi
3125 4470 3329 4514 tantum
3387 4458 3537 4511 dicae

1946 4557 2068 4595 mus
2129 4536 2303 4593 Deum
2348 4536 2456 4591 non
2508 4552 2669 4599 esse,
2718 4536 2865 4605 quis,
2901 4542 3054 4602 putet
3106 4546 3206 4605 nos
3252 4543 3532 4605 asserere;

1877 4608 1920 4662 Ι)
1948 4628 2011 4664 ac
2040 4611 2081 4665 si
2105 4619 2292 4663 contra
2318 4608 2507 4677 ubique
2557 4600 2765 4659 tantum
2796 4600 3075 4677 elleratur,
3110 4600 3364 4677 Detnn_in
3412 4613 3534 4664 paro

1950 4692 2032 4735 tes
2060 4680 2329 4741 divisum,
2360 4670 2429 4732 (δι’
2457 4679 2575 4731 loco
2606 4675 3107 4738 circumscriptum,
3154 4670 3305 4738 quasi
3342 4684 3535 4741 corpo-

1949 4767 2102 4804 reum
2128 4766 2226 4803 nos
2247 4739 2493 4803 astruere
2516 4748 2640 4816 quis
2669 4754 2880 4815 arguat.
2917 4742 3049 4797 Vide
3082 4751 3331 4794 sanetum
3365 4739 3537 4790 Attia-

1948 4823 2165 4875 nasium
2192 4820 2387 4875 Contra
2416 4828 2610 4887 gentes.
2652 4887 2681 4890 __
2818 4884 2828 4890 ,
3124 4880 3145 4890 -
3243 4889 3247 4890 ,
3290 4879 3299 4889 .

2022 4893 2179 4945 Ηυξ.
2205 4892 2339 4946 Cod.
2376 4884 2533 4949 ltiti,
2561 4887 2755 4941 melius
2776 4884 2843 4957 ab
2873 4884 3173 4957 πανταχοῦ,
3201 4889 3256 4957 et
3290 4884 3341 4931 in
3374 4894 3533 4957 versu

1949 4964 2197 5031 sequenti
2242 4964 2309 5031 τῇ
2361 4958 2633 5030 μηδαμοῦ,
2674 4966 2730 5011 et
2775 4955 2828 5008 in
2886 4954 3017 5007 1704
3056 4950 3354 5019 διακρίσει,
3394 4958 3448 5002 et
3482 4950 3533 5001 in

1953 5034 2417 5104 “umectam;-
2704 5096 2761 5104 ..
3018 5094 3080 5104 η
3134 5092 3184 5104 ..
3301 5091 3312 5104 .
3379 5084 3429 5104 τ-

2021 5084 2332 5157 lidiVide
2356 5084 2658 5163 Erasmum,
2683 5096 2851 5165 Δάας.
2872 5109 2993 5165 pag.
3018 5094 3105 5157 70,
3131 5092 3246 5163 ἥλῳ
3266 5091 3356 5143 τὸν
3377 5084 3531 5159 ἧλον⁹

1947 5174 2255 5242 ἐκκρούειν,
2290 5172 2509 5242 clavam
2522 5169 2669 5242 clavo
2697 5166 2907 5242 pellere.

2021 5235 2179 5297 i709.
2209 5235 2343 5297 Cod.
2381 5240 2516 5294 1126
2547 5235 2933 5311 ἀντιφθογγίαᾼ.
2967 5305 2984 5311 Α
3010 5303 3022 5311 _
3222 5262 3241 5311 ς
3276 5300 3287 5311 ,

2021 5314 2181 5366 1711.
2230 5313 2375 5367 Idem
2420 5311 2540 5364 cod.
2583 5303 3130 5376 ηιθῐίιιςὲμὸαθύνει,
3172 5310 3234 5376 _et
3276 5303 3330 5353 in
3370 5311 3533 5352 versu

1949 5384 2107 5445 1715,
2142 5384 2187 5435 εἰ
2210 5384 2297 5445 δέ,
2327 5381 2463 5435 etin
2498 5380 2655 5441 1714,
2685 5378 2832 5451 πρὸς.
2853 5373 3023 5451 ἄκρον
3054 5373 3234 5451 015145.-
3358 5442 3372 5451 _
3419 5441 3430 5451 _
3457 5440 3468 5451 ,

2020 5440 2175 5508 1716.
2239 5440 2387 5507 Idem
2440 5452 2562 5505 cod.
2623 5440 2942 5517 εἰς’πέρας
2984 5445 3116 5513 ἔχει.
3172 5440 3289 5495 Non
3342 5440 3534 5517 dubito

1947 5523 2181 5578 Pisidam
2236 5523 2573 5591 intelligere,
2641 5512 2946 5591 mundum,
3004 5512 3166 5583 quem
3245 5522 3305 5566 ut
3363 5512 3532 5563 latum

1945 5605 2000 5649 et
2044 5595 2262 5665 longum
2306 5588 2681 5665 tantummodo
2713 5588 3056 5665 considerat,
3088 5599 3194 5637 non
3219 5597 3349 5665 Iesse
3376 5596 3531 5665 men.

1946 5653 2290 5719 suramVDei.
2347 5662 2548 5717 Confer
2613 5660 2925 5731 superiores
2981 5670 3172 5709 versus
3218 5653 3306 5715 92,
3336 5662 3393 5703 et
3444 5664 3532 5703 se-

1985 5744 2195 5789 nentes.

1944 5752 2195 5859 quia???
2240 5805 2506 5869 Ἀπειρα.
2546 5801 2729 5870 Spatia
2764 5798 2849 5870 illa
2908 5794 3181 5863 intelligit,
3220 5808 3339 5861 qua:
3380 5798 3528 5870 extra

1945 5877 2207 5932 mundum
2264 5862 2516 5948 tanquam
2568 5862 2884 5927 exsistentia
2933 5862 3115 5921 mente
3178 5862 3534 5933 Comprehen-
