4144 6276
587 355 723 424 1567

775 475 885 540 Ὦς,
920 473 969 529 εί
995 473 1177 544 λέγειν
1205 472 1333 545 χρὴ,
1369 470 1464 526 καὶ
1487 469 1554 524 τὰ
1583 469 1748 542 μήπω
1776 469 1914 541 πρὸς
1940 469 2117 524 κτίσιν
2183 471 2229 527 Λ

587 565 728 622 17ὶο
777 565 1033 621 Ἐλθόντα
1055 568 1121 636 τῇ
1150 567 1214 635 σῇ
1247 561 1630 634 ζωπυροῦσθαι
1667 562 1979 633 προσθέσει.

777 655 1100 726 Ἐφίστασαι
1131 655 1259 726 γὰρ,
1289 654 1384 706 καὶ
1414 652 1603 724 παρὼν
1629 652 1948 722 ἀφίστασαι,

763 749 955 803 Μένων
976 747 1032 802 δὲ
1062 746 1302 816 φεύγεις,
1338 748 1433 799 καὶ
1467 747 1624 807 σκιάς
1655 744 1861 815 λεπτῆς
1894 742 2076 813 δίκην,

779 839 870 894 Ἑν
894 838 972 909 τῷ
995 838 1314 909 κρατεῖσθαι
1342 837 1475 908 πρὸς
1501 836 1671 900 λαϐάς
1694 835 1995 906 ὑπεκτρέχε
2006 852 2072 898 ις.

766 929 923 984 Οὕτω
952 946 1010 983 σε
1041 931 1135 982 καὶ
1165 929 1258 984 νῦν
1290 927 1686 1000 ἐξηάπληστίας
1710 927 1878 982 πόθου

593 1020 734 1080 17ὶ5
768 1021 975 1076 Μαθεῖν
1006 1020 1239 1090 Θελὴσας
1266 1020 1360 1073 καὶ
1387 1020 1660 1091 τρυγήσαι
1690 1019 1768 1090 τῷ
1796 1018 1940 1088 λόγῳ

524 1105 532 1110 ’
768 1113 873 1166 Τὸν
905 1112 1206 1182 ἀμπελῶνα
1237 1112 1344 1166 τῶν
1374 1112 1553 1182 σοφῶν
1587 1131 1680 1166 σου
1712 1114 2048 1183 κτισμάτων,

765 1206 880 1260 Οὐκ
906 1201 1021 1259 οἶδα
1050 1207 1203 1260 ποῖον
1229 1204 1425 1276 βότρυν
1454 1206 1708 1276 ἁρπάσας
1731 1205 1902 1260 λάϐω.

767 1298 848 1371 Τῇ
883 1297 1106 1369 ποικίλῃ
1134 1297 1264 1368 γὰρ,
1298 1297 1394 1349 καὶ
1425 1298 1562 1366 σοφῇ
1589 1296 1793 1368 θεωρία

771 1391 876 1445 Τὸν
902 1389 1028 1444 νοῦν
1062 1388 1290 1460 μερίζω,
1330 1388 1420 1441 καὶ
1454 1387 1767 1457 στενοῦμαι,
1793 1387 1888 1440 καὶ
1918 1387 2086 1440 θέλων

592 1482 733 1540 1750
783 1481 956 1535 Ἐλεῖν
981 1480 1048 1535 τά
1078 1479 1292 1551 πρῶτα,
1323 1478 1626 1547 κλέπτομαι
1649 1479 1760 1541 τοῖς
1791 1479 2062 1548 ἐσχάτοις,

768 1573 880 1626 Καὶ
903 1573 1285 1632 δυσκαθέκτοις
1308 1570 1665 1639 ἁντινὴχομαι
1697 1568 1877 1632 σάλοις

777 1665 866 1727 Ὦς
891 1665 939 1717 οἱ
963 1663 1218 1726 πλέοντες
1246 1665 1303 1715 ἐν
1332 1661 1480 1732 βυθῷ
1513 1660 1802 1731 Θαλαττίῳ,

775 1757 938 1810 Ὅσον
975 1757 1279 1826 προκύπτει
1302 1754 1405 1824 τῆς
1436 1753 1673 1808 ἀϐύσσου
1699 1754 1758 1807 τὸ
1783 1748 2000 1820 πλάτος,

771 1848 1046 1918 Πάσχουσι
1078 1847 1276 1917 μᾶλλον
1301 1846 1561 1918 συστολὴν
1582 1849 1638 1899 έν
1669 1847 1882 1918 καρδίᾳ.

596 1939 735 1995 1755
771 1938 834 1992 Εί
865 1941 960 1992 καὶ
993 1938 1194 2010 κράτος
1221 1936 1329 2010 γὰρ
1361 1940 1647 2011 ἀστραπῆς
1673 1937 1977 2008 διαδράμω,

589 2153 655 2194 ea
676 2138 836 2194 etiam
895 2155 1012 2211 quae
1042 2139 1280 2196 nondum
1322 2152 1500 2198 creata
1548 2153 1711 2207 sunt,
1781 2143 1857 2198 lui
1910 2141 2161 2197 vicinita-

590 2237 701 2286 tem
739 2229 994 2293 sentiant,
1044 2238 1098 2286 et
1152 2246 1220 2286 ex
1251 2232 1570 2288 accessione
1602 2242 1706 2289 tuae
1728 2232 2030 2288 divinitatis
2070 2247 2160 2286 re-

589 2333 866 2378 creentur.
907 2322 1052 2378 Ades
1090 2323 1272 2386 enim,
1309 2333 1367 2379 et
1407 2340 1515 2394 quo
1557 2325 1728 2395 magis
1767 2334 1947 2390 astas,
1993 2324 2160 2379 distas

589 2412 938 2487 longissime,
985 2432 1320 2487 manensque
1366 2415 1533 2488 fugis,
1581 2426 1638 2472 et
1683 2417 1856 2472 instar
1883 2416 2016 2473 levis
2035 2432 2158 2471 nm-

589 2501 738 2566 brae,
767 2520 891 2559 cum
919 2504 1040 2574 quis
1084 2505 1140 2559 in
1170 2520 1236 2560 eo
1268 2514 1385 2569 est,
1435 2514 1497 2561 ut
1542 2515 1594 2562 te
1649 2506 1857 2576 capiat,
1911 2521 1942 2561 e
1994 2521 2158 2560 manu

593 2593 870 2650 dilaberis.
905 2595 981 2649 Ita
1024 2610 1156 2651 sane
1172 2597 1300 2650 dum
1335 2595 1567 2667 teipsum
1600 2611 1830 2652 noscere
1867 2597 2162 2652 vehemen-

592 2683 803 2741 tissime
830 2687 1022 2758 cupio,
1070 2697 1127 2742 et
1190 2703 1292 2759 ope
1368 2688 1637 2744 sermonis
1694 2704 1879 2744 rerum
1927 2698 2042 2743 ate
2073 2704 2165 2742 sa-

590 2773 805 2845 pienter
865 2787 1173 2833 creatarum
1209 2780 1422 2834 vineam
1467 2780 1806 2836 vindemiare
1859 2780 2163 2846 contendo,

589 2882 751 2938 quem
777 2869 1010 2938 primum
1039 2879 1165 2926 ante
1195 2871 1328 2928 alios
1358 2888 1632 2929 racemum
1661 2888 1908 2944 carpam,
1941 2873 2154 2929 nescio.

590 2956 765 3015 Tanta
810 2970 896 3016 est
927 2963 1071 3017 enim
1097 2963 1365 3030 varietas,
1415 2971 1471 3020 et
1499 2966 1762 3036 sapientia
1793 2982 1974 3022 rerum
1997 3009 2011 3032 ,
2039 2983 2162 3038 qua:

593 3052 908 3120 spectandae
949 3055 1296 3120 exhibentur,
1319 3064 1381 3110 ut
1403 3057 1537 3112 mihi
1577 3059 1804 3130 spiritus
1831 3059 1883 3113 in
1904 3059 2163 3130 plurimas

1897 350 2216 413 GEORGII
2275 350 2544 411 PISIDAE

3698 349 3836 415 1568

2431 467 2542 521 Kal
2571 465 2772 537 πτηνδς
2807 462 2978 538 ἀρθῶ,
3005 463 3098 519 καὶ
3121 463 3345 535 περάσω
3372 462 3470 528 τὰς
3497 463 3687 532 φύωις
3710 479 3728 496 ·

2433 559 2541 614 Καὶ
2575 559 2772 629 μᾶλλον
2802 558 2974 630 ἀρθῶ,
3002 559 3094 612 καὶ
3129 559 3219 613 τὸν
3251 557 3445 629 αἰθέρα
3473 558 3687 628 σχίσας,

2429 651 2541 714 Τὰς
2567 650 2715 714 κλεῖς
2747 650 2964 716 ἀνοίξω,
2995 650 3203 722 Πέτρος
3230 650 3308 705 ὢν
3337 649 3717 721 πεπλασμένος

2433 743 2544 796 Καὶ
2571 744 2638 813 τῇ
2666 742 2904 813 τοσαύτῃ
2940 742 3015 813 μὴ
3043 741 3332 806 στενωθεὶς
3359 743 3602 805 ἐκτάσει,

2259 830 2396 886 1740
2444 830 2872 903 ’Υπερϐεϐηκὼς
2893 831 3180 902 οὐρανοὺς,
3215 829 3360 901 ὕδωρ
3387 831 3600 900 φθάσω,

2439 925 2600 986 Ἴσως
2629 921 2866 976 ἄϐυσσον
2889 923 2949 988 ἐξ
2975 922 3236 985 ἀϐύσσου,
3277 925 3371 977 καὶ
3404 923 3578 995 πέρας

2446 1016 2612 1087 Ἀρχῇ
2647 1016 2958 1080 συνάπτων,
2989 1017 3083 1070 καὶ
3113 1016 3287 1088 πέρας
3321 1016 3486 1087 μηδὲν
3515 1015 3761 1086 βλέπων

2431 1106 2565 1160 Τότε
2594 1107 2884 1177 προκύψας
2911 1109 2989 1169 είς
3019 1107 3110 1160 τὸν
3135 1107 3304 1178 ἄκρον
3335 1107 3607 1177 πυθμένα,

2435 1200 2542 1260 Καὶ
2573 1198 2928 1263 συνθολωθεὶς
2957 1199 3093 1270 πρὸς
3120 1200 3182 1253 τὸ
3210 1199 3398 1271 χάσμα
3427 1198 3521 1254 τοῦ
3558 1199 3780 1270 βάθους,

2261 1292 2400 1346 1⁸1ίὸ
2443 1287 2666 1360 Ἴλιγγα·
2698 1291 2916 1362 πάσχω,
2949 1293 3042 1345 κα)⁵
3071 1291 3386 1363 κλονοῦμαι,
3417 1293 3511 1346 καὶ
3538 1293 3703 1347 πάλιν

2436 1384 2529 1447 El;
2553 1383 2658 1454 γῆν
2690 1385 2718 1437 ὁ
2751 1383 2918 1453 πηλὸς
2949 1385 3278 1454 συστραφεὶς
3309 1385 3598 1455 ὑποτρέχω
3619 1402 3636 1418 ο

2433 1475 2598 1529 Οὐδὲν
2623 1475 2729 1546 γάρ
2761 1477 2876 1546 εἰμι
2910 1476 3048 1547 πλὴν
3079 1475 3288 1546 γεώδης
3311 1475 3538 1548 αἰθάλη,

2435 1567 2545 1620 Καὶ
2574 1567 2742 1636 πηλὸς
2766 1567 2934 1636 ἀργὸς
2953 1607 2967 1628 ,
3001 1567 3096 1620 καὶ
3131 1567 3485 1639 κατάῤῥοπος
3516 1566 3690 1630 κόνις.

2439 1655 2585 1728 Πλὴν
2617 1661 2708 1710 ποῖ
2737 1657 3080 1729 πτερώμαις
3106 1661 3258 1711 ποῖον
3281 1658 3477 1728 αἰθέρα
3518 1659 3723 1728 σχίσω;

2263 1749 2400 1803 1750
2438 1751 2505 1802 Ἤ
2537 1752 2627 1802 ποῖ
2653 1747 2962 1820 πορευθεὶς,
2996 1750 3088 1803 καὶ
3117 1750 3208 1803 τὸν
3229 1751 3461 1819 οὐρανὸν
3487 1750 3702 1821 τρέχων

2439 1842 2532 1902 El;
2560 1840 2807 1910 πέμπτον
2829 1841 2980 1912 apes
3007 1841 3100 1896 τοῦ
3128 1842 3480 1913 Σταγειρίτου
3510 1841 3713 1903 πέλονς

2439 1935 2508 1988 Ἦ
2536 1935 2689 1988 ποῖον
2718 1930 2874 2000 αὖθις
2897 1935 3075 2002 ἄλλον,
3107 1937 3140 2007 ῆ
3171 1937 3332 1990 ποίαν
3363 1935 3540 2006 πύλην

2260 2152 2322 2198 ιιι
2344 2142 2588 2212 rapidum
2611 2142 2790 2216 fulgur
2816 2158 3100 2199 excurram
3121 2185 3136 2208 ,
3183 2151 3239 2198 et
3281 2141 3432 2198 velut
3456 2141 3574 2198 avis
3600 2143 3837 2200 attollar.

2257 2242 2312 2289 et
2343 2233 2481 2289 ultra
2509 2244 2706 2289 terram
2743 2235 2904 2290 altius
2923 2235 3102 2291 adhuc
3125 2233 3296 2289 elatus
3319 2234 3522 2289 aethera
3557 2234 3804 2290 scindam
3824 2277 3840 2302 ,

2255 2335 2312 2380 et
2348 2327 2484 2381 alter
2531 2326 2721 2384 Petrus
2751 2327 2944 2392 factus,
2977 2342 3100 2397 quae
3147 2334 3275 2380 sunt
3293 2326 3568 2392 obserata,
3596 2326 3845 2382 clavibus

2255 2416 2546 2481 recludam,
2566 2426 2620 2472 et
2642 2425 2789 2472 tanta
2813 2432 3004 2472 cursus
3031 2417 3345 2473 extensione
3362 2417 3494 2472 nihil
3512 2418 3845 2489 defatigatus

2263 2509 2433 2564 caelos
2483 2509 2632 2579 ipsos
2669 2509 3007 2576 inscendam,
3035 2509 3174 2564 ultra
3202 2525 3372 2581 aquas
3401 2511 3666 2577 evadam;
3711 2511 3843 2566 illud

2260 2601 2392 2657 mihi
2421 2601 2646 2657 fortasse
2679 2602 2975 2674 continget,
3002 2608 3062 2656 ut
3085 2602 3336 2674 abyssum
3367 2603 3581 2674 abysso,
3605 2612 3662 2658 et
3680 2603 3845 2658 initio

2263 2692 2665 2761 finem,nullnm
2688 2695 2910 2750 omnino
2925 2695 3115 2751 videns
3130 2695 3313 2761 finem,
3335 2695 3696 2766 coniungam:
3727 2706 3845 2750 tum

2261 2799 2391 2838 vero
2416 2783 2466 2837 in
2497 2782 2825 2854 profundum
2871 2783 3136 2855 gurgitem
3190 2798 3430 2838 cernuus
3489 2783 3842 2848 incumbens,

2267 2882 2323 2929 et
2373 2883 2538 2928 tanta;
2577 2872 2848 2944 voraginis
2911 2871 3062 2926 hiatu
3097 2871 3427 2938 exterritus,
3461 2881 3516 2926 et
3573 2871 3845 2942 vertigine

2268 2965 2628 3020 circumactus
2658 2980 2687 3018 a
2717 2980 2812 3034 spe
2856 2965 3140 3030 decidant,
3205 2963 3387 3018 animo
3446 2963 3650 3019 misere
3697 2972 3846 3019 totus

2270 3055 2585 3124 perturber,
2617 3063 2691 3119 et,
2720 3062 2780 3108 ut
2815 3070 2910 3124 par
2966 3063 3085 3118 est,
3139 3069 3265 3108 cum
3293 3054 3395 3108 sim
3417 3052 3611 3118 limus,
3641 3053 3698 3107 in
3731 3063 3846 3108 ter-

589 3152 773 3216 partes
799 3145 1090 3203 distractus
1121 3149 1278 3220 plane
1304 3149 1520 3206 deficiat
1553 3169 1566 3206 :
1605 3167 1728 3207 cum
1787 3153 1935 3207 enim
1991 3153 2164 3223 prima
2192 3140 2232 3197 C
2268 3163 2381 3203 ram
2417 3163 2656 3218 praeceps
2714 3147 2910 3200 iterum
2964 3145 3240 3200 devolvar.
3300 3143 3440 3201 Vere
3495 3145 3645 3200 enim
3708 3147 3848 3201 nihil

590 3233 807 3304 assequi
838 3238 1120 3307 aggredior
1144 3281 1159 3303 ,
1202 3240 1452 3295 retrahor
1477 3241 1545 3296 ab
1567 3242 1804 3310 ultimis,
1832 3251 1997 3314 atque
2023 3243 2166 3297 inter

589 3323 887 3382 indomitos
925 3328 1122 3385 fluctus
1153 3331 1283 3387 hinc
1340 3331 1467 3388 inde
1507 3333 1740 3406 agitatus
1767 3334 1952 3396 feror,
2005 3344 2170 3404 atque

589 3413 722 3475 illud
753 3421 885 3474 mihi
929 3422 1151 3478 evenire
1195 3425 1409 3490 sentio,
1442 3427 1588 3496 quod
1639 3426 2022 3499 navigantibus
2075 3443 2172 3498 per

592 3509 760 3564 altum
808 3511 978 3578 solet,
1009 3515 1207 3584 quibus
1255 3530 1364 3585 quo
1402 3516 1576 3587 magis
1603 3524 1730 3571 ante
1760 3518 1946 3572 oculos
1975 3533 2174 3588 expor-

593 3607 738 3654 recta
777 3601 1002 3657 vastitas
1039 3604 1202 3658 maris
1231 3613 1485 3674 apparet,
1546 3622 1613 3661 eo
1657 3607 1826 3678 magis
1860 3609 2008 3662 intus
2031 3607 2164 3678 ipsis

594 3692 892 3761 praecordia
923 3709 1035 3764 pra:
1064 3703 1214 3752 metu
1239 3699 1662 3754 contrahuntur.
1697 3697 1958 3766 Quamvis
1991 3701 2162 3766 enim,

2264 3241 2410 3296 aliud
2441 3255 2561 3296 sum
2591 3239 2733 3310 ipse,
2765 3254 2927 3309 quam
2954 3240 3229 3294 terrestris
3256 3255 3446 3295 massa:
3469 3239 3718 3310 quadam
3755 3239 3846 3293 fu-

2265 3333 2405 3405 ligo,
2455 3341 2510 3388 et
2562 3331 2722 3386 molle
2784 3331 2994 3396 lutum,
3063 3341 3120 3386 et
3175 3331 3318 3386 cinis
3386 3332 3616 3387 tendens
3681 3331 3848 3386 deor-

2267 3439 2408 3479 sum.
2444 3421 2646 3478 Verum
2695 3437 2932 3492 quonam
2963 3421 3196 3477 volabo?
3224 3436 3383 3491 quem
3415 3421 3622 3478 aethera
3676 3435 3849 3475 cona-

2267 3515 2370 3570 bor
2395 3514 2803 3590 sci'ndere?ant
2831 3513 3102 3583 quomodo
3147 3529 3246 3583 per
3297 3513 3495 3568 ccelum
3545 3527 3850 3568 excurrens

2271 3621 2442 3676 usque
2487 3605 2554 3661 ad
2577 3605 2822 3676 quintam
2856 3603 3406 3676 Stagiritaasplueram
3422 3602 3674 3658 sublimis
3689 3602 3851 3656 attol-

2270 3699 2388 3754 lar?
2435 3713 2498 3754 ac
2531 3707 2645 3753 tum
2690 3711 2755 3756 ex
2787 3697 2891 3752 hac
2938 3696 2993 3751 in
3047 3695 3243 3762 aliam,
3293 3695 3532 3766 itemque
3567 3695 3627 3750 in
3685 3694 3850 3748 aliam

2091 3872 2320 3932 NOTIE.

593 4028 815 4106 duntur,
848 4039 1040 4106 ‘atque
1101 4033 1302 4106 idcirco
1357 4034 1681 4106 imaginaria
1766 4034 1925 4105 vulgo
1977 4033 2166 4106 appel-

594 4099 793 4173 lantur.
848 4100 922 4156 De
952 4099 1050 4173 _iis
1098 4105 1326 4158 multum
1380 4099 1712 4173 disputatum
1768 4099 1970 4158 est'ab
2013 4099 2160 4158 anti-

591 4171 755 4240 quis.
816 4187 919 4226 nec
983 4172 1177 4227 minori
1223 4171 1570 4230 contentione
1633 4175 1938 4243 disputatur
2002 4175 2164 4228 etiam

594 4255 742 4314 nunc
803 4256 834 4295 a
893 4243 1094 4314 nostris
1167 4244 1523 4314 philosophis.
1599 4244 1779 4299 Pisida
1848 4260 1908 4299 ea
1972 4245 2165 4314 repleri

593 4325 629 4382 a7
683 4311 811 4375 Deo,
862 4313 952 4382 qui
1001 4313 1138 4367 intra
1168 4311 1674 4369 —mundi'ambitum
1707 4326 1852 4370 certe.
1895 4331 2000 4368 non
2035 4311 2168 4367 ron-

592 4381 816 4456 tinetur,
841 4381 1119 4456 decernit;
1141 4395 1360 4438 sanctus
1380 4386 1732 4456 Augustinus,
1761 4402 1818 4447 ιι,
1843 4388 1896 4444 5.
1927 4386 2000 4438 De
2019 4387 2162 4456 civit.

596 4451 726 4524 Dei,
783 4468 905 4506 cum
957 4455 1329 4517 difﬁcultates,
1384 4451 1504 4523 quae
1565 4473 1628 4510 ex
1690 4457 1912 4513 assertis
1973 4455 2164 4524 spatiis

2544 4032 2818 4104 (iratusque
2850 4032 3112 4103 vulgares,
3144 4040 3194 4086 et
3223 4033 3387 4087 udam

2541 4102 2754 4173 Spernit
2781 4102 2994 4157 humum
3024 4104 3254 4175 fugiente
3275 4119 3469 4175 penna.

2262 4173 2431 4228 Recte
2464 4172 2658 4227 Cicero
2697 4175 2863 4228 Acad.
2901 4172 3169 4244 questitv
3209 4191 3222 4228 :
3265 4172 3557 4240 Erigimur,
3607 4172 3858 4230 clariores

2262 4245 2650 4313 ﬁerividemur,
2671 4244 2903 4314 humana
2931 4244 3263 4312 despicimus,
3295 4245 3685 4314 cogitantesque
3701 4262 3859 4313 sitpo-

2265 4331 2326 4367 ra
2355 4355 2368 4377 ,
2404 4325 2563 4384 atque
2589 4313 2834 4378 ealestia,
2864 4315 2974 4368 ha'c
3003 4324 3202 4380 nostra,
3231 4326 3284 4367 ut
3314 4315 3525 4384 exigua,
3550 4313 3605 4368 et
3629 4316 3855 4370 minima

2271 4385 2667 4438 contemnimus.
3046 4409 3051 4417 ι

2345 4455 2500 4528 i758.
2549 4455 2738 4510 Matth.
2795 4469 2885 4509 XVI
2911 4495 2925 4520 ,
2957 4454 3023 4509 19
3053 4470 3066 4506 :
3111 4454 3179 4509 Et
3209 4455 3302 4509 tibi
3325 4456 3461 4509 dabo
3490 4456 3663 4511 claves
3703 4460 3857 4528 regni

592 4513 926 4594 oriebantur,
973 4527 1239 4587 sentiret,
1294 4513 1510 4578 videtur
1563 4541 1626 4580 ea
1686 4540 1944 4594 negasse.
1998 4513 2161 4579 inun-
2196 4513 2532 4583 Dcwtarum.

592 4590 829 4663 dumque
885 4609 992 4646 non
1044 4595 1096 4648 in
1140 4595 1276 4660 loco,
1328 4610 1436 4649 non
1489 4595 1541 4648 in
1593 4590 1856 4663 tempore,
1909 4597 2004 4650 sed
2038 4612 2161 4649 cum

593 4658 994 4733 loco,’et_cum
1054 4658 1298 4733 tempore
1344 4665 1619 4720 conditum
1671 4658 1987 4720 allirmasse.
2039 4665 2162 4719 Dio-

591 4729 798 4799 nysius,
835 4731 906 4803 l_)e
933 4734 1037 4788 div.
1066 4729 1263 4789 nuniiu.
1299 4749 1418 4803 cap.
1451 4736 1499 4799 Ι,
1523 4737 1603 4801 [ut
1632 4734 1798 4790 Deum
1824 4737 1965 4790 intra
1993 4745 2048 4790 ct
2069 4752 2167 4792 ex-

595 4809 674 4852 tra
700 4800 959 4876 mundum
993 4805 1251 4876 exsistere
1272 4800 1604 4867 ostenderet,
1641 4806 1816 4876 ipsum
1853 4807 2162 4876 ὲγκόσμιον,

593 4869 970 4947 περικόσμιον,
1002 4874 1390 4947 ὑπερκόσμιον,
1424 4869 1834 4947 ὑπερουράνιον,
1868 4869 2169 4930 immunda-

593 4954 737 5001 num,
772 4941 1310 5015 circummundanunt,
1337 4941 1840 5013 superniundanum,
1862 4948 2168 5015 supercalc-

589 5017 721 5062 stem
751 5012 981 5065 vocavit.
1015 5013 1170 5075 Vide,
1200 5031 1250 5069 v.
1287 5012 1408 5070 456;

663 5079 822 5158 i
1004 5083 1134 5138 1126
1150 5089 1450 5158 κριμάτων.
1464 5085 1674 5158 Angelu
1683 5102 1732 5139 ιιι
1748 5086 2167 5158 Apocalypscos,

593 5166 704 5215 XIV,
739 5149 835 5225 19.Δ
855 5151 1074 5225 indicat,
1097 5149 1397 5225 qui'jussus
1427 5149 1758 5212 vindEminre
1785 5149 2170 5212 bonos-vinea:

595 5228 752 5302 terra:
775 5262 790 5286 ,
820 5221 1088 5294 ἐτρύγησε
1116 5221 1226 5295 τὴν
1245 5227 1488 5296 ἄμπελον
1518 5227 1616 5298 τῆς
1645 5228 1744 5298 γῆς
1779 5267 1794 5291 ,
1831 5227 2169 5281 vindemiavit

592 5305 797 5345 vineam
825 5302 997 5348 terrae.

666 5360 824 5416 1735.
872 5364 1029 5433 Apoc.
1064 5382 1118 5421 Iv
1140 5407 1154 5430 ,
1184 5365 1260 5438 5_:
1305 5364 1372 5419 Et
1401 5367 1465 5420 de
1493 5369 1677 5422 throno
1700 5368 2042 5436 procedebant
2065 5367 2172 5438 ful-

592 5447 748 5501 gura,
779 5441 828 5485 et
856 5450 1020 5499 voces,
1047 5445 1095 5489 et
1124 5436 1378 5488 tonitrua.

633 5502 823 5582 A756.
864 5503 1086 5582 videtur
1127 5505 1397 5582 respicere
1425 5505 1492 5560 ad
1539 5516 1751 5582 raptum
1779 5508 1928 5582 Pauli
1959 5551 1974 5573 ,
2008 5515 2063 5563 et
2107 5506 2172 5561 ad

594 5573 865 5652 visionem
885 5574 1131 5630 Joannis.
1164 5575 1276 5652 Τάς
1307 5573 1519 5652 φύσεις,
1546 5573 1761 5652 opinor,
1790 5579 2015 5652 hicipro
2030 5591 2170 5632 terra

595 5642 812 5718 accipit,
853 5642 906 5698 in
935 5661 1042 5718 qua
1077 5642 1496 5718 omniafpbeyat
1533 5642 1838 5717 gignuntur.
1867 5642 2053 5704 Simile
2092 5658 2176 5704 est

596 5709 729 5764 illud
761 5709 989 5780 Horatii,
1023 5731 1102 5776 ιιι,
1143 5716 1232 5769 od.
1268 5709 1324 5775 2.
1353 5716 1426 5769 22
1457 5733 1472 5771 :

889 5822 901 5838 .
949 5826 961 5840 .
1007 5825 1018 5837 .
1065 5824 1078 5839 .
1124 5794 1539 5858 .negotatentat
1575 5787 1672 5840 iter
1703 5789 1802 5850 t'iu,

2339 4595 2496 4654 1740.
2555 4596 2691 4651 Gen.
2754 4611 2786 4649 ι.
2838 4595 2917 4650 6:
2977 4593 3095 4648 Fiat
3143 4595 3536 4664 ﬁrmamentum
3582 4598 3638 4648 in
3682 4599 3857 4649 medio

2267 4680 2548 4736 aquarum,
2585 4677 2634 4720 et
2679 4666 2876 4721 dividat
2915 4681 3100 4734 aquas.
3127 4666 3192 4718 ab
3235 4667 3404 4735 aquis.
3452 4665 3516 4718 Et
3552 4668 3673 4736 fecit
3717 4668 3858 4720 Deus

2266 4735 2682 4803 ﬁrmamentum,
2736 4737 3012 4806 diuisitque
3059 4752 3258 4805 aquas,
3296 4752 3412 4806 qua:
3443 4747 3593 4788 erant
3633 4738 3730 4790 sub
3761 4739 3859 4804 fir-

2269 4821 2552 4872 mamento,
2607 4808 2671 4860 ab
2725 4806 2826 4869 liis,
2875 4820 2991 4874 qua:
3037 4815 3190 4858 erant
3235 4822 3394 4875 super
3433 4806 3856 4875 ﬁrmamentum.

2269 4875 2406 4940 Quid
2443 4880 2552 4934 sint
2597 4892 2748 4945 aqua?
2785 4875 3120 4946 superiores,
3165 4883 3220 4946 et
3273 4876 3575 4936 inferiores,
3621 4887 3678 4930 et
3725 4878 3859 4946 quid

2268 4948 2498 5018 aliyssus
2526 4951 2758 5016 desuper
2779 4989 2794 5010 ,
2826 4945 2882 5001 et
2905 4946 3134 5017 abyssus
3159 4945 3416 5001 deorsum
3441 4989 3456 5008 ,
3486 4947 3684 5000 videsis
3711 4947 3860 5018 apud

2269 5015 2457 5073 Patres
2478 5029 2534 5074 et
2573 5015 2914 5086 intcrpretes.

2343 5090 2499 5146 1746.
2531 5089 2667 5144 Gen.
2694 5085 2771 5150 ιιι,
2805 5088 2870 5142 19
2906 5105 2918 5140 :
2948 5085 3120 5138 Donec
3146 5087 3430 5140 revertaris
3460 5087 3514 5138 in
3537 5095 3762 5152 terram,
3798 5089 3862 5140 de

2271 5172 2374 5226 qua
2407 5171 2644 5230 sumptus
2676 5176 2727 5213 es
2752 5174 2770 5213 :
2791 5159 2914 5229 quia
2939 5155 3106 5226 pulvis
3131 5173 3204 5223 es,
3239 5166 3287 5210 et
3306 5157 3362 5210 in
3387 5155 3650 5228 pulverem
3681 5173 3859 5214 rever-

2274 5229 2414 5283 ter-is.

2346 5301 2503 5355 1746.
2527 5299 2659 5354 Cod.
2688 5298 2848 5353 1126.

2490 5370 2554 5422 ἺΙ
2587 5373 2739 5422 ποῖον
2779 5366 2938 5431 αὖθις
2979 5367 3167 5430 ἄλλον,
3192 5366 3224 5431 ἢ
3252 5371 3406 5421 ποῖον
3439 5367 3608 5423 πάλιν

2511 5441 2746 5493 Ἐκεῖνον
2773 5439 3088 5506 ὲγκλείοντα
3105 5479 3118 5497 ,
3137 5438 3232 5490 καὶ
3267 5441 3417 5490 ποῖον
3458 5438 3644 5494 πάλιν.

2275 5509 2446 5576 Quam
2507 5511 2797 5564 lectionem
2861 5510 3197 5564 retinendam
3254 5517 3508 5576 putamus
3571 5526 3584 5561 :
3646 5519 3861 5578 septem

2275 5581 2422 5650 enim
2468 5582 2730 5650 Sphaerus,
2770 5596 2798 5633 a
2839 5581 3037 5648 quibus
3079 5589 3285 5647 septem
3333 5579 3578 5648 planetas
3621 5581 3864 5633 circum-

2277 5649 2427 5713 ferri,
2499 5649 2559 5704 ει
2626 5660 2901 5712 octavam,
2975 5651 3027 5702 in
3107 5665 3212 5716 qua
3272 5650 3670 5703 firmamentum
3735 5662 3863 5702 esse

2277 5720 2600 5775 collocatum
2653 5730 2867 5774 veteres
2928 5720 3298 5782 tradiderunt,
3357 5719 3573 5774 videtur
3628 5735 3862 5774 enume-

2282 5803 2419 5844 rare.
2473 5789 2582 5846 Nec
2633 5790 2992 5846 dubitaverim
3056 5788 3288 5845 Pisidam
3351 5789 3467 5846 lucc
3520 5789 3751 5852 leviter,
3807 5796 3862 5846 ei
