4144 6276
340 320 481 388 1⁸573

492 434 773 506 ’Λνειμένη
806 434 862 488 δὲ
890 435 986 504 τῆς
1016 437 1145 507 ῥοῆς
1178 437 1211 506 ἡ
1249 434 1516 505 χαυνότης
1538 474 1551 495 ν

490 522 583 575 Ἐκ
615 522 707 576 τοῦ
747 522 980 592 γεώδους
1009 526 1070 577 οὐ
1100 524 1348 595 βαρείται
1382 522 1604 595 φορτίου
1627 539 1640 552 ο

481 614 670 685 Ἀρτοι
695 614 751 667 δὲ
784 616 1087 685 πηγάζουσι
1119 615 1471 687 μυριοτρόφοι

331 704 467 760 1810
493 705 584 757 Ἐκ
614 705 1000 775 πενταρίθμων
1026 706 1313 779 ἐκρυέντες
1341 705 1689 776 κλασμάτων.

477 798 661 869 "remp
693 797 748 850 δὲ
772 798 975 869 νέκταρ
1001 796 1494 868 θαυματουργεῖται
1529 798 1690 866 γάμῳ
1710 838 1723 862 ,

484 892 739 960 ’Ἑτοιμος
766 886 907 953 οἶνος
935 890 993 955 ἐξ
1025 891 1237 961 ἀδήλων
1269 890 1509 961 βοτρύων
1534 906 1546 921 ·

502 984 817 1048 Καινίζεται
851 983 909 1035 δὲ
943 982 1148 1051 γεῦσιν,
1180 982 1469 1053 ὄσφρησιν,
1500 982 1682 1052 φύσιν,

501 1077 610 1129 Καὶ
640 1078 791 1146 τρεῖς
822 1076 980 1145 ὅρους
1008 1074 1242 1146 ἧμειψεν
1271 1076 1331 1142 ἐξ
1362 1075 1478 1138 ἐνὸς
1509 1076 1691 1144 λόγου,

327 1167 465 1223 1815
504 1166 639 1235 Παρ’
660 1159 703 1233 ᾧ
734 1164 1010 1228 τελεσθεὶς
1041 1167 1134 1217 καὶ
1158 1163 1428 1231 τελώνης,
1462 1165 1511 1217 εί
1544 1165 1723 1234 θέλει,

500 1258 904 1328 Εὐαγγελιστὴς
934 1257 1145 1326 γίνεται
1181 1256 1504 1327 θεογράφος.

498 1351 678 1422 Πόρνη
707 1350 763 1403 δὲ
797 1350 1032 1421 ῥείθροις
1060 1348 1310 1420 δακρύων
1336 1348 1687 1419 βαπτίζεται,

504 1441 769 1496 Δεικνῦσα
794 1440 911 1504 πῶς
944 1441 1118 1493 ἔνεστι
1148 1438 1391 1493 κινδύνου
1419 1439 1541 1510 δίχα

498 1534 739 1603 Λούτρου
772 1534 1061 1603 μετασχεῖν
1088 1532 1146 1599 ἐξ
1174 1532 1421 1603 ἀνάγκης
1452 1532 1731 1604 δευτέρου.

327 1628 463 1685 1820
498 1627 577 1680 Δι’
606 1620 667 1681 οὗ
695 1627 762 1679 τά
790 1625 939 1679 δεινά
967 1625 1391 1692 δουλαγωγεῖται
1423 1625 1590 1695 πάθη,

497 1717 694 1787 Λώσης
722 1717 777 1769 δὲ
806 1716 1002 1788 πικρὸς
1031 1715 1332 1787 ὲξορίζεται
1364 1716 1566 1788 βρόμος
1585 1734 1600 1748 ο

426 1878 431 1881 ν
497 1807 724 1877 Σφίγγει
758 1806 815 1860 δὲ
849 1806 1021 1877 χωλὸς
1049 1805 1148 1869 τὰς
1174 1804 1480 1876 ἀνάρθρους
1512 1803 1825 1867 συνθέσεις·

324 2015 605 2083 fugantur;
638 2010 829 2067 tumidi
862 2010 1061 2067 lIuctus
1107 1987 1545 2081 maris'pedibns
1579 2008 1891 2072 calcantur;

324 2118 425 2158 nec
461 2103 702 2158 terrestri
738 2103 980 2173 pondere
1016 2118 1217 2173 pressa:
1261 2102 1419 2157 undae
1451 2101 1683 2156 ﬂuentes
1715 2098 1895 2154 subsi-

322 2198 484 2261 dunt;
508 2212 678 2268 panes
703 2196 889 2251 multis
912 2196 1121 2251 alendis
1144 2196 1425 2251 hominum
1451 2194 1709 2259 millibus,
1726 2193 1893 2248 veluti

282 2340 289 2347 ,
322 2302 353 2339 e
382 2286 553 2353 fonte,
585 2301 616 2341 e
646 2286 890 2357 quinque
923 2286 1101 2341 solum
1133 2285 1451 2357 fragmentis
1476 2292 1690 2339 scatent
1718 2285 1894 2338 abun-

321 2380 546 2447 danter;
594 2395 731 2450 aqua
762 2396 829 2436 ex
870 2380 1137 2436 miracqu
1169 2379 1227 2434 lit
1259 2388 1447 2434 nectar
1482 2379 1538 2432 in
1573 2378 1795 2448 nuptiis,
1828 2393 1895 2434 ex

323 2472 613 2542 incognitis
638 2472 869 2527 racemis
893 2482 1140 2542 paratum
1164 2471 1373 2537 vinum,
1406 2485 1609 2525 novum
1630 2469 1895 2525 exhibens

322 2575 535 2634 gustum
564 2565 871 2630 odoratum,
903 2572 959 2619 et
986 2563 1379 2630 substantiam;
1410 2578 1523 2617 uno
1552 2562 1696 2618 enim
1728 2562 1894 2618 verbo

322 2657 488 2711 trium
540 2657 864 2727 qualitatum
919 2648 1143 2711 termini
1190 2665 1319 2711 sunt
1373 2642 1664 2710 immutati.
1715 2653 1893 2709 Tuum

321 2749 443 2804 dico
485 2747 704 2812 Filium,
746 2764 855 2819 quo
903 2748 1115 2803 volente
1160 2748 1488 2819 publicanus
1537 2746 1783 2802 initiatus
1834 2746 1894 2801 lit

322 2840 672 2910 evangelista,
708 2848 763 2893 et
806 2839 1037 2910 scriptor
1076 2839 1327 2906 divinus;
1359 2840 1618 2895 meretrix
1650 2855 1781 2895 vero
1811 2840 1890 2895 Ia-

328 2947 635 3001 crymarum
665 2932 919 2987 fontibus
947 2932 1269 3002 baptizatur,
1290 2948 1391 2986 suo
1414 2933 1665 3002 exemplo
1696 2942 1891 2989 testata

320 3038 427 3090 qua
458 3022 666 3077 ratione
706 3022 830 3091 quis
854 3022 1028 3092 possit
1077 3021 1130 3075 in
1162 3022 1584 3077 necessitatibus
1613 3023 1692 3077 uti
1721 3024 1891 3079 altero

322 3113 537 3169 lavacro
568 3113 685 3169 sine
717 3112 976 3183 periculo.
1003 3112 1182 3167 Tuum
1215 3113 1337 3167 dico
1364 3112 1579 3178 Filium,
1604 3129 1699 3183 per
1728 3130 1889 3184 quem

1694 325 2217 387 HEXAEMERON
2227 373 2242 387 .

2174 433 2504 488 Ἐκτείνεται
2534 434 2590 488 δὲ
2620 437 2846 510 συστολὴ
2879 442 3181 515 παρειμένη
3205 463 3218 475 ο

2184 526 2539 580 Συστέλλεται
2566 527 2623 582 δὲ
2644 528 2990 586 δυσπαθοῦσα
3022 536 3302 606 μακρότης
3321 553 3338 572 ο

2012 617 2147 671 1825
2183 618 2510 688 Ξηραίνεται
2536 620 2592 674 δὲ
2622 626 2845 691 κρουνὸς
2871 625 3232 697 ᾑματωμένος
3249 669 3268 694 ,

2182 709 2433 777 Σφαγεὺς
2460 710 2697 778 ἀγωγὸς,
2725 712 3031 785 ὲμφραγεὶς
3058 717 3135 789 τῷ
3163 722 3457 795 κρασπέδῳ
3476 743 3490 757 ο

2184 802 2347 865 Κόνις
2369 801 2426 856 δὲ
2459 803 2672 873 τυφλῶν
2702 804 2942 875 ὀμματοί
2967 808 3231 881 θεωρίαν,

2184 894 2255 945 Τὸ
2287 892 2513 964 πτύσμα
2536 895 2628 949 τοῦ
2657 897 2965 964 Πλάσαντος
2992 902 3363 977 εὐλαϐουμένη
3388 925 3401 937 ·

2182 986 2289 1037 Καὶ
2317 985 2507 1057 νεκρὸς
2535 986 2665 1058 ᾅδης
2698 990 2908 1057 γίνεται
2938 996 3065 1065 παρ’
3089 996 3296 1062 ἐλπίδα,

2007 1078 2141 1132 1850
2183 1077 2433 1130 Πλούτων
2469 1081 2742 1151 πενιχρὸς,
2772 1086 2865 1138 καὶ
2892 1088 3133 1156 σφαγεὺς
3165 1090 3504 1161 ὲσφαγμὲνος
3524 1110 3539 1125 ο

2177 1171 2519 1240 Μαραξνεται.
2546 1173 2655 1242 γὰρ
2678 1176 2804 1240 τοὺς
2829 1181 3057 1250 νεκροὺς
3084 1181 3395 1249 ἀναπτύων,

2176 1262 2281 1326 Οὓς
2304 1259 2469 1333 εἶχεν,
2503 1264 2595 1329 οὓς
2619 1267 2803 1336 ἔσφιξε
2834 1270 3122 1338 κολπώσας
3148 1278 3299 1331 κάτω

2166 1356 2253 1408 Ἐν
2276 1358 2392 1420 ταῖς
2421 1357 2618 1412 ἑαυτοῦ
2643 1358 2997 1433 ψυχολέθροις
3023 1367 3292 1436 ἀγκάλαις
3315 1387 3329 1402 ·

2150 1448 2297 1509 Ἕως
2328 1448 2389 1501 τὸ
2420 1449 2511 1502 σὺν
2539 1451 2806 1523 γέννημα,
2833 1455 2894 1509 τὸ
2922 1456 3224 1531 ζωηφόρον,

2002 1538 2139 1593 1855
2176 1539 2248 1591 Τὸ
2275 1541 2545 1611 Πατρικὸν
2570 1543 2705 1611 φῶς,
2738 1545 2799 1599 τὸ
2826 1548 2934 1619 πρὸ
2956 1549 3107 1618 ἡλίου
3139 1553 3329 1622 σέλας,

2174 1632 2248 1685 Τὸ
2275 1632 2381 1685 τῶν
2414 1634 2658 1689 παλαιῶν
2684 1639 2904 1711 ἡμερῶν
2928 1642 3045 1698 νέον
3075 1645 3294 1717 βρέφος,

2161 1719 2612 1805 Ἀνεῖλενᾷαὐτὸν,
2644 1725 2765 1779 ἀντ1⁵
2798 1728 2999 1801 λόγχης
3026 1732 3104 1803 τῷ
3132 1732 3291 1805 ξύλῳ.

2231 1806 2369 1860 Ἀλλ’
2392 1803 2437 1863 ὦ
2461 1810 2731 1867 τοσούτων
2757 1815 3096 1889 ἀρχιτέκτων
3121 1803 3416 1893 θαυμάτων
3450 1826 3463 1879 1

2002 2013 2361 2068 articulorum
2410 2014 2683 2085 junctura:
2746 2017 3026 2075 dissoluta:
3088 2023 3463 2096 astringuntur
3515 2026 3570 2081 in

2002 2106 2194 2173 debili;
2243 2116 2473 2161 attracta
2522 2111 2767 2165 membra
2805 2115 3175 2170 extenduntur
3223 2117 3277 2171 in
3331 2118 3569 2175 claudo:

2000 2197 2143 2252 cutis
2176 2215 2244 2253 ex
2275 2202 2466 2256 morbo
2498 2202 2736 2258 distenta
2770 2206 3143 2273 contrahitur;
3179 2210 3455 2280 sanguinis
3497 2212 3573 2266 ri-

2003 2305 2123 2354 vus,
2157 2293 2347 2347 mortis
2366 2295 2649 2358 adduetor.
2675 2295 2885 2350 litnhria
2916 2298 3211 2369 impeditus
3232 2302 3568 2358 exsiccatur:

2000 2381 2196 2452 pulvis,
2231 2385 2464 2440 reverita
2495 2398 2714 2458 Sputum
2755 2387 3047 2454 Creatoris,
3076 2407 3248 2447 aneos
3281 2392 3568 2457 illuminat,

2000 2483 2056 2528 et
2084 2490 2246 2532 orcus
2290 2488 2487 2547 praeter
2519 2494 2669 2549 spem
2720 2482 2970 2549 moritur,
3010 2484 3098 2537 dis
3142 2484 3199 2538 ﬁt
3244 2501 3470 2555 pauper,
3517 2494 3573 2541 et

1999 2568 2242 2623 carnifex
2276 2570 2570 2637 occiditur;
2606 2572 2831 2627 tabescit
2859 2574 3005 2629 enim
3041 2575 3132 2629 ille
3158 2586 3379 2631 coactus
3421 2592 3571 2631 mor-

2004 2667 2128 2712 tuos
2174 2674 2465 2725 evomere,
2530 2677 2667 2731 quos
2716 2663 2921 2731 jamdiu
2976 2665 3280 2732 retinebat,
3328 2682 3573 2737 quosque.

1999 2752 2297 2808 mortiferis
2319 2754 2460 2808 ulnis
2483 2755 2822 2825 amplexatus
2843 2755 2909 2810 ad
2935 2756 3112 2811 sinum
3136 2759 3568 2814 constrinxerat:

1998 2846 2173 2901 donec
2202 2846 2291 2916 qui
2313 2862 2380 2901 ex
2404 2856 2455 2901 te
2477 2848 2692 2918 genitus
2719 2858 2822 2915 est,
2850 2849 2939 2904 ille
2959 2850 3115 2905 dator
3143 2853 3282 2915 vitae,
3316 2854 3571 2923 splendor

1997 2940 2194 3001 Patris.
2226 2949 2354 2993 ante
2380 2940 2546 2995 solem
2592 2941 2775 2995 nitens
2802 2942 2987 3011 jubar,
3032 2959 3169 3012 puer
3194 2946 3395 2999 vetusti
3430 2956 3569 3001 tem-

1996 3028 2148 3097 poris
2182 3042 2374 3082 recens
2401 3036 2584 3093 natus,
2620 3029 2797 3098 ipsum
2828 3045 2936 3084 non
2970 3030 3147 3099 hasta,
3180 3034 3279 3089 sed
3305 3035 3452 3107 ligno
3480 3036 3569 3091 in-

1998 3118 2233 3173 terfeeit.

321 3205 451 3260 ferae
477 3206 758 3276 passiones
786 3204 1130 3259 adducuntur
1159 3204 1212 3257 in
1248 3203 1591 3270 servitutem,
1618 3213 1672 3259 et
1707 3221 1892 3261 amara
1920 3211 1963 3268 C
2066 3208 2112 3264 Ο
2133 3224 2316 3263 rerum
2344 3192 2480 3264 adeo
2502 3212 2943 3268 admirandarum
2976 3215 3169 3270 artifex
3197 3216 3563 3285 omnipotens,

320 3298 688 3355 conviciorum
712 3297 871 3353 sibila
897 3295 1249 3352 eliminantur
1275 3314 1288 3349 :
1311 3311 1408 3366 per
1430 3310 1613 3365 quem,
1648 3297 1888 3367 inquam,

1997 3301 2091 3371 qui
2114 3308 2220 3357 tua:
2245 3302 2539 3358 voluntatis
2560 3304 2809 3371 arbitrio,
2834 3306 3051 3375 quando
3081 3322 3218 3376 opus
3246 3317 3348 3372 est,
3372 3308 3568 3378 januas

1830 3500 2056 3559 ΝΟΤᾸΞ.

394 3664 552 3721 1805.
611 3664 813 3721 Confer
867 3666 1076 3724 iambos
1129 3667 1324 3724 Pisidae
1379 3682 1502 3725 cum
1563 3667 1898 3723 carminibus

320 3736 574 3809 elegiacis
612 3738 781 3809 sancti
830 3736 1072 3809 Gregorii
1120 3738 1447 3794 Nazianzeni
1507 3738 1578 3792 De
1614 3738 1897 3809 miraculis

320 3806 534 3881 Christi,
564 3808 860 3881 secundum
911 3806 1152 3881 quatuor
1189 3810 1567 3881 evangelistas.
1612 3808 1820 3881 Pisida__
1842 3820 1899 3881 ut

321 3878 611 3946 plurimum
661 3878 939 3948 _sequitur
1008 3878 1361 3945 Matthzeum,
1425 3895 1489 3933 ex
1559 3879 1703 3948 quod
1769 3878 1897 3933 illud

321 3963 440 4010 vm,
476 3948 542 4001 i6
585 3965 597 4001 :
643 3946 949 4003 Obtuleruut
993 3949 1039 4002 ei
1072 3948 1260 4002 multos
1296 3946 1843 4003 daemonia'habentes
1876 3967 1894 4003 :

319 4026 367 4071 et
396 4017 635 4087 ejiciebat
682 4018 897 4088 spiritus
936 4019 1087 4072 verbo
1119 4034 1136 4072 :
1173 4028 1222 4073 et
1258 4035 1433 4073 omnes
1478 4019 1618 4072 male
1650 4017 1895 4072 habentes

318 4088 540 4141 curavit.

393 4158 551 4213 I806.
607 4157 740 4212 Ibid.
776 4174 887 4220 xw,
918 4158 988 4212 25
1021 4175 1033 4211 :
1068 4158 1273 4223 Quarta
1305 4167 1483 4212 autem
1513 4157 1698 4227 vigilia
1734 4156 1896 4211 noctis

316 4230 457 4283 venit
487 4230 557 4283 ad
592 4244 675 4281 eos
701 4228 979 4281 ambulans
1004 4245 1159 4297 super
1190 4245 1356 4297 mare.

393 4298 549 4353 1808.
586 4298 721 4352 Ibid.
754 4298 822 4352 29
857 4314 870 4349 :
904 4298 970 4350 Et
999 4300 1309 4352 descendens
1338 4296 1531 4353 Petrus
1562 4302 1625 4355 de
1644 4299 1889 4355 navicula

318 4368 623 4421 ambulabat
654 4384 810 4437 super
838 4385 1054 4436 aquam.
1080 4378 1135 4421 ut
1170 4370 1366 4422 veniret
1389 4372 1458 4421 ad
1484 4368 1686 4425 Jesum.

393 4439 547 4494 1809.
578 4438 715 4511 Ibid.
747 4440 809 4511 17
837 4456 849 4492 ε
881 4438 1001 4491 Νοη
1028 4439 1274 4511 habemus
1298 4439 1380 4492 hic
1410 4440 1513 4492 nisi
1542 4443 1770 4511 quinque
1788 4457 1886 4510 pa-

319 4524 428 4573 nes,
465 4521 513 4563 et
538 4510 679 4590 .duos
718 4509 903 4591 pisces.
926 4508 1086 4591 ...Εε
1121 4508 1569 4589 manducaverunt
1611 4508 1818 4591 omnes,
1840 4520 1887 4591 et
1928 4537 1969 4591 ο

316 4580 548 4633 saturati
583 4588 723 4633 sunt.
750 4620 762 4632 .
786 4617 801 4631 .
840 4576 1283 4631 Mauducantium
1312 4590 1487 4631 autem
1522 4598 1767 4636 numerus
1791 4582 1891 4649 fuit

318 4650 545 4719 quinque
574 4649 742 4702 millia
776 4653 1025 4719 virorum,
1055 4650 1278 4716 exceptis
1318 4649 1641 4704 mulieribus.

391 4718 549 4773 18H.
580 4719 733 4773 .Inan.
772 4735 831 4781 ιι,
858 4720 919 4773 9:
953 4718 1015 4773 Ut
1044 4729 1221 4772 autem
1252 4721 1477 4787 gustavit
1500 4722 1891 4775 architriclinus

319 4806 514 4860 aquam
554 4790 729 4843 vinum
755 4792 973 4859 factam,
1009 4800 1057 4842 et
1085 4806 1186 4842 non
1213 4791 1406 4843 sciebat
1438 4792 1572 4843 unde
1603 4803 1750 4857 esset,
1792 4794 1893 4846 mi-

320 4862 473 4914 nistri
503 4872 679 4915 autent
706 4860 1094 4931 scicbant,rqui_
1110 4860 1395 4913 hauserant
1423 4878 1637 4931 aquam,
1676 4872 1781 4918 etc.

396 4931 551 4987 1815.
587 4931 776 4985 Matth.
828 4946 880 4985 IX
907 4970 921 4991 ,
953 4927 1025 4985 5‘:
1058 4929 1189 4984 Cum
1233 4927 1481 4984 transiret
1523 4927 1713 4996 Iesus,
1762 4932 1893 4986 vidit

316 4999 577 5056 hominem
610 5002 868 5055 sedentem
894 5002 950 5053 in
984 4998 1195 5067 telonio,
1218 5001 1529 5055 Matt/uvam
1558 5003 1785 5057 nomine.
1824 5002 1893 5057 Et

319 5071 398 5124 ait
427 5073 523 5135 illi.
544 5088 753 5143 sequere
780 5087 880 5125 me.

392 5143 548 5199 1817.
586 5139 719 5195 Luc.
753 5157 847 5206 vn,
888 5142 955 5195 '57
985 5157 998 5193 :
1030 5139 1094 5194 Et
1140 5157 1253 5194 ecce
1300 5140 1509 5206 mulier,
1539 5158 1656 5213 qua:
1694 5154 1808 5197 erat
1839 5145 1893 5197 in

274 5270 281 5275 ,
320 5218 533 5272 civitate
558 5213 842 5281 peccatrix.
861 5252 874 5265 .
895 5251 907 5263 .
932 5250 945 5265 .
971 5253 983 5265 .
1013 5223 1058 5263 et
1084 5220 1229 5282 stans
1258 5220 1395 5264 retro
1416 5229 1560 5266 secus
1580 5215 1732 5280 pedes
1756 5214 1888 5282 ejus,

322 5284 748 5355 lacrymis‘caepit
790 5282 1149 5355 rigaregpedes
1180 5281 1315 5350 ejus,
1358 5291 1406 5335 et
1456 5283 1665 5351 capillis
1703 5281 1893 5353 capitis

318 5359 403 5413 sui
437 5353 684 5423 tergebat,
715 5362 761 5406 et
789 5353 1145 5423 osculabatur.

394 5422 547 5482 1819.
606 5423 734 5476 Ibid.
791 5425 856 5476 48
886 5440 898 5474 :
930 5422 1283 5477 llenrittuntur
1332 5424 1378 5477 ei
1429 5433 1655 5491 peccata.
1698 5424 1890 5485 multa,

322 5499 448 5569 quia
491 5494 673 5569 dileait
718 5493 966 5569 multum.
1022 5492 1472 5569 I’mnitentiaest
1514 5494 1679 5569 alter
1714 5495 1891 5569 bapti-

322 5563 491 5624 smus.
544 5564 677 5618 Vide
710 5563 1028 5617 Caltnetimn
1076 5565 1129 5616 in
1179 5565 1307 5617 illud
1363 5564 1524 5617 Marci
1570 5582 1622 5627 ι,
1657 5567 1689 5619 4
1723 5584 1734 5617 :
1772 5563 1891 5619 Fuit

322 5640 551 5693 Joannes
574 5634 863 5704 pra'dicans
898 5634 1211 5704 baptismum
1243 5636 1578 5702 paenitentia.
1601 5637 1734 5689 Cod.
1762 5637 1892 5689 1120

324 5710 488 5765 habet
520 5708 597 5770 εἰς
622 5705 886 5772 ἀνάγκης.

398 5778 552 5835 1820.
576 5774 778 5831 Alludit
807 5774 873 5828 ad
899 5784 1061 5843 caput
1082 5792 1112 5830 v
1132 5773 1391 5841 Matthxi,
1419 5775 1473 5829 in
1498 5791 1606 5845 quo
1630 5775 1892 5830 Christia-

1962 3670 2189 3722 norum
2234 3664 2598 3723 beatitudines
2645 3674 2993 3735 exponuntur
3042 3684 3054 3719 :
3102 3664 3257 3720 Beati
3312 3684 3566 3737 pauperes

1994 3740 2213 3807 spiritu,
2264 3747 2370 3792 etc.
2424 3737 2541 3793 Nisi
2590 3738 2932 3790 abundaverit
2965 3738 3179 3806 justitia
3218 3749 3386 3791 vestra
3422 3740 3568 3807 plus-

1996 3826 2155 3879 quam
2199 3808 2499 3863 Seribarum
2533 3817 2580 3859 et
2614 3807 3037 3873 Pharistcorum,
3074 3825 3177 3862 non
3214 3809 3479 3864 intrabitis
3509 3812 3565 3863 in

1994 3895 2209 3949 regnum
2247 3879 2512 3933 caelorum.

2070 3950 2226 4002 1821.
2277 3949 2408 4001 Ibid.
2447 3950 2509 4002 21
2542 3967 2555 4004 :
2589 3947 2859 4012 Audistis,
2897 3949 3021 4017 quia
3071 3949 3269 4002 dictum
3305 3958 3379 4002 est
3428 3950 3569 4003 anti-

1997 4018 2112 4088 quis
2136 4034 2154 4071 .'
2186 4018 2304 4071 Non
2335 4020 2554 4074 occides.
2585 4057 2597 4070 .
2622 4058 2634 4070 .
2664 4058 2677 4069 .
2705 4055 2717 4068 .
2749 4017 2860 4086 Ego
2886 4028 3062 4070 autem
3100 4019 3215 4070 dico
3250 4019 3411 4081 vobis,
3439 4021 3566 4088 quia

1996 4087 2162 4143 amnis
2192 4088 2281 4157 qui
2307 4090 2552 4142 irascitur
2578 4088 2734 4159 fratri
2764 4104 2889 4151 suo,
2920 4103 3036 4139 reus
3078 4088 3176 4139 erit
3199 4087 3401 4159 judicio
3428 4087 3459 4141 :'
3478 4090 3567 4151 qui

1995 4172 2172 4213 autem
2205 4159 2397 4229 dixerit
2423 4161 2581 4229 fratri
2609 4173 2902 4229 suo,iraca,
2922 4174 3040 4210 reus
3067 4159 3165 4211 erit
3198 4158 3434 4220 concilio,
3459 4169 3566 4212 etc.

1992 4229 2128 4284 Cod.
2165 4228 2299 4282 1126
2326 4229 2490 4283 habet
2514 4229 2693 4296 λώϐης
2722 4228 2779 4297 δὲ
2807 4229 3034 4297 πικράς.

2065 4298 2220 4353 182'2.
2251 4298 2385 4352 Ibid.
2433 4316 2520 4360 xv,
2552 4300 2620 4352 50
2646 4315 2658 4350 :
2690 4296 2757 4350 Et
2788 4296 3116 4351 accesserunt
3143 4297 3214 4351 ad
3254 4313 3369 4350 eum
3403 4296 3568 4352 turba:

1991 4369 2189 4433 multm,
2213 4369 2456 4422 habentes
2479 4386 2648 4423 secum
2682 4377 2871 4427 mutos,
2892 4384 3069 4428 carcos,
3094 4368 3328 4431 claudos,
3352 4367 3564 4434 debiles,

1997 4452 2044 4497 et
2074 4441 2207 4495 alios
2244 4449 2433 4504 mutos,
2457 4449 2563 4493 etc.
2596 4437 2731 4493 Cod.
2762 4438 2918 4499 “26.
2957 4438 3249 4499 συνδέσεις.

2077 4510 2234 4566 18-ὶμ1.
2272 4508 2403 4563 Luc.
2440 4527 2550 4574 xlv,
2577 4511 2651 4564 2:
2684 4507 2751 4561 Et
2800 4525 2913 4563 ecce
2947 4508 3098 4562 homo
3132 4508 3345 4579 quidam
3370 4507 3565 4577 hydro-

1999 4586 2446 4655 picuserat__ante
2476 4581 2645 4636 illum.

2070 4652 2228 4705 1826.
2285 4648 2471 4703 Matth.
2509 4668 2560 4704 ις
2589 4691 2603 4710 ,
2654 4648 2724 4704 20
2758 4666 2770 4701 :
2804 4649 2866 4703 Et
2897 4667 3009 4703 ecce
3046 4648 3268 4713 mulier,
3295 4663 3411 4718 qua:
3437 4664 3567 4701 san-

1995 4723 2168 4797 guinis
2196 4722 2394 4797 ﬂua'um
2421 4722 2725 4797 patiebatur
2745 4721 3013 4797 duodecim
3038 4720 3457 4797 _annis,_acres_sit
3486 4735 3567 4797 re-

1997 4789 2097 4858 lro,
2132 4802 2179 4845 et
2208 4792 2374 4913 tetiqit
2404 4791 2663 4859 ﬁmbriam
2688 4791 2977 4845 vestimenti
2997 4790 3129 4852 eius.
3148 4829 3160 4842 .
3182 4830 3193 4843 .
3218 4789 3283 4842 Et
3314 4789 3460 4842 salva
3485 4790 3568 4858 fa—

1997 4876 2077 4913 cta
2108 4872 2180 4913 est
2212 4878 2297 4913 mu
2324 4861 2401 4913 ier
2436 4878 2499 4913 ex
2528 4863 2620 4913 illa
2652 4863 2801 4913 hora.
2846 4860 2981 4913 Cod.
3020 4860 3157 4913 “‘26
3183 4860 3310 4913 Ieait
3347 4860 3565 4913 σφαγῆς

1996 4876 2077 4984 ita
2108 4872 2180 4984 es;
2212 4860 2401 4914 mulier
2436 4878 2499 4915 ex
2528 4863 2620 4915 illa
2652 4863 2801 4916 hora.
2846 4860 2981 4917 Cod.
3020 4860 3157 4915 1126
3183 4860 3310 4931 legit
3347 4860 3565 4929 σφαγῆς

2034 4951 2149 4984 γωγ
2186 4950 2231 4984 ε.

1995 4938 2231 4995 ἀγωγός.

2256 5002 2412 5056 Joan.
2442 5019 2491 5057 ix
2514 5042 2526 5063 ,
2565 5002 2629 5055 6:
2664 5001 2883 5071 Exspuit
2915 5001 2969 5053 in
3000 5009 3220 5061 terram,
3253 5000 3453 5071 etfecit
3480 5000 3565 5053 lu-

1998 5086 2109 5130 tum
2154 5089 2217 5127 cc:
2259 5082 2432 5140 sputo,
2479 5082 2527 5127 et
2575 5072 2739 5125 linivit
2774 5070 2963 5124 lutum
3007 5087 3165 5140 super
3205 5070 3381 5124 oculos
3427 5071 3563 5139 ejus.

1994 5146 2128 5202 Cod.
2166 5144 2322 5201 1126.
2357 5142 2517 5206 Κόνις
2546 5142 2603 5197 δὲ
2639 5142 2865 5211 τυφλήν.

2067 5216 2224 5271 1829.
2260 5212 2551 5267 ICorinth.
2590 5230 2674 5275 xv,
2706 5212 2815 5265 ‘22:
2851 5212 2916 5266 Et
2946 5214 3078 5266 sicut
3112 5213 3165 5265 in
3198 5212 3363 5265 Adam
3388 5226 3565 5263 omnes

1996 5288 2322 5348 moriuntur,
2372 5283 2447 5335 ita
2500 5294 2548 5336 ct
2592 5288 2644 5339 in
2686 5281 2890 5337 Christo
2921 5300 3095 5337 omnes
3140 5282 3560 5349 viviﬁcabuntur.

1995 5358 2161 5410 Nemo
2194 5354 2328 5408 enim
2362 5355 2431 5405 ad
2465 5356 2623 5409 vitam
2647 5354 2997 5408 immortalem
3030 5354 3308 5407 resurrexit
3338 5351 3436 5402 nisi
3471 5366 3564 5419 per

1996 5427 2278 5485 Christum,
2336 5424 2425 5490 qui
2479 5425 2764 5479 resurrexit
2815 5442 2847 5477 a
2898 5426 3115 5478 mortuis
3148 5422 3396 5492 primitia:
3437 5423 3561 5473 dor-

1996 5494 2452 5564 mientium.7()0d.
2488 5496 2645 5559 “26,
2678 5494 2803 5564 παρ’
2834 5496 3072 5556 ἐλπίδας.

2068 5568 2224 5621 1850.
2262 5563 2408 5617 Idem
2458 5567 2578 5619 eod.
2624 5558 2850 5635 φονεύς.
2902 5575 2957 5619 et
3007 5567 3059 5618 in
3108 5577 3266 5618 versu
3314 5558 3560 5629 sequenti

1996 5636 2319 5690 ἀποπτύων.
2356 5646 2409 5687 et
2444 5634 2645 5691 deinde?
2672 5634 2759 5689 xc)
2774 5634 2959 5697 πώσας
2993 5635 3121 5689 ἔσω.

2070 5706 2225 5760 1858.
2259 5704 2486 5760 Multum
2544 5707 2646 5762 hoc
2685 5708 2849 5761 habet
2895 5706 3119 5775 poetica:
3151 5702 3468 5775 venustatis
3506 5708 3563 5755 et

1997 5777 2293 5847 dignitatis,
2329 5788 2406 5843 ut,
2438 5794 2561 5834 cum
2597 5778 2755 5834 vellet
2788 5771 3164 5832 l‘isidalaudcs
3192 5772 3421 5829 Iieraclii
3456 5771 3563 5827 im-
