4144 6276
779 452 821 506 0
857 446 994 522 πρὸς
1028 445 1090 503 τὸ
1121 446 1213 502 σδν
1249 444 1500 518 βούλημα
1533 442 1632 508 τὰς
1661 443 1776 498 ἄνω
1801 440 1975 504 πύλας

606 543 748 600 1840
785 543 1061 612 Σφίγγων,
1089 541 1178 594 ὅτε
1210 539 1316 611 χρὴ
1336 582 1351 606 ,
1376 537 1471 591 καὶ
1497 535 1794 606 διευρύνων
1821 532 2006 597 πάλιν,

759 636 928 689 Ὅταν
950 635 1202 705 παραστῇ
1233 633 1326 686 καὶ
1350 632 1502 686 δοκεῖ
1530 647 1612 683 σοι
1647 627 1968 700 συμφέρειν,

785 728 895 782 Kal.
925 728 1022 782 νῦν
1051 725 1248 798 παρὼν
1277 724 1464 792 ἄνοιγε
1487 722 1588 785 τὰς
1614 722 1765 776 κάτω
1794 719 1988 780 πύλας.

788 819 971 885 Πύλας
1004 821 1115 892 γὰρ
1143 821 1304 890 ἡμεῖς
1332 815 1616 887 κοσμικῶν
1650 813 1952 883 οἰκητόρων

781 911 1002 982 Ταύτην
1039 910 1312 981 καλοῦμεν
1330 949 1345 972 ,
1370 909 1437 979 ἢν
1464 907 1798 976 ἐπύργωσας
1822 904 1978 958 πόλιν
1996 913 2010 931 ⁸

611 1003 750 1060 1845
790 1006 898 1059 Καὶ
924 1003 1013 1067 δὸς
1039 1004 1132 1058 τὸν
1155 1004 1223 1056 ὲκ
1260 999 1354 1055 σοῦ
1386 999 1764 1073 προσλαϐόντα
1785 997 1846 1052 τὸ
1884 997 2082 1067 κράτος
2101 1035 2117 1060 ,

786 1098 891 1151 Τὸν
920 1095 1320 1168 κοσμορύστην,
1351 1093 1442 1146 τὸν
1470 1091 1704 1161 διώκτην
1734 1089 2012 1161 Περσίδος,

786 1188 1005 1242 Μᾶλλον
1035 1187 1094 1240 δὲ
1123 1186 1215 1238 τὸν
1247 1183 1501 1238 σώσαντα
1532 1183 1625 1236 καὶ
1650 1182 1748 1252 τὴν
1776 1179 2029 1253 Περσίδα,

763 1279 922 1333 ’Ὀλον
947 1278 1218 1348 κρατῆσαι
1249 1277 1338 1330 τὸν
1367 1277 1456 1343 ὑφ’
1477 1275 1629 1346 ἥλιον
1652 1273 1838 1326 τόπον.

785 1370 971 1437 Δεῖξον
1006 1369 1063 1422 δὲ
1091 1369 1192 1439 τὴν
1222 1373 1325 1440 γῆν
1353 1367 1585 1438 οὐρανὸν
1615 1364 1979 1436 μιμουμένην,

613 1460 751 1518 1850
773 1462 926 1525 Ἔνος
955 1461 1287 1533 κρατοῦντος
1319 1459 1472 1530 ἡλίου
1512 1459 1605 1512 καὶ
1635 1457 1744 1510 τῶν
1775 1457 1925 1510 κάτω
1945 1471 1958 1486 ·

787 1556 890 1610 Τὸν
919 1555 1030 1627 γὰρ
1061 1555 1300 1626 φανέντα
1334 1552 1602 1626 Περσικὸν
1633 1551 1996 1620 κοσμοκτόνον
2016 1589 2031 1613 ,

785 1648 994 1715 Πρέπει
1020 1647 1278 1718 γενέσθαι
1304 1645 1574 1716 κοσμικόν
1605 1644 1697 1698 καὶ
1726 1643 2016 1714 δεσπότην.

788 1741 1022 1810 Ποίησον
1051 1740 1214 1794 αὑτοῦ
1245 1740 1374 1802 τοὺς
1405 1737 1637 1808 ἱδρῶτας
1663 1734 1769 1789 τῶν
1805 1735 1984 1789 πόνων

787 1834 1030 1905 Λουτρδν
1064 1832 1375 1905 καθαρμοῦ,
1403 1833 1496 1886 καὶ
1527 1831 1719 1902 στολὴν
1745 1830 2054 1902 ἀφθαρσίας
2078 1845 2094 1862 ο

616 1921 757 1978 1855
793 1921 1036 1994 Αῦξησον
1065 1917 1214 1994 αύτῷ
1241 1922 1336 1977 τοῦ
1371 1922 1536 1992 φόϐου
1571 1939 1664 1976 σου
1690 1921 1750 1975 τὸ
1775 1921 1976 1992 κράτος
1998 1937 2014 1953 ·

791 2012 949 2068 Οὕτω
971 2014 1080 2086 γὰρ
1106 2013 1219 2079 ἕξει
1242 2013 1410 2068 πιστὰ
1439 2015 1734 2085 νικητήρια

613 2199 880 2261 supernas
930 2186 1174 2253 claudis,
1227 2187 1505 2258 itemque,
1555 2185 1650 2242 ubi
1707 2184 1855 2242 aliud
1908 2195 2195 2257 praestare,

611 2291 777 2352 atque
819 2281 1127 2336 conducere
1156 2279 1253 2336 tibi
1293 2281 1529 2345 videtur,
1583 2279 1730 2350 ipsas
1757 2279 2013 2340 recludis,
2052 2279 2203 2333 adsis

615 2390 650 2430 ο
670 2389 820 2430 nunc
846 2373 1138 2443 benignus,
1172 2381 1228 2426 et
1258 2372 1422 2427 hasce
1452 2371 1696 2426 infernas
1728 2380 1914 2441 portas
1943 2370 2199 2441 adaperi:

612 2465 862 2520 omnium
912 2463 1080 2530 enim,
1134 2471 1406 2534 quotquot
1457 2472 1656 2519 terram
1700 2462 1967 2526 incolunt,
2017 2469 2204 2532 portas

617 2569 882 2612 vocamus
915 2556 1059 2610 hanc
1091 2555 1303 2623 urbem,
1343 2556 1452 2611 tuis
1482 2556 1753 2626 praesidiis
1792 2555 2080 2610 munitam.
2120 2554 2204 2610 Tu

617 2649 738 2712 des,
773 2658 835 2703 ut
865 2649 974 2712 ille,
1009 2648 1101 2719 qui
1131 2664 1162 2702 a
1192 2657 1246 2703 te
1273 2648 1515 2704 obtinuit
1553 2647 1864 2720 imperium,
1910 2647 2004 2718 qui
2040 2662 2205 2702 mun-

618 2741 750 2794 dum
777 2740 1046 2805 liberavit,
1077 2740 1368 2796 debellavit
1387 2740 1686 2805 Persidem,
1719 2740 1804 2794 vel
1828 2739 2010 2810 potius
2035 2739 2206 2809 ipsam

1929 322 2252 390 GEORGII
2285 316 2559 387 PISIDAE

2213 445 2261 502 Α

2468 437 2642 509 Νίκης
2671 437 2792 491 κατ’
2812 436 3026 509 ἐχθρῶν
3059 428 3312 502 ἀξιωθεὶς
3340 428 3624 512 δευτέρας,

2450 532 2540 595 Ὠς
2566 531 2695 596 τοῦς
2727 529 2984 595 ἀδούλους
3009 531 3370 603 πυρπολήσας
3401 533 3732 604 βαρϐάρους.

2454 623 2713 690 Ῥίζωσον
2743 623 2896 695 αὐτῷ
2922 625 3051 689 τοὺς
3079 624 3455 685 ὲπανθοῦντας
3481 627 3732 692 κλάδους⁴

2295 717 2430 773 1860
2468 719 2565 782 El;
2593 717 2776 782 ζῶντα
2807 718 3022 790 καρπὸν
3051 721 3327 792 κοσμικῆς
3354 722 3684 794 εὐκαρπίας.

2468 809 2703 880 Ποίησον
2736 809 2933 872 αὐτοὺς
2962 811 3170 880 πατρὸς
3199 811 3559 881 εἰκονίσματα
3578 831 3590 843 ·

2468 903 2626 958 Οῦτω
2652 902 2764 974 γὰρ
2788 903 2975 967 αὐτοῖς
2998 903 3178 958 διττὸν
3205 905 3358 959 ἔσται
3385 905 3449 959 τὺ
3473 906 3678 978 κράτος
3697 947 3714 970 ,

2449 993 2676 1058 Ὀξυνον
2702 995 2887 1058 αὐτοῖς
2918 994 2988 1048 τὰ
3020 994 3149 1066 ξίφη
3177 997 3317 1068 πρὸς
3347 997 3701 1069 Βαρὸἀρους,

2450 1089 2577 1141 Ὅτε
2605 1087 2742 1158 πρὸς
2766 1090 2914 1160 ἡμᾶς
2941 1088 3347 1161 βαρϐαροῦνται
3381 1091 3451 1144 τὰ
3489 1091 3645 1162 ξίφη.

2298 1180 2434 1234 1865
2448 1181 2728 1235 Ἔκτεινον
2759 1181 2945 1246 αὐτοῖς
2977 1183 3058 1246 είς
3080 1183 3140 1236 τὸ
3170 1183 3343 1238 σῶσαι
3370 1183 3470 1248 τὰς
3499 1186 3708 1255 φρένας
3731 1200 3746 1216 ⁸

2471 1271 2760 1326 Σύστειλον
2785 1273 2972 1338 αὐτοῖς
3004 1275 3115 1328 πᾶν
3148 1277 3391 1330 ἐναντίον
3425 1277 3629 1348 θράσος
3648 1295 3662 1307 ·

2473 1364 2752 1418 Πλάτυνον
2775 1365 2962 1429 αὐτοῖς
2988 1367 3087 1430 τὰς
3121 1367 3258 1437 πρὸς
3288 1369 3513 1439 εἰρήνην
3541 1370 3737 1436 πύλας,

2474 1457 2750 1510 Στένωσον
2775 1457 2960 1522 αὐτοῖς
2985 1459 3081 1522 τὰς
3112 1458 3371 1529 ἐπαχθεῖς
3396 1443 3702 1531 φροντίδας.

2456 1549 2517 1602 '0
2552 1550 2901 1622 πατριάρχης
2937 1550 3115 1605 ταῦτα
3143 1553 3337 1627 κράζει
3367 1552 3464 1606 καὶ
3493 1552 3667 1621 λέγει,

2302 1641 2438 1697 18ῖο
2477 1642 2594 1695 Κᾶν
2623 1642 2774 1696 ἐστιν
2813 1643 3142 1714 ίσχνόφωνος
3165 1642 3226 1708 ἐξ
3255 1645 3474 1709 ἀσιτίας
3493 1686 3508 1709 ,

2476 1734 2584 1786 Καὶ
2611 1733 2688 1806 μὴ
2713 1734 2891 1790 λαλῶν
2919 1735 3125 1808 ἤχησεν
3158 1735 3368 1790 ἔνδοθεν
3399 1738 3565 1809 μέγα.

2476 1828 2589 1900 Τὴν
2616 1827 2864 1897 γλῶτταν
2898 1828 3074 1892 ἐνθεὶς
3105 1832 3186 1892 εἰς
3216 1829 3278 1884 τὸ
3299 1830 3414 1902 πῦρ
3438 1832 3540 1901 τῆς
3565 1833 3813 1904 καρδίας,

2453 1920 2730 1990 Ἐκρυψεν
2756 1919 2958 1990 αὐτὴν,
2985 1921 3079 1974 καὶ
3109 1921 3407 1992 στομοῦται
3439 1923 3706 1992 μειζόνως
3723 1941 3738 1956 ο

2477 2012 2586 2083 Beli
2609 2011 2666 2065 δὲ
2701 2013 2888 2081 σιγῶν,
2911 2013 2989 2076 ὡς
3014 2015 3044 2067 ὁ
3073 2009 3319 2078 Μωσέως
3348 2014 3567 2087 φάρυγξ
3584 2034 3601 2049 ο

2301 2196 2390 2241 est
2420 2184 2620 2256 dignus
2649 2183 2877 2242 alteram
2910 2186 3119 2243 referre
3158 2202 3225 2244 cx
3274 2188 3530 2246 hostibus
3581 2189 3883 2257 victoriam,

2305 2275 2429 2348 igne
2459 2275 2756 2331 devastatis
2785 2275 3042 2340 Barbaris
3067 2277 3162 2332 tibi
3191 2280 3400 2335 servire
3424 2281 3880 2338 detrectantibus.

2303 2369 2387 2424 Tu
2426 2384 2595 2439 super
2621 2368 3033 2426 elllorescentes
3061 2372 3182 2442 ejus
3211 2373 3463 2429 surculos
3493 2385 3602 2430 tam
3641 2374 3770 2431 altis
3798 2389 3887 2431 ra-

2303 2461 2517 2517 dicibus
2571 2462 2858 2526 conﬁrma,
2893 2473 2953 2518 ut
2999 2465 3069 2520 ad
3120 2465 3312 2533 mundi
3357 2466 3676 2524 felicitatem
3732 2468 3888 2524 vivos

2303 2552 2518 2608 fructus
2542 2554 2865 2623 producant.
2891 2554 3018 2621 Fac,
3053 2565 3113 2612 ut
3139 2556 3251 2611 sint
3279 2558 3452 2628 patris
3475 2559 3774 2632 imagines;
3807 2562 3889 2617 sic

2303 2646 2450 2700 enim
2483 2646 2586 2701 illis
2619 2647 2782 2702 inerit
2813 2647 3014 2719 duplex
3065 2651 3331 2720 potentia.
3372 2651 3548 2708 Enses
3591 2669 3786 2710 eorum
3830 2655 3888 2710 in

2304 2738 2572 2794 Barbaros
2601 2755 2824 2806 exacue,
2851 2755 2976 2795 cum
2998 2752 3190 2797 contra
3218 2759 3320 2799 nos
3340 2743 3644 2802 Barbaricis
3664 2747 3891 2803 ensibus

617 2834 900 2891 Persidem
935 2834 1192 2899 servavit,
1229 2847 1448 2888 omnem
1489 2832 1595 2888 late
1627 2832 1928 2902 subjectam
1971 2831 2074 2886 soli
2118 2844 2209 2887 re-
2307 2843 2646 2905 grassantur.
2681 2832 2902 2889 Mentes
2927 2835 3168 2904 ipsorum
3197 2837 3384 2903 dilata,
3419 2847 3482 2893 ut
3507 2854 3696 2894 rerum
3723 2840 3890 2896 saluti

607 2927 836 2999 .gionem
867 2936 1038 3000 regat,
1057 2935 1114 2982 et
1139 2927 1428 2998 gubernet.
1453 2924 1693 2980 Ostende
1716 2933 1916 2979 terram
1944 2922 2059 2993 jam
2086 2937 2210 2979 esse
2308 2927 2617 3006 consulant,
2651 2935 2706 2982 et
2734 2943 2952 2984 omnem
2985 2927 3222 2984 hostium
3250 2931 3531 2987 audaciam
3562 2935 3890 3005 comprime.

609 3020 819 3075 tactam
862 3019 1146 3090 exemplar
1179 3019 1301 3074 cmli
1336 3036 1350 3073 :
1380 3033 1524 3074 unus
1559 3026 1620 3074 ut
1649 3015 1763 3072 illic
1789 3017 1890 3082 sol,
1925 3030 2068 3071 unus
2114 3015 2204 3071 hic
2306 3018 2466 3074 Pacis
2509 3028 2640 3074 ante
2686 3018 2836 3090 ipsos
2874 3030 3062 3091 portas
3088 3022 3357 3092 expande,
3395 3039 3700 3096 gravesque
3729 3042 3894 3083 curas

620 3111 783 3166 etiam
842 3112 1025 3166 omnia
1084 3112 1438 3166 dominetur:
1471 3109 1730 3167 convenit
1775 3109 1958 3177 enim,
2000 3118 2062 3164 ut
2107 3107 2200 3178 qui
2231 3155 2277 3214 ο
2309 3111 2391 3166 eis
2425 3111 2709 3167 imminue.
2746 3111 2872 3169 Haec
2899 3122 3047 3180 sunt,
3075 3131 3197 3185 quae
3223 3116 3534 3187 patriarcha
3585 3119 3894 3175 inclamans

615 3198 821 3256 Persici
847 3201 1038 3255 mundi
1065 3200 1302 3256 domitor
1325 3199 1597 3270 apparuit,
1623 3198 1791 3254 totius
1817 3197 1982 3252 etiam
2012 3195 2205 3252 mundi
2233 3195 2277 3214 “⁴
2307 3203 2422 3258 ait:
2445 3205 2698 3273 quamvis
2722 3205 2868 3260 enim
2893 3223 2998 3263 vox
3026 3207 3099 3261 illi
3127 3208 3198 3263 ob
3223 3210 3615 3268 abstinentiam
3639 3213 3897 3271 faucibus

617 3294 879 3352 dominus
912 3295 1129 3350 evadat.
1165 3293 1292 3356 Fac,
1327 3302 1384 3348 ut
1411 3293 1662 3348 laborum
1686 3290 1980 3346 sudoribus
2015 3288 2204 3358 expia-
2308 3282 2620 3361 adhaeserit,
2649 3311 2903 3368 magnum
2932 3305 3115 3353 tamen
3148 3299 3286 3370 ipse,
3319 3302 3401 3355 vel
3425 3302 3561 3357 nihil
3593 3305 3896 3375 loquendo,

621 3387 791 3443 tionis
817 3387 1118 3446 lavacrum.
1155 3395 1212 3443 et
1241 3387 1432 3443 stolam
1466 3383 1891 3440 immortalitatis
1922 3382 2022 3438 sibi
2053 3397 2208 3438 com-
2310 3386 2484 3442 edidit
2528 3387 2674 3442 intus
2720 3403 2936 3443 sonum.
2982 3388 3198 3462 Quippe
3235 3407 3344 3461 quo
3378 3395 3548 3465 magis
3582 3412 3740 3452 suam
3780 3399 3898 3453 lino

620 3481 916 3550 paraverit.
963 3477 1045 3534 Tu
1077 3479 1185 3534 vim
1215 3480 1269 3534 in
1302 3479 1420 3550 ipso
1461 3477 1538 3532 tui
1585 3476 1800 3531 timoris
1842 3475 2052 3546 adauge
2081 3493 2096 3530 :
2129 3474 2209 3529 sic
2307 3491 2468 3547 gnam
2522 3476 2574 3530 in
2624 3476 2746 3548 igne
2793 3478 2973 3534 cordis
3021 3480 3296 3552 immergit
3333 3494 3389 3538 et
3433 3485 3739 3555 abscondit,
3773 3491 3897 3560 ipse

623 3569 775 3626 enim
813 3586 941 3627 vere
980 3586 1094 3626 suae
1128 3571 1251 3626 ﬁdei
1288 3572 1496 3642 palmas
1537 3568 1829 3635 obtinebit,
1861 3567 1955 3638 qui
1989 3566 2209 3622 habitus
2311 3568 2558 3624 redditur
2582 3569 2840 3625 vocalior.
2868 3569 3079 3627 Clamat
3114 3573 3285 3640 enim,
3318 3575 3403 3630 vel
3425 3575 3616 3644 silens,
3648 3589 3709 3634 ut
3727 3580 3897 3639 Mosi:

2140 3701 2368 3759 NOTAE.

626 3822 919 3897 peratoris‘
945 3822 1260 3897 adiungere,
1307 3824 1672 3895 patriarcbam
1713 3822 1964 3895 Sergium
2009 3837 2108 3892 pro
2142 3837 2209 3878 eo

627 3894 876 3952 orantem
909 3894 996 3947 hic
1027 3894 1326 3950 induceret.

701 3966 858 4038 1845.
887 3967 1058 4038 Quam
1084 3966 1254 4020 eﬂ'use
1277 3965 1449 4023 Graeci
1485 3967 1778 4038 scriptores
1813 3962 2205 4038 Constantino-

627 4037 795 4108 polim
820 4036 1019 4108 urbem
1047 4036 1414 4108 laudaverint,
1454 4035 1612 4108 patet
1638 4055 1703 4094 ex
1743 4035 1928 4108 multis
1958 4035 2207 4108 testimo-

627 4104 736 4160 niis
767 4106 1016 4161 adductis
1047 4122 1076 4159 ιι
1101 4107 1418 4164 doctissimo
1441 4104 1636 4165 Carolo
1668 4107 1953 4167 Dufresue,
1983 4107 2035 4158 in
2064 4104 2206 4158 Con-

626 4177 917 4251 stantinop.
956 4175 1282 4251 Christiana,
1315 4195 1438 4251 pag.
1473 4181 1578 4246 53;
1629 4186 1869 4251 sanctus
1907 4174 2202 4251 Gregorius

627 4247 1030 4307 Nazianzenus,
1064 4247 1116 4300 in
1141 4247 1422 4304 carmfxft
1443 4291 1456 4314 ,
1486 4251 1566 4304 Ad
1595 4247 2202 4314 Constantinopolitanos

631 4318 919 4391 episfopos,
953 4317 1031 4370 sic
1061 4317 1230 4391 ipsam
1267 4320 1458 4391 urbem
1510 4321 1848 4391 alloquitur;

736 4383 815 4461 ’ξίῖ
848 4383 1262 4461 Κωνσταντίνου
1288 4390 1500 4444 κλεινὸν
1524 4383 1650 4455 ἕδος
1672 4387 1936 4461 μεγάλου,

641 4457 942 4533 Ὀπλοτέρη
985 4457 1172 4533 Ῥώμη
1191 4498 1207 4522 ,
1233 4461 1436 4533 τόσσον
1459 4456 1812 4533 προφέρουσα
1845 4456 2082 4528 πολήων,

748 4527 1040 4601 Ὅτσόιτιον
1066 4527 1228 4601 γαίης
1255 4531 1482 4600 ούρανδς
1506 4527 1817 4601 ’ὸστε’ρόεις.

706 4598 856 4660 Urbs,
885 4598 1228 4654 Comtantino
1266 4598 1382 4670 qua:
1413 4613 1564 4670 patre
1590 4598 1737 4656 clara
1763 4601 1922 4670 viges,

629 4666 798 4741 Rapta
837 4678 1073 4741 nova,_et
1097 4679 1243 4723 tanta
1265 4666 1516 4741 reliquas,
1549 4688 1667 4740 qua:
1687 4666 1926 4741 prteteris
1964 4667 2135 4730 urbes,

706 4738 881 4810 Quam
915 4739 1099 4793 (telum
1133 4750 1330 4794 terram
1353 4738 1508 4795 vincit
1532 4738 1580 4796 et
1613 4738 1912 4810 exartperat.

706 4809 863 4881 1844.
899 4810 1434 4881 Constantinopolim
1494 4812 1680 4868 divino
1737 4806 1973 4877 impulsu
2042 4806 2212 4881 fuisse

631 4878 956 4950 aediﬁcatam
989 4920 1004 4943 ,
1038 4880 1155 4950 ipse
1183 4878 1575 4938 Constantinus
1608 4884 1675 4938 de
1713 4899 1772 4936 se
1800 4889 2055 4950 testatum
2092 4878 2216 4950 reli-

631 4949 752 5017 quit
801 4949 854 5002 in
893 4950 985 5002 lib.
1026 4947 1099 5004 vit
1145 4951 1279 5007 Cod.
1328 4953 1538 5008 Theod.
1587 4953 1661 5008 De
1702 4949 1999 5006 navicular.
2041 4965 2059 5001 :
2105 4947 2214 5002 Pro

633 5020 1646 5094 eornmoaitateurbis,quatttiteterno
1699 5023 1940 5084 nomine,
1977 5019 2084 5072 Deo
2117 5019 2215 5088 ju-

633 5089 802 5147 bcnte.
827 5089 1305 5148 douavimus.Vide
1341 5093 1603 5149 llul'resne
1627 5094 1730 5148 loc.
1764 5094 1860 5146 cit.

633 5228 692 5300 ἡ)
709 5159 877 5281 ἐδένθᾶ
899 5159 1032 5214 Cod.
1069 5163 1206 5217 “'26
1244 5165 1457 5232 melius,
1483 5165 1665 5220 ’Όλων
1692 5164 1962 5235 κρατῆσαι
1983 5157 2094 5212 τῶν
2123 5159 2216 5229 ὑφ’

692 5269 701 5279 .
728 5248 772 5299 ῳ
799 5247 828 5281 τ
868 5248 1004 5284 πων.

692 5247 772 5299 λῳ
799 5247 1004 5284 τοπων.

712 5299 879 5376 18315.
915 5301 1057 5376 IJem
1090 5304 1212 5360 cod.
1253 5305 1486 5376 Ποίησον
1526 5305 1698 5376 αὐτῷ,
1733 5314 1788 5360 et
1834 5303 1888 5357 in
1935 5316 2093 5355 versu
2126 5316 2215 5355 se-

635 5373 824 5440 quenti
857 5372 1061 5436 Δεῖξαι.

713 5442 870 5496 1857.
925 5443 1201 5497 Morellius
1257 5455 1480 5500 vertens
1537 5443 1792 5510 ἀξιωθεὶς
1846 5444 2112 5512 referens,
2165 5451 2219 5496 et

640 5513 1000 5581 πυρπολήσας
1032 5523 1269 5577 vastans,
1308 5515 1520 5569 videtur
1559 5517 1877 5577 credidisse,
1901 5518 2004 5568 hoc
2026 5527 2216 5580 poema

639 5580 807 5654 i'uiSse
853 5580 1167 5637 comet-tum
1191 5625 1205 5648 ,
1240 5586 1552 5654 priusquam
1605 5587 1884 5642 llcraclius
1923 5587 2014 5654 de
2042 5584 2219 5638 l'crsis

642 5651 839 5724 iterum
893 5651 1302 5723 triumphasset.
1361 5651 1658 5724 Deceptum
1709 5672 1870 5710 nctuo
1927 5653 2216 5718 dubitavit,

641 5721 736 5796 qui
772 5723 880 5775 vim
933 5721 1222 5796 verborum
1275 5721 1644 5796 perpende-rit.
1691 5727 1801 5782 Cur
1848 5727 1994 5780 enim
2046 5727 2218 5779 llera-

643 5789 807 5844 clium
842 5795 1135 5863 appellaret
1171 5789 1574 5868 κοσμορύετην,
1631 5799 1810 5851 vitandi
1862 5798 2213 5863 liberatorem,

2305 3823 2396 3896 τὸν
2428 3821 2678 3896 σώσαντα
2707 3823 2806 3896 τὴν
2834 3824 3090 3896 Περσίδα,
3134 3843 3287 3892 eum,
3319 3827 3409 3896 qui
3437 3829 3664 3883 servavit
3699 3827 3892 3884 Persi-

2306 3893 2456 3970 dem,
2478 3893 2569 3970 τὸν
2599 3893 2836 3970 φανέντα
2865 3893 3134 3970 Περσικὸν
3164 3893 3530 3970 κοσμοκτόνον
3549 3941 3564 3963 _.
3608 3916 3729 3970 eum
3749 3939 3763 3962 ,
3796 3902 3893 3970 qui

2306 3963 2506 4017 Persici
2550 3963 2732 4019 arandi
2775 3963 3005 4020 domitor
3039 3963 3327 4035 apparuit;
3373 3969 3418 4022 si
3463 3969 3759 4024 secundani
3798 3963 3894 4026 ille

2306 4035 2588 4110 victoriam
2624 4036 2866 4091 nondum
2904 4037 3211 4110 retulisset,
3251 4039 3322 4110 in_
3351 4053 3455 4107 qua
3507 4037 3705 4094 Persas
3757 4056 3892 4110 pro-

2306 4103 2553 4230 glgag'it,
2617 4116 2677 4160 ut
2729 4117 2944 4162 constat
2974 4123 3042 4162 ex
3085 4103 3390 4176 historicis,
3439 4117 3605 4180 atque
3656 4125 3724 4166 ex
3759 4103 3894 4182 ipso

2353 4191 2416 4228 lSl
2458 4192 2507 4230 a.

2353 4191 2507 4230 15102.

2386 4248 2543 4319 1858.
2575 4247 2712 4302 Cod.
2750 4248 2908 4319 “26,
2957 4249 3066 4302 Kal
3094 4249 3222 4313 τοὺς
3251 4249 3482 4319 ἀδήλους
3508 4291 3524 4315 ,
3571 4265 3695 4319 quae
3727 4251 3890 4306 lectio

2312 4332 2422 4371 non
2453 4317 2662 4390 placet;
2707 4318 2968 4383 ἁδούλους
2987 4335 3096 4390 cur
3117 4317 3390 4390 Murellius
3416 4317 3601 4374 vertat
3613 4321 3889 4390 ignobiles,

2315 4403 2424 4458 non
2459 4389 2720 4458 intelligo.
2772 4389 3176 4444 Putol’isidam
3210 4389 3464 4453 ἁδούλους
3488 4431 3503 4453 ,
3539 4389 3694 4458 quasi
3736 4391 3893 4446 ἀδου-

2314 4456 2571 4530 λεύοντας
2600 4456 2678 4530 τῷ
2719 4459 2838 4530 Θεῷ
2883 4475 3144 4524 vocasse,
3189 4475 3260 4513 ne
3309 4456 3588 4515 ﬂerat-lius
3638 4460 3784 4514 ferus
3836 4472 3895 4516 et

2316 4529 2570 4584 immanis
2603 4529 2916 4599 haberetur,
2939 4531 3029 4599 qui
3055 4530 3342 4584 Persarum
3372 4532 3535 4585 urbes
3560 4531 3888 4586 incenderit.

2384 4599 2540 4655 1859.
2595 4599 2668 4654 De
2717 4601 2846 4654 ﬁliis
2888 4594 3120 4656 lleraelii
3167 4600 3289 4654 vide
3345 4599 3611 4654 Familia:
3663 4602 3890 4671 Byzaut.

2311 4667 2833 4742 Caroli-Dufresne,
2876 4687 2997 4742 pag.
3039 4672 3160 4726 118.
3203 4671 3311 4725 Nos
3350 4671 3477 4726 alibi
3527 4667 3895 4742 Opporiunius

2312 4740 2511 4808 aliquid
2545 4742 2827 4795 addemus.

2389 4810 2542 4866 1864.
2585 4811 2718 4866 Cod.
2755 4810 2892 4864 1126
2927 4813 3014 4864 ὅτε
3060 4811 3183 4865 καθ’
3211 4809 3400 4882 ἡμῶν·
3447 4820 3502 4866 et
3528 4811 3580 4865 in
3613 4828 3775 4867 versu
3805 4828 3896 4867 se-

2313 4883 2501 4951 quenti
2531 4883 2811 4935 ’Έκτεινον
2841 4883 3018 4934 αὐτῶν
3050 4885 3127 4944 είς
3152 4883 3211 4936 τὸ
3246 4882 3462 4951 σώζειν.

2389 4952 2544 5006 1869.
2590 4955 2735 5006 Idem
2783 4958 2908 5006 cod.
2948 4953 3137 5022 κράζει
3168 4949 3471 5023 συντόμως.
3519 4952 3688 5007 Recte
3716 4952 3896 5008 Pisida

2315 5021 2562 5092 Sergium
2607 5021 3270 5091 Constantinopolitanum
3302 5021 3692 5092 patriarcham,
3729 5038 3897 5092 quem

2316 5093 2686 5162 ἐργοδιώκτην
2721 5107 2780 5146 se
2816 5094 3069 5148 habuisse
3108 5095 3160 5148 iu
3193 5094 3460 5163 principio
3490 5093 3761 5162 poematis
3793 5095 3898 5147 de-

2316 5161 2559 5226 claravit,
2596 5161 2888 5233 compellat
2939 5163 2993 5216 in
3037 5164 3160 5217 lide.
3195 5161 3392 5224 ’Vide',
3439 5180 3559 5232 quae
3587 5165 3653 5217 ad
3683 5179 3824 5217 vers.
3861 5163 3902 5216 2

2315 5236 2696 5288 adnotavimus
2726 5235 2870 5287 circa
2898 5233 3108 5297 laudes,
3158 5234 3356 5303 quibus
3409 5233 3582 5305 Sergii
3635 5233 3903 5303 pietatem

2316 5305 2678 5359 commendat.

2394 5375 2546 5429 187i.
2587 5373 2721 5428 Cod.
2773 5373 2913 5428 idem
2940 5413 2981 5444 ,7
3003 5373 3114 5425 Kal
3159 5374 3234 5444 μὴ
3271 5371 3449 5425 λαλῶν
3485 5372 3690 5426 ἔσωθεν
3719 5375 3902 5444 ἤχησε

2320 5445 2484 5515 μέγα.
2515 5445 2581 5498 Ει
2616 5445 2670 5497 in
2697 5461 2856 5500 versu
2888 5443 3044 5507 1875,
3075 5443 3352 5515 "expuam
3381 5444 3533 5496 αὐτό.

2393 5516 2550 5571 18⁵14.
2593 5515 2748 5584 Saepe
2801 5515 2853 5568 in
2888 5523 3073 5568 sancta
3107 5513 3388 5585 Scriptura
3433 5515 3664 5582 legimus
3693 5515 3906 5570 Mosam

2317 5585 2584 5640 clamasse
2625 5589 2691 5639 ad
2744 5585 3031 5638 Dominum
3071 5600 3180 5638 non
3210 5601 3371 5648 voce,
3415 5587 3510 5638 sed
3546 5596 3752 5647 urente,
3784 5601 3903 5639 non

2318 5656 2500 5727 lingua
2526 5697 2541 5721 ,
2571 5657 2664 5712 sed
2705 5655 2981 5729 desiderio
3009 5657 3200 5729 :_unde
3229 5656 3343 5729 ipse
3372 5655 3635 5729 Dominus
3676 5657 3742 5709 ad
3791 5656 3910 5729 Mos

2317 5724 2431 5781 seni
2473 5736 2742 5782 tacentem
2783 5728 2861 5782 ait
2899 5724 3069 5780 Exod.
3111 5743 3218 5791 xiv,
3252 5724 3382 5781 illi:
3417 5725 3555 5791 Quid
3583 5726 3784 5784 damas
3829 5728 3906 5783 ad

2321 5814 2400 5851 me
2415 5798 2442 5850 .9
