4144 6276
342 403 478 471 1539

478 521 589 576 Kat
617 520 791 594 μηδὲν
816 522 972 591 είδὼς
999 527 1203 584 ειδέναι
1226 528 1403 585 δοκεῖν
1429 529 1598 599 θέλει,

478 612 687 684 Διπλῆν
710 613 850 685 Ιχων
875 615 1062 673 ἀνοιαν
1088 620 1168 684 είς
1190 620 1369 692 ψυχὴν
1404 622 1559 693 μίαν,

477 704 723 770 Πλαστδς
756 708 1034 780 σοφιστὴς,
1074 711 1256 783 μωρὸς
1281 713 1697 785 ἡττικισμένος·

477 796 590 852 Kal
614 798 875 864 παίζεται
908 800 1008 871 μέν
1028 817 1043 832 ·
1074 801 1217 873 πλὴν
1239 804 1378 869 τέως
1404 808 1595 876 φρονεῖ
1619 806 1784 879 μέγα,

342 886 446 942 105
482 887 629 953 Ἕως
651 890 918 961 παρέλθοι
938 891 1033 946 τοῦ
1058 891 1176 963 βίου
1200 893 1262 947 τὸ
1288 895 1565 964 παίγνιον.

550 980 709 1037 οὕτω
742 983 954 1053 πέφυκε
982 984 1093 1040 τῶν
1124 985 1357 1056 ῥεόντων
1380 990 1413 1060 ἡ
1441 989 1625 1059 φύσις,

478 1071 694 1145 Σκηνῆς
716 1073 941 1146 ἀδελφὴ,
976 1077 1246 1151 συγγενὴς
1274 1080 1544 1135 ἐνυπνίων
1564 1098 1578 1112 ο

478 1165 818 1239 Παρέρχεται
846 1169 955 1239 γάρ
980 1172 1088 1235 πᾶς
1117 1171 1147 1226 ὀ
1174 1169 1270 1226 τοῦ
1303 1172 1477 1244 τύφου
1507 1173 1693 1241 σάλος,

489 1255 579 1321 Ὠς
605 1255 792 1322 ὕπνος.
815 1259 892 1324 ὡς
924 1260 1135 1332 ὄνειρος
1164 1264 1265 1319 οὐκ
1296 1265 1435 1336 ἔχων
1465 1268 1658 1323 στάσιν
1679 1283 1693 1299 ·

340 1346 444 1404 110
478 1348 592 1404 Kal
619 1349 882 1415 πολλάκις
903 1352 1160 1423 χυοέντα,
1180 1356 1274 1409 καὶ
1300 1356 1680 1428 τεθρυμμένον

489 1442 580 1498 Ἐν
603 1444 670 1515 τῇ
695 1444 817 1499 καθ’
849 1443 1021 1499 ὕπνον
1033 1447 1146 1501 τῶν
1166 1448 1443 1520 λογισμῶν
1470 1451 1719 1506 ἐνστάσει

492 1535 815 1608 ’Δναιετεροῐ
842 1536 932 1591 τὸν
962 1539 1128 1611 ἄνδρα
1151 1542 1217 1612 τῇ
1251 1541 1429 1615 κούφῃ
1458 1542 1579 1615 Θὲᾳ.

481 1628 721 1683 κλέπτει
743 1630 802 1684 δὲ
826 1630 919 1685 τὸν
942 1630 1089 1691 νοῦν.
1118 1633 1215 1686 καὶ
1247 1634 1499 1705 μεταίρει
1527 1635 1628 1705 τὴν
1662 1634 1849 1705 φύσιν,

478 1719 690 1793 Ὠσπερ
717 1722 952 1794 πονηρὸς
975 1722 1086 1777 τῶν
1106 1724 1317 1792 φρενῶν
1345 1724 1659 1796 ὁδοστάτης.

341 1811 444 1868 115
483 1813 589 1867 Kal
613 1812 845 1869 πλοῦτον
873 1814 1022 1886 αὐτῷ
1051 1814 1127 1887 μὴ
1158 1816 1402 1888 παρόντα
1434 1816 1708 1889 συλλέγει,

1570 418 1674 481 ΒΕ
1721 418 1908 485 VANI'

2011 419 2098 482 ΓΕ
2146 421 2363 485 νιτΑε.
3453 424 3589 497 1590

1936 540 1984 599 Δ

2150 537 2262 590 Καὶ
2296 542 2715 612 σχηματουργεῖ
2738 541 2834 606 τάς
2859 541 3124 609 ἑνύπνους
3147 544 3324 614 ἀξίας.

2160 630 2348 700 Χαρᾶς
2374 631 2655 702 ἀπράκτου
2684 634 2951 690 δεικνύων
2982 637 3303 709 ίνδάλματα.

2151 720 2261 773 Kal
2293 722 2640 794 μαργαρίτας
2662 723 3063 800 λευκοδέρμους
3094 730 3417 804 προσφέρει,

2150 814 2261 867 Kal
2289 815 2417 879 τοὺς
2443 816 2671 888 ἀδήλους
2698 819 2808 873 τῶν
2834 822 3137 891 πυραυγῶν
3168 824 3462 895 ἀνθράκων

2010 903 2114 959 120
2150 905 2353 971 Λίθους
2376 907 2642 978 ύφάπτει,
2669 910 2766 965 καὶ
2786 915 2951 983 πυροῖ
2973 914 3073 986 τὴν
3098 916 3329 986 καρδίαν

2148 998 2256 1053 Τοῦ
2292 1000 2367 1071 μὴ
2398 999 2674 1069 λαϐόντος,
2695 1002 2771 1065 ὡς
2797 1002 3056 1071 λαϐόντος
3085 1008 3187 1079 τὴν
3211 1009 3370 1082 χάριν
3390 1026 3406 1041 δ

2148 1092 2264 1146 Ούκ
2292 1085 2409 1144 οῖδα
2437 1092 2556 1157 πῶς
2588 1093 2650 1146 τὸ
2676 1093 2905 1166 πλάσμα
2928 1097 3038 1151 τῶν
3062 1098 3335 1154 ἐνυπνίων

2156 1183 2247 1247 Ὦς
2272 1184 2506 1255 πρᾶγμα
2534 1184 2770 1253 δεικνὺς,
2801 1188 2897 1241 καὶ
2927 1189 3279 1263 φρενοφθόρῳ
3309 1192 3410 1264 βίῳ

2149 1274 2483 1348 Αίσθητικὴν
2505 1276 2651 1349 δρῶν
2682 1278 2783 1351 τὴν
2813 1280 3143 1351 ἀναίσθητον
3175 1282 3405 1355 πλάνην.

2010 1363 2115 1419 125
2152 1365 2297 1433 Πλὴν
2330 1366 2529 1439 μικρὸν
2562 1366 2718 1422 οὔπω
2745 1370 2843 1425 καὶ
2876 1372 3155 1443 παρῆλθεν
3184 1376 3217 1444 ἡ
3252 1374 3448 1447 χάρις’

2149 1454 2324 1519 Εὐθὺς
2347 1456 2458 1527 γάρ
2487 1456 2665 1510 αύτδνι
2678 1457 2871 1529 ζημιοῖ
2898 1461 3004 1532 τῆς
3033 1462 3247 1527 οὐσίας.

2151 1548 2397 1616 Ἀφωνος
2416 1547 2589 1619 ὅρνις,
2612 1548 2843 1618 ἄγγελος
2872 1549 2975 1621 τῆς
2994 1551 3231 1624 ἡμέρας

2149 1640 2459 1695 κλέπτουσι
2482 1640 2595 1713 γάρ
2624 1659 2731 1697 που
2759 1643 2857 1697 καὶ
2887 1644 3018 1709 τοὺς
3042 1645 3233 1715 φίλους
3260 1644 3536 1719 αί’τύχαι,

2149 1732 2227 1785 Δι’
2256 1725 2333 1787 ῶν
2357 1732 2543 1804 ἔχουσι
2576 1735 2859 1805 σαρκικῶν
2883 1734 3267 1809 ψυχαρπάγων
3288 1755 3303 1771 ·

2008 1824 2109 1881 150
2143 1825 2205 1879 El
2240 1826 2404 1897 μήτις
2430 1827 2617 1893 αὐτοῖς
2650 1828 2947 1901 σωφρονῶν
2970 1829 3309 1901 ἀντεμὸάλοι

334 2013 449 2069 lat:
491 2012 630 2068 nihil
674 2012 810 2080 scit,
853 2023 909 2068 et
937 2024 1115 2070 tamen
1149 2016 1329 2070 omnia
1366 2031 1426 2071 se
1478 2018 1619 2073 scire
1656 2018 1769 2075 vult
1826 2020 1902 2074 vi-
1934 2031 1974 2087 Β
2002 2018 2311 2078 divitiarum
2334 2038 2557 2081 acervos
2580 2024 2772 2083 nullibi
2820 2028 3147 2085 exsistentes
3175 2038 3487 2101 congregat,
3527 2036 3583 2083 ct

332 2104 470 2161 deri.
507 2104 658 2159 Mens
684 2104 903 2175 quidem
946 2105 1020 2160 illi
1074 2123 1181 2161 una
1207 2117 1325 2171 est,
1380 2108 1473 2162 sed
1504 2109 1700 2178 dule
1760 2111 1901 2165 stul-

334 2195 454 2252 titia
488 2213 502 2250 :
536 2210 662 2250 vere
714 2194 873 2250 (ictus
921 2196 1196 2266 sophista,
1230 2206 1285 2253 et
1337 2196 1520 2253 fatuus
1564 2199 1901 2255 atticissaus.

332 2289 546 2344 Interea
574 2287 664 2343 ille
694 2288 915 2359 quidem
976 2290 1225 2344 ridetur:
1274 2306 1459 2345 verum
1509 2306 1575 2345 eo
1625 2308 1796 2361 usque
1844 2309 1905 2349 se

329 2383 498 2455 jactat
518 2425 534 2449 ,
573 2397 639 2438 ac
680 2380 782 2437 sibi
804 2396 995 2451 sapere
1027 2380 1239 2437 videtur
1260 2422 1275 2446 ,
1305 2381 1481 2437 donec
1521 2382 1750 2454 hujusce
1781 2384 1905 2440 vita:

330 2484 450 2531 acta
471 2473 638 2530 fuerit
667 2472 867 2529 fabula.

403 2567 580 2638 Atque
612 2564 727 2621 hac
747 2574 831 2620 est
852 2563 1115 2619 tluxarum
1142 2579 1323 2620 rerum
1364 2572 1556 2620 natura
1578 2604 1595 2630 ,
1620 2582 1756 2636 quas
1779 2583 1901 2623 sce-

336 2675 421 2715 nae
448 2672 664 2715 sorores
689 2699 704 2723 ,
724 2666 781 2713 et
824 2657 1679 2731 insomniorumconsanguineas
1707 2678 1904 2719 vocare

334 2749 535 2822 possis.
587 2748 779 2805 Omnis
805 2749 949 2803 enim
977 2749 1169 2805 Fastus
1200 2759 1380 2806 tumor
1400 2792 1416 2817 ,
1465 2753 1612 2809 velut
1657 2768 1901 2821 somnus,

335 2850 431 2899 aut
472 2841 805 2897 insomnium
830 2882 846 2909 ,
879 2842 967 2897 cui
1004 2842 1150 2897 nulla
1184 2843 1329 2899 inest
1364 2845 1597 2900 lirmitas
1620 2886 1635 2910 ,
1664 2847 1906 2917 praeterit

333 2934 497 3001 atque
536 2928 832 2986 evanescit.
882 2930 961 2985 Ac
986 2931 1226 3002 profecto
1261 2948 1369 2989 non
1403 2935 1577 2990 semel"
1610 2934 1670 2989 ﬁt
1692 2975 1707 3001 ,
1740 2936 1906 2993 utille

335 3022 516 3078 virum
559 3030 673 3077 toto
701 3023 991 3078 cubantem
1023 3023 1203 3089 lecto,
1262 3024 1532 3095 vinoque,
1588 3036 1645 3081 et
1693 3027 1905 3084 deliciis

334 3113 598 3182 fractum,
624 3131 746 3171 cum
789 3114 931 3170 inter
959 3114 1339 3171 dormiendum
1399 3116 1461 3173 [lt
1495 3117 1641 3173 varia
1696 3120 1904 3190 cogita-

334 3206 544 3262 tionum
585 3207 963 3271 concursatio,
1014 3206 1080 3261 ad
1104 3206 1264 3263 inane
1305 3209 1676 3278 spectaculum
1730 3210 1906 3280 erigat

330 3305 495 3369 atque
522 3298 755 3354 adducat
782 3312 983 3368 :‘aaque
1015 3298 1161 3352 enim
1185 3313 1248 3353 ac
1269 3297 1359 3353 ille
1394 3299 1668 3369 pessimus
1699 3300 1897 3354 huma-

2010 2112 2298 2183 dignitates
2324 2116 2540 2172 somnio
2561 2117 2822 2175 conﬂatas
2846 2128 3207 2191 repraesentat
3230 2162 3245 2186 ,
3277 2119 3581 2191 imaginarii

2011 2204 2188 2273 gaudii
2212 2205 2423 2275 species
2449 2205 2714 2263 inducens
2755 2225 2771 2263 :
2815 2225 2962 2267 nunc
3003 2226 3134 2267 vero
3165 2210 3393 2267 candida
3443 2210 3584 2282 pelle

2011 2294 2271 2351 obductas
2307 2297 2624 2368 margaritas
2652 2300 2906 2367 exhibet,
2960 2309 3015 2357 et
3071 2302 3415 2358 rutilantium
3452 2317 3577 2357 car-

2010 2386 2367 2442 bunculorum
2397 2388 2629 2446 latentes
2660 2390 2870 2462 lapillos
2914 2394 3098 2448 statim
3146 2393 3353 2464 profert
3384 2410 3581 2450 accen-

2011 2492 2135 2543 sos,
2162 2477 2361 2548 quibus
2392 2479 2526 2533 nihil
2582 2480 2902 2551 accipientis
2928 2523 2942 2547 ,
2972 2499 3125 2553 arque
3178 2500 3243 2539 ac
3289 2483 3333 2539 si
3379 2485 3581 2540 donum

2011 2569 2299 2639 acceperit,
2340 2580 2533 2641 pectus
2574 2571 2895 2628 inﬂammat.
2922 2574 3116 2628 Mirum
3173 2590 3305 2630 sane
3357 2576 3581 2646 quinam

2010 2662 2349 2717 somniorum
2406 2663 2698 2734 ﬁgmenta,
2745 2664 2913 2720 veluti
2956 2667 3085 2736 quid
3140 2681 3270 2722 vere
3316 2667 3585 2724 exsistens
3634 2706 3637 2709 γ

2010 2752 2297 2821 ostendat,
2327 2762 2384 2808 et
2433 2753 2579 2808 letali
2614 2754 2917 2809 animarum
2950 2755 3189 2826 pernicie
3205 2756 3583 2812 exinsensibi-

2007 2845 2153 2901 libus
2194 2844 2473 2916 principiis
2490 2846 2558 2902 ad
2574 2847 2835 2903 sensilem
2851 2862 3093 2904 errorem
3116 2848 3411 2904 humanam
3430 2863 3586 2903 men-

2012 2944 2119 2990 tem
2152 2938 2431 2993 traducatl
2464 2938 2666 2994 Verum
2690 2955 2801 2994 non
2851 2940 3022 2995 multo
3056 2951 3176 3011 post
3205 2941 3386 2996 omnis
3446 2940 3587 3011 perit

2010 3029 2220 3099 gratia:
2273 3030 2390 3086 avis
2426 3031 2571 3085 enim
2620 3031 2824 3102 garrire
2852 3032 3072 3098 nescia,
3115 3043 3170 3089 et
3221 3033 3327 3089 diei
3389 3034 3582 3088 nuntia

2011 3120 2186 3191 ipsum
2220 3134 2441 3191 repente
2481 3122 2675 3177 multat
2709 3123 2963 3179 omnibus
3011 3125 3189 3181 bonis.
3238 3125 3357 3181 Non
3412 3126 3584 3181 semel

2010 3213 2155 3266 enim
2187 3212 2284 3277 lit,
2331 3223 2392 3268 ut
2418 3229 2515 3285 per
2567 3214 2747 3269 carnis
2804 3213 3126 3280 illecebras,
3171 3232 3295 3286 qua:
3346 3215 3584 3270 animam

2010 3299 2249 3355 alliciunt
2296 3312 2350 3358 et
2383 3303 2640 3373 perdunt,
2682 3319 2812 3360 suos
2854 3305 3001 3375 ipsos
3031 3306 3236 3362 amicos
3272 3305 3417 3361 fallat
3448 3306 3584 3360 For-

320 3406 528 3445 narum
571 3392 833 3446 mentium
863 3398 1137 3463 grassator
1180 3398 1236 3445 et
1292 3390 1465 3456 latro,
1517 3390 1655 3445 clam
1713 3389 1906 3447 Fastus
1932 3416 1976 3471 ο
2010 3399 2138 3445 tuna
2172 3409 2185 3446 :
2216 3391 2318 3447 nisi
2344 3392 2465 3463 quis
2502 3392 2600 3449 sibi
2632 3403 2785 3449 catus
2831 3394 3123 3451 consulens
3172 3395 3466 3451 Fortunam
3502 3394 3585 3466 ip-

334 3481 635 3538 sull‘uratnr
678 3490 915 3539 mentem
938 3523 959 3549 ,
979 3491 1039 3537 et
1070 3482 1317 3538 immutat
1346 3492 1623 3548 naturam;
1653 3492 1710 3539 ct
1756 3500 1905 3539 nunc

2009 3498 2165 3545 sam,
2216 3484 2606 3541 moderationis
2656 3485 2901 3542 remedio
2948 3487 3246 3557 prudenter
3315 3486 3589 3553 adhibito,

1850 3678 2069 3735 ΝΟΤᾹζ.

407 3837 543 3894 102-
571 3838 865 3908 Dupliciter
888 3837 1084 3893 stultos
1115 3848 1282 3908 vocat.
1296 3838 1599 3893 seenaticos
1627 3837 1902 3901 homines;

336 3910 421 3964 vel
450 3911 599 3979 quia,
628 3907 688 3962 ut
740 3924 863 3963 mox
905 3908 1055 3972 dicit,
1086 3907 1330 3979 sintlicti
1364 3908 1640 3979 sophistae.
1674 3916 1731 3979 et
1774 3908 1906 3962 fatui

333 3977 553 4050 quidam
603 3989 868 4041 oratores,
899 3989 1084 4050 utpote
1131 3978 1220 4046 qui
1270 3978 1438 4048 signis
1480 3986 1541 4050 ει
1579 3977 1746 4050 gestis
1788 3987 1909 4050 tan:

337 4046 617 4105 tummodo
650 4065 737 4103 res
779 4046 1083 4118 exprimere
1129 4046 1427 4109 conentur,
1460 4046 1545 4101 vel
1591 4047 1720 4116 quia
1774 4048 1909 4102 nihil

336 4122 536 4180 sciunt,
562 4128 627 4175 et
652 4128 829 4173 tamen
861 4119 1040 4174 omnia
1090 4133 1148 4172 se
1197 4119 1335 4173 scire
1384 4118 1597 4183 tingunt
1625 4134 1638 4171 :
1666 4118 1811 4186 quod
1843 4134 1907 4172 ex

336 4189 579 4244 Platonis
632 4190 898 4244 sententia
950 4200 1033 4244 est
1093 4190 1383 4242 maximum
1442 4198 1763 4257 peccatum,
1815 4197 1909 4243 aut

337 4260 572 4315 maxima
587 4269 669 4315 est
688 4259 1085 4329 ignorantia.ex
1117 4272 1221 4327 qua
1250 4258 1430 4311 omnia
1462 4267 1679 4329 peccata
1706 4257 1905 4313 ﬂuunt.

337 4330 505 4400 Alcib.
539 4327 733 4400 t,pag:
756 4330 892 4386 H7:
921 4329 1074 4395 Τίνες
1100 4328 1193 4386 οὖν
1226 4329 1275 4400 al
1310 4327 1750 4400 ἀμαρτάνοντες;
1796 4369 1811 4384 .

339 4399 377 4470 ἢ
404 4398 857 4472 ἄλλοι-λείπονται
878 4440 894 4462 ,
922 4399 955 4469 ἦ
987 4401 1036 4472 οί
1077 4401 1152 4472 μὴ
1182 4399 1408 4472 είδότες,
1433 4398 1672 4472 οἰόμενοι
1700 4400 1744 4452 δ’
1772 4399 1912 4452 είδέο

341 4468 466 4532 ναις
502 4489 519 4521 ι
550 4470 778 4536 Quinam
804 4480 937 4541 sunt
968 4468 1229 4541 igitur'illi
1251 4509 1265 4531 ,
1296 4468 1389 4538 qui
1415 4470 1718 4541 peccant?_.
1746 4510 1762 4525 .
1788 4509 1804 4524 .
1839 4484 1910 4524 an

340 4541 433 4595 alii
471 4557 630 4645 quam
658 4540 693 4595 ii
724 4540 837 4610 qui,
864 4539 1299 4612 cum’iguoreut,
1327 4555 1387 4594 se
1419 4549 1597 4593 tamen
1628 4539 1765 4595 seire
1792 4540 1913 4610 opi-

341 4620 542 4645 nnnlnr
615 4628 632 4645 ι

341 4620 579 4665 nentur?
615 4628 632 4660 ι

2006 3838 2080 3891 τά
2106 3836 2316 3909 μεγάλα
2346 3839 2495 3909 ﬁndi:
2530 3839 2845 3908 ἀφαιρεῖται
2865 3856 2880 3869 ο
2925 3838 3018 3891 καὶ
3046 3839 3235 3893 δίδωσι
3265 3838 3468 3909 πηλὸν,
3501 3840 3610 3893 ῐναη

2006 3909 2229 3981 ἁρπάσῃ
2262 3908 2490 3981 οὐρανόν
2509 3922 2524 3937 ⁸
2557 3912 2650 3981 καὶ
2676 3911 2913 3981 δείκνυσι
2940 3910 3120 3981 σκιάν,
3144 3910 3231 3964 ἴνα
3262 3908 3467 3981 ὲ-κῆἀλῃ
3486 3910 3588 3981 τῆς

2006 3976 2301 4061 ἀληῐλείαςς
2332 3976 2435 4055 καὶ
2484 3981 2541 4061 ἐν
2581 3978 2811 4061 ὀνείροις
2861 3978 3156 4061 φαντάςειο
3190 3978 3367 4061 κτοξτο
3412 3976 3589 4061 γὰρῖό

2006 4046 2200 4117 παρὼν
2235 4046 2484 4109 πλοῦτος,
2515 4048 2601 4100 ἵνα
2627 4046 3162 4127 ἡμζέριςγενομένης
3185 4047 3340 4171 δείΕἿ
3365 4046 3587 4129 πάντων

2007 4116 2364 4196 πενεστέρους
2383 4134 2397 4147 ·
2444 4134 2462 4169 ι
2498 4117 2617 4171 Νοιι
2659 4119 2991 4196 advertimus
3020 4118 3203 4171 dolum
3233 4134 3319 4196 ma
3349 4132 3438 4196 um
3468 4118 3587 4196 dia-

2008 4186 2136 4250 boli,
2168 4186 2259 4258 qui
2314 4202 2601 4256 parvorum
2652 4189 2866 4255 object"
2919 4203 3111 4258 magna
3158 4188 3316 4241 nobis
3344 4188 3583 4241 adimit:

2008 4258 2180 4328 lutum
2212 4257 2325 4320 dat,
2370 4267 2431 4328 ut
2457 4258 2655 4311 malum
2698 4259 2904 4328 rapiat;
2940 4257 3187 4311 umbraut
3232 4258 3490 4328 ostendit.
3528 4266 3587 4311 ιιι

2010 4327 2237 4398 veritate
2266 4327 2521 4381 excludat
2553 4343 2567 4379 :
2604 4328 2657 4381 in
2682 4327 2910 4383 somniis
2940 4328 3204 4398 imagines
3230 4327 3418 4395 objicit
3443 4346 3456 4380 :
3483 4328 3587 4380 hoc

2008 4397 2155 4452 enim
2201 4406 2331 4451 sunt
2374 4405 2671 4467 prasentes
2714 4398 2961 4464 divitias,
3006 4396 3071 4451 ut
3109 4396 3436 4453 adveniente
3474 4398 3584 4459 die,

2009 4467 2386 4539 pauperrimus
2415 4469 2659 4539 omnium
2686 4470 2955 4539 ostendat.
2988 4486 3006 4519 ι

2083 4535 2207 4591 118.
2254 4535 2385 4592 Vide
2416 4537 2694 4599 "exuam"
2734 4555 2785 4592 ν.
2826 4538 2985 4594 1644.

2089 4608 2218 4680 illi.
2251 4607 2329 4662 Id.
2361 4607 2508 4674 cod.,
2541 4608 2674 4662 Καὶ(
2695 4610 2815 4672 τὰς.
2841 4609 3091 4680 ἀδήλους.
3129 4607 3264 4663 Vide
3310 4608 3586 4668 ιιραπιεηι..

413 4678 537 4735 105.
575 4679 778 4753 Confer
810 4690 1055 4753 sanctum
1090 4679 1362 4753 Basiliam,
1382 4678 1564 4753 ‘Serm.
1592 4682 1665 4753 de
1697 4681 1823 4753 virt.
1859 4690 1907 4734 et
1942 4696 2065 4753 DN.
2094 4676 2257 4753 ipso.

341 4752 461 4816 vit.,
493 4765 614 4822 pag.
646 4750 772 4813 475,
800 4751 1114 4807 auctoribus
1129 4749 1359 4806 scenicis
1374 4750 1540 4808 falsos
1556 4750 1911 4823 pbiIOSOphos

341 4834 1222 4973 ωῗῗοιίίἷθῶΐὲῐῖξηηωε-ευρετίυε
1250 4891 1450 4973 relatos
1474 4906 1543 4948 ex
1568 4902 1757 4950 sancto
1776 4890 1914 4949 Gre-

345 4961 868 5048 gorio‘Na‘zianz‘eno
904 4962 971 5048 ad
1000 4961 1217 5048 versum
1248 4963 1334 5017 17.

418 5032 539 5086 111.
579 5030 713 5087 Cod.
747 5029 867 5086 Vat.
904 5032 1178 5087 ἐκστάσει.

417 5103 540 5172 113.
582 5101 841 5156 Eumdem
869 5110 1085 5170 pnestat
1113 5102 1365 5158 etl‘ectum
1393 5100 1677 5172 superbia,
1702 5113 1757 5159 et
1799 5103 1915 5159 dia-

346 5171 525 5236 bolus,
559 5172 607 5226 id
626 5180 709 5243 est
732 5181 1032 5241 peccatum,
1057 5183 1113 5226 et
1137 5189 1333 5243 parens
1363 5171 1569 5242 peccati
1601 5189 1831 5242 :nempe
1857 5181 1917 5227 ut

349 5242 599 5311 homines
628 5241 795 5303 fallat,
826 5251 882 5296 et
922 5257 1019 5310 per
1066 5241 1254 5296 inanes
1286 5241 1466 5297 rerum
1496 5243 1708 5311 species
1736 5241 1918 5297 ludiﬁ-

347 5321 456 5368 cet.
507 5310 710 5366 Confer
760 5312 860 5366 hos
908 5312 1114 5368 iambos
1155 5328 1280 5367 cum
1338 5310 1541 5366 iambis
1576 5310 1828 5366 Hexaem.
1887 5328 1919 5366 a

347 5398 491 5507 fers.
526 5382 627 5437 769
672 5382 741 5437 ad
775 5398 916 5436 vers.
949 5383 1053 5437 822
1076 5423 1091 5449 ,
1122 5382 1225 5437 sibi
1269 5382 1413 5438 enim
1464 5381 1695 5437 invicem
1736 5382 1922 5437 ferunt

372 5468 547 5506 ueom.

419 5522 541 5577 115.
585 5521 642 5575 in
674 5520 904 5576 Hexaem
933 5562 947 5586 ,
976 5538 1028 5577 v.
1058 5522 1184 5583 8l6,
1222 5522 1431 5577 dixerat
1460 5521 1527 5576 de
1559 5520 1775 5577 diabolo
1797 5538 1827 5575 ιο

492 5592 698 5670 galatea
725 5592 836 5659 γὰρ
861 5591 1036 5670 ἡμᾶς,
1062 5592 1323 5670 μηδεν-(ξς
1354 5591 1768 5670 προκειμένου,

492 5662 729 5727 Κάλλος
765 5660 1044 5730 παριστᾷ,
1066 5660 1330 5732 μηδενὸς
1357 5661 1729 5732 κινουμένου.

2011 4818 2044 4874 d
2087 4749 2209 4872 ﬁll.
2253 4747 2327 4803 De
2355 4747 2580 4804 somniis
2608 4748 2728 4804 vide
2761 4749 3090 4815 Lucretium,
3117 4749 3209 4821 qui
3247 4749 3337 4803 lih.
3365 4765 3436 4808 Iv.
3461 4748 3585 4810 815,

2049 4834 2145 4874 oce
2190 4835 2204 4872 :

2049 4828 2170 4874 ocet
2190 4835 2204 4872 2

2086 4889 2155 4960 Ut;
2178 4905 2270 4960 nos
2297 4889 2353 4960 in
2378 4889 2617 4959 fraudem
2636 4891 2924 4951 induimus,
2941 4891 3252 4960 frustrentur
3281 4899 3328 4943 et
3358 4889 3478 4957 ipsi.

2010 4957 2152 5024 Quid
2204 4957 2386 5014 Pisida'
2428 4960 2559 5014 velit
2608 4960 2798 5015 dicens
2844 4976 2910 5014 ex
2941 4957 3201 5014 ‘insensili
3250 4961 3301 5012 in
3333 4960 3588 5013 sensilent

2013 5043 2255 5083 errorem
2296 5044 2394 5083 nos
2416 5028 2913 5099 ideceptosadduci
2932 5070 2945 5089 .
2975 5039 3189 5099 constat
3216 5046 3281 5084 ex
3309 5030 3586 5099 Πείσαυρα..

2014 5099 2169 5153 v.77l
2196 5108 2253 5171 et
2274 5099 2395 5153 820.
2411 5098 2523 5152 Nisi
2548 5098 2851 5171 maliscum
2873 5098 3121 5171 φώνει.
3138 5100 3313 5171 legere
3336 5116 3433 5169 pro
3456 5098 3590 5150 πλά-

2015 5186 2133 5251 νην,
2168 5168 2512 5293 χάρῖῗὸιωια
2536 5170 2682 5225 enim
2709 5168 2854 5223 idem
2886 5169 2977 5224 hic
3001 5180 3087 5224 est
3113 5168 3323 5227 sensus.
3342 5168 3405 5225 ac
3430 5182 3594 5236 supra

2016 5254 2072 5293 ut
2103 5254 2245 5293 vers.
2387 5278 2423 5293 ..

2016 5239 2072 5293 in
2103 5254 2245 5293 vers.
2280 5239 2423 5293 115..

2089 5309 2210 5362 127.
2252 5308 2454 5379 Versus
2500 5308 2657 5376 plane
2695 5310 3058 5373 necessarius,
3105 5326 3266 5379 quem
3296 5324 3373 5379 est
3400 5307 3591 5379 eodem

2019 5377 2572 5447 cod.,supplevimus.
2604 5381 2871 5447 ’Λφωνον,
2903 5390 3105 5435 mutum
3126 5377 3311 5432 alitem
3364 5377 3449 5430 hic
3480 5378 3594 5447 gal-

2018 5448 2129 5502 lutu
2158 5458 2457 5517 nuncupat,
2487 5464 2648 5517 quem
2676 5449 2729 5502 in
2765 5447 3043 5515 limem,
3076 5464 3217 5504 vers.
3260 5447 3411 5509 1115,
3442 5462 3596 5514 μεγιο

2022 5518 2316 5588 στὸφωνον,
2340 5534 2546 5588 magna:
2569 5520 2706 5574 vocis
2734 5521 2936 5584 alitem,
2954 5521 3182 5575 dixerat.
3217 5517 3361 5572 Scite
3386 5524 3595 5569 utrum-

2022 5602 2163 5658 que;
2194 5587 2365 5657 gallus
2384 5587 2530 5642 enim
2553 5605 2675 5644 cum
2708 5590 2939 5646 interdiu
2969 5591 3143 5652 sileat,
3188 5601 3347 5642 mane
3383 5593 3594 5658 tantum

2022 5654 2238 5713 videtur
2267 5666 2507 5722 cantare,
2540 5668 2598 5714 ut
2624 5675 2724 5717 nos
2759 5668 3071 5720 stertentes,
3099 5668 3153 5713 et
3190 5671 3382 5713 somno
3414 5654 3598 5725 sepul-

350 5729 497 5786 ldcm
544 5732 729 5803 paucis
772 5727 1038 5801 expressit
1069 5727 1314 5788 sanctus
1354 5727 1822 5803 Joan.'Chrysost.
1855 5731 1928 5803 De
2026 5727 2355 5803 luscae-ite},
2386 5737 2442 5783 et
2457 5729 2534 5803 ab
2554 5730 2845 5803 insomniis
2870 5738 3105 5803 revocet.

352 5802 501 5856 divit.
538 5801 585 5856 et
626 5818 731 5869 pan
771 5814 892 5866 ert.,
925 5811 1054 5857 tom.
1084 5803 1177 5857 Xll
1207 5842 1223 5868 ,
1290 5819 1375 5874 ag.
1407 5802 1529 5857 506.
1571 5801 1686 5855 υὺκ
1715 5801 1927 5858 ἐννοοῦ-

358 5889 457 5926 μεν
480 5872 575 5926 τοῦ
600 5818 847 5926 διαϐάλοι)
877 5872 974 5926 τὴν
997 5820 1354 5926 κακουογᾷν.
1383 5872 1441 5926 ὂς
1468 5873 1555 5926 διὰ
1583 5871 1689 5926 τῶν
1717 5872 1927 5926 ιιικοῶν

358 5889 457 5943 μεν
480 5872 575 5927 τοῦ
600 5872 847 5927 διαϐόλου
877 5872 974 5943 τὴν
997 5872 1354 5947 κακουργίαν,

3164 5798 3290 5863 τοὺς
3310 5760 3595 5868 φιλόγκους

1383 5872 1441 5939 ὃς
1468 5873 1555 5928 διὰ
1583 5871 1689 5936 τῶν
1717 5872 1929 5945 μικρῶν
2027 5874 2082 5926 αἱ
2120 5868 2297 5940 τύχαι.
