4144 6276
537 306 675 373 1595

676 419 865 483 Σκιαῖς
895 415 1165 489 ἀμυδραῖς
1188 414 1288 486 οὐχ
1311 413 1557 468 ὑπόντων
1575 410 1932 485 ’πραγμάτων
1949 429 1970 477 _°

661 513 735 566 Ἥ
768 509 1067 582 θρύπτεται
1108 509 1208 580 μὲν
1233 505 1500 578 ἀπρεπῶς
1517 503 1845 578 ὀρχουμένη,

677 601 908 674 Στρὲφει
936 600 996 655 δὲ
1028 598 1207 653 πυκνὰ
1231 597 1330 662 τὰς
1362 596 1532 669 κόρας
1559 596 1670 650 τῶν
1697 593 1967 666 ὀμμάτων

535 695 642 754 180
681 694 823 763 Πρὸς
847 692 942 757 οὓς
970 692 1032 746 τὸ
1063 690 1263 763 χαῦνον
1284 690 1440 761 δμμα
1461 688 1696 754 λοξῶσαι
1729 687 1898 742 θέλει.

678 786 855 850 Εὐθὺς
881 784 939 838 δὲ
965 783 1175 852 πέμπει
1208 781 1347 853 πρὸς
1362 781 1455 835 τὸν
1473 781 1632 836 ἄλλον
1653 779 1757 852 τὴν
1781 779 1934 842 θέαν,

675 877 1041 933 Συναστατεῐν
1070 873 1298 927 θέλουσα
1321 873 1387 942 τῇ
1419 870 1628 943 θεωρίᾳ
1649 884 1664 899 ·

678 969 896 1040 Μορφοῖ
917 967 976 1022 δὲ
1009 965 1201 1032 πολλὰ,
1232 965 1410 1019 πάντα
1437 963 1536 1035 μὲν
1577 960 1911 1035 μιμουμένη,

676 1059 861 1132 Μηδὲν
888 1059 946 1114 δὲ
969 1058 1157 1130 δρῶσα
1175 1057 1286 1112 τῶν
1327 1057 1420 1112 ἀεὶ
1442 1054 1840 1127 πεπηγμένων.

539 1151 644 1208 185
663 1151 736 1205 Ἢ
767 1149 977 1223 μαχλὰς
1005 1150 1196 1214 ὅντως,
1223 1149 1258 1221 ἢ
1287 1148 1446 1202 ποθεῖ
1479 1146 1578 1220 μὲν
1604 1145 1818 1212 οὐδένα,

671 1241 831 1315 Ἐρᾷν
853 1241 912 1296 δὲ
933 1239 1133 1304 παντὸς
1165 1239 1562 1311 σχηματίζεται
1587 1237 1776 1293 πόθου.

751 1333 969 1397 ’Λλλοις
996 1331 1095 1404 μὲν
1124 1331 1308 1404 ἀρχαὶ,
1343 1330 1438 1385 καὶ
1468 1330 1668 1404 θρόνοι,
1704 1329 1800 1384 καὶ
1830 1328 2073 1400 βήματα,

679 1419 776 1487 Οἷς
805 1424 941 1476 εἰσιν
967 1421 1159 1494 ἔχθραι
1193 1423 1488 1492 συμφυεῖς,
1523 1420 1618 1474 καλ
1653 1418 1930 1492 φροντίδες
1954 1433 1972 1450 θ

660 1515 848 1579 Ὀσοις
880 1513 940 1567 δὲ
967 1513 1093 1576 νοῦς
1120 1512 1363 1582 πέφυκεν
1388 1512 1804 1582 ὲστηριγμένος,

544 1604 646 1661 190
682 1603 876 1676 θρόνοι
898 1604 1218 1676 προσευχαὶ,
1245 1605 1340 1658 καὶ
1359 1602 1510 1671 λόγοι
1539 1602 1608 1656 τὰ
1639 1601 1881 1674 βήματα.

666 1697 881 1761 Ἀλλοις
913 1695 1184 1768 προσηνὲς
1209 1697 1268 1750 τὺ
1297 1694 1719 1768 θρασύγλωσσον
1741 1695 1942 1766 στόμα,

682 1790 841 1862 Σοφῷ
867 1789 923 1843 δὲ
952 1788 1098 1860 σιγὴ,
1133 1790 1228 1843 καὶ
1247 1788 1458 1860 γαλήνη
1483 1789 1730 1858 καρδίας.

668 1881 882 1947 Ἄλλοις
909 1881 1135 1954 ὲραστὺς
1165 1883 1194 1936 ό
1218 1880 1590 1952 φρενοϐλαϐὴς
1628 1879 1846 1952 φθόνος,

541 2081 919 2138 o-xsistentium
957 2083 1206 2140 obscuris
1235 2082 1421 2155 signis,
1450 2084 1576 2140 vita:
1606 2085 1862 2155 ﬁgmenta
1926 2083 2123 2140 adum-

542 2177 682 2242 brat,
715 2191 780 2232 ac
818 2180 947 2232 dum
983 2177 1221 2233 obscene
1255 2178 1460 2232 saltans
1485 2177 1684 2233 diﬁluit
1715 2177 1948 2243 luxuria,
1983 2177 2127 2234 acies

541 2269 826 2323 oculorum
856 2267 910 2322 itt
933 2283 1030 2324 eos
1053 2277 1292 2339 torquet.
1313 2269 1367 2322 in
1395 2283 1532 2339 quos
1556 2285 1686 2324 suos
1715 2270 1922 2324 mavult
1939 2279 2126 2340 putres

541 2358 732 2414 oculos
761 2358 1092 2415 deﬂectere:
1126 2359 1222 2416 sed
1251 2360 1434 2414 statim
1469 2359 1524 2414 in
1562 2359 1701 2414 alios
1735 2360 1984 2415 obtutttm
2027 2361 2127 2416 de-

540 2451 677 2522 ﬁgit,
703 2451 755 2507 id
781 2467 951 2506 unum
976 2467 1164 2524 agens,
1198 2461 1260 2507 ut
1286 2466 1502 2522 semper
1547 2451 1760 2508 varium
1789 2461 1845 2507 et
1874 2453 2127 2508 instabile

541 2543 785 2613 przebeat
839 2544 1239 2614 spectaculum.
1288 2544 1365 2600 Ita
1415 2560 1476 2600 se
1521 2555 1894 2615 contorquens
1947 2546 2128 2602 varias

543 2638 747 2708 ﬁguras
787 2637 1014 2710 eﬁingit,
1052 2639 1299 2694 imitatur
1331 2639 1540 2704 omnia,
1569 2639 1666 2694 sed
1704 2640 1842 2694 nihil
1881 2650 2124 2711 prtestat,

538 2729 686 2798 quod
735 2729 878 2784 idem
911 2745 1132 2802 semper
1167 2731 1241 2786 sit
1270 2746 1335 2788 ac
1379 2730 1594 2786 ﬁrmum
1625 2749 1639 2785 :
1668 2747 1799 2790 vere
1844 2733 2123 2799 meretrix,

539 2836 663 2890 qua:
728 2820 1006 2876 neminem
1074 2836 1301 2891 prorsus
1357 2830 1524 2885 amat,
1576 2831 1673 2877 aut
1727 2821 2019 2887 desiderat,
2071 2829 2128 2877 et

541 2928 756 2968 summo
785 2922 965 2968 tamen
999 2913 1196 2968 aﬂ‘cctu
1224 2922 1280 2968 et
1303 2913 1578 2970 desiderio
1611 2913 1861 2985 deperire
1885 2913 2124 2970 simulat.

616 3001 864 3073 Suntqui
885 3002 1018 3058 nihil
1041 3002 1186 3057 aliud
1211 3012 1575 3073 praeterquam
1596 3003 1845 3075 imperia,
1872 3005 2122 3071 thronos,

1840 297 2157 359 GEORGII
2212 293 2492 356 PISIDxﬂ

3670 287 3809 354 1566

2358 406 2608 478 Χρυσοῧν
2633 406 2688 460 δὲ
2730 405 2908 478 μῆλον
2933 408 2969 478 ἠ
2999 405 3338 479 φονοσταγὴς
3363 403 3476 478 ἔρις
3503 421 3519 438 ·

2215 500 2316 554 193
2357 501 2481 564 Τοῖς
2507 498 2553 552 δ’
2589 498 2729 568 αὒγε
2757 502 2978 570 σεμνοῖς
3001 500 3034 572 ἠ
3062 499 3212 555 κατὰ
3242 500 3441 570 φθόνου
3470 498 3642 570 μάχη,

2336 590 2565 660 Ἕριςδὲ
2593 591 2757 663 μέχρι
2784 591 2882 646 τοῦ
2917 591 3156 659 πατάξαι
3175 592 3274 664 τὴν
3306 591 3444 664 ἔριν.

2357 685 2468 739 Καὶ
2497 687 2613 749 τοῖς
2646 685 2746 756 μὲν
2775 685 2876 757 ἡδὺ
2900 685 3001 758 τῆς
3019 685 3322 760 τροφῆςντδ
3343 684 3588 758 φορτίον,

2353 778 2426 832 Τὸ
2449 778 2585 849 πρὸς
2604 777 2794 843 νόσους
2808 777 2910 850 δχη
2919 795 2995 849 μα
3020 778 3120 849 τῆς
3150 777 3456 850 ἀπληστίας
3475 793 3491 808 ο

2358 870 2562 938 Σοροὺς
2598 870 2655 924 δὲ
2681 868 2839 942 λιμὸς
2867 870 2964 925 καὶ
2991 869 3225 936 ποτίζει,
3250 871 3346 924 καὶ
3373 869 3588 941 τρέφει,

2220 962 2327 1019 200
2356 963 2415 1016 ὐ
2440 964 2554 1027 τοῖς
2581 961 2815 1035 ὀνείροις
2838 963 2912 1035 μὴ
2952 961 3198 1035 βαρύνων
3217 962 3318 1034 τὴν
3342 963 3528 1031 φύσιν.

2345 1053 2573 1119 Ἀλλους
2597 1055 2626 1108 ό
2651 1054 2882 1120 πλοῦτος
2911 1054 3102 1126 ζημιοῖ
3119 1057 3186 1128 τῇ
3217 1053 3513 1125 προσθέσει
3545 1069 3561 1086 ο

2356 1147 2582 1217 Σεμνοϊς
2605 1147 2662 1202 δὲ
2691 1147 2885 1218 κέρδος
2909 1146 3213 1202 εύσεόοῦσα
3246 1146 3444 1218 ζημία.

2339 1239 2555 1306 ’Δλλοις
2586 1241 3054 1313 περισπούδαστος
3146 1241 3433 1314 προεδρία,

2345 1333 2404 1388 ’0
2431 1333 2666 1404 τερπνὸς
2693 1329 2864 1400 οἶκος,
2890 1335 2925 1406 ἡ
2961 1333 3192 1408 πενιχρὰ
3211 1335 3537 1407 τερπνότης,

2215 1427 2322 1483 205
2363 1428 2442 1481 Τὸ
2469 1426 2669 1499 σαθρὸν
2701 1427 2988 1498 εὐτύχημα
3007 1424 3103 1480 τοῦ
3137 1425 3293 1480 νόθου
3325 1425 3516 1490 κλέους
3541 1442 3557 1457 ο

2359 1519 2450 1592 Τῷ
2482 1519 2539 1573 δὲ
2561 1519 2847 1590 φρονοῦντι
2877 1521 3027 1573 πᾶσα
3051 1521 3121 1590 γῆ
3148 1519 3410 1590 προεδρία
3429 1535 3444 1550 ο

2359 1611 2528 1681 Κοινὴ
2551 1609 2712 1682 γὰρὴ
2737 1611 2809 1680 γῆ
2837 1609 2975 1680 πρὸς
3001 1608 3224 1679 θρόνους
3244 1626 3305 1662 τε
3345 1609 3441 1663 καῖ⁵
3462 1607 3694 1680 τάφους.

2363 1701 2423 1754 ΕΞ
2448 1702 2521 1772 μή
2547 1718 2628 1764 τις
2662 1702 2695 1772 ἦ
2705 1700 2812 1772 μᾶς
2839 1699 3002 1770 ζῆλος
3026 1700 3297 1769 ὲνσάρκου
3329 1697 3540 1764 πάθους

2364 1793 2558 1846 Δάκνει
2586 1791 2882 1862 βλέποντας
2905 1790 3064 1856 ἀξίας
3093 1788 3347 1854 ἀναξίους

2220 1883 2327 1941 210
2367 1882 2472 1938 Τοῦ
2501 1883 2794 1954 Στέντορος
2827 1881 2938 1955 γὰρ
2967 1880 3233 1953 ἐκϐοῆσαι
3265 1878 3554 1953 μειζόνως,

2224 2085 2393 2156 pestis
2425 2083 2724 2151 teterrima,
2753 2083 2991 2157 gaudent
3032 2083 3231 2149 teneri,
3271 2090 3326 2138 et
3368 2098 3532 2139 aurea
3562 2083 3811 2155 quidem,

2226 2176 2323 2231 sed
2361 2175 2682 2246 sanguinem
2711 2174 2970 2230 stillantia
2997 2174 3170 2230 litium
3201 2190 3362 2246 poma
3391 2185 3578 2230 amant
3610 2176 3811 2230 decer—

2225 2285 2356 2340 pere
2388 2287 2403 2325 :
2433 2270 2666 2324 honesto
2697 2276 2882 2324 autem
2917 2267 3039 2324 viro
3065 2283 3173 2324 una
3207 2277 3293 2323 est
3317 2278 3506 2322 contra
3539 2269 3810 2324 invidiam

2225 2361 2524 2426 dimicatio,
2555 2369 2610 2416 et
2648 2360 2702 2415 in
2730 2359 3074 2426 dirimendis,
3110 2360 3648 2431 exterminandisque
3679 2376 3815 2415 con-

2230 2454 2563 2510 tentionibus
2617 2455 2776 2510 unica
2823 2452 3130 2510 contentio.
3177 2453 3319 2508 Sunt
3371 2453 3561 2518 etiam,
3610 2453 3814 2523 quibus

2227 2548 2363 2605 nihil
2414 2547 2659 2614 suavius,
2713 2562 2877 2618 quam
2928 2561 3160 2603 onerare
3214 2553 3462 2602 ventrem
3509 2545 3658 2608 cibo.
3716 2546 3813 2617 qui

2229 2642 2540 2697 morborum
2572 2656 2640 2696 ex
2671 2639 2912 2712 ingluvie
2942 2638 3288 2696 nascentium
3330 2650 3411 2694 est
3447 2637 3761 2694 vehiculum
3796 2655 3811 2692 :

2226 2721 2568 2804 sapientibus
2612 2748 2743 2789 vero
2775 2747 2873 2803 pro
2907 2739 3063 2802 potu,
3094 2738 3150 2788 et
3180 2731 3303 2787 cibo
3336 2741 3422 2787 est
3462 2730 3580 2802 ipsa
3611 2729 3812 2796 fames,

2226 2842 2348 2898 qua:
2372 2835 2612 2889 mentem
2642 2825 2869 2883 somniis
2893 2840 3005 2881 non
3029 2833 3242 2881 onerat.
3273 2825 3352 2880 Ac
3385 2823 3545 2879 multi
3585 2823 3813 2892 quidem

2226 2917 2598 2990 augendarum
2647 2915 2963 2971 divitiarum
3016 2929 3148 2970 cura
3196 2922 3523 2984 torquentur
3564 2929 3580 2968 :
3621 2911 3817 2983 probis

2229 3021 2262 3062 e
2286 3009 2560 3063 contrario
2585 3006 2717 3063 viris
2741 3007 2952 3077 jactura
2981 3005 3172 3078 pietati
3221 3003 3575 3061 consentiens
3596 3003 3816 3058 lucrum

541 3105 600 3150 et
628 3105 915 3168 suggestus
943 3096 1176 3163 inhient;
1208 3096 1273 3152 iis
1295 3097 1443 3151 enim
1473 3097 1652 3153 insitae
1672 3105 1802 3153 sunt
1826 3097 2125 3153 inimicitia:
2153 3117 2196 3176 α
2230 3111 2336 3157 est.
2365 3099 2656 3170 Quidquod
2683 3099 2808 3155 aliis
2835 3099 2983 3154 nulla
3017 3098 3192 3170 major
3219 3113 3370 3161 cura,
3394 3111 3560 3167 quam
3588 3095 3644 3151 in
3677 3095 3820 3151 urbe

541 3196 596 3241 et
626 3202 770 3242 cura:
799 3203 812 3240 :
841 3197 895 3242 at
922 3186 1051 3254 illis,
1092 3186 1184 3257 qui
1216 3195 1454 3242 mentem
1488 3187 1692 3243 habent
1729 3187 1871 3243 bene
1906 3185 2121 3242 ﬁrmam

541 3287 598 3332 et
625 3288 885 3346 erectam,
922 3280 1104 3336 throni
1144 3288 1275 3335 sunt
1315 3296 1532 3351 preces,
1574 3291 1632 3337 et
1664 3291 1952 3353 suggestus
1985 3281 2124 3338 sacri

541 3383 848 3425 sermones.
878 3369 1038 3436 Sunt,
1065 3370 1266 3440 quibus
1295 3370 1373 3424 nil
1405 3371 1578 3443 magis
1608 3371 1933 3442 jucundum,
1961 3386 2123 3442 quam

540 3477 604 3515 os
642 3461 843 3517 habere
877 3462 1097 3533 plenum
1130 3464 1374 3520 audacite
1405 3477 1422 3517 :
1451 3471 1508 3517 at
1543 3464 1663 3519 viro
1703 3463 1937 3534 sapienti
1984 3464 2124 3519 nihil

543 3554 715 3624 magis
747 3554 897 3609 cordi
943 3563 1048 3624 est,
1089 3571 1251 3626 quam
1288 3554 1566 3610 silentium
1597 3563 1655 3610 et
1693 3554 1964 3611 serenitas
1999 3571 2123 3612 cor-

541 3644 649 3699 dis.
702 3643 865 3711 Sunt,
897 3645 993 3717 qui
1041 3645 1214 3703 livore
1264 3645 1506 3715 invidiaa,
1540 3661 1663 3718 quae
1715 3647 1986 3704 mentium
2039 3655 2126 3706 est

2228 3191 2478 3263 principe
2504 3190 2709 3262 primas
2734 3198 2946 3256 tenere,
2972 3197 3030 3246 et
3055 3186 3327 3244 renidenti
3356 3186 3521 3242 domo
3549 3185 3815 3258 gaudere,

2227 3299 2352 3355 qua:
2377 3292 2560 3339 tamen
2602 3282 2806 3337 misera
2851 3289 2935 3337 est
2981 3279 3296 3343 delectatio,
3327 3287 3388 3334 et-
3431 3277 3582 3334 l'alsze
3627 3277 3819 3350 gloria:

2229 3375 2402 3432 futilis
2430 3374 2694 3432 felicitas?
2721 3375 2849 3430 Viro
2884 3381 3068 3430 autem
3099 3370 3333 3442 sapienti
3383 3369 3640 3440 qualibet
3668 3377 3816 3424 terra

2229 3475 2314 3524 est
2339 3467 2513 3538 prima
2547 3467 2737 3534 sedes;
2769 3474 2915 3522 terra
2951 3465 3097 3521 enim
3135 3473 3243 3518 tam
3268 3462 3345 3518 ad.
3370 3461 3620 3524 thronos,
3647 3477 3817 3530 quam

2229 3557 2301 3615 ad
2333 3560 2583 3631 sepulcra
2619 3558 2904 3630 aequaliter
2934 3566 3085 3629 patet
3113 3573 3129 3612 :
3161 3555 3270 3611 nisi
3298 3555 3441 3611 forte
3466 3569 3533 3609 ex
3572 3557 3816 3625 quodam

2233 3666 2403 3724 pravo
2434 3659 2640 3709 nostrae
2677 3650 2859 3708 carnis
2904 3649 3105 3707 all'eetu
3151 3648 3363 3706 urimur
3405 3645 3632 3713 invidia,
3663 3646 3817 3717 quod

2056 3849 2291 3910 NOTAE.

616 4003 896 4079 18:2._tlod.
914 4003 1019 4079 Vat
1040 4019 1139 4079 pro
1163 4004 1394 4079 θέλουσα
1415 4005 1546 4079 legit
1570 4006 1895 4063 σπεύδουσα.
1911 4005 2121 4064 Similia

543 4076 712 4130 habet
737 4074 984 4142 Nonnus,
1009 4074 1103 4133 lib.
1133 4093 1172 4132 ιι
1205 4074 1507 4142 Dionysiae.

690 4145 1723 4218 ..........η.‹ἱγρομένῳδέ
2037 4210 2039 4212 _

688 4217 959 4287 Ὀμματα
985 4218 1215 4288 μοῦνον
1242 4216 1513 4289 ἔθελγεν,
1544 4218 1644 4273 ὅτε
1673 4217 2126 4301 στροφιξδεσσεν

695 4355 1034 4428 Ὀρχηστὴρ
1091 4360 1483 4424 πολύκυκλος
1535 4357 1810 4417 ἐλίσσετο

695 4497 737 4504 _-
787 4495 800 4504 .
1049 4497 1076 4504 _
1099 4501 1114 4504 -
1249 4496 1273 4504 _
1559 4501 1572 4504 _
1601 4498 1616 4504 _
1885 4445 2125 4504 ταρσευν

1885 4445 2125 4499 ταρσων

683 4495 961 4568 Νεύματα
994 4497 1194 4568 μῦθον
1240 4496 1400 4569 ἔχων
1451 4498 1742 4571 παλάμην
1788 4488 1982 4571 σ’τόμᾶ
2019 4500 2124 4571 δά·
2157 4488 2206 4549 D

1658 4569 1870 4644 [κευᾷα
1889 4569 2120 4641 φωνήν.

546 4653 576 4711 ¢_
603 4635 1154 4711 Populoeongregato
1178 4638 1322 4711 solos
1344 4640 1532 4695 oculos
1557 4635 1919 4705 demulcebat,
1946 4635 2121 4711 quan-

543 4706 624 4778 do
647 4707 872 4778 volubili
900 4706 1104 4778 impetu
1134 4709 1360 4765 saltator
1397 4711 1598 4765 multos
1625 4713 1786 4768 orbes
1825 4706 2123 4768 conﬁciens

543 4776 848 4846 agitabatur
862 4776 1022 4833 celeri
1049 4780 1250 4853 planta,
1275 4779 1484 4835 habens
1518 4790 1707 4836 nutum
1730 4798 1829 4853 pro
1846 4796 2119 4849 sermone,

543 4861 895 4919 manttm‘pro
924 4849 1268 4919 ore,’digitos
1292 4865 1390 4919 pro
1421 4866 1575 4906 voce.
1624 4871 1642 4902 ι

616 4917 738 4971 185.
763 4917 894 4983 Qum
917 4920 984 4973 de
1003 4917 1168 4974 variis
1195 4917 1474 4975 hominum
1497 4921 1691 4977 studiis
1718 4921 1882 4976 tradit
1919 4921 2119 4985 Pisida,

541 4987 845 5042 secundum
888 4991 1254 5057 evangelicam
1292 4991 1598 5046 doctrinam
1642 4993 1783 5047 dicta
1818 5001 1948 5046 sunt
1989 5009 2003 5045 :
2057 5008 2120 5047 ea

543 5067 724 5133 tamen
741 5074 770 5112 a
797 5059 1011 5129 placitis
1038 5069 1277 5115 veterum
1301 5061 1748 5133 philosophorum
1774 5078 1963 5133 parum
1991 5078 2122 5117 sane

542 5129 858 5203 discrepant
899 5147 915 5184 :
947 5140 1023 5203 ut
1055 5133 1275 5203 essolo
1304 5129 1616 5188 Encltiri‘dio
1651 5129 1879 5203 Epicteti
1919 5133 2121 5187 ἰιιιειιιί-

543 5213 671 5279 gere
695 5209 807 5279 est;
829 5199 1062 5256 Proinde
1090 5201 1282 5257 Pisidae
1303 5203 1606 5279 sententias
1624 5199 1861 5279 aliorum
1892 5212 2119 5260 senten-

546 5269 640 5341 tiis
669 5271 995 5326 conﬁrmare
1016 5288 1481 5341 supervacaneum
1514 5274 1785 5329 ducimus.

615 5339 739 5417 121.
771 5341 1058 5417 _l._eguleios
1087 5339 1172 5417 ac
1185 5343 1514 5417 blaterones,
1537 5345 1754 5417 opinor,
1785 5343 1977 5415 carpit.

615 5407 736 5484 192.
771 5407 1008 5484 ιόῖοοά.
1043 5413 1259 5484 καρδία.

619 5478 738 5536 195.
772 5482 850 5538 ld.
885 5485 1005 5541 cod.
1054 5478 1248 5541 mélius
1280 5503 1295 5541 :
1329 5484 1545 5550 Ἀλλοις
1589 5485 1824 5559 ἐραστὴς
1857 5486 1886 5540 ὁ
1927 5501 2122 5558 φρενο-

542 5547 747 5604 ϐλαϐὴς
771 5552 928 5604 {nam

613 5567 747 5615 αρης
771 5567 928 5615 ερως.

1153 5625 1365 5749 τρυφές
1386 5626 1448 5680 τδ
1477 5626 1695 5698 χωρίον.

618 5689 741 5746 198.
773 5691 946 5749 Plato.
967 5696 1099 5749 Tim.
1124 5712 1245 5749 nae.
1277 5698 1312 5749 8
1379 5698 1636 5749 εΤούτων
1666 5718 1695 5749 π

618 5689 946 5769 198._Plato,
967 5689 1245 5769 Tinﬂpa'g.
1271 5689 1349 5769 82
1379 5689 1636 5769 ενΤόύτξυν
1666 5700 1815 5769 παρὰ
1839 5700 1938 5769 τὴν
1959 5699 2120 5769 φύσιν

546 5757 850 5829 πλεονεξία.
886 5806 900 5821 .
933 5757 950 5821 ξ
987 5757 1328 5832 στάσὲιςνκαὶ
1358 5768 1546 5833 νόσους
1579 5757 1824 5840 παρέχει.
1867 5757 2118 5824 ι’ίιὸιιιιιι

2223 4016 2425 4079 przeter
2452 4017 2703 4063 naturam
2726 4021 2980 4062 excessus
3013 4048 3028 4064 .
3060 4046 3077 4062 .
3107 4045 3122 4061 .
3163 4005 3480 4079 intestinam
3517 4003 3828 4076 quamdam

2223 4076 2642 4142 seditionetu,et
2666 4079 2883 4133 morbos
2914 4079 3172 4146 importat
3196 4095 3209 4131 :
3243 4095 3260 4127 ›
3285 4077 3429 4130 unde
3450 4076 3811 4146 deeantatum

2223 4149 2360 4204 illud
2421 4147 2778 4220 Hippocratis
2825 4150 2935 4203 πᾶν
2984 4147 3046 4202 τὸ
3115 4146 3366 4220 πολὺᾼτῇ
3419 4145 3579 4215 φύσει
3647 4146 3818 4199 πολε-

2226 4235 2427 4293 μιονηι
2451 4215 2626 4293 omne
2648 4218 2878 4293 nimium
2901 4229 3110 4293 ttat_ura;
3131 4215 3432 4293 inimicum.
3465 4234 3484 4269 ι

2293 4289 2422 4346 200.
2450 4289 2532 4345 Id.
2567 4288 2947 4360 eodgobﬁap.
2979 4288 3169 4360 Eccle.
3193 4304 3250 4354 ν,
3278 4287 3338 4340 ll
3367 4304 3391 4360 _:
3432 4307 3452 4340 ι
3501 4284 3820 4360 Dulcis_est

2227 4375 2453 4414 somnus
2470 4357 2877 4430 operanti,sive
2896 4357 3114 4430 parum,
3130 4359 3246 4430 sive
3270 4357 3500 4430 multum
3520 4357 3816 4430 comedat:

2229 4431 2486 4487 saturitas
2509 4427 2695 4484 autem
2724 4427 2915 4485 divitis
2935 4445 3045 4484 non
3079 4429 3208 4484 sinit
3235 4443 3360 4483 eum
3385 4427 3654 4484 dormire.
3695 4447 3717 4480 ι

2297 4501 2428 4556 202.
2466 4499 2542 4556 Id.
2574 4501 2697 4555 cod.
2725 4499 3021 4553 εύσεδοῦσα
3051 4499 3271 4570 καρδία.

2297 4571 2422 4626 204.
2453 4571 2532 4625 ltl.
2555 4571 2676 4626 cod.
2704 4569 2901 4624 melius
2931 4571 2960 4640 ό
2986 4569 3201 4640 πτωχὸς
3222 4569 3408 4640 ῥγκος.
3439 4569 3495 4640 ᾗ.

2293 4642 2419 4698 206.
2466 4640 2655 4695 Simile
2699 4649 2784 4696 est
2820 4639 2965 4710 illud
2995 4638 3147 4693 πᾶσα
3177 4639 3252 4710 γῆ
3281 4638 3514 4709 πατρίς,
3549 4655 3580 4710 ι
3603 4638 3821 4708 qumvis

2227 4722 2370 4768 terra
2417 4711 2589 4784 patria
2621 4729 2636 4784 ς
2673 4729 2692 4762 ι
2726 4709 3148 4784 unde__So_crates
3175 4708 3328 4781 cuias
3375 4708 3522 4764 esset
3568 4708 3820 4784 interro-

2258 4794 2398 4846 atus,
2414 4779 2699 4851 κοσμικδν,
2717 4780 2906 4836 mundi
2925 4781 3124 4851 civem,
3153 4795 3211 4836 se
3227 4779 3350 4836 esse
3366 4779 3822 4847 respondit.\’ide

2243 4850 2505 4908 Srasmum
2525 4850 2703 4922 Ἀόος.
2732 4866 2853 4922 pag.
2879 4850 3004 4906 481.

2281 4926 2419 4980 307.
2457 4923 2536 4978 Id.
2567 4919 2692 4978 cod.
2732 4919 2924 4977 melius
2963 4919 3102 4993 πρὸς
3130 4919 3386 4992 θρόνους,
3433 4919 3688 4984 καὶτοὺς
3717 4920 3821 4975 τά·

2265 5012 2378 5056 ους.

2223 5012 2416 5120 φοέῧί).
2443 5063 2522 5117 lt].
2555 5063 2677 5118 cod.
2708 5061 2994 5128 ἀναξίους,
3022 5069 3079 5116 et
3116 5058 3374 5126 ἀναξίων.
3407 5057 3585 5114 Eccle.
3627 5075 3694 5121 ι,
3730 5059 3766 5114 5
3802 5075 3816 5111 :

2227 5154 2245 5187 ι
2285 5137 2381 5190 Est
2419 5135 2640 5198 malum,
2677 5133 2819 5203 quod
2848 5133 2956 5203 vidi
2978 5133 3078 5186 sub
3107 5131 3222 5203 sole
3246 5172 3261 5186 .
3292 5170 3306 5184 .
3344 5171 3356 5183 .
3386 5131 3624 5203 positum
3673 5131 3820 5184 stul-

2223 5216 2337 5260 tutn
2363 5204 2415 5258 in
2447 5200 2712 5274 dignitate
2737 5202 2977 5274 sublimi,
3006 5211 3060 5274 et
3089 5201 3285 5274 divites
3311 5202 3501 5274 sedere
3526 5200 3819 5255 deorsum.

2223 5276 2339 5329 Vidi
2368 5271 2555 5329 servos
2583 5276 2634 5329 in
2675 5273 2850 5344 equis,
2879 5283 2934 5328 ct
2964 5272 3243 5344 principes
3269 5271 3614 5326 ambulantes
3649 5286 3824 5341 super

2224 5357 2420 5401 terram
2447 5346 2602 5414 quasi
2634 5361 2838 5400 servos.
2868 5363 2886 5396 ι

2291 5417 2414 5473 210.
2455 5410 2528 5471 id.
2578 5415 2702 5472 cod.
2749 5415 2981 5479 melius,
3017 5410 3293 5485 ὲκόοήσω.
3339 5410 3612 5467 Homerus
3653 5410 3724 5466 ιι.
3763 5428 3818 5466 v.

2220 5487 2350 5542 785.

2224 5559 2500 5626 Στέντορι
2538 5553 2825 5626 εἰσαμένη
2851 5552 3214 5626 μεγαλήτορι
3248 5549 3654 5626 χαλκεοφῴνῳ

2228 5633 2333 5694 Ὃς
2362 5621 2547 5682 ἰ’όᾶον
2581 5621 2866 5691 αὐδήσαςῖ
2881 5621 2946 5694 χ”
2963 5623 3113 5679 ὅσον
3135 5621 3312 5679 ἄλλοι
3342 5621 3747 5694 πεντήκοντα.

2225 5693 2454 5754 Stentori
2474 5697 2662 5751 similis
2696 5697 3037 5767 magnanimo
3056 5737 3070 5760 ,
3097 5712 3291 5749 azream
3308 5693 3752 5767 voicem‘ltabenti,

2225 5771 2326 5836 Qui
2353 5780 2555 5824 tantum
2580 5763 2985 5840 vociferdbalur,
3007 5777 3259 5836 quantum
3284 5765 3380 5819 alii
3401 5763 3817 5836 quinquaginta.
