4144 6276
303 339 440 407 1597

424 452 515 515 Ὠς
542 449 652 503 τῶν
683 447 867 504 καλῶν
893 449 993 521 μὲν
1026 449 1091 505 οὗ
1114 447 1413 520 καθαρτέον
1432 446 1621 518 ψόῖοἱι

436 543 501 596 Et
526 540 621 596 καί
651 558 735 604 τις
755 541 953 605 αὐτοὺς
972 541 1228 612 λοιδορῶν
1246 540 1529 594 ἐπικλύσει
1552 555 1567 569 ·

438 637 542 689 Τδν
561 635 607 689 δ’
654 630 720 687 αὖ
751 634 985 707 πονηρὸν
1013 633 1134 687 οὐδὲ
1173 631 1462 705 μορφῶσαι
1486 630 1679 684 θέλων.

415 729 589 781 Ὠσπε
597 746 630 799 ρ
650 726 857 781 κολοιὸν
879 728 945 781 ὲκ
973 726 1190 799 πτερῶν
1217 724 1537 795 ἀλλοτρίων,

292 822 400 877 215
424 821 682 875 Ἐπαινον
704 816 813 874 οἶδε
840 819 941 891 τὴν
967 817 1247 889 ἀμορφίαν
1275 816 1519 889 τρόπων.

512 913 858 985 Παρέρχεται
879 910 989 982 γὰρ
1018 911 1052 981 ἡ
1085 909 1334 981 παροῦσα
1364 908 1713 981 λαμπρότης,

441 1004 552 1058 Καὶ
581 1003 730 1056 πᾶσα
758 1001 918 1073 δόξης
943 1000 1255 1056 ἀπατοῦσα
1289 998 1586 1070 κουφότης,

422 1096 759 1150 Ἑκτείνεται
782 1095 859 1161 δὲ,
889 1094 984 1150 καὶ
1013 1094 1178 1150 πάλιν
1205 1093 1554 1148 συστέλλεται
1584 1110 1601 1127 ·

422 1188 635 1260 Ὠσπερ
664 1189 901 1260 πονηρὸς
931 1190 1049 1251 ταῖς
1084 1187 1283 1253 ἐλίξεσι
1309 1186 1528 1259 δράκων

298 1277 405 1335 920
443 1281 602 1334 Δοκεῖ
632 1280 913 1344 τετάσθαι,
944 1280 1036 1334 καὶ
1057 1279 1218 1333 πλέον
1256 1278 1626 1333 συστέλλεται.

430 1371 520 1435 Ὠς
555 1371 622 1425 ἂν
642 1371 912 1443 μάθοιμεν
937 1372 1065 1435 τοὺς
1083 1370 1429 1440 ὑπέρφρονας
1459 1369 1716 1441 τρόπους,

409 1465 602 1534 Ὄφεις
626 1463 887 1535 νομίζειν,
916 1463 1013 1517 καὶ
1037 1461 1347 1533 δρακόντων
1371 1462 1648 1531 ἐκγόνους.

515 1555 672 1610 Οὕτω
699 1555 974 1627 παρὲρπει
1001 1557 1108 1619 πᾶς
1145 1556 1175 1608 ὁ
1212 1554 1308 1608 τοῦ
1337 1555 1454 1626 βίου
1477 1553 1702 1625 δρόμος,

445 1649 556 1703 Καὶ
589 1647 790 1712 παντὸς
816 1648 983 1717 ὄγκου
1014 1646 1246 1717 συστολὴ
1266 1646 1643 1718 τεθρυμμένη,

434 1739 523 1803 Ὠς
545 1738 829 1811 πομφόλυξ
850 1736 1129 1808 σφύζουσα
1157 1738 1256 1792 καὶ
1278 1737 1577 1810 φυσωμὲνη
1605 1752 1621 1768 ·

1542 333 1641 398 DE
1680 332 2059 413 VANlT-\TE
2101 331 2317 393 V’lT/E.

3441 326 3577 394 1593

2113 445 2222 498 Καὶ
2249 442 2385 515 πρὸς
2413 441 2512 513 μὲν
2542 440 2678 512 ὕψος
2708 441 2784 514 τῷ
2817 442 2997 497 δοκεῖν
3022 443 3334 518 ἐπηρμένη,

2122 534 2184 587 Εἰ
2206 534 2251 587 δ’
2308 533 2377 589 αὖ
2400 552 2452 587 τι
2485 534 2681 605 μικρὸν
2709 535 2767 589 ὲν
2792 535 2947 607 μέσῳ
2972 536 3297 610 λεληθότως,

2108 629 2180 681 Ἦ
2208 628 2437 700 κάρφος,
2463 628 2496 698 ἦ
2527 627 2643 698 ψἰξ,
2676 628 2709 699 ἢ
2735 628 2953 698 σταγὼν
2982 631 3356 702 παρεμπέσοι,

2113 720 2424 793 Ἀνετράπη
2448 720 2511 774 τὸ
2534 718 2739 789 κοῦφον
2765 721 2848 786 είς
2872 723 3215 791 τούναντίον,

1978 816 2082 868 ‘25!)
2119 817 2227 869 Καὶ
2260 819 2326 887 τῇ
2362 816 2515 888 βιαίᾳ
2544 817 2823 889 προσϐολῇ
2858 819 3184 890 συνεστάλη.

2188 910 2328 962 Ἀλλ’
2357 904 2403 963 ὧ
2423 909 2646 979 διαυγὲς
2678 910 2747 982 by
2759 928 2835 981 μα
2864 910 2964 981 τῆς
3007 911 3359 985 Ἐκκλησίας,

2113 1000 2173 1053 '0
2199 1000 2464 1072 πατρικὸς
2489 1000 2631 1066 νοῦς,
2657 1003 2693 1071 ἡ
2712 1002 2941 1074 ταπεινὴ
2963 1003 3159 1073 καρδία
3190 1021 3205 1036 ·

2123 1092 2186 1147 El
2213 1094 2317 1148 καῖ
2341 1092 2481 1166 πέτῃ
2515 1094 2645 1167 γάρ,
2670 1095 2765 1149 καὶ
2791 1094 2885 1149 τὸν
2908 1094 3102 1168 αἰθέρα
3121 1095 3359 1167 τρέχεις,

2125 1184 2393 1250 Ταπεινδς
2416 1181 2583 1256 ἦσθα,
2612 1187 2707 1241 καὶ
2738 1187 2976 1259 συνέρχῃ
3013 1188 3129 1250 τοῖς
3150 1188 3302 1242 κάτω
3324 1204 3339 1219 ·

1981 1277 2089 1333 255
2126 1279 2200 1331 Σὺ
2232 1277 2403 1343 δεῖξον
2439 1279 2577 1350 ἡμῖν
2607 1280 3047 1352 γνωστικωτέρῳ
3071 1280 3285 1352 τρόπῳ,

2127 1370 2252 1434 Πῶς
2282 1370 2431 1425 ἔστιν
2459 1372 2641 1442 εὑρεῖν
2661 1372 2957 1444 ἐκδρομαῖς
2986 1372 3363 1444 ἀντιστρόφοις

2127 1462 2202 1517 Τὸ
2236 1463 2456 1532 πτωχὸν
2480 1458 2638 1535 ἦθος.
2667 1464 3071 1536 οὒρανοδρόμον
3095 1464 3292 1534 φύσει·

2140 1552 2440 1616 Ἐναντίαις
2469 1553 2524 1606 δὲ
2551 1553 2670 1617 πῶς
2696 1554 3039 1626 χαμαίζηλος
3062 1555 3215 1625 μένει

2140 1644 2200 1699 ’0
2261 1646 2476 1717 πτωχὸς
2505 1648 2690 1715 ὄγκος,
2725 1649 2822 1702 καὶ
2848 1647 3198 1720 προσήλωται
3221 1643 3392 1701 κάτω.

1988 1738 2095 1794 240
2142 1737 2230 1803 Ὠς
2267 1740 2368 1793 οὐκ
2398 1739 2681 1811 ἀκόμψως,
2711 1738 2787 1803 ὡς
2811 1742 2959 1795 δοκεῖ
2988 1760 3102 1812 μοι,
3137 1741 3233 1795 καὶ
3262 1740 3489 1795 Πλάτων

306 1910 541 1987 indignis
566 1913 793 1969 collatos
828 1914 1063 1968 honores
1089 1912 1399 1969 videamus.
1446 1911 1703 1967 Stentore
1738 1926 1885 1967 enim
1919 1919 1960 1974 Β
1989 1910 2198 1966 nimum
2251 1912 2382 1983 quid
2436 1913 2492 1967 in
2549 1913 2723 1984 ipsam
2792 1914 3101 1971 clanculum
3166 1914 3474 1987 irrepserit,
3520 1932 3578 1978 et

307 2005 423 2077 ipso
452 2006 647 2061 fortius
680 2005 809 2061 illud
850 2005 1155 2060 inclamabo
1181 2044 1197 2069 ,
1234 2022 1344 2062 non
1367 2022 1505 2077 opus
1539 2020 1663 2060 esse
1701 2003 1889 2074 probis

306 2097 439 2152 viris
474 2106 535 2152 ut
571 2112 630 2153 se
666 2107 899 2169 purgent
937 2098 1305 2164 contumeliis,
1348 2097 1598 2169 quamvis
1644 2096 1887 2166 undique

306 2188 612 2245 obruantur
639 2188 907 2245 conviciis
935 2176 1288 2260 :improbum
1335 2198 1517 2244 autem
1554 2204 1623 2243 ne
1662 2189 1887 2259 graculo

310 2280 531 2351 quidem
568 2278 761 2334 alienis
792 2279 993 2335 amicto
1019 2281 1214 2351 pennis
1238 2280 1401 2336 velim
1430 2278 1751 2345 assimilare,
1791 2279 1887 2350 qui

309 2388 522 2428 morum
552 2370 953 2427 deformitatem
977 2371 1123 2427 laudi
1152 2372 1256 2427 sibi
1289 2387 1408 2428 esse
1432 2372 1617 2427 ducat.

378 2462 628 2519 Praeterit
659 2463 805 2519 enim
835 2479 997 2534 quam
1027 2464 1289 2519 citissime
1323 2464 1553 2534 hujusce
1600 2465 1889 2535 praesentis

308 2554 434 2611 vita:
466 2556 747 2626 splendor,
788 2565 844 2612 et
872 2557 1068 2611 mirum
1099 2566 1299 2626 quanta
1327 2558 1399 2614 sit
1429 2558 1681 2613 humanae
1706 2558 1889 2630 gloria:

309 2648 503 2703 levitas
535 2657 592 2704 et
621 2648 1003 2714 inconstantia,
1030 2666 1152 2719 qua:
1180 2650 1226 2704 si
1272 2651 1357 2705 vel
1387 2651 1668 2721 paululum
1698 2661 1890 2706 exten-

309 2741 479 2806 ditur,
506 2740 795 2796 confestim
842 2742 1189 2797 contrahitur
1219 2761 1232 2798 :
1265 2743 1722 2813 quemadmodum
1773 2761 1890 2798 ma-

308 2834 486 2906 lignus
519 2834 609 2889 ille
650 2834 813 2890 draco
855 2834 970 2889 suis
1014 2850 1074 2890 se
1120 2836 1442 2906 intorquens
1491 2837 1656 2908 spiris
1719 2838 1882 2903 solet,

306 2927 467 2997 cujus
488 2941 553 2983 ea
576 2933 661 2981 est
682 2926 939 2992 versutia,
970 2936 1031 2982 ut
1057 2927 1292 2983 distendi
1324 2927 1589 2993 videatur,
1615 2943 1679 2983 ac
1703 2929 1887 2983 statim

306 3026 369 3074 se
396 3018 615 3089 colligat
643 3036 657 3073 :
688 3018 833 3074 unde
867 3017 1024 3073 facile
1056 3019 1417 3088 superborum
1451 3035 1574 3089 qua:
1603 3019 1676 3073 sit
1696 3028 1890 3073 natura

308 3109 558 3175 discitur,
584 3124 790 3181 eosque
814 3126 914 3181 pro
939 3110 1308 3180 serpentibus,
1338 3119 1393 3165 et
1420 3110 1718 3166 draconum
1746 3110 1891 3165 natis

309 3202 596 3259 habendos
626 3217 750 3258 esse
787 3202 1152 3272 dignoscitur.

1990 2010 2223 2077 festuca,
2253 2011 2415 2075 mica,
2448 2013 2533 2067 vel
2562 2020 2715 2084 gutta
2750 2013 3025 2077 inciderit,
3050 2014 3234 2069 statim
3267 2014 3580 2070 contrarius

1988 2103 2165 2157 oritur
2196 2103 2455 2171 effectus;
2490 2113 2669 2160 tumor
2698 2106 2872 2172 enim,
2900 2116 2953 2161 et
2984 2106 3179 2162 levitas
3213 2117 3574 2172 evanescunt,

1989 2204 2046 2250 et
2089 2197 2526 2267 supervenientis
2582 2198 2830 2269 corporis
2873 2199 2926 2255 vi
2969 2206 3025 2255 et
3076 2199 3284 2271 impetu
3336 2200 3578 2271 compri-

1990 2299 2240 2345 muntur.

2060 2386 2177 2450 Ast,
2215 2402 2249 2441 ο
2276 2385 2551 2457 refulgens
2577 2387 2748 2443 ocelle
2777 2386 3055 2453 Ecclesia,
3084 2404 3118 2443 ο
3148 2403 3304 2444 mens
3328 2395 3578 2459 paterna,

1991 2484 2048 2531 et
2074 2492 2171 2533 cor
2199 2478 2499 2533 demissum
2539 2489 2595 2534 et
2638 2480 2845 2534 humile
2892 2480 3163 2551 (quamvis
3203 2482 3349 2537 enim
3398 2482 3582 2539 evoles

1993 2566 2046 2620 in
2071 2566 2261 2633 altmn,
2288 2576 2343 2623 et
2375 2569 2581 2623 aathera
2608 2577 2970 2633 transcurras,
3004 2588 3131 2627 vere
3165 2573 3391 2627 humilis
3420 2588 3500 2637 es,
3523 2579 3582 2627 et

1992 2658 2226 2713 terrenis
2253 2658 2529 2712 immorari
2560 2675 2668 2713 non
2710 2658 3049 2732 dedignaris)
3086 2679 3101 2716 :
3134 2671 3189 2716 tn
3222 2678 3321 2732 pro
3354 2670 3459 2716 tua:
3489 2677 3581 2714 ra-

1994 2750 2254 2812 tionalis,
2315 2749 2777 2821 perfectiorisque
2837 2752 3080 2807 scientia:
3140 2752 3363 2807 modulo
3422 2751 3583 2807 nohis

1990 2841 2237 2906 ostende,
2272 2856 2505 2911 quanam
2547 2842 2761 2897 ratione
2805 2859 3103 2915 pauperem
3134 2844 3356 2913 quidem
3407 2843 3581 2904 illum,

1990 2943 2044 2986 et
2076 2938 2254 2986 tamen
2285 2946 2379 2985 sua
2412 2928 2609 2986 natura
2650 2934 3036 3002 pervadentem
3078 2935 3246 2990 caelos
3270 2922 3448 2988 animi
3498 2932 3582 2987 af-

1992 3023 2192 3079 fectum
2243 3024 2503 3093 consequi
2571 3025 2693 3095 quis
2742 3026 2940 3096 possit,
2983 3041 3094 3097 quo
3150 3034 3300 3081 retro
3348 3025 3470 3096 quis
3520 3041 3581 3080 se

1993 3115 2257 3180 referens,
2290 3124 2343 3169 et
2394 3130 2585 3185 presso
2617 3116 2758 3186 pede
2804 3118 3159 3173 retrocedens
3196 3133 3415 3188 semper
3454 3132 3584 3187 pro«

1994 3207 2137 3274 ﬁcit;
2173 3218 2228 3261 et
2250 3207 2526 3277 quomodo
2548 3223 2578 3262 e
2607 3210 2885 3263 contrario
2910 3210 3076 3265 miser
3104 3208 3299 3265 Fastus
3331 3210 3384 3263 in
3413 3210 3584 3263 altum

380 3295 558 3365 Atque
583 3294 658 3350 ita
686 3294 908 3365 quidem
939 3294 1137 3349 labitur
1161 3293 1340 3349 omnis
1376 3292 1502 3349 vita:
1526 3308 1741 3357 cursus,
1771 3308 1893 3348 om-
1917 3265 1962 3324 Ο
1994 3315 2211 3370 semper
2243 3265 2535 3370 assurgere
2569 3298 2912 3353 contendens
2939 3299 3200 3355 deorsum
3235 3300 3499 3364 truditur,
3529 3308 3583 3355 et

311 3387 505 3458 nisque
560 3397 903 3444 terrenarum
934 3386 1273 3458 voluptatum
1312 3396 1490 3442 tumor
1529 3385 1734 3441 fractus
1776 3385 1891 3442 dis-

318 3478 527 3549 jicitur,
554 3492 615 3536 ut
639 3482 785 3537 bulla
814 3481 1032 3544 saliens,
1064 3489 1119 3535 et
1149 3479 1328 3535 inﬂata
1356 3489 1538 3545 vento,
1565 3495 1686 3549 quae
1710 3478 1893 3549 specie

316 3570 533 3642 quidem
560 3571 773 3628 videtur
804 3570 860 3625 in
886 3570 1118 3626 sublime
1152 3570 1280 3625 ferri
1312 3588 1326 3626 :
1364 3585 1554 3627 verum
1577 3569 1622 3624 si
1670 3570 1756 3625 vel
1788 3569 1893 3625 mi-

1997 3394 2169 3449 haeret
2203 3390 2355 3446 humi
2391 3408 2405 3444 :
2439 3389 2575 3445 adeo
2600 3398 2661 3445 ut
2692 3406 2804 3445 non
2836 3390 3043 3461 inepte,
3080 3401 3141 3446 ut
3182 3406 3303 3448 mea
3332 3402 3419 3447 est
3459 3407 3589 3445 scn-

1998 3483 2189 3548 tentia,
2220 3482 2388 3537 etiam
2423 3480 2581 3535 Plato
2613 3481 2920 3552 scripserit,
2954 3484 3262 3554 superbiam
3287 3498 3407 3540 esse
3433 3482 3587 3554 peni-

2000 3581 2089 3630 tus
2119 3570 2340 3627 inflxam
2367 3570 2616 3626 humano
2646 3571 2819 3641 cordi,
2849 3573 3007 3644 eique
3036 3573 3303 3630 inhmrcre
3331 3584 3586 3645 tanquam

1846 3752 2079 3811 ΝΟΤᾸΞ.

382 3915 508 3971 QII.
539 3912 675 3970 Cod.
714 3912 837 3970 Vat.
865 3913 926 3968 οὐ
956 3912 1336 3968 καθεὺπτεται.
1375 3910 1580 3967 Forsan
1602 3911 1891 3983 legendum

315 3986 677 4048 καθάπτεται,
706 4004 724 4037 ι
756 3986 1012 4040 honestos
1030 3985 1174 4039 viros
1194 3998 1302 4037 non
1321 3991 1549 4054 tangunt
1574 3982 1839 4037 convicia.
1867 4000 1889 4035 ι

316 4055 450 4109 Vide.
480 4071 630 4109 snnr.
662 4071 715 4108 ν.
749 4055 869 4109 172.

383 4126 508 4179 913.
547 4122 815 4181 Morellius
841 4126 1084 4179 lacunam
1110 4124 1198 4178 hic
1226 4123 1489 4178 exsistere
1526 4122 1836 4192 suspicatur
1876 4141 1890 4175 :

316 4197 409 4250 sed
441 4213 544 4249 non
562 4196 715 4249 video
735 4194 900 4249 ullum
918 4211 1039 4250 esse
1050 4195 1226 4249 locum
1241 4194 1557 4262 suspicioni.
1585 4193 1730 4248 Scite
1747 4192 1893 4245 enim

317 4268 535 4336 grai-nlo
560 4275 716 4335 poeta
761 4275 1039 4336 comparat
1064 4264 1278 4336 impios,
1315 4264 1405 4333 qui
1445 4279 1611 4333 opes,
1664 4264 1897 4336 honores

316 4334 373 4391 et
394 4354 513 4402 qua:
541 4337 713 4390 aliena
737 4343 884 4399 sunt,
913 4335 1013 4388 sibi
1036 4334 1331 4396 vindicant,
1364 4349 1543 4388 mores
1568 4342 1771 4395 autem,
1805 4334 1895 4401 qui

317 4407 580 4476 cujusque
630 4414 757 4460 sunt
790 4405 1021 4476 proprii,
1050 4420 1160 4476 non
1195 4413 1407 4476 curant.
1432 4402 1572 4476 AVid.
1613 4405 1897 4476 Erasmum

315 4473 589 4541 Αίσώτέιος
646 4473 871 4539 κολοιός,
892 4473 905 4475 “
933 4475 1004 4528 ibi
1032 4474 1177 4529 enim
1229 4474 1443 4529 Pindari
1494 4474 1689 4529 citatur
1724 4473 1896 4539 locus,

318 4545 383 4601 ad
407 4563 565 4615 quem
596 4547 903 4615 respexisse
934 4544 1147 4599 videtur
1168 4544 1367 4599 Pisida.

388 4614 511 4672 2⁷15.
549 4615 621 4669 Id.
655 4614 775 4670 ced.
803 4616 1053 4685 τρέπειν,
1074 4616 1219 4685 quod
1242 4632 1349 4670 non
1382 4614 1583 4683 placet.

388 4688 513 4743 2|9.
551 4686 668 4741 Vid.
693 4684 886 4740 similia
921 4685 974 4738 in
1012 4684 1265 4739 Ileiaem.
1292 4704 1343 4740 ν.
1373 4684 1497 4738 7H.

391 4757 517 4812 εει.
541 4756 666 4826 Sap.
694 4772 753 4818 ιι,
777 4756 847 4810 24
880 4774 893 4809 :
933 4774 951 4806 ι
988 4755 1271 4826 imitantur
1294 4765 1475 4812 autem
1499 4754 1679 4813 illum,
1709 4753 1903 4808 diabo-

322 4830 457 4888 lum,
487 4827 578 4896 qui
607 4825 735 4881 Sunt
755 4842 821 4881 ex
851 4834 1003 4896 parte
1026 4825 1187 4879 illius.
1215 4845 1233 4876 ι

390 4893 521 4952 2'25.
566 4897 644 4951 ld.
690 4897 811 4951 cod.
851 4893 1088 4965 ’φυσῶσα
1123 4898 1218 4948 καὶ
1255 4894 1552 4964 σφύζουσα.
1591 4893 1799 4948 Similia
1839 4893 1901 4965 in

329 4969 586 5023 llexaem.
614 4985 668 5022 v.
700 4966 825 5030 570,
858 4963 914 5020 et
943 4966 996 5018 in
1026 4963 1459 5036 sanctoJOanne
1513 4966 1794 5036 tlhrysost.
1832 4963 1904 5017 De

322 5057 499 5111 prosp.
535 5048 582 5111 et
605 5038 823 5111 aduersa
854 5038 979 5111 fort.
1008 5034 1279 5111 tom_._Xl|,
1320 5052 1439 5111 pag.
1465 5036 1587 5111 $6.3.

392 5110 518 5163 251.
545 5108 789 5178 Sergium
820 5105 1003 5160 multis
1049 5105 1339 5178 pollentem
1368 5107 1678 5169 virtutibus,
1702 5114 1787 5178 ct
1820 5114 1903 5178 ta-

323 5195 449 5235 men
476 5178 541 5231 de
564 5194 623 5233 se
651 5175 927 5232 humiliter
951 5175 1278 5230 sentientem
1308 5177 1673 5231 commendat.
1700 5175 1903 5231 Exinde

326 5250 382 5305 in
425 5249 743 5303 humilitatis
784 5247 1034 5310 laudem,
1062 5256 1120 5300 et
1154 5247 1423 5316 superbiae.
1448 5247 1902 5316 vituperationem

326 5336 387 5377 se
420 5319 668 5373 effundit.

557 5390 637 5464 id.
667 5388 789 5464 cod.
818 5385 1002 5464 Εξκαὶ
1016 5386 1204 5464 Λφέρῃ..
1231 5458 1241 5464 _
1302 5456 1332 5464 ἢ
1558 5456 1568 5464 _
1720 5453 1733 5464 ι
1856 5452 1867 5464 .

396 5460 522 5515 236.
547 5458 713 5514 Jacob
768 5475 840 5520 IV,
863 5457 896 5511 6
922 5475 935 5510 :
976 5476 993 5507 ι
1014 5453 1274 5526 Superbis
1302 5456 1440 5512 Deus
1467 5454 1689 5526 resistit.
1720 5453 1906 5507 humi‘

326 5529 471 5587 libus
490 5531 581 5584 dat
602 5529 848 5600 gratiam.
880 5548 899 5579 ι
933 5525 1315 5600 Omnisenim,
1351 5538 1406 5582 ut
1437 5537 1519 5580 est
1549 5530 1602 5600 in
1636 5525 1766 5600 Luc.
1791 5541 1903 5600 xry,

331 5600 420 5667 Η,
461 5619 479 5652 ι
520 5594 700 5669 (ιιιῗδθ
734 5600 954 5660 exaltat,
986 5597 1377 5666 humiliabitnr,
1427 5608 1481 5652 et
1509 5598 1599 5667 qui
1635 5611 1694 5651 se
1723 5594 1902 5649 humi-

329 5672 446 5732 liat.
479 5671 823 5726 exaltabitur.
874 5690 892 5721 ι

399 5742 527 5797 257.
587 5742 756 5811 Sergii
804 5756 1085 5798 sermones
1139 5739 1597 5810 οὺρανοδρόμους,
1650 5760 1667 5792 ι
1705 5736 1901 5793 omium

332 5813 695 5885 pervadentes
740 5831 757 5864 ι
793 5814 1002 5870 vocavit
1033 5815 1087 5869 in
1122 5814 1377 5867 Hexaem.
1414 5828 1464 5868 v.
1494 5811 1546 5865 3.

2219 3910 2302 3986 id.
2340 3912 2461 3966 cod.
2497 3913 2770 3986 '_Evav'rioc
2794 3914 2854 3986 δὲ,
2881 3916 2992 3979 πᾶς
3019 3934 3153 3986 χαμ.

2064 3982 2190 4054 240.
2219 3981 2520 4054 insperanti
2552 3984 2682 4054 mihi
2715 3985 2941 4054 contigit
2992 3981 3050 4040 u't'
3084 3981 3137 4039 in
3181 3986 3447 4042 Athean
3488 3988 3588 4043 de-

2002 4052 2399 4125 prehenderent
2433 4093 2447 4115 ,
2475 4053 2637 4125 quod,
2650 4053 2850 4125 frustra
2871 4052 2933 4109 in
2965 4055 3192 4110 Platone
3237 4057 3587 4125 conquisive-

1996 4136 2134 4197 ram.
2169 4122 2307 4197 (ium
2351 4124 2596 4197 enimibi
2626 4123 2715 4197 lib.
2748 4142 2798 4179 xl
2826 4141 2988 4197 ,_pag.
3022 4126 3125 4181 507
3151 4166 3165 4189 ,
3193 4128 3261 4182 de
3284 4122 3433 4197 vitiis
3465 4127 3588 4184 Pla-

2001 4192 2141 4246 tonis
2175 4192 2245 4245 sit
2274 4206 2472 4255 sermo,
2510 4194 2612 4248 hoc
2637 4194 2800 4248 etiam
2830 4192 2900 4250 de
2935 4192 3000 4249 eo
3028 4207 3251 4251 notatur
3291 4216 3304 4251 :
3330 4196 3439 4252 Ἦν
3468 4199 3525 4253 δὲ
3556 4202 3588 4253 ό

2005 4262 2231 4359 Πλάτων
2255 4263 2391 4330 πρὸς
2415 4266 2481 4359 τῇ
2516 4265 2813 4359 κακορλεέείᾳ
2837 4267 3431 4359 καὶςφιλόδοξόςιὶὄστις
3451 4268 3590 4359 ἔφη-

2006 4348 2133 4412 σεν..
2152 4332 2377 4412 ἔσχατον
2389 4333 2490 4412 τὸν
2507 4335 2620 4412 ’τῆς
2644 4332 2802 4412 δόξης
2831 4332 3044 4412 χιτῷνα-
3063 4340 3120 4391 ὲν
3148 4338 3225 4408 τῷ
3236 4338 3465 4412 Δθανάτῳ
3492 4332 3591 4412 αὖ·

2004 4402 2083 4473 τῷ
2109 4402 2475 4477 ἀποδυόμεθα,
2503 4405 2561 4456 ὲν
2578 4402 2873 4475 διαθήκαις
2895 4447 2909 4467 ,
2941 4410 3000 4460 ἐν
3029 4402 3367 4477 ἐκκομιδαῖς,
3403 4402 3465 4463 ἐν
3494 4411 3589 4465 τά·

2005 4472 2126 4541 φοις
2145 4511 2160 4537 ,
2191 4472 2428 4550 ὦςᾼφησι
2482 4472 2865 4550 Διοσκουρίδης
2893 4479 2952 4531 ἐν
2978 4482 3096 4550 τοῖς
3146 4472 3590 4550 Ἀπομνημονεύ-

2008 4560 2161 4621 μασι.
2201 4544 2458 4621 «Praeter
2492 4544 2784 4621 morum’et
2801 4544 3009 4621 ingenii
3048 4544 3588 4621 praivitatenifcuph

1934 4636 1976 4692 ι)
2005 4614 2127 4668 dior
2178 4614 2342 4668 etiam
2399 4616 2582 4684 gloria:
2618 4614 2768 4692 Plato
2796 4614 3061 4692 fui't,4qui'
3099 4620 3330 4692 dixerit,
3385 4614 3588 4691 postre-

2005 4701 2151 4755 mam
2197 4695 2477 4739 exulurum
2520 4703 2575 4739 se
2609 4686 2787 4755 gloria:
2817 4690 3053 4741 tunicam
3098 4691 3192 4743 sub
3232 4686 3429 4745 exitum
3470 4694 3591 4748 vitae

1999 4753 2856 4830 in__testamento‘conficinndo,
2895 4760 3248 4826 mandandis,
3304 4776 3424 4830 quae
3475 4762 3589 4818 ﬁeri

2000 4825 2180 4890 vellet,
2211 4824 2339 4879 dum
2361 4826 2592 4903 cadaver
2613 4827 2921 4903 eil'erretnr,
2958 4846 3025 4903 ac
3047 4824 3371 4903 esgstruendo
3402 4835 3589 4903 sepul-

2001 4911 2116 4961 cro,
2145 4904 2207 4951 ut
2235 4905 2466 4950 testatur
2496 4897 2835 4952 Dioscorides
2861 4902 2913 4952 in
2946 4901 3060 4953 suis
3079 4897 3514 4960 Commentariis.
3560 4924 3581 4959 ι

2003 4964 2156 5022 lianc
2178 4966 2361 5044 igitur
2388 4966 2631 5044 Platonis
2651 4971 2996 5044 sententiam
3028 4971 3187 5025 nobis
3217 4974 3449 5044 servavit
3476 4975 3589 5044 pri-

2004 5052 2153 5091 mum
2178 5038 2545 5102 Dioscorides,
2577 5039 2773 5093 deinde
2810 5041 3122 5103 Athemeus,
3151 5058 3214 5096 ac
3246 5038 3592 5099 demum-Pi-

2009 5108 2127 5161 sida
2156 5148 2168 5169 ,
2206 5110 2274 5163 ad
2326 5124 2489 5177 quam
2543 5109 2918 5163 iilustrandam
2964 5110 3178 5167 lsaacus
3235 5114 3593 5172 Casaubonus

2009 5178 2195 5232 multis
2223 5178 2452 5233 aliorum
2488 5190 2770 5233 auctorum
2801 5181 3121 5234 testimoniis
3153 5184 3340 5247 utitur,
3363 5196 3418 5238 et
3446 5185 3593 5240 hunc

2009 5247 2187 5324 ipsum
2230 5249 2409 5303 locum
2452 5249 2646 5303 Pisidae
2683 5250 2815 5324 citat
2853 5263 3179 5320 Opportune,
3215 5255 3307 5309 sed
3346 5265 3419 5318 et,
3446 5256 3593 5324 quod

2009 5318 2385 5393 minimecrat
2428 5319 2833 5393 necessarium,
2868 5318 3123 5393 emendat
3165 5342 3178 5378 :
3232 5339 3358 5377 nam
3393 5318 3490 5393 pro
3515 5325 3593 5390 ὡς

2009 5389 2110 5440 οὐκ
2159 5389 2425 5459 ἀκόμψως
2456 5430 2471 5443 .
2505 5429 2520 5442 .
2557 5430 2571 5443 .
2601 5391 2743 5458 quod
2786 5400 2870 5445 est
2912 5392 2965 5445 in
3010 5402 3179 5459 textu,
3211 5394 3328 5447 vult
3363 5389 3591 5448 omnino

2010 5459 2197 5533 scribi
2219 5458 2279 5533 ev
2317 5459 2418 5512 οὐκ
2446 5460 2711 5533 ἀκόμψως
2733 5500 2747 5515 .
2777 5500 2812 5533 _.
2847 5500 2863 5515 .
2895 5463 2991 5517 sed
3028 5458 3172 5517 nulla
3215 5465 3353 5517 ratio
3391 5463 3591 5533 legenti

2013 5529 2295 5620 suadebit,
2357 5537 2417 5620 ut
2483 5530 2789 5620 (iasauboni
2853 5533 3288 5620 etlienilatjonem
3334 5529 3586 5620 recipiat.

2012 5599 2252 5673 Platonis
2296 5600 2623 5673 sententiam
2654 5602 2923 5673 explanat
2950 5602 3259 5673 Simplicius
3283 5643 3299 5669 ,
3326 5605 3382 5657 in
3415 5599 3591 5673 Epid.

2011 5684 2131 5761 ser.-
2172 5670 3355 5761 4§iﬁEs'zﬂesférsaa'swadsistere
3384 5670 3595 5761 iaee-

2009 5739 2181 5808 δοξία,
2210 5741 2344 5817 διότι
2373 5742 2480 5795 τῶν
2510 5739 2686 5817 sum
2712 5742 2971 5817 πολλάκις
2994 5739 3263 5817 δι’,αὑτῆν
3293 5739 3597 5817 ἀποδυομέ-

2012 5828 2137 5877 νων,
2171 5810 2310 5886 αὐτὴ
2354 5812 2681 5886 προσέχεται
2721 5812 2922 5886 μᾶλλον
2955 5815 3021 5887 τῇ
3054 5810 3246 5888 ψυχῇ’⁶
3286 5834 3306 5871 ι
3340 5810 3597 5873 Extrema
