4152 6290
555 388 686 452 [€23

543 501 769 557 Silentio
796 499 883 555 vel
911 499 1081 570 magis
1111 496 1340 569 mystico
1373 496 1664 552 venerari?

614 590 719 656 Qui
748 588 894 644 enim
924 584 1191 658 ponderat
1216 595 1440 639 naturas
1478 598 1752 647 sermone,

544 678 827 747 Quomodo
865 693 974 733 non
1004 676 1294 747 investiget
1324 674 1379 729 in
1410 674 1771 735 sermonibus,

551 772 903 839 flimeturque
931 784 1037 838 qua
1066 767 1298 829 ratione,
1324 765 1595 835 qualesve,
1619 772 1674 818 et
1705 773 1954 832 quantm;

550 861 614 915 Et
640 858 917 930 quomodo
946 858 1264 922 coaluerint,
1296 865 1352 910 et
1379 870 1568 910 rursus
1601 855 1808 909 coalita:

549 951 749 1006 Divisae
778 950 1055 1014 maneant,
1089 953 1145 1003 et
1171 946 1333 1002 simul
1361 945 1709 1015 conjunctae?

552 1040 791 1109 {Equum
820 1053 952 1094 sane
985 1053 1095 1092 non
1126 1046 1242 1091 erat
1275 1036 1375 1089 bos
1410 1034 1549 1089 inire
1578 1048 1885 1096 sermones,

550 1133 629 1185 Ac
660 1146 731 1185 ne
763 1133 936 1200 ipsum
967 1129 1184 1199 quidem
1219 1127 1487 1182 sermonis
1521 1141 1694 1196 genus
1739 1127 1842 1179 hoc
1887 1124 2114 1178 ferebat.

625 1223 808 1277 Satius
838 1230 1018 1275 autem
1047 1220 1223 1275 fuerat
1254 1236 1284 1273 a
1319 1228 1639 1289 tempestate
1665 1217 2046 1278 Barbarorum,

553 1312 620 1367 Et
652 1313 720 1367 ab
748 1320 953 1366 armata
987 1310 1105 1365 telis
1133 1310 1369 1381 procella

554 1401 844 1470 Expeditos
872 1400 1151 1471 quiescere
1181 1400 1340 1455 simul
1373 1416 1496 1456 cum
1534 1399 1757 1469 prmliis,

553 1492 684 1555 Qua:
713 1491 1041 1547 fortissimus
1065 1492 1266 1547 excidit
1296 1491 1617 1547 Benefactor

555 1582 670 1651 Ope
699 1598 810 1638 suae
843 1582 1097 1653 spiritalis
1130 1583 1417 1654 chirurgia:

556 1673 747 1729 Morbo
778 1674 885 1728 late
917 1688 1014 1743 per
1040 1674 1223 1728 orbem
1254 1684 1508 1744 serpente
1534 1674 1808 1745 dispulsO'

558 1766 614 1819 In
648 1780 758 1835 quo
790 1774 1144 1836 tyrannorum
1177 1765 1362 1822 feritas
1392 1766 1645 1831 invaluit,

556 1857 625 1911 Et
651 1856 1008 1913 Barbarorum
1040 1858 1177 1929 ignis
1201 1858 1367 1929 impie
1402 1873 1667 1915 accensus
1691 1878 1703 1913 :

556 1947 737 2004 Donec
765 1949 859 2004 ille
887 1950 1221 2019 compescuit
1247 1951 1429 2005 ulcera
1470 1952 1778 2014 vulnerum,

556 2038 857 2095 Occludens
885 2055 1051 2095 venas
1082 2040 1449 2096 redundantes
1487 2043 1767 2108 sanguine.

626 2129 761 2185 Cum
795 2145 924 2186 vero
958 2130 1169 2195 vivens,
1201 2138 1255 2186 et
1282 2130 1573 2185 defunctus
1598 2131 1870 2187 Cbosrocs

562 2219 690 2274 Belli
720 2229 1069 2290 tempestates
1103 2221 1259 2276 nobis
1288 2223 1624 2287 suscitasset,

560 2311 674 2376 Qua
705 2312 940 2381 percitus
972 2312 1157 2368 furore
1190 2311 1245 2366 in
1279 2312 1455 2369 czed’es
1486 2330 1669 2379 ruens,

561 2404 678 2471 Qua
704 2403 886 2460 Severi
915 2406 1430 2461 commentationum
1460 2409 1736 2479 praesides,

562 2496 841 2567 Tanquam
877 2507 1218 2570 mystagogus
1248 2500 1473 2565 erroris,
1509 2502 1807 2557 ordinans:

561 2588 721 2644 Multa
751 2590 893 2643 inter
919 2602 1017 2644 nos
1042 2600 1159 2645 orta
1187 2601 1269 2646 est
1296 2591 1575 2663 tragmdia.

1837 384 2157 444 GEORGII
2192 384 2340 445 PISI
2350 385 2463 446 ΒΕ

2349 499 2484 569 Σιγῇ
2515 500 2782 570 προσήκει
2819 491 3201 568 μυστικωτέρα
3230 489 3452 556 σέϐειν;

2423 590 2527 642 Τὸν
2554 589 2662 660 γὰρ
2679 585 3075 641 ταλαντεὺοντα
3110 583 3209 643 τὰς
3233 579 3424 649 φύσεις
3457 580 3622 648 λόγον

2354 679 2478 742 Πῶς
2501 679 2602 733 οὐκ
2630 678 2859 742 ἀπεικὸς
2885 671 3184 745 ἐξιχνεύειν
3210 672 3268 723 ὲν
3294 670 3496 739 λόγοις,

2353 772 2545 840 Ζητεῖν
2571 788 2631 824 τε
2670 770 2807 832 πῶς,
2840 766 2990 820 ποῖαί
3015 781 3095 828 τε,
3126 762 3221 816 καὶ
3248 762 3409 815 πόσαι
3434 760 3655 831 φύσεις.

2248 864 2318 918 20
2356 865 2465 918 Kai.
2493 864 2610 928 πῶς
2644 862 2924 935 συνῆλθον,
2966 862 3059 916 καὶ
3089 856 3439 913 συνελθοῦσαι
3473 854 3645 908 πάλιν

2355 958 2634 1028 Διαιρεταὶ
2669 955 2976 1027 μένουσινῆ
3008 952 3396 1024 συνημμέναι;

2358 1050 2472 1102 Οὐκ
2502 1045 2570 1120 ἦν
2600 1048 2697 1119 μὲν
2723 1048 2868 1112 εἰκὸς
2899 1046 3084 1100 τούσδε
3118 1044 3255 1116 μετὰ
3299 1043 3489 1110 λόγους
3518 1039 3726 1108 λέγειν,

2360 1143 2420 1195 El
2444 1141 2564 1212 μηδ’
2580 1140 2648 1194 ἂν
2674 1140 2833 1203 αὐτὸς
2861 1139 2968 1193 τῶν
2992 1138 3167 1205 λόγων
3196 1135 3462 1207 ἠνείχετο.

2442 1230 2641 1300 Ἐχρῆν
2670 1230 2726 1282 δὲ
2780 1228 2981 1300 μᾶλλον
3010 1227 3110 1297 τῆς
3144 1226 3311 1295 ζάλης
3333 1243 3442 1278 των
3459 1222 3792 1294 Βαρϐάρων,

2252 1325 2322 1378 25
2360 1324 2469 1377 Καὶ
2496 1323 2598 1390 τῆς
2629 1321 2853 1375 ἐνόπλου
2883 1321 2990 1374 τῶν
3028 1319 3197 1390 βελῶν
3223 1316 3532 1385 καταιγῖδος

2374 1412 2811 1479 Ἀπαλλαγέντας
2834 1412 3063 1481 ἠρεμεῖν
3088 1411 3184 1463 σὺν
3215 1410 3335 1470 ταῖς
3360 1406 3601 1483 μάχαις,

2368 1501 2463 1562 ’Δς
2492 1500 2519 1552 ὁ
2544 1500 2832 1570 κράτιστος
2859 1496 3107 1568 ἐκτεμὼν
3130 1495 3443 1567 Εὐεργέτης

2376 1590 2469 1642 Ἐκ
2491 1590 2589 1657 τῆς
2617 1589 2683 1642 δι’
2710 1588 2876 1641 αὑτοῦ
2905 1588 3147 1658 ψυχικῆς
3174 1584 3550 1657 χειρουργίας.

2366 1680 2476 1750 Τὴν
2510 1680 2782 1752 κοσμικὴν
2815 1680 3123 1748 σφῦζουσαν
3153 1678 3315 1747 ἐξῆρε
3337 1677 3516 1741 νόσον,

2259 1773 2327 1829 50
2375 1774 2463 1826 Ἐν
2551 1773 2829 1843 τυράννων
2858 1771 3083 1841 ὠμότης
3106 1769 3424 1838 ἐπεκράτει.

2370 1869 2477 1920 Καὶ
2500 1864 2800 1937 Βαρῦάρων
2829 1863 2941 1935 πῦρ
2965 1861 3243 1925 δυσσεϐῶς
3270 1858 3587 1930 ἀνημμένον
3606 1873 3624 1888 ’

2375 1962 2518 2024 Ἕως
2550 1960 2747 2028 ἐπέσχε
2765 1957 2865 2020 τὰς
2898 1956 3068 2025 νομὰς
3087 1954 3206 2006 τῶν
3230 1951 3587 2023 τραυμάτων,

2386 2052 2802 2122 Ἀναστομὼσας
2821 2050 2922 2113 τὰς
2946 2046 3149 2117 φλέϐας
3176 2046 3285 2099 τῶν
3314 2043 3589 2114 αἱμάτων.

2384 2145 2537 2197 Ἐπεὶ
2566 2145 2622 2197 δὲ
2652 2144 2745 2197 καὶ
2776 2143 2904 2208 ζῶν.
2924 2142 3022 2195 καὶ
3046 2137 3223 2193 Θανὼν
3249 2139 3276 2190 ὁ
3308 2135 3558 2205 Χοσρόης

2266 2237 2334 2292 55
2372 2236 2656 2307 Χειμῶνας
2684 2236 2815 2305 ἡμῖν
2836 2231 3160 2301 ἐξανέστησε
3197 2229 3376 2298 μάχης
3398 2242 3414 2258 ⁶

2306 2332 2312 2339 ’
2372 2330 2455 2398 Πῆ
2485 2330 2584 2398 μὲν
2614 2329 2748 2399 πρὸς
2780 2326 2955 2397 ὁρμὰς
2977 2322 3335 2394 ἠρεθισμένος
3365 2317 3567 2387 φόνων,

2369 2420 2450 2490 ῐΙῆ
2474 2419 2531 2472 δὲ
2556 2418 2851 2491 προέδρους
2878 2417 2983 2470 τῶν
3016 2416 3255 2484 Σευήρου
3285 2409 3643 2479 σκεμμάτων,

2380 2509 2471 2571 Ὠς
2507 2506 2865 2577 μυσταγωγὸς
2890 2504 3277 2577 χειροτονήσας
3308 2500 3515 2567 πλάνης

2374 2600 2552 2668 Πολλὴ
2581 2599 2701 2654 καθ’
2739 2596 2893 2668 ἡμῶν
2918 2597 3131 2666 γίνεται
3150 2592 3453 2666 τραγῳδία.

2063 2754 2294 2811 NOTAE.

634 2901 719 2955 14.
750 2900 948 2968 Ὄργια
996 2914 1091 2968 pro
1124 2898 1533 2968 quibuscunque
1584 2894 1924 2968 ethnicorum
1959 2894 2127 2968 sacris

563 2972 764 3043 posuit,
796 2965 1095 3043 ut'_on_inia_
1120 2965 1273 3043 aéque
1318 2966 1506 3043 impia,
1539 2966 1809 3035 stultaque
1839 2965 2004 3021 fuisse
2035 2965 2129 3019 de.-

565 3036 848 3097 inonstret.
879 3037 1015 3093 Vide
1044 3036 1349 3091 Ileracliad.
1383 3051 1421 3100 ι,
1449 3036 1535 3090 61.

637 3112 725 3165 16.
765 3109 963 3178 Aperte
988 3147 1003 3172 ,
1049 3117 1108 3162 ut
1136 3108 1269 3161 mihi
1295 3106 1528 3178 videtur,
1563 3107 1629 3178 ad
1660 3106 2002 3175 disciplinam
2032 3123 2120 3162 ar-

565 3182 684 3236 cani
714 3174 901 3234 alludit
928 3221 943 3243 ,
973 3195 1076 3248 qua
1101 3193 1129 3232 a
1157 3174 1344 3246 primis
1363 3176 1625 3248 Ecclesiae
1663 3174 1877 3231 saeculis
1904 3188 2122 3233 cautum

2302 2896 2389 2950 50.
2431 2896 2589 2957 ΠΜ..
2626 2913 2676 2949 ν.
2713 2896 2798 2949 70.

2303 2968 2390 3020 51.
2430 2953 2821 3030 lbid.,acroas.
2850 2980 2887 3026 ι,
2910 2961 3029 3023 190,
3063 2958 3232 3030 itaAde
3266 2957 3528 3021 Chosroa,
3561 2953 3651 3024 qui
3683 2968 3810 3009 cum

2238 3044 2383 3090 esset
2408 3035 2545 3105 ignis
2578 3028 2986 3105 cultor,tamen
3013 3030 3073 3082 τὸ
3099 3028 3211 3105 πῦρ

2302 3095 2542 3168 Οὺκνεις
2569 3104 2634 3157 τὸ
2662 3103 2869 3164 σώζειν
2896 3098 3081 3166 εἶχεν,
3105 3095 3243 3153 ἀλλ’
3264 3099 3352 3164 εὶς
3379 3099 3444 3149 τὸ
3472 3095 3739 3165 φλέγειν.

2299 3176 2387 3229 55.
2431 3174 2589 3236 lbid.,
2624 3174 3017 3235 acroas.u,17.

566 3235 704 3315 fuit,
736 3264 806 3303 ne
834 3250 900 3304 de
931 3235 1126 3304 divinis
1158 3235 1424 3317 mysteriis
1448 3286 1462 3309 ,
1493 3262 1557 3317 ac
1585 3248 1883 3317 prwsertim
1916 3249 1982 3302 de
2013 3248 2132 3300 Tri-
2162 3251 2207 3311 ε
2297 3245 2393 3317 754.
2438 3243 2554 3317 lluq
2578 3235 2808 3298 fuerunt
2843 3243 3128 3317 Persarum
3185 3253 3358 3317 rcges,
3407 3235 3663 3291 Chosroa:
3712 3257 3812 3317 po-

566 3323 753 3381 nitate,
787 3328 841 3373 et
872 3314 1244 3375 incarnatione
1276 3330 1459 3370 coram
1485 3314 1716 3377 Iudicis,
1746 3316 2056 3371 infidelibus
2081 3326 2137 3371 et

566 3390 971 3445 catechumenis
1025 3394 1297 3455 ageretur.
1333 3384 1562 3449 Videsis,
1610 3401 1730 3454 quae
1780 3387 2135 3441 disertissime

567 3458 1143 3530 opposuit‘Tentzelio
1179 3455 1496 3530 Emmanuel
1540 3473 1570 3509 a
1623 3456 1956 3509 Schelstrate
1986 3456 2137 3530 inli-

567 3525 666 3585 Ι)ἰό
715 3529 790 3582 De
814 3527 1023 3597 discipl.
1056 3527 1265 3597 arcani,
1304 3540 1752 3597 quinquennupcr
1787 3535 1975 3597 contra
2010 3525 2137 3580 Bin-

568 3540 666 3585 bro
715 3540 790 3582 Ue
814 3540 1023 3597 αιδσιρι.
1056 3542 1265 3588 arcam,
1304 3540 1531 3645 quaeque
1576 3540 1752 3595 nuper
1787 3540 1975 3581 contra
2010 3540 2137 3580 Uin-

567 3601 821 3670 ghamum
857 3597 1093 3670 uberius
1139 3595 1395 3670 disseruit
1448 3595 1497 3670 _’.
1535 3593 1877 3670 llerinannus
1910 3596 2140 3670 Scliolli-

570 3664 689 3732 iter,
724 3666 942 3735 Discipl.
981 3666 1161 3719 arcam"
1194 3679 1303 3717 sua:
1346 3664 1591 3735 antiquit.
1626 3667 1791 3719 restit.
1840 3666 1963 3721 Scio
2008 3682 2139 3722 sane

570 3746 819 3792 auctores
846 3732 1136 3789 convenire
1157 3772 1171 3797 ,
1203 3748 1312 3785 non
1343 3732 1819 3789 ultravnsaaculum
1850 3736 1990 3791 hanc
2052 3736 2138 3790 di-

570 3806 853 3875 sciplinam
920 3804 1103 3859 arcani
1146 3802 1420 3875 viguisse.
1456 3803 1549 3858 sed
1596 3814 1951 3875 prreterquam
1997 3808 2138 3875 quod

574 3874 877 3943 temporum
928 3875 1064 3927 ratio
1106 3890 1215 3927 non
1262 3874 1556 3943 discrepat,
1598 3874 2138 3931 animadvertendum

613 3942 734 3998 lane
762 3953 863 4007 est,
896 3943 1223 4014 f’isidamde
1254 3942 1641 4014 Monopbysitis
1675 3944 1850 4012 loqui,
1881 3946 1971 4014 qui
1999 3947 2141 4001 inter

617 4013 1156 4085 ersasndisseminati,
1185 4013 1253 4085 de
1288 4012 1657 4085 incarnatione
1713 4030 1880 4069 novas
1900 4012 2141 4085 'scmpcr

572 4101 637 4140 ac
664 4083 847 4137 futiles
874 4083 1293 4152 quaestiunculas
1323 4084 1629 4146 movebant,
1664 4099 1771 4137 non
1802 4085 1918 4139 sine
1946 4083 2140 4153 magno

573 4154 914 4209 ethnicorum
969 4153 1244 4218 seandalo,
1280 4162 1334 4205 et
1374 4153 1611 4206 maximo
1665 4154 1917 4208 Ecclesiae
1969 4155 2139 4209 detri-

572 4230 775 4278 mento.
800 4221 1019 4293 Quippe,
1039 4238 1221 4276 coram
1269 4221 1507 4291 profanis
1550 4223 1625 4293 de
1663 4224 1826 4277 tantis
1871 4224 2141 4293 mysteriis

570 4293 969 4361 disputationes
1014 4292 1171 4355 inire,
1206 4306 1347 4361 vere
1397 4302 1514 4345 erat
1560 4292 1775 4346 mittere
1825 4292 2142 4359 margaritas

570 4360 697 4417 ante
741 4376 955 4430 porcos,
993 4362 1125 4414 Οὐδὲ
1158 4360 1287 4429 γὰρ,
1322 4370 1381 4414 ut
1408 4362 1485 4415 ait
1514 4370 1735 4415 sanctus
1781 4362 2032 4426 Basilius,
2068 4362 2141 4416 De

573 4432 719 4501 Spir.
758 4441 937 4485 sancto
1000 4432 1068 4501 ad
1113 4431 1465 4501 Amphilocli.,
1498 4446 1618 4500 cap.
1645 4432 1735 4494 27,
1766 4432 1901 4495 ὅλως
1929 4435 2138 4501 μυστή-

574 4499 689 4570 ριον
730 4502 918 4581 tonsi;
961 4500 1072 4581 “rip.
1105 4499 1330 4580 δημώδη
1375 4501 1469 4553 καὶ
1514 4499 1731 4581 εἰκαίαν
1778 4499 1948 4573 ἀκοὴν
1979 4499 2139 4581 ἐκφοτ

2239 3316 2382 3369 mine
2426 3314 2595 3376 clari,
2645 3328 2874 3382 quorum
2922 3311 3129 3380 primus
3172 3310 3643 3382 i’lnuscervanusl
3676 3311 3812 3366 alter

2238 3384 2515 3456 Abruizus
2533 3375 2943 3456 cegnbminatus
2972 3389 3108 3456 est__:_
3133 3387 3360 3456 uterque
3386 3388 3567 3456 autem
3609 3375 3809 3456 Roma-

2236 3456 2324 3508 nis
2376 3453 2551 3507 hostis
2597 3447 3021 3507 infensissimus.
3052 3447 3261 3519 Videsis
3296 3447 3639 3519 Procopium,
3669 3452 3811 3519 Αει-

2240 3526 2406 3582 thiam
2442 3534 2497 3578 et
2528 3524 2936 3582 Theonhanem.
2970 3519 3167 3575 Verum
3203 3517 3289 3570 hic
3322 3517 3388 3570 de
3418 3518 3658 3573 secundo
3689 3517 3811 3573 tan-

2238 3607 2352 3650 tum
2396 3595 2635 3649 Chosroa
2684 3587 2919 3648 Pisidam
2973 3605 3131 3661 agere
3159 3587 3430 3649 existimo.
3449 3601 3621 3661 quem
3650 3589 3811 3661 etiam

2240 3674 2510 3721 mortuum
2542 3664 2802 3719 Romanis
2826 3678 2946 3717 esse
2975 3657 3306 3714 nbcumento
3330 3657 3508 3724 tradit,
3530 3658 3812 3727 quia,dum

2240 3738 2465 3801 viveret,
2501 3734 2889 3805 M0110pbysitis
2920 3733 3162 3805 animum
3186 3729 3496 3805 addiderat;
3540 3730 3690 3805 unde
3732 3729 3815 3785 fa-

2239 3818 2384 3861 ctum
2416 3799 2518 3866 est,
2554 3815 2613 3858 ut
2645 3799 2709 3859 eo
2736 3799 2898 3858 etiam
2939 3800 3229 3856 interfecto
3260 3799 3496 3853 haeretici
3540 3799 3615 3853 illi
3643 3817 3815 3856 novas

2240 3890 2456 3944 semper
2498 3875 2686 3929 turbas
2734 3881 2923 3944 contra
2969 3870 3301 3925 orthodoxos
3329 3868 3553 3935 cierent,
3584 3886 3815 3940 quarum

2241 3941 2404 4000 verus
2433 3955 2621 3999 auctor
2652 3953 2768 3998 erat
2797 3941 3086 3997 Chosroes.

2310 4016 2397 4069 57.
2440 4015 2553 4068 Nec
2578 4013 2930 4074 Nestorianis,
2964 4027 3064 4064 nec
3084 4009 3433 4079 Eutychianis
3452 4010 3669 4065 sincero
3691 4011 3815 4065 ani-

2241 4101 2329 4139 mo
2376 4084 2574 4138 favisse
2618 4085 2912 4137 Chosroam
2960 4082 3305 4135 observatum
3351 4088 3435 4134 est
3483 4081 3537 4134 in
3585 4081 3816 4148 Manilo,

2240 4155 2487 4223 quamvis
2513 4154 2693 4207 Pisida
2732 4154 2884 4207 testis
2915 4152 3002 4205 hic
3036 4153 3106 4223 sit
3128 4192 3141 4211 ,
3176 4151 3594 4223 Severianorum
3627 4152 3817 4221 praesi-

2241 4220 2367 4287 des,
2418 4226 2518 4277 hoc
2566 4232 2670 4286 est,
2715 4224 2998 4290 episcoims
3043 4220 3447 4289 Monophysitas
3494 4220 3821 4277 auctoritate

2242 4310 2340 4348 sua
2374 4293 2594 4348 fovisse.
2633 4294 2701 4347 At
2731 4308 2841 4345 non
2872 4307 2938 4345 eo
2962 4292 3119 4361 plane
3154 4291 3383 4344 consilio
3410 4292 3457 4343 id
3488 4290 3685 4346 fecisse
3717 4308 3819 4361 pn-

2243 4364 2465 4418 tandum
2515 4374 2631 4428 est,
2665 4363 2809 4432 quod
2862 4362 3258 4432 Eutychianam
3298 4361 3599 4432 doctrinam
3650 4364 3822 4432 magis

2241 4434 2510 4502 probaret,
2539 4430 2699 4501 quani
2748 4430 3140 4491 Nestorianam,
3171 4430 3264 4483 sed
3308 4430 3464 4502 quod
3500 4447 3614 4485 rem
3651 4430 3821 4487 mole~

2242 4501 2379 4556 Stant
2432 4503 2689 4555 Romanis
2735 4517 2793 4555 se
2840 4502 3105 4554 facturum
3138 4509 3393 4568 putaret,
3426 4501 3469 4554 si
3503 4502 3630 4555 dolo
3679 4503 3821 4556 malo

576 4569 687 4639 ρονο
721 4588 748 4642 με
774 4569 957 4639 Neque
989 4569 1132 4642 enim
1158 4572 1383 4625 omnino
1418 4572 1731 4642 mysterium
1764 4569 2037 4642 est._quod
2061 4569 2139 4626 ad
2174 4590 2216 4642 υ
2244 4573 2490 4641 vigentes
2532 4573 2671 4625 inter
2718 4571 3053 4624 Christianos
3095 4570 3514 4642 controversias
3543 4572 3735 4631 aleret.
3766 4582 3821 4627 et

572 4640 879 4709 populares,
911 4656 976 4693 ac
1009 4640 1257 4707 vulgares
1304 4655 1465 4693 aures
1517 4640 1759 4694 effertur.
1800 4659 1817 4691 ›
1864 4640 1961 4695 Cui
2012 4658 2141 4696 sane

575 4711 715 4780 malo
744 4711 874 4779 imp.
906 4710 1211 4764 Marcianus
1253 4710 1364 4780 jam
1396 4710 1579 4780 multis
1612 4711 1769 4763 anuis
1799 4722 1924 4765 ante
1959 4712 2141 4779 provi-

576 4778 728 4851 derat
752 4778 898 4851 ,7qui
942 4795 1041 4851 suo
1083 4778 1265 4851 edicto:
1303 4779 1477 4851 vetuit
1508 4778 2141 4851 Constantinopolitanis,

575 4848 735 4917 netle
763 4850 847 4909 iis,
873 4866 991 4917 qum
1018 4850 1071 4902 in
1098 4850 1329 4905 concilio
1352 4849 1779 4904 Cbalcedonensi
1812 4848 2027 4906 fuerant
2048 4853 2144 4906 de-

577 4916 748 4991 finita,
774 4916 1035 4991 auderent
1061 4920 1231 4991 loqui,
1258 4919 1555 4991 ἐπειδήπερ
1586 4921 1647 4991 οὐ
1683 4921 1847 4991 μόνον
1876 4926 2017 4976 κατά
2047 4924 2147 4991 τῆς

577 4986 820 5059 πξστλεως-
841 4988 938 5059 τῆς
962 4988 1023 5041 εῦ
1054 4986 1391 5058 διατεθείσης
1419 4986 1648 5042 ἐναντίοι
1675 4986 1945 5059 χωροῦσιν
1968 5009 1983 5024 ·
2008 4986 2147 5047 ἀλλὰ

574 5055 683 5129 γὰρ
698 5055 968 5129 Ἰουδαίοις
988 5075 1045 5110 τε
1073 5060 1165 5112 καὶ
1189 5055 1445 5129 Ἕλλησιν
1468 5055 1710 5113 ἔκπυστᾶ
1733 5055 1822 5113 διὰ
1840 5060 1940 5129 τῆς
1966 5063 2147 5115 τοιᾶσ-

575 5125 632 5177 δε
672 5126 1000 5200 φιλονεικίας
1026 5131 1094 5180 τὰ
1124 5130 1295 5200 σεπτά
1336 5125 1582 5183 ποιοῦσιν
1615 5125 1911 5200 μυστήριαί
1962 5152 1980 5184 ι
2010 5130 2147 5197 Quia

576 5211 685 5269 non
711 5197 885 5269 solum
916 5207 1102 5269 contra
1133 5198 1293 5269 fidem
1324 5201 1464 5255 bene
1493 5197 1847 5269 compositam
1878 5204 2106 5256 veniunt
2131 5221 2144 5257 :

576 5264 669 5321 sed
686 5267 861 5342 etiam
891 5268 958 5321 ab
982 5267 1185 5342 Judmis
1215 5279 1269 5342 e_t
1299 5272 1521 5341 paganis
1549 5264 1754 5331 audita,
1791 5287 1856 5325 ex
1889 5272 2149 5342 hujusce-

575 5336 718 5407 modi
772 5338 1088 5401 certamine,
1136 5336 1423 5407 profanant
1466 5342 1773 5396 veneranda
1820 5336 2091 5407 mysteria.
2124 5363 2144 5395 ι

575 5403 959 5478 (Ῑοζιεειε-εοηε.
993 5402 1160 5463 Harii.
1219 5417 1257 5462 t.
1288 5408 1349 5472 ll,
1385 5426 1437 5478 p.
1463 5413 1584 5467 660.
1685 5476 1689 5478 _
1876 5402 1891 5412 ’

644 5476 734 5551 ἓᾷ.
774 5476 908 5551 fide
940 5477 1101 5540 infra,
1126 5496 1182 5551 ν.
1214 5479 1316 5534 500
1345 5476 1399 5533 et
1427 5498 1573 5551 seqq.
1678 5476 1689 5487 '

644 5545 735 5627 ει.
774 5546 980 5627 Ιξειιυω
1024 5550 1317 5627 ᾼιηιιθίεᾳω
1362 5560 1429 5627 e_t
1462 5545 1734 5607 Persicum
1779 5554 2049 5626 intelligit,
2082 5555 2151 5609 dc

576 5616 775 5682 quibus
800 5616 909 5684 jam
940 5620 1070 5675 satis
1099 5636 1199 5675 suo
1234 5621 1352 5676 loco
1380 5621 1583 5676 dictum
1610 5633 1714 5677 est.

644 5685 735 5738 27.
776 5687 975 5742 floufcr
1027 5689 1360 5759 lleracliad.,
1416 5707 1623 5747 acroas.
1679 5710 1713 5747 ιι
1746 5736 1758 5757 ,
1808 5710 1949 5751 vers.
1982 5695 2041 5750 4|
2096 5705 2151 5750 ct

577 5770 724 5823 seqq.

647 5827 733 5879 29.
777 5826 931 5893 lbid.,
968 5846 1018 5883 v.
1052 5830 1140 5885 t5.

2246 4640 2344 4695 suo
2372 4642 2672 4711 patrocinio
2700 4650 3052 4695 sustentaret.
3080 4640 3156 4711 A_c
3184 4654 3312 4711 vere
3361 4641 3660 4708 προέδρους
3685 4658 3821 4710 prte-

2246 4709 2403 4773 sides,
2441 4712 2624 4765 Severi
2654 4726 2844 4765 omnes
2868 4720 3081 4764 veteres
3112 4709 3502 4763 hmresiarchas
3538 4712 3706 4765 fuisse
3734 4728 3820 4765 re-

2246 4792 2332 4836 cte
2363 4781 2602 4845 dixeris;
2630 4781 2717 4835 ille
2743 4782 2886 4834 enim
2908 4780 3151 4833 omnium
3181 4793 3397 4833 errores
3426 4780 3481 4832 in
3512 4796 3668 4835 suam
3694 4796 3823 4835 sen-

2250 4853 2471 4907 tentiam
2508 4852 2722 4905 videtur
2756 4850 3115 4904 transtulisse.

2318 4922 2407 4976 38.
2447 4922 2745 4975 Chosroam
2785 4920 3078 4974 catholicos
3126 4919 3413 4988 episcopos
3457 4920 3524 4973 ab
3566 4919 3825 4974 Ecclesiis

2248 4992 2538 5060 expulisse,
2570 5000 2621 5044 et
2654 5006 2842 5045 eorum
2888 4990 3008 5043 loco
3053 4988 3511 5060 aliosiCatbolicis
3556 4988 3822 5053 infensos,

2249 5059 2663 5131 etEutychiana
2693 5061 2813 5114 labe
2844 5060 3074 5131 infectos
3102 5059 3385 5131 suffecisse
3426 5067 3658 5131 testatur
3688 5060 3825 5113 Pisi-

2250 5127 2452 5201 da.qui'
2469 5139 2527 5185 ut
2551 5142 2758 5185 tantum
2781 5130 2991 5201 facinus
3014 5129 3209 5201 elevet,
3230 5130 3306 5183 ait
3328 5131 3503 5198 ipsum
3526 5127 3824 5201 Chosroarn

2249 5199 2527 5256 ordinasse
2548 5202 2832 5271 episcopos
2862 5199 3283 5271 Menophysitas,
3320 5201 3420 5253 hoc
3449 5209 3550 5261 est.
3584 5200 3825 5271 auctori-

2251 5282 2361 5327 tate
2402 5287 2497 5325 sua
2528 5268 2885 5340 promovisse.
2918 5270 3063 5322 Scite
3092 5268 3271 5322 autem
3302 5284 3427 5322 eum
3466 5268 3826 5338 μυσταγωγὸν

2250 5341 2352 5409 τῆς
2388 5341 2617 5409 πλάνης,
2652 5343 2841 5393 erroris
2870 5348 3046 5408 caput,
3076 5340 3257 5391 ducem
3296 5349 3344 5392 et
3387 5340 3698 5409 magistrum
3727 5354 3827 5407 ap-

2289 5411 2436 5476 ellat,
2459 5427 2525 5465 eo
2548 5410 2674 5480 quia
2690 5411 3063 5479 cujuscunque
3088 5409 3400 5479 impietatis,
3426 5417 3681 5479 tanquam
3707 5409 3827 5463 ido-

2273 5482 2442 5535 olatra
2474 5490 2621 5535 esset
2649 5481 2999 5534 architectus.

2322 5552 2409 5606 59.
2450 5550 2735 5621 Τι-οεωαίει
2772 5565 2898 5604 vere
2936 5564 3003 5601 ex
3043 5556 3121 5602 tot
3141 5548 3389 5621 dissidiis
3415 5557 3642 5621 orta_est
3677 5566 3693 5603 :
3723 5564 3829 5602 un-

2252 5621 2414 5691 dique
2454 5618 2600 5675 enim
2646 5622 2843 5691 czedes,
2875 5628 2931 5672 et
2964 5619 3243 5691 sanguinis
3288 5620 3505 5691 effusio.
3538 5618 3829 5691 Propterea

2254 5689 2401 5746 recte
2433 5700 2652 5745 sanctus
2682 5689 2948 5744 Maximus
2974 5698 3181 5757 contra
3228 5689 3391 5757 huius
3425 5690 3685 5757 temporis
3715 5690 3830 5743 ha-

2257 5763 2455 5816 reticos
2481 5761 2838 5823 exclamabat,
2872 5768 2911 5813 t.
2945 5756 3021 5822 ll,
3056 5759 3225 5829 epist.
3251 5760 3339 5823 I3,
3367 5774 3487 5829 pag.
3520 5756 3657 5813 1'06:
3685 5756 3831 5829 [Ιαύέ-

2256 5848 2432 5887 σοιντο
2464 5831 2649 5885 λοιπὸν
2679 5831 2777 5884 οὐκ
2822 5832 2880 5882 ὲν
2924 5830 3101 5899 mpii:
3135 5828 3309 5885 ταῦτα
3339 5828 3617 5893 κινοῦντες
3646 5845 3703 5882 τε
3737 5828 3832 5883 καὶ
