4152 6290
288 525 358 579 40
464 520 634 589 Ετπερ
654 516 722 572 δι’
749 517 895 586 ἡμᾶς
917 514 1012 567 τοῦ
1042 513 1213 580 Λόγου
1250 507 1626 581 σαρκουμένου

394 610 702 681 Σπινθῆρας
741 609 872 680 ἡμῖν
895 603 1174 666 δυσσεεείς
1198 599 1514 671 ὑποφλὲγει.

395 707 582 767 Ὅπως
609 703 819 772 ἐφεῖται
846 701 958 760 τοῖς
985 696 1201 767 ὁδηγοῖς
1226 693 1324 762 τῆς
1352 691 1563 761 πλάνης

394 795 883 865 Κενταυρόμορφον
916 780 1268 858 δογματίζειν
1299 784 1509 848 εἰκόνα,

392 881 470 957 ’ῌ
495 883 662 954 μηδέν
700 885 848 937 ἐστιν
869 877 1078 941 ἐντελὲς
1106 876 1242 946 πρὸς
1263 874 1360 936 τὰς
1384 871 1596 940 φύσεις,

287 978 360 1034 43
409 977 497 1041 Ἐξ
522 970 596 1030 ὧν
619 973 881 1043 συνῆλθεν
907 989 921 1002 ·
958 970 1159 1032 ὲνδεεῖς
1188 968 1297 1038 γὰρ
1321 967 1376 1020 αἱ
1415 963 1531 1025 δύο.

390 1066 592 1136 Φύρσιν
622 1064 910 1126 παθοῦσαι,
943 1063 1039 1116 καὶ
1066 1059 1278 1132 τροπὴν
1305 1060 1370 1127 τῇ
1402 1053 1683 1126 συγχύσει.

465 1157 578 1210 Οὐκ
604 1150 672 1226 ἦν
695 1154 825 1224 γὰρ,
855 1154 956 1208 οὐκ
976 1147 1043 1222 ἦν
1065 1150 1140 1220 τῷ
1165 1147 1378 1221 βεϐήλῳ
1404 1145 1618 1216 Χοσρὸῃ

392 1250 580 1302 Κινεῖν
613 1246 734 1300 καθ’
771 1245 926 1322 ἡμῶν
957 1243 1099 1297 ὅπλα
1136 1241 1298 1312 μέχρι
1331 1239 1598 1308 σωμάτων
1618 1253 1633 1268 °

392 1339 614 1409 Τρῶσαι
642 1338 698 1391 δὲ
730 1337 931 1408 μᾶλλον
956 1335 1112 1404 ἤθελε
1151 1334 1252 1396 τὰς
1280 1329 1530 1400 καρδίας.

289 1434 357 1516 ξθ
393 1433 506 1502 Τὴν
534 1431 716 1484 πίστιν
734 1427 902 1516 *ἡμῶν
933 1426 1248 1496 πυρπολῶν,
1279 1424 1354 1486 ὡς
1379 1424 1477 1516 τὰς
1504 1420 1710 1483 πόλεις.

405 1520 681 1575 Ἐντεῦθεν
705 1514 858 1588 οἶμαι
882 1520 993 1580 τοῖς
1019 1517 1256 1586 Σευῆρον
1283 1512 1580 1583 συμπόνοις

401 1615 606 1684 Ἐφῆκε
631 1613 826 1683 φύρσιν
852 1611 1196 1682 δογματίζειν
1223 1610 1251 1661 ὁ
1273 1608 1491 1679 δράκων

401 1707 490 1768 Ὠς
514 1708 578 1760 ἂν
605 1707 672 1760 δι’
702 1702 888 1768 αὑτοῦ,
920 1704 1014 1756 καὶ
1043 1700 1164 1754 καθ’
1195 1699 1355 1771 ήμῶν
1388 1699 1421 1769 ἡ
1454 1695 1628 1768 πλάνη

390 1799 523 1868 Δόξῃ
550 1796 816 1868 χορεύειν,
843 1795 936 1847 καὶ
968 1791 1180 1863 παρέξη
1215 1793 1324 1854 τοῖς
1349 1789 1546 1860 μάγοις

288 1893 356 1946 55
393 1891 577 1953 Λαϐὰς
602 1887 875 1957 γελώτων,
908 1887 1003 1940 καὶ
1028 1884 1281 1950 συνάξεις
1307 1881 1595 1951 παιγνίων.

475 1979 612 2032 Ἀλλ’
649 1978 938 2048 ἠφάνισται
1003 1974 1175 2028 ταῦτα
1206 1975 1304 2051 σὺν
1344 1973 1422 2045 τῷ
1451 1975 1687 2048 Χοσρόῃ,

389 2075 571 2142 Πέρας
591 2071 824 2125 λαϐόντα
852 2070 1139 2139 συμφορᾶς
1164 2067 1503 2138 γελωμένης.

403 2163 460 2216 '0
481 2161 744 2232 δεσπότης
771 2161 880 2234 γάρ
905 2161 963 2224 ἐξ
997 2161 1114 2222 ἐνὸς
1140 2159 1329 2230 βέλους
1358 2159 1573 2227 φθάσας

391 2255 435 2306 Τ
439 2256 496 2305 ὸν
521 2254 617 2323 μὲν
648 2253 862 2323 φονεύει
891 2251 969 2323 τῷ
998 2251 1264 2321 θεοκρίτῳ
1287 2250 1453 2320 ξίφει,

286 2341 355 2399 60
390 2345 514 2406 Τοῖς
532 2344 587 2396 δὲ
621 2342 953 2413 προπέμψας
981 2342 1372 2396 εὐσεΰέστατον
1407 2341 1564 2412 βέλος

395 2436 499 2489 Σὺν
521 2435 599 2506 τῷ
634 2435 814 2506 βαλεῖν
844 2433 1042 2504 ἔσφαξε
1067 2435 1165 2506 τὴν
1188 2435 1471 2489 ἀπιστίαν.

466 2527 664 2597 Ἤρκει
697 2528 794 2596 μὲν
827 2544 919 2580 ουν
946 2529 1120 2580 ἐκεῖνο
1151 2527 1212 2580 τὸ
1242 2526 1461 2598 πρῶτον
1498 2525 1653 2598 βέλος

393 2613 506 2677 Τάς
525 2614 632 2667 τῶν
660 2616 904 2669 ἀπίστων
929 2617 962 2688 ἢ
997 2616 1232 2688 μαλάξαι
1265 2616 1518 2686 καρδίας,

396 2706 465 2759 Ἦ
493 2707 590 2779 τὴν
621 2707 1026 2780 πολυτράχηλον
1055 2711 1308 2780 ἐκτεμεῖν
1334 2709 1543 2782 πλάνην
1563 2725 1580 2740 ·

1533 399 1827 459 CONTRA
1865 395 2246 458 SEVEBUM.

1864 511 1908 566 Α
2011 501 2290 572 Siquidem
2317 501 2384 558 de
2414 502 2594 558 Verbo
2614 518 2713 572 pro
2736 501 2894 558 nobis
2929 502 3211 557 incantato

3373 388 3510 457 16$

1937 591 2210 648 Scintillas
2249 610 2349 648 nos
2379 594 2521 649 inter
2560 594 2754 664 impias
2784 595 3157 651 subaccendit.

1933 688 2004 744 Ut
2030 688 2216 743 datum
2249 688 2323 742 sit
2351 686 2623 758 magistris
2652 689 2853 742 erroris

1931 778 2420 834 Centauril‘ormem
2455 778 2685 833 edocere
2710 777 3024 848 imaginem,

1931 869 2064 936 Quae
2098 885 2204 924 non
2235 877 2320 924 est
2347 869 2641 939 quidquam
2672 868 2971 938 perlectum
2999 868 3052 922 in
3082 867 3311 932 naturis,

1932 960 2011 1015 Ex
2047 960 2249 1029 quibus
2279 961 2512 1024 coaluit;
2551 968 2795 1028 utraeque
2829 959 2974 1013 enim
3009 959 3218 1028 indigne,

1930 1051 2338 1116 Turbationem,
2371 1062 2427 1106 et
2464 1051 2879 1106 conversionem
2918 1065 3088 1120 passa
3127 1065 3191 1104 ex
3231 1047 3502 1103 mistione.

2001 1145 2122 1200 Non
2154 1145 2298 1198 enim
2333 1159 2396 1199 ea
2435 1159 2591 1198 mens
2620 1143 2722 1198 fuit
2749 1141 3083 1197 exsecranda
3104 1141 3382 1207 Chosroae,

1930 1235 2004 1292 Ut
2025 1249 2268 1291 moveret
2293 1251 2444 1290 arma
2468 1236 2521 1290 in
2546 1245 2732 1290 nostra
2760 1242 2968 1289 tantum
3000 1247 3224 1303 corpora
3253 1250 3268 1286 :

1931 1327 2038 1383 Sed
2075 1328 2254 1398 potius
2285 1328 2571 1382 vulnerare
2601 1327 2817 1382 volebat
2847 1325 3030 1389 corda,

1929 1420 2115 1476 Fidem
2147 1430 2388 1474 nostram
2425 1427 2644 1474 vastans
2679 1418 2967 1483 incendiis,
3006 1426 3065 1472 ut
3103 1416 3290 1472 urbes.

1930 1509 2029 1564 llic
2053 1519 2184 1578 puto
2213 1509 2400 1564 Severi
2435 1509 2740 1563 fautoribus

1928 1600 2185 1656 Permisit
2217 1601 2414 1656 docere
2446 1600 2911 1670 perturbationem
2944 1599 3108 1654 draco
3137 1615 3151 1651 :

1929 1691 2001 1747 Ut
2029 1694 2146 1762 ejus
2180 1709 2344 1763 Opera
2373 1692 2538 1746 etiam
2569 1692 2713 1746 inter
2744 1708 2843 1746 nos
2867 1707 3021 1745 error

1929 1786 2218 1841 V’ideretur
2247 1786 2545 1849 exsultare,
2575 1797 2629 1841 et
2656 1786 2922 1856 praeberet
2947 1785 3117 1856 magis

1858 1849 1900 1904 Β
1927 1879 2102 1933 Ansas
2139 1877 2370 1940 ridendi,
2396 1886 2451 1931 et
2482 1875 2691 1931 ludicra
2723 1876 3118 1930 conventicula.

2005 1971 2111 2024 Sed
2145 1972 2258 2025 haec
2283 1985 2695 2032 evanuere_una
2728 1969 2887 2023 simul
2921 1985 3044 2022 cum
3067 1968 3327 2034 Chosroa,

1931 2063 1997 2118 Et
2029 2064 2189 2117 ﬁnem
2224 2063 2464 2117 habuere
2501 2062 2706 2116 misere
2747 2060 3033 2115 ridiculum

1932 2157 2162 2227 Despota
2193 2159 2338 2212 enim
2379 2174 2486 2213 uno
2520 2160 2630 2214 ictu
2665 2159 3006 2230 pneveniens

1933 2249 2086 2304 llunc
2113 2251 2333 2320 quidem
2362 2252 2558 2308 occidit
2586 2253 2762 2321 gladio
2792 2268 2858 2307 ex
2895 2251 2986 2305 Dei
3024 2251 3232 2320 iudicio
3252 2292 3268 2317 ,

1934 2344 1991 2397 In
2023 2344 2140 2397 illos
2167 2353 2347 2398 autem
2379 2345 2624 2400 immisso
2661 2357 2887 2401 summa;
2917 2347 3132 2416 pietatis
3162 2345 3288 2410 telo,

1933 2433 2054 2504 lpso
2079 2436 2224 2504 iaetu
2257 2437 2513 2491 mactavit
2544 2437 2940 2492 inﬁdelitatem.

2005 2525 2321 2582 Suffecisset
2367 2527 2530 2598 igitur
2568 2529 2802 2599 primum
2837 2529 2966 2582 illud
2999 2528 3262 2597 iaculum,

1866 2629 1871 2634 '
1933 2620 2042 2674 Aut
2073 2619 2141 2673 ad
2167 2620 2487 2675 emollienda
2529 2620 2829 2675 inﬁdelium
2861 2631 3102 2691 pectora,

1935 2712 2045 2767 Aut
2081 2711 2148 2768 ad
2185 2713 2480 2768 multorum
2519 2713 2758 2784 capitum
2795 2711 3220 2768 exscindendnm
3246 2726 3508 2766 errorem.

1776 2887 2010 2946 NOTAE.

252 3045 607 3114 συνάγοντες·
640 3044 831 3116 καιρὸς
880 3045 990 3116 γὰρ
1019 3046 1047 3099 ὁ
1075 3045 1266 3116 παρὼν
1294 3045 1544 3114 αἱμάτων
1593 3043 1706 3116 διὰΔ
1727 3043 1826 3116 τᾲς

249 3113 527 3187 ἁμαρτίας
578 3113 757 3185 ἡμῶν,
789 3116 914 3187 sm
938 3113 998 3187 οὐ
1046 3113 1523 3187 δογμάτωνςξστὶ,
1560 3115 1656 3167 καὶ
1687 3113 1826 3182 θρή-

1933 3053 1990 3116 et
2019 3043 2292 3116 perfectus
2325 3045 2511 3112 homo,
2536 3047 2818 3116 perfectus
2840 3044 2892 3116 in
2925 3045 3125 3100 deitate
3153 3055 3207 3099 et
3243 3047 3461 3115 perfecti
3483 3068 3513 3106 ι

1936 3113 2366 3186 inhumanitate
2387 3155 2402 3176 ,
2433 3113 2552 3171 sed'
2576 3117 2704 3186 quid
2734 3130 2800 3186 ex
2830 3115 3030 3169 deitate
3055 3127 3127 3186 et
3181 3113 3514 3173 humanitate

249 3182 385 3263 vtuv'
409 3182 644 3263 ἰσχυριρν
679 3189 757 3248 εἰς
791 3185 926 3263 Θεοῦ
957 3182 1290 3263 δυσώπησιν,
1321 3183 1525 3263 ἀλλ’ῃού
1577 3199 1820 3263 σοφιστι-

1935 3184 2138 3263 mistim
2191 3182 2482 3238 conﬂatum
2531 3182 2944 3263 et'confusum,
2979 3185 3137 3263 cuius
3185 3187 3512 3263 etiampro-

253 3257 364 3310 κῶν
407 3252 784 3326 άκίτιρῤήσεων
817 3258 896 3319 εἰς
925 3252 1327 3326 περισσοτέραν,
1351 3253 1472 3326 καθ’
1494 3252 1650 3322 ἡμῶν
1683 3254 1825 3326 ἀγαο

251 3307 544 3394 νᾶκτησιν)
571 3295 600 3374 τ
627 3295 895 3379 1)εείιιοηῖ
927 3295 1058 3392 iam,
1100 3295 1231 3377 cuml
1260 3295 1744 3394 minime_t‘e-tnpus.
1759 3321 1830 3376 sit

250 3392 638 3466 opportunum,
679 3399 800 3466 ista,
826 3409 1044 3466 movere
1075 3404 1128 3448 et
1162 3394 1429 3466 colligere.
1467 3392 1828 3466 Crucntarum

250 3462 394 3520 enim
433 3476 644 3533 tempus
677 3465 901 3519 aedium
929 3503 942 3528 ,
971 3465 1039 3517 ob
1071 3474 1252 3517 nostra
1287 3462 1521 3525 scelera,
1549 3478 1657 3516 non
1727 3463 1828 3517 do-

254 3546 494 3607 gmatu'n
517 3545 730 3607 tempus
754 3534 893 3607 istud
918 3544 1022 3607 est,
1050 3535 1460 3607 validorumque
1489 3533 1827 3602 planctuum,

249 3603 567 3676 quibusrad
618 3603 1041 3676 t'niserieordlam
1089 3605 1265 3676 Deum
1323 3603 1684 3676 inlleetamus,
1721 3618 1830 3676 non

250 3675 674 3746 sophiSticorum
711 3675 960 3744 opposite
989 3675 1335 3746 militantium
1372 3675 1642 3746 rationum
1667 3715 1680 3733 .
1710 3675 1830 3746 qui-

249 3744 352 3801 bus
401 3747 520 3814 ejus
569 3747 828 3799 adversus
884 3760 984 3798 nos
1036 3745 1297 3814 maiorem
1370 3744 1505 3798 iram
1558 3745 1827 3799 accenda-

250 3833 392 3872 IllllS.
419 3837 436 3867 ι

321 3889 408 3940 4-1.
449 3886 704 3956 Apertius
753 3884 1029 3956 declarati,
1065 3885 1363 3956 Cltosroam
1409 3883 1719 3956 Severianis
1751 3884 1830 3938 fa-

249 3958 391 4012 visse
412 3999 425 4018 ,
457 3954 617 4026 quem
650 3955 962 4024 suppositos
995 3955 1343 4024 Eutychiame
1376 3954 1832 4026 lnereseosignes

251 4023 543 4081 suscitasse
571 4023 765 4088 tradit,
798 4035 858 4079 ut
901 4041 1056 4079 nova:
1088 4023 1416 4094 quzestiones
1466 4027 1609 4094 circa
1656 4023 1833 4077 incar-

249 4098 526 4150 nationem
561 4095 724 4150 Verbi
756 4103 945 4150 contra
976 4093 1299 4149 cathOlicam
1350 4093 1655 4150 doctrinam
1708 4110 1828 4148 mo-

250 4175 528 4221 verentur.
1660 4209 1663 4213 .

321 4237 409 4290 42.
448 4236 736 4304 Ὀδηγοὺς
763 4234 871 4303 τῆς
896 4235 1158 4303 πλάνης,
1190 4237 1260 4288 ad
1300 4237 1401 4288 iter
1430 4233 1828 4304 errorisduces,

251 4317 412 4361 vocat
453 4303 806 4371 Severianus,
842 4315 1034 4360 contra
1077 4322 1213 4374 quos
1262 4304 1576 4359 Anastasius
1625 4303 1831 4374 Sinaita

253 4393 410 4430 suum
440 4376 896 4446 librum,'06q76;
922 4417 936 4440 ,
972 4373 1213 4429 Dux’viw
1238 4417 1254 4442 ,
1286 4375 1630 4443 inseriptum,
1658 4373 1833 4446 jamda

253 4457 472 4501 centum
500 4447 657 4499 annis
680 4444 1010 4516 vulgaverat,
1035 4462 1104 4499 ne
1131 4446 1186 4498 in
1211 4447 1341 4500 retia
1383 4456 1435 4500 et
1473 4446 1703 4513 laqueos
1724 4444 1832 4497 τῶν

251 4517 461 4584 ὁδηγῶν
491 4520 588 4584 τῆς
623 4516 825 4586 πλάνης
859 4516 1145 4570 orthodoxi
1176 4517 1500 4570 inciderent.

323 4574 413 4639 λδ.
459 4574 972 4654 δθᾲἰιρηιοε’ἷοιιιι)ἰ
1030 4587 1327 4640 maximum
1379 4585 1661 4640 continent
1710 4601 1824 4639 mo-
1869 4574 1912 4628 D

254 4667 522 4717 mentmn,
555 4672 662 4724 quo
687 4655 999 4725 Eutychetis
1024 4657 1269 4710 doctrina
1291 4657 1357 4710 de
1392 4671 1500 4708 una
1527 4671 1591 4708 ex
1617 4656 1830 4710 duabus

255 4727 309 4780 in
344 4727 559 4780 Christo
601 4737 790 4779 natura
834 4726 1207 4780 labefactatur.
1244 4726 1298 4779 Si
1333 4726 1480 4778 enim
1513 4725 1748 4780 humana
1777 4736 1834 4780 et

253 4797 434 4850 divina
462 4807 655 4850 natura
690 4797 987 4850 ineonl’ns:e
1017 4812 1123 4849 non
1153 4807 1462 4859 servantur,
1496 4811 1599 4848 una
1642 4795 1734 4850 (iet
1767 4813 1833 4850 ex

254 4867 595 4920 humanitate
625 4876 678 4920 et
711 4867 990 4920 divinitate
1043 4867 1199 4920 mista
1241 4876 1456 4928 natura,
1487 4881 1608 4934 quae
1654 4881 1832 4936 neque

257 4947 367 4991 tota
418 4937 490 4990 sit
535 4937 823 4999 divinitas,
873 4952 1048 5004 neque
1106 4946 1214 4990 tota
1263 4936 1618 4990 humanitas:
1653 4935 1834 5004 itaque

255 5009 360 5060 erit.
391 5007 635 5076 qumdam
663 5023 727 5060 ex
763 5007 974 5060 duobus
1005 5006 1308 5075 composita
1339 5016 1531 5060 natura
1553 5045 1566 5067 ,
1620 5016 1674 5061 et
1702 5007 1833 5076 quid

258 5078 499 5141 tertium,
532 5078 757 5131 monstri
797 5076 1010 5138 simile;
1061 5085 1118 5129 ut
1165 5088 1493 5138 centaurus,
1529 5076 1620 5144 qui
1656 5092 1835 5145 neque

258 5156 404 5200 totus
432 5157 514 5201 est
545 5148 726 5210 homo,
757 5162 932 5216 neque
973 5155 1119 5200 totus
1158 5153 1243 5199 est
1283 5161 1474 5215 equus,
1510 5147 1594 5199 vel
1625 5155 1684 5199 ut
1717 5164 1836 5201 tnu-

257 5217 361 5286 ius,
390 5219 479 5286 qui
517 5233 694 5286 neque
725 5227 871 5271 totus
901 5226 985 5271 est
1013 5231 1207 5286 equus,
1239 5233 1415 5285 neque
1445 5225 1587 5268 totus
1626 5217 1832 5270 asinus.

257 5285 525 5341 Praeterea
573 5285 618 5340 si
664 5300 978 5342 naturarum
1014 5285 1077 5340 ini
1099 5286 1316 5340 Christo
1347 5286 1400 5338 lit
1427 5286 1706 5349 confusio,
1761 5288 1833 5340 ita

257 5359 464 5420 omnia,
496 5373 615 5426 qua:
648 5359 714 5412 ad
746 5359 962 5412 easdem
1013 5367 1236 5412 naturas
1271 5354 1575 5426 pertinent,
1608 5354 1757 5426 inter.
1779 5373 1838 5411 se

259 5423 575 5497 permisceri
612 5443 835 5483 necesse
861 5438 977 5492 est,
1010 5438 1067 5481 ut
1095 5427 1220 5498 quid
1250 5423 1572 5498 alterutrius
1606 5423 1676 5498 sit
1714 5441 1838 5494 pro-

261 5493 440 5569 prium
469 5514 578 5551 non
605 5498 714 5564 iam
743 5499 977 5568 amplius
1018 5493 1260 5569 tligiiosci
1301 5495 1516 5569 possit;
1552 5493 1694 5569 unde
1716 5493 1840 5569 inec

261 5565 445 5622 divina
497 5569 564 5623 ab
609 5565 882 5630 humanis,
919 5585 1021 5624 nec
1067 5565 1102 5622 εἰ
1143 5565 1342 5622 divinis
1369 5567 1604 5620 humana
1638 5565 1837 5619 distin-

263 5646 517 5709 guentur.
549 5639 606 5692 Si
638 5639 781 5692 enim
813 5640 934 5694 duae
978 5649 1186 5694 natura:
1212 5639 1283 5692 ita
1315 5635 1740 5709 confundantur,
1781 5645 1842 5709 ut

265 5705 372 5780 una
402 5722 464 5762 ex
501 5709 711 5764 duabus
747 5710 837 5765 liat
862 5752 876 5774 ,
910 5727 1047 5780 opus
1078 5717 1161 5764 est
1184 5750 1198 5775 ,
1243 5718 1298 5763 ut
1329 5708 1488 5762 detur
1515 5705 1740 5760 alterius
1783 5705 1838 5758 in

265 5779 490 5832 atteram
543 5780 829 5833 conversio
871 5779 1352 5849 ct’perturhatio:
1389 5791 1497 5849 quo
1543 5790 1838 5849 sane‘con-

266 5865 297 5902 c
315 5863 440 5916 :sso,
454 5849 705 5905 Christus
725 5851 837 5921 iatn
864 5844 1102 5908 ιιυιιότιι
1118 5850 1350 5921 amplius
1376 5844 1647 5920 perlectus
1673 5844 1833 5910 Deus,

1932 3255 2192 3322 prietates
2242 3264 2406 3308 erunt
2455 3256 2753 3310 commistaa
2791 3263 2847 3309 et
2886 3256 3148 3308 conlusze.
3190 3253 3515 3311 (Adulteri-

1931 3339 2059 3395 nam
2091 3323 2270 3391 igitur,
2305 3343 2352 3395 I_
2375 3325 2449 3378 ait
2496 3325 2750 3379 Leontius
2774 3366 2788 3389 ,
2842 3324 3079 3378 Dubitat.
3117 3326 3317 3395 hypot.,
3372 3327 3516 3394 apud

1929 3392 2229 3453 Canisium,
2260 3403 2298 3446 t.
2337 3393 2353 3446 I
2382 3436 2396 3457 ,
2431 3411 2482 3463 p.
2513 3395 2638 3452 627.
2693 3415 2709 3446 ι
2745 3407 2799 3448 et
2829 3395 3112 3449 confusam
3152 3392 3313 3448 imam
3359 3392 3518 3450 natu-

1931 3479 2129 3516 ramex
2155 3463 2362 3518 duabus
2394 3466 2604 3519 naturis
2631 3466 3152 3534 conlinguut,qualis
3181 3476 3370 3519 natura
3399 3483 3518 3519 mu-

1931 3534 2108 3606 lorum
2134 3542 2188 3587 et
2211 3534 2436 3606 aliorum
2466 3536 2774 3606 huiusmodi
2803 3538 3099 3606 excogitata
3131 3545 3251 3596 est;
3282 3547 3335 3590 et
3357 3537 3516 3604 quale

1930 3605 2072 3673 apud
2108 3605 2336 3673 gentiles
2371 3605 2783 3659 multiformium
2811 3646 2825 3670 ,
2875 3614 2929 3658 et
2953 3605 3355 3660 contrariorum
3389 3608 3512 3659 ani-

1930 3675 2195 3728 mantium
2255 3683 2577 3729 monstrum.
2632 3695 2649 3726 ι
2697 3675 2830 3729 Vide
2880 3675 3223 3731 Anastasium
3283 3677 3338 3730 in
3399 3677 3513 3728 Ὠδ-

1931 3744 2072 3812 ηγῷ,
2103 3743 2412 3807 Leontium,
2443 3757 2500 3800 et
2541 3756 2788 3800 sanctum
2821 3743 3086 3801 Joannem
3123 3747 3518 3802 Damascenum

1933 3825 2116 3868 contra
2147 3814 2436 3869 Jacobitas.

2003 3907 2093 3960 47.
2132 3906 2208 3960 ita
2259 3906 2769 3978 etiamii’rocopius
2800 3910 3019 3964 censuit
3048 3910 3116 3964 de
3159 3911 3402 3966 Chosroa
3433 3926 3521 3965 se-

1932 3975 2126 4050 niore_,
2177 3977 2269 4050 qui
2322 3978 2376 4029 in
2432 3975 2871 4050 MeSopo'tamiam
2931 3990 3182 4050 quartum
3234 3997 3363 4050 eum
3422 3997 3521 4034 suo

1933 4047 2176 4100 exercitu
2228 4047 2538 4114 irruperat:
2569 4047 2718 4118 Ᾱύτὴ
2764 4048 2820 4100 δὲ
2866 4051 2915 4170 Ἄ
2947 4047 3145 4119 ἐσϐολὴ
3189 4049 3264 4118 τῷ
3302 4051 3520 4120 Χοσρὸῃ

1933 4115 2112 4170 τούτω
2159 4117 2218 4168 ού
2273 4118 2411 4170 πρὸς
2446 4119 2824 4170 ’1ουστινιανὸν
2855 4135 2882 4169 τ
2918 4138 2945 4170 ν
2974 4119 3198 4170 Βασιλέα
3230 4119 3519 4170 Ῥωμαίων

1933 4115 2112 4189 τούτῳ
2159 4117 2218 4168 ού
2273 4118 2411 4189 πρὸς
2446 4115 2824 4189 ’1ουστινιανὸν
2855 4115 2945 4189 τὸν
2971 4115 3198 4189 βασιλέα
3230 4115 3519 4189 Ῥωμαίων

1935 4187 2230 4255 πεποίηται
2252 4203 2265 4216 ο
2310 4188 2371 4238 οὐ
2410 4187 2517 4256 μὴν
2561 4188 2681 4240 οὐδὲ
2709 4189 2795 4240 ἐπ’
2822 4187 2997 4241 ἄλλων
3027 4187 3330 4257 ἀνθρώπων
3365 4188 3519 4240 οὐδέ-

1936 4272 2002 4328 να
2020 4297 2034 4320 ,
2063 4257 2146 4308 δτι
2182 4257 2255 4328 μὴ
2291 4258 2386 4310 ἐπὶ
2414 4257 2506 4328 τὸν
2536 4258 2692 4322 Θεὸν,
2725 4259 2893 4325 ὅνπερ
2923 4259 3236 4328 Χριστιανοὶ
3272 4258 3521 4310 σέϐονται

1937 4326 2120 4408 μόνον.
2159 4345 2176 4378 ι
2211 4327 2326 4393 Qua
2375 4327 2591 4408 quidem
2646 4328 2944 4396 irruptione
2979 4326 3520 4408 non-\Justinianum

1936 4397 2094 4466 imp.,
2127 4413 2228 4468 nec
2257 4398 2576 4468 mortalium
2603 4413 2949 4467 quemquam,
2982 4400 3075 4453 sed
3106 4397 3274 4452 Deum
3295 4439 3310 4462 ,
3357 4413 3522 4468 quem

1937 4483 2105 4521 unum
2138 4467 2430 4538 Christiani
2460 4469 2666 4530 colunt,
2697 4483 3011 4538 oppugnare
3037 4469 3230 4523 voluit.
3264 4487 3282 4518 ι

2009 4538 2097 4590 50.
2143 4538 2265 4592 Vid.
2302 4537 2632 4601 Ileracliud.,
2665 4537 2875 4592 acroas.
2905 4554 2943 4603 ι,
2978 4540 3098 4594 130.

2009 4608 2100 4662 55.
2139 4607 2460 4662 Conﬁrmari
2512 4610 2712 4676 possit,
2748 4608 2892 4678 quod
2941 4609 3281 4672 dicebamus,
3331 4621 3517 4678 supra,

1937 4693 2078 4748 vers.
2118 4678 2204 4748 11,
2234 4679 2301 4731 de
2329 4679 2613 4748 disciplina
2647 4681 2852 4732 arcani.

2007 4747 2095 4802 59.
2135 4747 2336 4801 Confer
2371 4743 2671 4803 Hefacliad.
2701 4765 2718 4802 ι
2743 4790 2757 4812 ,
2791 4765 2842 4802 v.
2875 4743 2944 4802 35
2974 4755 3028 4803 et
3057 4763 3207 4819 seqq.

2007 4820 2097 4872 60.
2143 4819 2291 4883 Τοῖς.
2325 4819 2374 4871 id
2412 4828 2506 4889 est
2552 4820 2750 4889 magis,
2781 4819 2980 4888 quibus
3031 4815 3258 4889 ridendi
3282 4815 3498 4889 occasio

1936 4904 2061 4942 nem
2109 4888 2478 4957 praeripuerit,
2523 4887 2942 4949 Severiaumzum
2971 4888 3294 4942 commentis
3323 4887 3490 4940 contu

1939 4960 2083 5014 tatis.
2116 4959 2303 5028 Neque
2346 4959 2491 5012 enim
2533 4959 2744 5021 dubito,
2781 4968 2992 5028 poetam
3031 4958 3271 5012 alludere
3299 4957 3366 5010 ad
3390 4972 3520 5028 con-

1939 5027 2395 5099 gressum,quem
2451 5027 2949 5099 habuitAlleraclins
2975 5067 2990 5092 ,
3019 5044 3142 5083 cum
3177 5029 3231 5082 in
3262 5027 3521 5081 Armenia

1939 5097 2269 5160 versaretur,
2293 5114 2416 5153 cum
2450 5099 2616 5152 Paulo
2641 5097 2955 5152 Severiano.

2010 5192 2099 5246 61.
2132 5189 2262 5270 ’1160
2289 5199 2374 5243 est
2409 5187 2706 5270 Magorum,
2737 5188 2826 5257 qui
2867 5203 2929 5270 ei;
2959 5186 3368 5270 questionibus,
3399 5199 3522 5270 quin

1941 5262 2084 5315 inter
2132 5259 2410 5313 Romanos
2473 5257 2616 5312 circa
2666 5257 3097 5312 incarnationem
3157 5257 3518 5326 agitabantur,

1939 5331 2265 5384 Christianae
2325 5329 2568 5398 religioni
2623 5327 3278 5398 illudendi_oecasiouem
3333 5332 3520 5398 capta-

1940 5402 2089 5456 bant.
2127 5399 2344 5463 Verum,
2380 5393 2700 5460 utvidetur,
2740 5407 2855 5452 tum
2887 5396 3213 5451 Severianus
3252 5410 3376 5448 cmn
3412 5393 3523 5446 Ma-

1942 5487 2037 5542 gos
2071 5470 2335 5525 orationis
2362 5469 2467 5523 telo
2494 5469 2832 5538 perstrinxit,
2864 5476 3028 5538 atque
3057 5465 3344 5536 iugulavit.

2011 5561 2100 5623 62.
2138 5560 2410 5625 Jaculum,
2450 5560 2597 5629 quod
2648 5559 2702 5613 in
2751 5557 2972 5612 Paulum
3001 5555 3356 5610 Severianum
3379 5566 3526 5629 _c_on-

1944 5622 2100 5688 torsit
2146 5622 2606 5700 imperator.'l-loc
2647 5637 2830 5700 autem
2857 5629 3099 5700 iaculum
3131 5633 3226 5678 aut
3252 5622 3523 5700 quoddam

1941 5702 2204 5772 scriptum
2223 5694 2466 5772 'Heraclii
2495 5700 2722 5757 nomine
2748 5694 2954 5755 editum
2986 5696 3088 5750 fuit
3107 5735 3122 5762 ,
3151 5703 3247 5750 aut
3273 5694 3521 5765 Acepha-

1943 5771 2116 5828 lorum
2152 5771 2452 5826 damnatio.

2009 5844 2098 5898 65.
2148 5841 2268 5896 Τῶν
2294 5840 2586 5908 ἀπίστων,
2618 5841 2721 5898 hoc
2748 5849 2834 5895 est
2863 5836 3166 5908 Magorum.
