4152 6290
529 413 531 415 ·
632 382 768 453 1627

631 499 814 554 Multae
839 515 984 554 en.m
1009 511 1136 556 sunt
1164 517 1564 572 acepna.orum
1587 505 1844 568 cervices,

633 588 828 648 Multas
855 589 1130 650 habentes
1167 595 1367 666 ubique
1395 597 1710 666 divisiones,
1805 621 1810 627 λ

630 682 763 749 Qua:
793 685 1072 741 multoties
1113 688 1394 756 pullulant,
1419 699 1475 743 et
1501 699 1731 745 evsectaa

634 774 843 832 Rursus
871 779 1197 848 protrudunt
1229 781 1386 845 colla,
1418 781 1575 836 sicuti
1605 793 1908 853 serpentes.

632 869 699 924 At
738 870 893 924 nobis
923 871 1077 945 adest
1119 871 1377 927 llercules
1407 873 1684 930 beneﬁcus

633 960 864 1015 Cautere
895 961 1069 1017 calido
1095 962 1336 1016 ardentis
1379 961 1501 1016 ﬁdei

637 1050 843 1122 Hydras
869 1053 1164 1117 suﬂ‘ocans,
1190 1063 1431 1109 tortuose
1458 1070 1516 1109 se
1548 1066 1829 1110 moventes
1858 1071 2081 1128 angues.

706 1142 970 1209 Quoniam
997 1161 1126 1199 vero
1150 1146 1312 1200 etiam
1345 1147 1449 1202 hoc
1480 1147 1660 1203 fausto
1685 1147 1836 1219 pacis
1863 1155 2107 1219 tempore

637 1232 729 1286 llla
759 1249 1006 1303 operosa.
1038 1235 1364 1305 sapiensque
1402 1238 1676 1307 expeditio

635 1322 716 1376 Ad
747 1324 1043 1394 scripturas
1079 1340 1342 1381 conversa
1371 1336 1455 1381 est
1489 1342 1518 1379 a
1552 1327 1835 1391 Barbarisi;

638 1413 703 1470 Ur
731 1415 822 1484 qui
853 1416 1134 1486 quiescere
1163 1419 1425 1474 suasisset
1459 1419 1721 1474 Barbaros
1741 1462 1755 1484 ,

637 1503 934 1572 Quiescere
963 1523 1086 1562 cum
1118 1509 1255 1580 ipsis
1277 1511 1531 1566 suaderet
1555 1511 1824 1574 haereses;

638 1599 706 1652 Et
747 1599 1026 1670 religionis
1068 1600 1263 1670 spiritu
1309 1601 1521 1658 amatus

639 1689 698 1743 ln
741 1699 924 1746 sentes
963 1691 1260 1747 insurrexit
1290 1693 1524 1760 erroris;

639 1783 706 1837 Et
731 1784 846 1839 acie
877 1785 1074 1840 mentis
1107 1786 1336 1841 edolatis
1366 1785 1650 1856 scripturis

639 1873 962 1944 Explanavit
996 1877 1156 1932 nobis
1186 1891 1216 1931 a
1244 1877 1356 1933 Deo
1381 1879 1612 1948 scriptas
1639 1878 1869 1942 tabulas,

641 1965 806 2031 (Quas
836 1965 924 2020 ille
962 1967 1016 2021 in
1050 1967 1230 2023 medio
1265 1967 1501 2023 habebat
1536 1967 1620 2023 sui
1649 1967 1906 2038 pectoris,

640 2056 757 2110 Non
788 2057 874 2123 iis,
903 2074 1024 2128 quae
1055 2059 1412 2115 addiscuntur
1441 2059 1657 2126 litteris,
1682 2060 1933 2130 scriptas,

642 2148 745 2203 Sed
775 2149 954 2218 potius
985 2149 1172 2205 divino
1199 2151 1368 2222 digito
1398 2151 1736 2222 impressas),

641 2240 917 2311 Rivosque
950 2258 982 2298 a
1008 2243 1118 2299 Dw
1146 2243 1429 2299 ﬂuentium
1457 2261 1772 2300 sermonum

642 2331 697 2386 In
736 2349 836 2389 nos
869 2333 1114 2401 immisit,
1153 2344 1214 2391 ut
1241 2337 1458 2407 quidam
1489 2336 1760 2402 Oceanus,

639 2425 743 2493 Qui
778 2426 948 2497 replet
975 2428 1180 2494 omnia,
1209 2438 1264 2484 et
1312 2429 1473 2484 ﬁnem
1518 2446 1625 2484 non
1673 2430 1876 2485 habet:

640 2520 752 2575 Abs
793 2537 852 2576 re
891 2536 1116 2592 prorsus
1161 2537 1267 2577 non
1310 2535 1394 2578 est
1431 2523 1611 2578 navim
1650 2523 1974 2592 eloquentiae

645 2611 718 2665 Ex
752 2611 896 2667 illius
923 2612 1198 2669 aﬂluentia
1231 2615 1493 2686 repletam

642 2702 842 2758 Contra
878 2703 1135 2760 falsarum
1172 2706 1488 2776 opinionum
1519 2706 1718 2762 ﬂuctus
1746 2707 2046 2777 impellere.

643 2794 805 2850 Forte
837 2795 890 2849 in
917 2811 976 2851 se
1007 2806 1286 2852 contortos
1312 2799 1588 2868 accipiens
1614 2799 1849 2854 vortices

643 2885 833 2942 Mistus
871 2888 1114 2944 reﬁuxus
1149 2890 1670 2945 commentationum
1712 2887 1900 2944 Severi

642 2980 749 3034 Aut
776 2980 1053 3036 serenitati
1081 2981 1538 3052 appropinquabit
1565 2981 1902 3052 dogmatum,

642 3074 752 3129 Aut
780 3073 1023 3145 improba
1053 3074 1337 3145 saltatione
1369 3074 1733 3130 debacchatus

645 3165 726 3219 Ad
761 3164 989 3236 primam
1025 3181 1181 3221 suam
1211 3175 1518 3222 revertetur
1546 3166 1894 3221 sententiam.

711 3259 843 3324 Quae
877 3259 993 3314 hare
1021 3267 1106 3314 est
1135 3259 1316 3331 igitur.
1354 3257 1573 3322 Severe,
1607 3266 1752 3314 tanta
1781 3258 2070 3314 confusio?

644 3352 776 3408 Illud
808 3352 953 3407 enim
981 3353 1036 3408 in
1068 3352 1256 3424 primis
1280 3363 1410 3424 pulo
1434 3352 1727 3408 convenire
1753 3352 2030 3422 magistro,

643 3444 712 3500 Ut
745 3444 1138 3516 discipulorum
1167 3455 1415 3500 coerceat
1437 3444 1854 3499 dissensionem.

645 3537 783 3602 Quid
810 3547 866 3593 tu
891 3538 1232 3594 confundens
1262 3538 1522 3593 mundmn
1559 3537 1934 3602 divisionibus,

649 3629 845 3684 anlibi
881 3631 1083 3685 habere
1109 3631 1355 3684 stabilem
1385 3631 1553 3684 basim
1585 3631 1792 3694 volens,

648 3719 755 3775 Sed
786 3720 933 3776 velut
965 3721 1235 3777 instabilis
1265 3721 1408 3776 unda
1441 3722 1691 3778 diﬁlueus

1943 394 2264 458 GEORGII
2300 400 2574 461 PlSlDr‘E

2237 513 2281 568 Α
2345 509 2414 564 65
2451 510 2643 564 Πολλοὶ
2680 511 2789 583 γάρ
2828 513 2934 565 εἱσι
2955 511 3066 565 τῶν
3103 513 3418 583 Ἀκεφάλων
3448 515 3673 587 αὐχένες

3766 399 3910 468 16³28

2451 602 2656 665 Πολλὰς
2687 601 2901 674 ἔχοντες
2925 604 3204 676 πανταχοῦ
3236 606 3536 678 διαιρέσεις
3557 625 3572 640 ο

2451 696 2558 748 Καὶ
2591 695 2846 759 πολλάκις
2873 697 3089 766 φύουσι,
3114 699 3210 752 καὶ
3237 699 3572 770 τετμημένοι

2450 785 2754 856 Τρέφουσιν
2785 783 2940 850 αὖθις
2973 790 3110 859 μετὰ
3137 791 3443 861 τραχήλους
3479 791 3554 855 ὡς
3575 790 3755 860 ὄφεις·

2467 876 2602 931 Ἀλλ’
2631 878 2778 931 ἐστιν
2807 881 2937 950 ἡμῖν
2971 880 3251 952 Ἡρακλῆς
3278 883 3576 954 εὐεργέτης

2347 968 2416 1024 70
2454 970 2702 1039 Καυτῆρι
2731 972 2919 1043 θερμῷ
2948 973 3186 1037 πίστεως
3210 975 3582 1045 πυρουμένης,

2456 1061 2658 1132 Ὕδρας
2686 1064 2945 1134 ἀναιρῶν,
2979 1048 3361 1138 λοξοκινήτους
3392 1065 3567 1136 ὄφεις.

2536 1153 2688 1207 Ἐπεὶ
2708 1155 2764 1208 δὲ
2785 1158 2879 1210 καὶ
2900 1157 2994 1211 νῦν
3024 1157 3118 1211 τοῦ
3150 1157 3446 1228 γαληναίου
3469 1159 3674 1229 τρόπου

2465 1242 2530 1295 'H
2559 1247 2833 1317 πρακτική
2873 1264 2932 1300 τε
2963 1248 3056 1302 καὶ⁸
3080 1247 3216 1318 σοφὴ
3239 1250 3545 1318 στρατηγία

2458 1335 2601 1405 Πρὸς
2627 1335 2724 1399 τὰς
2749 1337 2964 1408 γραφὰς
2992 1339 3257 1410 μετῆλθεν
3288 1341 3353 1393 ὲκ
3398 1339 3506 1392 τῶν
3549 1340 3858 1412 Βαρϐάρων
3884 1353 3900 1366 ·

2354 1427 2422 1480 75
2459 1427 2648 1492 Ὅπως
2678 1430 2707 1481 δ
2733 1429 2926 1494 πείσας
2944 1431 3172 1501 ἠρεμεῖν
3214 1432 3343 1496 τοὺς
3375 1432 3722 1502 Βαρόἁρους.
3835 1456 3863 1481 ο

2455 1515 2623 1588 “sitm
2653 1518 2747 1570 σύν
2777 1519 2962 1582 αὐτοῖς
2989 1520 3218 1591 ἠρεμεῖν
3243 1521 3343 1584 τὰς
3373 1521 3617 1592 αἱρέσεις
3644 1539 3657 1553 ⁸

2454 1605 2562 1656 Καὶ
2591 1606 2899 1678 πνεύματος
2925 1608 3168 1673 εὐσεϐῶς
3189 1609 3508 1680 δεδεγμένος

2457 1695 2598 1766 Πρὸς
2623 1695 2722 1760 τὰς
2753 1698 2993 1763 ἀκάνθας
3026 1699 3288 1771 ἐξανέστη
3314 1701 3414 1772 τῆς
3441 1701 3668 1772 πλάνης,

2468 1787 2576 1840 Καὶ
2605 1791 2670 1860 τῇ
2706 1793 2868 1862 νοητῇ
2904 1790 3012 1845 τῶν
3043 1792 3270 1863 γραφῶν
3307 1792 3577 1858 ἁντιξέσει

2250 1866 2294 1921 Β
2353 1879 2420 1932 80
2461 1879 2748 1933 Ἥπλωσεν
2770 1883 2902 1951 ἡμῖν
2925 1883 3024 1947 τὰς
3053 1883 3393 1954 θεογράφους
3424 1885 3661 1951 πλάκας.

2467 1968 2562 2031 “Ag
2591 1963 2736 2038 εἶχεν
2763 1970 2911 2024 ἔνδον
2941 1973 3041 2042 τῆς
3068 1972 3263 2026 ἑαυτοῦ
3291 1973 3541 2045 καρδίας,

2460 2060 2572 2114 Οὐκ
2594 2061 2659 2114 ἐκ
2686 2061 2954 2118 διδακτῶν
2985 2064 3267 2120 συλλαϐῶν
3291 2067 3706 2138 γεγραμμένας.

2459 2154 2600 2226 Θεξῳ
2624 2155 2678 2208 δὲ
2715 2157 2912 2228 μᾶλλον
2933 2158 3181 2231 δακτύλῳ
3203 2179 3374 2216 τυπου
3384 2163 3569 2234 μένας.

2459 2247 2570 2299 Kai
2590 2248 2717 2312 τοὺς
2743 2250 2993 2318 ἀγωγοὺς
3023 2250 3132 2304 τῶν
3152 2251 3462 2326 θεορῤύτων
3487 2253 3665 2324 λόγων

2356 2339 2427 2394 85
2473 2339 2706 2410 Ἐφῆκεν
2739 2342 2891 2413 ἡμῖν,
2923 2342 3166 2398 ὠκεανοῦ
3196 2363 3342 2410 τινος
3361 2345 3541 2411 δίκην,

2466 2434 2562 2497 Ὃς
2597 2434 2773 2488 πάντα
2795 2434 3010 2508 πληροῖ,
3046 2440 3139 2492 καὶ
3165 2438 3227 2492 ea
3251 2438 3417 2510 λῆγον
3441 2439 3544 2493 οὐκ
3566 2439 3702 2511 ἔχει.

2470 2524 2721 2589 Ἀπεικὸς
2748 2527 2901 2582 οὐδὲν
2927 2528 3027 2595 τὰς
3053 2529 3320 2595 λαλούσας
3351 2531 3585 2596 ὁλκάδας

2474 2618 2566 2670 Ἐκ
2594 2621 2705 2671 τῶν
2734 2621 2944 2674 ἐκείνου
2972 2622 3234 2694 ῥημάτων
3258 2623 3650 2696 πληρουμένας

2463 2709 2594 2774 Ταῖς
2621 2711 2925 2778 ἀλλοδόξοις
2955 2715 3284 2786 προσϐαλεῖν
3317 2716 3642 2788 τρικυμίαις
3669 2734 3682 2748 ⁸

2357 2801 2426 2854 90
2467 2803 2623 2865 Ἴσως
2650 2802 2829 2858 λαϐὼν
2851 2804 3070 2876 ἴλιγγας
3098 2807 3567 2878 ἁντισυστρόφους

2383 2939 2400 2948 -
2476 2892 2534 2945 '0
2573 2892 2942 2966 μιξανάρῤους
2977 2895 3085 2949 τῶν
3112 2898 3352 2966 Σευήρου
3376 2897 3737 2968 σκεμμάτων,

2469 2983 2537 3035 Ἦ
2561 2984 2628 3054 τῇ
2652 2983 2860 3056 γαλήνῃ
2891 2987 3160 3057 προστεθῇ
3187 2986 3294 3040 τῶν
3331 2987 3638 3058 δογμάτων,

2471 3075 2535 3128 Ἦ
2565 3075 2662 3147 τὴν
2697 3077 2872 3148 κακὴν
2905 3077 3130 3149 ὄρχησιν
3156 3077 3547 3150 ἐξορχούμενος

2469 3167 2611 3238 Πρὸς
2637 3167 2734 3232 τὰς
2766 3169 3020 3240 ἀπαρχῆς
3045 3171 3357 3225 ἀντανέλθοι
3383 3171 3696 3242 φροντίδας.

2277 3249 2291 3267 ’
2355 3261 2425 3316 95
2531 3260 2681 3324 Τέως
2715 3261 2812 3330 μὲν
2839 3261 2952 3327 οὐν,
2981 3262 3185 3333 Σευῆρε
3216 3263 3645 3332 συμπεφυρμένε

2456 3353 2686 3424 (Πρώτῳ
2718 3351 2846 3424 γὰρ,
2871 3348 3046 3424 οἶμαι,
3095 3353 3172 3424 τῷ
3192 3354 3493 3424 διδασκάλῳ
3522 3355 3721 3426 πρέπει

2458 3445 2501 3496 Τ
2504 3444 2568 3514 ἡν
2598 3445 2707 3497 τῶν
2736 3444 2992 3515 μαθητῶν
3017 3446 3268 3514 ἐγκαλεῖν
3297 3445 3574 3514 ἀταξίαν),

2469 3535 2528 3588 'O
2552 3535 2796 3605 συγχέων
2833 3535 2922 3588 τὸν
2945 3534 3147 3606 κόσμον
3177 3535 3235 3588 ἐν
3263 3535 3552 3606 διαιρέσει,

2473 3629 2532 3680 '0
2565 3626 2818 3698 μηδαμοῦ
2849 3630 2998 3699 σχεῖν
3031 3628 3270 3698 εὐσταθῆ
3307 3627 3470 3698 βάσιν
3499 3627 3695 3694 θέλων,

2326 3724 2426 3779 100
2471 3722 2610 3776 Ἀλλ’
2641 3722 2716 3787 ὡς
2743 3721 2955 3786 ὅλισθος
2979 3722 3308 3796 κυματώδης
3335 3720 3568 3794 ὲκρέων,

2163 3877 2392 3935 NOTAE.

718 4035 807 4090 65.
851 4034 924 4090 De
951 4033 1115 4090 variis
1147 4033 1539 4105 Acephalorum
1579 4034 1746 4090 sectis
1797 4034 1850 4089 in
1903 4035 2108 4090 Monito
2141 4036 2222 4090 di-

649 4115 794 4160 (‘llltll
825 4114 927 4160 est.
990 4131 994 4136 '

715 4176 804 4231 69.
849 4175 918 4230 Ut
945 4176 1165 4246 sa‘pius,
1197 4173 1496 4229 lleraclinm
1549 4191 1672 4230 cum
1722 4174 1952 4229 llercule
2000 4192 2223 4244 compa-

648 4257 750 4301 rat.
785 4246 910 4301 Hzec
956 4246 1139 4300 omnia
1185 4246 1435 4300 conferre
1462 4246 1670 4309 juvabit
1714 4261 1838 4300 cum
1866 4262 2007 4300 vers.
2041 4248 2146 4302 519
2172 4259 2225 4300 et

648 4333 821 4386 seqq.,
852 4332 1059 4386 aereas.
1087 4331 1167 4376 ιιι,
1195 4315 1268 4369 De
1291 4317 1512 4369 exocdit.

720 4384 805 4442 72.
853 4385 1190 4440 Manifestum
1226 4397 1306 4440 est
1345 4387 1432 4440 hic
1465 4386 1546 4453 agi
1589 4385 1654 4438 de
1688 4385 1848 4438 rebus
1888 4400 2010 4439 cum
2041 4384 2218 4440 Persis

648 4468 772 4527 post
817 4471 1010 4527 pacem,
1050 4457 1404 4527 compositam
1449 4456 1600 4509 actis.
1636 4455 1744 4509 Nec
1771 4455 1934 4527 plane
1957 4456 2216 4527 dubitan-

650 4525 778 4582 dum
810 4525 1110 4581 lleraelium
1135 4568 1150 4589 .,
1178 4526 1266 4595 qui
1304 4527 1723 4580 Severianorum
1752 4525 2036 4580 subdolum
2068 4526 2217 4596 inge-

2321 4036 2583 4090 Leontius
2609 4036 2661 4089 in
2701 4035 2928 4106 Prolngo
2957 4031 3632 4106 confutationisANestorii.
3666 4043 3721 4087 et
3750 4033 3913 4102 Euty-

2319 4107 2441 4162 chis
2486 4107 2630 4175 apud
2675 4101 2975 4169 Canisium,
3011 4114 3049 4158 t.
3085 4105 3125 4166 Ι,
3180 4121 3234 4173 p.
3274 4103 3418 4157 556:
3455 4122 3472 4154 ι
3507 4101 3754 4175 Quorum
3795 4101 3915 4158 ver-

2320 4173 2673 4232 sutiamcum
2706 4177 2982 4244 impietate
3040 4175 3370 4244 implicatam
3405 4189 3530 4244 cum
3568 4173 3830 4244 detegere
3861 4183 3915 4226 et

2323 4247 2551 4326 prodere
2571 4243 2850 4326 “vellemus
2870 4289 2884 4310 ,
2920 4244 2984 4298 ad
3017 4245 3221 4326 primos
3251 4243 3438 4297 Patres
3465 4243 3586 4310 ejus
3616 4243 3916 4326 impietatis

2320 4311 2748 4372 confutationem
2789 4311 3182 4378 remeavimus,
3311 4323 3366 4366 ut
3392 4329 3580 4368 eorum
3614 4311 3914 4367 ﬂuxionem

2323 4388 2542 4455 impiam
2584 4387 2982 4456 interrumpere
3017 4386 3397 4456 studeremus;
3431 4386 3534 4438 hoc
3567 4383 3718 4438 enim
3753 4384 3915 4438 modo

2322 4454 2563 4525 reliquus
2592 4456 2766 4511 ﬁuxns
2794 4454 3412 4526 impietatis,delebitur.
3445 4472 3463 4526 ξ

2394 4523 2481 4582 95.
2523 4529 2841 4581 Anastasius
2874 4523 2886 4526 “
2914 4525 2969 4578 ἱιι
3029 4523 3242 4594 Ὀδηγῷ
3317 4525 3462 4593 apud
3534 4523 3861 4594 Gretserum
3898 4566 3913 4582 .

650 4571 824 4663 nilnil,
845 4607 901 4651 et
927 4571 1210 4667 Magorum1
1236 4596 1635 4667 malignitatem
1661 4605 1862 4667 nosset.
1896 4611 1992 4667 pro
2021 4611 2086 4650 eo
2113 4571 2221 4665 (ἶιιο
2254 4571 2297 4627 θ
2331 4605 2371 4652 t.
2398 4571 2539 4658 XlV,
2582 4613 2702 4667 pag.
2740 4597 2838 4660 50.
2876 4571 3296 4667 Severianbrum
3331 4571 3579 4667 lirarrcsim
3609 4571 3916 4667 orchestra;

652 4669 928 4723 ferebatur
961 4664 1179 4736 pietatis
1222 4664 1419 4740 studio,
1454 4664 1765 4734 scriptionis
1787 4665 2062 4789 (quoddam
2098 4664 2226 4734 spe-

652 4740 830 4789 cimen
862 4737 1014 4789 ﬁnito
1049 4737 1264 4789 tandem
1298 4737 1437 4789 bello
1467 4735 1723 4789 edidisse.
1753 4751 1783 4789 a
1867 4737 2225 4789 orthodoxam

652 4740 830 4791 eimen
862 4735 1014 4790 ﬁnito
1049 4735 1264 4791 tandem
1298 4737 1437 4790 bello
1467 4735 1723 4792 edidisse.
1753 4735 1824 4789 ad
1867 4737 2225 4790 orthodoxam

654 4809 814 4861 ﬁdem
839 4807 907 4862 de
937 4806 1113 4862 Verbo
1143 4807 1197 4862 in
1235 4806 1447 4862 duabus
1476 4807 1686 4860 naturis
1715 4806 1996 4860 incarnato
2027 4807 2224 4862 conﬁr-

654 4877 922 4930 mandam.

725 4947 812 5000 81.
856 4945 897 5017 11
945 4946 1070 5003 Cor.
1121 4965 1202 5014 ιιι,
1253 4948 1330 5002 '5:
1368 4967 1386 4998 ι
1423 4944 1770 5008 Manifestati,
1806 4947 1951 5014 quod
1999 4948 2229 5017 epistola

654 5017 786 5087 estis
809 5016 1032 5087 Christi.
1061 5059 1073 5072 .
1096 5058 1111 5072 .
1131 5060 1145 5073 .
1175 5019 1371 5087 scripta
1405 5033 1513 5072 non
1545 5024 1870 5087 atramento,
1898 5017 1992 5071 sed
2025 5016 2230 5087 Spiritu

658 5086 751 5140 Dei
773 5086 890 5158 vivi
923 5103 936 5139 :
971 5103 1077 5158 non
1135 5089 1187 5142 in
1231 5085 1425 5144 tabulis
1459 5086 1724 5158 lapideis,
1772 5085 1868 5141 sed
1922 5087 1979 5142 in
2034 5085 2231 5144 tabulis

658 5157 836 5212 cordis
864 5157 1190 5212 carnalibus.
1228 5177 1245 5208 ι

727 5227 818 5283 83.
859 5227 1154 5281 Deuteron.
1194 5245 1248 5291 χ,
1282 5230 1330 5284 1.

727 5297 820 5354 90.
859 5296 1092 5372 Argutae
1121 5300 1468 5372 quaestiones.
1502 5311 1558 5357 et
1596 5302 1928 5372 sophismata
1981 5300 2226 5372 Severiaﬁ-ﬁ

660 5385 864 5441 norum
903 5368 1118 5441 ἴλιγγας
1144 5408 1158 5430 ,
1191 5371 1403 5424 vortices
1428 5413 1442 5434 ,
1478 5382 1624 5427 recte
1661 5368 1866 5436 'vocat,
1911 5372 2109 5441 quibus
2156 5371 2229 5425 illi

661 5439 868 5512 abrepti
898 5438 1281 5512 mergebantur
1317 5457 1330 5492 :
1362 5441 1868 5512 ’Λντισυστρόφους,
1903 5438 2140 5505 retortos,
2165 5457 2231 5496 ex

662 5508 808 5574 ἀντί,
833 5519 890 5564 et
920 5508 1218 5579 συστροφὴ.
1251 5511 1524 5575 contorsio,
1561 5508 1801 5568 reversio.

731 5579 821 5649 9L
861 5579 1308 5646 Μιξανιίρῤους,
1369 5594 1435 5634 ex
1496 5581 1672 5649 μίξις,
1732 5583 1941 5646 mistio,
1997 5582 2118 5645 ἀνά,
2177 5590 2232 5636 et

666 5647 820 5770 ﬁoﬁc,
851 5651 1046 5718 ﬂuxus,
1080 5651 1185 5704 hoc
1226 5657 1308 5702 est
1355 5647 1536 5703 mixtus
1583 5654 1830 5720 reﬂuus,
1883 5653 1965 5706 vel
2016 5668 2232 5721 semper

705 5717 992 5770 uitantium
1027 5734 1285 5770 annarum
1334 5721 1604 5770 turbidus.
1629 5732 1685 5770 et
1710 5738 1962 5770 emnnsns
2003 5732 2184 5770 vortex
2215 5741 2226 5770 :

705 5717 992 5773 uitantium
1027 5734 1285 5789 aquarum
1334 5721 1604 5779 turbidus.
1629 5717 1685 5776 et
1710 5717 1962 5778 caenosus
2003 5717 2184 5776 vortex
2215 5741 2226 5774 :

665 5802 770 5859 qua
803 5804 954 5859 _voce
1001 5789 1252 5859 exprimit
1296 5789 1710 5845 Severianorum
1747 5793 1799 5845 in
1837 5792 1988 5844 novis
2020 5791 2232 5846 tuendis

668 5855 1018 5928 opinionibus
1048 5855 1365 5916 varietatem
1412 5867 1466 5918 et
1499 5861 1936 5918 inconstantiam.
1968 5862 2042 5917 Ita
2072 5863 2230 5932 plane

2331 4663 2612 4732 assimilat,
2648 4663 2735 4722 cui
2778 4669 2853 4721 ait
2885 4666 3071 4720 decem
3119 4665 3284 4718 fuisse
3319 4665 3516 4734 capita.
3545 4663 3629 4718 vel
3662 4679 3870 4734 cornua
3898 4680 3914 4723 ;

2332 4738 2595 4793 Severum
2635 4747 2814 4792 autem
2854 4736 3124 4807 Ἐξαρχον
3167 4735 3270 4807 τῆς
3305 4733 3672 4807 δεκακεράτου
3705 4733 3917 4807 ταύτης

2329 4809 2658 4879 ὀρχήστρης.
2712 4828 2729 4857 ι
2777 4803 3082 4862 Exarchuin
3158 4803 3456 4879 orchestrae
3507 4803 3663 4858 istius
3724 4803 3919 4879 decem

2330 4874 2605 4934 cornibus
2640 4880 2917 4932 instructa:
2946 4897 2962 4928 ι
3000 4891 3215 4945 semper
3248 4876 3516 4943 appellat,
3549 4890 3660 4943 quo
3688 4874 3918 4928 nomine

2331 4950 2450 5020 ejus
2480 4949 2899 5020 inconstantiam
2931 4954 2995 5020 et
3024 4945 3413 5020 impudentiam
3446 4945 3715 5020 designat;

2401 5020 2490 5075 94.
2530 5019 2804 5074 Severiani
2836 5025 2892 5072 et
2917 5014 3196 5085 Acephali,
3225 5016 3316 5084 qui
3350 5030 3538 5070 omnes
3567 5015 3637 5068 ab
3671 5014 3919 5086 Eutyche

2333 5099 2658 5152 manarunt.
2695 5104 2819 5144 cum
2853 5089 2905 5142 in
2948 5086 3129 5142 varias
3156 5087 3422 5140 abiissent
3452 5088 3778 5144 sententias.
3815 5087 3918 5139 sibi

2331 5176 2472 5229 cum
2496 5159 2736 5231 Eutyche
2785 5175 2892 5213 non
2938 5155 3232 5213 convenire
3268 5155 3586 5231 dictitabant
3621 5173 3635 5208 :
3667 5155 3765 5208 sed
3791 5172 3916 5209 eum

2332 5226 2522 5285 revera
2552 5226 2878 5300 quocunque
2907 5243 3028 5283 sese
3055 5235 3347 5300 verterent,
3375 5226 3428 5279 in
3458 5241 3526 5280 eo
3544 5235 3744 5300 _tamen
3767 5241 3918 5300 segn-

2332 5315 2428 5370 per
2481 5295 2687 5364 essent,
2718 5295 2905 5354 nt'vel
2955 5297 3442 5370 perturbationem,
3473 5297 3558 5350 vel
3593 5295 3917 5370 conversio-

2334 5366 2480 5435 nem,
2521 5371 2606 5425 vel
2639 5366 2970 5425 mistionenr
3004 5369 3058 5422 iu
3090 5367 3307 5423 Christo
3351 5366 3671 5421 viderentur
3715 5366 3917 5420 admit-

2335 5452 2472 5512 tere,
2503 5441 2706 5512 idcirco
2741 5456 2968 5512 parum,
2991 5447 3086 5492 aut
3109 5437 3270 5512 _nihil
3301 5437 3372 5512 ab
3397 5435 3638 5512 Eutyche
3664 5437 3915 5491 discede-

2332 5495 2681 5579 bant'pcujus
2728 5495 2760 5565 ἑ
2798 5495 3045 5579 doctrina
3091 5507 3158 5562 de
3209 5523 3316 5579 una
3359 5495 3916 5579 in_Christonatura

2332 5576 2525 5638 omnes
2567 5576 2622 5636 hi
2665 5596 2880 5636 errores
2919 5578 3180 5634 ﬂuebant.
3210 5576 3386 5647 Atque
3428 5577 3544 5630 lure
3572 5585 3657 5631 est
3691 5578 3778 5631 illa
3812 5579 3920 5632 ἀπ-

2333 5653 2506 5724 αρχῆς
2525 5695 2538 5718 ,
2556 5651 2928 5724 primordialis
2954 5703 2961 5711 ,
2995 5647 3264 5703 sententia
3285 5690 3299 5714 ,
3329 5647 3397 5701 ad
3423 5663 3585 5724 quam
3622 5647 3820 5724 Noster
3845 5649 3921 5724 ait

2333 5718 2522 5777 omnes
2547 5718 2966 5778 Severianorum
3005 5728 3182 5789 sectas
3217 5732 3338 5789 esse
3369 5718 3709 5786 reducendus
3735 5736 3749 5774 :
3773 5718 3918 5789 quod

2333 5793 2549 5863 quidem
2581 5802 2868 5864 sequentes
2904 5806 3092 5847 versus
3121 5788 3414 5843 declarat“.
