  <div class='ocr_page' id='page_1' title='image "/cluster/home/n/w/nwhite01/storage/ocr_20150623/92/hvd.32044019208032/820.png"; bbox 0 0 4152 6290; ppageno 0'>
   <div class='ocr_carea' id='block_1_1' title="bbox 453 469 1561 542">
    <p class='ocr_par' dir='ltr' id='par_1_1' title="bbox 453 469 1561 542">
     <span class='ocr_line' id='line_1_1' title="bbox 453 469 1561 542; baseline -0.001 -17"><span class='ocrx_word' id='word_1_1' title='bbox 453 472 576 525; x_wconf 86' lang='grc' dir='ltr'>Ὅτε</span> <span class='ocrx_word' id='word_1_2' title='bbox 610 469 870 542; x_wconf 80' lang='grc' dir='ltr'>βρυώδεις</span> <span class='ocrx_word' id='word_1_3' title='bbox 896 471 1215 538; x_wconf 78' lang='grc' dir='ltr'>συγγραφάς</span> <span class='ocrx_word' id='word_1_4' title='bbox 1239 471 1561 536; x_wconf 76' lang='grc' dir='ltr'><strong>ἀποπτύεις,</strong></span> 
     </span>
    </p>
   </div>
   <div class='ocr_carea' id='block_1_2' title="bbox 444 562 1530 635">
    <p class='ocr_par' dir='ltr' id='par_1_2' title="bbox 444 562 1530 635">
     <span class='ocr_line' id='line_1_2' title="bbox 444 562 1530 635; baseline 0 -19"><span class='ocrx_word' id='word_1_5' title='bbox 444 563 509 616; x_wconf 73' lang='grc' dir='ltr'><strong>Τί</strong></span> <span class='ocrx_word' id='word_1_6' title='bbox 543 581 630 634; x_wconf 86' lang='grc' dir='ltr'><strong>μοι</strong></span> <span class='ocrx_word' id='word_1_7' title='bbox 668 562 929 634; x_wconf 79' lang='grc' dir='ltr'><strong>βεϐήλους</strong></span> <span class='ocrx_word' id='word_1_8' title='bbox 961 565 1211 630; x_wconf 79' lang='grc' dir='ltr'><strong>ἐγκαλεῖς</strong></span> <span class='ocrx_word' id='word_1_9' title='bbox 1235 565 1530 635; x_wconf 72' lang='grc' dir='ltr'><strong>διαιρέσεις</strong></span> 
     </span>
    </p>
   </div>
   <div class='ocr_carea' id='block_1_3' title="bbox 444 654 1566 726">
    <p class='ocr_par' dir='ltr' id='par_1_3' title="bbox 444 654 1566 726">
     <span class='ocr_line' id='line_1_3' title="bbox 444 654 1566 726; baseline 0.001 -20"><span class='ocrx_word' id='word_1_10' title='bbox 444 654 564 706; x_wconf 83' lang='grc' dir='ltr'><strong>Τῶν</strong></span> <span class='ocrx_word' id='word_1_11' title='bbox 599 654 896 725; x_wconf 74' lang='grc' dir='ltr'>Νεπορίου</span> <span class='ocrx_word' id='word_1_12' title='bbox 929 655 1204 725; x_wconf 86' lang='grc' dir='ltr'>πανταχοῦ</span> <span class='ocrx_word' id='word_1_13' title='bbox 1228 654 1566 726; x_wconf 85' lang='grc' dir='ltr'>ληρημάτων</span> 
     </span>
    </p>
   </div>
   <div class='ocr_carea' id='block_1_4' title="bbox 439 747 1527 819">
    <p class='ocr_par' dir='ltr' id='par_1_4' title="bbox 439 747 1527 819">
     <span class='ocr_line' id='line_1_4' title="bbox 439 747 1527 819; baseline 0.003 -20"><span class='ocrx_word' id='word_1_14' title='bbox 439 747 927 818; x_wconf 79' lang='grc' dir='ltr'>Προεγκαλοὺντων</span> <span class='ocrx_word' id='word_1_15' title='bbox 954 749 1014 800; x_wconf 84' lang='grc' dir='ltr'>οὐ</span> <span class='ocrx_word' id='word_1_16' title='bbox 1044 749 1308 819; x_wconf 75' lang='grc' dir='ltr'><strong>διαίρεσιν</strong></span> <span class='ocrx_word' id='word_1_17' title='bbox 1328 748 1527 818; x_wconf 81' lang='grc' dir='ltr'>λέγειν,</span> 
     </span>
    </p>
   </div>
   <div class='ocr_carea' id='block_1_5' title="bbox 304 837 1742 911">
    <p class='ocr_par' dir='ltr' id='par_1_5' title="bbox 304 837 1742 911">
     <span class='ocr_line' id='line_1_5' title="bbox 304 837 1742 911; baseline 0.004 -21"><span class='ocrx_word' id='word_1_18' title='bbox 304 837 404 892; x_wconf 84' lang='grc'><strong>105</strong></span> <span class='ocrx_word' id='word_1_19' title='bbox 453 838 592 891; x_wconf 80' lang='grc' dir='ltr'><strong>Ἀλλ’</strong></span> <span class='ocrx_word' id='word_1_20' title='bbox 625 841 690 892; x_wconf 83' lang='grc' dir='ltr'><strong>ὲκ</strong></span> <span class='ocrx_word' id='word_1_21' title='bbox 711 839 1011 910; x_wconf 81' lang='grc' dir='ltr'><strong>διαμέτρου</strong></span> <span class='ocrx_word' id='word_1_22' title='bbox 1041 840 1384 910; x_wconf 78' lang='grc' dir='ltr'><strong>δογματίζων</strong></span> <span class='ocrx_word' id='word_1_23' title='bbox 1414 840 1704 911; x_wconf 81' lang='grc' dir='ltr'>συγχύσεις</span> <span class='ocrx_word' id='word_1_24' title='bbox 1729 859 1742 906; x_wconf 92' lang='grc'><strong>;</strong></span> 
     </span>
    </p>
   </div>
   <div class='ocr_carea' id='block_1_6' title="bbox 443 929 1595 1002">
    <p class='ocr_par' dir='ltr' id='par_1_6' title="bbox 443 929 1595 1002">
     <span class='ocr_line' id='line_1_6' title="bbox 443 929 1595 1002; baseline 0.002 -20"><span class='ocrx_word' id='word_1_25' title='bbox 443 930 513 981; x_wconf 85' lang='grc' dir='ltr'><em>Ἣ</em></span> <span class='ocrx_word' id='word_1_26' title='bbox 537 933 723 984; x_wconf 83' lang='grc' dir='ltr'>πεῖσον</span> <span class='ocrx_word' id='word_1_27' title='bbox 749 931 934 992; x_wconf 81' lang='grc' dir='ltr'>αὑτὸν,</span> <span class='ocrx_word' id='word_1_28' title='bbox 970 930 1003 1002; x_wconf 82' lang='grc' dir='ltr'>ἢ</span> <span class='ocrx_word' id='word_1_29' title='bbox 1039 929 1100 984; x_wconf 83' lang='grc' dir='ltr'>σὲ</span> <span class='ocrx_word' id='word_1_30' title='bbox 1130 931 1373 986; x_wconf 77' lang='grc' dir='ltr'><strong>πεισάτω</strong></span> <span class='ocrx_word' id='word_1_31' title='bbox 1411 931 1595 992; x_wconf 82' lang='grc' dir='ltr'>πάλιν,</span> 
     </span>
    </p>
   </div>
   <div class='ocr_carea' id='block_1_7' title="bbox 439 1023 1646 1095">
    <p class='ocr_par' dir='ltr' id='par_1_7' title="bbox 439 1023 1646 1095">
     <span class='ocr_line' id='line_1_7' title="bbox 439 1023 1646 1095; baseline 0.027 -29"><span class='ocrx_word' id='word_1_32' title='bbox 439 1023 510 1074; x_wconf 79' lang='grc' dir='ltr'><em>Ἢ</em></span> <span class='ocrx_word' id='word_1_33' title='bbox 536 1025 635 1093; x_wconf 83' lang='grc' dir='ltr'><strong>τῆς</strong></span> <span class='ocrx_word' id='word_1_34' title='bbox 659 1024 745 1076; x_wconf 77' lang='grc' dir='ltr'><strong>ἐπ’</strong></span> <span class='ocrx_word' id='word_1_35' title='bbox 783 1025 988 1093; x_wconf 81' lang='grc' dir='ltr'><strong>ἀμφοῖν</strong></span> <span class='ocrx_word' id='word_1_36' title='bbox 1017 1025 1294 1095; x_wconf 75' lang='grc' dir='ltr'><strong>ἐκτροπῆς</strong></span> <span class='ocrx_word' id='word_1_37' title='bbox 1318 1024 1646 1094; x_wconf 78' lang='grc' dir='ltr'>δεδογμένης</span> 
     </span>
    </p>
   </div>
   <div class='ocr_carea' id='block_1_8' title="bbox 436 1114 1664 1188">
    <p class='ocr_par' dir='ltr' id='par_1_8' title="bbox 436 1114 1664 1188">
     <span class='ocr_line' id='line_1_8' title="bbox 436 1114 1664 1188; baseline 0.004 -22"><span class='ocrx_word' id='word_1_38' title='bbox 436 1114 856 1184; x_wconf 86' lang='grc' dir='ltr'>Παλινδρομεῖτε</span> <span class='ocrx_word' id='word_1_39' title='bbox 881 1116 1018 1187; x_wconf 83' lang='grc' dir='ltr'>πρὸς</span> <span class='ocrx_word' id='word_1_40' title='bbox 1046 1116 1138 1170; x_wconf 74' lang='grc' dir='ltr'>τὸν</span> <span class='ocrx_word' id='word_1_41' title='bbox 1180 1116 1400 1170; x_wconf 75' lang='grc' dir='ltr'>εὔθετον</span> <span class='ocrx_word' id='word_1_42' title='bbox 1423 1117 1623 1188; x_wconf 85' lang='grc' dir='ltr'>δρόμον</span> <span class='ocrx_word' id='word_1_43' title='bbox 1649 1131 1664 1148; x_wconf 87' lang='grc'>⁶</span> 
     </span>
    </p>
   </div>
   <div class='ocr_carea' id='block_1_9' title="bbox 435 1206 1525 1281">
    <p class='ocr_par' dir='ltr' id='par_1_9' title="bbox 435 1206 1525 1281">
     <span class='ocr_line' id='line_1_9' title="bbox 435 1206 1525 1281; baseline 0.006 -24"><span class='ocrx_word' id='word_1_44' title='bbox 435 1206 744 1276; x_wconf 84' lang='grc' dir='ltr'>Τεκμήριον</span> <span class='ocrx_word' id='word_1_45' title='bbox 769 1207 876 1279; x_wconf 83' lang='grc' dir='ltr'><strong>γάρ</strong></span> <span class='ocrx_word' id='word_1_46' title='bbox 910 1210 1010 1280; x_wconf 78' lang='grc' dir='ltr'><strong>τῆς</strong></span> <span class='ocrx_word' id='word_1_47' title='bbox 1029 1210 1149 1263; x_wconf 79' lang='grc' dir='ltr'><strong>ὁδοῦ</strong></span> <span class='ocrx_word' id='word_1_48' title='bbox 1178 1211 1278 1281; x_wconf 84' lang='grc' dir='ltr'>τῆς</span> <span class='ocrx_word' id='word_1_49' title='bbox 1304 1209 1525 1263; x_wconf 82' lang='grc' dir='ltr'>εὐθέτου</span> 
     </span>
    </p>
   </div>
   <div class='ocr_carea' id='block_1_10' title="bbox 298 1296 1592 1372">
    <p class='ocr_par' dir='ltr' id='par_1_10' title="bbox 298 1296 1592 1372">
     <span class='ocr_line' id='line_1_10' title="bbox 298 1296 1592 1372; baseline 0.005 -24"><span class='ocrx_word' id='word_1_50' title='bbox 298 1297 397 1349; x_wconf 76' lang='lat' dir='ltr'><strong>lli)</strong></span> <span class='ocrx_word' id='word_1_51' title='bbox 437 1296 508 1350; x_wconf 86' lang='grc' dir='ltr'><strong>Τὸ</strong></span> <span class='ocrx_word' id='word_1_52' title='bbox 537 1300 662 1360; x_wconf 78' lang='grc' dir='ltr'>τοὺς</span> <span class='ocrx_word' id='word_1_53' title='bbox 685 1301 1157 1370; x_wconf 83' lang='grc' dir='ltr'>παρεκτρέχοντας</span> <span class='ocrx_word' id='word_1_54' title='bbox 1184 1301 1243 1354; x_wconf 81' lang='grc' dir='ltr'>ὲν</span> <span class='ocrx_word' id='word_1_55' title='bbox 1275 1300 1592 1372; x_wconf 77' lang='grc' dir='ltr'>παρεεόδοις</span> 
     </span>
    </p>
   </div>
   <div class='ocr_carea' id='block_1_11' title="bbox 332 1387 1730 1462">
    <p class='ocr_par' dir='ltr' id='par_1_11' title="bbox 332 1387 1730 1462">
     <span class='ocr_line' id='line_1_11' title="bbox 332 1387 1730 1462; baseline 0.004 -23"><span class='ocrx_word' id='word_1_56' title='bbox 332 1441 350 1454; x_wconf 67' lang='grc'><strong>,</strong></span> <span class='ocrx_word' id='word_1_57' title='bbox 434 1387 674 1448; x_wconf 82' lang='grc' dir='ltr'>Ἐλκειν,</span> <span class='ocrx_word' id='word_1_58' title='bbox 705 1389 988 1458; x_wconf 75' lang='grc' dir='ltr'>μεθέλκειν</span> <span class='ocrx_word' id='word_1_59' title='bbox 1007 1391 1324 1461; x_wconf 80' lang='grc' dir='ltr'>άντιλήξους</span> <span class='ocrx_word' id='word_1_60' title='bbox 1348 1392 1476 1454; x_wconf 80' lang='grc' dir='ltr'><strong>τοὺς</strong></span> <span class='ocrx_word' id='word_1_61' title='bbox 1509 1392 1730 1462; x_wconf 80' lang='grc' dir='ltr'><strong>μέσους.</strong></span> 
     </span>
    </p>
   </div>
   <div class='ocr_carea' id='block_1_12' title="bbox 536 1478 1731 1554">
    <p class='ocr_par' dir='ltr' id='par_1_12' title="bbox 536 1478 1731 1554">
     <span class='ocr_line' id='line_1_12' title="bbox 536 1478 1731 1554; baseline 0.003 -21"><span class='ocrx_word' id='word_1_62' title='bbox 536 1478 614 1533; x_wconf 80' lang='grc' dir='ltr'><strong><em>Ὦ</em></strong></span> <span class='ocrx_word' id='word_1_63' title='bbox 637 1482 909 1553; x_wconf 79' lang='grc' dir='ltr'>πανταχοῦ</span> <span class='ocrx_word' id='word_1_64' title='bbox 938 1483 1203 1554; x_wconf 81' lang='grc' dir='ltr'>Κύριλλον</span> <span class='ocrx_word' id='word_1_65' title='bbox 1229 1486 1310 1546; x_wconf 81' lang='lat' dir='ltr'><strong>el;</strong></span> <span class='ocrx_word' id='word_1_66' title='bbox 1342 1483 1504 1553; x_wconf 79' lang='grc' dir='ltr'>μέσον</span> <span class='ocrx_word' id='word_1_67' title='bbox 1531 1483 1731 1554; x_wconf 79' lang='grc' dir='ltr'>φέρων,</span> 
     </span>
    </p>
   </div>
   <div class='ocr_carea' id='block_1_13' title="bbox 429 1573 1661 1646">
    <p class='ocr_par' dir='ltr' id='par_1_13' title="bbox 429 1573 1661 1646">
     <span class='ocr_line' id='line_1_13' title="bbox 429 1573 1661 1646; baseline -0.001 -20"><span class='ocrx_word' id='word_1_68' title='bbox 429 1573 648 1642; x_wconf 83' lang='grc' dir='ltr'>Φρονῶν</span> <span class='ocrx_word' id='word_1_69' title='bbox 675 1574 732 1627; x_wconf 82' lang='grc' dir='ltr'>δὲ</span> <span class='ocrx_word' id='word_1_70' title='bbox 761 1575 927 1646; x_wconf 80' lang='grc' dir='ltr'>μηδὲν</span> <span class='ocrx_word' id='word_1_71' title='bbox 952 1575 1060 1627; x_wconf 83' lang='grc' dir='ltr'>τῶν</span> <span class='ocrx_word' id='word_1_72' title='bbox 1094 1575 1303 1628; x_wconf 71' lang='grc' dir='ltr'>ἐκείνου</span> <span class='ocrx_word' id='word_1_73' title='bbox 1331 1573 1622 1643; x_wconf 85' lang='grc' dir='ltr'>δογμάτων</span> <span class='ocrx_word' id='word_1_74' title='bbox 1645 1589 1661 1605; x_wconf 68' lang='grc' dir='ltr'>θ</span> 
     </span>
    </p>
   </div>
   <div class='ocr_carea' id='block_1_14' title="bbox 435 1665 1684 1738">
    <p class='ocr_par' dir='ltr' id='par_1_14' title="bbox 435 1665 1684 1738">
     <span class='ocr_line' id='line_1_14' title="bbox 435 1665 1684 1738; baseline 0 -20"><span class='ocrx_word' id='word_1_75' title='bbox 435 1667 494 1719; x_wconf 83' lang='grc' dir='ltr'><strong>Εἰ</strong></span> <span class='ocrx_word' id='word_1_76' title='bbox 516 1665 624 1738; x_wconf 75' lang='grc' dir='ltr'><strong>γὰρ</strong></span> <span class='ocrx_word' id='word_1_77' title='bbox 659 1667 765 1737; x_wconf 73' lang='grc' dir='ltr'>πρὸ</span> <span class='ocrx_word' id='word_1_78' title='bbox 797 1666 888 1720; x_wconf 79' lang='grc' dir='ltr'>τοῦ</span> <span class='ocrx_word' id='word_1_79' title='bbox 917 1667 976 1720; x_wconf 79' lang='grc' dir='ltr'>σὲ</span> <span class='ocrx_word' id='word_1_80' title='bbox 1009 1665 1338 1736; x_wconf 77' lang='grc' dir='ltr'>συνταράξαι</span> <span class='ocrx_word' id='word_1_81' title='bbox 1364 1666 1462 1730; x_wconf 70' lang='grc' dir='ltr'>τὰς</span> <span class='ocrx_word' id='word_1_82' title='bbox 1493 1666 1684 1735; x_wconf 81' lang='grc' dir='ltr'>φύσεις</span> 
     </span>
    </p>
   </div>
   <div class='ocr_carea' id='block_1_15' title="bbox 295 1756 1563 1830">
    <p class='ocr_par' dir='ltr' id='par_1_15' title="bbox 295 1756 1563 1830">
     <span class='ocr_line' id='line_1_15' title="bbox 295 1756 1563 1830; baseline -0.001 -19"><span class='ocrx_word' id='word_1_83' title='bbox 295 1756 394 1811; x_wconf 75' lang='grc'><strong>113</strong></span> <span class='ocrx_word' id='word_1_84' title='bbox 435 1758 698 1830; x_wconf 82' lang='grc' dir='ltr'>Κύρι).λον</span> <span class='ocrx_word' id='word_1_85' title='bbox 723 1759 784 1811; x_wconf 77' lang='grc' dir='ltr'>οὐ</span> <span class='ocrx_word' id='word_1_86' title='bbox 821 1759 1065 1830; x_wconf 83' lang='grc' dir='ltr'>παρόντα</span> <span class='ocrx_word' id='word_1_87' title='bbox 1089 1758 1169 1829; x_wconf 84' lang='grc' dir='ltr'>τῷ</span> <span class='ocrx_word' id='word_1_88' title='bbox 1199 1760 1326 1830; x_wconf 79' lang='grc' dir='ltr'>θείῳ</span> <span class='ocrx_word' id='word_1_89' title='bbox 1362 1760 1516 1830; x_wconf 80' lang='grc' dir='ltr'>τόμῳ</span> <span class='ocrx_word' id='word_1_90' title='bbox 1549 1775 1563 1792; x_wconf 82' lang='grc' dir='ltr'><strong><em>ο</em></strong></span> 
     </span>
    </p>
   </div>
   <div class='ocr_carea' id='block_1_16' title="bbox 431 1847 1662 1923">
    <p class='ocr_par' dir='ltr' id='par_1_16' title="bbox 431 1847 1662 1923">
     <span class='ocr_line' id='line_1_16' title="bbox 431 1847 1662 1923; baseline 0.001 -19"><span class='ocrx_word' id='word_1_91' title='bbox 431 1851 493 1904; x_wconf 80' lang='grc' dir='ltr'><strong>Εἰ</strong></span> <span class='ocrx_word' id='word_1_92' title='bbox 516 1853 623 1922; x_wconf 87' lang='grc' dir='ltr'>γάρ</span> <span class='ocrx_word' id='word_1_93' title='bbox 640 1851 840 1922; x_wconf 84' lang='grc' dir='ltr'>παρῆν,</span> <span class='ocrx_word' id='word_1_94' title='bbox 868 1849 1108 1904; x_wconf 77' lang='grc' dir='ltr'>ὕποπτον</span> <span class='ocrx_word' id='word_1_95' title='bbox 1129 1847 1196 1921; x_wconf 78' lang='grc' dir='ltr'>ἦν</span> <span class='ocrx_word' id='word_1_96' title='bbox 1221 1851 1302 1915; x_wconf 84' lang='grc' dir='ltr'><strong>τὺ,</strong></span> <span class='ocrx_word' id='word_1_97' title='bbox 1329 1851 1466 1922; x_wconf 76' lang='grc' dir='ltr'>πρὸς</span> <span class='ocrx_word' id='word_1_98' title='bbox 1499 1851 1662 1923; x_wconf 82' lang='grc' dir='ltr'>χάριν</span> 
     </span>
    </p>
   </div>
   <div class='ocr_carea' id='block_1_17' title="bbox 430 1942 1474 2015">
    <p class='ocr_par' dir='ltr' id='par_1_17' title="bbox 430 1942 1474 2015">
     <span class='ocr_line' id='line_1_17' title="bbox 430 1942 1474 2015; baseline 0.002 -21"><span class='ocrx_word' id='word_1_99' title='bbox 430 1942 661 2012; x_wconf 77' lang='grc' dir='ltr'>’Υμνοις</span> <span class='ocrx_word' id='word_1_100' title='bbox 694 1944 898 2014; x_wconf 79' lang='grc' dir='ltr'>άνευφή</span> <span class='ocrx_word' id='word_1_101' title='bbox 909 1961 1087 2015; x_wconf 82' lang='grc' dir='ltr'>μησαν</span> <span class='ocrx_word' id='word_1_102' title='bbox 1124 1944 1174 1996; x_wconf 84' lang='grc' dir='ltr'><strong>οἱ</strong></span> <span class='ocrx_word' id='word_1_103' title='bbox 1197 1942 1474 2014; x_wconf 80' lang='grc' dir='ltr'>Θεηγόροι,</span> 
     </span>
    </p>
   </div>
   <div class='ocr_carea' id='block_1_18' title="bbox 442 2033 1696 2112">
    <p class='ocr_par' dir='ltr' id='par_1_18' title="bbox 442 2033 1696 2112">
     <span class='ocr_line' id='line_1_18' title="bbox 442 2033 1696 2112; baseline 0.002 -22"><span class='ocrx_word' id='word_1_104' title='bbox 442 2037 530 2091; x_wconf 85' lang='grc' dir='ltr'>Ἐν</span> <span class='ocrx_word' id='word_1_105' title='bbox 560 2033 641 2104; x_wconf 75' lang='grc' dir='ltr'><strong>οἷς</strong></span> <span class='ocrx_word' id='word_1_106' title='bbox 669 2039 730 2094; x_wconf 81' lang='grc' dir='ltr'>τὸ</span> <span class='ocrx_word' id='word_1_107' title='bbox 761 2038 979 2111; x_wconf 81' lang='grc' dir='ltr'>πνεῦμα</span> <span class='ocrx_word' id='word_1_108' title='bbox 1009 2038 1323 2112; x_wconf 84' lang='grc' dir='ltr'>προσλαλεῖν</span> <span class='ocrx_word' id='word_1_109' title='bbox 1345 2038 1648 2112; x_wconf 78' lang='grc' dir='ltr'>ἐμαρτύρει</span> <span class='ocrx_word' id='word_1_110' title='bbox 1680 2056 1696 2071; x_wconf 80' lang='grc' dir='ltr'><strong>ο</strong></span> 
     </span>
    </p>
   </div>
   <div class='ocr_carea' id='block_1_19' title="bbox 1587 358 2303 424">
    <p class='ocr_par' dir='ltr' id='par_1_19' title="bbox 1587 358 2303 424">
     <span class='ocr_line' id='line_1_19' title="bbox 1587 358 2303 424; baseline 0.004 -5"><span class='ocrx_word' id='word_1_111' title='bbox 1587 358 1881 422; x_wconf 71' lang='lat' dir='ltr'><strong>CONTRA</strong></span> <span class='ocrx_word' id='word_1_112' title='bbox 1925 362 2303 424; x_wconf 80' lang='lat' dir='ltr'><strong>SEVERUM.</strong></span> 
     </span>
    </p>
   </div>
   <div class='ocr_carea' id='block_1_20' title="bbox 3428 366 3562 430">
    <p class='ocr_par' dir='ltr' id='par_1_20' title="bbox 3428 366 3562 430">
     <span class='ocr_line' id='line_1_20' title="bbox 3428 366 3562 430; baseline 0.022 -3"><span class='ocrx_word' id='word_1_113' title='bbox 3428 366 3562 430; x_wconf 78' lang='grc'><strong>1630</strong></span> 
     </span>
    </p>
   </div>
   <div class='ocr_carea' id='block_1_21' title="bbox 1981 474 3113 546">
    <p class='ocr_par' dir='ltr' id='par_1_21' title="bbox 1981 474 3113 546">
     <span class='ocr_line' id='line_1_21' title="bbox 1981 474 3113 546; baseline 0.002 -17"><span class='ocrx_word' id='word_1_114' title='bbox 1981 474 2208 542; x_wconf 75' lang='lat' dir='ltr'><strong>Quoties</strong></span> <span class='ocrx_word' id='word_1_115' title='bbox 2252 477 2464 545; x_wconf 89' lang='lat' dir='ltr'><strong>ineptas</strong></span> <span class='ocrx_word' id='word_1_116' title='bbox 2501 475 2834 546; x_wconf 77' lang='lat' dir='ltr'><strong>syngraphas</strong></span> <span class='ocrx_word' id='word_1_117' title='bbox 2871 477 3113 546; x_wconf 77' lang='lat' dir='ltr'><strong>exspuis,</strong></span> 
     </span>
    </p>
   </div>
   <div class='ocr_carea' id='block_1_22' title="bbox 1986 569 3421 641">
    <p class='ocr_par' dir='ltr' id='par_1_22' title="bbox 1986 569 3421 641">
     <span class='ocr_line' id='line_1_22' title="bbox 1986 569 3421 641; baseline 0.002 -18"><span class='ocrx_word' id='word_1_118' title='bbox 1986 569 2146 636; x_wconf 90' lang='lat' dir='ltr'><strong>Quid,</strong></span> <span class='ocrx_word' id='word_1_119' title='bbox 2179 573 2420 641; x_wconf 88' lang='lat' dir='ltr'><strong>inquam,</strong></span> <span class='ocrx_word' id='word_1_120' title='bbox 2446 569 2580 624; x_wconf 87' lang='lat' dir='ltr'><strong>mihi</strong></span> <span class='ocrx_word' id='word_1_121' title='bbox 2622 570 2875 640; x_wconf 86' lang='lat' dir='ltr'><strong>profanas</strong></span> <span class='ocrx_word' id='word_1_122' title='bbox 2904 571 3098 641; x_wconf 80' lang='lat' dir='ltr'><strong>objicis</strong></span> <span class='ocrx_word' id='word_1_123' title='bbox 3125 570 3421 626; x_wconf 78' lang='lat' dir='ltr'><strong>divisiones</strong></span> 
     </span>
    </p>
   </div>
   <div class='ocr_carea' id='block_1_23' title="bbox 1985 658 2838 729">
    <p class='ocr_par' dir='ltr' id='par_1_23' title="bbox 1985 658 2838 729">
     <span class='ocr_line' id='line_1_23' title="bbox 1985 658 2838 729; baseline 0.001 -17"><span class='ocrx_word' id='word_1_124' title='bbox 1985 658 2214 729; x_wconf 86' lang='lat' dir='ltr'><strong>Semper</strong></span> <span class='ocrx_word' id='word_1_125' title='bbox 2249 660 2537 716; x_wconf 74' lang='lat' dir='ltr'><strong>delirantis</strong></span> <span class='ocrx_word' id='word_1_126' title='bbox 2576 660 2838 724; x_wconf 82' lang='lat' dir='ltr'><strong>Nestorii,</strong></span> 
     </span>
    </p>
   </div>
   <div class='ocr_carea' id='block_1_24' title="bbox 1983 750 3303 807">
    <p class='ocr_par' dir='ltr' id='par_1_24' title="bbox 1983 750 3303 807">
     <span class='ocr_line' id='line_1_24' title="bbox 1983 750 3303 807; baseline 0.002 -3"><span class='ocrx_word' id='word_1_127' title='bbox 1983 750 2051 804; x_wconf 84' lang='lat' dir='ltr'><strong>Et</strong></span> <span class='ocrx_word' id='word_1_128' title='bbox 2082 751 2466 806; x_wconf 90' lang='lat' dir='ltr'><strong>contendentis</strong></span> <span class='ocrx_word' id='word_1_129' title='bbox 2497 766 2557 806; x_wconf 90' lang='lat' dir='ltr'><strong>se</strong></span> <span class='ocrx_word' id='word_1_130' title='bbox 2582 751 2904 806; x_wconf 86' lang='lat' dir='ltr'><strong>divisionem</strong></span> <span class='ocrx_word' id='word_1_131' title='bbox 2937 768 3048 806; x_wconf 92' lang='lat' dir='ltr'><strong>non</strong></span> <span class='ocrx_word' id='word_1_132' title='bbox 3081 753 3264 807; x_wconf 84' lang='lat' dir='ltr'><strong>dicere</strong></span> <span class='ocrx_word' id='word_1_133' title='bbox 3291 773 3303 806; x_wconf 89' lang='lat'>:</span> 
     </span>
    </p>
   </div>
   <div class='ocr_carea' id='block_1_25' title="bbox 1980 841 3241 913">
    <p class='ocr_par' dir='ltr' id='par_1_25' title="bbox 1980 841 3241 913">
     <span class='ocr_line' id='line_1_25' title="bbox 1980 841 3241 913; baseline 0.002 -18"><span class='ocrx_word' id='word_1_134' title='bbox 1980 841 2116 896; x_wconf 90' lang='lat' dir='ltr'><strong>Cum</strong></span> <span class='ocrx_word' id='word_1_135' title='bbox 2147 851 2202 896; x_wconf 92' lang='lat' dir='ltr'><strong>tu</strong></span> <span class='ocrx_word' id='word_1_136' title='bbox 2231 858 2298 897; x_wconf 86' lang='lat' dir='ltr'><strong>ex</strong></span> <span class='ocrx_word' id='word_1_137' title='bbox 2327 843 2580 913; x_wconf 89' lang='lat' dir='ltr'><strong>opposito</strong></span> <span class='ocrx_word' id='word_1_138' title='bbox 2606 851 2811 897; x_wconf 76' lang='lat' dir='ltr'><strong>statuas</strong></span> <span class='ocrx_word' id='word_1_139' title='bbox 2843 843 3241 898; x_wconf 89' lang='lat' dir='ltr'><strong>confusiones?</strong></span> 
     </span>
    </p>
   </div>
   <div class='ocr_carea' id='block_1_26' title="bbox 1979 933 3325 1011">
    <p class='ocr_par' dir='ltr' id='par_1_26' title="bbox 1979 933 3325 1011">
     <span class='ocr_line' id='line_1_26' title="bbox 1979 933 3325 1011; baseline 0.004 -27"><span class='ocrx_word' id='word_1_140' title='bbox 1979 933 2088 987; x_wconf 85' lang='lat' dir='ltr'><strong>Aut</strong></span> <span class='ocrx_word' id='word_1_141' title='bbox 2107 933 2272 988; x_wconf 84' lang='lat' dir='ltr'><strong>suade</strong></span> <span class='ocrx_word' id='word_1_142' title='bbox 2297 933 2472 1004; x_wconf 89' lang='lat' dir='ltr'><strong>ipsum</strong></span> <span class='ocrx_word' id='word_1_143' title='bbox 2493 977 2506 1000; x_wconf 95' lang='lat'><strong>,</strong></span> <span class='ocrx_word' id='word_1_144' title='bbox 2541 942 2635 988; x_wconf 87' lang='lat' dir='ltr'><strong>aut</strong></span> <span class='ocrx_word' id='word_1_145' title='bbox 2657 935 2745 1011; x_wconf 84' lang='lat' dir='ltr'><strong>ille</strong></span> <span class='ocrx_word' id='word_1_146' title='bbox 2774 945 2962 990; x_wconf 90' lang='lat' dir='ltr'><strong>contra</strong></span> <span class='ocrx_word' id='word_1_147' title='bbox 2993 945 3046 990; x_wconf 92' lang='lat' dir='ltr'><strong>te</strong></span> <span class='ocrx_word' id='word_1_148' title='bbox 3077 937 3325 992; x_wconf 87' lang='lat' dir='ltr'><strong>suadeat:</strong></span> 
     </span>
    </p>
   </div>
   <div class='ocr_carea' id='block_1_27' title="bbox 1980 1024 3242 1095">
    <p class='ocr_par' dir='ltr' id='par_1_27' title="bbox 1980 1024 3242 1095">
     <span class='ocr_line' id='line_1_27' title="bbox 1980 1024 3242 1095; baseline 0.006 -19"><span class='ocrx_word' id='word_1_149' title='bbox 1980 1024 2088 1077; x_wconf 79' lang='lat' dir='ltr'><strong>Aut</strong></span> <span class='ocrx_word' id='word_1_150' title='bbox 2107 1033 2254 1079; x_wconf 92' lang='lat' dir='ltr'><strong>certo</strong></span> <span class='ocrx_word' id='word_1_151' title='bbox 2273 1025 2414 1078; x_wconf 89' lang='lat' dir='ltr'><strong>inter</strong></span> <span class='ocrx_word' id='word_1_152' title='bbox 2436 1032 2732 1095; x_wconf 89' lang='lat' dir='ltr'><strong>utrumque</strong></span> <span class='ocrx_word' id='word_1_153' title='bbox 2768 1028 2980 1084; x_wconf 88' lang='lat' dir='ltr'><strong>sancito</strong></span> <span class='ocrx_word' id='word_1_154' title='bbox 3005 1029 3242 1085; x_wconf 85' lang='lat' dir='ltr'><strong>divortio</strong></span> 
     </span>
    </p>
   </div>
   <div class='ocr_carea' id='block_1_28' title="bbox 1980 1113 2779 1170">
    <p class='ocr_par' dir='ltr' id='par_1_28' title="bbox 1980 1113 2779 1170">
     <span class='ocr_line' id='line_1_28' title="bbox 1980 1113 2779 1170; baseline 0.004 -3"><span class='ocrx_word' id='word_1_155' title='bbox 1980 1114 2038 1168; x_wconf 90' lang='lat' dir='ltr'><strong>ln</strong></span> <span class='ocrx_word' id='word_1_156' title='bbox 2067 1113 2272 1168; x_wconf 80' lang='lat' dir='ltr'><strong>rectum</strong></span> <span class='ocrx_word' id='word_1_157' title='bbox 2301 1115 2404 1170; x_wconf 86' lang='lat' dir='ltr'><strong>iter</strong></span> <span class='ocrx_word' id='word_1_158' title='bbox 2421 1117 2779 1170; x_wconf 78' lang='lat' dir='ltr'><strong>revertimini.</strong></span> 
     </span>
    </p>
   </div>
   <div class='ocr_carea' id='block_1_29' title="bbox 1979 1205 3061 1278">
    <p class='ocr_par' dir='ltr' id='par_1_29' title="bbox 1979 1205 3061 1278">
     <span class='ocr_line' id='line_1_29' title="bbox 1979 1205 3061 1278; baseline 0.006 -20"><span class='ocrx_word' id='word_1_159' title='bbox 1979 1205 2112 1261; x_wconf 88' lang='lat' dir='ltr'><strong>Illud</strong></span> <span class='ocrx_word' id='word_1_160' title='bbox 2142 1206 2288 1260; x_wconf 91' lang='lat' dir='ltr'><strong>enim</strong></span> <span class='ocrx_word' id='word_1_161' title='bbox 2313 1215 2400 1276; x_wconf 73' lang='lat' dir='ltr'><strong>est</strong></span> <span class='ocrx_word' id='word_1_162' title='bbox 2421 1207 2634 1278; x_wconf 88' lang='lat' dir='ltr'><strong>signum</strong></span> <span class='ocrx_word' id='word_1_163' title='bbox 2664 1209 2795 1263; x_wconf 90' lang='lat' dir='ltr'><strong>recti</strong></span> <span class='ocrx_word' id='word_1_164' title='bbox 2828 1209 3061 1276; x_wconf 87' lang='lat' dir='ltr'><strong>itineris,</strong></span> 
     </span>
    </p>
   </div>
   <div class='ocr_carea' id='block_1_30' title="bbox 1976 1295 3061 1367">
    <p class='ocr_par' dir='ltr' id='par_1_30' title="bbox 1976 1295 3061 1367">
     <span class='ocr_line' id='line_1_30' title="bbox 1976 1295 3061 1367; baseline 0.004 -17"><span class='ocrx_word' id='word_1_165' title='bbox 1976 1295 2112 1351; x_wconf 87' lang='lat' dir='ltr'><strong>Cum</strong></span> <span class='ocrx_word' id='word_1_166' title='bbox 2134 1297 2255 1366; x_wconf 89' lang='lat' dir='ltr'><strong>quis</strong></span> <span class='ocrx_word' id='word_1_167' title='bbox 2283 1296 2601 1351; x_wconf 80' lang='lat' dir='ltr'><strong>aberrantes</strong></span> <span class='ocrx_word' id='word_1_168' title='bbox 2617 1313 2714 1367; x_wconf 89' lang='lat' dir='ltr'><strong>per</strong></span> <span class='ocrx_word' id='word_1_169' title='bbox 2741 1299 3061 1354; x_wconf 90' lang='lat' dir='ltr'><strong>diverticula</strong></span> 
     </span>
    </p>
   </div>
   <div class='ocr_carea' id='block_1_31' title="bbox 1977 1390 3484 1460">
    <p class='ocr_par' dir='ltr' id='par_1_31' title="bbox 1977 1390 3484 1460">
     <span class='ocr_line' id='line_1_31' title="bbox 1977 1390 3484 1460; baseline 0.003 -16"><span class='ocrx_word' id='word_1_170' title='bbox 1977 1390 2188 1455; x_wconf 83' lang='lat' dir='ltr'><strong>Trahit,</strong></span> <span class='ocrx_word' id='word_1_171' title='bbox 2219 1391 2553 1460; x_wconf 86' lang='lat' dir='ltr'><strong>retrahitque</strong></span> <span class='ocrx_word' id='word_1_172' title='bbox 2581 1407 2645 1446; x_wconf 81' lang='lat' dir='ltr'><strong>ex</strong></span> <span class='ocrx_word' id='word_1_173' title='bbox 2677 1395 3110 1450; x_wconf 88' lang='lat' dir='ltr'><strong>contradictione</strong></span> <span class='ocrx_word' id='word_1_174' title='bbox 3137 1395 3190 1449; x_wconf 92' lang='lat' dir='ltr'><strong>in</strong></span> <span class='ocrx_word' id='word_1_175' title='bbox 3220 1396 3484 1450; x_wconf 88' lang='lat' dir='ltr'><strong>medium.</strong></span> 
     </span>
    </p>
   </div>
   <div class='ocr_carea' id='block_1_32' title="bbox 2047 1483 3306 1558">
    <p class='ocr_par' dir='ltr' id='par_1_32' title="bbox 2047 1483 3306 1558">
     <span class='ocr_line' id='line_1_32' title="bbox 2047 1483 3306 1558; baseline 0.004 -20"><span class='ocrx_word' id='word_1_176' title='bbox 2047 1483 2091 1539; x_wconf 96' lang='grc' dir='ltr'><strong>Ο</strong></span> <span class='ocrx_word' id='word_1_177' title='bbox 2119 1500 2336 1554; x_wconf 85' lang='lat' dir='ltr'><strong>semper</strong></span> <span class='ocrx_word' id='word_1_178' title='bbox 2364 1484 2621 1556; x_wconf 86' lang='lat' dir='ltr'><strong>Cyrillum</strong></span> <span class='ocrx_word' id='word_1_179' title='bbox 2651 1485 2705 1540; x_wconf 92' lang='lat' dir='ltr'><strong>in</strong></span> <span class='ocrx_word' id='word_1_180' title='bbox 2741 1487 2978 1542; x_wconf 88' lang='lat' dir='ltr'><strong>medium</strong></span> <span class='ocrx_word' id='word_1_181' title='bbox 2998 1488 3306 1558; x_wconf 92' lang='lat' dir='ltr'><strong>proferens,</strong></span> 
     </span>
    </p>
   </div>
   <div class='ocr_carea' id='block_1_33' title="bbox 1976 1575 3247 1648">
    <p class='ocr_par' dir='ltr' id='par_1_33' title="bbox 1976 1575 3247 1648">
     <span class='ocr_line' id='line_1_33' title="bbox 1976 1575 3247 1648; baseline 0.002 -18"><span class='ocrx_word' id='word_1_182' title='bbox 1976 1575 2043 1630; x_wconf 85' lang='lat' dir='ltr'><strong>Et</strong></span> <span class='ocrx_word' id='word_1_183' title='bbox 2068 1577 2122 1631; x_wconf 92' lang='lat' dir='ltr'><strong>in</strong></span> <span class='ocrx_word' id='word_1_184' title='bbox 2144 1577 2352 1631; x_wconf 92' lang='lat' dir='ltr'><strong>nullum</strong></span> <span class='ocrx_word' id='word_1_185' title='bbox 2368 1592 2434 1632; x_wconf 85' lang='lat' dir='ltr'><strong>ex</strong></span> <span class='ocrx_word' id='word_1_186' title='bbox 2461 1577 2606 1632; x_wconf 90' lang='lat' dir='ltr'><strong>illius</strong></span> <span class='ocrx_word' id='word_1_187' title='bbox 2629 1579 2847 1648; x_wconf 90' lang='lat' dir='ltr'><strong>placitis</strong></span> <span class='ocrx_word' id='word_1_188' title='bbox 2879 1580 3247 1647; x_wconf 81' lang='lat' dir='ltr'><strong>consentiens,</strong></span> 
     </span>
    </p>
   </div>
   <div class='ocr_carea' id='block_1_34' title="bbox 1976 1668 3242 1740">
    <p class='ocr_par' dir='ltr' id='par_1_34' title="bbox 1976 1668 3242 1740">
     <span class='ocr_line' id='line_1_34' title="bbox 1976 1668 3242 1740; baseline 0.002 -18"><span class='ocrx_word' id='word_1_189' title='bbox 1976 1668 2070 1739; x_wconf 89' lang='lat' dir='ltr'><strong>(Si</strong></span> <span class='ocrx_word' id='word_1_190' title='bbox 2097 1669 2241 1723; x_wconf 91' lang='lat' dir='ltr'><strong>enim</strong></span> <span class='ocrx_word' id='word_1_191' title='bbox 2271 1677 2558 1740; x_wconf 84' lang='lat' dir='ltr'><strong>antequam</strong></span> <span class='ocrx_word' id='word_1_192' title='bbox 2579 1677 2636 1724; x_wconf 90' lang='lat' dir='ltr'><strong>tu</strong></span> <span class='ocrx_word' id='word_1_193' title='bbox 2667 1671 2926 1726; x_wconf 89' lang='lat' dir='ltr'><strong>misceres</strong></span> <span class='ocrx_word' id='word_1_194' title='bbox 2952 1680 3173 1727; x_wconf 88' lang='lat' dir='ltr'><strong>naturas</strong></span> <span class='ocrx_word' id='word_1_195' title='bbox 3196 1671 3242 1739; x_wconf 90' lang='lat'><strong>:)</strong></span> 
     </span>
    </p>
   </div>
   <div class='ocr_carea' id='block_1_35' title="bbox 1975 1762 3262 1833">
    <p class='ocr_par' dir='ltr' id='par_1_35' title="bbox 1975 1762 3262 1833">
     <span class='ocr_line' id='line_1_35' title="bbox 1975 1762 3262 1833; baseline 0.001 -18"><span class='ocrx_word' id='word_1_196' title='bbox 1975 1762 2234 1833; x_wconf 86' lang='lat' dir='ltr'><strong>Cyrillum</strong></span> <span class='ocrx_word' id='word_1_197' title='bbox 2265 1778 2374 1817; x_wconf 87' lang='lat' dir='ltr'><strong>non</strong></span> <span class='ocrx_word' id='word_1_198' title='bbox 2393 1770 2662 1818; x_wconf 87' lang='lat' dir='ltr'><strong>astantem</strong></span> <span class='ocrx_word' id='word_1_199' title='bbox 2695 1779 2818 1818; x_wconf 92' lang='lat' dir='ltr'><strong>cum</strong></span> <span class='ocrx_word' id='word_1_200' title='bbox 2851 1773 3039 1819; x_wconf 90' lang='lat' dir='ltr'><strong>sancto</strong></span> <span class='ocrx_word' id='word_1_201' title='bbox 3067 1771 3214 1818; x_wconf 93' lang='lat' dir='ltr'><strong>tomo</strong></span> <span class='ocrx_word' id='word_1_202' title='bbox 3247 1778 3262 1816; x_wconf 91' lang='lat'><strong>:</strong></span> 
     </span>
    </p>
   </div>
   <div class='ocr_carea' id='block_1_36' title="bbox 1906 1845 3369 1929">
    <p class='ocr_par' dir='ltr' id='par_1_36' title="bbox 1906 1845 3369 1929">
     <span class='ocr_line' id='line_1_36' title="bbox 1906 1845 3369 1929; baseline -0.001 -19"><span class='ocrx_word' id='word_1_203' title='bbox 1906 1845 1949 1900; x_wconf 83' lang='grc' dir='ltr'>Β</span> <span class='ocrx_word' id='word_1_204' title='bbox 1976 1855 2030 1910; x_wconf 92' lang='lat' dir='ltr'><strong>Si</strong></span> <span class='ocrx_word' id='word_1_205' title='bbox 2057 1855 2204 1910; x_wconf 89' lang='lat' dir='ltr'><strong>enim</strong></span> <span class='ocrx_word' id='word_1_206' title='bbox 2230 1855 2466 1922; x_wconf 87' lang='lat' dir='ltr'><strong>adesset,</strong></span> <span class='ocrx_word' id='word_1_207' title='bbox 2497 1855 2736 1926; x_wconf 84' lang='lat' dir='ltr'><strong>suspicio</strong></span> <span class='ocrx_word' id='word_1_208' title='bbox 2767 1864 2911 1911; x_wconf 89' lang='lat' dir='ltr'><strong>esset</strong></span> <span class='ocrx_word' id='word_1_209' title='bbox 2951 1873 3022 1910; x_wconf 91' lang='lat' dir='ltr'><strong>ne</strong></span> <span class='ocrx_word' id='word_1_210' title='bbox 3047 1856 3114 1911; x_wconf 91' lang='lat' dir='ltr'><strong>ad</strong></span> <span class='ocrx_word' id='word_1_211' title='bbox 3143 1855 3369 1929; x_wconf 77' lang='lat' dir='ltr'><strong>gratiam</strong></span> 
     </span>
    </p>
   </div>
   <div class='ocr_carea' id='block_1_37' title="bbox 1981 1947 3119 2019">
    <p class='ocr_par' dir='ltr' id='par_1_37' title="bbox 1981 1947 3119 2019">
     <span class='ocr_line' id='line_1_37' title="bbox 1981 1947 3119 2019; baseline 0.002 -17"><span class='ocrx_word' id='word_1_212' title='bbox 1981 1947 2258 2003; x_wconf 84' lang='lat' dir='ltr'><strong>Laudibus</strong></span> <span class='ocrx_word' id='word_1_213' title='bbox 2276 1948 2454 2018; x_wconf 92' lang='lat' dir='ltr'><strong>ipsum</strong></span> <span class='ocrx_word' id='word_1_214' title='bbox 2504 1949 2832 2005; x_wconf 76' lang='lat' dir='ltr'><strong>extulissent</strong></span> <span class='ocrx_word' id='word_1_215' title='bbox 2855 1949 3119 2019; x_wconf 90' lang='lat' dir='ltr'><strong>deiloqui,</strong></span> 
     </span>
    </p>
   </div>
   <div class='ocr_carea' id='block_1_38' title="bbox 1979 2037 3340 2111">
    <p class='ocr_par' dir='ltr' id='par_1_38' title="bbox 1979 2037 3340 2111">
     <span class='ocr_line' id='line_1_38' title="bbox 1979 2037 3340 2111; baseline 0.001 -18"><span class='ocrx_word' id='word_1_216' title='bbox 1979 2038 2041 2094; x_wconf 79' lang='lat' dir='ltr'><strong>In</strong></span> <span class='ocrx_word' id='word_1_217' title='bbox 2074 2039 2274 2110; x_wconf 85' lang='lat' dir='ltr'><strong>quibus</strong></span> <span class='ocrx_word' id='word_1_218' title='bbox 2312 2037 2548 2109; x_wconf 86' lang='lat' dir='ltr'><strong>Spiritus</strong></span> <span class='ocrx_word' id='word_1_219' title='bbox 2580 2040 2964 2111; x_wconf 50' lang='lat' dir='ltr'><strong>sanetusLloqui</strong></span> <span class='ocrx_word' id='word_1_220' title='bbox 2993 2049 3222 2096; x_wconf 86' lang='lat' dir='ltr'><strong>testatus</strong></span> <span class='ocrx_word' id='word_1_221' title='bbox 3236 2046 3340 2096; x_wconf 83' lang='lat' dir='ltr'><strong>est.</strong></span> 
     </span>
    </p>
   </div>
   <div class='ocr_carea' id='block_1_39' title="bbox 1810 2216 2044 2274">
    <p class='ocr_par' dir='ltr' id='par_1_39' title="bbox 1810 2216 2044 2274">
     <span class='ocr_line' id='line_1_39' title="bbox 1810 2216 2044 2274; baseline 0 -2"><span class='ocrx_word' id='word_1_222' title='bbox 1810 2216 2044 2274; x_wconf 64' lang='lat' dir='ltr'><strong>NOTAE.</strong></span> 
     </span>
    </p>
   </div>
   <div class='ocr_carea' id='block_1_40' title="bbox 361 2374 1874 2449">
    <p class='ocr_par' dir='ltr' id='par_1_40' title="bbox 361 2374 1874 2449">
     <span class='ocr_line' id='line_1_40' title="bbox 361 2374 1874 2449; baseline -0.001 -18"><span class='ocrx_word' id='word_1_223' title='bbox 361 2376 483 2449; x_wconf 87' lang='grc'><strong>101.</strong></span> <span class='ocrx_word' id='word_1_224' title='bbox 525 2375 856 2449; x_wconf 69' lang='lat' dir='ltr'><strong>Syngraphae</strong></span> <span class='ocrx_word' id='word_1_225' title='bbox 887 2374 1150 2449; x_wconf 81' lang='grc' dir='ltr'>βρυώδεις</span> <span class='ocrx_word' id='word_1_226' title='bbox 1169 2416 1186 2439; x_wconf 91' lang='grc'><strong>,</strong></span> <span class='ocrx_word' id='word_1_227' title='bbox 1212 2377 1457 2449; x_wconf 75' lang='lat' dir='ltr'><strong>muscosi,</strong></span> <span class='ocrx_word' id='word_1_228' title='bbox 1490 2375 1545 2431; x_wconf 90' lang='lat' dir='ltr'><strong>id</strong></span> <span class='ocrx_word' id='word_1_229' title='bbox 1574 2374 1874 2449; x_wconf 85' lang='lat' dir='ltr'><strong>est_futiles</strong></span> 
     </span>
    </p>
   </div>
   <div class='ocr_carea' id='block_1_41' title="bbox 288 2446 1874 2570">
    <p class='ocr_par' dir='ltr' id='par_1_41' title="bbox 288 2446 1874 2570">
     <span class='ocr_line' id='line_1_41' title="bbox 288 2446 1874 2570; baseline -0.001 -70"><span class='ocrx_word' id='word_1_230' title='bbox 288 2456 344 2570; x_wconf 61' lang='grc' dir='ltr'><strong>(ἐι</strong></span> <span class='ocrx_word' id='word_1_231' title='bbox 369 2446 780 2530; x_wconf 58' lang='lat' dir='ltr'><strong>itiariesdibelli,</strong></span> <span class='ocrx_word' id='word_1_232' title='bbox 802 2446 1000 2518; x_wconf 79' lang='lat' dir='ltr'><strong>quibus</strong></span> <span class='ocrx_word' id='word_1_233' title='bbox 1031 2462 1187 2502; x_wconf 89' lang='lat' dir='ltr'><strong>suam</strong></span> <span class='ocrx_word' id='word_1_234' title='bbox 1215 2447 1544 2502; x_wconf 89' lang='lat' dir='ltr'><strong>sententiam</strong></span> <span class='ocrx_word' id='word_1_235' title='bbox 1578 2446 1874 2501; x_wconf 88' lang='lat' dir='ltr'><strong>tuebantur</strong></span> 
     </span>
     <span class='ocr_line' id='line_1_42' title="bbox 333 2532 602 2570; baseline 0 0"><span class='ocrx_word' id='word_1_236' title='bbox 333 2532 602 2570; x_wconf 78' lang='lat' dir='ltr'><strong>evertam.</strong></span> 
     </span>
    </p>
   </div>
   <div class='ocr_carea' id='block_1_42' title="bbox 333 2532 602 2572">
    <p class='ocr_par' dir='ltr' id='par_1_42' title="bbox 333 2532 602 2572">
     <span class='ocr_line' id='line_1_43' title="bbox 333 2532 602 2572; baseline -0.004 -1"><span class='ocrx_word' id='word_1_237' title='bbox 333 2532 602 2572; x_wconf 86' lang='lat' dir='ltr'><strong>evertant.</strong></span> 
     </span>
    </p>
   </div>
   <div class='ocr_carea' id='block_1_43' title="bbox 361 2587 1871 2651">
    <p class='ocr_par' dir='ltr' id='par_1_43' title="bbox 361 2587 1871 2651">
     <span class='ocr_line' id='line_1_44' title="bbox 361 2587 1871 2651; baseline 0.001 -12"><span class='ocrx_word' id='word_1_238' title='bbox 361 2587 483 2641; x_wconf 75' lang='grc'><strong>102.</strong></span> <span class='ocrx_word' id='word_1_239' title='bbox 524 2587 661 2642; x_wconf 92' lang='lat' dir='ltr'><strong>Cum</strong></span> <span class='ocrx_word' id='word_1_240' title='bbox 695 2587 996 2651; x_wconf 87' lang='lat' dir='ltr'><strong>Nestorius,</strong></span> <span class='ocrx_word' id='word_1_241' title='bbox 1030 2601 1103 2642; x_wconf 89' lang='lat' dir='ltr'><strong>ne</strong></span> <span class='ocrx_word' id='word_1_242' title='bbox 1145 2587 1282 2642; x_wconf 88' lang='lat' dir='ltr'><strong>duas</strong></span> <span class='ocrx_word' id='word_1_243' title='bbox 1329 2587 1610 2642; x_wconf 77' lang='lat' dir='ltr'><strong>videretur</strong></span> <span class='ocrx_word' id='word_1_244' title='bbox 1641 2594 1871 2641; x_wconf 84' lang='lat' dir='ltr'><strong>naturas</strong></span> 
     </span>
    </p>
   </div>
   <div class='ocr_carea' id='block_1_44' title="bbox 288 2656 1868 2727">
    <p class='ocr_par' dir='ltr' id='par_1_44' title="bbox 288 2656 1868 2727">
     <span class='ocr_line' id='line_1_45' title="bbox 288 2656 1868 2727; baseline 0 -17"><span class='ocrx_word' id='word_1_245' title='bbox 288 2656 655 2719; x_wconf 82' lang='lat' dir='ltr'><strong>confundere.</strong></span> <span class='ocrx_word' id='word_1_246' title='bbox 687 2658 826 2712; x_wconf 88' lang='lat' dir='ltr'><strong>duas</strong></span> <span class='ocrx_word' id='word_1_247' title='bbox 855 2659 907 2712; x_wconf 91' lang='lat' dir='ltr'><strong>in</strong></span> <span class='ocrx_word' id='word_1_248' title='bbox 939 2658 1156 2712; x_wconf 85' lang='lat' dir='ltr'><strong>Christo</strong></span> <span class='ocrx_word' id='word_1_249' title='bbox 1191 2659 1509 2727; x_wconf 80' lang='lat' dir='ltr'><strong>hypostases</strong></span> <span class='ocrx_word' id='word_1_250' title='bbox 1537 2657 1868 2720; x_wconf 82' lang='lat' dir='ltr'><strong>admitteret,</strong></span> 
     </span>
    </p>
   </div>
   <div class='ocr_carea' id='block_1_45' title="bbox 287 2727 1867 2798">
    <p class='ocr_par' dir='ltr' id='par_1_45' title="bbox 287 2727 1867 2798">
     <span class='ocr_line' id='line_1_46' title="bbox 287 2727 1867 2798; baseline -0.001 -18"><span class='ocrx_word' id='word_1_251' title='bbox 287 2727 564 2782; x_wconf 79' lang='lat' dir='ltr'><strong>Christum</strong></span> <span class='ocrx_word' id='word_1_252' title='bbox 605 2729 783 2798; x_wconf 87' lang='lat' dir='ltr'><strong>ipsum</strong></span> <span class='ocrx_word' id='word_1_253' title='bbox 833 2729 886 2782; x_wconf 93' lang='lat' dir='ltr'><strong>in</strong></span> <span class='ocrx_word' id='word_1_254' title='bbox 929 2730 1065 2784; x_wconf 90' lang='lat' dir='ltr'><strong>duos</strong></span> <span class='ocrx_word' id='word_1_255' title='bbox 1093 2728 1388 2791; x_wconf 71' lang='lat' dir='ltr'><strong>dividebat,</strong></span> <span class='ocrx_word' id='word_1_256' title='bbox 1424 2728 1867 2798; x_wconf 66' lang='grc' dir='ltr'>κεχωρισμένως,</span> 
     </span>
    </p>
   </div>
   <div class='ocr_carea' id='block_1_46' title="bbox 283 2797 1871 2862">
    <p class='ocr_par' dir='ltr' id='par_1_46' title="bbox 283 2797 1871 2862">
     <span class='ocr_line' id='line_1_47' title="bbox 283 2797 1871 2862; baseline -0.001 -11"><span class='ocrx_word' id='word_1_257' title='bbox 283 2799 508 2852; x_wconf 73' lang='lat' dir='ltr'><strong>seorsim</strong></span> <span class='ocrx_word' id='word_1_258' title='bbox 559 2797 701 2853; x_wconf 85' lang='lat' dir='ltr'><strong>enim</strong></span> <span class='ocrx_word' id='word_1_259' title='bbox 739 2799 918 2853; x_wconf 84' lang='lat' dir='ltr'><strong>aiebat</strong></span> <span class='ocrx_word' id='word_1_260' title='bbox 951 2799 1213 2853; x_wconf 77' lang='lat' dir='ltr'><strong>exsistere</strong></span> <span class='ocrx_word' id='word_1_261' title='bbox 1241 2799 1295 2852; x_wconf 94' lang='lat' dir='ltr'><strong>in</strong></span> <span class='ocrx_word' id='word_1_262' title='bbox 1327 2813 1394 2852; x_wconf 88' lang='lat' dir='ltr'><strong>eo</strong></span> <span class='ocrx_word' id='word_1_263' title='bbox 1411 2797 1668 2862; x_wconf 84' lang='lat' dir='ltr'><strong>Verbum,</strong></span> <span class='ocrx_word' id='word_1_264' title='bbox 1700 2808 1755 2852; x_wconf 92' lang='lat' dir='ltr'><strong>ct</strong></span> <span class='ocrx_word' id='word_1_265' title='bbox 1784 2814 1871 2849; x_wconf 84' lang='grc' dir='ltr'><strong>κε-</strong></span> 
     </span>
    </p>
   </div>
   <div class='ocr_carea' id='block_1_47' title="bbox 283 2866 1869 2938">
    <p class='ocr_par' dir='ltr' id='par_1_47' title="bbox 283 2866 1869 2938">
     <span class='ocr_line' id='line_1_48' title="bbox 283 2866 1869 2938; baseline 0 -18"><span class='ocrx_word' id='word_1_266' title='bbox 283 2867 642 2938; x_wconf 72' lang='grc' dir='ltr'>χωρισμένως</span> <span class='ocrx_word' id='word_1_267' title='bbox 689 2869 963 2923; x_wconf 89' lang='lat' dir='ltr'><strong>hominem</strong></span> <span class='ocrx_word' id='word_1_268' title='bbox 999 2909 1012 2922; x_wconf 94' lang='lat'><strong>.</strong></span> <span class='ocrx_word' id='word_1_269' title='bbox 1055 2885 1178 2924; x_wconf 89' lang='lat' dir='ltr'><strong>cum</strong></span> <span class='ocrx_word' id='word_1_270' title='bbox 1232 2878 1414 2923; x_wconf 85' lang='lat' dir='ltr'><strong>autem</strong></span> <span class='ocrx_word' id='word_1_271' title='bbox 1445 2866 1717 2933; x_wconf 84' lang='lat' dir='ltr'><strong>Verbum,</strong></span> <span class='ocrx_word' id='word_1_272' title='bbox 1777 2867 1869 2921; x_wconf 86' lang='lat' dir='ltr'><strong>Dei</strong></span> 
     </span>
    </p>
   </div>
   <div class='ocr_carea' id='block_1_48' title="bbox 333 2938 1871 2994">
    <p class='ocr_par' dir='ltr' id='par_1_48' title="bbox 333 2938 1871 2994">
     <span class='ocr_line' id='line_1_49' title="bbox 333 2938 1871 2994; baseline 0.001 -3"><span class='ocrx_word' id='word_1_273' title='bbox 333 2939 482 2993; x_wconf 90' lang='lat' dir='ltr'><strong>ilium</strong></span> <span class='ocrx_word' id='word_1_274' title='bbox 517 2939 628 2994; x_wconf 88' lang='lat' dir='ltr'><strong>Deo</strong></span> <span class='ocrx_word' id='word_1_275' title='bbox 669 2938 810 2993; x_wconf 82' lang='lat' dir='ltr'><strong>Patri</strong></span> <span class='ocrx_word' id='word_1_276' title='bbox 859 2939 1374 2994; x_wconf 85' lang='lat' dir='ltr'><strong>consubstantialem</strong></span> <span class='ocrx_word' id='word_1_277' title='bbox 1428 2953 1549 2992; x_wconf 88' lang='lat' dir='ltr'><strong>esse</strong></span> <span class='ocrx_word' id='word_1_278' title='bbox 1599 2939 1871 2993; x_wconf 90' lang='lat' dir='ltr'><strong>concede-</strong></span> 
     </span>
    </p>
   </div>
   <div class='ocr_carea' id='block_1_49' title="bbox 284 3008 1868 3079">
    <p class='ocr_par' dir='ltr' id='par_1_49' title="bbox 284 3008 1868 3079">
     <span class='ocr_line' id='line_1_50' title="bbox 284 3008 1868 3079; baseline 0.001 -18"><span class='ocrx_word' id='word_1_279' title='bbox 284 3018 390 3070; x_wconf 87' lang='lat' dir='ltr'><strong>ret,</strong></span> <span class='ocrx_word' id='word_1_280' title='bbox 424 3008 518 3079; x_wconf 73' lang='lat' dir='ltr'><strong>sed</strong></span> <span class='ocrx_word' id='word_1_281' title='bbox 568 3025 716 3076; x_wconf 90' lang='lat' dir='ltr'><strong>eum,</strong></span> <span class='ocrx_word' id='word_1_282' title='bbox 748 3011 838 3079; x_wconf 89' lang='lat' dir='ltr'><strong>qui</strong></span> <span class='ocrx_word' id='word_1_283' title='bbox 891 3026 955 3065; x_wconf 75' lang='lat' dir='ltr'><strong>ex</strong></span> <span class='ocrx_word' id='word_1_284' title='bbox 999 3008 1219 3078; x_wconf 80' lang='lat' dir='ltr'><strong>Virgine</strong></span> <span class='ocrx_word' id='word_1_285' title='bbox 1264 3019 1426 3062; x_wconf 90' lang='lat' dir='ltr'><strong>natus</strong></span> <span class='ocrx_word' id='word_1_286' title='bbox 1461 3017 1624 3070; x_wconf 88' lang='lat' dir='ltr'><strong>esset,</strong></span> <span class='ocrx_word' id='word_1_287' title='bbox 1674 3017 1868 3062; x_wconf 86' lang='lat' dir='ltr'><strong>natura</strong></span> 
     </span>
    </p>
   </div>
   <div class='ocr_carea' id='block_1_50' title="bbox 284 3078 1866 3145">
    <p class='ocr_par' dir='ltr' id='par_1_50' title="bbox 284 3078 1866 3145">
     <span class='ocr_line' id='line_1_51' title="bbox 284 3078 1866 3145; baseline 0 -13"><span class='ocrx_word' id='word_1_288' title='bbox 284 3079 377 3132; x_wconf 84' lang='lat' dir='ltr'><strong>Dei</strong></span> <span class='ocrx_word' id='word_1_289' title='bbox 429 3078 645 3138; x_wconf 82' lang='lat' dir='ltr'><strong>Filium.</strong></span> <span class='ocrx_word' id='word_1_290' title='bbox 675 3091 730 3134; x_wconf 90' lang='lat' dir='ltr'><strong>et</strong></span> <span class='ocrx_word' id='word_1_291' title='bbox 771 3078 968 3133; x_wconf 88' lang='lat' dir='ltr'><strong>natura</strong></span> <span class='ocrx_word' id='word_1_292' title='bbox 1017 3081 1185 3132; x_wconf 90' lang='lat' dir='ltr'><strong>Deum</strong></span> <span class='ocrx_word' id='word_1_293' title='bbox 1236 3093 1357 3132; x_wconf 90' lang='lat' dir='ltr'><strong>esse</strong></span> <span class='ocrx_word' id='word_1_294' title='bbox 1403 3085 1644 3145; x_wconf 84' lang='lat' dir='ltr'><strong>negaret,</strong></span> <span class='ocrx_word' id='word_1_295' title='bbox 1679 3085 1866 3145; x_wconf 87' lang='lat' dir='ltr'><strong>aperte</strong></span> 
     </span>
    </p>
   </div>
   <div class='ocr_carea' id='block_1_51' title="bbox 284 3148 1860 3217">
    <p class='ocr_par' dir='ltr' id='par_1_51' title="bbox 284 3148 1860 3217">
     <span class='ocr_line' id='line_1_52' title="bbox 284 3148 1860 3217; baseline -0.001 -14"><span class='ocrx_word' id='word_1_296' title='bbox 284 3149 422 3204; x_wconf 90' lang='lat' dir='ltr'><strong>duos</strong></span> <span class='ocrx_word' id='word_1_297' title='bbox 450 3149 502 3202; x_wconf 94' lang='lat' dir='ltr'><strong>in</strong></span> <span class='ocrx_word' id='word_1_298' title='bbox 535 3149 753 3205; x_wconf 88' lang='lat' dir='ltr'><strong>Christo</strong></span> <span class='ocrx_word' id='word_1_299' title='bbox 789 3150 944 3212; x_wconf 83' lang='lat' dir='ltr'><strong>filios,</strong></span> <span class='ocrx_word' id='word_1_300' title='bbox 980 3165 1148 3203; x_wconf 90' lang='lat' dir='ltr'><strong>unum</strong></span> <span class='ocrx_word' id='word_1_301' title='bbox 1178 3157 1392 3209; x_wconf 93' lang='lat' dir='ltr'><strong>natura,</strong></span> <span class='ocrx_word' id='word_1_302' title='bbox 1426 3148 1656 3200; x_wconf 88' lang='lat' dir='ltr'><strong>alterum</strong></span> <span class='ocrx_word' id='word_1_303' title='bbox 1691 3148 1860 3217; x_wconf 85' lang='lat' dir='ltr'><strong>gratia</strong></span> 
     </span>
    </p>
   </div>
   <div class='ocr_carea' id='block_1_52' title="bbox 1970 2374 3554 2447">
    <p class='ocr_par' dir='ltr' id='par_1_52' title="bbox 1970 2374 3554 2447">
     <span class='ocr_line' id='line_1_53' title="bbox 1970 2374 3554 2447; baseline 0.001 -16"><span class='ocrx_word' id='word_1_304' title='bbox 1970 2376 2163 2431; x_wconf 87' lang='lat' dir='ltr'><strong>luisset</strong></span> <span class='ocrx_word' id='word_1_305' title='bbox 2207 2374 2309 2446; x_wconf 87' lang='lat' dir='ltr'><strong>legi</strong></span> <span class='ocrx_word' id='word_1_306' title='bbox 2346 2375 2664 2447; x_wconf 79' lang='grc' dir='ltr'>ἀντιλήξους</span> <span class='ocrx_word' id='word_1_307' title='bbox 2688 2416 2704 2440; x_wconf 83' lang='grc'><strong>,</strong></span> <span class='ocrx_word' id='word_1_308' title='bbox 2737 2390 2802 2430; x_wconf 87' lang='lat' dir='ltr'><strong>ac</strong></span> <span class='ocrx_word' id='word_1_309' title='bbox 2835 2374 3064 2444; x_wconf 88' lang='lat' dir='ltr'><strong>proinde</strong></span> <span class='ocrx_word' id='word_1_310' title='bbox 3097 2393 3159 2430; x_wconf 92' lang='grc' dir='ltr'>ου</span> <span class='ocrx_word' id='word_1_311' title='bbox 3197 2390 3365 2447; x_wconf 80' lang='lat' dir='ltr'><strong>super</strong></span> <span class='ocrx_word' id='word_1_312' title='bbox 3395 2394 3442 2431; x_wconf 87' lang='grc' dir='ltr'><strong>ω</strong></span> <span class='ocrx_word' id='word_1_313' title='bbox 3466 2377 3554 2432; x_wconf 86' lang='grc' dir='ltr'><strong>ἰη-</strong></span> 
     </span>
    </p>
   </div>
   <div class='ocr_carea' id='block_1_53' title="bbox 1971 2445 3556 2518">
    <p class='ocr_par' dir='ltr' id='par_1_53' title="bbox 1971 2445 3556 2518">
     <span class='ocr_line' id='line_1_54' title="bbox 1971 2445 3556 2518; baseline 0.001 -16"><span class='ocrx_word' id='word_1_314' title='bbox 1971 2447 2220 2516; x_wconf 86' lang='lat' dir='ltr'><strong>scripsit;</strong></span> <span class='ocrx_word' id='word_1_315' title='bbox 2253 2445 2395 2514; x_wconf 85' lang='lat' dir='ltr'><strong>quod</strong></span> <span class='ocrx_word' id='word_1_316' title='bbox 2421 2445 2530 2501; x_wconf 87' lang='lat' dir='ltr'><strong>non</strong></span> <span class='ocrx_word' id='word_1_317' title='bbox 2550 2446 2756 2518; x_wconf 79' lang='lat' dir='ltr'><strong>placet.</strong></span> <span class='ocrx_word' id='word_1_318' title='bbox 2783 2446 2894 2517; x_wconf 86' lang='lat' dir='ltr'><strong>Ego</strong></span> <span class='ocrx_word' id='word_1_319' title='bbox 2917 2455 3099 2501; x_wconf 90' lang='lat' dir='ltr'><strong>autem</strong></span> <span class='ocrx_word' id='word_1_320' title='bbox 3131 2463 3164 2518; x_wconf 85' lang='grc' dir='ltr'><strong>η</strong></span> <span class='ocrx_word' id='word_1_321' title='bbox 3195 2445 3247 2500; x_wconf 92' lang='lat' dir='ltr'><strong>in</strong></span> <span class='ocrx_word' id='word_1_322' title='bbox 3273 2445 3301 2500; x_wconf 80' lang='grc' dir='ltr'>ε</span> <span class='ocrx_word' id='word_1_323' title='bbox 3327 2462 3556 2503; x_wconf 89' lang='lat' dir='ltr'><strong>conver-</strong></span> 
     </span>
    </p>
   </div>
   <div class='ocr_carea' id='block_1_54' title="bbox 1972 2515 2844 2588">
    <p class='ocr_par' dir='ltr' id='par_1_54' title="bbox 1972 2515 2844 2588">
     <span class='ocr_line' id='line_1_55' title="bbox 1972 2515 2844 2588; baseline -0.003 -16"><span class='ocrx_word' id='word_1_324' title='bbox 1972 2515 2165 2588; x_wconf 85' lang='lat' dir='ltr'><strong>terem,</strong></span> <span class='ocrx_word' id='word_1_325' title='bbox 2197 2525 2252 2588; x_wconf 79' lang='lat' dir='ltr'><strong>et</strong></span> <span class='ocrx_word' id='word_1_326' title='bbox 2283 2518 2517 2588; x_wconf 76' lang='lat' dir='ltr'><strong>legerem</strong></span> <span class='ocrx_word' id='word_1_327' title='bbox 2536 2515 2844 2588; x_wconf 59' lang='grc' dir='ltr'>ἀντιλέξωςέ</span> 
     </span>
    </p>
   </div>
   <div class='ocr_carea' id='block_1_55' title="bbox 2042 2585 3551 2658">
    <p class='ocr_par' dir='ltr' id='par_1_55' title="bbox 2042 2585 3551 2658">
     <span class='ocr_line' id='line_1_56' title="bbox 2042 2585 3551 2658; baseline 0.001 -18"><span class='ocrx_word' id='word_1_328' title='bbox 2042 2585 2505 2658; x_wconf 73' lang='lat' dir='ltr'><strong>ll2._Cyrillum,</strong></span> <span class='ocrx_word' id='word_1_329' title='bbox 2541 2586 2786 2658; x_wconf 87' lang='lat' dir='ltr'><strong>aliosque</strong></span> <span class='ocrx_word' id='word_1_330' title='bbox 2834 2585 3024 2658; x_wconf 65' lang='lat' dir='ltr'><strong>Patres</strong></span> <span class='ocrx_word' id='word_1_331' title='bbox 3073 2587 3174 2642; x_wconf 92' lang='lat' dir='ltr'><strong>sibi</strong></span> <span class='ocrx_word' id='word_1_332' title='bbox 3225 2587 3551 2658; x_wconf 88' lang='lat' dir='ltr'><strong>patrocinari</strong></span> 
     </span>
    </p>
   </div>
   <div class='ocr_carea' id='block_1_56' title="bbox 1968 2655 3550 2726">
    <p class='ocr_par' dir='ltr' id='par_1_56' title="bbox 1968 2655 3550 2726">
     <span class='ocr_line' id='line_1_57' title="bbox 1968 2655 3550 2726; baseline 0 -14"><span class='ocrx_word' id='word_1_333' title='bbox 1968 2658 2147 2713; x_wconf 88' lang='lat' dir='ltr'><strong>aiebat</strong></span> <span class='ocrx_word' id='word_1_334' title='bbox 2175 2655 2446 2725; x_wconf 79' lang='lat' dir='ltr'><strong>Eutyches</strong></span> <span class='ocrx_word' id='word_1_335' title='bbox 2487 2657 2544 2711; x_wconf 92' lang='lat' dir='ltr'><strong>in</strong></span> <span class='ocrx_word' id='word_1_336' title='bbox 2587 2657 2794 2726; x_wconf 84' lang='lat' dir='ltr'><strong>synodo</strong></span> <span class='ocrx_word' id='word_1_337' title='bbox 2820 2655 3419 2726; x_wconf 85' lang='lat' dir='ltr'><strong>Constantinopolitana</strong></span> <span class='ocrx_word' id='word_1_338' title='bbox 3440 2697 3456 2721; x_wconf 89' lang='lat'><strong>,</strong></span> <span class='ocrx_word' id='word_1_339' title='bbox 3495 2658 3550 2712; x_wconf 94' lang='lat' dir='ltr'><strong>in</strong></span> 
     </span>
    </p>
   </div>
   <div class='ocr_carea' id='block_1_57' title="bbox 1969 2727 3552 2799">
    <p class='ocr_par' dir='ltr' id='par_1_57' title="bbox 1969 2727 3552 2799">
     <span class='ocr_line' id='line_1_58' title="bbox 1969 2727 3552 2799; baseline 0.001 -17"><span class='ocrx_word' id='word_1_340' title='bbox 1969 2745 2076 2799; x_wconf 88' lang='lat' dir='ltr'><strong>qua</strong></span> <span class='ocrx_word' id='word_1_341' title='bbox 2126 2743 2155 2781; x_wconf 91' lang='lat' dir='ltr'><strong>a</strong></span> <span class='ocrx_word' id='word_1_342' title='bbox 2205 2727 2262 2781; x_wconf 91' lang='lat' dir='ltr'><strong>S.</strong></span> <span class='ocrx_word' id='word_1_343' title='bbox 2291 2727 2555 2783; x_wconf 82' lang='lat' dir='ltr'><strong>Flaviano</strong></span> <span class='ocrx_word' id='word_1_344' title='bbox 2583 2728 2889 2799; x_wconf 69' lang='lat' dir='ltr'><strong>damnatus</strong></span> <span class='ocrx_word' id='word_1_345' title='bbox 2913 2736 3014 2781; x_wconf 82' lang='lat' dir='ltr'><strong>est.</strong></span> <span class='ocrx_word' id='word_1_346' title='bbox 3053 2728 3165 2781; x_wconf 87' lang='lat' dir='ltr'><strong>Hoc</strong></span> <span class='ocrx_word' id='word_1_347' title='bbox 3196 2727 3552 2799; x_wconf 78' lang='lat' dir='ltr'><strong>idempostea</strong></span> 
     </span>
    </p>
   </div>
   <div class='ocr_carea' id='block_1_58' title="bbox 1970 2795 3550 2869">
    <p class='ocr_par' dir='ltr' id='par_1_58' title="bbox 1970 2795 3550 2869">
     <span class='ocr_line' id='line_1_59' title="bbox 1970 2795 3550 2869; baseline -0.001 -16"><span class='ocrx_word' id='word_1_348' title='bbox 1970 2795 2188 2869; x_wconf 78' lang='lat' dir='ltr'><strong>semper</strong></span> <span class='ocrx_word' id='word_1_349' title='bbox 2231 2800 2520 2868; x_wconf 75' lang='lat' dir='ltr'><strong>repetitum</strong></span> <span class='ocrx_word' id='word_1_350' title='bbox 2550 2813 2579 2852; x_wconf 91' lang='lat' dir='ltr'><strong>a</strong></span> <span class='ocrx_word' id='word_1_351' title='bbox 2615 2795 2959 2869; x_wconf 79' lang='lat' dir='ltr'><strong>Severianis,</strong></span> <span class='ocrx_word' id='word_1_352' title='bbox 2995 2807 3053 2851; x_wconf 92' lang='lat' dir='ltr'><strong>ut</strong></span> <span class='ocrx_word' id='word_1_353' title='bbox 3084 2807 3232 2869; x_wconf 77' lang='lat' dir='ltr'><strong>patet</strong></span> <span class='ocrx_word' id='word_1_354' title='bbox 3262 2797 3349 2851; x_wconf 76' lang='lat' dir='ltr'><strong>ex&#39;</strong></span> <span class='ocrx_word' id='word_1_355' title='bbox 3370 2795 3550 2869; x_wconf 86' lang='lat' dir='ltr'><strong>Colla-</strong></span> 
     </span>
    </p>
   </div>
   <div class='ocr_carea' id='block_1_59' title="bbox 1971 2867 3549 2937">
    <p class='ocr_par' dir='ltr' id='par_1_59' title="bbox 1971 2867 3549 2937">
     <span class='ocr_line' id='line_1_60' title="bbox 1971 2867 3549 2937; baseline -0.002 -12"><span class='ocrx_word' id='word_1_356' title='bbox 1971 2867 2120 2925; x_wconf 84' lang='lat' dir='ltr'><strong>tione</strong></span> <span class='ocrx_word' id='word_1_357' title='bbox 2152 2867 2594 2930; x_wconf 85' lang='lat' dir='ltr'><strong>Severianorum,</strong></span> <span class='ocrx_word' id='word_1_358' title='bbox 2629 2883 2734 2937; x_wconf 89' lang='lat' dir='ltr'><strong>qua</strong></span> <span class='ocrx_word' id='word_1_359' title='bbox 2775 2867 2844 2922; x_wconf 89' lang='lat' dir='ltr'><strong>de</strong></span> <span class='ocrx_word' id='word_1_360' title='bbox 2896 2883 2955 2922; x_wconf 91' lang='lat' dir='ltr'><strong>re</strong></span> <span class='ocrx_word' id='word_1_361' title='bbox 3005 2869 3057 2921; x_wconf 94' lang='lat' dir='ltr'><strong>in</strong></span> <span class='ocrx_word' id='word_1_362' title='bbox 3111 2867 3314 2922; x_wconf 80' lang='lat' dir='ltr'><strong>Monito</strong></span> <span class='ocrx_word' id='word_1_363' title='bbox 3345 2868 3549 2923; x_wconf 89' lang='lat' dir='ltr'><strong>dictum</strong></span> 
     </span>
    </p>
   </div>
   <div class='ocr_carea' id='block_1_60' title="bbox 1971 2938 3551 2994">
    <p class='ocr_par' dir='ltr' id='par_1_60' title="bbox 1971 2938 3551 2994">
     <span class='ocr_line' id='line_1_61' title="bbox 1971 2938 3551 2994; baseline -0.001 0"><span class='ocrx_word' id='word_1_364' title='bbox 1971 2949 2074 2994; x_wconf 89' lang='lat' dir='ltr'><strong>est.</strong></span> <span class='ocrx_word' id='word_1_365' title='bbox 2111 2938 2276 2994; x_wconf 81' lang='lat' dir='ltr'><strong>Recte</strong></span> <span class='ocrx_word' id='word_1_366' title='bbox 2307 2949 2488 2993; x_wconf 87' lang='lat' dir='ltr'><strong>autem</strong></span> <span class='ocrx_word' id='word_1_367' title='bbox 2520 2939 2717 2992; x_wconf 78' lang='lat' dir='ltr'><strong>Noster</strong></span> <span class='ocrx_word' id='word_1_368' title='bbox 2747 2939 2925 2992; x_wconf 88' lang='lat' dir='ltr'><strong>obiter</strong></span> <span class='ocrx_word' id='word_1_369' title='bbox 2949 2938 3152 2993; x_wconf 80' lang='lat' dir='ltr'><strong>refutat</strong></span> <span class='ocrx_word' id='word_1_370' title='bbox 3178 2938 3438 2992; x_wconf 83' lang='lat' dir='ltr'><strong>Severum</strong></span> <span class='ocrx_word' id='word_1_371' title='bbox 3466 2939 3551 2993; x_wconf 83' lang='lat' dir='ltr'><strong>di-</strong></span> 
     </span>
    </p>
   </div>
   <div class='ocr_carea' id='block_1_61' title="bbox 1971 3008 3550 3078">
    <p class='ocr_par' dir='ltr' id='par_1_61' title="bbox 1971 3008 3550 3078">
     <span class='ocr_line' id='line_1_62' title="bbox 1971 3008 3550 3078; baseline -0.001 -15"><span class='ocrx_word' id='word_1_372' title='bbox 1971 3025 2103 3063; x_wconf 91' lang='lat' dir='ltr'><strong>cens</strong></span> <span class='ocrx_word' id='word_1_373' title='bbox 2138 3027 2151 3061; x_wconf 90' lang='lat'><strong>:</strong></span> <span class='ocrx_word' id='word_1_374' title='bbox 2189 3028 2207 3060; x_wconf 79' lang='grc' dir='ltr'><strong>ι</strong></span> <span class='ocrx_word' id='word_1_375' title='bbox 2244 3008 2298 3062; x_wconf 89' lang='lat' dir='ltr'><strong>Si</strong></span> <span class='ocrx_word' id='word_1_376' title='bbox 2331 3008 2560 3078; x_wconf 90' lang='lat' dir='ltr'><strong>Cyrillus</strong></span> <span class='ocrx_word' id='word_1_377' title='bbox 2591 3008 2826 3069; x_wconf 88' lang='lat' dir='ltr'><strong>vivebat,</strong></span> <span class='ocrx_word' id='word_1_378' title='bbox 2875 3017 3169 3078; x_wconf 87' lang='lat' dir='ltr'><strong>antequam</strong></span> <span class='ocrx_word' id='word_1_379' title='bbox 3224 3019 3297 3078; x_wconf 17' lang='lat' dir='ltr'><strong>tu,</strong></span> <span class='ocrx_word' id='word_1_380' title='bbox 3326 3019 3550 3063; x_wconf 89' lang='lat' dir='ltr'><strong>naturas</strong></span> 
     </span>
    </p>
   </div>
   <div class='ocr_carea' id='block_1_62' title="bbox 1973 3077 3548 3147">
    <p class='ocr_par' dir='ltr' id='par_1_62' title="bbox 1973 3077 3548 3147">
     <span class='ocr_line' id='line_1_63' title="bbox 1973 3077 3548 3147; baseline 0.002 -16"><span class='ocrx_word' id='word_1_381' title='bbox 1973 3079 2224 3144; x_wconf 85' lang='lat' dir='ltr'><strong>miscere,</strong></span> <span class='ocrx_word' id='word_1_382' title='bbox 2251 3087 2305 3132; x_wconf 91' lang='lat' dir='ltr'><strong>et</strong></span> <span class='ocrx_word' id='word_1_383' title='bbox 2332 3077 2659 3132; x_wconf 82' lang='lat' dir='ltr'><strong>conturbare</strong></span> <span class='ocrx_word' id='word_1_384' title='bbox 2689 3077 3036 3140; x_wconf 30' lang='lat' dir='ltr'><strong>institueres,’</strong></span> <span class='ocrx_word' id='word_1_385' title='bbox 3067 3077 3339 3147; x_wconf 90' lang='lat' dir='ltr'><strong>quomodo</strong></span> <span class='ocrx_word' id='word_1_386' title='bbox 3371 3086 3548 3134; x_wconf 90' lang='lat' dir='ltr'><strong>tecum</strong></span> 
     </span>
    </p>
   </div>
   <div class='ocr_carea' id='block_1_63' title="bbox 1972 3147 3547 3216">
    <p class='ocr_par' dir='ltr' id='par_1_63' title="bbox 1972 3147 3547 3216">
     <span class='ocr_line' id='line_1_64' title="bbox 1972 3147 3547 3216; baseline 0.001 -15"><span class='ocrx_word' id='word_1_387' title='bbox 1972 3148 2080 3207; x_wconf 90' lang='lat' dir='ltr'><strong>ille.</strong></span> <span class='ocrx_word' id='word_1_388' title='bbox 2114 3157 2208 3202; x_wconf 90' lang='lat' dir='ltr'><strong>aut</strong></span> <span class='ocrx_word' id='word_1_389' title='bbox 2259 3157 2314 3202; x_wconf 92' lang='lat' dir='ltr'><strong>tu</strong></span> <span class='ocrx_word' id='word_1_390' title='bbox 2347 3163 2469 3202; x_wconf 90' lang='lat' dir='ltr'><strong>cum</strong></span> <span class='ocrx_word' id='word_1_391' title='bbox 2519 3147 2610 3200; x_wconf 90' lang='lat' dir='ltr'><strong>illo</strong></span> <span class='ocrx_word' id='word_1_392' title='bbox 2653 3155 2807 3216; x_wconf 89' lang='lat' dir='ltr'><strong>potes</strong></span> <span class='ocrx_word' id='word_1_393' title='bbox 2835 3149 3190 3202; x_wconf 88' lang='lat' dir='ltr'><strong>consentire?</strong></span> <span class='ocrx_word' id='word_1_394' title='bbox 3219 3167 3237 3199; x_wconf 76' lang='grc' dir='ltr'><strong>ι</strong></span> <span class='ocrx_word' id='word_1_395' title='bbox 3280 3149 3370 3203; x_wconf 84' lang='lat' dir='ltr'><strong>Sic</strong></span> <span class='ocrx_word' id='word_1_396' title='bbox 3402 3151 3547 3204; x_wconf 86' lang='lat' dir='ltr'><strong>enim</strong></span> 
     </span>
    </p>
   </div>
   <div class='ocr_carea' id='block_1_64' title="bbox 284 3217 3547 3290">
    <p class='ocr_par' dir='ltr' id='par_1_64' title="bbox 284 3217 3547 3290">
     <span class='ocr_line' id='line_1_65' title="bbox 284 3217 3547 3290; baseline 0 -19"><span class='ocrx_word' id='word_1_397' title='bbox 284 3220 665 3285; x_wconf 83' lang='lat' dir='ltr'><strong>confitebatur,</strong></span> <span class='ocrx_word' id='word_1_398' title='bbox 705 3219 953 3290; x_wconf 76' lang='lat' dir='ltr'><strong>quamvis</strong></span> <span class='ocrx_word' id='word_1_399' title='bbox 997 3219 1224 3290; x_wconf 87' lang='lat' dir='ltr'><strong>multum</strong></span> <span class='ocrx_word' id='word_1_400' title='bbox 1276 3217 1574 3290; x_wconf 73' lang='lat' dir='ltr'><strong>ingeniose,</strong></span> <span class='ocrx_word' id='word_1_401' title='bbox 1619 3227 1676 3290; x_wconf 81' lang='lat' dir='ltr'><strong>et</strong></span> <span class='ocrx_word' id='word_1_402' title='bbox 1704 3228 1862 3290; x_wconf 84' lang='lat' dir='ltr'><strong>acute</strong></span> <span class='ocrx_word' id='word_1_403' title='bbox 1890 3217 1932 3275; x_wconf 88' lang='lat' dir='ltr'><strong>C</strong></span> <span class='ocrx_word' id='word_1_404' title='bbox 1973 3218 2212 3290; x_wconf 80' lang='lat' dir='ltr'><strong>intelligo</strong></span> <span class='ocrx_word' id='word_1_405' title='bbox 2249 3217 2622 3290; x_wconf 6' lang='lat' dir='ltr'><strong>versumglli,</strong></span> <span class='ocrx_word' id='word_1_406' title='bbox 2652 3217 2957 3286; x_wconf 82' lang='lat' dir='ltr'><strong>supplendo</strong></span> <span class='ocrx_word' id='word_1_407' title='bbox 2986 3218 3216 3286; x_wconf 76' lang='grc' dir='ltr'>ἐδίωσε,</span> <span class='ocrx_word' id='word_1_408' title='bbox 3258 3219 3343 3273; x_wconf 91' lang='lat' dir='ltr'><strong>vel</strong></span> <span class='ocrx_word' id='word_1_409' title='bbox 3377 3219 3547 3290; x_wconf 79' lang='grc' dir='ltr'>ἔγρα-</span> 
     </span>
    </p>
   </div>
   <div class='ocr_carea' id='block_1_65' title="bbox 283 3287 1863 3359">
    <p class='ocr_par' dir='ltr' id='par_1_65' title="bbox 283 3287 1863 3359">
     <span class='ocr_line' id='line_1_66' title="bbox 283 3287 1863 3359; baseline 0.001 -17"><span class='ocrx_word' id='word_1_410' title='bbox 283 3290 370 3343; x_wconf 88' lang='lat' dir='ltr'><strong>vir</strong></span> <span class='ocrx_word' id='word_1_411' title='bbox 395 3290 674 3359; x_wconf 87' lang='lat' dir='ltr'><strong>eloquens.</strong></span> <span class='ocrx_word' id='word_1_412' title='bbox 696 3287 748 3345; x_wconf 77' lang='lat' dir='ltr'><strong>et</strong></span> <span class='ocrx_word' id='word_1_413' title='bbox 781 3291 973 3344; x_wconf 87' lang='lat' dir='ltr'><strong>doctus</strong></span> <span class='ocrx_word' id='word_1_414' title='bbox 997 3305 1026 3344; x_wconf 90' lang='lat' dir='ltr'><strong>a</strong></span> <span class='ocrx_word' id='word_1_415' title='bbox 1059 3287 1524 3359; x_wconf 58' lang='lat' dir='ltr'><strong>divisione,&#39;quam</strong></span> <span class='ocrx_word' id='word_1_416' title='bbox 1553 3287 1863 3359; x_wconf 87' lang='lat' dir='ltr'><strong>inducebat,</strong></span> 
     </span>
    </p>
   </div>
   <div class='ocr_carea' id='block_1_66' title="bbox 284 3358 1862 3428">
    <p class='ocr_par' dir='ltr' id='par_1_66' title="bbox 284 3358 1862 3428">
     <span class='ocr_line' id='line_1_67' title="bbox 284 3358 1862 3428; baseline 0.001 -16"><span class='ocrx_word' id='word_1_417' title='bbox 284 3358 520 3414; x_wconf 83' lang='lat' dir='ltr'><strong>alienum</strong></span> <span class='ocrx_word' id='word_1_418' title='bbox 568 3377 626 3415; x_wconf 89' lang='lat' dir='ltr'><strong>se</strong></span> <span class='ocrx_word' id='word_1_419' title='bbox 661 3361 950 3414; x_wconf 74' lang='lat' dir='ltr'><strong>ostendere</strong></span> <span class='ocrx_word' id='word_1_420' title='bbox 985 3360 1306 3414; x_wconf 85' lang='lat' dir='ltr'><strong>conabatur.</strong></span> <span class='ocrx_word' id='word_1_421' title='bbox 1342 3358 1540 3413; x_wconf 89' lang='lat' dir='ltr'><strong>Contra</strong></span> <span class='ocrx_word' id='word_1_422' title='bbox 1570 3358 1862 3428; x_wconf 88' lang='lat' dir='ltr'><strong>Eutyches,</strong></span> 
     </span>
    </p>
   </div>
   <div class='ocr_carea' id='block_1_67' title="bbox 284 3428 1866 3498">
    <p class='ocr_par' dir='ltr' id='par_1_67' title="bbox 284 3428 1866 3498">
     <span class='ocr_line' id='line_1_68' title="bbox 284 3428 1866 3498; baseline 0.001 -16"><span class='ocrx_word' id='word_1_423' title='bbox 284 3445 354 3483; x_wconf 89' lang='lat' dir='ltr'><strong>ne</strong></span> <span class='ocrx_word' id='word_1_424' title='bbox 387 3431 522 3486; x_wconf 91' lang='lat' dir='ltr'><strong>duas</strong></span> <span class='ocrx_word' id='word_1_425' title='bbox 550 3432 604 3485; x_wconf 92' lang='lat' dir='ltr'><strong>in</strong></span> <span class='ocrx_word' id='word_1_426' title='bbox 629 3431 846 3486; x_wconf 86' lang='lat' dir='ltr'><strong>Christo</strong></span> <span class='ocrx_word' id='word_1_427' title='bbox 872 3445 1130 3498; x_wconf 85' lang='lat' dir='ltr'><strong>personas</strong></span> <span class='ocrx_word' id='word_1_428' title='bbox 1151 3444 1274 3484; x_wconf 91' lang='lat' dir='ltr'><strong>cum</strong></span> <span class='ocrx_word' id='word_1_429' title='bbox 1300 3428 1552 3484; x_wconf 91' lang='lat' dir='ltr'><strong>Nestorio</strong></span> <span class='ocrx_word' id='word_1_430' title='bbox 1581 3438 1866 3497; x_wconf 90' lang='lat' dir='ltr'><strong>putaretur</strong></span> 
     </span>
    </p>
   </div>
   <div class='ocr_carea' id='block_1_68' title="bbox 282 3499 1864 3562">
    <p class='ocr_par' dir='ltr' id='par_1_68' title="bbox 282 3499 1864 3562">
     <span class='ocr_line' id='line_1_69' title="bbox 282 3499 1864 3562; baseline 0.001 -9"><span class='ocrx_word' id='word_1_431' title='bbox 282 3501 542 3562; x_wconf 83' lang='lat' dir='ltr'><strong>dividere.</strong></span> <span class='ocrx_word' id='word_1_432' title='bbox 566 3517 725 3556; x_wconf 91' lang='lat' dir='ltr'><strong>unam</strong></span> <span class='ocrx_word' id='word_1_433' title='bbox 753 3517 816 3555; x_wconf 86' lang='lat' dir='ltr'><strong>ex</strong></span> <span class='ocrx_word' id='word_1_434' title='bbox 848 3501 1060 3555; x_wconf 89' lang='lat' dir='ltr'><strong>duabus</strong></span> <span class='ocrx_word' id='word_1_435' title='bbox 1079 3509 1325 3553; x_wconf 89' lang='lat' dir='ltr'><strong>naturam</strong></span> <span class='ocrx_word' id='word_1_436' title='bbox 1357 3499 1652 3561; x_wconf 87' lang='lat' dir='ltr'><strong>asserebat,</strong></span> <span class='ocrx_word' id='word_1_437' title='bbox 1677 3515 1864 3554; x_wconf 85' lang='lat' dir='ltr'><strong>unum-</strong></span> 
     </span>
    </p>
   </div>
   <div class='ocr_carea' id='block_1_69' title="bbox 283 3569 1859 3642">
    <p class='ocr_par' dir='ltr' id='par_1_69' title="bbox 283 3569 1859 3642">
     <span class='ocr_line' id='line_1_70' title="bbox 283 3569 1859 3642; baseline 0.003 -22"><span class='ocrx_word' id='word_1_438' title='bbox 283 3580 473 3642; x_wconf 17' lang='lat' dir='ltr'><strong>queiet</strong></span> <span class='ocrx_word' id='word_1_439' title='bbox 516 3571 656 3626; x_wconf 85' lang='lat' dir='ltr'><strong>idem</strong></span> <span class='ocrx_word' id='word_1_440' title='bbox 691 3581 958 3633; x_wconf 91' lang='lat' dir='ltr'><strong>naturam,</strong></span> <span class='ocrx_word' id='word_1_441' title='bbox 989 3580 1042 3624; x_wconf 90' lang='lat' dir='ltr'><strong>et</strong></span> <span class='ocrx_word' id='word_1_442' title='bbox 1088 3570 1416 3642; x_wconf 74' lang='lat' dir='ltr'><strong>hypostasim</strong></span> <span class='ocrx_word' id='word_1_443' title='bbox 1462 3584 1598 3642; x_wconf 75' lang='lat' dir='ltr'><strong>esse</strong></span> <span class='ocrx_word' id='word_1_444' title='bbox 1624 3569 1859 3626; x_wconf 88' lang='lat' dir='ltr'><strong>dicebat.</strong></span> 
     </span>
    </p>
   </div>
   <div class='ocr_carea' id='block_1_70' title="bbox 285 3638 1863 3710">
    <p class='ocr_par' dir='ltr' id='par_1_70' title="bbox 285 3638 1863 3710">
     <span class='ocr_line' id='line_1_71' title="bbox 285 3638 1863 3710; baseline 0.002 -18"><span class='ocrx_word' id='word_1_445' title='bbox 285 3638 421 3694; x_wconf 87' lang='lat' dir='ltr'><strong>Illud</strong></span> <span class='ocrx_word' id='word_1_446' title='bbox 467 3643 611 3696; x_wconf 89' lang='lat' dir='ltr'><strong>enim</strong></span> <span class='ocrx_word' id='word_1_447' title='bbox 645 3646 858 3696; x_wconf 80' lang='lat' dir='ltr'><strong>firmum</strong></span> <span class='ocrx_word' id='word_1_448' title='bbox 886 3682 900 3706; x_wconf 91' lang='lat'><strong>,</strong></span> <span class='ocrx_word' id='word_1_449' title='bbox 931 3638 1218 3710; x_wconf 85' lang='lat' dir='ltr'><strong>ratumque</strong></span> <span class='ocrx_word' id='word_1_450' title='bbox 1258 3641 1528 3703; x_wconf 82' lang='lat' dir='ltr'><strong>habebat,</strong></span> <span class='ocrx_word' id='word_1_451' title='bbox 1570 3638 1645 3703; x_wconf 87' lang='grc' dir='ltr'><strong>ὼς</strong></span> <span class='ocrx_word' id='word_1_452' title='bbox 1674 3641 1863 3696; x_wconf 76' lang='grc' dir='ltr'>οὐκέτι</span> 
     </span>
    </p>
   </div>
   <div class='ocr_carea' id='block_1_71' title="bbox 284 3710 1864 3782">
    <p class='ocr_par' dir='ltr' id='par_1_71' title="bbox 284 3710 1864 3782">
     <span class='ocr_line' id='line_1_72' title="bbox 284 3710 1864 3782; baseline 0.002 -19"><span class='ocrx_word' id='word_1_453' title='bbox 284 3710 441 3780; x_wconf 77' lang='grc' dir='ltr'>φύσις</span> <span class='ocrx_word' id='word_1_454' title='bbox 474 3712 860 3782; x_wconf 76' lang='grc' dir='ltr'>ἀνυπόστατος.</span> <span class='ocrx_word' id='word_1_455' title='bbox 899 3711 1101 3782; x_wconf 74' lang='lat' dir='ltr'><strong>nullum</strong></span> <span class='ocrx_word' id='word_1_456' title='bbox 1131 3727 1240 3782; x_wconf 74' lang='lat' dir='ltr'><strong>esse</strong></span> <span class='ocrx_word' id='word_1_457' title='bbox 1264 3720 1516 3782; x_wconf 78' lang='lat' dir='ltr'><strong>naturam</strong></span> <span class='ocrx_word' id='word_1_458' title='bbox 1545 3711 1658 3782; x_wconf 67' lang='lat' dir='ltr'><strong>sine</strong></span> <span class='ocrx_word' id='word_1_459' title='bbox 1698 3714 1864 3782; x_wconf 78' lang='lat' dir='ltr'><strong>hypo-</strong></span> 
     </span>
    </p>
   </div>
   <div class='ocr_carea' id='block_1_72' title="bbox 282 3780 1863 3852">
    <p class='ocr_par' dir='ltr' id='par_1_72' title="bbox 282 3780 1863 3852">
     <span class='ocr_line' id='line_1_73' title="bbox 282 3780 1863 3852; baseline 0.003 -19"><span class='ocrx_word' id='word_1_460' title='bbox 282 3782 430 3834; x_wconf 75' lang='lat' dir='ltr'><strong>stasi.</strong></span> <span class='ocrx_word' id='word_1_461' title='bbox 463 3781 655 3852; x_wconf 27' lang='lat' dir='ltr'><strong>Algitur</strong></span> <span class='ocrx_word' id='word_1_462' title='bbox 691 3781 962 3851; x_wconf 82' lang='lat' dir='ltr'><strong>Eutyches</strong></span> <span class='ocrx_word' id='word_1_463' title='bbox 999 3781 1405 3852; x_wconf 83' lang='lat' dir='ltr'><strong>Nestorianismi</strong></span> <span class='ocrx_word' id='word_1_464' title='bbox 1459 3797 1581 3835; x_wconf 91' lang='lat' dir='ltr'><strong>reos</strong></span> <span class='ocrx_word' id='word_1_465' title='bbox 1631 3780 1863 3838; x_wconf 80' lang='lat' dir='ltr'><strong>faciebat</strong></span> 
     </span>
    </p>
   </div>
   <div class='ocr_carea' id='block_1_73' title="bbox 282 3850 1862 3920">
    <p class='ocr_par' dir='ltr' id='par_1_73' title="bbox 282 3850 1862 3920">
     <span class='ocr_line' id='line_1_74' title="bbox 282 3850 1862 3920; baseline 0 -16"><span class='ocrx_word' id='word_1_466' title='bbox 282 3850 618 3907; x_wconf 72' lang='lat' dir='ltr'><strong>orthodoitos</strong></span> <span class='ocrx_word' id='word_1_467' title='bbox 644 3891 658 3908; x_wconf 94' lang='lat'><strong>.</strong></span> <span class='ocrx_word' id='word_1_468' title='bbox 690 3850 831 3920; x_wconf 83' lang='lat' dir='ltr'><strong>quod</strong></span> <span class='ocrx_word' id='word_1_469' title='bbox 868 3852 1003 3905; x_wconf 86' lang='lat' dir='ltr'><strong>duas</strong></span> <span class='ocrx_word' id='word_1_470' title='bbox 1043 3861 1266 3904; x_wconf 89' lang='lat' dir='ltr'><strong>naturas</strong></span> <span class='ocrx_word' id='word_1_471' title='bbox 1315 3850 1659 3920; x_wconf 72' lang='lat' dir='ltr'><strong>admittentes</strong></span> <span class='ocrx_word' id='word_1_472' title='bbox 1703 3852 1862 3904; x_wconf 88' lang='lat' dir='ltr'><strong>Chri-</strong></span> 
     </span>
    </p>
   </div>
   <div class='ocr_carea' id='block_1_74' title="bbox 285 3918 1864 3988">
    <p class='ocr_par' dir='ltr' id='par_1_74' title="bbox 285 3918 1864 3988">
     <span class='ocr_line' id='line_1_75' title="bbox 285 3918 1864 3988; baseline -0.001 -12"><span class='ocrx_word' id='word_1_473' title='bbox 285 3930 428 3976; x_wconf 89' lang='lat' dir='ltr'><strong>stum</strong></span> <span class='ocrx_word' id='word_1_474' title='bbox 477 3937 600 3976; x_wconf 91' lang='lat' dir='ltr'><strong>cum</strong></span> <span class='ocrx_word' id='word_1_475' title='bbox 653 3918 989 3978; x_wconf 80' lang='lat' dir='ltr'><strong>Nestorianis</strong></span> <span class='ocrx_word' id='word_1_476' title='bbox 1033 3921 1358 3977; x_wconf 84' lang='lat' dir='ltr'><strong>dividerent.</strong></span> <span class='ocrx_word' id='word_1_477' title='bbox 1395 3918 1548 3986; x_wconf 87' lang='lat' dir='ltr'><strong>Quod</strong></span> <span class='ocrx_word' id='word_1_478' title='bbox 1581 3919 1740 3988; x_wconf 87' lang='lat' dir='ltr'><strong>plane</strong></span> <span class='ocrx_word' id='word_1_479' title='bbox 1771 3938 1864 3975; x_wconf 88' lang='lat' dir='ltr'><strong>ve-</strong></span> 
     </span>
    </p>
   </div>
   <div class='ocr_carea' id='block_1_75' title="bbox 286 3989 1861 4059">
    <p class='ocr_par' dir='ltr' id='par_1_75' title="bbox 286 3989 1861 4059">
     <span class='ocr_line' id='line_1_76' title="bbox 286 3989 1861 4059; baseline 0 -13"><span class='ocrx_word' id='word_1_480' title='bbox 286 3992 664 4055; x_wconf 78' lang='lat' dir='ltr'><strong>rum&quot;fuisset,</strong></span> <span class='ocrx_word' id='word_1_481' title='bbox 699 3993 743 4047; x_wconf 92' lang='lat' dir='ltr'><strong>si</strong></span> <span class='ocrx_word' id='word_1_482' title='bbox 773 3994 1056 4047; x_wconf 75' lang='lat' dir='ltr'><strong>orthodoxi</strong></span> <span class='ocrx_word' id='word_1_483' title='bbox 1096 4007 1218 4048; x_wconf 92' lang='lat' dir='ltr'><strong>cum</strong></span> <span class='ocrx_word' id='word_1_484' title='bbox 1267 3989 1606 4046; x_wconf 82' lang='lat' dir='ltr'><strong>Nestorianis</strong></span> <span class='ocrx_word' id='word_1_485' title='bbox 1637 4006 1732 4059; x_wconf 85' lang='lat' dir='ltr'><strong>pro</strong></span> <span class='ocrx_word' id='word_1_486' title='bbox 1763 4007 1861 4046; x_wconf 90' lang='lat' dir='ltr'><strong>na-</strong></span> 
     </span>
    </p>
   </div>
   <div class='ocr_carea' id='block_1_76' title="bbox 286 4061 1861 4134">
    <p class='ocr_par' dir='ltr' id='par_1_76' title="bbox 286 4061 1861 4134">
     <span class='ocr_line' id='line_1_77' title="bbox 286 4061 1861 4134; baseline 0 -18"><span class='ocrx_word' id='word_1_487' title='bbox 286 4063 424 4134; x_wconf 87' lang='lat' dir='ltr'><strong>turis</strong></span> <span class='ocrx_word' id='word_1_488' title='bbox 475 4065 792 4134; x_wconf 84' lang='lat' dir='ltr'><strong>hypostases</strong></span> <span class='ocrx_word' id='word_1_489' title='bbox 837 4064 1324 4134; x_wconf 53' lang='lat' dir='ltr'><strong>accepissent,ch</strong></span> <span class='ocrx_word' id='word_1_490' title='bbox 1353 4077 1476 4116; x_wconf 90' lang='lat' dir='ltr'><strong>cum</strong></span> <span class='ocrx_word' id='word_1_491' title='bbox 1509 4061 1861 4131; x_wconf 67' lang='lat' dir='ltr'><strong>liutycbianis</strong></span> 
     </span>
    </p>
   </div>
   <div class='ocr_carea' id='block_1_77' title="bbox 286 4132 1419 4204">
    <p class='ocr_par' dir='ltr' id='par_1_77' title="bbox 286 4132 1419 4204">
     <span class='ocr_line' id='line_1_78' title="bbox 286 4132 1419 4204; baseline -0.001 -17"><span class='ocrx_word' id='word_1_492' title='bbox 286 4132 617 4204; x_wconf 80' lang='lat' dir='ltr'><strong>hypostasim</strong></span> <span class='ocrx_word' id='word_1_493' title='bbox 650 4149 774 4204; x_wconf 79' lang='lat' dir='ltr'><strong>cum</strong></span> <span class='ocrx_word' id='word_1_494' title='bbox 801 4132 991 4188; x_wconf 85' lang='lat' dir='ltr'><strong>natura</strong></span> <span class='ocrx_word' id='word_1_495' title='bbox 1023 4132 1419 4204; x_wconf 53' lang='lat' dir='ltr'><strong>confugissent.</strong></span> 
     </span>
    </p>
   </div>
   <div class='ocr_carea' id='block_1_78' title="bbox 356 4201 1857 4272">
    <p class='ocr_par' dir='ltr' id='par_1_78' title="bbox 356 4201 1857 4272">
     <span class='ocr_line' id='line_1_79' title="bbox 356 4201 1857 4272; baseline -0.001 -15"><span class='ocrx_word' id='word_1_496' title='bbox 356 4201 478 4258; x_wconf 81' lang='grc'><strong>109.</strong></span> <span class='ocrx_word' id='word_1_497' title='bbox 520 4204 688 4258; x_wconf 82' lang='lat' dir='ltr'><strong>Recte</strong></span> <span class='ocrx_word' id='word_1_498' title='bbox 732 4203 1038 4258; x_wconf 83' lang='lat' dir='ltr'><strong>Nestorium</strong></span> <span class='ocrx_word' id='word_1_499' title='bbox 1081 4212 1136 4256; x_wconf 92' lang='lat' dir='ltr'><strong>et</strong></span> <span class='ocrx_word' id='word_1_500' title='bbox 1167 4201 1463 4272; x_wconf 86' lang='lat' dir='ltr'><strong>Eutychem</strong></span> <span class='ocrx_word' id='word_1_501' title='bbox 1501 4203 1772 4261; x_wconf 87' lang='lat' dir='ltr'><strong>hortatur,</strong></span> <span class='ocrx_word' id='word_1_502' title='bbox 1800 4208 1857 4256; x_wconf 77' lang='lat' dir='ltr'><strong>ut</strong></span> 
     </span>
    </p>
   </div>
   <div class='ocr_carea' id='block_1_79' title="bbox 284 4271 1854 4342">
    <p class='ocr_par' dir='ltr' id='par_1_79' title="bbox 284 4271 1854 4342">
     <span class='ocr_line' id='line_1_80' title="bbox 284 4271 1854 4342; baseline 0 -17"><span class='ocrx_word' id='word_1_503' title='bbox 284 4271 340 4326; x_wconf 91' lang='lat' dir='ltr'><strong>in</strong></span> <span class='ocrx_word' id='word_1_504' title='bbox 371 4282 577 4328; x_wconf 86' lang='lat' dir='ltr'><strong>rectum</strong></span> <span class='ocrx_word' id='word_1_505' title='bbox 610 4274 734 4340; x_wconf 90' lang='lat' dir='ltr'><strong>iter,</strong></span> <span class='ocrx_word' id='word_1_506' title='bbox 776 4273 918 4342; x_wconf 91' lang='lat' dir='ltr'><strong>quod</strong></span> <span class='ocrx_word' id='word_1_507' title='bbox 949 4282 1034 4327; x_wconf 90' lang='lat' dir='ltr'><strong>est</strong></span> <span class='ocrx_word' id='word_1_508' title='bbox 1064 4273 1116 4325; x_wconf 92' lang='lat' dir='ltr'><strong>in</strong></span> <span class='ocrx_word' id='word_1_509' title='bbox 1151 4273 1328 4342; x_wconf 75' lang='lat' dir='ltr'><strong>medio</strong></span> <span class='ocrx_word' id='word_1_510' title='bbox 1371 4273 1628 4342; x_wconf 90' lang='lat' dir='ltr'><strong>positum,</strong></span> <span class='ocrx_word' id='word_1_511' title='bbox 1674 4286 1854 4326; x_wconf 85' lang='lat' dir='ltr'><strong>rever-</strong></span> 
     </span>
    </p>
   </div>
   <div class='ocr_carea' id='block_1_80' title="bbox 283 4341 1858 4412">
    <p class='ocr_par' dir='ltr' id='par_1_80' title="bbox 283 4341 1858 4412">
     <span class='ocr_line' id='line_1_81' title="bbox 283 4341 1858 4412; baseline 0.001 -18"><span class='ocrx_word' id='word_1_512' title='bbox 283 4349 490 4396; x_wconf 88' lang='lat' dir='ltr'><strong>tantur.</strong></span> <span class='ocrx_word' id='word_1_513' title='bbox 519 4343 752 4398; x_wconf 85' lang='lat' dir='ltr'><strong>Medium</strong></span> <span class='ocrx_word' id='word_1_514' title='bbox 796 4341 950 4397; x_wconf 82' lang='lat' dir='ltr'><strong>enim</strong></span> <span class='ocrx_word' id='word_1_515' title='bbox 999 4343 1140 4396; x_wconf 90' lang='lat' dir='ltr'><strong>inter</strong></span> <span class='ocrx_word' id='word_1_516' title='bbox 1196 4341 1572 4396; x_wconf 86' lang='lat' dir='ltr'><strong>Nestorianam</strong></span> <span class='ocrx_word' id='word_1_517' title='bbox 1603 4351 1658 4396; x_wconf 92' lang='lat' dir='ltr'><strong>et</strong></span> <span class='ocrx_word' id='word_1_518' title='bbox 1689 4342 1858 4412; x_wconf 87' lang='lat' dir='ltr'><strong>Euty-</strong></span> 
     </span>
    </p>
   </div>
   <div class='ocr_carea' id='block_1_81' title="bbox 282 4412 1857 4482">
    <p class='ocr_par' dir='ltr' id='par_1_81' title="bbox 282 4412 1857 4482">
     <span class='ocr_line' id='line_1_82' title="bbox 282 4412 1857 4482; baseline 0.001 -18"><span class='ocrx_word' id='word_1_519' title='bbox 282 4412 530 4466; x_wconf 86' lang='lat' dir='ltr'><strong>chianam</strong></span> <span class='ocrx_word' id='word_1_520' title='bbox 582 4413 905 4467; x_wconf 89' lang='lat' dir='ltr'><strong>sententiam</strong></span> <span class='ocrx_word' id='word_1_521' title='bbox 955 4422 1063 4468; x_wconf 87' lang='lat' dir='ltr'><strong>stat</strong></span> <span class='ocrx_word' id='word_1_522' title='bbox 1104 4413 1434 4467; x_wconf 87' lang='lat' dir='ltr'><strong>catholicum</strong></span> <span class='ocrx_word' id='word_1_523' title='bbox 1483 4413 1695 4482; x_wconf 85' lang='lat' dir='ltr'><strong>dogma,</strong></span> <span class='ocrx_word' id='word_1_524' title='bbox 1748 4427 1857 4482; x_wconf 91' lang='lat' dir='ltr'><strong>quo</strong></span> 
     </span>
    </p>
   </div>
   <div class='ocr_carea' id='block_1_82' title="bbox 283 4482 1852 4553">
    <p class='ocr_par' dir='ltr' id='par_1_82' title="bbox 283 4482 1852 4553">
     <span class='ocr_line' id='line_1_83' title="bbox 283 4482 1852 4553; baseline 0 -18"><span class='ocrx_word' id='word_1_525' title='bbox 283 4496 392 4553; x_wconf 86' lang='lat' dir='ltr'><strong>non</strong></span> <span class='ocrx_word' id='word_1_526' title='bbox 426 4482 547 4553; x_wconf 66' lang='lat' dir='ltr'><strong>duae</strong></span> <span class='ocrx_word' id='word_1_527' title='bbox 592 4483 930 4553; x_wconf 89' lang='lat' dir='ltr'><strong>hypostases,</strong></span> <span class='ocrx_word' id='word_1_528' title='bbox 961 4497 1065 4536; x_wconf 91' lang='lat' dir='ltr'><strong>nec</strong></span> <span class='ocrx_word' id='word_1_529' title='bbox 1109 4498 1216 4553; x_wconf 84' lang='lat' dir='ltr'><strong>una</strong></span> <span class='ocrx_word' id='word_1_530' title='bbox 1265 4498 1328 4553; x_wconf 60' lang='lat' dir='ltr'><strong>ex</strong></span> <span class='ocrx_word' id='word_1_531' title='bbox 1378 4483 1592 4536; x_wconf 90' lang='lat' dir='ltr'><strong>duabus</strong></span> <span class='ocrx_word' id='word_1_532' title='bbox 1621 4491 1852 4543; x_wconf 88' lang='lat' dir='ltr'><strong>.natura,</strong></span> 
     </span>
    </p>
   </div>
   <div class='ocr_carea' id='block_1_83' title="bbox 282 4551 3075 4616">
    <p class='ocr_par' dir='ltr' id='par_1_83' title="bbox 282 4551 3075 4616">
     <span class='ocr_line' id='line_1_84' title="bbox 282 4551 3075 4616; baseline 0 -12"><span class='ocrx_word' id='word_1_533' title='bbox 282 4552 377 4605; x_wconf 87' lang='lat' dir='ltr'><strong>sed</strong></span> <span class='ocrx_word' id='word_1_534' title='bbox 409 4552 529 4607; x_wconf 73' lang='lat' dir='ltr'><strong>duae</strong></span> <span class='ocrx_word' id='word_1_535' title='bbox 555 4551 766 4608; x_wconf 73' lang='lat' dir='ltr'><strong>natura:</strong></span> <span class='ocrx_word' id='word_1_536' title='bbox 801 4551 1178 4616; x_wconf 81' lang='grc' dir='ltr'>ὑποστατικῶς</span> <span class='ocrx_word' id='word_1_537' title='bbox 1213 4553 1270 4606; x_wconf 89' lang='lat' dir='ltr'><strong>in</strong></span> <span class='ocrx_word' id='word_1_538' title='bbox 1296 4551 1516 4607; x_wconf 89' lang='lat' dir='ltr'><strong>Christo</strong></span> <span class='ocrx_word' id='word_1_539' title='bbox 1560 4552 1693 4607; x_wconf 90' lang='lat' dir='ltr'><strong>citra</strong></span> <span class='ocrx_word' id='word_1_540' title='bbox 1722 4568 1856 4606; x_wconf 89' lang='lat' dir='ltr'><strong>con-</strong></span> <span class='ocrx_word' id='word_1_541' title='bbox 1891 4562 1934 4616; x_wconf 87' lang='lat'><strong>1)</strong></span> <span class='ocrx_word' id='word_1_542' title='bbox 1963 4553 2225 4607; x_wconf 79' lang='lat' dir='ltr'><strong>doxorunl</strong></span> <span class='ocrx_word' id='word_1_543' title='bbox 2275 4553 2494 4606; x_wconf 89' lang='lat' dir='ltr'><strong>Patrum</strong></span> <span class='ocrx_word' id='word_1_544' title='bbox 2543 4553 2794 4610; x_wconf 89' lang='lat' dir='ltr'><strong>laudibus</strong></span> <span class='ocrx_word' id='word_1_545' title='bbox 2843 4551 3024 4606; x_wconf 80' lang='lat' dir='ltr'><strong>efferri</strong></span> <span class='ocrx_word' id='word_1_546' title='bbox 3061 4593 3075 4616; x_wconf 95' lang='lat'><strong>,</strong></span> 
     </span>
    </p>
   </div>
   <div class='ocr_carea' id='block_1_84' title="bbox 283 4619 1855 4692">
    <p class='ocr_par' dir='ltr' id='par_1_84' title="bbox 283 4619 1855 4692">
     <span class='ocr_line' id='line_1_85' title="bbox 283 4619 1855 4692; baseline 0 -18"><span class='ocrx_word' id='word_1_547' title='bbox 283 4619 552 4692; x_wconf 81' lang='lat' dir='ltr'><strong>fusionem</strong></span> <span class='ocrx_word' id='word_1_548' title='bbox 603 4622 770 4678; x_wconf 58' lang='lat' dir='ltr'><strong>unitas</strong></span> <span class='ocrx_word' id='word_1_549' title='bbox 820 4623 1163 4692; x_wconf 80' lang='lat' dir='ltr'><strong>profitentur.</strong></span> <span class='ocrx_word' id='word_1_550' title='bbox 1218 4623 1536 4676; x_wconf 84' lang='lat' dir='ltr'><strong>Anastasius</strong></span> <span class='ocrx_word' id='word_1_551' title='bbox 1589 4622 1645 4676; x_wconf 92' lang='lat' dir='ltr'><strong>in</strong></span> <span class='ocrx_word' id='word_1_552' title='bbox 1697 4622 1855 4692; x_wconf 79' lang='grc' dir='ltr'>Ὦδη-</span> 
     </span>
    </p>
   </div>
   <div class='ocr_carea' id='block_1_85' title="bbox 280 4690 1851 4764">
    <p class='ocr_par' dir='ltr' id='par_1_85' title="bbox 280 4690 1851 4764">
     <span class='ocr_line' id='line_1_86' title="bbox 280 4690 1851 4764; baseline 0.001 -18"><span class='ocrx_word' id='word_1_553' title='bbox 280 4690 384 4764; x_wconf 74' lang='grc' dir='ltr'>’[ᾠ,</span> <span class='ocrx_word' id='word_1_554' title='bbox 421 4708 553 4764; x_wconf 85' lang='lat' dir='ltr'><strong>pag.</strong></span> <span class='ocrx_word' id='word_1_555' title='bbox 584 4693 761 4764; x_wconf 16' lang='lat' dir='ltr'><strong>64,7et</strong></span> <span class='ocrx_word' id='word_1_556' title='bbox 804 4690 1025 4764; x_wconf 77' lang='lat' dir='ltr'><strong>sanctus</strong></span> <span class='ocrx_word' id='word_1_557' title='bbox 1053 4693 1211 4746; x_wconf 83' lang='lat' dir='ltr'><strong>Joan.</strong></span> <span class='ocrx_word' id='word_1_558' title='bbox 1238 4693 1603 4764; x_wconf 86' lang='lat' dir='ltr'><strong>Damascenns</strong></span> <span class='ocrx_word' id='word_1_559' title='bbox 1628 4733 1640 4752; x_wconf 88' lang='lat'><strong>.</strong></span> <span class='ocrx_word' id='word_1_560' title='bbox 1675 4690 1851 4748; x_wconf 76' lang='lat' dir='ltr'><strong>Contr.</strong></span> 
     </span>
    </p>
   </div>
   <div class='ocr_carea' id='block_1_86' title="bbox 278 4761 1855 4832">
    <p class='ocr_par' dir='ltr' id='par_1_86' title="bbox 278 4761 1855 4832">
     <span class='ocr_line' id='line_1_87' title="bbox 278 4761 1855 4832; baseline 0.001 -18"><span class='ocrx_word' id='word_1_561' title='bbox 278 4761 484 4832; x_wconf 54' lang='lat' dir='ltr'><strong>Iacob},</strong></span> <span class='ocrx_word' id='word_1_562' title='bbox 508 4761 572 4832; x_wconf 78' lang='lat' dir='ltr'><strong>p.</strong></span> <span class='ocrx_word' id='word_1_563' title='bbox 600 4763 724 4828; x_wconf 76' lang='lat'><strong>398,</strong></span> <span class='ocrx_word' id='word_1_564' title='bbox 758 4774 947 4818; x_wconf 90' lang='lat' dir='ltr'><strong>contra</strong></span> <span class='ocrx_word' id='word_1_565' title='bbox 991 4762 1284 4817; x_wconf 87' lang='lat' dir='ltr'><strong>Sabellium</strong></span> <span class='ocrx_word' id='word_1_566' title='bbox 1327 4763 1380 4816; x_wconf 91' lang='lat' dir='ltr'><strong>in</strong></span> <span class='ocrx_word' id='word_1_567' title='bbox 1410 4763 1694 4818; x_wconf 89' lang='lat' dir='ltr'><strong>divinitate</strong></span> <span class='ocrx_word' id='word_1_568' title='bbox 1724 4779 1855 4816; x_wconf 77' lang='lat' dir='ltr'><strong>con-</strong></span> 
     </span>
    </p>
   </div>
   <div class='ocr_carea' id='block_1_87' title="bbox 281 4830 1852 4896">
    <p class='ocr_par' dir='ltr' id='par_1_87' title="bbox 281 4830 1852 4896">
     <span class='ocr_line' id='line_1_88' title="bbox 281 4830 1852 4896; baseline 0.003 -12"><span class='ocrx_word' id='word_1_569' title='bbox 281 4830 573 4896; x_wconf 80' lang='lat' dir='ltr'><strong>fusionem,</strong></span> <span class='ocrx_word' id='word_1_570' title='bbox 609 4840 665 4888; x_wconf 91' lang='lat' dir='ltr'><strong>et</strong></span> <span class='ocrx_word' id='word_1_571' title='bbox 701 4843 892 4888; x_wconf 92' lang='lat' dir='ltr'><strong>contra</strong></span> <span class='ocrx_word' id='word_1_572' title='bbox 930 4832 1117 4887; x_wconf 85' lang='lat' dir='ltr'><strong>Arium</strong></span> <span class='ocrx_word' id='word_1_573' title='bbox 1151 4834 1203 4887; x_wconf 92' lang='lat' dir='ltr'><strong>in</strong></span> <span class='ocrx_word' id='word_1_574' title='bbox 1236 4833 1502 4888; x_wconf 90' lang='lat' dir='ltr'><strong>Trinitate</strong></span> <span class='ocrx_word' id='word_1_575' title='bbox 1534 4833 1852 4888; x_wconf 79' lang='lat' dir='ltr'><strong>divisionem</strong></span> 
     </span>
    </p>
   </div>
   <div class='ocr_carea' id='block_1_88' title="bbox 279 4903 1852 4973">
    <p class='ocr_par' dir='ltr' id='par_1_88' title="bbox 279 4903 1852 4973">
     <span class='ocr_line' id='line_1_89' title="bbox 279 4903 1852 4973; baseline 0.003 -19"><span class='ocrx_word' id='word_1_576' title='bbox 279 4903 662 4973; x_wconf 72' lang='lat' dir='ltr'><strong>immittentem</strong></span> <span class='ocrx_word' id='word_1_577' title='bbox 691 4943 706 4966; x_wconf 93' lang='lat'><strong>,</strong></span> <span class='ocrx_word' id='word_1_578' title='bbox 748 4919 869 4973; x_wconf 73' lang='lat' dir='ltr'><strong>qua:</strong></span> <span class='ocrx_word' id='word_1_579' title='bbox 898 4905 970 4958; x_wconf 90' lang='lat' dir='ltr'><strong>sit</strong></span> <span class='ocrx_word' id='word_1_580' title='bbox 1011 4904 1157 4973; x_wconf 83' lang='lat' dir='ltr'><strong>regia</strong></span> <span class='ocrx_word' id='word_1_581' title='bbox 1185 4905 1269 4957; x_wconf 90' lang='lat' dir='ltr'><strong>via</strong></span> <span class='ocrx_word' id='word_1_582' title='bbox 1299 4943 1312 4965; x_wconf 93' lang='lat'><strong>,</strong></span> <span class='ocrx_word' id='word_1_583' title='bbox 1344 4919 1442 4973; x_wconf 88' lang='lat' dir='ltr'><strong>per</strong></span> <span class='ocrx_word' id='word_1_584' title='bbox 1470 4919 1632 4973; x_wconf 83' lang='lat' dir='ltr'><strong>quam</strong></span> <span class='ocrx_word' id='word_1_585' title='bbox 1668 4913 1852 4959; x_wconf 86' lang='lat' dir='ltr'><strong>sancta</strong></span> 
     </span>
    </p>
   </div>
   <div class='ocr_carea' id='block_1_89' title="bbox 278 4970 1850 5036">
    <p class='ocr_par' dir='ltr' id='par_1_89' title="bbox 278 4970 1850 5036">
     <span class='ocr_line' id='line_1_90' title="bbox 278 4970 1850 5036; baseline 0.004 -12"><span class='ocrx_word' id='word_1_586' title='bbox 278 4970 520 5026; x_wconf 88' lang='lat' dir='ltr'><strong>Ecclesia</strong></span> <span class='ocrx_word' id='word_1_587' title='bbox 573 4970 850 5028; x_wconf 80' lang='lat' dir='ltr'><strong>ambulare</strong></span> <span class='ocrx_word' id='word_1_588' title='bbox 908 4989 1010 5028; x_wconf 92' lang='lat' dir='ltr'><strong>nos</strong></span> <span class='ocrx_word' id='word_1_589' title='bbox 1066 4970 1850 5036; x_wconf 43' lang='lat' dir='ltr'><strong>edocuit,’demonstrarunt.</strong></span> 
     </span>
    </p>
   </div>
   <div class='ocr_carea' id='block_1_90' title="bbox 285 5040 1854 5111">
    <p class='ocr_par' dir='ltr' id='par_1_90' title="bbox 285 5040 1854 5111">
     <span class='ocr_line' id='line_1_91' title="bbox 285 5040 1854 5111; baseline 0.004 -18"><span class='ocrx_word' id='word_1_590' title='bbox 285 5059 304 5093; x_wconf 74' lang='lat' dir='ltr'><em>c</em></span> <span class='ocrx_word' id='word_1_591' title='bbox 339 5040 634 5111; x_wconf 79' lang='lat' dir='ltr'><strong>Religionis</strong></span> <span class='ocrx_word' id='word_1_592' title='bbox 659 5045 995 5106; x_wconf 69' lang='lat' dir='ltr'><strong>orthodoxae,</strong></span> <span class='ocrx_word' id='word_1_593' title='bbox 1019 5044 1094 5097; x_wconf 88' lang='lat' dir='ltr'><strong>ait</strong></span> <span class='ocrx_word' id='word_1_594' title='bbox 1128 5053 1350 5098; x_wconf 87' lang='lat' dir='ltr'><strong>sanctus</strong></span> <span class='ocrx_word' id='word_1_595' title='bbox 1376 5043 1533 5098; x_wconf 82' lang='lat' dir='ltr'><strong>Joan.</strong></span> <span class='ocrx_word' id='word_1_596' title='bbox 1567 5044 1854 5100; x_wconf 85' lang='lat' dir='ltr'><strong>Damasce-</strong></span> 
     </span>
    </p>
   </div>
   <div class='ocr_carea' id='block_1_91' title="bbox 279 5113 1856 5184">
    <p class='ocr_par' dir='ltr' id='par_1_91' title="bbox 279 5113 1856 5184">
     <span class='ocr_line' id='line_1_92' title="bbox 279 5113 1856 5184; baseline 0.003 -19"><span class='ocrx_word' id='word_1_597' title='bbox 279 5127 400 5184; x_wconf 81' lang='lat' dir='ltr'><strong>nus,</strong></span> <span class='ocrx_word' id='word_1_598' title='bbox 433 5121 490 5166; x_wconf 90' lang='lat' dir='ltr'><strong>et</strong></span> <span class='ocrx_word' id='word_1_599' title='bbox 519 5113 757 5184; x_wconf 79' lang='lat' dir='ltr'><strong>veritatis</strong></span> <span class='ocrx_word' id='word_1_600' title='bbox 783 5129 1093 5184; x_wconf 67' lang='lat' dir='ltr'><strong>prtecones,</strong></span> <span class='ocrx_word' id='word_1_601' title='bbox 1131 5126 1276 5169; x_wconf 90' lang='lat' dir='ltr'><strong>recte</strong></span> <span class='ocrx_word' id='word_1_602' title='bbox 1315 5114 1732 5169; x_wconf 85' lang='lat' dir='ltr'><strong>ambulaverunt</strong></span> <span class='ocrx_word' id='word_1_603' title='bbox 1758 5131 1856 5184; x_wconf 90' lang='lat' dir='ltr'><strong>per</strong></span> 
     </span>
    </p>
   </div>
   <div class='ocr_carea' id='block_1_92' title="bbox 278 5181 1854 5254">
    <p class='ocr_par' dir='ltr' id='par_1_92' title="bbox 278 5181 1854 5254">
     <span class='ocr_line' id='line_1_93' title="bbox 278 5181 1854 5254; baseline 0.003 -20"><span class='ocrx_word' id='word_1_604' title='bbox 278 5181 423 5254; x_wconf 78' lang='lat' dir='ltr'><strong>viam</strong></span> <span class='ocrx_word' id='word_1_605' title='bbox 455 5183 680 5253; x_wconf 89' lang='lat' dir='ltr'><strong>regiam,</strong></span> <span class='ocrx_word' id='word_1_606' title='bbox 714 5181 835 5254; x_wconf 61' lang='lat' dir='ltr'><strong>quae</strong></span> <span class='ocrx_word' id='word_1_607' title='bbox 865 5185 1041 5238; x_wconf 87' lang='lat' dir='ltr'><strong>media</strong></span> <span class='ocrx_word' id='word_1_608' title='bbox 1067 5192 1154 5238; x_wconf 92' lang='lat' dir='ltr'><strong>est</strong></span> <span class='ocrx_word' id='word_1_609' title='bbox 1187 5223 1200 5237; x_wconf 96' lang='lat'><strong>.</strong></span> <span class='ocrx_word' id='word_1_610' title='bbox 1227 5221 1243 5238; x_wconf 93' lang='lat'><strong>.</strong></span> <span class='ocrx_word' id='word_1_611' title='bbox 1273 5225 1285 5238; x_wconf 96' lang='lat'><strong>.</strong></span> <span class='ocrx_word' id='word_1_612' title='bbox 1311 5184 1658 5239; x_wconf 86' lang='lat' dir='ltr'><strong>continentes</strong></span> <span class='ocrx_word' id='word_1_613' title='bbox 1685 5201 1743 5239; x_wconf 91' lang='lat' dir='ltr'><strong>se</strong></span> <span class='ocrx_word' id='word_1_614' title='bbox 1760 5181 1854 5239; x_wconf 60' lang='lat' dir='ltr'><strong>in-</strong></span> 
     </span>
    </p>
   </div>
   <div class='ocr_carea' id='block_1_93' title="bbox 281 5251 1854 5325">
    <p class='ocr_par' dir='ltr' id='par_1_93' title="bbox 281 5251 1854 5325">
     <span class='ocr_line' id='line_1_94' title="bbox 281 5251 1854 5325; baseline 0.003 -21"><span class='ocrx_word' id='word_1_615' title='bbox 281 5259 361 5304; x_wconf 90' lang='lat' dir='ltr'><strong>tra</strong></span> <span class='ocrx_word' id='word_1_616' title='bbox 393 5251 594 5325; x_wconf 65' lang='lat' dir='ltr'><strong>limites</strong></span> <span class='ocrx_word' id='word_1_617' title='bbox 619 5251 886 5319; x_wconf 42' lang='lat' dir='ltr'><strong>veri—tatis,</strong></span> <span class='ocrx_word' id='word_1_618' title='bbox 912 5255 984 5309; x_wconf 90' lang='lat' dir='ltr'><strong>ita</strong></span> <span class='ocrx_word' id='word_1_619' title='bbox 1012 5263 1072 5309; x_wconf 92' lang='lat' dir='ltr'><strong>ut</strong></span> <span class='ocrx_word' id='word_1_620' title='bbox 1094 5256 1160 5310; x_wconf 90' lang='lat' dir='ltr'><strong>ad</strong></span> <span class='ocrx_word' id='word_1_621' title='bbox 1185 5264 1433 5325; x_wconf 88' lang='lat' dir='ltr'><strong>neutram</strong></span> <span class='ocrx_word' id='word_1_622' title='bbox 1462 5265 1670 5325; x_wconf 89' lang='lat' dir='ltr'><strong>partem</strong></span> <span class='ocrx_word' id='word_1_623' title='bbox 1698 5256 1854 5310; x_wconf 91' lang='lat' dir='ltr'><strong>incli-</strong></span> 
     </span>
    </p>
   </div>
   <div class='ocr_carea' id='block_1_94' title="bbox 200 5321 1851 5395">
    <p class='ocr_par' dir='ltr' id='par_1_94' title="bbox 200 5321 1851 5395">
     <span class='ocr_line' id='line_1_95' title="bbox 200 5321 1851 5395; baseline 0.002 -20"><span class='ocrx_word' id='word_1_624' title='bbox 200 5365 211 5375; x_wconf 94' lang='lat'><strong>.</strong></span> <span class='ocrx_word' id='word_1_625' title='bbox 278 5321 460 5395; x_wconf 82' lang='lat' dir='ltr'><strong>nando</strong></span> <span class='ocrx_word' id='word_1_626' title='bbox 503 5322 869 5395; x_wconf 64' lang='lat' dir='ltr'><strong>deflectet-ent.</strong></span> <span class='ocrx_word' id='word_1_627' title='bbox 912 5326 1095 5395; x_wconf 85' lang='lat' dir='ltr'><strong>Itaque</strong></span> <span class='ocrx_word' id='word_1_628' title='bbox 1146 5324 1380 5380; x_wconf 85' lang='lat' dir='ltr'><strong>confessi</strong></span> <span class='ocrx_word' id='word_1_629' title='bbox 1426 5321 1556 5378; x_wconf 82' lang='lat' dir='ltr'><strong>sunt</strong></span> <span class='ocrx_word' id='word_1_630' title='bbox 1599 5325 1851 5395; x_wconf 83' lang='lat' dir='ltr'><strong>substan-</strong></span> 
     </span>
    </p>
   </div>
   <div class='ocr_carea' id='block_1_95' title="bbox 282 5390 1854 5466">
    <p class='ocr_par' dir='ltr' id='par_1_95' title="bbox 282 5390 1854 5466">
     <span class='ocr_line' id='line_1_96' title="bbox 282 5390 1854 5466; baseline 0.003 -22"><span class='ocrx_word' id='word_1_631' title='bbox 282 5390 412 5444; x_wconf 90' lang='lat' dir='ltr'><strong>tiam</strong></span> <span class='ocrx_word' id='word_1_632' title='bbox 445 5408 604 5446; x_wconf 89' lang='lat' dir='ltr'><strong>unam</strong></span> <span class='ocrx_word' id='word_1_633' title='bbox 636 5393 690 5448; x_wconf 90' lang='lat' dir='ltr'><strong>in</strong></span> <span class='ocrx_word' id='word_1_634' title='bbox 721 5390 1099 5458; x_wconf 51' lang='lat' dir='ltr'><strong>Trinitatefet</strong></span> <span class='ocrx_word' id='word_1_635' title='bbox 1133 5405 1240 5449; x_wconf 82' lang='lat' dir='ltr'><strong>tres</strong></span> <span class='ocrx_word' id='word_1_636' title='bbox 1273 5398 1588 5466; x_wconf 85' lang='lat' dir='ltr'><strong>hypostases</strong></span> <span class='ocrx_word' id='word_1_637' title='bbox 1615 5394 1854 5466; x_wconf 31' lang='lat' dir='ltr'><strong>“allur-</strong></span> 
     </span>
    </p>
   </div>
   <div class='ocr_carea' id='block_1_96' title="bbox 281 5464 1854 5543">
    <p class='ocr_par' dir='ltr' id='par_1_96' title="bbox 281 5464 1854 5543">
     <span class='ocr_line' id='line_1_97' title="bbox 281 5464 1854 5543; baseline 0.003 -29"><span class='ocrx_word' id='word_1_638' title='bbox 281 5475 401 5514; x_wconf 90' lang='lat' dir='ltr'><strong>sum</strong></span> <span class='ocrx_word' id='word_1_639' title='bbox 431 5474 769 5543; x_wconf 80' lang='lat' dir='ltr'><strong>agnoverunt</strong></span> <span class='ocrx_word' id='word_1_640' title='bbox 791 5466 1196 5543; x_wconf 82' lang='lat' dir='ltr'><strong>distinctionem</strong></span> <span class='ocrx_word' id='word_1_641' title='bbox 1231 5464 1374 5543; x_wconf 72' lang='lat' dir='ltr'><strong>illam</strong></span> <span class='ocrx_word' id='word_1_642' title='bbox 1399 5465 1455 5518; x_wconf 90' lang='lat' dir='ltr'><strong>in</strong></span> <span class='ocrx_word' id='word_1_643' title='bbox 1477 5464 1742 5543; x_wconf 73' lang='lat' dir='ltr'><strong>mysterio</strong></span> <span class='ocrx_word' id='word_1_644' title='bbox 1770 5466 1854 5519; x_wconf 91' lang='lat' dir='ltr'><strong>in-</strong></span> 
     </span>
    </p>
   </div>
   <div class='ocr_carea' id='block_1_97' title="bbox 280 5533 1856 5600">
    <p class='ocr_par' dir='ltr' id='par_1_97' title="bbox 280 5533 1856 5600">
     <span class='ocr_line' id='line_1_98' title="bbox 280 5533 1856 5600; baseline 0.004 -16"><span class='ocrx_word' id='word_1_645' title='bbox 280 5533 626 5597; x_wconf 88' lang='lat' dir='ltr'><strong>carnationis,</strong></span> <span class='ocrx_word' id='word_1_646' title='bbox 665 5543 886 5590; x_wconf 91' lang='lat' dir='ltr'><strong>naturas</strong></span> <span class='ocrx_word' id='word_1_647' title='bbox 931 5536 1066 5590; x_wconf 88' lang='lat' dir='ltr'><strong>duas</strong></span> <span class='ocrx_word' id='word_1_648' title='bbox 1117 5544 1174 5589; x_wconf 88' lang='lat' dir='ltr'><strong>et</strong></span> <span class='ocrx_word' id='word_1_649' title='bbox 1222 5533 1556 5590; x_wconf 87' lang='lat' dir='ltr'><strong>substantias</strong></span> <span class='ocrx_word' id='word_1_650' title='bbox 1601 5535 1769 5600; x_wconf 91' lang='lat' dir='ltr'><strong>duas,</strong></span> <span class='ocrx_word' id='word_1_651' title='bbox 1800 5544 1856 5591; x_wconf 91' lang='lat' dir='ltr'><strong>et</strong></span> 
     </span>
    </p>
   </div>
   <div class='ocr_carea' id='block_1_98' title="bbox 283 5601 1851 5675">
    <p class='ocr_par' dir='ltr' id='par_1_98' title="bbox 283 5601 1851 5675">
     <span class='ocr_line' id='line_1_99' title="bbox 283 5601 1851 5675; baseline 0.003 -20"><span class='ocrx_word' id='word_1_652' title='bbox 283 5601 844 5675; x_wconf 77' lang='lat' dir='ltr'><strong>hypostasimunam;</strong></span> <span class='ocrx_word' id='word_1_653' title='bbox 871 5614 1252 5675; x_wconf 86' lang='lat' dir='ltr'><strong>naturamque,</strong></span> <span class='ocrx_word' id='word_1_654' title='bbox 1284 5615 1336 5658; x_wconf 90' lang='lat' dir='ltr'><strong>et</strong></span> <span class='ocrx_word' id='word_1_655' title='bbox 1368 5605 1724 5660; x_wconf 87' lang='lat' dir='ltr'><strong>substantiam</strong></span> <span class='ocrx_word' id='word_1_656' title='bbox 1759 5620 1851 5659; x_wconf 72' lang='lat' dir='ltr'><strong>ca—</strong></span> 
     </span>
    </p>
   </div>
   <div class='ocr_carea' id='block_1_99' title="bbox 282 5672 1849 5745">
    <p class='ocr_par' dir='ltr' id='par_1_99' title="bbox 282 5672 1849 5745">
     <span class='ocr_line' id='line_1_100' title="bbox 282 5672 1849 5745; baseline 0.004 -22"><span class='ocrx_word' id='word_1_657' title='bbox 282 5672 404 5745; x_wconf 82' lang='lat' dir='ltr'><strong>dem</strong></span> <span class='ocrx_word' id='word_1_658' title='bbox 436 5672 752 5729; x_wconf 86' lang='lat' dir='ltr'><strong>definitione</strong></span> <span class='ocrx_word' id='word_1_659' title='bbox 787 5677 1050 5745; x_wconf 81' lang='lat' dir='ltr'><strong>complexi</strong></span> <span class='ocrx_word' id='word_1_660' title='bbox 1092 5672 1220 5730; x_wconf 83' lang='lat' dir='ltr'><strong>sunt</strong></span> <span class='ocrx_word' id='word_1_661' title='bbox 1242 5720 1256 5739; x_wconf 90' lang='lat'><strong>,</strong></span> <span class='ocrx_word' id='word_1_662' title='bbox 1295 5691 1582 5744; x_wconf 84' lang='lat' dir='ltr'><strong>personam</strong></span> <span class='ocrx_word' id='word_1_663' title='bbox 1615 5691 1849 5745; x_wconf 88' lang='lat' dir='ltr'><strong>quoque,</strong></span> 
     </span>
    </p>
   </div>
   <div class='ocr_carea' id='block_1_100' title="bbox 281 5741 1682 5812">
    <p class='ocr_par' dir='ltr' id='par_1_100' title="bbox 281 5741 1682 5812">
     <span class='ocr_line' id='line_1_101' title="bbox 281 5741 1682 5812; baseline 0.003 -18"><span class='ocrx_word' id='word_1_664' title='bbox 281 5749 335 5795; x_wconf 92' lang='lat' dir='ltr'><strong>ct</strong></span> <span class='ocrx_word' id='word_1_665' title='bbox 362 5741 698 5812; x_wconf 79' lang='lat' dir='ltr'><strong>hypostasim</strong></span> <span class='ocrx_word' id='word_1_666' title='bbox 729 5741 925 5799; x_wconf 77' lang='lat' dir='ltr'><strong>eodem</strong></span> <span class='ocrx_word' id='word_1_667' title='bbox 952 5747 1112 5808; x_wconf 88' lang='lat' dir='ltr'><strong>modo</strong></span> <span class='ocrx_word' id='word_1_668' title='bbox 1141 5741 1489 5810; x_wconf 82' lang='lat' dir='ltr'><strong>definierunt,</strong></span> <span class='ocrx_word' id='word_1_669' title='bbox 1521 5764 1538 5795; x_wconf 73' lang='grc' dir='ltr'><strong>ι</strong></span> <span class='ocrx_word' id='word_1_670' title='bbox 1577 5741 1682 5798; x_wconf 76' lang='lat' dir='ltr'><strong>etc.</strong></span> 
     </span>
    </p>
   </div>
   <div class='ocr_carea' id='block_1_101' title="bbox 350 5810 1849 5882">
    <p class='ocr_par' dir='ltr' id='par_1_101' title="bbox 350 5810 1849 5882">
     <span class='ocr_line' id='line_1_102' title="bbox 350 5810 1849 5882; baseline 0.001 -15"><span class='ocrx_word' id='word_1_671' title='bbox 350 5810 458 5867; x_wconf 67' lang='grc'><strong>111</strong></span> <span class='ocrx_word' id='word_1_672' title='bbox 509 5812 886 5882; x_wconf 59' lang='grc' dir='ltr'><strong>’Δντιλήξωᾳ</strong></span> <span class='ocrx_word' id='word_1_673' title='bbox 938 5816 1014 5870; x_wconf 84' lang='lat' dir='ltr'><strong>Ita</strong></span> <span class='ocrx_word' id='word_1_674' title='bbox 1054 5817 1109 5871; x_wconf 91' lang='lat' dir='ltr'><strong>lu</strong></span> <span class='ocrx_word' id='word_1_675' title='bbox 1157 5817 1362 5873; x_wconf 81' lang='lat' dir='ltr'><strong>codice.</strong></span> <span class='ocrx_word' id='word_1_676' title='bbox 1413 5818 1697 5873; x_wconf 85' lang='lat' dir='ltr'><strong>Corrcctor</strong></span> <span class='ocrx_word' id='word_1_677' title='bbox 1737 5831 1849 5870; x_wconf 86' lang='lat' dir='ltr'><strong>ma-</strong></span> 
     </span>
    </p>
   </div>
   <div class='ocr_carea' id='block_1_102' title="bbox 1965 3288 2612 3358">
    <p class='ocr_par' dir='ltr' id='par_1_102' title="bbox 1965 3288 2612 3358">
     <span class='ocr_line' id='line_1_103' title="bbox 1965 3288 2612 3358; baseline -0.002 -17"><span class='ocrx_word' id='word_1_678' title='bbox 1965 3288 2054 3358; x_wconf 74' lang='grc' dir='ltr'><strong>ψε,</strong></span> <span class='ocrx_word' id='word_1_679' title='bbox 2086 3290 2235 3350; x_wconf 74' lang='lat' dir='ltr'><strong>vixit,</strong></span> <span class='ocrx_word' id='word_1_680' title='bbox 2267 3298 2361 3343; x_wconf 90' lang='lat' dir='ltr'><strong>aut</strong></span> <span class='ocrx_word' id='word_1_681' title='bbox 2387 3288 2612 3356; x_wconf 76' lang='lat' dir='ltr'><strong>scripsit.</strong></span> 
     </span>
    </p>
   </div>
   <div class='ocr_carea' id='block_1_103' title="bbox 2037 3356 3546 3428">
    <p class='ocr_par' dir='ltr' id='par_1_103' title="bbox 2037 3356 3546 3428">
     <span class='ocr_line' id='line_1_104' title="bbox 2037 3356 3546 3428; baseline 0 -16"><span class='ocrx_word' id='word_1_682' title='bbox 2037 3359 2162 3412; x_wconf 85' lang='grc'><strong>115.</strong></span> <span class='ocrx_word' id='word_1_683' title='bbox 2202 3359 2462 3424; x_wconf 82' lang='lat' dir='ltr'><strong>Quamvis</strong></span> <span class='ocrx_word' id='word_1_684' title='bbox 2516 3360 2668 3426; x_wconf 89' lang='lat' dir='ltr'><strong>plura</strong></span> <span class='ocrx_word' id='word_1_685' title='bbox 2727 3356 2837 3412; x_wconf 90' lang='lat' dir='ltr'><strong>sint</strong></span> <span class='ocrx_word' id='word_1_686' title='bbox 2885 3357 3066 3428; x_wconf 74' lang='lat' dir='ltr'><strong>Cyrilli</strong></span> <span class='ocrx_word' id='word_1_687' title='bbox 3118 3357 3373 3428; x_wconf 75' lang='lat' dir='ltr'><strong>scripta,</strong></span> <span class='ocrx_word' id='word_1_688' title='bbox 3425 3373 3546 3427; x_wconf 66' lang='lat' dir='ltr'><strong>qua:</strong></span> 
     </span>
    </p>
   </div>
   <div class='ocr_carea' id='block_1_104' title="bbox 1964 3427 3544 3498">
    <p class='ocr_par' dir='ltr' id='par_1_104' title="bbox 1964 3427 3544 3498">
     <span class='ocr_line' id='line_1_105' title="bbox 1964 3427 3544 3498; baseline -0.003 -14"><span class='ocrx_word' id='word_1_689' title='bbox 1964 3431 2280 3498; x_wconf 77' lang='lat' dir='ltr'><strong>dogmatum</strong></span> <span class='ocrx_word' id='word_1_690' title='bbox 2330 3430 2642 3493; x_wconf 77' lang='lat' dir='ltr'><strong>veritatem,</strong></span> <span class='ocrx_word' id='word_1_691' title='bbox 2674 3427 3125 3497; x_wconf 85' lang='lat' dir='ltr'><strong>sanctitatemque</strong></span> <span class='ocrx_word' id='word_1_692' title='bbox 3170 3429 3315 3483; x_wconf 88' lang='lat' dir='ltr'><strong>circa</strong></span> <span class='ocrx_word' id='word_1_693' title='bbox 3363 3427 3544 3484; x_wconf 82' lang='lat' dir='ltr'><strong>incar-</strong></span> 
     </span>
    </p>
   </div>
   <div class='ocr_carea' id='block_1_105' title="bbox 1966 3499 3546 3569">
    <p class='ocr_par' dir='ltr' id='par_1_105' title="bbox 1966 3499 3546 3569">
     <span class='ocr_line' id='line_1_106' title="bbox 1966 3499 3546 3569; baseline -0.002 -15"><span class='ocrx_word' id='word_1_694' title='bbox 1966 3502 2242 3555; x_wconf 91' lang='lat' dir='ltr'><strong>nationem</strong></span> <span class='ocrx_word' id='word_1_695' title='bbox 2279 3501 2590 3556; x_wconf 83' lang='lat' dir='ltr'><strong>firmissime</strong></span> <span class='ocrx_word' id='word_1_696' title='bbox 2622 3509 2895 3565; x_wconf 88' lang='lat' dir='ltr'><strong>astruunt,</strong></span> <span class='ocrx_word' id='word_1_697' title='bbox 2936 3499 3240 3568; x_wconf 72' lang='lat' dir='ltr'><strong>cuiusmodi</strong></span> <span class='ocrx_word' id='word_1_698' title='bbox 3274 3508 3402 3554; x_wconf 88' lang='lat' dir='ltr'><strong>sunt</strong></span> <span class='ocrx_word' id='word_1_699' title='bbox 3434 3500 3546 3569; x_wconf 88' lang='lat' dir='ltr'><strong>epi-</strong></span> 
     </span>
    </p>
   </div>
   <div class='ocr_carea' id='block_1_106' title="bbox 1964 3569 3544 3640">
    <p class='ocr_par' dir='ltr' id='par_1_106' title="bbox 1964 3569 3544 3640">
     <span class='ocr_line' id='line_1_107' title="bbox 1964 3569 3544 3640; baseline -0.001 -14"><span class='ocrx_word' id='word_1_700' title='bbox 1964 3573 2115 3626; x_wconf 70' lang='lat' dir='ltr'><strong>stola:</strong></span> <span class='ocrx_word' id='word_1_701' title='bbox 2174 3573 2241 3626; x_wconf 90' lang='lat' dir='ltr'><strong>ad</strong></span> <span class='ocrx_word' id='word_1_702' title='bbox 2288 3570 2618 3630; x_wconf 86' lang='lat' dir='ltr'><strong>Nestorium.</strong></span> <span class='ocrx_word' id='word_1_703' title='bbox 2649 3572 2715 3625; x_wconf 87' lang='lat' dir='ltr'><strong>ad</strong></span> <span class='ocrx_word' id='word_1_704' title='bbox 2745 3570 3098 3625; x_wconf 81' lang='lat' dir='ltr'><strong>C(elestinum</strong></span> <span class='ocrx_word' id='word_1_705' title='bbox 3125 3569 3458 3640; x_wconf 84' lang='lat' dir='ltr'><strong>pontiﬁcem,</strong></span> <span class='ocrx_word' id='word_1_706' title='bbox 3489 3579 3544 3625; x_wconf 87' lang='lat' dir='ltr'><strong>et</strong></span> 
     </span>
    </p>
   </div>
   <div class='ocr_carea' id='block_1_107' title="bbox 1962 3640 3542 3710">
    <p class='ocr_par' dir='ltr' id='par_1_107' title="bbox 1962 3640 3542 3710">
     <span class='ocr_line' id='line_1_108' title="bbox 1962 3640 3542 3710; baseline -0.002 -13"><span class='ocrx_word' id='word_1_707' title='bbox 1962 3644 2027 3697; x_wconf 88' lang='lat' dir='ltr'><strong>ad</strong></span> <span class='ocrx_word' id='word_1_708' title='bbox 2059 3642 2461 3708; x_wconf 68' lang='lat' dir='ltr'><strong>Theodosiumf,</strong></span> <span class='ocrx_word' id='word_1_709' title='bbox 2501 3642 2948 3710; x_wconf 83' lang='lat' dir='ltr'><strong>l’ulcheriamque</strong></span> <span class='ocrx_word' id='word_1_710' title='bbox 2963 3641 3122 3706; x_wconf 66' lang='lat' dir='ltr'><strong>datae,</strong></span> <span class='ocrx_word' id='word_1_711' title='bbox 3155 3640 3336 3695; x_wconf 91' lang='lat' dir='ltr'><strong>nullus</strong></span> <span class='ocrx_word' id='word_1_712' title='bbox 3363 3649 3542 3695; x_wconf 90' lang='lat' dir='ltr'><strong>tamen</strong></span> 
     </span>
    </p>
   </div>
   <div class='ocr_carea' id='block_1_108' title="bbox 1962 3711 3544 3783">
    <p class='ocr_par' dir='ltr' id='par_1_108' title="bbox 1962 3711 3544 3783">
     <span class='ocr_line' id='line_1_109' title="bbox 1962 3711 3544 3783; baseline -0.001 -17"><span class='ocrx_word' id='word_1_713' title='bbox 1962 3714 2152 3767; x_wconf 87' lang='lat' dir='ltr'><strong>dubito</strong></span> <span class='ocrx_word' id='word_1_714' title='bbox 2173 3755 2186 3776; x_wconf 97' lang='lat'><strong>,</strong></span> <span class='ocrx_word' id='word_1_715' title='bbox 2219 3713 2457 3767; x_wconf 89' lang='lat' dir='ltr'><strong>Pisidam</strong></span> <span class='ocrx_word' id='word_1_716' title='bbox 2489 3728 2588 3783; x_wconf 90' lang='lat' dir='ltr'><strong>per</strong></span> <span class='ocrx_word' id='word_1_717' title='bbox 2615 3713 2779 3767; x_wconf 89' lang='lat' dir='ltr'><strong>verba</strong></span> <span class='ocrx_word' id='word_1_718' title='bbox 2809 3711 2938 3783; x_wconf 77' lang='grc' dir='ltr'>θείῳ</span> <span class='ocrx_word' id='word_1_719' title='bbox 2962 3712 3114 3780; x_wconf 80' lang='grc' dir='ltr'>τόμῳ</span> <span class='ocrx_word' id='word_1_720' title='bbox 3137 3752 3152 3775; x_wconf 94' lang='grc'><strong>,</strong></span> <span class='ocrx_word' id='word_1_721' title='bbox 3189 3727 3296 3781; x_wconf 91' lang='lat' dir='ltr'><strong>quo</strong></span> <span class='ocrx_word' id='word_1_722' title='bbox 3321 3712 3544 3783; x_wconf 83' lang='lat' dir='ltr'><strong>nomine</strong></span> 
     </span>
    </p>
   </div>
   <div class='ocr_carea' id='block_1_109' title="bbox 1963 3781 3541 3853">
    <p class='ocr_par' dir='ltr' id='par_1_109' title="bbox 1963 3781 3541 3853">
     <span class='ocr_line' id='line_1_110' title="bbox 1963 3781 3541 3853; baseline -0.002 -16"><span class='ocrx_word' id='word_1_723' title='bbox 1963 3784 2125 3837; x_wconf 86' lang='lat' dir='ltr'><strong>libelli</strong></span> <span class='ocrx_word' id='word_1_724' title='bbox 2179 3783 2300 3837; x_wconf 84' lang='lat' dir='ltr'><strong>fidei</strong></span> <span class='ocrx_word' id='word_1_725' title='bbox 2352 3781 2745 3853; x_wconf 76' lang='lat' dir='ltr'><strong>professionem</strong></span> <span class='ocrx_word' id='word_1_726' title='bbox 2793 3782 3136 3853; x_wconf 90' lang='lat' dir='ltr'><strong>continentes</strong></span> <span class='ocrx_word' id='word_1_727' title='bbox 3184 3781 3541 3853; x_wconf 86' lang='lat' dir='ltr'><strong>vocabantur,</strong></span> 
     </span>
    </p>
   </div>
   <div class='ocr_carea' id='block_1_110' title="bbox 1962 3851 3542 3923">
    <p class='ocr_par' dir='ltr' id='par_1_110' title="bbox 1962 3851 3542 3923">
     <span class='ocr_line' id='line_1_111' title="bbox 1962 3851 3542 3923; baseline 0 -17"><span class='ocrx_word' id='word_1_728' title='bbox 1962 3851 2368 3906; x_wconf 69' lang='lat' dir='ltr'><strong>celeberrimam</strong></span> <span class='ocrx_word' id='word_1_729' title='bbox 2398 3853 2581 3923; x_wconf 84' lang='lat' dir='ltr'><strong>Cyrilli</strong></span> <span class='ocrx_word' id='word_1_730' title='bbox 2607 3854 2671 3906; x_wconf 91' lang='lat' dir='ltr'><strong>ad</strong></span> <span class='ocrx_word' id='word_1_731' title='bbox 2701 3851 3008 3923; x_wconf 86' lang='lat' dir='ltr'><strong>Nestorium</strong></span> <span class='ocrx_word' id='word_1_732' title='bbox 3038 3851 3320 3920; x_wconf 84' lang='lat' dir='ltr'><strong>epistolam</strong></span> <span class='ocrx_word' id='word_1_733' title='bbox 3343 3867 3542 3906; x_wconf 85' lang='lat' dir='ltr'><strong>secun-</strong></span> 
     </span>
    </p>
   </div>
   <div class='ocr_carea' id='block_1_111' title="bbox 1962 3922 3541 3990">
    <p class='ocr_par' dir='ltr' id='par_1_111' title="bbox 1962 3922 3541 3990">
     <span class='ocr_line' id='line_1_112' title="bbox 1962 3922 3541 3990; baseline 0.001 -15"><span class='ocrx_word' id='word_1_734' title='bbox 1962 3923 2086 3975; x_wconf 88' lang='lat' dir='ltr'><strong>dam</strong></span> <span class='ocrx_word' id='word_1_735' title='bbox 2117 3939 2228 3990; x_wconf 67' lang='lat' dir='ltr'><strong>prze</strong></span> <span class='ocrx_word' id='word_1_736' title='bbox 2253 3922 2465 3976; x_wconf 67' lang='lat' dir='ltr'><strong>caeteris</strong></span> <span class='ocrx_word' id='word_1_737' title='bbox 2504 3922 2745 3989; x_wconf 87' lang='lat' dir='ltr'><strong>ejusdem</strong></span> <span class='ocrx_word' id='word_1_738' title='bbox 2783 3922 2934 3975; x_wconf 90' lang='lat' dir='ltr'><strong>libris</strong></span> <span class='ocrx_word' id='word_1_739' title='bbox 2978 3923 3256 3976; x_wconf 89' lang='lat' dir='ltr'><strong>indicare:</strong></span> <span class='ocrx_word' id='word_1_740' title='bbox 3290 3937 3351 3975; x_wconf 88' lang='lat' dir='ltr'><strong>ea</strong></span> <span class='ocrx_word' id='word_1_741' title='bbox 3395 3924 3541 3977; x_wconf 89' lang='lat' dir='ltr'><strong>enim</strong></span> 
     </span>
    </p>
   </div>
   <div class='ocr_carea' id='block_1_112' title="bbox 1963 3991 3542 4062">
    <p class='ocr_par' dir='ltr' id='par_1_112' title="bbox 1963 3991 3542 4062">
     <span class='ocr_line' id='line_1_113' title="bbox 1963 3991 3542 4062; baseline 0.002 -19"><span class='ocrx_word' id='word_1_742' title='bbox 1963 3992 2096 4045; x_wconf 79' lang='lat' dir='ltr'><strong>lecta</strong></span> <span class='ocrx_word' id='word_1_743' title='bbox 2124 3992 2223 4046; x_wconf 91' lang='lat' dir='ltr'><strong>fuit</strong></span> <span class='ocrx_word' id='word_1_744' title='bbox 2248 4001 2380 4062; x_wconf 85' lang='lat' dir='ltr'><strong>post</strong></span> <span class='ocrx_word' id='word_1_745' title='bbox 2394 3992 2704 4062; x_wconf 89' lang='lat' dir='ltr'><strong>Symbolum</strong></span> <span class='ocrx_word' id='word_1_746' title='bbox 2729 3991 3005 4062; x_wconf 64' lang='lat' dir='ltr'><strong>Nicaanum</strong></span> <span class='ocrx_word' id='word_1_747' title='bbox 3035 3992 3088 4044; x_wconf 93' lang='lat' dir='ltr'><strong>in</strong></span> <span class='ocrx_word' id='word_1_748' title='bbox 3111 3991 3345 4045; x_wconf 92' lang='lat' dir='ltr'><strong>concilio</strong></span> <span class='ocrx_word' id='word_1_749' title='bbox 3369 3991 3542 4061; x_wconf 80' lang='lat' dir='ltr'><strong>Ephe-</strong></span> 
     </span>
    </p>
   </div>
   <div class='ocr_carea' id='block_1_113' title="bbox 1962 4061 3535 4130">
    <p class='ocr_par' dir='ltr' id='par_1_113' title="bbox 1962 4061 3535 4130">
     <span class='ocr_line' id='line_1_114' title="bbox 1962 4061 3535 4130; baseline 0.001 -16"><span class='ocrx_word' id='word_1_750' title='bbox 1962 4063 2105 4117; x_wconf 91' lang='lat' dir='ltr'><strong>sino.</strong></span> <span class='ocrx_word' id='word_1_751' title='bbox 2125 4071 2222 4116; x_wconf 89' lang='lat' dir='ltr'><strong>eta</strong></span> <span class='ocrx_word' id='word_1_752' title='bbox 2246 4061 2491 4115; x_wconf 85' lang='lat' dir='ltr'><strong>Patribus</strong></span> <span class='ocrx_word' id='word_1_753' title='bbox 2519 4062 2746 4115; x_wconf 87' lang='lat' dir='ltr'><strong>multum</strong></span> <span class='ocrx_word' id='word_1_754' title='bbox 2770 4061 3002 4120; x_wconf 86' lang='lat' dir='ltr'><strong>laudata,</strong></span> <span class='ocrx_word' id='word_1_755' title='bbox 3023 4062 3327 4129; x_wconf 90' lang='lat' dir='ltr'><strong>iterumque</strong></span> <span class='ocrx_word' id='word_1_756' title='bbox 3353 4071 3535 4130; x_wconf 90' lang='lat' dir='ltr'><strong>postea</strong></span> 
     </span>
    </p>
   </div>
   <div class='ocr_carea' id='block_1_114' title="bbox 1963 4130 3579 4214">
    <p class='ocr_par' dir='ltr' id='par_1_114' title="bbox 1963 4130 3579 4214">
     <span class='ocr_line' id='line_1_115' title="bbox 1963 4130 3579 4214; baseline -0.001 -29"><span class='ocrx_word' id='word_1_757' title='bbox 1963 4133 2018 4214; x_wconf 69' lang='lat' dir='ltr'><strong>in</strong></span> <span class='ocrx_word' id='word_1_758' title='bbox 2050 4131 2284 4211; x_wconf 69' lang='lat' dir='ltr'><strong>concilio</strong></span> <span class='ocrx_word' id='word_1_759' title='bbox 2311 4131 2740 4188; x_wconf 89' lang='lat' dir='ltr'><strong>Chalcedonensi</strong></span> <span class='ocrx_word' id='word_1_760' title='bbox 2773 4132 3090 4201; x_wconf 84' lang='lat' dir='ltr'><strong>approbata.</strong></span> <span class='ocrx_word' id='word_1_761' title='bbox 3123 4130 3322 4199; x_wconf 89' lang='lat' dir='ltr'><strong>Incipit</strong></span> <span class='ocrx_word' id='word_1_762' title='bbox 3355 4132 3538 4184; x_wconf 82' lang='grc' dir='ltr'>Κατα-</span> <span class='ocrx_word' id='word_1_763' title='bbox 3577 4200 3579 4202; x_wconf 21' lang='grc' dir='ltr'><strong>η</strong></span> 
     </span>
    </p>
   </div>
   <div class='ocr_carea' id='block_1_115' title="bbox 1961 4219 2283 4270">
    <p class='ocr_par' dir='ltr' id='par_1_115' title="bbox 1961 4219 2283 4270">
     <span class='ocr_line' id='line_1_116' title="bbox 1961 4219 2283 4270; baseline 0.006 -18"><span class='ocrx_word' id='word_1_764' title='bbox 1961 4219 2102 4270; x_wconf 62' lang='grc' dir='ltr'>φλυα</span> <span class='ocrx_word' id='word_1_765' title='bbox 2110 4219 2201 4270; x_wconf 63' lang='lat' dir='ltr'><strong>pou</strong></span> <span class='ocrx_word' id='word_1_766' title='bbox 2210 4219 2283 4254; x_wconf 89' lang='grc' dir='ltr'>σι.</span> 
     </span>
    </p>
   </div>
   <div class='ocr_carea' id='block_1_116' title="bbox 2033 4270 3537 4342">
    <p class='ocr_par' dir='ltr' id='par_1_116' title="bbox 2033 4270 3537 4342">
     <span class='ocr_line' id='line_1_117' title="bbox 2033 4270 3537 4342; baseline 0.001 -18"><span class='ocrx_word' id='word_1_767' title='bbox 2033 4272 2152 4327; x_wconf 88' lang='grc'><strong>116.</strong></span> <span class='ocrx_word' id='word_1_768' title='bbox 2199 4270 2506 4342; x_wconf 82' lang='lat' dir='ltr'><strong>Legendum</strong></span> <span class='ocrx_word' id='word_1_769' title='bbox 2537 4271 2731 4340; x_wconf 90' lang='lat' dir='ltr'><strong>opinor</strong></span> <span class='ocrx_word' id='word_1_770' title='bbox 2758 4270 2938 4342; x_wconf 81' lang='grc' dir='ltr'>χάριν.</span> <span class='ocrx_word' id='word_1_771' title='bbox 2973 4271 3182 4325; x_wconf 87' lang='lat' dir='ltr'><strong>Sensus</strong></span> <span class='ocrx_word' id='word_1_772' title='bbox 3227 4279 3408 4326; x_wconf 87' lang='lat' dir='ltr'><strong>autem</strong></span> <span class='ocrx_word' id='word_1_773' title='bbox 3429 4312 3445 4334; x_wconf 87' lang='lat'><strong>,</strong></span> <span class='ocrx_word' id='word_1_774' title='bbox 3478 4271 3537 4325; x_wconf 91' lang='lat' dir='ltr'><strong>ni</strong></span> 
     </span>
    </p>
   </div>
   <div class='ocr_carea' id='block_1_117' title="bbox 1959 4341 3537 4412">
    <p class='ocr_par' dir='ltr' id='par_1_117' title="bbox 1959 4341 3537 4412">
     <span class='ocr_line' id='line_1_118' title="bbox 1959 4341 3537 4412; baseline 0.001 -18"><span class='ocrx_word' id='word_1_775' title='bbox 1959 4342 2136 4412; x_wconf 82' lang='lat' dir='ltr'><strong>fallor.</strong></span> <span class='ocrx_word' id='word_1_776' title='bbox 2169 4341 2256 4395; x_wconf 92' lang='lat' dir='ltr'><strong>hic</strong></span> <span class='ocrx_word' id='word_1_777' title='bbox 2277 4341 2357 4396; x_wconf 84' lang='lat' dir='ltr'><strong>est</strong></span> <span class='ocrx_word' id='word_1_778' title='bbox 2387 4359 2400 4396; x_wconf 89' lang='lat'><strong>:</strong></span> <span class='ocrx_word' id='word_1_779' title='bbox 2431 4341 2709 4412; x_wconf 84' lang='lat' dir='ltr'><strong>Cyrillum.</strong></span> <span class='ocrx_word' id='word_1_780' title='bbox 2736 4358 2801 4396; x_wconf 93' lang='lat' dir='ltr'><strong>eo</strong></span> <span class='ocrx_word' id='word_1_781' title='bbox 2830 4341 2954 4412; x_wconf 86' lang='lat' dir='ltr'><strong>quia</strong></span> <span class='ocrx_word' id='word_1_782' title='bbox 2987 4343 3179 4396; x_wconf 87' lang='lat' dir='ltr'><strong>adesse</strong></span> <span class='ocrx_word' id='word_1_783' title='bbox 3203 4356 3311 4396; x_wconf 94' lang='lat' dir='ltr'><strong>non</strong></span> <span class='ocrx_word' id='word_1_784' title='bbox 3337 4349 3537 4412; x_wconf 87' lang='lat' dir='ltr'><strong>potest.</strong></span> 
     </span>
    </p>
   </div>
   <div class='ocr_carea' id='block_1_118' title="bbox 1963 4411 3536 4482">
    <p class='ocr_par' dir='ltr' id='par_1_118' title="bbox 1963 4411 3536 4482">
     <span class='ocr_line' id='line_1_119' title="bbox 1963 4411 3536 4482; baseline 0 -18"><span class='ocrx_word' id='word_1_785' title='bbox 1963 4411 2438 4481; x_wconf 86' lang='lat' dir='ltr'><strong>impudentissime</strong></span> <span class='ocrx_word' id='word_1_786' title='bbox 2475 4411 2729 4481; x_wconf 89' lang='lat' dir='ltr'><strong>tanquam</strong></span> <span class='ocrx_word' id='word_1_787' title='bbox 2764 4411 3050 4482; x_wconf 89' lang='lat' dir='ltr'><strong>patronum</strong></span> <span class='ocrx_word' id='word_1_788' title='bbox 3079 4411 3318 4482; x_wconf 84' lang='lat' dir='ltr'><strong>allegas:</strong></span> <span class='ocrx_word' id='word_1_789' title='bbox 3348 4411 3392 4464; x_wconf 89' lang='lat' dir='ltr'><strong>si</strong></span> <span class='ocrx_word' id='word_1_790' title='bbox 3436 4427 3536 4466; x_wconf 88' lang='lat' dir='ltr'><strong>au-</strong></span> 
     </span>
    </p>
   </div>
   <div class='ocr_carea' id='block_1_119' title="bbox 1963 4481 3538 4551">
    <p class='ocr_par' dir='ltr' id='par_1_119' title="bbox 1963 4481 3538 4551">
     <span class='ocr_line' id='line_1_120' title="bbox 1963 4481 3538 4551; baseline -0.001 -16"><span class='ocrx_word' id='word_1_791' title='bbox 1963 4490 2068 4535; x_wconf 91' lang='lat' dir='ltr'><strong>tem</strong></span> <span class='ocrx_word' id='word_1_792' title='bbox 2104 4483 2318 4537; x_wconf 89' lang='lat' dir='ltr'><strong>adesset</strong></span> <span class='ocrx_word' id='word_1_793' title='bbox 2341 4522 2356 4542; x_wconf 91' lang='lat'><strong>,</strong></span> <span class='ocrx_word' id='word_1_794' title='bbox 2388 4491 2554 4551; x_wconf 89' lang='lat' dir='ltr'><strong>tuque</strong></span> <span class='ocrx_word' id='word_1_795' title='bbox 2581 4481 2829 4536; x_wconf 89' lang='lat' dir='ltr'><strong>eumdem</strong></span> <span class='ocrx_word' id='word_1_796' title='bbox 2866 4483 3043 4550; x_wconf 87' lang='lat' dir='ltr'><strong>ipsum</strong></span> <span class='ocrx_word' id='word_1_797' title='bbox 3073 4481 3314 4535; x_wconf 84' lang='lat' dir='ltr'><strong>om&#39;nium</strong></span> <span class='ocrx_word' id='word_1_798' title='bbox 3349 4483 3538 4551; x_wconf 50' lang='lat' dir='ltr'><strong>ortboe</strong></span> 
     </span>
    </p>
   </div>
   <div class='ocr_carea' id='block_1_120' title="bbox 3129 4550 3537 4620">
    <p class='ocr_par' dir='ltr' id='par_1_120' title="bbox 3129 4550 3537 4620">
     <span class='ocr_line' id='line_1_121' title="bbox 3129 4550 3537 4620; baseline 0.005 -17"><span class='ocrx_word' id='word_1_799' title='bbox 3129 4559 3384 4620; x_wconf 83' lang='lat' dir='ltr'><strong>tanquam</strong></span> <span class='ocrx_word' id='word_1_800' title='bbox 3441 4550 3537 4606; x_wconf 85' lang='lat' dir='ltr'><strong>tibi</strong></span> 
     </span>
    </p>
   </div>
   <div class='ocr_carea' id='block_1_121' title="bbox 1961 4619 3538 4691">
    <p class='ocr_par' dir='ltr' id='par_1_121' title="bbox 1961 4619 3538 4691">
     <span class='ocr_line' id='line_1_122' title="bbox 1961 4619 3538 4691; baseline -0.001 -14"><span class='ocrx_word' id='word_1_801' title='bbox 1961 4624 2316 4688; x_wconf 90' lang='lat' dir='ltr'><strong>contrarium,</strong></span> <span class='ocrx_word' id='word_1_802' title='bbox 2364 4622 2603 4688; x_wconf 90' lang='lat' dir='ltr'><strong>audires,</strong></span> <span class='ocrx_word' id='word_1_803' title='bbox 2651 4630 2782 4676; x_wconf 90' lang='lat' dir='ltr'><strong>tunc</strong></span> <span class='ocrx_word' id='word_1_804' title='bbox 2836 4623 2997 4691; x_wconf 89' lang='lat' dir='ltr'><strong>plane</strong></span> <span class='ocrx_word' id='word_1_805' title='bbox 3047 4619 3144 4674; x_wconf 90' lang='lat' dir='ltr'><strong>tibi</strong></span> <span class='ocrx_word' id='word_1_806' title='bbox 3194 4619 3257 4674; x_wconf 88' lang='lat' dir='ltr'><strong>ea</strong></span> <span class='ocrx_word' id='word_1_807' title='bbox 3301 4619 3538 4675; x_wconf 87' lang='lat' dir='ltr'><strong>oriretur</strong></span> 
     </span>
    </p>
   </div>
   <div class='ocr_carea' id='block_1_122' title="bbox 1957 4691 3532 4764">
    <p class='ocr_par' dir='ltr' id='par_1_122' title="bbox 1957 4691 3532 4764">
     <span class='ocr_line' id='line_1_123' title="bbox 1957 4691 3532 4764; baseline -0.001 -19"><span class='ocrx_word' id='word_1_808' title='bbox 1957 4693 2217 4764; x_wconf 84' lang='lat' dir='ltr'><strong>suspicio,</strong></span> <span class='ocrx_word' id='word_1_809' title='bbox 2241 4694 2340 4748; x_wconf 89' lang='lat' dir='ltr'><strong>has</strong></span> <span class='ocrx_word' id='word_1_810' title='bbox 2369 4692 2557 4747; x_wconf 89' lang='lat' dir='ltr'><strong>laudes</strong></span> <span class='ocrx_word' id='word_1_811' title='bbox 2583 4693 2782 4764; x_wconf 86' lang='lat' dir='ltr'><strong>Cyrillo</strong></span> <span class='ocrx_word' id='word_1_812' title='bbox 2802 4692 2937 4762; x_wconf 79' lang='grc' dir='ltr'><strong>πρὸς</strong></span> <span class='ocrx_word' id='word_1_813' title='bbox 2959 4692 3146 4764; x_wconf 74' lang='grc' dir='ltr'>χάριν,</span> <span class='ocrx_word' id='word_1_814' title='bbox 3180 4691 3250 4744; x_wconf 89' lang='lat' dir='ltr'><strong>ad</strong></span> <span class='ocrx_word' id='word_1_815' title='bbox 3279 4691 3532 4764; x_wconf 68' lang='lat' dir='ltr'><strong>gratiam,</strong></span> 
     </span>
    </p>
   </div>
   <div class='ocr_carea' id='block_1_123' title="bbox 1956 4749 3537 4887">
    <p class='ocr_par' dir='ltr' id='par_1_123' title="bbox 1956 4749 3537 4887">
     <span class='ocr_line' id='line_1_124' title="bbox 1956 4749 3537 4887; baseline 0.002 -73"><span class='ocrx_word' id='word_1_816' title='bbox 1956 4771 2014 4887; x_wconf 53' lang='grc' dir='ltr'>δι</span> <span class='ocrx_word' id='word_1_817' title='bbox 2046 4749 2227 4832; x_wconf 75' lang='lat' dir='ltr'><strong>specie</strong></span> <span class='ocrx_word' id='word_1_818' title='bbox 2259 4772 2466 4817; x_wconf 86' lang='lat' dir='ltr'><strong>tantum</strong></span> <span class='ocrx_word' id='word_1_819' title='bbox 2493 4801 2508 4827; x_wconf 90' lang='lat'><strong>,</strong></span> <span class='ocrx_word' id='word_1_820' title='bbox 2556 4749 2665 4818; x_wconf 71' lang='lat' dir='ltr'><strong>noii</strong></span> <span class='ocrx_word' id='word_1_821' title='bbox 2708 4749 2889 4818; x_wconf 79' lang='lat' dir='ltr'><strong>autem</strong></span> <span class='ocrx_word' id='word_1_822' title='bbox 2917 4749 3142 4817; x_wconf 45' lang='lat' dir='ltr'><strong>&#39;si&#39;itc&#39;ero&#39;</strong></span> <span class='ocrx_word' id='word_1_823' title='bbox 3172 4749 3334 4817; x_wconf 79' lang='lat' dir='ltr'><strong>corde</strong></span> <span class='ocrx_word' id='word_1_824' title='bbox 3367 4749 3537 4817; x_wconf 81' lang='lat' dir='ltr'><strong>fuisse</strong></span> 
     </span>
     <span class='ocr_line' id='line_1_125' title="bbox 1995 4841 2131 4887; baseline 0.007 -1"><span class='ocrx_word' id='word_1_825' title='bbox 1995 4841 2131 4887; x_wconf 87' lang='lat' dir='ltr'><strong>atas.</strong></span> 
     </span>
    </p>
   </div>
   <div class='ocr_carea' id='block_1_124' title="bbox 1995 4841 2131 4887">
    <p class='ocr_par' dir='ltr' id='par_1_124' title="bbox 1995 4841 2131 4887">
     <span class='ocr_line' id='line_1_126' title="bbox 1995 4841 2131 4887; baseline 0.007 -1"><span class='ocrx_word' id='word_1_826' title='bbox 1995 4841 2131 4887; x_wconf 88' lang='lat' dir='ltr'><strong>atas.</strong></span> 
     </span>
    </p>
   </div>
   <div class='ocr_carea' id='block_1_125' title="bbox 2032 4901 3531 4972">
    <p class='ocr_par' dir='ltr' id='par_1_125' title="bbox 2032 4901 3531 4972">
     <span class='ocr_line' id='line_1_127' title="bbox 2032 4901 3531 4972; baseline 0 -16"><span class='ocrx_word' id='word_1_827' title='bbox 2032 4904 2152 4957; x_wconf 85' lang='grc'><strong>117.</strong></span> <span class='ocrx_word' id='word_1_828' title='bbox 2194 4903 2329 4958; x_wconf 90' lang='lat' dir='ltr'><strong>Cum</strong></span> <span class='ocrx_word' id='word_1_829' title='bbox 2379 4904 2498 4960; x_wconf 76' lang='lat' dir='ltr'><strong>hch</strong></span> <span class='ocrx_word' id='word_1_830' title='bbox 2529 4902 2711 4956; x_wconf 90' lang='lat' dir='ltr'><strong>omnia</strong></span> <span class='ocrx_word' id='word_1_831' title='bbox 2758 4903 2825 4957; x_wconf 88' lang='lat' dir='ltr'><strong>ad</strong></span> <span class='ocrx_word' id='word_1_832' title='bbox 2871 4901 3165 4957; x_wconf 90' lang='lat' dir='ltr'><strong>concilium</strong></span> <span class='ocrx_word' id='word_1_833' title='bbox 3194 4901 3531 4972; x_wconf 89' lang='lat' dir='ltr'><strong>Ephesinum</strong></span> 
     </span>
    </p>
   </div>
   <div class='ocr_carea' id='block_1_126' title="bbox 1943 4973 3533 5045">
    <p class='ocr_par' dir='ltr' id='par_1_126' title="bbox 1943 4973 3533 5045">
     <span class='ocr_line' id='line_1_128' title="bbox 1943 4973 3533 5045; baseline 0.001 -19"><span class='ocrx_word' id='word_1_834' title='bbox 1943 4983 2224 5043; x_wconf 88' lang='lat' dir='ltr'><strong>.spectent,</strong></span> <span class='ocrx_word' id='word_1_835' title='bbox 2245 4973 2590 5045; x_wconf 84' lang='lat' dir='ltr'><strong>intelligenda</strong></span> <span class='ocrx_word' id='word_1_836' title='bbox 2609 4973 2767 5042; x_wconf 87' lang='lat' dir='ltr'><strong>plane</strong></span> <span class='ocrx_word' id='word_1_837' title='bbox 2792 4983 2920 5027; x_wconf 89' lang='lat' dir='ltr'><strong>sunt</strong></span> <span class='ocrx_word' id='word_1_838' title='bbox 2943 4973 3010 5027; x_wconf 92' lang='lat' dir='ltr'><strong>de</strong></span> <span class='ocrx_word' id='word_1_839' title='bbox 3050 4973 3533 5045; x_wconf 72' lang='lat' dir='ltr'><strong>acclamationibus</strong></span> 
     </span>
    </p>
   </div>
   <div class='ocr_carea' id='block_1_127' title="bbox 1955 5041 3532 5114">
    <p class='ocr_par' dir='ltr' id='par_1_127' title="bbox 1955 5041 3532 5114">
     <span class='ocr_line' id='line_1_129' title="bbox 1955 5041 3532 5114; baseline 0 -18"><span class='ocrx_word' id='word_1_840' title='bbox 1955 5041 2078 5113; x_wconf 66' lang='lat' dir='ltr'><strong>qua:</strong></span> <span class='ocrx_word' id='word_1_841' title='bbox 2119 5054 2240 5114; x_wconf 90' lang='lat' dir='ltr'><strong>post</strong></span> <span class='ocrx_word' id='word_1_842' title='bbox 2273 5041 2508 5098; x_wconf 75' lang='lat' dir='ltr'><strong>Nestorii</strong></span> <span class='ocrx_word' id='word_1_843' title='bbox 2544 5041 2944 5114; x_wconf 84' lang='lat' dir='ltr'><strong>damnationem</strong></span> <span class='ocrx_word' id='word_1_844' title='bbox 2987 5058 3016 5095; x_wconf 91' lang='lat' dir='ltr'><strong>a</strong></span> <span class='ocrx_word' id='word_1_845' title='bbox 3047 5041 3296 5114; x_wconf 77' lang='lat' dir='ltr'><strong>Patrjbus</strong></span> <span class='ocrx_word' id='word_1_846' title='bbox 3335 5041 3532 5112; x_wconf 86' lang='lat' dir='ltr'><strong>Cyrillo</strong></span> 
     </span>
    </p>
   </div>
   <div class='ocr_carea' id='block_1_128' title="bbox 1955 5111 3525 5180">
    <p class='ocr_par' dir='ltr' id='par_1_128' title="bbox 1955 5111 3525 5180">
     <span class='ocr_line' id='line_1_130' title="bbox 1955 5111 3525 5180; baseline -0.002 -13"><span class='ocrx_word' id='word_1_847' title='bbox 1955 5111 2086 5169; x_wconf 73' lang='lat' dir='ltr'><strong>sunt</strong></span> <span class='ocrx_word' id='word_1_848' title='bbox 2114 5111 2282 5170; x_wconf 65' lang='lat' dir='ltr'><strong>datae:</strong></span> <span class='ocrx_word' id='word_1_849' title='bbox 2315 5123 2373 5168; x_wconf 94' lang='lat' dir='ltr'><strong>ut</strong></span> <span class='ocrx_word' id='word_1_850' title='bbox 2402 5117 2455 5167; x_wconf 93' lang='lat' dir='ltr'><strong>in</strong></span> <span class='ocrx_word' id='word_1_851' title='bbox 2478 5113 2688 5166; x_wconf 88' lang='lat' dir='ltr'><strong>actione</strong></span> <span class='ocrx_word' id='word_1_852' title='bbox 2717 5113 2975 5174; x_wconf 90' lang='lat' dir='ltr'><strong>secunda,</strong></span> <span class='ocrx_word' id='word_1_853' title='bbox 2999 5128 3122 5166; x_wconf 91' lang='lat' dir='ltr'><strong>cum</strong></span> <span class='ocrx_word' id='word_1_854' title='bbox 3155 5111 3346 5167; x_wconf 83' lang='lat' dir='ltr'><strong>Petrus</strong></span> <span class='ocrx_word' id='word_1_855' title='bbox 3371 5127 3525 5180; x_wconf 87' lang='lat' dir='ltr'><strong>pres-</strong></span> 
     </span>
    </p>
   </div>
   <div class='ocr_carea' id='block_1_129' title="bbox 1955 5181 3526 5253">
    <p class='ocr_par' dir='ltr' id='par_1_129' title="bbox 1955 5181 3526 5253">
     <span class='ocr_line' id='line_1_131' title="bbox 1955 5181 3526 5253; baseline -0.004 -14"><span class='ocrx_word' id='word_1_856' title='bbox 1955 5184 2111 5253; x_wconf 84' lang='lat' dir='ltr'><strong>byter</strong></span> <span class='ocrx_word' id='word_1_857' title='bbox 2161 5184 2555 5238; x_wconf 79' lang='lat' dir='ltr'><strong>Alexandrinus</strong></span> <span class='ocrx_word' id='word_1_858' title='bbox 2577 5182 2854 5237; x_wconf 71' lang='lat' dir='ltr'><strong>leestini</strong></span> <span class='ocrx_word' id='word_1_859' title='bbox 2886 5198 3038 5252; x_wconf 72' lang='lat' dir='ltr'><strong>papa:</strong></span> <span class='ocrx_word' id='word_1_860' title='bbox 3056 5182 3270 5253; x_wconf 85' lang='lat' dir='ltr'><strong>litteras</strong></span> <span class='ocrx_word' id='word_1_861' title='bbox 3287 5181 3526 5253; x_wconf 81' lang='lat' dir='ltr'><strong>legisset,</strong></span> 
     </span>
    </p>
   </div>
   <div class='ocr_carea' id='block_1_130' title="bbox 1955 5250 3522 5322">
    <p class='ocr_par' dir='ltr' id='par_1_130' title="bbox 1955 5250 3522 5322">
     <span class='ocr_line' id='line_1_132' title="bbox 1955 5250 3522 5322; baseline -0.004 -15"><span class='ocrx_word' id='word_1_862' title='bbox 1955 5250 2159 5317; x_wconf 79' lang='grc' dir='ltr'>πάντες</span> <span class='ocrx_word' id='word_1_863' title='bbox 2203 5256 2251 5307; x_wconf 88' lang='grc' dir='ltr'><strong>οἰ</strong></span> <span class='ocrx_word' id='word_1_864' title='bbox 2300 5253 2687 5322; x_wconf 61' lang='grc' dir='ltr'>εὐσεϐέστατοι</span> <span class='ocrx_word' id='word_1_865' title='bbox 2708 5250 2995 5306; x_wconf 76' lang='grc' dir='ltr'>ἐπίσκοποι</span> <span class='ocrx_word' id='word_1_866' title='bbox 3040 5250 3166 5322; x_wconf 58' lang='grc' dir='ltr'>ἅμα</span> <span class='ocrx_word' id='word_1_867' title='bbox 3183 5251 3484 5322; x_wconf 66' lang='grc' dir='ltr'>ἀνεβόησαν</span> <span class='ocrx_word' id='word_1_868' title='bbox 3510 5266 3522 5277; x_wconf 87' lang='grc'><strong>·</strong></span> 
     </span>
    </p>
   </div>
   <div class='ocr_carea' id='block_1_131' title="bbox 1954 5315 3523 5394">
    <p class='ocr_par' dir='ltr' id='par_1_131' title="bbox 1954 5315 3523 5394">
     <span class='ocr_line' id='line_1_133' title="bbox 1954 5315 3523 5394; baseline -0.004 -17"><span class='ocrx_word' id='word_1_869' title='bbox 1954 5324 2102 5394; x_wconf 77' lang='grc' dir='ltr'><strong>Αὕτη</strong></span> <span class='ocrx_word' id='word_1_870' title='bbox 2133 5315 2317 5377; x_wconf 81' lang='grc' dir='ltr'>δικαία</span> <span class='ocrx_word' id='word_1_871' title='bbox 2344 5324 2526 5394; x_wconf 64' lang='grc' dir='ltr'>κρίσις</span> <span class='ocrx_word' id='word_1_872' title='bbox 2550 5359 2610 5394; x_wconf 67' lang='lat'><strong>...</strong></span> <span class='ocrx_word' id='word_1_873' title='bbox 2635 5316 2716 5385; x_wconf 76' lang='grc' dir='ltr'>εἷς</span> <span class='ocrx_word' id='word_1_874' title='bbox 2738 5322 3051 5394; x_wconf 74' lang='grc' dir='ltr'>Κελεστίνος</span> <span class='ocrx_word' id='word_1_875' title='bbox 3072 5315 3192 5394; x_wconf 42' lang='lat' dir='ltr'><strong>isi;</strong></span> <span class='ocrx_word' id='word_1_876' title='bbox 3216 5315 3490 5394; x_wconf 22' lang='lat' dir='ltr'><strong>AK&#39;iptDto;</strong></span> <span class='ocrx_word' id='word_1_877' title='bbox 3510 5336 3523 5350; x_wconf 88' lang='grc'><strong>·</strong></span> 
     </span>
    </p>
   </div>
   <div class='ocr_carea' id='block_1_132' title="bbox 1958 5389 3523 5462">
    <p class='ocr_par' dir='ltr' id='par_1_132' title="bbox 1958 5389 3523 5462">
     <span class='ocr_line' id='line_1_134' title="bbox 1958 5389 3523 5462; baseline 0.001 -18"><span class='ocrx_word' id='word_1_878' title='bbox 1958 5394 2056 5460; x_wconf 83' lang='grc' dir='ltr'><strong>μία</strong></span> <span class='ocrx_word' id='word_1_879' title='bbox 2089 5389 2271 5456; x_wconf 46' lang='lat' dir='ltr'><strong>amt;</strong></span> <span class='ocrx_word' id='word_1_880' title='bbox 2304 5389 2404 5462; x_wconf 72' lang='grc' dir='ltr'><strong>τῆξ</strong></span> <span class='ocrx_word' id='word_1_881' title='bbox 2431 5392 2811 5462; x_wconf 37' lang='grc' dir='ltr'>συνόδουπμία</span> <span class='ocrx_word' id='word_1_882' title='bbox 2843 5391 3025 5462; x_wconf 79' lang='grc' dir='ltr'>πίστις</span> <span class='ocrx_word' id='word_1_883' title='bbox 3055 5391 3152 5462; x_wconf 79' lang='grc' dir='ltr'><strong>τῆς</strong></span> <span class='ocrx_word' id='word_1_884' title='bbox 3181 5389 3523 5460; x_wconf 80' lang='grc' dir='ltr'>οἰκουμένης.</span> 
     </span>
    </p>
   </div>
   <div class='ocr_carea' id='block_1_133' title="bbox 1954 5461 3024 5531">
    <p class='ocr_par' dir='ltr' id='par_1_133' title="bbox 1954 5461 3024 5531">
     <span class='ocr_line' id='line_1_135' title="bbox 1954 5461 3024 5531; baseline -0.003 -14"><span class='ocrx_word' id='word_1_885' title='bbox 1954 5464 2164 5518; x_wconf 82' lang='lat' dir='ltr'><strong>Collect.</strong></span> <span class='ocrx_word' id='word_1_886' title='bbox 2199 5461 2368 5531; x_wconf 74' lang='lat' dir='ltr'><strong>Cone.</strong></span> <span class='ocrx_word' id='word_1_887' title='bbox 2394 5461 2586 5522; x_wconf 81' lang='lat' dir='ltr'><strong>Ilard.,</strong></span> <span class='ocrx_word' id='word_1_888' title='bbox 2614 5469 2653 5515; x_wconf 91' lang='lat' dir='ltr'><strong>t.</strong></span> <span class='ocrx_word' id='word_1_889' title='bbox 2687 5461 2741 5523; x_wconf 91' lang='lat' dir='ltr'><strong>l,</strong></span> <span class='ocrx_word' id='word_1_890' title='bbox 2782 5478 2830 5531; x_wconf 93' lang='lat' dir='ltr'><strong>p.</strong></span> <span class='ocrx_word' id='word_1_891' title='bbox 2871 5461 3024 5515; x_wconf 72' lang='lat' dir='ltr'><strong>H71.</strong></span> 
     </span>
    </p>
   </div>
   <div class='ocr_carea' id='block_1_134' title="bbox 2027 5527 3526 5600">
    <p class='ocr_par' dir='ltr' id='par_1_134' title="bbox 2027 5527 3526 5600">
     <span class='ocr_line' id='line_1_136' title="bbox 2027 5527 3526 5600; baseline -0.003 -12"><span class='ocrx_word' id='word_1_892' title='bbox 2027 5535 2149 5588; x_wconf 85' lang='grc'><strong>118.</strong></span> <span class='ocrx_word' id='word_1_893' title='bbox 2189 5530 2376 5587; x_wconf 83' lang='lat' dir='ltr'><strong>Patres</strong></span> <span class='ocrx_word' id='word_1_894' title='bbox 2421 5532 2485 5587; x_wconf 93' lang='lat' dir='ltr'><strong>ad</strong></span> <span class='ocrx_word' id='word_1_895' title='bbox 2543 5527 2827 5586; x_wconf 81' lang='lat' dir='ltr'><strong>concilium</strong></span> <span class='ocrx_word' id='word_1_896' title='bbox 2868 5531 2920 5584; x_wconf 92' lang='lat' dir='ltr'><strong>in</strong></span> <span class='ocrx_word' id='word_1_897' title='bbox 2972 5528 3242 5600; x_wconf 83' lang='lat' dir='ltr'><strong>Ephesina</strong></span> <span class='ocrx_word' id='word_1_898' title='bbox 3288 5527 3526 5600; x_wconf 73' lang='lat' dir='ltr'><strong>Ecclesia</strong></span> 
     </span>
    </p>
   </div>
   <div class='ocr_carea' id='block_1_135' title="bbox 1955 5598 3528 5674">
    <p class='ocr_par' dir='ltr' id='par_1_135' title="bbox 1955 5598 3528 5674">
     <span class='ocr_line' id='line_1_137' title="bbox 1955 5598 3528 5674; baseline -0.003 -16"><span class='ocrx_word' id='word_1_899' title='bbox 1955 5601 2412 5674; x_wconf 67' lang='lat' dir='ltr'><strong>DeiparzeMariae</strong></span> <span class='ocrx_word' id='word_1_900' title='bbox 2440 5601 2823 5674; x_wconf 77' lang='lat' dir='ltr'><strong>celebrandum</strong></span> <span class='ocrx_word' id='word_1_901' title='bbox 2844 5598 3173 5674; x_wconf 68' lang='lat' dir='ltr'><strong>congregati,</strong></span> <span class='ocrx_word' id='word_1_902' title='bbox 3203 5606 3267 5674; x_wconf 89' lang='lat' dir='ltr'><strong>ut_</strong></span> <span class='ocrx_word' id='word_1_903' title='bbox 3292 5598 3364 5652; x_wconf 91' lang='lat' dir='ltr'><strong>ibi</strong></span> <span class='ocrx_word' id='word_1_904' title='bbox 3393 5615 3528 5668; x_wconf 68' lang='lat' dir='ltr'><strong>prae-</strong></span> 
     </span>
    </p>
   </div>
   <div class='ocr_carea' id='block_1_136' title="bbox 1954 5669 3528 5743">
    <p class='ocr_par' dir='ltr' id='par_1_136' title="bbox 1954 5669 3528 5743">
     <span class='ocr_line' id='line_1_138' title="bbox 1954 5669 3528 5743; baseline -0.003 -15"><span class='ocrx_word' id='word_1_905' title='bbox 1954 5669 2130 5728; x_wconf 77' lang='lat' dir='ltr'><strong>sidere</strong></span> <span class='ocrx_word' id='word_1_906' title='bbox 2158 5672 2437 5728; x_wconf 89' lang='lat' dir='ltr'><strong>Christum</strong></span> <span class='ocrx_word' id='word_1_907' title='bbox 2468 5672 2856 5743; x_wconf 76' lang='lat' dir='ltr'><strong>significarent,</strong></span> <span class='ocrx_word' id='word_1_908' title='bbox 2890 5669 2973 5724; x_wconf 38' lang='lat' dir='ltr'><strong>in’</strong></span> <span class='ocrx_word' id='word_1_909' title='bbox 2998 5669 3446 5743; x_wconf 64' lang='lat' dir='ltr'><strong>zqedio_tbrono.</strong></span> <span class='ocrx_word' id='word_1_910' title='bbox 3473 5679 3528 5724; x_wconf 91' lang='lat' dir='ltr'><strong>et</strong></span> 
     </span>
    </p>
   </div>
   <div class='ocr_carea' id='block_1_137' title="bbox 1955 5729 3526 5819">
    <p class='ocr_par' dir='ltr' id='par_1_137' title="bbox 1955 5729 3526 5819">
     <span class='ocr_line' id='line_1_139' title="bbox 1955 5729 3526 5819; baseline -0.003 -20"><span class='ocrx_word' id='word_1_911' title='bbox 1955 5745 2033 5819; x_wconf 34' lang='lat' dir='ltr'><strong>in‘</strong></span> <span class='ocrx_word' id='word_1_912' title='bbox 2063 5743 2200 5819; x_wconf 79' lang='lat' dir='ltr'><strong>sede</strong></span> <span class='ocrx_word' id='word_1_913' title='bbox 2246 5729 2547 5819; x_wconf 34' lang='lat' dir='ltr'><strong>conspicua;</strong></span> <span class='ocrx_word' id='word_1_914' title='bbox 2582 5729 2984 5819; x_wconf 52' lang='lat' dir='ltr'><strong>sacrosanctum</strong></span> <span class='ocrx_word' id='word_1_915' title='bbox 3032 5729 3125 5819; x_wconf 75' lang='lat' dir='ltr'><strong>Dei</strong></span> <span class='ocrx_word' id='word_1_916' title='bbox 3160 5739 3526 5819; x_wconf 72' lang='lat' dir='ltr'><strong>_Evangclium</strong></span> 
     </span>
    </p>
   </div>
   <div class='ocr_carea' id='block_1_138' title="bbox 1956 5809 3530 5872">
    <p class='ocr_par' dir='ltr' id='par_1_138' title="bbox 1956 5809 3530 5872">
     <span class='ocr_line' id='line_1_140' title="bbox 1956 5809 3530 5872; baseline -0.002 0"><span class='ocrx_word' id='word_1_917' title='bbox 1956 5815 2204 5872; x_wconf 77' lang='lat' dir='ltr'><strong>collocari</strong></span> <span class='ocrx_word' id='word_1_918' title='bbox 2251 5809 2556 5871; x_wconf 73' lang='lat' dir='ltr'><strong>voluerunt.</strong></span> <span class='ocrx_word' id='word_1_919' title='bbox 2591 5813 2780 5868; x_wconf 82' lang='lat' dir='ltr'><strong>TcStes</strong></span> <span class='ocrx_word' id='word_1_920' title='bbox 2826 5817 2952 5866; x_wconf 89' lang='lat' dir='ltr'><strong>sunt</strong></span> <span class='ocrx_word' id='word_1_921' title='bbox 2980 5809 3408 5866; x_wconf 78' lang='lat' dir='ltr'><strong>orthodoxorum</strong></span> <span class='ocrx_word' id='word_1_922' title='bbox 3437 5809 3530 5869; x_wconf 78' lang='lat' dir='ltr'><strong>lit-</strong></span> 
     </span>
    </p>
   </div>
  </div>
