4152 6290
634 245 768 309 1625

631 359 687 412 ln
719 356 856 411 trina
884 396 898 420 ,
929 361 989 407 ut
1013 353 1172 415 dicis,
1206 350 1541 404 monarchia.

699 449 829 514 Sed,
849 446 1065 518 age,dic
1094 445 1248 510 mihi,
1277 443 1684 498 consarcinator
1711 440 2124 508 sophismatnm,

626 540 760 594 Cum
791 537 948 592 nobis
977 535 1283 590 communis
1317 533 1388 588 sit
1414 531 1688 602 proposita
1723 528 2022 596 Scriptura,

626 629 935 697 Omnesque
969 626 1024 680 in
1060 641 1223 680 unam
1251 621 1582 679 conveniant
1625 617 1986 672 sententiam:

626 721 910 787 Quomodo
933 719 1242 787 detorqnes,
1275 725 1338 770 ut
1359 715 1508 777 libet,
1537 711 1719 774 verba,

631 811 814 880 Deque
843 808 1056 880 placitis
1077 849 1092 872 ,
1129 807 1304 876 deque
1339 804 1432 859 tibi
1460 818 1568 856 non
1601 798 1812 871 placitis

633 899 842 954 Statuis
871 897 1238 960 definitiones,
1279 895 1581 948 decernens
1612 899 1671 942 ut
1709 887 1791 942 vis
1812 901 1824 922 ι

702 990 892 1052 llomo,
925 1005 1100 1058 neque
1119 986 1304 1041 furtim
1347 984 1685 1051 Scripturam
1708 977 1957 1040 abradas,

630 1081 818 1152 Neque
848 1082 974 1135 item
1003 1096 1069 1134 ex
1093 1088 1184 1132 tuo
1204 1075 1538 1146 superaddas
1569 1072 1884 1140 Scriptura).

631 1181 811 1242 Apage
831 1163 956 1226 cum
990 1170 1094 1224 hoc
1123 1177 1216 1223 tuo
1241 1168 1386 1221 dono
1419 1181 1482 1219 ex
1525 1163 1721 1218 litteris

632 1261 1096 1332 Supervacaneis:
1135 1260 1393 1314 damnum
1415 1257 1545 1312 mihi
1587 1262 1885 1324 comparat.

628 1353 808 1424 Apage
837 1367 960 1405 cum
991 1350 1358 1406 inverecunde
1387 1349 1589 1419 syllaba
1629 1346 1919 1407 subducta,

628 1442 781 1510 Quae
815 1445 1012 1500 divinae
1047 1443 1284 1499 detrahit
1311 1443 1586 1498 essentiae.

628 1536 774 1589 Nihil
806 1537 952 1590 enim
983 1534 1312 1590 monstrabis
1346 1532 1401 1588 in
1424 1529 1722 1602 Scripturis
1749 1525 2061 1598 approbatis

630 1628 790 1682 Exiis
809 1670 823 1694 ,
850 1643 970 1697 qua:
998 1636 1233 1693 eructas,
1266 1627 1563 1698 nugacibus
1583 1623 1808 1685 deliriis,

633 1720 736 1774 Sed
784 1733 987 1774 temere
1029 1729 1083 1773 tu
1110 1721 1252 1791 leges
1275 1719 1508 1790 imponis
1539 1717 1710 1779 libris,

629 1809 929 1873 Abradens,
971 1811 1329 1870 subtrahens,
1357 1807 1619 1878 adjiciens
1639 1847 1653 1871 ,
1689 1806 2065 1861 confarciens:

628 1900 803 1971 Atque
826 1901 1088 1965 scelesta,
1115 1911 1171 1956 et
1216 1901 1458 1956 subdola:
1493 1899 1804 1954 confusioni

630 1992 844 2047 Manum
887 1993 1119 2048 libenter
1139 1993 1480 2053 commodas.
1515 2003 1570 2047 et
1635 1993 1903 2062 scriptura
1939 1992 2068 2046 falsa

631 2085 777 2140 Lites
795 2087 978 2141 dolose
1000 2087 1204 2150 nectis,
1237 2101 1346 2141 non
1372 2086 1640 2140 reveritus
1669 2085 1834 2156 leges.

697 2176 931 2232 Necesse
956 2187 1073 2232 erat
1107 2187 1168 2232 ut
1213 2180 1282 2233 ad
1313 2181 1694 2234 contentiones
1714 2179 1924 2232 veniret

631 2267 724 2325 ille
752 2270 913 2338 idem,
941 2272 1032 2342 qui
1064 2271 1238 2328 fuerat
1266 2271 1470 2328 erroris
1495 2271 1761 2342 sophista.

1906 283 1910 288 .
1941 234 2258 294 GEORGII
2290 233 2564 294 PISID/E

3757 228 3903 292 1636

2448 343 2539 405 El;
2563 341 2862 412 τριαδικὴν,
2893 340 2966 402 ὼς
2989 340 3187 406 λέγεις,
3219 338 3533 408 μοναρχίαν.

2525 433 2666 486 Ἀλλ’
2693 433 2813 486 εἰπέ
2846 451 2935 501 μοι
2969 432 3230 500 σύνδεσμε
3263 431 3371 483 τῶν
3412 433 3796 502 σοφισμάτων,

2447 526 2649 595 Κοινῆς
2677 528 2807 595 παρ’
2840 526 2972 594 ἡμῖν
3000 524 3096 593 τῆς
3133 523 3358 592 Γραφῆς
3393 523 3796 592 προκειμένης,

2446 619 2653 670 Ὄντων
2686 635 2744 669 τε
2772 615 2964 669 κοινῶν
2996 615 3102 667 τῶν
3132 614 3422 684 νοημάτων
3453 614 3608 676 ὅλων,

2447 707 2571 770 Πῶς
2604 706 2947 776 ἐξαμέ).γεις,
2979 707 3054 770 ὡς
3089 705 3283 768 θέλεις,
3312 703 3380 756 τὰ
3411 706 3654 774 ῥήματα,

2443 799 2563 851 Τῶν
2593 800 2675 852 σοὶ
2701 797 3018 861 δοκούντων,
3048 797 3156 850 τῶν
3186 797 3242 848 δὲ
3281 795 3356 866 μὴ
3385 795 3719 863 δεδογμένων

2306 892 2409 946 175
2447 892 2676 954 Τάττεις
2708 890 2992 962 ὁρισμοὺς,
3034 889 3394 958 δογματίζων,
3428 888 3504 950 ὡς
3527 887 3705 947 θέλεις
3737 927 3751 949 ,

2521 982 2833 1053 Ἄνθρωπε,
2875 983 3010 1054 μήτε
3039 982 3238 1034 κλέπτε
3267 981 3366 1050 τὴν
3390 979 3432 1031 Γ
3440 980 3612 1050 ραφὴν
3645 979 3807 1042 ξέων,

2447 1075 2590 1144 Μηδ⁶
2622 1070 2686 1128 αὖ
2719 1074 2943 1145 χαρίζου
2974 1077 3038 1144 τῇ
3073 1075 3260 1144 Γραφῇ
3285 1073 3716 1143 παρεγγράφων.

2441 1166 2547 1219 Φεῦ
2574 1169 2674 1236 τῆς
2696 1169 2875 1236 κακῆς
2910 1185 3002 1220 σου
3033 1169 3240 1236 δωρεᾶς
3273 1167 3381 1219 τῶν
3411 1166 3758 1237 γραμμάτων

2461 1259 2548 1312 Ἐν
2575 1258 2654 1330 τῷ
2684 1259 2943 1329 περιττῷ,
2971 1259 3224 1330 προξενεῖ
3255 1275 3345 1329 μοι
3376 1258 3602 1326 ζημίαν.

2311 1348 2412 1403 180
2449 1347 2552 1401 Φεῦ
2581 1351 2680 1420 τῆς
2714 1349 2967 1412 ἀναιδοῦς
2995 1349 3266 1416 συλλαϐῆς
3290 1348 3645 1417 συλουμένης,

2449 1442 2559 1493 Καὶ
2589 1441 2895 1513 ζημιούσης
2926 1443 3021 1496 τοῦ
3051 1441 3187 1496 Θεοῦ
3219 1441 3318 1514 τὴν
3347 1441 3556 1494 οὐσίαν.

2449 1533 2523 1585 Οὐ
2556 1533 2664 1604 γάρ
2691 1551 2743 1587 τι
2773 1534 2970 1600 δείξεις
2998 1537 3118 1598 ταῖς
3151 1534 3392 1602 Γραφαίς
3421 1533 3542 1594 ταῖς
3571 1528 3894 1600 ὲγκρξτοις,

2463 1623 2553 1688 Ἐξ
2580 1618 2654 1678 ὧν
2682 1625 2880 1697 ὲρεύγῃ
2913 1626 3206 1695 φληνάφων
3229 1625 3559 1695 ληρημάτων
3593 1639 3608 1652 ·

2464 1715 2600 1769 Ἀλλ’
2632 1717 2792 1780 αὐτὸς
2823 1718 2943 1787 είκῆ
2980 1716 3289 1787 νομοθετεῖς
3321 1717 3434 1779 τοῖς
3465 1715 3687 1784 βιδλίοις

2311 1807 2412 1862 185
2449 1807 2614 1874 Ξέων,
2647 1809 2914 1878 ὑφέλκων,
2949 1809 3297 1873 ἁντιϐἀλλων,
3339 1807 3719 1878 προσπλέκων,

2452 1899 2562 1951 Καὶ
2589 1902 2654 1969 τῇ
2677 1900 2912 1970 πονηρᾷ,
2947 1899 3041 1952 καὶ
3067 1899 3361 1968 πανούργῳ
3392 1895 3651 1966 συγχύσει

2448 1992 2558 2057 Τὴν
2586 1995 2742 2061 χεῖρα
2769 1993 2963 2062 κιχρᾷς
2982 2032 2998 2055 ,
3030 1991 3123 2044 καὶ
3155 1994 3339 2062 γραφῇ
3363 1988 3770 2059 πλαστογράςφ

2448 2084 2615 2147 Δίκας
2649 2085 2915 2154 ὑφαίνεις,
2953 2084 3028 2155 μὴ
3051 2083 3302 2146 δεδοικὼς
3331 2084 3455 2148 τοὺς
3481 2081 3702 2152 νόμους.

2532 2179 2678 2231 Ἔδει
2703 2182 2959 2250 παρεῖναι
2987 2179 3085 2248 τὴν
3114 2178 3393 2250 ὲριστικὴν
3418 2177 3600 2247 φύσιν,

2318 2271 2418 2326 190
2470 2273 2706 2327 Ἐκεῖνον
2733 2273 2892 2326 αὐτὸν
2915 2273 3005 2326 τὸν
3034 2273 3290 2342 σοφιστὴν
3314 2272 3409 2341 τῆς
3437 2269 3668 2338 πλάνης.

2304 434 2404 488 170

2135 2447 2367 2503 NOTAE.

628 2604 722 2660 τοῦ
768 2603 1026 2676 Χριστοῦ,
1055 2605 1155 2658 οὐκ
1177 2675 1184 2676 7
1203 2603 1361 2667 ἄλλος
1394 2604 1488 2676 καὶ
1533 2603 1710 2676 ἄλλος,
1743 2601 2052 2676 ansam
2077 2601 2197 2676 Attat

631 2677 784 2730 ἄλλο’
815 2670 908 2728 ἐπὶ
932 2675 988 2727 δὲ
1020 2677 1117 2744 τῆς
1145 2675 1394 2745 Τριάδος,
1420 2675 1518 2727 οὐκ
1547 2675 1675 2728 ἄλλο
1704 2675 1798 2726 καὶ
1823 2673 1977 2745 αλλο·
2021 2691 2039 2723 ι
2068 2670 2200 2736 Qua:

631 2747 688 2799 in
727 2746 991 2798 Trinitate
1040 2743 1294 2798 dicuntur
1324 2744 1690 2814 singulariter,
1727 2745 1780 2796 in
1809 2743 2028 2796 Christo
2062 2758 2200 2814 con-

631 2817 798 2870 trario
827 2815 987 2869 modo
1015 2830 1073 2869 se
1102 2815 1320 2869 habent.
1357 2812 1487 2868 Nam
1525 2815 1576 2868 in
1609 2814 1872 2867 Trinitate
1918 2820 2001 2865 est
2036 2812 2196 2871 alius,

631 2897 684 2939 et
717 2887 854 2940 alius
879 2903 892 2939 :
929 2885 982 2938 in
1005 2885 1220 2939 Christo
1250 2900 1378 2937 vero
1405 2901 1511 2938 non
1542 2894 1624 2939 est
1653 2884 1810 2945 alius,
1838 2893 1893 2937 et
1917 2883 2074 2944 alius,
2101 2881 2196 2935 sed

631 2957 798 3021 aliud,
839 2964 893 3008 et
926 2955 1099 3021 aliud;
1149 2955 1203 3009 in
1247 2953 1512 3009 Trinitate
1561 2966 1740 3007 autem
1787 2969 1895 3006 non
1943 2953 2110 3018 aliud,
2146 2960 2200 3005 et

632 3027 796 3080 aliud.
831 3044 849 3076 ›
887 3027 954 3078 At
981 3025 1235 3082 Severus.
1267 3025 1357 3093 qui
1388 3041 1511 3078 cum
1536 3024 1828 3078 Catholicis
1853 3039 2014 3076 unam
2046 3030 2200 3076 natu-

633 3112 770 3162 ram,
809 3105 863 3149 et
893 3107 1002 3149 tres
1043 3097 1355 3165 hypostases
1387 3096 1440 3148 in
1483 3095 1766 3155 Triuitate,
1799 3109 2070 3165 unamque
2106 3093 2201 3163 hy-

631 3166 912 3235 postasim,
943 3175 998 3220 et
1044 3163 1178 3220 duas
1223 3175 1446 3218 naturas
1495 3167 1546 3218 in
1602 3164 1974 3218 incarnatione
2020 3163 2202 3217 dicere

629 3237 867 3299 nolebat,
900 3236 992 3290 sed
1039 3252 1162 3290 cum
1209 3236 1450 3305 profanis
1480 3235 1818 3304 philosophis
1847 3235 2199 3304 hypostasim,

630 3315 686 3360 et
731 3317 976 3360 naturam
1015 3307 1068 3360 in
1119 3322 1284 3359 unum
1316 3305 1683 3359 confundebat
1707 3347 1720 3368 ,
1751 3319 1937 3358 vocem
1969 3314 2195 3364 natum,

632 3386 883 3446 tanquam
915 3376 1165 3430 Trinitati
1203 3375 1514 3446 injuriosam
1550 3391 1814 3444 usurpare
1840 3389 1948 3427 non
1984 3373 2202 3444 religio-

630 3447 735 3510 nis,
769 3446 860 3500 sed
892 3447 1107 3500 malitiae
1143 3447 1323 3499 studio
1349 3445 1602 3514 fugiebat.

701 3516 822 3570 169.
867 3515 1137 3582 Τριαδικὴ
1181 3511 1498 3584 μοναρχῖα,
1530 3516 1666 3567 trina
1716 3513 2042 3566 monarcln'a.
2089 3511 2200 3584 No-

631 3603 750 3639 vam
778 3587 916 3638 hanc
944 3601 1063 3639 esse
1093 3583 1278 3638 Severi
1305 3583 1632 3638 locutionem
1663 3599 1772 3637 non
1801 3583 2021 3646 dubito,
2048 3583 2202 3651 cujus

632 3656 773 3723 apud
809 3657 992 3708 Patres
1027 3655 1255 3715 nullum,
1286 3654 1430 3722 quod
1475 3654 1660 3716 sciam,
1690 3659 1863 3723 exsrat
1910 3667 2202 3723 argntnenf

633 3722 744 3779 tum
767 3740 781 3786 ;
818 3723 1059 3791 quamvis
1075 3739 1217 3792 szepe
1241 3724 1540 3793 simplicem
1567 3722 1891 3776 monarchire
1915 3737 2096 3793 vocem
2127 3722 2198 3775 illi

633 3801 918 3862 nsurpent,
951 3803 1006 3847 ut
1040 3808 1207 3846 unum
1236 3792 1358 3847 esse
1391 3793 1558 3846 Deum
1593 3802 1778 3846 contra
1803 3792 2052 3862 ethnicos
2077 3808 2202 3862 pro-

630 3861 782 3924 bent,
813 3863 956 3931 quod
1006 3878 1117 3932 pne
1167 3863 1380 3917 caeteris
1409 3863 1642 3917 ostendit
1689 3873 1909 3916 sanctus
1955 3861 2201 3916 Justinus

632 3942 830 4002 martyr
860 3933 987 4004 napi.
1021 3935 1337 4004 μοναρχίας.
1366 3933 1568 4004 ίγειοιιιη
1599 3933 1795 3986 trinam
1828 3933 2200 4004 monarehiam

629 4001 783 4071 :eqne
811 4017 874 4055 ac
910 4001 1106 4056 trinum
1148 4001 1310 4056 Deum
1346 4003 1450 4057 dici
1497 4019 1656 4072 posse
1688 4013 1837 4072 puto.
1873 4001 1943 4055 Ita
1980 4012 2202 4058 sanctus

628 4073 783 4126 .Ioan.
804 4073 1182 4142 Damascenus
1208 4114 1221 4138 ,
1257 4073 1434 4127 Contr.
1468 4073 1649 4126 Iacob.
1677 4114 1690 4135 ,
1723 4088 1841 4142 pag.
1880 4072 1980 4126 587
2008 4112 2022 4132 ,
2076 4090 2203 4140 μον-

629 4141 862 4225 αρχικὴν
895 4142 1199 4225 opem-inm),
1232 4145 1384 4197 unius
1414 4143 1641 4210 imperii,
1675 4153 1721 4196 et
1751 4141 2055 4198 substantia:
2084 4144 2203 4197 Tri-

630 4213 861 4265 nitatem
891 4213 1142 4280 appellat.

701 4282 824 4353 1Ῑ1.
877 4282 1102 4353 Κοινὴν
1132 4281 1383 4351 Γραφὴν
1423 4282 1670 4353 intelligit
1714 4298 1821 4335 non
1849 4281 2010 4335 modo
2051 4297 2200 4336 sacra

632 4349 822 4422 llihlia,
881 4351 974 4404 sed
1022 4352 1185 4406 etiam
1233 4349 1851 4408 conciliorum'codiees
1884 4392 1898 4415 ,
1958 4353 2008 4404 iu
2074 4353 2196 4422 qui-

631 4421 733 4477 bus
788 4420 1014 4475 formula
1055 4421 1174 4475 fidei
1231 4432 1349 4476 erat
1395 4423 1635 4477 definita.
1683 4423 1814 4476 Vide
1863 4420 2205 4476 Auastasium

630 4506 751 4560 pag.
777 4490 844 4543 45
871 4500 924 4545 et
958 4492 1027 4545 55
1047 4535 1061 4556 ,
1085 4492 1175 4560 qui
1205 4492 1410 4546 Veteris
1451 4491 1691 4560 Novique
1743 4491 2070 4545 'l‘estamenti
2107 4509 2205 4546 au-

631 4561 882 4615 ctoritate
907 4599 921 4623 ,
965 4571 1020 4616 et
1048 4562 1266 4632 Patrum
1304 4562 1627 4615 testimoniis
1667 4563 1857 4632 probat
1888 4573 2134 4615 naturam
2175 4579 2205 4616 a

632 4631 1144 4703 personadistingui
1183 4676 1199 4700 ,
1226 4641 1280 4685 et
1311 4643 1457 4703 recte
1489 4633 1542 4686 in
1569 4631 1786 4686 Cltristo
1816 4631 1953 4684 duas
1987 4641 2208 4703 naturas

631 4700 905 4772 :tlllrmari.
931 4704 996 4754 At
1029 4700 1264 4756 Severus
1292 4702 1470 4755 omnia
1509 4717 1601 4756 sus
1639 4703 1813 4772 deque
1841 4701 2120 4765 vertebat.-
2153 4711 2207 4755 et

633 4769 919 4841 pro_li_bitu
969 4786 1068 4826 suo
1098 4772 1575 4841 interpretabatur.

709 4837 806 4910 176
884 4841 1073 4910 Quam
1153 4837 1314 4896 fuerit
1411 4841 1644 4896 Severus
1712 4843 1766 4896 in
1845 4840 2206 4910 depravandis

634 4903 939 4981 Scripturis
973 4911 1236 4966 sollicitus
1266 4913 1640 4974 ostendimus,
1684 4927 1833 4981 supr.
1872 4903 1930 4981 vi
1970 4911 2089 4974 166,
2139 4927 2205 4964 ex

631 4975 938 5050 Anastasio,
995 4982 1085 5048 qui
1141 4997 1285 5050 saepe
1332 4982 1460 5035 illud
1516 4975 1804 5050 exprobrat
1871 4979 2202 5044 Severianis,

631 5047 774 5113 quod
799 5061 963 5120 nea
987 5047 1155 5104 sacris
1193 5047 1409 5120 quidem
1450 5047 1635 5105 Bibliis
1680 5066 1870 5105 nntnus
1909 5051 2205 5104 abstinuis-

631 5124 772 5191 sent.
799 5117 1060 5191 lienem;
1092 5117 1246 5186 (sacri
1273 5121 1479 5176 scilicet
1507 5121 1672 5179 Libri)
1713 5123 1786 5176 ait
1816 5136 1935 5190 cap.
1972 5122 2058 5181 12,
2083 5137 2201 5191 pag.

631 5138 772 5168 seut.
799 5138 1060 5180 ιιοΛΛακις
1092 5138 1246 5186 (sacri
1273 5138 1479 5176 scntcet
1508 5138 1672 5179 Llnrt)
1713 5138 1786 5176 att
1816 5138 1935 5190 cap.
1972 5138 2058 5181 ττι,
2083 5138 2145 5191 pa
2189 5162 2201 5174 .

631 5184 720 5250 96,
750 5186 852 5262 ὑπρ
881 5188 1089 5254 ἀνδρῶν
1119 5191 1476 5262 κακοφρόνων
1513 5193 1826 5262 προσθήκας
1853 5138 2204 5262 καὶᾲάφαιρέ-

633 5271 742 5330 est;
767 5257 1054 5330 πάσχουσι,
1092 5279 1108 5308 ι
1139 5257 1288 5330 saepe
1307 5257 1374 5314 ab
1401 5257 1662 5330 improbis
1683 5257 1776 5315 aut
1795 5257 2089 5322 additione,
2113 5257 2207 5315 aut
2261 5267 2265 5273 '

631 5325 1000 5398 subtractione
1030 5325 1453 5398 corrmbpuntur
1471 5325 1494 5383 ε’
1515 5349 1533 5382 ι
1556 5332 1699 5386 unde
1726 5340 1871 5385 recte
1891 5331 2199 5384 concludit:

631 5393 694 5446 El
722 5393 815 5447 οὖν
841 5398 1008 5468 αὐτῆς
1047 5399 1198 5470 ἱερᾶς
1245 5393 1462 5469 Γραφῆς
1494 5403 1595 5455 οὐκ
1629 5401 1915 5469 ἐφείσαντο
1955 5403 2004 5452 ot
2038 5402 2204 5453 κακό-

632 5479 832 5529 πιστοι,
899 5473 1049 5538 πόσῳ
1109 5471 1206 5522 καὶ
1257 5470 1457 5538 μᾶλλον
1516 5471 1625 5524 τῶν
1667 5471 2063 5524 διδασκαλικῶν
2121 5471 2206 5523 M-

629 5549 774 5607 γοινς
805 5553 830 5607 Δι
864 5537 920 5589 Si
945 5537 1106 5606 igitur
1132 5553 1200 5591 ne
1225 5538 1355 5607 ipsis
1378 5539 1592 5607 quidem
1623 5541 1789 5594 sacris
1809 5540 2024 5592 Litteris
2044 5558 2073 5594 a
2101 5541 2204 5595 fide

627 5603 924 5682 orthodoxa
945 5603 1106 5660 alieni
1132 5603 1622 5688 _parcttttt,'¢]ttattto
1650 5611 1828 5688 minus
1859 5625 1887 5662 a
1924 5609 2203 5665 doctorum

628 5677 846 5740 scriptis
871 5691 1063 5730 manus
1097 5677 1484 5731 abstinebunt?
1513 5697 1532 5729 ι
1699 5677 1736 5714 -ίλ
1758 5702 1762 5706 ’

2382 2598 2501 2655 I80.
2550 2599 2823 2656 Fraudum
2876 2599 3294 2672 Severianorum
3350 2601 3596 2672 exempla
3646 2603 3697 2655 in
3749 2606 3893 2658 libris

2305 2673 2723 2741 corrumpendis
2755 2673 2842 2726 διὰ
2873 2671 3191 2742 προσθήκης
3217 2674 3307 2724 καὶ
3353 2673 3695 2742 ἀφαιρέσεως
3738 2678 3894 2728 exhi-

2307 2743 2396 2813 bet
2425 2743 2589 2813 idem
2633 2743 2953 2797 Anastasius
2987 2759 3121 2813 pag.
3167 2744 3255 2796 90.
3298 2743 3545 2796 Celebris
3588 2753 3769 2796 autem
3811 2755 3890 2798 est

2308 2811 2472 2880 impia
2522 2813 2726 2868 additio
2775 2813 2914 2867 facta
2954 2811 3229 2881 Trisagio,
3273 2813 3402 2867 dum
3453 2813 3608 2866 CPoli
3661 2814 3894 2869 Severus

2309 2893 2616 2953 versaretur
2651 2924 2665 2947 ,
2723 2900 2751 2937 a
2821 2884 2978 2937 l‘etro
3047 2884 3314 2947 Fullone,
3367 2885 3456 2953 qui
3525 2893 3650 2952 post
3727 2887 3889 2938 verba

2313 2969 2331 3001 ι
2357 2951 2589 3006 Sanetus
2615 2955 2774 3018 Deus,
2795 2954 3028 3008 Sanctus
3051 2953 3226 3017 fortis,
3250 2951 3480 3008 Sane—tus
3504 2951 3844 3016 immortalis,
3868 2975 3885 3006 ι

2303 3021 2434 3094 illud
2483 3024 2564 3094 de
2597 3039 2696 3078 suo
2747 3025 3016 3089 addebat,
3060 3026 3088 3077 ὁ
3147 3024 3502 3094 σταυρωθεὶς,
3554 3027 3649 3076 καὶ
3706 3026 3892 3079 παθὼν

2305 3091 2641 3164 ῥπὲρήμῶν.
2666 3113 2683 3145 ι
2713 3096 2802 3164 qui
2828 3111 2922 3164 pro
2943 3095 3096 3149 nobis
3121 3091 3429 3155 crucifixus,
3451 3104 3502 3148 et
3527 3110 3720 3163 passus
3736 3106 3838 3148 est.
3869 3116 3886 3148 ι

2307 3161 2382 3236 De
2419 3161 2547 3232 qua
2602 3161 3316 3236 Trisagii'interpolatione
3372 3161 3574 3236 videsis
3638 3169 3888 3220 etnndem

2306 3233 2682 3306 Anastasium,
2711 3233 2828 3306 pa‘g.
2854 3235 2958 3299 98;
2989 3233 3234 3290 sanetum
3283 3234 3440 3290 Joan.
3474 3235 3886 3299 Damascennm,

2305 3303 2499 3376 lib._m
2572 3305 2649 3359 De
2673 3303 2879 3359 oi'thbd.
2903 3307 3038 3376 ﬁde,
3062 3322 3181 3375 cap.
3213 3306 3298 3366 10,
3330 3322 3452 3376 pag.
3482 3306 3586 3358 2l8
3637 3316 3689 3357 et
3724 3306 3889 3372 Epist.

2303 3373 2368 3425 de
2397 3373 2599 3446 Trisug.
2625 3393 2743 3446 pag.
2774 3373 2914 3440 48οξ
2941 3385 2995 3430 et
3015 3373 3504 3431 Gretserum'lt‘t'tllo
3530 3376 3702 3428 rediv.
3725 3377 3889 3444 Uper.

2305 3453 2436 3516 tom.
2461 3432 2760 3516 Xll’lspaug.
2789 3432 2913 3502 576.

2375 3514 2496 3584 184.
2527 3514 2852 3584 [νομοθέται
2893 3532 2922 3571 a
2957 3515 3208 3570 Patribus
3243 3531 3384 3584 saepe
3424 3515 3664 3569 lueretici
3706 3516 3886 3584 appel-

2304 3581 2419 3647 lati,
2454 3585 2576 3654 quia
2609 3581 2646 3639 a
2686 3595 2900 3655 recepta
2933 3588 2983 3640 in
3015 3587 3254 3640 Ecclesia
3297 3581 3539 3640 doctrina
3573 3581 3891 3638 recedentes

2305 3667 2473 3708 noras
2503 3655 2555 3707 in
2583 3657 2744 3710 rebus
2769 3656 2890 3710 ﬁdei
2910 3658 3272 3718 definitiones,
3307 3655 3892 3724 interpretationesque

2305 3726 2620 3796 statuebant
2660 3746 2672 3780 :
2723 3735 2886 3796 atque
2933 3729 3248 3780 Anastasius
3295 3727 3509 3795 quidem
3541 3742 3604 3778 ea
3629 3727 3697 3778 de
3728 3742 3888 3779 causa

2307 3792 2569 3848 Severum
2603 3792 2900 3865 νομοθέτην
2934 3812 3041 3851 non
3073 3797 3238 3850 semel
3267 3792 3525 3850 nominat.

2379 3865 2500 3918 188.
2558 3866 2662 3929 lis,
2699 3870 2788 3934 qui
2830 3869 3038 3920 tabulas
3065 3868 3224 3921 falsas
3249 3867 3673 3929 concinnarent,
3711 3867 3796 3918 vel
3825 3867 3889 3918 de

2305 3933 2490 3988 relatis
2535 3935 2588 3988 in
2626 3933 2837 3990 tabulas
2864 3938 3106 4005 publicas
3133 3939 3422 4006 quidquam
3463 3935 3768 3996 demerent,
3799 3945 3889 3988 aut

2305 4008 2640 4074 syngraphas
2675 4009 2964 4061 ementitas
2995 4009 3368 4067 obtruderent,
3393 4007 3474 4059 lex
3513 4021 3759 4068 manum,
3801 4016 3890 4058 aut

2305 4074 2504 4145 digitos
2538 4077 2752 4144 praecidi
2782 4079 3024 4145 iubebat.
3066 4078 3263 4131 Contra
3299 4075 3558 4130 Severum
3585 4117 3599 4139 ,
3625 4086 3680 4128 et
3705 4075 3887 4145 Severi

2304 4143 2596 4214 discipulos
2622 4143 2851 4201 celebris
2872 4157 2952 4201 est
2972 4147 3257 4201 Justiniani
3285 4148 3412 4214 imp.
3445 4148 3752 4209 sententia,
3802 4144 3890 4214 qui

2306 4212 2359 4285 in
2389 4212 2484 4267 sua
2514 4230 2664 4269 sacra
2701 4216 3102 4272 Cunstitutioue
3121 4217 3316 4272 Conril.
3350 4212 3481 4270 tom.
3503 4215 3565 4278 ll,
3591 4231 3711 4285 pag.
3737 4212 3888 4278 H06,

2305 4283 2380 4355 de
2405 4285 2558 4355 malis
2583 4285 2892 4355 ingentibus
2922 4296 3107 4342 contra
3144 4287 3402 4340 Eclesiam
3438 4303 3466 4339 a
3511 4283 3715 4339 Severo
3742 4302 3891 4339 com-

2313 4352 2501 4427 missis
2516 4352 2746 4427 multum
2769 4369 3100 4427 conquestus
3125 4358 3197 4427 ait
3219 4375 3231 4410 :
3253 4357 3415 4408 Ὥστε
3437 4357 3528 4410 καὶ
3547 4357 3890 4418 ἀπαγορεύο-

2243 4422 2282 4475 D
2316 4439 2413 4497 μεν
2433 4423 2542 4497 τῶν
2574 4425 2739 4479 αὑτοῦ
2772 4445 2822 4480 τι
2855 4422 3150 4496 κεκτῆσθαι
3179 4426 3397 4497 βιϐλίων
3429 4467 3443 4478 .
3482 4465 3496 4479 .
3530 4427 3642 4497 ,γτὰ
3668 4427 3892 4495 Σευήρῳ

2313 4493 2554 4569 ρηθέντα.
2579 4511 2638 4547 τε
2665 4499 2758 4550 καὶ
2789 4493 3068 4569 γραφέντα
3098 4537 3111 4550 .
3145 4538 3158 4552 .
3180 4493 3209 4550 ⁷.
3241 4498 3374 4567 πυρὶ
3408 4496 3690 4569 φίλεγέσθω

2310 4564 2666 4650 κεκτημένων
2703 4608 2715 4622 ,
2750 4607 2764 4620 .
2799 4564 3153 4650 ςγραφέσθω
3177 4564 3581 4650 ’σειρᾶς-μηδενὸς
3612 4605 3625 4650 τ
3657 4604 3670 4617 .
3708 4606 3722 4618 .
3758 4566 3891 4646 εξὸῥ-

2307 4649 2398 4694 τος
2422 4673 2435 4696 ν
2469 4636 2541 4697 ὼς
2563 4637 2826 4710 -ἁποκοπὴ
2857 4636 3036 4710 χειρὸς
3073 4639 3226 4690 ἔσται
3271 4639 3382 4710 τοῖς
3412 4636 3479 4710 τὰ
3510 4636 3720 4710 ἐκείνοι)
3751 4636 3889 4710 γρά-

2310 4718 2507 4778 φουσιν.
2551 4708 2584 4778 ῂ
2625 4709 2783 4778 ποινή
2903 4728 2917 4756 ι
2947 4707 3149 4774 ’ριιτιτο
3201 4707 3469 4761 universis
3509 4707 3890 4778 interdicimus

2308 4772 2508 4849 aliquid
2539 4772 2607 4829 de
2637 4772 2785 4833 libris
2812 4772 3314 4849 ipsius'possidere.
3349 4816 3362 4830 .
3402 4817 3416 4830 .
3447 4817 3460 4829 .
3500 4776 3696 4849 Severi
3722 4776 3884 4849 dicta.

2308 4851 2364 4919 et
2405 4846 2603 4916 scripta
2635 4885 2648 4899 .
2687 4887 2698 4898 .
2730 4888 2743 4901 .
2775 4889 2788 4902 .
2826 4846 2843 4902 ξ
2876 4851 2994 4919 igne
3017 4846 3418 4902 comburantur
3478 4847 3890 4919 apossiden't-

2311 4911 2411 4966 bus
2441 4952 2455 4966 .
2580 4933 2608 4969 a
2640 4911 3244 4972 nemime'scribantur
3281 4959 3294 4971 .
3345 4957 3356 4969 .
3391 4958 3405 4972 .
3463 4911 3684 4969 sciendo
3713 4957 3727 4980 ,
3764 4916 3888 4984 quia

2308 4986 2610 5058 amputatio
2645 5003 2839 5042 manus
2866 4991 2969 5046 his.
2999 4989 3090 5058 qui
3127 5005 3188 5042 ea
3217 4987 3549 5056 scripserint,
3582 5001 3743 5058 pmna
3767 4987 3887 5040 erit.

2329 5121 2360 5133 ,Δ
2380 5055 2501 5109 189.
2521 5057 2860 5133 Ἑριστικὴν
2881 5055 3068 5133 φὺσξν
3095 5074 3189 5126 pro
3210 5058 3304 5120 τὰς
3326 5055 3466 5126 ἕρεις
3487 5057 3886 5133 cotitentinnes,

2307 5121 2450 5184 lites,
2483 5121 2814 5198 sophisticas
2835 5121 3184 5198 quzestimies,
3210 5121 3622 5198 quasinmebat
3653 5128 3888 5198 Severus

2309 5207 2610 5266 pernegaris
2641 5196 2866 5252 l‘atruni
2893 5199 3200 5253 testimonia
3231 5196 3499 5251 adversus
3537 5213 3596 5250 se
3631 5197 3888 5266 producta

2308 5263 2376 5316 ab
2403 5263 2738 5322 OfillOdOXlS.

2381 5334 2501 5390 190.
2535 5335 2645 5388 Τὸν
2668 5338 2975 5406 σοφιστὴν
3003 5337 3112 5404 τῆς
3147 5336 3407 5402 πλάνης,
3439 5337 3700 5390 Severum
3733 5336 3890 5388 intel-

2307 5403 2448 5472 lige,
2491 5407 2582 5475 qui
2623 5403 2761 5460 cum'
2790 5409 2858 5460 ab
2901 5403 3229 5463 Orthodoxis
3273 5409 3337 5461 ad
3392 5408 3586 5461 incitas
3642 5407 3891 5460 redactus

2308 5489 2529 5546 suarum
2574 5479 3134 5546 argumentationum,
3163 5487 3218 5531 et
3256 5478 3653 5546 sophismatum
3687 5477 3890 5529 viribus

2306 5544 2490 5617 minus
2559 5544 2829 5601 fidéndum
2899 5564 3018 5602 esse
3089 5544 3384 5609 sentirent,
3446 5548 3725 5617 ὑπεσταλη
3779 5548 3888 5613 jam

2307 5613 2592 5670 videbatur
2644 5618 2813 5671 victas
2855 5618 2985 5671 dare
3037 5633 3257 5680 manus;
3305 5620 3397 5671 sed
3445 5618 3630 5670 maluit
3673 5613 3892 5670 fraudes

2310 5685 2647 5753 machinari,
2681 5697 2733 5741 et
2769 5687 2986 5742 Patrum
3036 5690 3231 5756 scripta
3265 5687 3590 5752 adulterare,
3632 5704 3796 5755 quam
3833 5701 3891 5737 se
