4152 6290
272 303 406 368 1657

406 416 744 472 Συνάπτεται
766 417 824 471 δὲ
849 421 916 490 τῇ
946 417 1209 491 διαιρέσει
1245 420 1429 474 πλέον.

404 515 464 566 Et
495 512 626 582 γοῦν
647 529 698 566 τι
733 514 898 583 φαίης
923 515 1032 567 τῶν
1054 514 1220 587 τριῶν
1251 513 1602 577 πεπονθέναι,

404 607 478 658 Τὸ
500 604 607 658 τῶν
638 606 804 676 τριῶν
845 607 960 675 φῶς
980 606 1249 671 δεικνύεις
1279 607 1604 662 πεπονθέναι

411 698 484 750 Οὐ
512 697 620 766 γὰρ
646 696 902 770 διασπᾷν,
929 700 1047 753 οὐδὲ
1084 701 1388 772 συμφύρειν
1419 701 1578 771 θέμις

260 789 364 842 473
403 788 506 841 Τὸν
545 789 602 855 ἐξ
637 789 887 858 ἀμίκτων
907 791 1125 858 οὐσιῶν,
1149 793 1245 846 καὶ
1277 791 1376 863 τὴν
1404 793 1584 845 κτίσιν

402 881 475 933 Τὸ
505 881 720 952 πρῶτον
745 881 1085 952 ἁρμόσαντα,
1119 885 1214 937 καὶ
1244 885 1342 956 τὴν
1373 884 1610 956 ὑστέραν

397 975 680 1046 Σᾶρκωσιν
706 975 872 1029 αὐτοῦ
912 976 986 1047 μὴ
1020 975 1280 1031 θολοῦντα
1310 978 1595 1048 συγχύσει.

467 1067 528 1120 Εἰ
553 1066 597 1119 δ’
620 1061 687 1120 αὖ
711 1083 764 1120 τι
792 1069 1036 1138 συγχεῖς,
1067 1068 1099 1140 ἢ
1131 1068 1376 1140 μερίζεις
1407 1069 1699 1135 ἀσκόπως,

395 1159 485 1230 Τῷ
521 1158 596 1231 σῷ
625 1159 874 1232 λογισμῷ
911 1161 1084 1215 πολλὰ
1106 1161 1352 1216 τίκτεται
1377 1162 1556 1232 πάθη,

255 1252 356 1305 480
398 1254 459 1305 Εἰ
489 1254 582 1306 καὶ
611 1252 744 1316 Θεὸς
775 1251 883 1317 ζῶν
919 1254 1016 1324 οὐχ
1047 1254 1328 1308 ἁλίσκεται
1350 1255 1533 1320 πάθει,

408 1345 547 1398 ’Λλὶσ
584 1345 697 1398 ἐστι
723 1345 917 1399 ταυτὸν
947 1345 1203 1413 Χριστὸς,
1238 1346 1544 1417 ἄνθρωπος,
1572 1347 1766 1416 Λόγος,

400 1435 528 1489 "Avo
538 1453 718 1507 ρωπος
742 1434 817 1490 ὢν
845 1435 1068 1502 τέλειος,
1091 1437 1313 1509 ἐντελὴς
1345 1429 1495 1502 Θεὸς,

397 1529 676 1597 Ἀσαρκος
699 1525 794 1591 ὢν,
832 1527 1098 1600 ένσαρκος
1153 1529 1212 1581 ὲν
1240 1530 1419 1601 χρόνῳ
1455 1530 1641 1595 πάλιν,

401 1619 573 1691 ’Υπὲρ
596 1621 824 1692 χρόνους
848 1619 946 1688 ὣν,
985 1622 1049 1674 ἐκ
1075 1621 1212 1674 Θεοῦ
1239 1621 1375 1685 Θεὸς
1396 1622 1596 1690 Λόγος,

247 1710 350 1763 43ἰὶ
399 1709 494 1763 Ἐκ
523 1711 800 1782 Παρθένου
834 1711 970 1782 σὰρξ
998 1692 1400 1784 σωματουμένη
1423 1714 1601 1784 Λόγῳ,

390 1801 692 1872 Ἔμψυχος,
723 1801 928 1868 ἔννους,
962 1803 1217 1875 μηδαμοῦ
1254 1805 1443 1858 παθὼν
1471 1806 1652 1876 χύσιν,

384 1894 456 1944 Οὐ
491 1893 711 1965 φύρσιν,
749 1894 810 1948 οὐ
847 1895 1093 1961 θόλωσιν,
1129 1897 1190 1950 οὐ
1217 1899 1429 1970 τροπῆς
1462 1897 1654 1965 πάθος,

393 1983 532 2037 Ἀλλ’
564 1986 622 2051 ἐξ
654 1986 901 2056 ἀμίκτων
937 1987 1218 2056 μυστικῶς
1247 1989 1548 2060 ἡνωμένος,

394 2074 481 2138 Ὠς
517 2072 656 2129 οἶδεν
688 2078 851 2142 αὐτὸς
875 2081 903 2132 ὁ
926 2079 1240 2151 βραόεύσας
1271 2081 1368 2146 τὰς
1397 2082 1510 2138 δύο.

239 2167 342 2221 £90
397 2168 624 2233 ’Λπλοῦς
654 2171 722 2222 δι’
755 2170 960 2241 ἀμφοῖν
992 2172 1212 2244 ἐντελὴς
1237 2174 1296 2228 ὲν
1325 2177 1446 2240 ταῖς
1474 2175 1606 2239 δύω,

377 2261 509 2324 Θεὸς
536 2262 643 2334 γὰρ
672 2261 748 2316 ὣν
768 2262 1004 2333 ἔλλειψιν
1032 2265 1283 2336 οὐδαμῶς
1313 2266 1424 2338 ἔχει
1451 2307 1467 2322 .

380 2355 452 2406 Οὐ
486 2355 592 2426 γὰρ
626 2354 832 2426 μεθῆκε
868 2355 965 2428 τὴν
1001 2358 1059 2410 έν
1092 2357 1365 2431 ἀνθρώπῳ
1398 2360 1582 2431 φύσιν,

389 2446 478 2509 Ὠς
505 2448 566 2500 οὐ
592 2447 798 2519 μεθῆκε
827 2449 925 2503 τοῦ
961 2450 1171 2520 ιῐατρὸς
1194 2453 1292 2524 τὴν
1317 2455 1528 2509 οὐσίαν.

390 2537 476 2600 Ὠς
499 2537 563 2590 ἂν
594 2537 845 2610 διδαχθῇς
877 2541 958 2602 εἰς
985 2541 1286 2595 ὑπόστασιν
1313 2544 1442 2613 μίαν

240 2627 343 2680 495
381 2627 501 2681 Δύω
524 2627 753 2700 θεωρεῖν
778 2628 875 2693 τὰς
908 2629 1252 2700 ἀσυγχύτους
1280 2632 1492 2700 φύσεις.

464 2720 799 2797 Ἐϐουλόμην
825 2723 884 2778 δὲ
915 2724 1024 2778 πᾶν
1041 2724 1105 2778 τὸ
1132 2723 1228 2779 τοῦ
1257 2725 1420 2793 λόγου
1453 2726 1653 2792 πλάτος

1558 308 1854 369 CONTRA
1887 307 2272 368 SEVERUM.

1882 429 1925 482 Α
1955 419 2359 490 Copulaturque
2381 423 2552 492 magis
2573 422 2626 476 in
2659 423 2772 494 ipsa
2804 426 3099 484 divisione.

3410 312 3546 383 1653

1954 511 2008 564 Si
2038 513 2165 582 quid
2199 513 2362 578 igitur
2393 512 2579 569 Trium
2617 516 2820 572 dixeris
2856 535 2978 575 esse
3001 537 3248 591 passum,

1951 601 2136 656 Trium
2161 603 2335 657 lucem
2371 605 2677 660 ostenderis
2711 623 2832 663 esse
2867 625 3112 680 passam.

1947 694 2065 748 Non
2087 696 2232 750 enim
2263 696 2536 760 dividere,
2576 715 2677 752 nec
2709 702 3069 757 commiscere
3098 719 3224 758 eum
3274 704 3356 760 fas
3377 714 3493 772 est,

1947 785 2049 853 Qui
2072 795 2156 842 est
2199 804 2267 843 ex
2313 790 2570 846 immistis
2603 792 2961 860 substantiis,
2993 796 3199 866 quique
3230 806 3538 854 creaturam

1945 878 2223 936 Formavit
2261 883 2314 936 in
2349 883 2652 954 principio,
2707 894 2764 940 ct
2792 886 3139 942 subsecutam
3170 895 3360 958 postea

1945 974 2380 1031 lncarnationem
2406 992 2560 1032 suam
2595 993 2706 1033 non
2740 979 2978 1035 turbavit
3003 980 3350 1038 confusione.
3404 980 3534 1053 [ter,

2014 1067 2068 1122 Si
2083 1069 2209 1138 quid
2237 1078 2420 1125 autem
2434 1087 2626 1128 rursus
2638 1071 2954 1138 confundis,
2973 1072 3538 1128 autdividisoseitan-

1943 1160 2057 1214 Tua
2081 1176 2145 1215 ex
2177 1162 2448 1216 sententia
2481 1163 2664 1218 multa
2706 1164 3007 1236 gignuntur
3034 1165 3356 1236 passiones:

1942 1253 2202 1318 Quamvis
2226 1253 2367 1309 Deus
2397 1254 2589 1309 vivens
2617 1271 2726 1310 non
2760 1255 3019 1326 subjacet
3033 1255 3300 1325 passioni,

1942 1347 2049 1402 Sed
2077 1356 2159 1401 est
2185 1346 2418 1416 idipsum
2447 1346 2703 1402 Christus
2726 1390 2740 1413 ,
2774 1349 2942 1402 homo
2962 1389 2976 1414 ,
3010 1349 3251 1404 Verbum
3278 1365 3292 1412 ;

1940 1438 2114 1494 Homo
2147 1455 2269 1494 cum
2304 1439 2377 1495 sit
2409 1440 2718 1509 perfectus,
2757 1442 3040 1511 perfectus
3069 1442 3240 1506 Deus,

1939 1531 2181 1586 Primum
2216 1532 2336 1586 sine
2357 1547 2555 1599 carne,
2589 1542 2714 1603 post
2751 1531 3072 1588 incarnatus
3098 1534 3152 1588 in
3177 1541 3444 1604 tempore.

1939 1622 2077 1677 Ante
2111 1633 2352 1694 tempora
2374 1625 2663 1690 exsistens,
2689 1641 2755 1680 ex
2783 1626 2894 1681 Deo
2917 1627 3010 1682 Dei
3042 1626 3301 1692 Verbum,

1936 1715 2076 1770 Caro
2101 1731 2168 1770 ex
2187 1716 2407 1788 Virgine
2431 1727 2722 1788 corporata
2759 1717 2962 1784 Verbo,

1868 1773 1909 1828 Β
1942 1806 2264 1874 Animatus,
2302 1818 2484 1864 mente
2513 1810 2794 1880 praeditus,
2832 1810 3023 1865 nullibi
3081 1809 3526 1877 conversionem,

1942 1897 2246 1952 Mistionem
2273 1939 2288 1962 ,
2333 1899 2723 1965 turbationem,
2757 1900 3173 1955 conversionem
3205 1901 3456 1971 patiens;

1941 1989 2046 2043 Sed
2073 2006 2141 2042 ex
2167 1989 2420 2044 immistis
2454 1991 2680 2061 mystice
2709 1991 2922 2055 unitus,
3479 2007 3482 2012 ‘

1941 2081 2105 2137 Prout
2130 2085 2282 2138 novit
2314 2082 2406 2153 qui
2431 2083 2769 2153 dispensavit
2799 2085 2958 2152 duas,

1941 2175 2180 2245 Simplex
2219 2192 2316 2246 per
2351 2185 2634 2245 utrasque,
2656 2180 2867 2248 integer
2894 2177 2948 2231 in
2981 2177 3194 2231 duabus
3224 2194 3240 2231 :

1939 2266 2081 2323 Deus
2105 2269 2249 2323 enim
2287 2285 2410 2324 cum
2446 2269 2549 2334 sit,
2573 2259 2866 2324 'del'ectum
2900 2285 3178 2339 nunquam
3214 2270 3417 2337 habet;

1936 2360 2053 2415 Non
2085 2362 2230 2416 enim
2259 2362 2462 2417 dimisit
2508 2379 2629 2432 qure
2662 2369 2748 2417 est
2771 2362 3037 2427 hominis,
3067 2371 3342 2427 naturam,

1934 2454 2086 2509 Sicut
2109 2470 2215 2508 non
2255 2455 2463 2510 dimisit
2493 2455 2668 2510 Patris
2698 2454 3083 2510 substantiam.

1938 2543 2007 2598 iit
2031 2545 2144 2614 jam
2167 2545 2243 2600 sis
2268 2546 2497 2601 edoctus
2525 2547 2578 2600 in
2602 2561 2708 2600 una
2743 2546 3022 2616 hypostasi

1939 2634 2082 2690 Duas
2111 2638 2467 2708 contemplari
2500 2637 2820 2692 inconfusas
2849 2646 3097 2692 naturas.

2010 2728 2264 2785 Volebam
2291 2739 2470 2785 autem
2503 2740 2669 2786 totam
2701 2729 2973 2784 sermonis.
2999 2726 3415 2798 amplitudinem

1785 2885 2019 2944 ΝυΤΑΞ.

239 3029 321 3074 est
344 3021 540 3092 dogma
573 3022 848 3079 Ecclesiae.
878 3023 1012 3079 Vide
1039 3024 1344 3091 Petavium,
1378 3027 1450 3082 De
1476 3028 1664 3083 Trinit.
1716 3029 1814 3084 lib.

1925 3029 2089 3093 dicit,
2123 3030 2251 3100 quid
2291 3029 2504 3101 Trium,
2526 3031 2620 3101 vel
2656 3033 2784 3101 quid
2818 3031 3093 3085 Trinitatis
3123 3046 3241 3086 esse
3273 3044 3516 3101 passum,

239 3107 348 3152 vni,
372 3106 490 3170 cap.
515 3091 568 3154 ϐ,
600 3103 656 3147 et
677 3107 827 3170 supr.
855 3113 908 3170 ν.
941 3096 1063 3170 168.
1098 3097 1294 3170 iisdem
1333 3099 1444 3154 fere
1469 3099 1646 3154 verbis
1677 3099 1818 3154 idem
1849 3107 1890 3165 ο
1927 3091 2184 3154 deitatem
2227 3091 2679 3170 prinntmimpie'
2701 3101 2923 3166 dividit,
2965 3118 3028 3156 ac
3061 3111 3246 3170 postea
3273 3091 3518 3156 divinam

237 3164 504 3239 expressit
527 3173 748 3239 sanctus
769 3164 1112 3239 Sophronius
1147 3168 1200 3221 in
1229 3183 1325 3222 sua
1366 3170 1631 3239 Synodica
1665 3170 1718 3224 in
1765 3187 1818 3224 v1

234 3233 467 3311 οι)ῃείΕο
506 3235 672 3311 {elata
707 3253 729 3311 _:
759 3233 1060 3311 ᾼιαιρεῖται
1095 3239 1207 3311 γὰρ
1226 3233 1548 3311 ἀδιαιρέτως
1589 3241 1622 3311 ἡ
1685 3257 1820 3293 παν-

234 3302 366 3370 αγία
397 3303 588 3376 Τριὰλς,
636 3307 728 3358 καὶ
757 3302 1277 3376 διῃρεμένωςπάλιν
1306 3302 1636 3364 συνάπτεται
1662 3325 1674 3338 ·
1709 3314 1820 3374 τοῖς

233 3376 343 3444 γὰρ
372 3373 684 3449 προσώποις
712 3373 1103 3449 τὴνόιαίρεσιν
1134 3379 1330 3449 ἔχουσα
1371 3380 1678 3444 ἀδιαίρετος
1719 3373 1817 3449 μέέ

234 3461 313 3496 νει
343 3445 436 3499 καὶ
461 3446 705 3517 ᾷτμητος
734 3447 891 3517 οὐσίᾳ
911 3448 1004 3500 καὶ
1031 3445 1194 3517 φύσει
1219 3449 1480 3513 ὡσαύτως
1499 3450 1555 3502 δὲ
1595 3451 1688 3504 καὶ
1711 3445 1822 3504 θεό-
1862 3449 1872 3460 ’

231 3531 374 3588 τῃτι.
405 3533 424 3567 ι
460 3515 728 3571 Dividitur
753 3515 938 3586 itaque
968 3515 1199 3574 indivisa
1227 3529 1415 3575 sancta
1451 3520 1690 3576 Trinitas
1711 3562 1725 3585 ,
1763 3529 1819 3576 et

229 3574 402 3669 divise
446 3601 634 3673 rursus
674 3574 1039 3673 conjungitur.
1086 3589 1145 3644 ln
1183 3574 1429 3661 personis
1467 3574 1818 3673 uanique'di;

230 3656 498 3736 visionem
545 3656 788 3736 habens.
828 3659 1065 3716 indivisa
1125 3656 1413 3736 permanet
1431 3672 1559 3736 ,κει
1609 3656 1817 3736 inseca-

229 3726 356 3781 liilis
410 3742 508 3796 per
548 3731 872 3794 essentiam,
917 3741 973 3787 et
1003 3726 1256 3788 naturam
1280 3776 1295 3801 ,
1321 3733 1572 3789 similiter
1603 3744 1658 3788 et
1697 3734 1815 3788 dei-

233 3806 421 3852 tatem.

300 3868 425 3923 472.
480 3868 734 3944 Celebres
777 3881 906 3927 sunt
952 3874 1282 3944 quaestiones
1321 3882 1455 3929 orta:
1498 3875 1552 3928 in
1594 3874 1816 3944 Oriente

233 3939 378 3992 circa
417 3943 839 4012 propositiones,
887 3939 1022 4013 quas
1075 3954 1264 4000 contra
1319 3944 1668 3999 Theodorum
1700 3943 1817 4000 Μοσ-

232 4022 610 4086 liSttestenum,
635 4021 688 4068 et
713 4013 1030 4086 Nestorium
1048 4016 1238 4070 statuit
1255 4016 1816 4086 propugnandassan-

231 4091 352 4136 ctus
376 4082 600 4137 Proclu’s
627 4085 932 4152 patriarcha
959 4082 1306 4144 CPolitanus.
1349 4082 1372 4136 ἱ
1388 4082 1554 4140 unum
1585 4107 1602 4138 ι
1637 4085 1816 4140 dictus

236 4171 254 4203 ι
297 4157 371 4212 De
394 4153 661 4209 Trinitate
693 4170 815 4210 esse
849 4156 1188 4211 incarnatum
1215 4197 1230 4220 ,
1264 4165 1319 4211 et
1349 4173 1516 4210 unum
1545 4157 1612 4211 de
1634 4156 1811 4209 Trini-

227 4233 340 4282 tate
385 4224 858 4297 cruciﬁxumesse
895 4242 1102 4294 carne;
1147 4246 1166 4279 ι
1205 4227 1403 4297 quibus
1435 4227 1626 4282 Petrus
1666 4225 1814 4282 Gna-

225 4299 424 4368 phzeus
444 4337 456 4356 .
487 4296 603 4351 sive
630 4295 806 4368 Fullo,
848 4295 1309 4368 Eutychianorum
1336 4298 1606 4368 pessimus
1631 4341 1644 4361 ,
1690 4305 1813 4351 tan-

225 4383 389 4436 quam
416 4367 569 4421 hasta
623 4376 678 4421 et
706 4366 912 4439 clypeo,
932 4366 1174 4423 munitus
1209 4366 1426 4439 natura:
1462 4367 1811 4439 singularita-

227 4448 572 4532 tenuiquaml
599 4454 636 4532 si
668 4447 859 4532 salicto
889 4438 1078 4520 Proelo
1106 4437 1363 4532 traditam
1401 4454 1522 4494 esse
1557 4437 1809 4532 dui‘cebat.2
1846 4475 1891 4532 υ

227 4507 504 4582 mordicus
538 4507 842 4582 defendens
899 4508 1119 4582 impiam
1168 4526 1321 4564 sacro
1351 4511 1554 4582 hymno
1578 4509 1811 4582 Trisagii

227 4582 354 4636 fecit
385 4579 716 4634 additionem
741 4619 755 4642 ,
798 4597 817 4629 ι
857 4580 946 4648 qui
982 4595 1171 4649 passus
1200 4596 1259 4635 es
1282 4579 1589 4650 pro'nobis.
1627 4599 1645 4632 ›
1687 4579 1818 4637 Vide

223 4668 362 4720 quos
391 4649 1189 4721 laudavimusiauctoressupr.
1224 4649 1416 4705 v.180
1439 4693 1452 4713 ,
1492 4662 1546 4706 et
1574 4650 1818 4705 clarissi-

224 4719 375 4776 mum
417 4721 591 4774 virum
622 4719 949 4774 cardinalem
984 4719 1262 4776 Nori‘sium
1287 4722 1504 4776 Dissert.
1535 4723 1718 4776 histor.
1755 4723 1819 4776 de

227 4810 330 4846 uno
361 4809 424 4846 ea:
452 4791 706 4844 Trinitate
737 4791 798 4861 in
823 4807 980 4845 iarne
1009 4804 1186 4861 passo.
1237 4793 1304 4847 At
1342 4802 1563 4847 sanctus
1592 4792 1818 4847 Proclus

225 4872 412 4931 aperte
454 4863 711 4916 docuerat
758 4859 1310 4918 Vcrlittmliontinent
1357 4865 1555 4918 factum
1609 4865 1816 4931 passio-

225 4949 352 4988 nem
399 4949 558 4987 carne
594 4931 861 5002 subiisse,
893 4933 1090 5002 quibus
1127 4933 1306 4987 verbis
1336 4935 1470 4989 duas
1495 4935 1546 4986 in
1599 4931 1817 4989 Christo

223 5013 448 5058 naturas
471 5003 752 5058 evidenter
781 5001 1102 5057 afﬁrmabat.
1137 5003 1290 5057 Fullo
1311 5021 1374 5059 ex
1400 5005 1628 5060 adverso
1653 5018 1815 5058 unam

226 5084 434 5129 tantum
461 5083 734 5141 naturam,
763 5087 991 5147 eamque
1020 5073 1255 5147 divinam
1281 5090 1636 5147 cognoscens,
1665 5090 1816 5147 eam-

221 5147 344 5199 dem
376 5160 590 5216 quoque
619 5143 1034 5216 passamiuissc
1076 5143 1507 5216 dicebaL:llttod
1545 5154 1603 5200 ut
1659 5145 1817 5199 testi.~

224 5214 408 5270 monio
464 5217 637 5270 sancti
687 5214 860 5270 Procli
910 5217 1228 5271 evincerent
1278 5214 1520 5271 Fullonis
1567 5216 1812 5280 asseclm,

221 5303 412 5342 vocem
442 5304 600 5340 carne
635 5285 996 5348 omittebant,
1038 5301 1101 5340 ac
1135 5287 1367 5356 proinde
1409 5288 1690 5352 deitatem,
1729 5288 1813 5340 vel

223 5359 406 5426 potius
445 5357 768 5411 Trinitatem
816 5372 935 5410 esse
985 5372 1196 5425 passam
1251 5358 1524 5414 dicebant.
1585 5356 1814 5412 Constat

212 5441 403 5482 tamen
437 5444 500 5482 ex
527 5429 764 5482 historia:
797 5428 1176 5483 ecclesiastica:
1204 5429 1571 5483 monumentis
1595 5428 1812 5482 tandem

220 5501 290 5553 ah
349 5499 559 5554 Joanne
619 5499 661 5552 11
711 5498 1115 5570 ροιιιίῐίρθμθιν
1149 5500 1216 5554 ab
1263 5499 1581 5570 Jnstiniano
1615 5499 1808 5566 imper.

222 5571 393 5626 fuisse
422 5569 724 5634 sancitum,
745 5579 802 5623 ut
828 5584 952 5624 cum
975 5569 1198 5641 Cyrillo,
1228 5570 1528 5641 priscisque
1559 5569 1810 5641 Patribus

223 5645 331 5710 pie,
353 5656 588 5710 vereque
621 5641 894 5694 diceretur
916 5679 931 5705 ,
965 5658 982 5690 ι
1025 5640 1190 5694 Dcmn
1225 5640 1462 5695 Verbum
1494 5684 1507 5705 ,
1544 5656 1710 5694 unum
1743 5640 1810 5694 de

220 5707 527 5776 'l‘rinitatc,
561 5727 682 5766 esse
713 5727 930 5780 passum
960 5725 1142 5766 carne.
1188 5732 1204 5763 ι
1243 5712 1409 5782 Igitur
1449 5722 1595 5767 recte
1629 5711 1807 5766 Pisida

219 5783 414 5841 Severi
444 5782 842 5839 fraudulentam
882 5782 1206 5838 locutionem
1237 5783 1471 5854 exitlodit
1502 5803 1513 5838 :
1547 5783 1637 5838 oui
1659 5785 1805 5838 enim

1927 3178 2200 3236 naturam,
2251 3171 2338 3224 vel
2381 3170 2705 3224 Trinitatem
2753 3172 2924 3241 ipsam
2965 3187 3088 3226 esse
3125 3187 3340 3242 passam
3378 3170 3513 3228 fate-

1929 3250 2037 3294 tur.

1993 3312 2116 3365 475.
2149 3310 2330 3366 Codex
2370 3311 2535 3366 habet
2573 3311 2843 3374 δυκνύεις.
2880 3310 3202 3366 Trinitatem
3244 3325 3366 3366 cum
3417 3310 3514 3368 SS.

1925 3379 2176 3452 Patribus
2203 3381 2264 3434 τὸ
2313 3381 2427 3448 φῶς
2461 3383 2627 3436 lucem
2680 3381 2935 3452 appellat.
2966 3381 3100 3435 Vide
3144 3380 3430 3436 Svicerum
3459 3381 3515 3436 in

1923 3449 2068 3506 Thes.
2101 3452 2280 3506 cccles.

1992 3522 2116 3577 475.
2159 3521 2424 3591 ’Λμῖκτας
2449 3521 2638 3586 οὐσίας
2669 3523 2928 3575 immistas
2962 3521 3307 3585 substantias,
3344 3521 3397 3576 id
3430 3529 3518 3579 est

1920 3591 2258 3648 divinitatem
2288 3631 2303 3655 ,
2330 3662 2346 3668 _
2373 3601 2454 3668 et_
2496 3593 2898 3668 humanitatem
2933 3591 3516 3668 in_Christo__disj_nn-

1924 3679 2051 3735 gere
2075 3705 2088 3728 ,
2124 3674 2179 3719 et
2219 3662 2552 3735 confundere
2577 3663 2729 3735 nefas
2763 3680 2779 3718 :
2810 3663 2900 3735 qui
2930 3663 3074 3735 enim
3123 3661 3344 3728 dividit,
3381 3661 3517 3735 iinas

1920 3731 2184 3803 personas
2220 3733 2426 3788 inducit
2458 3751 2580 3788 cum
2609 3731 2894 3797 Nestorio;
2927 3733 3016 3803 qui
3044 3743 3226 3786 autem
3277 3731 3514 3803 confun-

1918 3801 2015 3866 dit,
2053 3822 2116 3860 ex
2168 3805 2378 3860 duabus
2417 3821 2581 3859 unam
2613 3814 2865 3860 naturam
2907 3801 3030 3858 cum
3079 3802 3324 3875 Eutyche
3346 3801 3517 3874 proﬁ-

1923 3883 2093 3929 tetnr.

1990 3947 2116 4000 479.
2167 3945 2269 4010 Qui
2337 3961 2500 3998 unam
2563 3954 2777 3999 tantum
2855 3954 3108 3998 naturam
3163 3943 3399 3998 admittit
3457 3943 3515 3999 in

1918 4012 2139 4069 Christo
2166 4030 2340 4095 ,_ean_1
2384 4015 2610 4095 omnino
2637 4029 2849 4095 passa-tn
2878 4030 2998 4068 esse
3026 4013 3276 4078 aliirmat,
3311 4012 3516 4095 Delum-

1916 4101 2022 4154 que
2075 4085 2416 4156 passiouibus
2458 4083 2696 4154 subiicit.
2743 4083 2877 4138 Vide
2920 4099 3070 4154 supr.
3117 4099 3261 4138 vers.
3303 4083 3408 4136 457
3458 4092 3520 4138 et

1917 4172 2068 4223 seqq.

2172 4225 2438 4282 Catholici
2501 4225 2889 4296 dogmatiside
2926 4224 3307 4296 incarnatione
3362 4231 3515 4277 recta

1917 4297 2205 4366 expositio,
2259 4313 2420 4367 quam
2481 4294 2606 4351 cum
2661 4295 2905 4367 omnium
2945 4294 3176 4367 Patrum
3248 4303 3303 4367 et
3375 4308 3515 4367 con-

1916 4363 2162 4422 ciliorum
2224 4363 2636 4422 deﬁnitionibus
2681 4365 3015 4420 adamnssim
3073 4363 3369 4419 convenire
3415 4363 3510 4417 de-

1917 4439 2248 4508 prehendes.
2286 4437 2575 4492 Suﬂecerit
2610 4439 2752 4491 hanc
2797 4435 3511 4508 ﬁdeiﬁprol‘essionemcum

1917 4503 2272 4564 celeberrima
2327 4509 2501 4564 sancti
2550 4508 2751 4564 Leonis
2804 4507 2872 4562 ad
2917 4507 3236 4562 Flavianum
3278 4503 3512 4574 epistola

1923 4596 2026 4634 con
2036 4579 2196 4634 ferre.
2471 4589 2476 4592 '

1991 4651 2113 4705 491.
2153 4669 2171 4701 ι
2211 4649 2312 4716 Qui
2347 4664 2575 4704 manens
2615 4650 2669 4703 in
2708 4646 2879 4704 forma
2911 4647 3000 4701 Dei
3049 4643 3506 4716 feciiliorninent.

1923 4720 2065 4776 idem
2107 4721 2163 4775 in
2203 4714 2373 4775 forma
2412 4721 2553 4774 servi
2601 4718 2777 4774 factus
2807 4727 2892 4773 est
2931 4719 3114 4772 homo.
3153 4714 3328 4770 Tenet
3359 4715 3509 4769 enim

1919 4791 2036 4845 sine
2089 4791 2304 4847 defectu
2353 4793 2739 4860 proprietatem
2799 4806 2952 4860 suam
2982 4798 3212 4857 utraque
3265 4795 3504 4860 natura:

1920 4871 1975 4916 et
2036 4863 2176 4917 sicut
2238 4857 2467 4917 formam
2523 4861 2664 4915 servi
2727 4859 2823 4915 Dei
2891 4859 3064 4914 forma
3116 4873 3225 4912 non
3277 4857 3506 4922 adimit,

1921 4931 1993 4985 ita
2027 4932 2256 4987 formam
2296 4933 2389 4986 Dei
2432 4932 2572 4987 servi
2607 4931 2780 4986 forma
2816 4946 2924 4985 non
2957 4929 3175 4984 minuit.
3216 4948 3233 4980 ι
3271 4926 3508 4982 Sanetus

1917 5001 2050 5067 Leo,
2073 5004 2170 5057 lor.
2207 5005 2294 5058 cit.

1987 5074 2114 5129 496.
2143 5075 2392 5129 Citantur
2420 5074 2472 5127 hi
2496 5073 2604 5128 duo
2625 5072 2876 5127 versiculi
2901 5087 2930 5126 a
2963 5070 3128 5127 Suida
3162 5071 3214 5125 in
3262 5089 3312 5126 ν.
3345 5067 3508 5121 τελωο

1917 5147 2077 5212 νεῖον,
2128 5145 2269 5200 facta
2315 5152 2520 5198 tantum
2577 5143 2877 5212 mutatione
2926 5143 3074 5198 verbi
3116 5141 3211 5196 τοῦ
3258 5138 3506 5212 προσϐα-

1915 5211 2027 5286 λεῖν
2062 5208 2117 5270 in
2145 5215 2205 5268 τὸ
2235 5214 2547 5286 προϐαλεῖν.
2577 5211 2880 5268 Vertuntur
2899 5222 3079 5286 autem
3101 5255 3117 5286 ,
3148 5223 3206 5286 ut
3229 5208 3347 5286 mea
3380 5208 3504 5277 qni-

1915 5284 2036 5340 dcm
2090 5296 2173 5341 est
2217 5280 2506 5346 sententia,
2561 5301 2752 5353 parum
2795 5294 2961 5339 recte.
3015 5283 3193 5337 Pisida
3242 5280 3503 5334 Severum

1917 5355 2228 5427 Scripturas
2254 5356 2652 5427 adulterantcm
2700 5371 2821 5410 cum
2865 5355 3169 5427 publicanis
3201 5357 3500 5420 comparat,

1914 5427 2003 5494 qui
2043 5425 2114 5482 'iu
2175 5445 2273 5482 suo
2329 5426 2528 5479 telonio
2591 5427 2878 5488 sedentes,
2937 5425 3187 5494 quamvis
3235 5429 3503 5494 quantum

1913 5493 2160 5568 accipere
2191 5499 2454 5553 deberent
2482 5506 2627 5551 esset
2648 5493 3030 5568 constitutum,
3048 5493 3418 5568 nihilominus
3445 5498 3504 5543 ut

1915 5563 2046 5622 rem'
2072 5584 2225 5624 suam
2272 5569 2532 5629 facerent,
2573 5583 2716 5638 saepe
2767 5567 2820 5620 in
2862 5565 3166 5638 rationibus
3187 5563 3308 5632 plus
3339 5575 3500 5638 quam

1913 5639 2378 5712 legereisilicitum
2416 5647 2578 5712 essci,
2619 5631 2904 5709 exigebant
2942 5655 2955 5690 :
2991 5635 3134 5690 unde
3165 5631 3272 5712 tam
3304 5631 3505 5712 acriter

1911 5727 1939 5764 a
1967 5702 2084 5764 "SS.
2125 5710 2397 5783 Patribus,
2428 5719 2506 5783 _nt
2537 5702 2735 5783 fures:
2761 5718 3028 5777 raptores,
3059 5704 3341 5783 et__o_vium
3387 5702 3501 5783 ιουρὶ

1911 5783 2265 5856 exagitantur.
2293 5781 2483 5833 Στενὸν
2506 5778 2753 5834 τελώνιον
2782 5774 3059 5832 aiwustum
3099 5775 3228 5832 dicit
3252 5774 3502 5829 teloniun
