4152 6290
389 248 527 317 1673

599 360 844 432 Ηῦξησεν
872 362 1033 423 εὐθὺς
1062 362 1458 433 μυριόσλαστος
1491 365 1711 434 στάχυς.

525 455 619 516 El;
649 453 691 507 δ’
710 450 777 507 αὖ
813 471 871 521 γε
902 456 999 525 τὴν
1032 456 1250 525 στείραν
1279 474 1359 520 τε,
1383 458 1475 511 καὶ
1510 460 1889 528 πεφυρμένην,

525 548 634 601 Καὶ
664 547 868 616 πλῆθος
896 550 1050 615 εἰπερ
1075 548 1263 619 ὲντεθῇ
1284 590 1299 612 ,
1320 550 1608 621 διεφθάρη.

488 652 504 668 ⁹
527 640 568 690 11
596 642 708 702 τοῖς
738 642 947 708 νοητοῖς
971 640 1178 711 ὀρνέοις
1204 642 1564 711 ἡρπαγμένον
1586 684 1601 706 ,

382 732 486 786 685
502 733 568 785 Ἦ
599 734 717 794 ταῖς
748 732 1015 796 ἀκάνθαις
1041 733 1151 786 τῶν
1178 733 1367 787 παθῶν
1398 734 1776 805 πεπηγμένον.

526 825 586 876 El
617 824 661 876 δ’
687 823 755 877 αὖ
784 840 847 891 γε
881 828 989 887 τοῖς
1026 828 1138 887 σοῖς
1168 826 1507 879 ἁντιπίπτων
1541 828 1817 900 Πατράσιν
1839 872 1852 893 ,

499 914 697 977 Ἀλλας
727 915 1055 986 προὸἀλλειν
1088 918 1259 982 ἀξιοῖς
1290 920 1679 989 παρεμιράσεις
1699 962 1712 982 ,

506 1007 591 1070 Ὠς
618 1007 950 1079 πατραλοίας
983 1010 1091 1062 τῶν
1118 1012 1351 1081 Γραφων
1377 1013 1683 1082 ὲξετράπης
1704 1029 1716 1041 ·

496 1097 685 1167 Ἡμεῖς
719 1100 828 1170 γὰρ
860 1101 1027 1164 αὐτὰς
1055 1103 1300 1166 εὐσεϐεῖς
1327 1105 1665 1175 γνωρίζομεν

378 1190 482 1245 690
521 1191 597 1261 Τῇ
630 1193 917 1262 ταυτότητι
944 1194 1037 1246 τοῦ
1067 1195 1271 1247 σκοποῦ
1298 1195 1404 1247 τῶν
1434 1198 1741 1265 δογμάτων.

577 1282 715 1334 Ἀλλ’
735 1277 779 1336 ὦ
809 1284 1028 1353 διαυγὲς
1061 1285 1216 1356 ὄμμα
1243 1287 1343 1356 τῆς
1367 1287 1694 1358 οἰκουμένης

521 1360 628 1426 Καὶ
652 1374 848 1446 πύργε,
875 1376 972 1430 καὶ
1002 1378 1305 1449 στήριγμα,
1326 1380 1420 1432 καὶ
1445 1379 1773 1451 ψυχοτρόφε,

518 1466 591 1519 Τὸ
617 1470 991 1539 συμπέρασμα
1019 1470 1126 1522 τῶν
1151 1471 1275 1540 ἐμοὶ
1299 1470 1640 1540 λελεγμένων

520 1558 642 1621 Τοῖς
675 1562 786 1621 σοῖς
822 1560 1153 1632 ὑποστήριζε
1183 1560 1275 1614 τοῦ
1302 1561 1461 1629 λόγου
1491 1562 1686 1625 τόνοις.

378 1650 482 1705 695
518 1650 591 1703 (ιύ
624 1651 910 1720 δογμάτων
942 1652 1048 1721 γὰρ
1077 1652 1232 1724 ἔσχον
1266 1654 1530 1726 ὲντριδεῖς
1561 1655 1752 1723 λόγους
1773 1671 1787 1685 ⁶

532 1742 643 1795 Ἀεὶ
676 1742 729 1795 δὲ
762 1746 882 1806 ταῖς
908 1747 1027 1807 σαῖς
1055 1745 1337 1815 ἐντρυφῶν
1374 1749 1755 1817 στρατηγίαις,

524 1833 768 1898 Πτώσεις
793 1835 1086 1905 τυράννων,
1117 1836 1213 1889 καὶ
1233 1837 1443 1907 τροπὰς
1469 1838 1755 1898 ἐναντίων,

518 1928 626 1980 Καὶ
652 1930 777 1992 τοὺς
806 1929 1154 2000 πολυσχεδεῖς
1176 1948 1256 1995 τε,
1290 1932 1384 1984 καὶ
1414 1930 1791 2000 πολυτρόπους

518 2018 639 2071 Τῶν
675 2020 782 2071 σῶν
820 2021 1046 2088 ἀγώνων
1076 2023 1483 2093 ὲσκιαγράφουν
1520 2022 1739 2091 λόγουςο

378 2107 479 2164 700
516 2110 623 2163 Kal.
645 2111 754 2182 γὰρ
781 2112 1102 2185 στρατηγῶν
1132 2114 1193 2167 οὑ
1232 2113 1482 2184 μεθῆκας
1510 2116 1636 2177 τοὺς
1669 2114 1879 2182 λόγους,

518 2202 629 2256 Καὶ
668 2204 978 2274 ρητορεύων
1006 2205 1105 2257 οὐκ
1135 2204 1341 2259 ἀπώσω
1368 2206 1429 2259 τὸ
1463 2207 1615 2275 ξίφος
1635 2223 1648 2237 ·

534 2295 671 2347 Ἀλλ’
702 2294 891 2365 ῶσπερ
919 2295 986 2366 ἢν
1014 2296 1237 2364 λέγουσι
1266 2298 1376 2350 τῶν
1403 2297 1559 2362 ζώων
1594 2302 1755 2367 φύσιν

518 2386 661 2457 Πρὸς
693 2389 797 2456 γῆν
821 2404 903 2453 τε,
934 2388 1026 2441 καὶ
1046 2388 1321 2442 θάλασσαν
1352 2390 1599 2462 εὐφόρως
1629 2390 1774 2462 ἔχειν
1793 2410 1807 2423 υ

518 2478 701 2542 οὕτως
734 2481 762 2532 ὁ
796 2480 916 2543 νοῦς
946 2498 1039 2534 σου
1067 2484 1132 2552 τῇ
1160 2482 1479 2553 καταλλήλῳ
1510 2483 1670 2552 φύσει

376 2571 480 2625 705
516 2571 658 2641 Πρὸς
700 2573 880 2625 πᾶσαν
907 2574 1083 2645 ὁρμὴν
1111 2576 1428 2645 ἀμφιδέξιος
1462 2578 1633 2647 μένει.

586 2665 695 2717 Καὶ
729 2669 999 2738 μαρτυρεῖ
1036 2684 1127 2735 μοι
1158 2669 1442 2739 Περσικῶς
1466 2670 1500 2739 ἡ
1526 2670 1763 2741 Καμσόη

512 2755 793 2827 Σπινθῆρα
820 2761 918 2828 τῆς
946 2760 1044 2829 σῆς
1081 2760 1466 2830 προσλαϐοῦσα
1501 2763 1801 2831 λαμπάδος·

515 2847 590 2901 Οὐ
617 2848 725 2921 γὰρ
757 2851 1005 2905 τοσοῦτοι
1041 2852 1191 2921 ἡλίου
1226 2854 1480 2923 λαμπροῦ
1516 2855 1675 2920 σέλας

516 2943 800 3013 Χειμῶνος
829 2944 1005 3015 ὁρμὴν
1038 2945 1335 3014 δραστικὴν
1366 2948 1729 3020 ὑποστρέφει,

373 3037 474 3091 710
516 3035 680 3091 Ὅσον
717 3040 781 3092 σὺ
808 3036 1012 3107 ταύτης
1044 3039 1143 3110 τὴν
1181 3041 1412 3110 ὁμίχλην
1443 3044 1717 3114 ἀρπάσας,

510 3131 620 3183 Καὶ
650 3131 741 3184 τὸν
778 3132 975 3203 πικρὸν
1002 3132 1246 3201 χειμῶνα
1279 3134 1376 3205 τῆς
1396 3135 1693 3203 ἀγνωσίας,

1657 257 1953 317 CONTRA
1986 261 2366 324 SEVERUM.

3506 272 3639 339 1674

1996 377 2037 428 Α
2072 371 2319 443 Erumpit
2353 374 2536 427 statim
2566 389 2688 428 cum
2722 378 3002 446 multiplici
3031 381 3276 450 germine
3304 366 3455 452 spica
3482 403 3494 439 :

2070 464 2123 516 Si
2157 481 2285 519 vero
2314 474 2502 520 contra
2534 466 2586 519 in
2622 469 2861 522 sterilem
2920 483 2974 524 et
3002 469 3296 527 immistam
3328 475 3520 544 spinis,

2065 554 2324 617 Quamvis
2363 560 2506 629 large
2537 559 2701 614 fuerit
2734 561 3057 625 immissum,
3088 566 3250 634 perit,

2066 647 2172 701 Aut
2194 649 2263 702 ab
2291 649 2745 705 intellectualibus
2774 652 2965 706 avibus
2991 654 3285 724 direptum,

2067 743 2174 794 Aut
2201 758 2231 793 a
2261 742 2436 812 spinis
2470 746 2784 813 passionum
2814 746 3139 801 sull'ocatum
3164 765 3178 812 ;

2065 832 2173 887 Aut
2202 834 2245 888 si
2272 836 2449 890 adhuc
2481 840 2587 893 tuis
2612 840 2885 894 obsistens
2915 841 3163 895 Patribus

2064 926 2209 980 Alias
2242 929 2538 983 obtrudere
2567 932 2775 985 moliris
2804 932 3061 998 fallacias,

2065 1017 2344 1087 Tanquam
2369 1023 2635 1090 parricida
2669 1040 2696 1077 a
2726 1025 3003 1095 Scriptura
3038 1026 3319 1081 aberrasti.

2062 1110 2171 1165 Nos
2196 1114 2341 1167 enim
2375 1115 2492 1169 illas
2524 1132 2652 1171 vere
2682 1118 2800 1187 pias
2827 1134 2947 1173 esse
2978 1120 3251 1182 novimus,

2063 1203 2119 1256 In
2151 1206 2347 1273 quibus
2376 1222 2573 1278 scepus
2614 1209 2924 1280 dogmatum
2960 1222 3045 1266 est
3075 1213 3399 1282 ipsissimus.

2132 1300 2219 1363 At,
2251 1314 2283 1352 ο
2312 1300 2567 1354 renidens
2589 1303 2755 1357 ocelle
2789 1314 2947 1359 terra:
2980 1306 3265 1369 universae,

2061 1387 2361 1458 Turrisque
2420 1400 2472 1444 et
2502 1391 2899 1456 fulcimentum,
2932 1397 3177 1464 alterque
3203 1396 3528 1471 animatum,

2063 1480 2264 1533 llerum
2290 1498 2319 1534 a
2351 1498 2437 1536 me
2466 1483 2729 1538 dictarum
2760 1487 3192 1556 complexionem

2059 1571 2159 1625 'l'ui
2196 1574 2464 1629 sermonis
2499 1578 2757 1631 confirma
2785 1580 3134 1643 auctoritate;

2059 1665 2172 1718 Non
2204 1666 2349 1719 enim
2382 1668 2543 1722 habui
2579 1668 2871 1724 familiares
2899 1672 3232 1742 dogmaticos
3260 1688 3559 1729 sermones.

2057 1756 2283 1828 Semper
2314 1775 2442 1814 vero
2480 1762 2584 1815 tuis
2617 1762 2918 1817 delectatus
2948 1765 3389 1833 expeditionibus

2056 1849 2225 1903 Casus
2264 1858 2635 1921 tyrannorum,
2674 1862 2727 1908 et
2761 1856 2939 1910 clades
2983 1856 3244 1923 hostium,

2057 1938 2123 1993 Et
2155 1941 2381 1995 multum
2417 1943 2609 2008 divisa,
2642 1954 2698 1999 et
2724 1945 2871 1999 varia

2056 2030 2171 2085 Tua
2198 2033 2381 2088 studui
2406 2036 2704 2089 certamina
2743 2036 3067 2091 adumbrare
3096 2038 3455 2097 sermonibus.

2056 2121 2167 2178 Nec
2196 2125 2343 2178 enim
2372 2125 2515 2181 inter
2546 2126 2684 2181 bella
2720 2128 3024 2183 valedixisti
3054 2130 3420 2195 sermonibus,

2057 2214 2166 2269 Nec
2196 2215 2340 2270 inter
2368 2231 2651 2272 sermones
2678 2218 2921 2287 abiecisti
2950 2219 3206 2290 gladium.

2056 2308 2162 2360 Sed
2196 2318 2254 2361 ut
2286 2308 2642 2377 quorumdam
2673 2309 2825 2366 aiunt
2858 2310 3172 2366 animalium
3204 2322 3451 2366 naturam

2058 2399 2135 2453 Ad
2168 2409 2364 2455 terram
2391 2410 2444 2455 et
2482 2401 2547 2458 ad
2576 2417 2724 2457 mare
2755 2418 2908 2473 aeque
2961 2419 3081 2459 esse
3127 2406 3627 2470 accennnedatmn;

2056 2492 2147 2545 Sic
2183 2507 2336 2546 mens
2376 2500 2466 2548 tua
2505 2493 2575 2549 ob
2600 2503 2781 2565 aptam
2808 2496 2972 2551 rebus
2997 2495 3230 2551 invicem
3273 2506 3523 2553 naturam

2052 2584 2133 2638 Ad
2180 2600 2561 2655 quemcunque
2587 2596 2841 2640 conatum
2875 2586 3216 2642 ambidexter
3248 2596 3448 2641 manet.

2123 2676 2200 2730 Ac
2230 2675 2383 2729 testis
2411 2684 2495 2730 est
2534 2675 2665 2731 mihi
2696 2674 2914 2731 Persice
2942 2686 3129 2731 vocata
3155 2676 3413 2743 Camboe,

2051 2767 2182 2821 Tute
2206 2768 2516 2831 scintillam,
2544 2784 2666 2838 quae
2689 2768 2930 2838 suscepit
2959 2770 3244 2840 lampadis.

2050 2861 2169 2915 Non
2206 2861 2352 2916 enim
2383 2862 2519 2917 adeo
2551 2863 2679 2917 solis
2706 2863 3026 2934 refulgentia
3045 2863 3208 2935 iubar

2051 2955 2259 3011 lliemis
2289 2955 2399 3010 vim
2428 2956 2819 3026 penetrabilem
2846 2956 3025 3027 fugat;

1976 3056 2019 3112 ε
2054 3046 2123 3100 Ut
2160 3054 2216 3101 tu
2258 3046 2491 3116 caligine
2532 3046 2690 3104 istius
2728 3047 2994 3113 discussa,

2054 3137 2121 3191 Et
2150 3152 2332 3191 amara
2366 3136 2546 3192 hieme
2585 3136 2923 3208 ignorantiae,

1885 3316 2118 3372 NOTAS.

434 3465 560 3524 687.
598 3466 784 3545 Codex
814 3470 978 3545 habet
1004 3470 1404 3545 παρσμφάσεις.
1437 3471 1505 3526 At
1530 3470 1727 3539 Pisida,
1758 3469 1813 3526 ni
1845 3468 1937 3525 fal-

366 3538 467 3612 lor,
502 3541 884 3610 παρεμφάσεις
930 3543 1063 3597 dixit
1087 3538 1278 3598 eodem
1326 3558 1510 3602 sensu.
1543 3559 1651 3612 quo
1701 3538 1850 3611 Supr.
1878 3559 1933 3594 ν.

366 3610 500 3683 655,
526 3612 739 3683 πονηρὰ
762 3614 1035 3683 σχήματα,
1061 3614 1164 3668 hoc
1195 3620 1279 3667 est
1303 3610 1573 3669 sermonis
1602 3610 1863 3683 fallacias,
1884 3620 1939 3665 et

366 3680 621 3735 subdolas
649 3680 1081 3752 Scripturarum
1129 3683 1629 3752 interpretationes.
1654 3683 1787 3737 Nam
1841 3682 1940 3750 ἐμ-

366 3767 549 3823 φασι-ς,
577 3751 661 3805 vel
692 3754 1039 3823 παρέμφασις
1067 3763 1153 3807 est
1194 3751 1333 3821 apud
1392 3753 1642 3823 rhetoras
1694 3753 1937 3815 schema,

368 3820 451 3874 vel
480 3821 667 3892 figura.
698 3820 820 3877 cuin
840 3820 1107 3878 videlicet
1132 3823 1316 3876 subest
1345 3822 1523 3876 verbis
1562 3823 1724 3877 tacita
1778 3823 1941 3876 etiam

364 3891 609 3958 quaedam
636 3893 977 3961 significatio.
1006 3893 1087 3946 vel
1120 3892 1401 3961 plusquam
1438 3892 1641 3946 dixeris
1674 3892 1942 3961 significa-

366 3963 463 4023 tio,
501 3971 559 4015 ιιι
587 3960 743 4017 docet
774 3961 1165 4028 Quintilianus,
1202 3961 1333 4017 Inst.
1368 3960 1519 4015 Orat.
1547 3961 1601 4032 8,
1636 3960 1757 4032 pag.
1816 3961 1940 4017 499.

365 4031 551 4102 Itaque
600 4032 799 4087 Noster
866 4033 1126 4088 Severum
1172 4040 1375 4095 mouet,
1431 4046 1500 4102 ne
1556 4031 1755 4102 frustra
1798 4047 1945 4101 παρ-

363 4101 631 4171 εμφάσεις
702 4102 951 4157 l’atribus
1013 4102 1296 4165 obtrudat.
1347 4101 1506 4170 quasi
1566 4101 1640 4156 illi
1694 4117 1817 4155 cum
1877 4102 1943 4155 de

363 4173 737 4229 incarnatione
783 4172 945 4226 locuti
1005 4182 1174 4234 sunt,
1240 4171 1606 4241 sophistarum
1666 4186 1817 4225 more
1878 4174 1944 4225 fi-

362 4259 543 4313 guras,
568 4253 622 4296 et
660 4241 911 4297 flosculos
937 4244 1330 4297 sententiarum
1361 4243 1558 4313 sectari
1602 4241 1930 4313 studuerint,

362 4311 417 4366 et
471 4314 756 4382 plusquam
823 4314 1099 4372 dixerunt.
1152 4312 1238 4367 vel
1290 4311 1435 4379 quod
1489 4328 1599 4382 non
1654 4312 1931 4374 dixerunt,

360 4380 921 4505 Lnt‘elligi‘voluerint
958 4400 972 4436 :
1014 4383 1159 4453 quod
1207 4383 1429 4453 quidem
1489 4380 1692 4438 Severo
1744 4382 1931 4455 place-

398 4470 424 4505 a
459 4495 469 4505 .

398 4461 469 4505 at.

432 4521 553 4576 689.
598 4523 743 4588 Illas,
776 4523 985 4578 scilicet
1020 4523 1264 4578 ectheses.

428 4594 545 4646 694.
594 4594 795 4649 Forsan
833 4596 903 4647 ita
945 4595 1177 4659 locutus,
1208 4610 1275 4648 eo
1294 4594 1416 4663 quia
1438 4593 1595 4649 sciret
1626 4592 1933 4651 lleraclium

358 4663 710 4785 scrilptienem
740 4664 975 4734 aliquam
1005 4665 1259 4720 habuisse
1284 4676 1527 4735 paratam
1579 4671 1767 4718 contra
1825 4664 1933 4719 Eu-

361 4742 445 4785 tvc
471 4750 665 4785 nanos.

361 4742 665 4801 tyclnanos.

428 4804 549 4875 69S).
594 4802 885 4875 Poematia,
923 4820 1043 4871 qua:
1075 4804 1408 4873 praecedunt,
1445 4804 1714 4875 intelligit.

425 4872 549 4926 700.
596 4872 899 4926 llcraclium
970 4889 1218 4942 perteque
1278 4875 1473 4928 fortem
1540 4872 1930 4942 ac'eloquen-

358 4951 464 4996 tem
492 4944 690 5012 ubique
716 4944 840 4997 facit
870 4953 1047 5011 poeta,
1070 4945 1283 5011 qualem
1328 4960 1448 4999 esse
1499 4955 1751 5013 oportere
1777 4960 1929 4999 sum-

356 5028 502 5093 mum
535 5015 727 5096 ducem
759 5023 983 5096 noverat
1010 5015 1194 5096 cavillo
1241 5012 1712 5096 apuddlonierum
1768 5012 1930 5096 ΡΙιαξς

356 5082 495 5145 uice,
527 5084 614 5152 qui
642 5087 656 5151 (
684 5083 865 5138 verbis
894 5094 1011 5137 utar
1041 5082 1319 5137 Ciceronis
1353 5084 1444 5137 lib.
1474 5100 1533 5137 ιιι
1570 5085 1641 5137 De
1697 5084 1927 5137 oratorel

361 5170 379 5201 ι
411 5167 468 5205 se
506 5169 535 5206 a
565 5152 733 5209 Peleo
758 5164 911 5223 patre
941 5153 1135 5207 Achilli
1162 5154 1347 5218 juveni
1374 5155 1625 5208 comitem
1654 5169 1777 5208 esse
1834 5156 1929 5210 da-

355 5232 467 5274 tum
501 5224 633 5279 dicit
698 5227 763 5279 ad
796 5224 1014 5288 bellum,
1056 5238 1117 5277 ut
1164 5225 1314 5278 illum
1364 5224 1602 5280 elliceret
1654 5234 1925 5279 oratorem

356 5292 664 5362 verborum,
706 5303 1093 5362 auctoremque
1122 5310 1301 5347 rerum
1339 5312 1352 5348 :
1395 5313 1412 5343 ι

459 5363 501 5413 Τ
505 5361 702 5418 οὔνεκά
729 5382 795 5433 με
826 5361 1062 5433 προέηκε
1088 5363 1468 5431 διδασκέμεναι
1492 5362 1615 5415 τάδε
1654 5363 1849 5431 πάντα,

457 5433 660 5487 Μύθων
686 5451 744 5486 τε
778 5433 969 5504 ῥητῆρ’
993 5436 1202 5504 ἔμεναι,
1237 5435 1532 5504 πρηκτῆρά
1549 5449 1609 5486 τε
1639 5433 1835 5503 ἔργων.

1165 5504 1346 5559 tlliad.
1385 5521 1455 5559 Ix.
1492 5504 1639 5559 445.)

1189 5504 1346 5559 Iliad.
1385 5521 1455 5559 Ix.
1492 5504 1613 5559 445.

426 5571 553 5626 706.
590 5576 849 5641 Καμσόη,
878 5573 1122 5640 Camboe,
1154 5505 1363 5628 dimi};
1385 5505 1920 5644 ι’ἒῖηιῄῖὃέὶιοειθδυὴί-

352 5656 535 5712 carum
559 5643 823 5712 scriptore
869 5655 1163 5698 rucniorata
1226 5644 1433 5697 civitas.
1491 5643 1808 5705 llmt‘ebain,
1850 5662 1917 5698 an

352 5710 552 5767 Edessa
580 5710 976 5782 Mesopotamia:
1000 5716 1126 5768 urbs
1148 5716 1329 5769 multis
1353 5716 1665 5770 nominibus
1690 5716 1916 5769 celebris

546 5806 813 5865 ΡΑτειοι..
862 5809 972 5866 Cn.
1010 5810 1184 5869 Χιῖιι.

2038 3470 2388 3537 indicaretur,
2420 3487 2539 3543 quze
2568 3470 2940 3543 cumiSyriace
2968 3470 3161 3543 Aradi,
3191 3470 3385 3526 Edessa
3409 3483 3461 3529 et
3497 3473 3625 3543 ονοι

2039 3542 2242 3604 rimam,
2278 3542 2504 3596 Arabice
2532 3558 2661 3595 vero
2690 3542 2864 3605 Rulm,
2900 3550 2952 3593 et
2995 3542 3173 3611 Orpha
3198 3555 3503 3610 vocaretur,
3566 3562 3598 3599 ιι

2038 3611 2390 3667 Assemanius
2438 3613 2841 3673 animadvertit,
2902 3611 3040 3666 Bibl.
3072 3608 3291 3667 'Orieut.
3347 3608 3497 3669 tom.
3551 3608 3623 3681 ll:

2040 3698 2142 3804 pag
2184 3682 2309 3747 471,
2342 3681 2557 3737 Persica
2591 3682 2752 3737 etiam
2786 3683 2965 3752 lingua
2995 3682 3232 3737 Camboe
3276 3683 3466 3739 fuisset
3524 3703 3592 3756 ap

2044 3754 2259 3804 uelata.
2296 3757 2472 3804 Alnue
2512 3763 2570 3804 ut
2604 3753 2708 3804 hoc
2736 3753 3041 3804 crederem.
3078 3760 3270 3804 auctor
3296 3755 3427 3804 mihi
3469 3757 3591 3804 vide

2044 3753 2259 3821 pellata.
2296 3757 2472 3822 Atque
2512 3763 2570 3807 ut
2604 3753 2708 3806 hoc
2736 3753 3041 3816 crederem,
3078 3760 3270 3807 auctor
3296 3755 3427 3808 mihi
3469 3753 3620 3811 vide'

2044 3823 2202 3893 batur
2232 3839 2355 3878 esse
2384 3823 2769 3893 Theophanes.
2787 3823 2873 3893 cui
2912 3824 2976 3875 de
3006 3838 3157 3876 inore
3195 3826 3466 3879 consentit
3513 3827 3622 3882 Ce‘

2041 3892 2326 3973 tirenuan
2363 3893 2428 3946 iis
2474 3892 2595 3973 qua:
2626 3892 3253 3973 deAEdessena’ci‘vitate.
3278 3894 3623 3973 scriptamre'

2040 3960 2215 4029 liquit.
2247 3962 2384 4017 Cum
2428 3960 2572 4017 enim
2624 3970 2806 4031 antea,
2842 3977 2963 4031 pag.
3007 3962 3113 4015 263
3140 4002 3154 4023 ,
3202 3960 3425 4019 dixisset
3471 3966 3619 4021 Cho-

2040 4044 2221 4087 sroam
2248 4032 2494 4101 adegisse
2540 4030 2883 4089 Christianos
2911 4031 2977 4085 ad
3004 4031 3237 4085 Nestorii
3274 4036 3619 4101 superstitio-

2041 4116 2164 4172 [rem
2222 4101 2897 4172 amplexandam,postea,
2922 4117 3046 4172 pag.
3083 4101 3212 4172 273.»
3242 4101 3331 4172 de;
3373 4102 3619 4159 Heraclio

2040 4168 2329 4243 Persarum
2360 4173 2626 4226 domitore
2665 4168 2736 4243 ita
2769 4168 2958 4243 scribit
2994 4168 3020 4222 ἴ
3033 4170 3384 4243 ,Καταλαεῲν
3430 4173 3485 4225 δὲ
3512 4174 3619 4243 τὴν

2045 4240 2308 4312 Ἔδεσσαν
2338 4243 2619 4312 ἀπέδωκεν
2648 4242 2747 4311 τὴν
2784 4241 3112 4312 Ἐκκλησίαν
3160 4244 3275 4304 τοῖς
3311 4240 3616 4312 ὀρθοδόξοξς

2042 4311 2147 4364 ὑπὸ
2178 4311 2557 4384 Νεστοριανῶν
2577 4311 2949 4391 κατεχομένην
2976 4311 3082 4391 ἀπὸ
3097 4312 3372 4391 ἐξοσρόου.
3407 4330 3425 4363 ι
3455 4312 3618 4369 Edes-

2041 4398 2099 4452 sa
2125 4391 2304 4437 autem
2346 4381 2561 4452 recepta
2606 4381 2891 4438 ecclesiam
2950 4382 3052 4435 sub
3091 4381 3360 4452 Chosroae
3401 4390 3614 4452 tempo-

2042 4451 2252 4506 ribusa
2308 4451 2649 4507 Nesto’rianis
2705 4460 3025 4521 occupatam
3078 4451 3397 4506 orthodoxis
3454 4451 3613 4507 resti-

2041 4521 2159 4575 tuit.
2198 4540 2215 4572 ι
2262 4523 2378 4578 Huc
2407 4532 2588 4577 autem
2630 4523 2932 4591 respexisse
2960 4521 3194 4575 Pisidam
3233 4522 3457 4575 omnino
3513 4539 3614 4591 pu-

2038 4592 2236 4663 tabam.
2270 4610 2335 4648 eo
2358 4595 2484 4663 quia
2514 4594 2899 4662 Theophanes,
2918 4591 3009 4660 qui
3040 4593 3368 4663 casteroquiu
3410 4593 3611 4648 nullam

2034 4662 2104 4717 ab
2148 4661 2398 4718 Heraclio
2460 4680 2570 4718 rem
2634 4661 2907 4733 praeclare
2942 4670 3146 4733 gestam
3207 4662 3421 4715 videtur
3475 4664 3611 4717 omi-

2037 4735 2172 4787 sisse
2196 4774 2211 4796 ,
2248 4734 2381 4788 nihil
2430 4734 2573 4790 aliud
2620 4731 2794 4787 simile
2825 4731 3043 4794 referat,
3081 4732 3145 4785 ad
3176 4733 3342 4801 quod,
3372 4747 3435 4801 ea
3488 4750 3608 4801 qua:

2035 4802 2213 4857 Pisida
2259 4804 2455 4868 innuit,
2524 4804 2809 4859 commode
2890 4800 3296 4872 pertrahuntur.
3350 4800 3608 4868 Quamvis

2032 4873 2177 4928 enim
2204 4874 2376 4930 Pisida
2408 4875 2479 4930 ita
2505 4875 2760 4944 loquitur,
2792 4881 2853 4929 ut
2879 4875 2952 4944 de
2983 4872 3116 4929 urbe
3147 4873 3213 4927 ad
3241 4871 3606 4929 Christianam

2034 4946 2195 4999 fidem
2236 4945 2302 5000 ab
2340 4943 2588 5002 Heraclio
2618 4945 2798 5016 potius
2854 4943 3303 5016 adducta,_quam
3354 4954 3605 4999 revocata

2032 5029 2193 5088 agere
2216 5016 2337 5088 quis
2365 5012 2850 5088 cretlere_’pessit;
2884 5028 3009 5088 cum
3047 5012 3217 5088 _dicat
3253 5013 3606 5088 imperatoris

2033 5083 2137 5155 ope
2171 5083 2286 5156 φῶς
2311 5087 2539 5156 θεωρεῖν
2587 5083 2844 5152 ὲνζόφῳ,
2883 5101 2901 5134 ι
2940 5083 3007 5137 ad
3035 5083 3306 5156 glgucetnAin
3368 5085 3606 5156 tenebris

2034 5153 2561 5227 aspiciendam'esse
2588 5155 2908 5227 excitatam;
2940 5153 3348 5227 {nihilominus
3369 5169 3441 5227 _ea
3481 5155 3608 5208 sub.

2026 5223 2128 5289 dit.
2163 5239 2283 5294 quae
2308 5228 2525 5282 Edessa:
2561 5226 2720 5296 plane
2747 5224 3098 5296 conveniunt,
3124 5239 3232 5296 non
3257 5240 3290 5296 _a
3314 5223 3416 5296 fide
3447 5239 3606 5277 aver-

2030 5293 2289 5362 sam,’sed
2316 5293 2912 5365 πίστεωςξψυγμένην,
2950 5312 2969 5344 ε
3003 5310 3033 5348 a
3068 5294 3173 5365 fide
3202 5293 3613 5365 frigefactam,y

2030 5369 2197 5435 ip<am
2222 5368 2520 5443 appellans.
2550 5363 2767 5443 Verum
2803 5363 2871 5443 an
2902 5365 3018 5443 haec
3063 5363 3329 5443 sufﬁciant
3376 5365 3465 5443 ad
3486 5367 3613 5443 deoi.’

2026 5433 2339 5515 (intrandum
2358 5440 2425 5493 de
2448 5436 2649 5515 Edessa
2681 5435 2893 5515 hic-agi,
2916 5435 3143 5515 aliorum
3166 5433 3561 5515 estonjudicium

2028 5512 2159 5565 mihi
2222 5509 2367 5567 enim
2429 5523 2538 5561 non
2596 5507 2722 5562 licet
2775 5502 2848 5560 id'
2880 5522 2944 5561 ex
2997 5503 3175 5558 Pisida
3203 5502 3451 5565 definire,
3505 5502 3599 5572 qui

2030 5582 2245 5634 l’crsice
2282 5580 2488 5642 ma'uit,
2524 5594 2680 5649 quam
2712 5578 2898 5633 Graeco
2959 5574 3179 5629 nomine
3241 5590 3360 5627 eam
3414 5574 3594 5643 appel-

2027 5652 2154 5704 lill't‘.

3206 5799 3279 5861 53
