4152 6290
564 224 702 287 1675
1858 215 2179 287 GEORGII

2228 227 2500 293 PISID/E
3706 225 3846 301 1676

559 338 618 391 Ei
645 331 1102 399 commonstrasti,
1138 339 1199 387 ut
1226 334 1403 389 lucem
1435 332 1649 390 videret
1680 334 1733 389 in
1760 324 2017 393 tenebris.
2156 347 2199 404 Α

1848 338 2017 393 chris.
2156 347 2204 404 Α
2376 344 2617 412 Ἔδειξας
2644 348 2780 422 αὐτῇ
2817 349 2932 421 φῶς
2967 351 3196 423 Θεωρείν
3221 353 3280 406 ἐν
3318 351 3488 422 ζόφῳ.

555 427 712 482 Nunc
735 427 956 496 quidem
987 426 1150 496 igitur
1179 425 1441 480 scintillas
1472 427 1666 482 vitales
1697 429 1880 495 habet,

2371 438 2523 503 Τέως
2562 441 2662 510 μὲν
2689 437 2784 496 οὖν
2815 442 3123 513 σπινθῆρας
3148 443 3426 514 ἐμψύχους
3457 444 3569 515 ἔχει

553 516 943 573 Calefacientes
975 517 1153 604 ipsam,
1182 530 1213 570 a
1254 516 1360 570 fide
1401 515 1773 588 frigefactam:

2369 528 2684 596 Θάλποντας
2710 533 2881 604 αὐτὴν
2919 535 3154 597 πίστεως
3181 533 3524 604 ἐψυγμένην

555 609 675 662 Tuo
703 620 837 662 vero
866 605 1046 660 calore
1075 603 1404 660 inﬂammata
1438 608 1611 679 magis

2233 618 2337 673 715
2375 619 2454 691 Τῇ
2486 624 2552 693 σῇ
2593 622 2650 675 δὲ
2679 603 2857 697 θέρμέι
2889 624 3294 696 ζωπυρουμένη
3330 603 3492 678 πλέον

554 699 791 756 Omnino
821 696 1152 753 desiderabit
1179 697 1343 751 etiam
1373 713 1549 753 rorem
1575 699 1874 770 suscipere.

2372 713 2598 777 Πάντως
2628 696 2856 785 ποθήσει
2882 716 3214 786 προσλαϐεῖν
3239 717 3332 769 καὶ
3369 717 3469 787 τὴν
3492 717 3704 788 δρόσον.

555 793 632 847 ita
665 789 919 846 Christus
954 788 1154 859 ubique
1183 803 1290 842 una
1330 796 1510 844 tecum
1545 791 1735 856 currit,

2371 801 2559 867 Οὕτως
2587 806 2615 857 ὁ
2647 806 2883 874 Χριστὸς
2921 809 3198 877 πανταχοῦ
3233 825 3317 861 σοι
3343 811 3642 879 συντρέχει,

554 886 622 938 Ει
651 883 962 951 ubicunque
995 888 1048 935 te
1080 879 1318 935 ostendit
1354 879 1827 950 triumphatorem.

2373 895 2482 947 Καὶ
2512 897 2792 967 πανταχοῦ
2821 916 2880 952 σε
2912 899 3152 953 δεικνύει
3181 901 3500 971 νικηφόρον.

623 972 735 1047 Ego
764 982 947 1027 autem
969 971 1260 1026 voluissem
1289 969 1430 1025 bene
1461 977 1682 1026 ornatas
1707 973 1967 1036 scribere,

2458 985 2787 1059 Ἐϐουλόμην
2811 988 2868 1042 δὲ
2896 969 3353 1054 λεπτοσυνθέτους
3379 969 3630 1062 γράφειν,

551 1065 774 1120 Necnon
794 1065 983 1136 plenas
1015 1064 1214 1134 pietate
1237 1062 1303 1116 ad
1331 1063 1500 1132 ipsam
1529 1072 1649 1118 tuas
1683 1066 1978 1121 conciones
2009 1085 2020 1120 :

2233 1074 2334 1128 720
2372 1075 2481 1128 Καὶ
2510 1077 2634 1140 τοὺς
2666 1078 2803 1149 πρὸς
2833 1079 3004 1151 αὐτὴν
3030 1081 3274 1146 εὐσεὸεἰς
3302 1099 3401 1136 σου
3428 1082 3758 1148 συλλόγους·

553 1158 660 1214 Sed
699 1173 808 1213 non
850 1158 978 1212 licet
1018 1156 1367 1226 scriptionem
1402 1158 1695 1226 perpolire,

2384 1167 2524 1219 Ἀλλ’
2550 1168 2652 1222 οὐκ
2682 1167 2860 1224 ἔνεστι
2903 1173 3229 1244 συγγραφὴν
3266 1173 3525 1237 ἐπιξέειν,

553 1250 876 1319 Ubicunque
909 1259 1059 1303 tuum
1102 1250 1313 1304 tonabit
1347 1265 1430 1315 os,
1459 1252 1773 1316 fortissime,

2373 1259 2548 1311 Ὅπου
2581 1260 2641 1312 τὸ
2669 1260 2783 1327 σὺν,
2820 1263 3100 1334 κράτιστε,
3137 1264 3420 1337 βροντήσει
3453 1266 3627 1335 στόμα
3649 1284 3661 1296 ·

551 1343 770 1396 Circum
798 1341 1098 1396 immittens
1127 1341 1399 1395 rationum
1432 1340 1664 1413 fulgura.

2370 1348 2484 1413 Τὰς
2513 1349 2620 1403 τῶν
2646 1350 2927 1423 λογισμῶν
2965 1355 3254 1426 ἀστραπὰς
3282 1358 3568 1425 ὲπεισάγον
3591 1374 3605 1387 ο

551 1433 718 1490 Nobis
746 1433 892 1488 enim
921 1433 1221 1487 timendum
1251 1449 1341 1497 ne,
1372 1434 1416 1488 si
1444 1435 1707 1489 vellemus
1736 1435 2009 1500 scribere,

1989 1488 2009 1500 ,_
2368 1440 2496 1504 Δέος
2520 1440 2632 1513 γὰρ
2655 1443 2813 1514 ἡμῖν,
2843 1444 2918 1515 μὴ
2947 1446 3233 1511 δοκοῦντες
3265 1451 3623 1519 συγγράφειν,

553 1528 621 1581 Et
648 1526 878 1582 multum
912 1542 943 1580 a
974 1525 1082 1581 tuis
1109 1526 1493 1581 abluderemus
1519 1527 1891 1595 sermonibus,

2370 1529 2482 1583 Καὶ
2513 1531 2689 1585 πολλὰ
2719 1535 2831 1597 τοῖς
2861 1536 2974 1599 σοῖς
2999 1536 3326 1610 ἡτονηκότες
3355 1537 3553 1605 λόγοις,

553 1617 694 1674 Falsi
737 1618 1048 1674 videremur
1095 1619 1356 1674 librorum
1397 1618 1718 1690 scriptores.

2231 1621 2336 1675 7‘26
2369 1621 2531 1676 N600t
2562 1623 2825 1696 φανῶμεν
2846 1631 3185 1699 συγγραφεῖς
3216 1629 3328 1682 τῶν
3354 1628 3596 1699 βιϐλίων.

2165 1731 2208 1786 Β
2906 1719 3148 1774 ΤΕΛΟΣ.

2056 1882 2285 1943 NOTAE.

619 2047 744 2123 '7_l2.
777 2042 1172 2123 Al.o_c_utionem
1232 2043 1299 2123 ab
1351 2043 1600 2123 Heraclio
1653 2056 1837 2098 coram
1881 2040 2144 2123 rCamboa:
2241 2055 2431 2123 smatts
2448 2057 2725 2123 unguento
2742 2051 3583 2123 reconciliandnsbapttzatorum
3602 2069 3818 2110 more.»

557 2114 770 2192 civibus
814 2115 1082 2192 habitam,
1118 2123 1176 2168 ut
1198 2115 1497 2192 adfectam
1526 2113 1685 2192 fidem
1716 2122 2140 2192 reverterentur,
2240 2114 2413 2192 Quem
2439 2113 2608 2192 ritum
2627 2122 3064 2192 Aptenitentiaiem
3112 2113 3360 2192 pluribus
3403 2135 3587 2180 contra
3638 2126 3824 2179 Arcu-

547 2185 767 2268 videtur
806 2185 1058 2268 indicare
1077 2185 1288 2268 Lquod
1321 2184 1544 2251 clarius,
1576 2191 1632 2238 et
1660 2183 1931 2254 expressis
1964 2184 2143 2238 verbis
2239 2183 2683 2268 diutndefendi’t,
2715 2200 2770 2245 et
2791 2194 3076 2268 antiquum
3108 2183 3161 2268 e_t
3181 2194 3504 2268 laudabilem
3528 2195 3695 2268 fuisse
3716 2196 3791 2250 de

549 2272 678 2336 mort
693 2254 963 2336 declarat.
996 2272 1048 2309 v.
1077 2254 1234 2336 725.”
1374 2324 1386 2336 .
1579 2331 1590 2336 _
1846 2331 1856 2336 Α
2019 2333 2028 2336 _
2238 2266 2506 2336 monstrat
2528 2254 2959 2336 Jacobu5_Goar
2985 2265 3075 2336 Ain
3094 2265 3433 2336 _Euchologii
3486 2266 3656 2336 notis.
3691 2281 3821 2336 pag.

620 2325 759 2407 ⁸716.Δ
782 2326 1010 2407 Ageage
1034 2341 1130 2395 per
1169 2324 1501 2407 allegoriam,
1536 2331 1596 2379 ut
1631 2339 1764 2407 mea‘
1780 2331 1864 2407 est
1913 2333 2138 2405 senten-
2237 2328 2260 2382 ε

2237 2328 2560 2407 887,_q_uent
2586 2331 2732 2407 vide.
2764 2331 2931 2407 Certe
2954 2333 2998 2388 si
3050 2333 3226 2407 Pisida
3260 2324 3593 2407 ρει-νδρόσον
3644 2324 3824 2389 ἀίει-ἔε-

548 2395 645 2457 tia.
681 2404 778 2476 est
802 2394 1288 2476 _Spir.itussan'cti’
1326 2395 1517 2476 gratia,
1568 2410 1674 2464 qua
1723 2394 2029 2476 {idessenos
2073 2394 2129 2447 in
2225 2394 2530 2476 lnpnia'letn
2583 2401 2728 2476 illam
2785 2404 3102 2476 unctionem
3156 2394 3452 2466 intellexit:
3502 2422 3599 2476 per
3649 2422 3821 2475 quam

549 2476 695 2546 recta
748 2464 1124 2546 fidelejurato
1154 2464 1925 2546 Nestorianismo_contimiari
1965 2478 2130 2534 opor-
2225 2468 2490 2546 Edessepi
2547 2485 2577 2524 a
2622 2471 3051 2530 Nestorianismo
3104 2464 3519 2545 resipiscentes'
3545 2475 3639 2530 Dei
3671 2464 3829 2546 ’8ρὶ-

549 2537 715 2616 tebat.
748 2536 954 2616 Alludit
984 2546 1189 2616 autem,
1221 2536 1438 2616 opinor,
1467 2534 1652 2616 Pisida
1691 2535 1758 2616 ad
1791 2535 1983 2616 ritum,
2022 2549 2132 2616 quo
2226 2538 2481 2616 ritum‘in
2524 2555 2589 2616 se
2641 2559 2918 2616 revocare,
2952 2555 3007 2600 et
3047 2534 3391 2616 deperditum
3451 2547 3639 2616 gratiae
3685 2534 3825 2600 effe-

546 2606 1038 2685 tttebantunGraaci
1060 2607 1370 2685 orientales
1398 2605 1453 2659 in
1506 2606 1574 2685 iis
1639 2605 1986 2685 recipiendis,
2037 2605 2131 2674 qui
2227 2618 2374 2685 ctum
2407 2610 2462 2685 in
2502 2613 2702 2685 animis
2727 2616 2843 2668 suis
2869 2605 3135 2670 revocare
3159 2626 3406 2685 possent,
3431 2605 3642 2685 jamdiu
3690 2629 3827 2670 ante

545 2677 619 2755 ad_
666 2677 1022 2755 orthodoxam
1054 2676 1238 2755 ﬁdem,
1267 2692 1426 2746 quam
1475 2676 1897 2755 abnegavcrant,
1941 2690 2132 2755 rreverg—
2227 2679 2897 2755 Methodiumhujusmodi
2929 2688 3094 2740 ritum
3146 2676 3451 2741 invaluisse
3503 2688 3824 2741 conceden-

545 2747 822 2801 tebantur.
854 2745 1088 2801 Necesse
1131 2745 1443 2800 enim’erat
1471 2753 1529 2799 ut
1583 2745 1657 2800 illi
1708 2746 2022 2799 lavarentur
2075 2753 2131 2801 et
2229 2751 2485 2806 dum-est.

544 2815 962 2898 inungerentur:
1007 2817 1210 2898 .Exnstat
1260 2831 1324 2898 ea
1358 2816 1462 2898 .de
1516 2815 1824 2898 reiCanom
1861 2815 2121 2898 Methodii

2235 2893 2254 2898 _
2285 2821 2653 2898 *ἸβϐηΝόθοιλ
2687 2825 3075 2898 συγγραφεῖς,
3117 2827 3410 2898 scriptores
3464 2827 3711 2892 nothias,
3765 2839 3828 2881 et

545 2885 866 2975 patriarcha:
1000 2887 1061 2975 in
1080 2887 1428 2975 Euchologio,
1448 2887 1541 2957 qui
1570 2887 1644 2975 ita
1655 2901 1713 2942 se
1740 2887 1902 2942 habet
1927 2886 2126 2975 :Aoué-

2227 2893 2479 2975 falsitatis
2503 2895 2734 2952 crimine
2763 2885 2988 2952 notandi
3018 2885 3046 2952 ς’
3061 2885 3206 2968 quod
3229 2885 3545 2953 'maximum
3588 2907 3676 2952 est
3696 2885 3709 2892 ⁷
3739 2899 3825 2950 vi-

546 2956 681 3036 a_0<3,
721 2957 1077 3036 xat_xpté60w
1105 2957 1262 3036 tr:de
1283 2958 1311 3010 ὁ
1331 2956 1837 3027 Ἐπιστρεφόμενος,
1868 2957 2120 3036 καθά-περ
2231 2965 2392 3022 tium,

544 3027 595 3080 οἱ
631 3026 1040 3099 βαπτιζόμενοι.
1075 3047 1094 3081 ι
1129 3026 1386 3096 Lavetur,
1421 3037 1475 3083 et
1504 3026 1742 3100 ungatur
1781 3042 1939 3082 sacro
1973 3026 2125 3082 chri-

553 3243 3798 3278 Μ

1861 3437 2479 3534 MONlTUM.

617 3823 942 3884 Encomium
972 3825 1146 3882 sancti
1185 3825 1454 3882 Anastasii
1483 3824 1664 3881 Persae
1694 3823 2073 3896 καταλογάδην
2112 3824 2288 3879 soluta
2323 3826 2564 3880 oratione
2604 3825 2888 3896 scripsisse
2929 3823 3165 3882 Pisidam
3190 3824 3398 3894 jamdiu
3433 3835 3666 3882 testatus
3695 3837 3816 3882 erat

548 3921 746 3978 Suitlas
778 3927 977 3992 :a'tque
1018 3922 1122 3976 hoc
1155 3920 1336 3990 ipsum
1373 3934 1515 3983 esse,
1543 3918 1686 3990 quod
1721 3936 1867 3975 nunc
1898 3936 1962 3975 ex
2010 3919 2342 3975 bibliotheca
2383 3920 3022 3976 Mediceo-Laurentiana
3053 3922 3386 3992 proferimus
3426 3925 3481 3977 in
3526 3928 3730 3987 lucem,
3759 3929 3816 3975 et

547 4014 860 4084 scriptionis
896 4030 1090 4086 genus,
1121 4023 1177 4068 et
1215 4013 1475 4083 temporis
1513 4021 1659 4068 nota
1697 4012 2093 4068 demonstrant.
2126 4011 2263 4067 Nam
2311 4013 2482 4084 stylus
2519 4012 2759 4083 quidem,
2805 4024 3070 4084 quantum
3113 4015 3236 4084 quis
3282 4021 3464 4085 potest
3518 4012 3816 4083 cujuslibet

545 4111 786 4165 auctoris
814 4109 1016 4180 scripta
1055 4107 1346 4164 conferens
1371 4106 1691 4176 diiudicare,
1722 4106 1859 4162 mire
1893 4109 2232 4164 conveniens
2264 4117 2369 4174 est,
2398 4119 2455 4163 et
2490 4106 2723 4163 Pisidam
2753 4109 2978 4164 omnino
3011 4109 3174 4179 sapit.
3208 4109 3408 4165 Eadem
3453 4111 3545 4164 hic
3587 4105 3812 4164 dicendi

546 4199 832 4266 festivitas,
857 4211 1022 4271 atque
1059 4200 1272 4263 eadem,
1305 4199 1534 4253 fortasse
1561 4199 1732 4254 nimio
1772 4200 1955 4255 studio
1983 4202 2232 4270 quaesita,
2266 4201 2560 4258 verborum
2591 4200 2954 4266 concinnitas,
2987 4217 3107 4272 quae
3139 4202 3195 4256 in
3230 4202 3426 4258 iambis
3453 4203 3658 4256 elucet.
3705 4199 3811 4252 Sed

544 4303 599 4348 et
644 4295 931 4350 sententiae
975 4289 1266 4348 sententiis
1305 4290 1685 4360 respondent:
1717 4306 1866 4356 nam,
1902 4300 1960 4345 ut
2007 4301 2125 4346 erat
2169 4291 2350 4347 Pisida
2398 4291 2632 4346 Heraclii
2673 4291 2801 4362 imp.
2851 4293 3119 4347 maximus
3156 4293 3470 4358 admirator,
3517 4293 3716 4360 ubique
3758 4301 3812 4345 et

545 4403 762 4459 semper
784 4389 837 4444 in
866 4405 931 4444 eo
969 4387 1240 4443 laudando
1271 4393 1570 4452 exaastuat;
1603 4385 1832 4456 proinde
1860 4398 1919 4442 ut
1947 4387 2034 4444 hic
2068 4388 2122 4442 in
2147 4387 2433 4458 principio,
2465 4387 2537 4442 ita
2566 4388 2729 4444 etiam
2758 4388 2814 4442 in
2843 4389 3066 4444 Acroas.
3096 4405 3176 4455 In,
3211 4389 3334 4454 M5,
3367 4389 3446 4443 De
3468 4390 3717 4458 εει-ρεάὶι,,
3755 4397 3810 4442 et

547 4483 602 4535 in
639 4481 877 4535 Abaricis
901 4481 1024 4543 495,
1054 4486 1110 4534 et
1142 4479 1197 4532 in
1237 4477 1549 4532 Haraclz’ad.
1583 4477 1712 4532 Acr.
1741 4493 1780 4541 ι,
1813 4477 1903 4542 84,
1930 4477 2113 4533 Mosen
2145 4494 2187 4533 et

2168 4493 2271 4532 :um
2323 4478 2581 4548 appellat,
2621 4488 2678 4534 et
2708 4495 2831 4534 mox
2864 4479 3016 4534 θείαν
3047 4481 3144 4535 καὶ
3167 4481 3265 4551 τῆς
3294 4481 3620 4552 οἰκουμένης
3657 4479 3808 4550 ἱερὰν

545 4573 813 4642 κορυφήν,
862 4571 1128 4635 divinum,
1161 4583 1224 4623 ac
1259 4577 1419 4624 terrae
1466 4568 1636 4623 totius
1679 4568 1887 4638 apicem
1936 4568 2214 4634 nominat,
2257 4568 2414 4639 plura
2462 4569 2607 4625 circa
2644 4571 2901 4627 eumdem
2956 4572 3378 4642 imperatorem,
3423 4572 3685 4641 ejusque,
3753 4580 3809 4624 et

547 4663 839 4719 Christiani
882 4664 1121 4720 nominis
1163 4663 1374 4719 hostem
1405 4661 1706 4717 Chosroam
1745 4663 2043 4734 attingens,
2074 4677 2196 4732 qua:
2225 4672 2535 4719 consonant
2563 4679 2688 4718 cum
2728 4664 2794 4720 iis
2821 4680 2942 4735 quae
2981 4663 3035 4718 in
3071 4679 3180 4719 uno
3208 4663 3296 4719 vel
3323 4664 3497 4718 altero
3536 4663 3811 4733 poematio

551 4771 736 4824 sparsa
788 4757 1061 4826 leguntur.
1115 4753 1318 4810 Verum
1364 4755 1492 4824 quid
1541 4754 1658 4809 haec
1699 4754 1854 4824 juvat
1896 4755 2214 4819 admonere,
2260 4769 2385 4809 cum
2422 4756 2626 4821 statim,
2677 4765 2841 4826 atque
2889 4757 3011 4826 ipso
3042 4756 3199 4810 initio
3239 4755 3460 4811 dicendi
3492 4770 3566 4821 se
3613 4755 3809 4823 prodat

551 4846 779 4899 auctor?
821 4845 954 4900 Nam
1001 4846 1123 4916 quis
1164 4847 1394 4901 audiens
1442 4846 1546 4899 hoc
1599 4846 1777 4915 ipsum
1819 4844 2142 4900 Encomium
2195 4844 2442 4902 Heraclio
2487 4848 2717 4917 jubente
2762 4847 2932 4903 fuisse
2977 4848 3264 4917 scriptum,
3306 4860 3483 4915 eoque
3538 4856 3813 4916 praesente

551 4937 860 4999 recitatum.
891 4938 958 4992 de
987 4939 1092 4994 alio
1123 4937 1273 4994 malit
1302 4952 1465 5006 quant
1492 4935 1558 4990 de
1588 4935 1766 4990 Pisida
1794 4935 2055 5007 cogitare,
2097 4936 2187 4990 cui
2226 4936 2403 4990 solum
2455 4938 2671 4994 videtur
2699 4954 2762 4993 ea
2793 4939 3027 5010 dignitas
3060 4945 3116 4993 et
3141 4939 3312 5008 gratia
3353 4937 3662 4993 reservata?
3701 4936 3811 4990 Sed

551 5045 606 5088 et
639 5043 852 5102 tempus
893 5031 1028 5085 mire
1064 5032 1341 5102 congruit;
1381 5045 1507 5084 nam
1541 5039 1662 5100 post
1691 5029 1964 5085 devictum
2012 5044 2323 5099 caesumque
2353 5029 2677 5096 Chosroam,
2702 5032 2960 5087 videlicet
3003 5040 3128 5102 post
3156 5033 3402 5102 elapsum
3434 5048 3639 5087 annum
3681 5032 3810 5098 6‘28,

548 5140 728 5181 coram
764 5125 1088 5194 imperatore
1126 5124 1307 5177 habita
1339 5132 1425 5177 est
1449 5122 1567 5176 inec
1595 5120 1790 5184 oratio,
1824 5128 1885 5174 ut
1916 5130 2065 5191 patet
2094 5136 2161 5176 ex
2189 5123 2254 5178 iis
2287 5141 2408 5195 quae
2452 5124 2525 5179 ibi
2559 5133 2854 5178 narrantur
2880 5123 2937 5178 in
2980 5126 3107 5178 line.
3149 5123 3305 5179 Tunc
3347 5135 3530 5179 autem
3573 5125 3812 5179 maxime

549 5221 774 5278 florebat
815 5221 1023 5286 Pisida;
1052 5217 1144 5288 qui
1175 5228 1234 5271 ut
1265 5216 1450 5272 reduci
1505 5224 1561 5270 et
1583 5215 1780 5271 victori
1811 5216 2178 5286 gratularetur
2203 5220 2458 5290 principi,
2489 5218 2862 5274 Heracliadcm
2888 5219 3071 5274 statim
3099 5219 3289 5283 edidit,
3319 5235 3383 5275 ac
3408 5235 3556 5282 mox,
3597 5229 3657 5274 ut
3693 5222 3813 5288 ejus

549 5317 604 5371 in
649 5317 815 5371 Deum
850 5314 1102 5384 pietatem
1147 5318 1453 5374 exornaret,
1505 5307 1909 5377 Cosmopm’am,
1953 5318 2009 5364 et
2039 5308 2239 5365 Contra
2285 5311 2536 5366 Severum
2579 5311 2816 5381 scripsit.
2861 5311 2974 5366 Nec
3009 5311 3147 5365 alter
3190 5311 3351 5381 plane
3395 5312 3514 5381 ejus
3549 5313 3814 5376 temporis

551 5417 740 5462 auctor
769 5407 924 5460 nobis
954 5401 1211 5466 innotuit,
1237 5415 1398 5471 quem
1427 5401 1568 5454 hanc
1609 5399 1781 5455 sancti
1813 5400 2083 5456 Anastasii
2128 5402 2498 5458 laudationem
2529 5403 2882 5459 elucubrasse
2923 5403 3192 5458 dicamus.
3236 5403 3344 5458 Sed
3385 5419 3509 5473 quae
3539 5405 3611 5459 sit
3644 5407 3812 5475 huius

550 5500 811 5556 orationis
856 5498 1170 5561 auctoritas,
1215 5510 1365 5549 nunc
1406 5493 1706 5549 videamus.
1757 5491 1836 5547 Ex
1872 5507 1936 5548 ea
1978 5493 2207 5550 mirifice
2245 5495 2656 5561 confirmantur,
2688 5505 2744 5550 et
2787 5496 2950 5566 plane
2986 5498 3224 5569 genuina
3271 5497 3622 5553 declarantur
3675 5499 3809 5555 Acta

553 5591 724 5644 sancti
751 5590 1040 5656 Anastasii,
1073 5607 1194 5663 quae
1224 5591 1290 5646 ad
1316 5590 1462 5646 diem
1497 5589 1567 5643 22
1596 5588 1838 5644 Januarii
1883 5589 1939 5644 in
1980 5589 2242 5645 Bollando
2271 5606 2302 5646 e
2336 5590 2525 5646 Gneco
2569 5590 2764 5646 Latine
2804 5606 3060 5662 expressa
3105 5592 3380 5664 leguntur.
3427 5592 3701 5662 Profecto,
3749 5604 3805 5647 ut

551 5681 782 5752 plurima
828 5695 1164 5753 argumenta,
1204 5685 1401 5756 quibus
1444 5683 1731 5740 Bollandus
1777 5682 1895 5754 ipse
1937 5683 1990 5741 id
2037 5684 2260 5751 evincit,
2311 5685 2653 5754 omittamus,
2696 5694 2846 5742 tanta
2889 5694 2973 5744 est
3023 5685 3161 5742 inter
3211 5687 3346 5742 Acta
3385 5695 3441 5741 et
3488 5687 3808 5743 Orationem
