4152 6290
260 338 393 405 1677
1030 338 1210 400 VITA
1254 337 1314 396 S.
1356 336 1755 397 ANASTASII
1794 338 2207 399 MARTYRIS.
2238 361 2309 375 -
2342 338 2720 402 MONITUM.
3374 341 3510 409 1678

254 459 427 529 ipsam
483 470 663 510 rerum
712 452 1010 508 similitudo
1051 463 1108 508 et
1150 452 1383 507 aﬂinitas
1411 495 1426 519 ,
1460 462 1519 506 ιιι
1558 452 1640 506 vel
1686 462 1917 523 utraque
1962 454 2078 507 haec
2117 452 2319 522 scripta
2360 467 2483 508 esse
2529 454 2683 519 falsa,
2720 454 2804 511 vel
2837 470 3059 525 prorsus
3097 460 3308 514 sincera
3344 460 3500 514 fateri

254 563 483 605 necesse
507 548 596 602 sit.
629 546 763 600 Nam
789 562 911 615 qua:
935 545 1193 599 historico
1216 543 1398 607 modo,
1427 553 1483 598 et
1506 544 1823 615 simpliciori
1853 545 1993 616 stylo
2013 544 2329 599 referuntur
2356 545 2410 599 in
2428 546 2600 609 Actis,
2626 546 2816 602 eadem
2846 550 3027 605 omnia
3059 566 3168 606 non
3200 552 3504 616 immutata,

255 660 367 700 non
402 652 583 705 aucta,
617 656 727 693 non
765 639 1070 703 imminuta,
1101 654 1213 692 non
1257 637 1495 702 inversa,
1526 638 1623 693 sed
1650 638 1893 693 oratorio
1922 638 2156 709 quodam
2194 638 2332 710 stylo
2362 647 2573 694 tantum
2601 651 2884 707 exornata,
2916 651 2972 696 et
3001 645 3183 700 verbis
3211 645 3510 718 elegantio-

255 735 412 789 ribus
437 748 694 804 expressa
738 732 989 802 leguntur
1026 730 1081 783 in
1114 728 1398 783 Encomio.
1426 727 1772 784 Concordant
1809 729 2126 799 plenissime
2154 730 2510 801 principium,
2539 738 2597 786 et
2629 729 2773 798 ﬁnis,
2801 743 2858 788 et
2893 742 3002 789 tota
3039 751 3221 790 rerum
3253 754 3282 791 a
3319 749 3513 793 sancto

257 833 497 896 martyre
520 833 793 895 gestarum
830 822 1185 899 narratioaut
1215 835 1283 876 ex
1309 822 1500 877 eodem
1523 821 1671 877 fonte
1700 830 1931 893 utraque
1956 838 2208 878 manasse
2237 823 2467 893 quilibet
2495 822 2652 879 facile
2685 828 2885 880 sentiat
2932 835 2989 881 et
3031 826 3288 885 fateatur.
3336 832 3509 896 Itane,

258 928 320 973 ut
347 916 613 980 Eucomii,
646 916 726 971 sic
751 916 913 971 etiam
940 914 1197 970 Actorum
1228 916 1549 985 scriptorem
1580 914 1810 971 velimus
1839 929 1960 971 esse
1990 914 2270 970 Pisidam?
2299 913 2523 970 Minime
2545 931 2675 971 vero
2700 934 2712 970 :
2742 933 2893 983 nam,
2927 928 2989 973 ut
3017 930 3203 975 nostra
3234 926 3508 980 sententia

257 1015 367 1071 est,
399 1005 579 1060 Pisida
604 1020 673 1059 ex
715 1004 865 1060 Actis
902 1003 1035 1074 ipsis
1069 1002 1601 1073 ConstantinOpolim
1643 1003 1825 1059 statim
1873 1003 2057 1059 missis
2112 1019 2177 1058 ac
2221 1006 2553 1077 pervulgatis
2594 1021 2747 1062 suam
2794 1008 3162 1067 laudationem
3196 999 3509 1083 contexuit;

258 1099 393 1154 Acta
433 1106 615 1152 autem
645 1111 757 1151 non
787 1095 929 1149 alius
960 1095 1119 1165 plane
1146 1094 1381 1164 scripsit.
1418 1110 1579 1164 quam
1611 1095 1756 1150 idem
1786 1095 1877 1151 ille
1906 1095 2231 1157 monachus.
2268 1096 2360 1165 qui
2392 1112 2565 1168 usque
2595 1098 2663 1153 ad
2692 1104 3222 1159 consummationem
3269 1109 3514 1181 martyrii

263 1189 456 1246 Sancti
485 1198 732 1245 sanctum
762 1188 1106 1243 Anastasium
1139 1188 1193 1242 in
1227 1187 1502 1243 Persidem
1532 1187 1827 1244 comitatus
1854 1196 1961 1245 est.
1990 1186 2161 1258 Cujus
2192 1188 2267 1242 rei
2297 1197 2492 1244 testem
2521 1190 2593 1245 do
2627 1191 2866 1247 Pisidam
2896 1193 3072 1265 ipsum
3108 1196 3178 1251 ita
3208 1198 3509 1254 dicentem:

260 1285 376 1355 Τῆς
397 1279 493 1337 οὖν
515 1282 625 1336 τῶν
653 1281 899 1351 ἀδελφῶν
930 1280 1245 1353 συνωρίδος,
1279 1280 1309 1335 ὁ
1336 1280 1435 1351 μὲν
1466 1282 1567 1351 τῆς
1603 1267 1739 1351 acpbe
1769 1282 1869 1351 τὴν
1901 1279 2069 1351 μονὴν
2099 1281 2360 1335 ἐπανόδου
2398 1282 2760 1354 λαμϐάνεται.
2804 1286 2993 1359 ἔτερος
3017 1288 3074 1342 δὲ
3132 1293 3515 1346 συναναδαίνει

263 1377 343 1449 τῷ
373 1377 645 1448 μάρτυρι·
675 1373 838 1428 τοῦτο
864 1372 974 1445 γὰρ
1004 1373 1111 1427 ὑπὸ
1154 1372 1250 1429 τοῦ
1299 1371 1643 1443 προεστῶτος
1671 1371 1819 1443 αὖτῷ
1857 1371 2245 1443 προετέτακτο,
2288 1374 2365 1445 πῆ
2399 1374 2499 1444 μὲν
2549 1377 2617 1448 τῇ
2674 1380 2942 1451 συναφεεᾳ
2966 1387 3385 1453 κατευφραίνειν
3421 1388 3515 1440 τὸν

262 1479 441 1541 ἅγιον,
493 1470 572 1540 πῆ
618 1468 677 1521 δὲ
718 1470 785 1540 τῇ
831 1469 993 1541 χρείᾳ
1051 1467 1507 1538 καθυπουργῆσαι
1558 1465 1652 1520 τοῦ
1707 1467 2013 1538 μάρτυρος·
2066 1467 2429 1540 ἀληθέστερον
2479 1469 2537 1524 δὲ
2612 1470 2791 1540 λέγειν
2843 1473 2965 1526 ἐστὶ
3018 1477 3113 1530 καὶ
3183 1479 3517 1551 σαφέστερον

261 1566 615 1639 ἀνιστορῆσαι
674 1564 774 1637 τὴν
804 1566 1030 1637 ἄθλησιν
1075 1560 1581 1637 προσταττόμενοςο
1625 1562 1777 1625 ὅπως
1803 1564 1870 1633 τῇ
1912 1561 2192 1617 διαστάσει
2228 1561 2337 1616 τῶν
2379 1562 2560 1616 τόπων
2598 1564 2691 1617 τοῦ
2728 1564 2984 1637 πέρατος.
3022 1567 3097 1638 μὴ
3138 1569 3387 1624 κλαπῶσι
3419 1571 3518 1642 τὴν

263 1666 492 1736 εἴδησιν·
539 1689 559 1721 ‹
599 1668 739 1723 Tum
769 1679 901 1719 vero
929 1662 1068 1716 alter
1094 1674 1162 1714 ex
1189 1657 1404 1712 duobus
1428 1655 1698 1715 fratribus.
1719 1654 1789 1712 ad
1819 1655 2209 1711 monasterium
2249 1657 2565 1723 revertitur,
2596 1658 2734 1713 alter
2770 1674 2901 1714 vero
2926 1676 3051 1715 cum
3085 1672 3321 1734 martyre
3351 1664 3517 1735 protl-

260 1760 523 1825 ciscitur;
563 1763 637 1814 ita
685 1755 832 1812 enim
872 1752 1040 1807 abbas
1092 1750 1219 1806 huic
1267 1755 1621 1820 praeceperat,
1662 1754 1776 1801 tum
1827 1752 1889 1799 ut
1934 1758 2034 1799 sua
2088 1748 2375 1814 praisentia
2428 1747 2805 1803 consolaretur
2848 1760 3118 1817 sanctum,
3172 1769 3294 1809 cum
3353 1766 3411 1811 ut
3464 1757 3519 1811 in

261 1851 680 1907 necessitatibus
717 1848 1002 1917 adiuvaret
1034 1854 1361 1915 martyrem;
1393 1839 1478 1894 vel
1512 1837 1656 1908 quod
1690 1836 1898 1903 verius,
1933 1846 1990 1892 et
2032 1836 2228 1892 melius
2268 1838 2470 1905 dicam,
2514 1849 2573 1894 ut
2610 1855 2678 1896 ex
2726 1843 2980 1898 mandato
3020 1855 3192 1901 totum
3241 1858 3520 1905 certamen

260 1945 619 2008 describeret,
648 1958 719 1998 ne
753 1942 996 1995 locorum
1026 1936 1285 1992 distantia
1320 1942 1591 1989 tantarum
1637 1944 1822 1985 rerum
1853 1928 2092 2001 cognitio
2138 1929 2352 1985 lateret.
2387 1950 2404 1983 ι
2451 1930 2586 1997 Qua:
2629 1934 2846 2002 quidem
2884 1936 3049 1990 etiam
3099 1938 3154 1992 in
3197 1939 3347 1996 Actis
3375 1944 3522 2013 apud

263 2039 608 2103 Bollandum,
645 2052 767 2107 cap.
804 2034 861 2097 5,
909 2046 1098 2103 parum
1148 2029 1361 2085 diverse
1399 2033 1713 2083 narrantur.
1758 2023 1915 2091 Quod
1955 2033 2136 2079 autem
2181 2033 2391 2095 spectat
2420 2026 2486 2080 ad
2529 2025 2632 2080 alia
2668 2028 2841 2083 sancti
2892 2030 3165 2087 Anastasii
3214 2035 3367 2099 Acta,
3400 2053 3524 2107 quae

260 2134 531 2193 Simeonis
567 2131 947 2201 Metaphrastae
978 2124 1198 2181 nomine
1231 2122 1430 2194 scripta
1463 2119 1950 2186 circumferuntur,
1984 2134 2014 2173 a
2041 2118 2311 2174 Gentiano
2344 2117 2581 2175 Herveto
2619 2118 2812 2176 Latine
2850 2122 3080 2190 reddita,
3108 2134 3165 2180 et
3197 2126 3269 2182 ab
3308 2128 3541 2201 Aloysio.

260 2230 619 2299 Lippomano,
645 2218 941 2278 Laurentio
969 2216 1149 2281 Surio,
1177 2213 1426 2277 Baronio,
1458 2212 1684 2282 aliisque
1715 2211 1961 2279 pluribus
1987 2209 2068 2265 vel
2108 2210 2273 2272 edita,
2303 2210 2671 2299 velilaudata,
2714 2212 2873 2282 plane
2908 2217 3183 2273 assentior
3260 2219 3523 2277 Bollando

260 2322 354 2395 qui
386 2336 450 2376 ea
479 2334 546 2373 ex
574 2311 951 2385 superioribus
974 2306 1149 2363 edicta
1181 2314 1345 2375 atque
1379 2302 1664 2358 eﬁormata
1704 2308 1855 2357 recte
1884 2299 2110 2355 omnino
2137 2299 2365 2368 judicat.
2400 2298 2536 2354 Nam
2577 2316 2666 2356 res
2704 2301 2837 2373 ipsa:
2873 2303 3034 2374 plane
3061 2320 3374 2375 occurrunt,
3401 2327 3523 2382 quae

267 2391 322 2471 in
351 2412 503 2469 Actis
540 2403 909 2463 Bollandianis
934 2409 991 2456 et
1017 2400 1072 2455 in
1103 2399 1208 2453 hoc
1246 2395 1444 2452 Pisidae
1479 2395 1744 2451 Encomio
1775 2393 2087 2455 laudantur.
2122 2391 2224 2447 nisi
2249 2393 2395 2463 quod
2423 2403 2552 2449 sunt
2578 2393 2644 2449 ad
2678 2394 2956 2467 ingenium
2986 2399 3274 2458 scribentis
3304 2420 3522 2461 accom-
3604 2445 3607 2448 ρ

260 2507 518 2565 ῐηοιὶιιιίο.
554 2502 736 2559 Unum
767 2499 949 2557 adhuc
974 2502 1247 2566 superest.
1273 2476 1418 2563 quod
1459 2506 1800 2547 maneamus.
1844 2490 1979 2545 Acta
2020 2487 2371 2545 Bollandiana
2396 2490 2595 2560 duplici
2627 2500 2857 2547 tractatu
2890 2495 3263 2565 continentur,
3289 2515 3521 2570 quorum

260 2604 396 2659 alter
420 2599 532 2671 agit
566 2599 631 2651 de
651 2595 782 2657 vita,
803 2591 942 2646 alter
991 2589 1056 2642 de
1084 2585 1430 2655 reliquiarum
1488 2583 1858 2645 translatione,
1892 2592 1941 2635 et
1972 2581 2243 2636 miraculis
2268 2584 2437 2636 sancti
2464 2583 2733 2638 Anastasii
2754 2601 2774 2639 :
2801 2586 3082 2658 utriusque
3109 2600 3290 2646 autem
3322 2595 3522 2663 perho-

263 2695 540 2753 noriﬁcam
571 2687 904 2745 mentionem
929 2681 1175 2738 fecerunt
1193 2679 1299 2733 350
1315 2676 1505 2732 Patres
1524 2677 1577 2731 in
1604 2676 1838 2731 concilio
1863 2674 2083 2731 Niceno
2108 2690 2168 2739 ιι,
2194 2674 2262 2729 ad
2286 2676 2729 2745 proscribendam
2764 2679 3217 2738 lconoclastarum
3268 2685 3522 2743 haeresim

263 2804 411 2846 anno
431 2786 636 2845 Christi
665 2783 766 2840 787
791 2766 1123 2851 congregati.
1149 2775 1220 2830 At
1242 2773 1422 2829 Pisida
1444 2772 1681 2844 primum
1701 2771 1921 2843 quidem
1949 2778 2237 2827 tractatum
2266 2786 2378 2842 prae
2402 2772 2574 2828 oculis
2598 2774 2855 2831 habuisse
2883 2792 2993 2832 non
3024 2788 3109 2834 est
3132 2779 3491 2837 dubitandum
3508 2826 3524 2846 ,

272 2898 398 2940 nam
432 2881 574 2936 idem
605 2878 766 2949 plane
798 2882 902 2939 est,
934 2880 996 2927 ut
1024 2869 1283 2931 diximus,
1321 2866 1375 2921 in
1416 2865 1661 2935 utrisque
1690 2864 1910 2936 scriptis
1944 2864 2270 2936 principium
2329 2873 2387 2920 et
2423 2863 2569 2920 ﬁnis.
2617 2865 2724 2922 Sed
2770 2876 2825 2923 et
2864 2868 3063 2940 legenti
3114 2881 3303 2927 contra
3353 2884 3520 2952 patet,

260 2972 563 3030 secundum
599 2977 887 3027 tractatum
930 2980 1043 3020 non
1075 2961 1279 3019 vidisse
1324 2958 1583 3025 Pisidam,
1610 2959 1741 3013 dum
1784 2959 1900 3014 haec
1930 2958 2215 3014 scriberet.
2251 2959 2462 3030 Ergone
2492 2960 2716 3015 secundi
2755 2968 3016 3018 tractatus
3046 2980 3145 3034 per
3172 2981 3274 3021 nos
3318 2968 3528 3023 corruit

262 3071 397 3126 ﬁdes
428 3078 480 3124 et
510 3065 853 3124 auctoritas?
896 3063 1133 3117 Tantum
1162 3056 1411 3128 profecto
1442 3043 1600 3111 abest
1628 3065 1691 3110 ut
1719 3055 1775 3110 id
1802 3055 2074 3111 affirmare
2100 3055 2353 3120 velimus,
2382 3065 2442 3111 ut
2472 3056 2541 3112 ad
2567 3056 2708 3112 hanc
2733 3058 2907 3128 ipsam
2937 3060 3122 3130 potius
3143 3062 3518 3120 diﬂicultatem

260 3160 575 3217 diluendam
607 3158 659 3214 id
684 3153 1147 3212 adnotaverimus.
1177 3149 1311 3206 Nam
1339 3159 1444 3201 nec
1474 3145 1679 3209 videre,
1718 3160 1823 3200 nec
1864 3146 2047 3215 legere
2077 3146 2132 3201 id
2170 3145 2351 3216 potuit
2392 3144 2591 3209 Pisida.
2624 3142 2771 3218 quod
2802 3152 3044 3206 nondum
3075 3163 3194 3208 erat
3234 3156 3520 3226 scriptum.

260 3255 475 3327 Quippe
519 3254 610 3311 ille
659 3250 984 3313 monachus,
1032 3261 1196 3317 quem
1236 3246 1499 3300 Actorum
1542 3239 1777 3295 diximus
1832 3254 1955 3295 esse
1993 3246 2294 3303 auctorem,
2350 3249 2473 3311 post
2517 3240 2791 3298 excidium
2829 3244 3087 3303 Chosroa:
3145 3264 3271 3303 cum
3319 3252 3525 3307 victore

260 3349 505 3406 exercitu
534 3343 963 3415 Hierosolymam
993 3338 1172 3395 statim
1201 3349 1455 3393 reversus
1480 3340 1585 3397 est,
1620 3340 1681 3387 ut
1713 3330 1803 3387 hic
1831 3346 1898 3386 na

1883 3340 2085 3386 arratur
2122 3331 2176 3386 in
2206 3329 2335 3397 ﬁne,
2368 3333 2464 3386 καὶ
2487 3333 2697 3398 τούτοις
2722 3334 2812 3389 διὰ
2841 3335 2940 3407 τῆς
2987 3338 3291 3412 Ἀρμενίων
3324 3361 3523 3399 συναν-

262 3442 483 3512 ἕρχεται
511 3436 640 3507 γῆς,
666 3435 761 3489 καὶ
786 3432 926 3505 πρὸς
955 3431 1154 3485 οἰκεῖον
1182 3426 1514 3494 ἐπανάγεται
1542 3424 1902 3496 μοναστήριον

1884 3438 1924 3477 ν.
1946 3422 2025 3477 lbi
2052 3430 2234 3478 autem
2267 3422 2501 3495 primum
2534 3434 2743 3481 tantum
2772 3428 3033 3484 Actorum
3068 3439 3299 3501 partem,
3348 3438 3524 3493 sancti

262 3533 534 3590 Anastasii
564 3539 842 3587 certamen
870 3525 1260 3588 continentem,
1290 3518 1583 3592 evulgavit,
1612 3519 1681 3573 ad
1711 3518 1868 3587 cujus
1903 3517 2064 3573 [idem
2093 3533 2246 3573 suam
2280 3519 2581 3576 orationem
2607 3524 2932 3593 composuit,
2967 3541 3032 3581 ac
3061 3526 3310 3584 recitavit
3340 3529 3522 3586 Pisida

262 3628 407 3683 circa
433 3640 638 3682 annum
665 3621 867 3679 Christi
901 3619 1028 3686 654,
1058 3633 1181 3674 cum
1216 3618 1329 3689 jam
1359 3629 1390 3671 e
1420 3613 1559 3669 vivis
1594 3612 1927 3670 decessisset
1965 3611 2241 3669 Modestus
2285 3611 2780 3686 Hierosolymorum
2826 3619 3137 3689 patriarcha
3174 3640 3187 3677 :
3222 3624 3525 3683 decessisse

262 3718 410 3776 enim
434 3734 580 3782 eum.
613 3732 736 3772 cum
769 3716 886 3770 haec
915 3712 1097 3767 habita
1125 3719 1211 3766 est
1239 3708 1435 3772 oratio,
1463 3705 1643 3761 Pisida
1674 3705 1790 3776 ipse
1819 3704 1902 3760 dei

1883 3713 2159 3761 monstrat
2190 3706 2419 3762 dicens:
2452 3708 2660 3763 Φύλακι
2708 3710 2769 3763 τὸ
2810 3713 3111 3781 τηνικαῦτα
3159 3716 3523 3776 ἀποστολικοῦ

265 3811 478 3883 θρόνου,
530 3809 645 3880 μετ’
677 3806 739 3860 οὐ
773 3804 910 3858 πολὺ
948 3802 1008 3857 δὲ
1046 3802 1141 3855 καὶ
1180 3799 1377 3861 αὐτοὺς
1402 3795 1741 3850 διευθύναντι
1771 3795 1873 3866 τῆς

1915 3795 2197 3866 ἱεραρχίας
2227 3797 2353 3858 τοὺς
2381 3799 2606 3862 ornatur
2649 3818 2669 3852 ι
2710 3799 2811 3866 Qui
2848 3811 2977 3858 tunc
3024 3807 3305 3876 apostolici
3340 3806 3525 3867 throni

264 3916 384 3964 erat
418 3914 622 3969 custos,
654 3910 712 3957 et
749 3900 911 3973 paulo
942 3906 1067 3968 post
1097 3896 1214 3966 ipsa
1248 3893 1574 3950 hierarchite
1627 3892 1769 3947 rexit
1813 3891 2213 3963 gubernacula;
2254 3911 2272 3943 ι
2313 3894 2360 3951 si
2402 3895 2549 3950 enim
2590 3897 2769 3953 adhuc
2810 3900 3035 3957 vixisset
3082 3903 3377 3973 Modestus,
3415 3925 3523 3964 non

268 3998 386 4071 μετ’
413 3997 475 4050 οὐ
514 3994 652 4049 πολὺ
678 3994 736 4047 δὲ
784 3990 1144 4053 διευθύναντι,
1181 3987 1280 4043 sed
1314 3986 1409 4040 νῦν
1447 3985 1506 4039 δὲ
1533 3983 1882 4051 διευθὺνοντι,

1878 4026 1882 4047 ,
1924 4002 1942 4035 ι
1984 3999 2131 4039 nunc
2163 3994 2347 4041 autem
2390 3985 2505 4057 ipsa
2541 3987 2863 4046 hierarchize
2903 3994 3041 4065 regit
3071 3996 3461 4066 gubernacula,
3500 4023 3518 4053 ι

262 4091 442 4146 Pisida
474 4088 719 4144 dixisset.
747 4085 819 4139 At
845 4098 978 4139 vero
1009 4097 1133 4138 cum
1166 4082 1308 4137 idem
1341 4080 1432 4135 ille
1462 4078 1766 4134 monachus
1796 4077 1849 4131 in
1892 4074 2172 4132 Persidem
2217 4078 2414 4133 iterum
2446 4079 2722 4149 profectus
2750 4096 2915 4151 esset,
2950 4094 3011 4140 ut
3054 4090 3229 4144 sancti
3274 4093 3525 4163 martyris

260 4197 463 4252 corpus
506 4194 695 4236 secum
737 4182 1066 4247 asportaret,
1109 4190 1229 4241 quae
1269 4173 1323 4228 in
1356 4188 1423 4229 eo
1464 4171 1661 4226 itinere
1688 4169 1936 4241 obtigere
1978 4169 2239 4224 miracula
2283 4171 2485 4241 scripto
2514 4174 2791 4229 mandavit
2819 4175 3125 4249 diligenter,
3170 4188 3334 4250 atque
3362 4195 3427 4235 ex
3460 4182 3527 4236 iis

263 4274 569 4330 secundum
610 4270 869 4327 Actorum
905 4277 1115 4338 partem
1148 4266 1461 4330 contexuit;
1492 4263 1637 4335 quod
1667 4273 1857 4333 aperte
1886 4261 2002 4332 ipsa
2046 4261 2179 4317 Acta
2212 4270 2505 4329 testantur,
2531 4279 2764 4334 quorum
2801 4270 3041 4323 secunda
3086 4286 3210 4340 pars
3249 4270 3323 4325 ita
3363 4288 3525 4325 exor-

262 4368 446 4422 ditur:
478 4387 497 4419 ι
542 4364 672 4421 Post
704 4361 959 4420 athletica
988 4359 1207 4430 gloriosi
1247 4356 1501 4428 martyris
1550 4353 1869 4415 certamina,
1902 4367 2049 4417 cnim,
2081 4352 2175 4423 qui
2204 4353 2253 4407 ei
2301 4353 2548 4409 adfuerat
2585 4354 2775 4423 frater,
2805 4374 2868 4412 cx
2918 4358 3201 4416 Persarum
3247 4364 3522 4433 provincia

262 4473 519 4513 reversus
552 4457 607 4511 in
638 4465 879 4512 sanctam
920 4453 1197 4510 civitatem
1231 4455 1398 4511 esset,
1438 4460 1503 4499 ac
1532 4443 1731 4499 deinde
1768 4442 1965 4498 iterum
1999 4442 2053 4497 in
2085 4442 2363 4498 Persidem
2395 4443 2695 4514 profectus,
2729 4458 2784 4502 et
2827 4460 3046 4505 sanctas
3095 4452 3213 4508 illas
3251 4470 3315 4509 ac
3355 4471 3522 4511 vene-

265 4548 467 4603 rabiles
500 4548 621 4618 ejus
664 4547 926 4616 reliquias
971 4545 1039 4600 ad
1088 4556 1249 4599 suum
1290 4536 1682 4594 monasterium
1729 4535 2063 4606 deportaret,
2089 4543 2196 4589 etc.
2236 4553 2254 4586 ι
2304 4535 2411 4592 Sed
2459 4544 2638 4592 utrum
2681 4540 2821 4594 hanc
2863 4546 3155 4597 secundam
3208 4557 3411 4615 partem
3455 4550 3524 4602 de

266 4639 629 4694 translatione
675 4638 1028 4707 reliquiarum
1073 4644 1323 4706 agentem
1365 4630 1566 4686 viderit
1607 4628 1810 4691 Pisida,
1857 4642 2057 4692 necne,
2092 4627 2359 4681 incertum
2390 4637 2506 4692 est;
2566 4645 2629 4685 ac
2664 4632 2708 4685 si
2764 4649 3002 4704 unquam
3040 4636 3198 4700 vidit,
3234 4646 3520 4709 postquam

270 4734 374 4789 hoc
401 4734 724 4788 Encomium
751 4733 1039 4787 recitatum
1076 4728 1200 4791 fuit,
1233 4728 1284 4781 id
1320 4726 1522 4781 factum
1551 4733 1655 4779 est.
1697 4724 1877 4790 Quare
1906 4721 2074 4776 falsus
2095 4729 2178 4777 est
2203 4722 2356 4777 Alex.
2382 4722 2604 4789 Politus,
2637 4725 2690 4779 in
2721 4724 3105 4799 Martyrologio
3138 4729 3291 4785 Rom.
3324 4732 3520 4788 illustr.

263 4840 387 4895 pag.
416 4824 543 4885 367,
573 4823 666 4893 qui
706 4820 1042 4877 existimavit
1083 4818 1323 4873 Pisidam
1358 4818 1463 4871 hoc
1497 4816 1677 4886 ipsum
1718 4813 2042 4868 Encomium
2088 4814 2366 4879 recitasse,
2403 4830 2526 4869 cum
2559 4817 2729 4872 sancti
2771 4818 3039 4873 Anastasii
3069 4836 3269 4891 corpus
3306 4821 3520 4877 CPolim

265 4917 555 4972 advectum
578 4925 685 4971 est.
714 4915 807 4970 Ait
833 4914 977 4969 enim
1011 4931 1025 4967 :
1063 4932 1083 4964 ι
1114 4912 1384 4967 Caeterum
1429 4924 1540 4979 quo
1573 4917 1817 4977 tempore
1860 4906 2031 4962 sancti
2077 4908 2327 4977 martyris
2362 4923 2563 4979 corpus
2603 4909 3131 4980 Constantinopolim
3163 4913 3383 4968 allatum
3413 4924 3519 4976 est.

266 5009 452 5079 ibique
480 5006 782 5063 honorifice
810 5013 1127 5074 exceptum,
1157 5017 1259 5073 ego
1304 5001 1558 5055 existimo
1605 4996 1894 5069 Georgium
1928 4997 2188 5063 Pisidam,
2221 4997 2424 5071 Magnae
2461 4999 2717 5056 Ecclesiae
2746 4992 3057 5069 diaconum,
3098 5014 3153 5060 et
3187 5005 3519 5078 chartophy-

267 5104 463 5167 lacem,
496 5112 559 5155 ut
600 5109 658 5154 et
700 5098 817 5168 ipse
853 5094 1027 5151 sancti
1076 5091 1353 5148 Anastasii
1387 5091 1573 5162 gloria:
1618 5090 1879 5150 serviret,
1921 5088 2288 5144 laudationem
2336 5091 2457 5160 ejus
2505 5093 2870 5149 elucubrasse.
2906 5114 2923 5145 ι
2974 5094 3044 5149 At
3076 5096 3121 5151 si
3162 5098 3279 5154 haec
3326 5100 3377 5154 ei
3424 5098 3526 5153 fuit

267 5196 543 5255 scribendi
575 5195 811 5259 occasio,
842 5190 1119 5264 quomodo
1146 5205 1210 5245 ea
1242 5189 1311 5244 de
1341 5203 1400 5243 re
1430 5186 1568 5241 nihil
1600 5185 1780 5255 attigit
1817 5184 1872 5239 in
1902 5178 2204 5240 EncOmio?
2233 5186 2417 5255 Itaque
2445 5203 2567 5241 cum
2601 5188 2780 5242 Pisida
2812 5189 2879 5245 de
2931 5190 3278 5262 reliquiarmn
3342 5201 3521 5246 trans-

268 5293 471 5347 latione
512 5298 567 5345 et
602 5288 876 5344 miraculis
904 5284 1077 5341 sancti
1109 5282 1378 5340 Anastasii
1406 5282 1545 5336 nihil
1574 5281 1791 5344 dixerit,
1822 5296 1925 5336 nec
1956 5282 2115 5351 plane
2156 5281 2451 5351 quidquam
2497 5285 2735 5353 potuerit
2775 5286 2976 5351 dicere,
3014 5304 3134 5359 qua:
3178 5289 3280 5343 hac
3320 5289 3372 5341 in
3407 5304 3463 5341 re
3493 5304 3523 5341 a

268 5385 685 5459 Martyrologiis,
710 5394 766 5439 et
805 5391 1120 5448 sanctorum
1161 5378 1475 5450 hiographis
1505 5377 1870 5447 disputantur.
1904 5377 2109 5449 integra
2139 5378 2536 5447 relinquemus;
2568 5397 2744 5451 neque
2772 5382 2915 5437 enim
2954 5384 3154 5439 aliquid
3180 5383 3312 5438 certi
3354 5383 3520 5437 habe-

270 5498 413 5549 mus,
444 5481 587 5553 quod
616 5480 681 5535 ad
710 5478 1044 5535 dirimendas
1072 5472 1475 5532 controversias
1505 5471 1789 5528 commode
1815 5471 2057 5542 proferre
2091 5473 2377 5541 possimus.

1860 5719 1907 5732 σι-
