4152 6290
629 338 649 400 1
662 341 765 403 679

1951 332 2267 391 GEORGII
2307 332 2583 395 PISIDE

3746 332 3891 395 1631]

3492 510 3663 523 --'—I
3678 508 3872 525 ﬂ

1804 658 2103 775 ΤΟΥ
2204 657 2693 774 ΑΥΤΟΥ

1228 888 1477 978 ΒΙΟΣ
1568 885 1761 975 ΚΑΙ
1849 885 2388 975 ΠΟΛΙΤΕΙΑ
2487 886 2680 971 ΚΑΙ

2775 888 3255 977 ΑΘΛΗΣΙΣ

1154 1086 1504 1221 ΤΟΥ
1633 1081 2151 1217 ΑΓΙΟΥ
2261 1078 3333 1249 ΑΝΑΣΤΑΣΙΟΥ

1626 1325 1769 1411 ΤΟΥῪ
1802 1322 2415 1378 ΜΑΡΤΥΡΗΣΛΝΤΟΣ
2454 1326 2545 1380 ΕΝ
2586 1326 2876 1381 ΠΕΡΣΙΔΙ.

1963 1674 2553 1782 EJUSDEM

1192 1898 1478 1990 VlTA
1568 1838 2214 1993 lNSTITUTU

2291 1903 2315 1989 ι
2417 1904 2566 1992 ET
2646 1905 3323 2024 CERTAMEN-

1422 2115 2031 2231 SANCTl
2167 2118 3061 2236 AN-ASTASII

1591 2378 1699 2431 ουι
1726 2378 1791 2423 IN
1820 2377 2081 2424 PERSIDE
2109 2379 2485 2426 MARTYRIUM
2515 2381 2746 2427 PASSUS
2776 2383 2911 2428 EST.

687 2667 796 2721 Lex
820 2667 1065 2736 qumdam
1101 2665 1167 2720 iis
1198 2667 1261 2738 (ι)
1291 2666 1385 2739 qui
1407 2668 1661 2741 pietatem
1690 2669 1879 2726 colunt
1909 2707 1926 2735 ,
1978 2663 2194 2722 coalitus

2365 2665 2548 2737 Νόμος
2591 2682 2677 2733 τις
2718 2664 3020 2738 δεδώρηται
3067 2671 3182 2732 τοῖς
3231 2668 3553 2724 εὐσεϐοῦσιν
3599 2671 3886 2745 οὐράνιος,

618 2763 740 2817 data
773 2771 856 2817 est
876 2804 892 2829 ,
920 2778 990 2817 ne
1021 2762 1131 2817 ullo
1160 2778 1397 2833 unquam
1431 2772 1677 2834 tempore
1722 2761 1995 2817 memoria
2020 2760 2194 2815 facem

617 2856 887 2927 exstingui
960 2856 1269 2926 patiantur,
1314 2864 1374 2910 ut
1394 2854 1617 2910 fortium
1663 2854 1988 2909 athletarum
2051 2852 2197 2908 scin-

618 2950 745 3005 tillis
770 2950 934 3003 draco
958 2947 1199 3018 quotidie
1227 2947 1579 3003 comhuratur
1602 2988 1618 3014 ,
1653 2956 1709 3002 et
1732 2961 1920 3003 eorum
1956 2945 2048 3016 qui
2078 2944 2195 3000 fue-

616 3051 783 3106 runt,
838 3041 875 3095 ii
928 3039 1020 3110 qui
1072 3038 1241 3094 futuri
1288 3048 1446 3105 sunt,
1480 3039 1778 3111 fulgoribus
1816 3038 2193 3105 illustrentur,

614 3134 753 3189 alter
780 3148 849 3188 ex
911 3133 1082 3188 altero
1108 3130 1406 3203 praalueere
1440 3132 1818 3199 addiscentes;
1852 3142 1913 3188 ut
1934 3147 2058 3188 cum
2088 3131 2192 3187 sibi

616 3225 847 3297 quisque
875 3241 1043 3297 prope
1066 3225 1415 3282 irradiantem
1444 3226 1641 3283 viderit
1694 3226 2039 3298 splendorem
2090 3225 2193 3281 ho-

617 3318 884 3382 nestatis,
929 3325 986 3372 et
1027 3316 1268 3372 melioris
1306 3316 1712 3388 propinquitate
1774 3315 1942 3371 veluti
1985 3315 2192 3372 adactis

613 3410 851 3465 stimulis
879 3408 1114 3465 senserit
1173 3407 1385 3464 incitari
1412 3450 1429 3475 ,
1460 3408 1528 3464 ad
1576 3407 1897 3463 imitandum
1927 3406 2021 3463 flat
2076 3407 2191 3462 ala-

614 3501 801 3555 crior:
857 3500 1058 3571 quippe
1089 3498 1171 3555 vir
1190 3500 1395 3555 recenti
1421 3499 1786 3555 manuductus
1831 3497 2082 3571 exemplo
2122 3499 2191 3555 ad

616 3607 731 3647 rem
756 3592 1143 3661 capessendam
1166 3592 1335 3664 magis
1357 3591 1598 3665 fervidus
1629 3591 1861 3647 exsistit.

686 3682 923 3739 Proinde
956 3684 1055 3752 (2)
1101 3681 1279 3737 Moses
1336 3682 1431 3737 ille
1483 3691 1710 3750 noster,
1766 3683 1860 3752 qui
1911 3691 2189 3738 recentem

618 3771 955 3828 Pharaonem
978 3774 1032 3828 in
1058 3788 1207 3828 mare
1237 3773 1569 3839 submersit,
1596 3783 1651 3829 et
1704 3774 1958 3829 manibus
2003 3780 2193 3829 exten-

617 3865 694 3919 sis
719 3865 775 3918 in
794 3864 972 3937 fugam
1002 3866 1166 3921 vertit
1190 3866 1523 3939 alienigenas
1541 3866 1646 3938 (ὅ),
1665 3867 1803 3923 alter
1831 3876 1954 3938 post
1978 3866 2191 3938 legisla-

628 3966 798 4011 torem
851 3956 1141 4029 legislator,
1197 3969 1254 4015 et
1288 3958 1649 4015 Eeclesiarum
1706 3960 1997 4032 magister,
2056 3974 2182 4015 cum

2292 2758 2557 2815 ἄσϐεστον
2580 2761 2766 2821 αὐτοῖς
2796 2760 3171 2831 διατηρεὼθαι
3199 2761 3262 2815 τὸ
3300 2763 3397 2833 τῆς
3432 2764 3668 2833 ’μνήμης
3699 2768 3884 2834 ἐμ.πὸ-

2296 2868 2492 2923 ρευμα,
2539 2854 2631 2907 ῐνα
2673 2854 2788 2916 τοῖς
2835 2851 3150 2924 ἀθλητικοῖς
3196 2855 3522 2925 σπινθῆρσιν
3579 2863 3610 2913 ὁ
3663 2859 3887 2929 δράκων

2292 2946 2562 3017 ὁσημέραι
2601 2944 3024 3015 καταφλέγοιτο,
3073 2947 3169 3000 καὶ
3209 2951 3274 3020 τῇ
3318 2949 3567 3020 λαμπάδι
3607 2970 3884 3021 φωταγω-

2291 3042 2473 3109 γοίντο
2496 3039 2609 3093 τῶν
2636 3038 2964 3109 φθασάντων
2998 3039 3050 3092 oi
3079 3039 3388 3107 μέλλοντες,
3418 3043 3579 3107 ἄλλος
3609 3044 3671 3109 ἐξ
3712 3046 3885 3099 άλλου

2292 3132 2589 3204 πυρσεύειν
2614 3132 3000 3203 μανθάνοντες,
3020 3133 3343 3200 γειτνιῶσαν
3364 3114 3453 3189 ἀεὶ
3480 3137 3716 3202 ἕκαστος
3744 3139 3887 3210 ἔχων

2288 3224 2387 3279 τοῦ
2432 3224 2601 3280 καλοῦ
2630 3224 2729 3299 τὴν
2760 3225 3108 3298 ἀνάλάμψιν,
3144 3228 3239 3280 καὶ
3275 3227 3369 3280 τοῦ
3410 3230 3729 3300 κρείττονος
3756 3234 3886 3303 ἐρε-

2290 3318 2577 3391 θιζόμενος
2602 3321 2670 3391 τῇ
2720 3318 2984 3390 manu
3015 3319 3323 3392 λιχνότερος
3364 3322 3573 3391 γίνοιτο
3616 3324 3756 3393 πρὸς
3782 3325 3886 3395 τὴν

2294 3412 2560 3484 μίμησιν⁸
2593 3411 2926 3483 θερμότερος
2950 3411 3060 3484 γὰρ
3082 3414 3162 3477 εις
3190 3414 3508 3486 ἐγχείρησιν
3526 3414 3674 3486 ἀνὴρ
3698 3415 3886 3487 νεαρῷ

2299 3502 2810 3575 χειραγωγούμενος
2842 3503 3274 3574 παραδείγματι.

2371 3682 2433 3737 ’0
2456 3682 2640 3759 τοίνυν
2665 3682 2871 3754 Μωσῆς
2902 3684 2932 3738 ὁ
2963 3683 3235 3755 ἡμέτερος
3270 3683 3299 3735 ὁ
3333 3680 3581 3754 θαλάσσῃ
3622 3681 3881 3752 καλύψας

2288 3772 2490 3843 Φαραὼ
2536 3773 2629 3827 τὸν
2672 3772 2962 3845 νεώτερον,
3014 3774 3112 3826 καὶ
3146 3773 3213 3842 τῇ
3261 3773 3487 3826 ἐκτάσει
3532 3771 3643 3824 τῶν
3673 3771 3883 3841 χειρῶν

2288 3867 2416 3929 τοὺς
2453 3864 2785 3934 ἀλλοφύλους
2808 3864 3173 3936 τρεψάμενος,
3208 3864 3238 3917 ὁ
3279 3862 3419 3934 μετὰ
3444 3862 3537 3916 τὸν
3565 3861 3880 3932 νομοθέτην

2290 3958 2611 4030 νομοθέτης,
2630 3957 2739 4012 τῶν
2767 3957 3102 4028 Ἐκκλησιῶν
3127 3957 3223 4010 καὶ
3241 3955 3583 4022 διδάσκαλος,
3609 3954 3736 4008 ἐπεὶ
3753 3970 3882 4007 του⁴

2125 4154 2357 4214 NOTIE.

690 4314 764 4383 (l)
806 4312 979 4377 Quam
1003 4312 1176 4383 legem
1207 4312 1470 4383 intelligat
1496 4311 1678 4367 Pisida
1714 4327 1823 4367 non
1855 4312 2048 4378 video;
2080 4311 2184 4366 nisi
2217 4318 2263 4380 Β
2290 4311 2503 4367 Pharao
2540 4311 2734 4383 Pisidae
2763 4321 2847 4368 est
2871 4311 3110 4367 Aharum
3139 4312 3251 4367 dux
3273 4310 3583 4383 Chaganus,
3618 4321 3783 4382 prout
3811 4318 3872 4367 tu

614 4382 755 4437 forte
790 4382 1029 4452 respeiit
1062 4382 1129 4436 ad
1159 4382 1464 4452 antiquam,
1502 4391 1556 4436 et
1589 4398 1618 4437 a
1643 4382 1832 4452 primis
1862 4392 2061 4437 nostra:
2096 4397 2182 4436 re-

615 4453 827 4524 ligionis
852 4451 1195 4524 incunabulis
1221 4452 1274 4505 in
1307 4451 1546 4507 Ecclesia
1575 4451 1845 4520 receptam
1879 4462 2181 4524 consuetu-

613 4521 817 4587 dinem,
848 4538 953 4592 qua
990 4521 1190 4576 factum
1222 4530 1325 4586 est,
1356 4531 1417 4576 ut
1444 4531 1593 4576 tanta
1624 4523 2004 4585 sollicitudine,
2028 4536 2179 4584 cura,

616 4604 671 4647 et
701 4593 1356 4662 studio,describerentur,
1385 4593 1873 4662 colligerenturque
1892 4602 2011 4647 acta
2036 4608 2183 4646 mar-

620 4674 827 4733 tyrum,
864 4672 924 4716 ut
971 4661 1155 4716 Romae
1189 4672 1399 4731 septem
1428 4664 1654 4733 notariis
1678 4662 1735 4733 id
1766 4661 2007 4717 muneris
2036 4670 2183 4715 esset

618 4732 1038 4799 demandatum;
1071 4733 1139 4787 de
1181 4748 1288 4802 qua
1335 4747 1393 4786 rc
1429 4732 1644 4802 rvidesis
1677 4732 2181 4802 Ruinarlium_Acta

617 4803 804 4855 sincer.
838 4813 1129 4872 martyrum
1157 4841 1172 4867 ,
1200 4800 1260 4857 in
1304 4801 1479 4872 przef.,
1512 4812 1566 4857 et
1596 4802 1910 4856 Bollandum
1956 4800 2181 4871 pariter,

620 4872 674 4923 in
727 4873 900 4939 pl‘EBf.,
932 4872 959 4939 §
992 4875 1046 4927 2.
1080 4874 1231 4927 Hanc
1275 4881 1456 4926 autem
1490 4872 1942 4927 consuetudinem
1992 4872 2186 4926 merito

616 4942 787 5012 legem
819 4941 1053 5013 divinam
1085 4943 1355 5013 appellare
1385 4944 1560 5012 potuit
1598 4942 1794 5005 Pisida,
1823 4943 1915 5013 qui
1959 4952 2185 4996 noverat

614 5010 725 5064 non
779 5010 938 5065 modo
992 5010 1291 5081 primorum
1334 5010 1648 5081 pontilicum
1698 5010 2021 5066 auctoritate
2065 5026 2183 5065 eam

613 5095 735 5135 esse
764 5081 1047 5143 munitam,
1076 5083 1168 5137 sed
1203 5084 1320 5153 ipso
1349 5093 1539 5137 sancto
1582 5083 1788 5152 Spiritu
1824 5081 2039 5136 amante
2062 5095 2186 5136 sus-

614 5160 830 5220 ceptam
867 5168 879 5204 :
943 5167 1068 5205 nam
1124 5167 1188 5205 co
1226 5162 1478 5207 movente
1514 5168 1576 5208 ac
1620 5153 1862 5207 dictante
1909 5153 2185 5219 apostolo-

613 5219 734 5274 ruin
782 5219 915 5276 Acta
965 5221 1183 5291 scripsit
1231 5233 1453 5277 sanctus
1499 5223 1692 5286 Lucas,
1720 5239 1750 5276 a
1799 5237 1907 5291 quo
1950 5222 2184 5290 primum

613 5291 884 5361 laudabile
919 5292 1022 5346 hoc
1062 5291 1371 5346 institutum
1407 5308 1658 5347 manasse
1689 5303 1835 5347 recte
1864 5292 1986 5361 quis
2028 5292 2185 5345 dixe-

615 5362 703 5414 rit.
736 5359 974 5433 Proinde
1003 5361 1202 5433 Noster
1236 5361 1375 5433 hanc
1404 5362 1576 5433 legem
1624 5378 1732 5416 non
1774 5359 2024 5433 traditam
2048 5362 2185 5433 scri-

613 5438 725 5497 pto,
751 5431 851 5503 sed
896 5431 1099 5503 νοερῶς
1132 5431 1607 5503 ὲγκεκολναμμένον
1652 5434 1719 5502 τῇ
1765 5432 1911 5502 ψυχῇ
1937 5472 1961 5503 ,Α
1984 5431 2187 5485 intelle-

614 5501 859 5571 t-tnaliter
889 5500 1205 5571 insculptum
1234 5502 1401 5571 cordi,
1420 5500 1540 5555 mox
1569 5500 1822 5571 appellat.
1845 5500 1965 5555 ‘S'cd
1997 5512 2049 5554 et
2081 5502 2186 5555 huc

614 5571 741 5623 facit
779 5570 1139 5636 Matthxi,“
1186 5570 1291 5625 16:
1336 5590 1353 5621 ι
1382 5570 1722 5625 Ιιιιυοιιιιιιχ
1772 5582 1951 5625 vestra
2003 5586 2184 5625 coram

616 5639 950 5711 hominibus.
982 5652 1042 5696 ut
1071 5644 1289 5696 videant
1318 5655 1480 5710 opera
1515 5651 1689 5694 vestra
1723 5643 1863 5695 bona
1884 5682 1897 5705 ,
1929 5650 1983 5695 et
2011 5641 2176 5711 glori-

615 5709 777 5780 ficent
805 5710 1019 5780 Patrem
1053 5722 1311 5776 vestrum,
1347 5709 1437 5780 Qui
1472 5711 1524 5763 in
1555 5712 1707 5765 cmlis
1740 5720 1842 5765 est.
1874 5730 1892 5760 ι

688 5774 760 5848 (2)
802 5778 967 5851 Moysi
1000 5774 1306 5837 Heracliqu
1354 5774 1498 5851 saepe
1550 5790 1845 5850 comparat.
1880 5781 1947 5836 At
1988 5794 2178 5836 recens

2291 4383 2549 4443 Abaricis.
2576 4400 2628 4437 ν.
2664 4382 2769 4437 495
2793 4403 2806 4438 :

2433 4452 2596 4506 Ἔδει
2625 4452 2735 4521 γὰρ
2764 4449 2923 4523 οΐμὶιι
2950 4451 3059 4506 τὸν
3083 4450 3293 4523 Φαραὼ
3314 4450 3422 4503 τὸν
3448 4450 3732 4523 δεύτερον

2427 4522 2793 4576 Βλέπουσαν
2814 4521 3028 4588 ἀϋτὴν,
3057 4522 3159 4576 καὶ
3185 4521 3327 4575 νέον
3350 4536 3425 4573 σε
3454 4521 3691 4583 Μωέα,

2438 4593 2551 4658 Τὰς
2584 4593 2694 4661 τῆς
2731 4592 3019 4662 Ἐρυθρᾶς
3044 4589 3353 4662 δίκον-[ζειν
3379 4590 3688 4659 ἐμφάσεις.

2290 4662 2621 4733 Alienigente
2644 4658 2855 4725 autem,
2886 4658 3023 4732 quos
3055 4665 3109 4716 in
3140 4661 3317 4733 fugant
3346 4658 3508 4733 vertit
3534 4702 3547 4723 ,
3578 4667 3708 4733 sunt
3739 4658 3875 4713 Per-

2291 4748 2385 4800 sae,
2413 4730 2494 4787 de'
2515 4733 2712 4802 quibus
2742 4734 2793 4787 in
2829 4730 3037 4787 acroas.
3071 4750 3127 4787 ιιι
3154 4774 3169 4796 ,
3202 4730 3325 4787 ΗΒ.
3358 4730 3435 4783 De
3462 4731 3669 4800 apem,
3702 4744 3877 4800 agens

2292 4803 2374 4858 sic
2400 4818 2499 4873 pro
2527 4802 2774 4873 Heraclio
2802 4803 2971 4857 Deum
3006 4804 3333 4873 deprecatur
3348 4819 3371 4873 _:

2431 4873 2541 4928 Καὶ
2566 4872 2768 4935 δεῖξον
2793 4873 2981 4927 αὐτὸν
3004 4869 3155 4928 πᾶσι
3182 4870 3401 4925 Μωσέα
3429 4869 3594 4933 νέον,

2447 4944 2550 4996 Ἐν
2577 4941 2651 5011 τῇ
2677 4943 2803 4997 κατ’
2827 4940 3059 5011 ἐχθρῶν
3084 4940 3327 5011 εὐσεϐεῖ
3349 4940 3659 5011 πανοςτλίᾳ

2439 5014 2549 5066 Τὸν
2572 5008 2840 5081 σταυρὸν
2859 5008 3201 5065 ἐκτείνοντα
3232 5009 3351 5063 τῶν
3378 5008 3588 5081 χειρῶν
3621 5009 3831 5061 πλέον.

2363 5082 2439 5152 (3)
2490 5081 2544 5133 Ὀ
2580 5079 2736 5151 μετὰ
2774 5084 2882 5136 τὸν
2930 5086 3137 5150 νομοθ.
3188 5081 3313 5135 Hoc
3366 5080 3531 5152 verba
3580 5079 3873 5152 recentiori

2292 5147 2598 5207 atramento
2648 5162 2777 5207 sunt
2823 5147 3209 5222 superi—nducta
3253 5152 3307 5204 in
3356 5147 3872 5222 ms._hegislatorem

2293 5223 2453 5293 plane
2483 5232 2639 5277 vocat
2668 5217 2997 5287 Heraclium,
3031 5229 3091 5275 ut
3142 5237 3264 5274 eum
3313 5235 3434 5293 cum
3462 5217 3607 5293 Μοέο
3646 5234 3873 5293 compa-

2293 5287 2521 5346 randum
2570 5292 2816 5357 omnino,
2840 5307 2961 5347 esse
2998 5292 3354 5346 demonstret.
3393 5287 3498 5342 Sed
3543 5302 3679 5357 quas
3724 5288 3873 5358 leges

2296 5362 2426 5430 imp.
2464 5362 2745 5416 Heraclius
2770 5362 3020 5425 ediderit,
3052 5371 3111 5415 ut
3134 5376 3198 5414 ea
3221 5360 3383 5415 etiam
3405 5359 3474 5411 de
3502 5372 3666 5412 causa
3685 5373 3874 5430 novus

2294 5427 2473 5485 Moses
2506 5432 2609 5485 dici
2641 5441 2861 5502 posset,
2899 5432 3033 5486 mihi
3066 5431 3225 5502 plane
3258 5444 3363 5481 non
3403 5437 3639 5502 constat.
3683 5427 3875 5502 Eccle-

2294 5501 2493 5555 siarutn
2525 5498 2706 5555 autem
2736 5498 3287 5567 magistrum'idcirco
3314 5498 3567 5567 appellat,
3586 5498 3728 5565 quod
3750 5507 3872 5565 post

2294 5571 2535 5625 devictos
2581 5575 2777 5629 Persas
2821 5568 3345 5638 Constantinopolim
3397 5582 3646 5638 reversus
3692 5568 3873 5638 eccle—

2295 5640 2529 5695 siasticis
2560 5641 2947 5695 controversiis
2972 5636 3365 5709 componendis
3396 5645 3543 5709 totus
3579 5636 3868 5709 incubuit;

2284 5711 2426 5779 quod
2483 5711 2537 5764 in
2588 5726 2763 5781 poem.
2794 5720 2977 5765 contra
3026 5704 3272 5764 Seuerum
3310 5706 3484 5761 fusius
3521 5704 3866 5776 explanatum

2288 5791 2389 5835 est.
