4152 6290
184 278 204 293 ’
295 311 424 377 1681

212 5790 242 5816 ο

1337 317 1514 377 VITA
1552 319 1612 378 S.
1651 319 2051 379 ANASTASII
2092 319 2500 380 MARTYRIS.

3418 324 3433 386 l
3449 326 3557 389 682

287 421 400 471 τονὶ
439 419 529 472 τὸν
565 419 772 475 ἄνωθεν
813 419 978 493 νόμον
1025 422 1226 494 νοερῶς
1259 423 1743 497 ἐγκεκολαμμένον
1797 430 1863 497 τῇ

1990 442 2112 483 iane
2140 428 2314 498 ipsam
2365 425 2756 504 spiritualilerA
2786 427 3113 501 insculptam
3166 431 3333 485 corde
3381 431 3553 504 legem

286 511 433 581 ψυχῇ
462 511 817 582 παρεδέξατο,
852 516 965 577 τοῖς
1003 514 1182 582 λόγοις
1228 515 1579 583 ἐγκελεύεται
1624 518 1862 573 κιϐωτὸν

1987 520 2244 575 εωιεεῑρω
2287 520 2626 591 excepisset,
2653 499 2834 575 arc'am
2864 499 3033 579 veluti
3066 523 3355 593 quamdam
3410 499 3554 578 mar-

287 602 479 675 ὥσπερ
504 606 626 658 τινὰ
657 605 735 675 τῷ
771 606 1008 689 μάρτυρι
1030 608 1413 680 διαπήξασθαι,
1455 612 1550 663 καὶ
1574 611 1639 664 τὸ
1688 611 1866 681 μάννα

285 694 556 765 λαμπρῶς
590 696 949 752 ὲναποθέσθαι
973 699 1083 752 τῶν
1123 702 1395 771 πράξεων.
1444 702 1606 756 Ἀλλὰ
1638 703 1698 757 σὲ
1740 704 1861 772 μὲν,

1971 610 2072 681 tyri
2104 626 2168 665 ex
2202 611 2543 666 sermonibus
2591 610 2769 681 effingi
2799 653 2814 677 ,
2850 612 3081 682 ejusque
3114 622 3367 669 actorum
3400 630 3550 669 man-

1968 718 2038 757 na
2067 702 2119 756 in
2151 703 2517 773 casplendide
2552 703 2769 759 recondi
2819 704 3005 774 jussit.
3046 704 3152 761 Sed
3204 713 3256 761 te
3283 707 3502 777 quidem
3536 749 3550 770 ,

287 782 333 839 ὦ
363 788 483 841 θεία
524 789 623 843 καὶ⁸
665 789 767 859 τῆς
807 790 1134 861 οἰκουμένης
1170 792 1292 862 ἱερά
1323 792 1560 863 κορυφὴ,
1610 790 1865 861 γινώσκω

1987 792 2311 857 >όίνίιιυιιι,
2344 801 2399 847 et
2447 803 2604 849 terra:
2653 794 2818 849 totius
2868 810 3081 850 sacrum
3138 804 3337 864 caput,
3415 812 3554 851 vere

289 879 464 950 στόμα
516 880 652 934 Θεοῦ
696 882 929 954 ἐμαυτὸν
967 883 1025 936 δὲ
1075 883 1340 955 Βεσελεὴλ
1384 885 1485 939 οὐκ
1536 885 1862 954 ἐπίσταμαι.

1970 896 2094 937 esse
2122 897 2185 937 os
2218 882 2313 936 Dei
2348 898 2615 954 cognosco
2640 925 2655 949 ,
2685 901 2771 939 me
2799 892 2981 940 autem
3008 900 3128 941 esse
3163 887 3261 957 (4)
3293 886 3551 951 Bcselcel,

301 970 453 1023 Ἐπεὶ
483 967 577 1026 οὖν
609 972 759 1043 φόϐῳ
792 974 852 1025 τὸ
876 974 1214 1045 προσταχθὲν
1252 975 1607 1047 ὲκδεχόμεθα,
1646 976 1857 1045 γένοιτό

1987 973 2164 1028 nescio.
2189 975 2259 1029 At
2303 991 2431 1031 vero
2485 977 2742 1046 quoniam
2789 993 2914 1033 cum
2988 978 3182 1035 timore
3240 979 3557 1050 excepimus

291 1082 380 1135 μοι
405 1065 465 1119 τὺ
498 1067 826 1138 πρόσταγμα
860 1068 1010 1133 θείας
1053 1070 1340 1132 ἐπιπνοίας
1382 1069 1688 1140 μετάδοσις.
1719 1066 1856 1123 Θεοῦ

1987 1067 2298 1131 nandatum,
2315 1069 2522 1125 utinam
2548 1070 2638 1125 ﬁat
2659 1070 2790 1125 mihi
2813 1071 3124 1127 mandatum
3148 1071 3326 1142 ipsum
3356 1071 3554 1127 divina:

290 1159 401 1229 γὰρ
427 1159 493 1212 τὰ
518 1161 612 1214 σά·
642 1159 803 1229 φόϐος
826 1159 884 1214 δὲ
909 1155 978 1231 ἦν
1006 1160 1198 1229 σοφίας
1229 1162 1394 1234 ἀρχή.

360 1341 522 1396 Δεῦτε
561 1342 763 1407 τοίνυν,
790 1342 909 1406 νέος
944 1343 1181 1414 Ἰσραὴλ,
1226 1342 1322 1397 καὶ
1361 1343 1547 1412 ὑμεῖς’
1582 1341 1611 1393 ὁ
1641 1341 1738 1412 μὲν
1766 1342 1866 1412 τὴν

291 1435 458 1505 ἀκοὴν
481 1434 637 1504 δίκην
665 1434 874 1505 βάσεως
896 1436 1142 1506 ἀργυρᾶς
1164 1434 1505 1489 ὑποτιθέσθω
1532 1433 1611 1505 τῷ
1631 1433 1864 1502 λέγοντι·

291 1526 320 1578 ὁ
348 1526 405 1579 δὲ
442 1525 532 1578 τὸν
571 1526 694 1581 νοῦν
720 1526 955 1589 ἀκλινῶς
982 1526 1330 1596 ἐπιστησάτω
1363 1529 1485 1589 ταῖς
1512 1525 1703 1596 βάσεσι
1730 1543 1865 1597 χρυ-

295 1618 404 1670 σῶν
436 1618 634 1672 κιόνων
664 1618 1077 1691 λαμπρότερον·
1115 1618 1300 1690 ἕτερος
1344 1619 1420 1683 ὡς
1466 1618 1727 1689 βυσσίνην
1766 1617 1866 1671 αὐ-

1960 1154 2330 1225 inspirationis
2360 1160 2801 1225 communicatio,
2831 1161 2911 1215 Ex
2943 1161 3050 1215 Deo
3070 1160 3213 1215 enim
3234 1200 3250 1225 ,
3289 1176 3410 1229 qua:
3467 1170 3555 1215 tua

1963 1255 2111 1302 sunt.
2161 1246 2347 1307 Timor
2376 1260 2553 1306 autem
2582 1263 2664 1307 est
2682 1253 2893 1308 initium
2922 1254 3204 1326 sapientiae
3236 1254 3363 1327 (5).

2038 1344 2239 1401 Adeste
2270 1346 2454 1418 igitur,
2480 1365 2655 1404 novus
2687 1349 2872 1416 Israel,
2904 1366 2969 1405 ac
3025 1361 3273 1406 vestrum
3332 1352 3553 1423 quidem

1967 1433 2232 1506 alter(6)
2261 1445 2529 1508 argentea:
2580 1439 2723 1495 basis
2766 1439 2939 1495 instar
2988 1451 3264 1513 supponat
3308 1443 3551 1497 auditum

1970 1524 2173 1581 dicenti
2201 1567 2216 1592 ,
2252 1528 2388 1583 alter
2419 1545 2550 1585 vero
2581 1540 2818 1591 mentem
2875 1533 3058 1588 aureis
3086 1533 3356 1588 columnis
3393 1536 3554 1605 longe

1968 1618 2392 1688 splendidiorem
2420 1623 2681 1696 adiungat
2734 1627 3012 1683 immotam
3044 1626 3295 1705 baslbus;
3327 1627 3415 1680 hic
3450 1642 3547 1682 ve-

294 1711 452 1765 λαίαν
501 1712 859 1779 ὲφαπλούτωσ
913 1713 975 1765 τὸ
1019 1711 1277 1766 εὐπιστον
1321 1712 1737 1785 καρποφορείτω
1784 1728 1869 1774 τις

1993 1712 2067 1765 uti
2094 1713 2371 1784 byssinum
2399 1718 2671 1786 expandat
2690 1720 2871 1774 velum
2892 1760 2907 1785 ,
2963 1720 3054 1774 hic
3081 1720 3147 1774 ad
3178 1718 3549 1789 propitiatorii

297 1803 435 1872 πρὸς
485 1802 798 1875 ί).αστηρίου
850 1802 1150 1873 διασκευὴν
1193 1804 1293 1873 τὴν
1348 1804 1638 1875 εὐμένειαν
1666 1820 1679 1835 ο
1711 1803 1870 1866 ἄλλος

294 1889 407 1946 οἷον
464 1893 734 1965 ἀρώματα
786 1895 1109 1965 προσαγέτω
1162 1894 1261 1965 τὴν
1290 1894 1563 1967 εὐφημίαν
1605 1894 1683 1965 τῷ
1732 1895 1877 1964 μάρ-

294 1999 449 2053 τυρι·
488 1983 687 2047 πάντες
717 1984 773 2038 δὲ
820 1985 1000 2040 πάντα
1024 2002 1040 2014 ο
1084 1986 1220 2043 πᾶσι
1258 1986 1365 2056 γὰρ
1398 1986 1575 2041 πάντα
1608 1986 1763 2041 κοινά
1792 2001 1873 2049 τε,

298 2075 392 2127 καὶ
419 2074 528 2128 ίδια
562 2075 627 2129 τὰ
661 2074 755 2133 τοῦ
801 2076 1013 2132 δικαίου
1050 2076 1392 2149 χαρίσματα.
1431 2071 1562 2131 Οἶδα
1588 2077 1767 2132 τοίνυν
1800 2077 1879 2141 ὡς

300 2165 562 2219 πλουσίαν
593 2167 751 2238 ὐμείς
773 2168 1037 2222 εἰσοίσετε
1076 2168 1175 2241 τὴν
1218 2167 1488 2223 ἐπίδοσιν·
1529 2168 1642 2237 ἐγὼ
1673 2169 1731 2223 δὲ
1757 2172 1878 2235 ταῖς

298 2257 392 2311 τοῦ
423 2258 700 2330 μάρτυρος
723 2259 985 2331 πράξεσιν
1002 2255 1092 2314 οἷά
1114 2278 1232 2324 πως
1258 2259 1629 2333 δαψιλεστὲρῳ
1652 2277 1878 2331 περιτυ-

301 2345 412 2416 χὼν
444 2348 724 2419 θησαυρῷ,
758 2349 873 2431 τοῦ.
896 2350 1207 2422 εὑρήματος
1246 2349 1483 2420 ἐμαυτὸν
1519 2350 1874 2421 ἀποδέχομαι,

300 2441 362 2492 οὐ
397 2440 504 2511 μὴν
544 2439 992 2513 ὲπιφορτίζεσθαι
1019 2442 1081 2495 τὸ
1124 2443 1232 2495 πᾶν
1262 2441 1507 2506 δυνατὸς,
1556 2440 1590 2509 ἢ
1622 2441 1878 2512 ἀριθμεῖν

301 2532 370 2586 τά
393 2531 667 2603 ὁρώμενα,
700 2532 819 2585 ἀλλ’
855 2533 1125 2603 εὐδαίμων
1162 2533 1229 2587 ἂν
1258 2531 1527 2605 κριθείην,
1555 2532 1605 2585 εί
1636 2534 1731 2585 καὶ
1774 2532 1876 2603 μέ-

307 2642 398 2696 ρος
423 2624 886 2695 ὲγκολπισάμενος
921 2623 1319 2694 ἀπαλλάξομαι.
1345 2624 1512 2676 Ὅταν
1543 2622 1652 2694 γὰρ
1674 2622 1878 2691 ἀγωνι-

305 2723 405 2791 στῇ
447 2720 699 2790 πράξεων
746 2720 1021 2790 εὐφημίας
1070 2718 1228 2787 λόγος
1280 2716 1731 2787 ἀνταγωνίζεται,
1783 2716 1881 2771 καὶ

307 2814 737 2886 συμμετρεῖσθαι
772 2813 1133 2883 φιλοτιμεῖται
1157 2810 1235 2883 τῷ
1263 2811 1569 2883 πράγματι,
1596 2808 1739 2864 ἔοικε
1766 2811 1881 2873 τοῖς

304 2907 474 2977 ὁρμιᾷ
503 2894 899 2975 φιλονεικοῦσιν
943 2905 1273 2975 άναμετρείν
1300 2902 1363 2954 τὸ
1396 2901 1580 2966 κυτὸν,
1608 2901 1702 2956 καὶ
1743 2898 1882 2972 πρὸς

307 2998 645 3067 παρέκτασιν
669 2997 862 3067 ἑτέραν
904 2996 989 3066 ἐφ’
1031 2996 1225 3065 ἑτέραν
1258 2993 1646 3063 δυσμένουσιν·
1680 2991 1882 3061 ὁμοίως

1976 1813 2295 1875 apparatum
2367 1807 2529 1863 ﬁdem
2598 1810 2952 1881 animumque
3037 1811 3270 1866 docilem
3327 1809 3552 1875 afferat,

1978 1896 2068 1953 ille
2100 1908 2284 1954 autem
2318 1913 2576 1972 tanquam
2616 1916 2855 1959 aromata
2880 1904 3068 1960 laudes
3088 1904 3281 1959 oﬂerat
3307 1902 3550 1973 martyri:

1976 2001 2167 2043 omnes
2231 1989 2330 2062 (l7)
2384 2000 2568 2048 autem
2624 1994 2807 2048 omnia
2866 1993 2921 2049 in
2991 2010 3158 2049 unum
3248 1993 3552 2065 congerite;

1977 2081 2236 2139 omnibus
2320 2085 2468 2140 enim
2541 2087 2723 2142 omnia
2794 2088 3144 2153 communia,
3205 2098 3260 2142 et
3336 2086 3550 2156 propria

1977 2182 2108 2229 sunt
2186 2174 2321 2245 justi
2375 2178 2721 2233 charismata.
2780 2180 2850 2233 At
2930 2195 3060 2235 vero
3132 2178 3383 2248 equidem
3426 2176 3553 2232 novi

1982 2279 2434 2339 unumquemque
2468 2276 2711 2323 vestrum
2745 2269 2952 2340 largum
3000 2284 3123 2324 esse
3162 2283 3362 2322 munus
3388 2266 3554 2321 colla-

1979 2364 2157 2412 turus.
2192 2354 2301 2430 Ego
2325 2368 2506 2414 autem
2568 2361 2821 2431 martyris
2882 2368 3061 2431 gesta,
3120 2359 3272 2429 quasi
3334 2359 3555 2415 divitem

1977 2448 2268 2517 quemdam
2302 2458 2496 2506 nactus
2542 2451 2890 2515 thesaurum,
2920 2451 3165 2521 gaudens
3201 2450 3424 2503 invento
3453 2448 3559 2503 hoc

1979 2539 2153 2608 ipsum
2181 2538 2235 2595 in
2263 2556 2349 2596 me
2370 2541 2622 2613 recipiam
2640 2583 2654 2608 ,
2679 2558 2789 2596 non
2810 2542 2953 2612 quod
2984 2542 3143 2611 plane
3194 2547 3366 2595 totum
3419 2554 3559 2609 pon-

1979 2628 2083 2686 dus
2133 2630 2435 2693 sustinere,
2462 2639 2557 2686 aut
2586 2630 2796 2697 omnia,
2840 2647 2961 2702 qua:
2988 2631 3160 2686 oculis
3183 2630 3513 2700 objiciuntur
3543 2669 3558 2693 ,

1979 2736 2307 2776 enumerare
2339 2721 2590 2790 valeam;
2647 2723 2779 2778 satis
2807 2723 2952 2777 enim
2982 2722 3123 2777 bene
3149 2721 3285 2776 mihi
3331 2720 3562 2775 cessisse

1978 2814 2338 2886 iudicabitur,
2368 2824 2424 2871 et
2446 2831 2570 2871 meo
2597 2816 2784 2871 videar
2830 2816 3056 2871 functus
3098 2813 3308 2879 ollicio,
3340 2812 3385 2868 si
3434 2828 3561 2882 par-

1982 2915 2093 2962 tem
2121 2908 2283 2964 modo
2314 2899 2594 2964 tantarum
2627 2924 2809 2964 rerum
2844 2907 2977 2963 mihi
3014 2904 3306 2976 complecti
3340 2904 3561 2960 contin-

1983 3003 2093 3068 gat.
2124 2995 2352 3062 Quando
2370 2998 2517 3051 enim
2564 3013 2689 3052 cum
2719 2998 2882 3052 rebus
2906 2996 2975 3053 ab
3005 2997 3252 3067 agonista
3308 2992 3565 3065 praeclare

307 3091 417 3161 γάρ
452 3091 480 3144 ὃ
504 3108 563 3144 τε
600 3090 803 3161 μείζων
830 3089 911 3160 τῷ
938 3090 1183 3143 ἐλάττονι
1207 3087 1393 3152 κάλος,
1412 3088 1441 3141 ὃ
1469 3102 1529 3140 τε
1567 3084 1775 3157 μακρὸς
1804 3083 1882 3154 τῷ

1987 3086 2149 3157 gestis
2178 3087 2352 3141 oratio
2378 3086 2646 3143 laudantis
2665 3087 2947 3142 contendit
2970 3126 2984 3153 ,
3003 3096 3059 3142 et
3092 3101 3179 3141 res
3211 3087 3357 3156 ipsas
3397 3100 3563 3139 cona-

308 3182 503 3254 βραχεῖ
532 3183 689 3251 λόγος
720 3182 1024 3252 ἐλέγχεται.
1060 3181 1218 3241 Ποῖος
1250 3180 1378 3249 γάρ,
1429 3178 1463 3249 ἢ
1522 3177 1629 3232 τίνι
1670 3176 1884 3247 μαρτύ-

310 3293 420 3347 ρων
448 3275 658 3343 γένοιτο
689 3274 754 3327 ἂν
782 3274 1081 3344 ἀξιόχρεως
1121 3272 1301 3341 λόγος,
1338 3263 1413 3325 ὧν
1460 3268 1604 3327 κατὰ
1633 3285 1883 3339 γεγραμ-

313 3367 473 3439 μένον
502 3366 679 3420 οὐδὲὸ
715 3366 919 3435 κόσμος
962 3360 1031 3435 ἦν
1069 3362 1253 3430 ἄξιος;
1302 3361 1561 3417 ὲκνικῶσι
1596 3360 1704 3431 γὰρ
1742 3352 1889 3414 οὗτοι

311 3460 495 3531 πάσης
526 3458 853 3527 εὐγλωττίας
881 3457 1219 3527 καλλίφωνον
1250 3455 1528 3524 σάλπιγγα
1554 3453 1635 3523 τῷ
1673 3471 1889 3525 σαρκω-

312 3551 457 3605 θὲντι
485 3552 613 3623 θείῳ
641 3550 798 3621 Λόγῳ
845 3547 1239 3620 μεγαλοφὼνως
1270 3546 1882 3617 προσμαρτυρήσαντες,

314 3644 408 3697 καὶ⁹
432 3646 542 3705 τοῖς
572 3643 790 3707 οἰκείαις
820 3644 1066 3712 αἴμασιν,
1091 3639 1281 3711 ὥσπερ
1311 3637 1563 3710 βασιλικῇ
1593 3638 1759 3708 βαφῇ,
1786 3637 1885 3707 τὴν

312 3735 602 3805 ὁμολογίαν
632 3735 1169 3806 χειρογραφήσαντες
1187 3750 1202 3765 ο
1238 3726 1311 3786 ὧν
1341 3724 1420 3796 εἷς
1449 3730 1543 3784 καὶ
1571 3731 1599 3786 ὁ
1622 3730 1889 3802 ἡμέτερος

316 3827 619 3891 καλλίνικος
648 3827 887 3897 ἀθλητὴς
919 3827 1137 3895 γέγονεν
1183 3825 1553 3888 Ἀναστάσιος,
1585 3817 1645 3877 οῦ
1678 3822 1756 3893 τῷ
1792 3824 1891 3893 βίῳ

316 3920 621 3992 κάτοπτρον
647 3922 723 3984 ὡς
751 3915 862 3974 οἷόν
902 3937 961 3973 τε
1001 3920 1091 3973 τὸν
1131 3906 1288 3987 λόγον
1321 3917 1716 3988 χαλκεύσομεν,
1766 3919 1895 3989 ἠγε-

319 4013 457 4084 μόνα
478 4014 570 4067 τοῦ
596 4014 753 4081 λόγου
783 4013 872 4066 τὸν
893 4012 1034 4065 θεῖον
1058 4011 1495 4083 προστησάμενοι
1518 4009 1674 4078 λόγον
1694 4025 1708 4039 ο
1738 4009 1895 4063 τοῦτο

317 4106 425 4175 γὰρ
454 4106 593 4177 ὑπὲρ
623 4105 858 4168 ἅπαντα,
892 4105 984 4159 καὶ
1009 4103 1178 4173 πρόγε
1206 4102 1422 4156 πάντων
1448 4102 1575 4170 ἡμῖν
1600 4117 1657 4153 τε
1687 4100 1890 4164 αὐτοῖς,

318 4205 414 4258 καὶ
442 4203 521 4275 τῷ
552 4200 844 4272 καλλινίκῳ
876 4200 1111 4272 μάρτυρι
1140 4196 1496 4270 χαριούμεθα.

318 4299 773 4369 subscripserunt.
812 4297 1053 4364 Quorum
1122 4310 1264 4350 unus
1311 4294 1474 4348 etiam
1529 4301 1713 4346 noster
1785 4291 2035 4362 egregius
2093 4290 2297 4354 athleta
2342 4287 2446 4341 t‘uit
2492 4285 2813 4341 Anastasius
2860 4326 2876 4351 ,

294 4391 633 4462 tspeculum,
672 4400 933 4460 quantum
1008 4390 1063 4444 in
1120 4387 1274 4442 nobis
1322 4386 1466 4449 erit,
1522 4384 1840 4440 conabimur
1886 4385 2114 4440 dicendo
2165 4382 2453 4452 etl‘mgere,
2501 4388 2813 4435 nostrorum
2873 4377 3164 4433 verborum
3228 4376 3422 4431 ducem
3469 4384 3578 4431 sta-

1985 3188 2075 3234 tur
2104 3177 2286 3235 verbis
2323 3177 2655 3241 commetiri,
2709 3178 2763 3232 id
2798 3178 2957 3247 plane
2988 3177 3079 3243 ﬁt,
3116 3176 3259 3246 quod
3291 3176 3399 3230 illis
3439 3190 3565 3231 con-

1986 3270 2180 3342 tingit,
2211 3270 2303 3341 qui
2351 3270 2518 3325 maris
2570 3269 2995 3340 profunditatem
3047 3268 3270 3322 student
3320 3266 3565 3320 funiculo

1984 3364 2200 3429 metiri,
2233 3372 2395 3431 atque
2425 3361 2480 3415 in
2505 3376 2571 3425 eo
2605 3362 2801 3416 iterum
2856 3360 3159 3428 iterumque
3222 3356 3568 3412 extendendo

1989 3456 2217 3511 moleste
2260 3454 2608 3526 perdurant:
2646 3461 2706 3507 ut
2757 3452 2904 3507 enim
2960 3450 3251 3521 aliquando
3302 3449 3566 3519 majorem

1990 3548 2411 3619 profunditatem
2442 3546 2620 3601 minor
2676 3544 2857 3611 funis,
2909 3543 2980 3598 ita
3038 3542 3207 3596 etiam
3240 3541 3395 3611 plura
3458 3540 3567 3595 dici

1987 3656 2148 3714 posse
2173 3640 2563 3732 sermo.brcvis
2593 3639 2815 3695 indicat.
2878 3637 3073 3707 Ecqute
3122 3636 3305 3699 enim,
3362 3643 3417 3691 et
3458 3637 3568 3698 cui,

1970 3716 2118 3789 Anam
2166 3716 2462 3804 martyrum
2521 3732 2591 3789 sit
2622 3747 2859 3802 unquam
2921 3731 3081 3801 plene
3136 3728 3297 3800 digna
3352 3727 3568 3790 oratio,

1995 3826 2290 3895 quibus,ut
2317 3826 2593 3895 scriptum,
2636 3832 2719 3879 est
2749 3824 2883 3894 (8),
2937 3837 3007 3877 ne
3062 3821 3298 3877 mundus
3350 3818 3571 3888 quidem

1998 3917 2194 3987 dignus
2216 3916 2607 3971 fuit?Vineunt
2653 3915 2799 3969 enim
2846 3914 2934 3968 isti
2982 3927 3358 3982 etquscunque
3382 3911 3573 3965 facun-

1998 4009 2100 4062 diae
2135 4022 2355 4061 suavem
2381 4006 2593 4068 tubam,
2625 4005 2717 4075 qui
2742 4020 2839 4073 pro
2874 4003 3059 4061 divino
3075 4003 3254 4057 Verbo
3292 4002 3574 4055 incarnato

2003 4110 2108 4156 tam
2176 4099 2438 4153 disertum
2480 4096 2847 4151 testimonium
2899 4095 3190 4159 dixerunt,
3244 4102 3300 4148 et
3354 4092 3575 4161 proprio

1998 4194 2260 4266 sanguine
2291 4201 2547 4261 tanquam
2584 4190 2731 4261 regio
2759 4190 2970 4253 colore,
3004 4203 3158 4243 suam
3181 4186 3575 4241 confessionem

2928 4284 3085 4353 cujus
3142 4283 3267 4337 vita:
3301 4280 3573 4351 quoddam

322 4496 536 4544 tuentes
570 4483 806 4539 Verbum
843 4482 1088 4540 divinum
1122 4482 1235 4552 (9).
1264 4480 1341 4534 lta
1370 4480 1512 4533 enim
1564 4479 1796 4533 maxime
1817 4518 1831 4542 ,
1857 4487 1911 4534 et
1942 4493 2049 4545 prae
2080 4477 2292 4537 caneris
2351 4475 2601 4529 omnibus
2653 4482 2761 4531 tam
2820 4471 2979 4527 nobis
3013 4470 3175 4541 ipsis,
3211 4484 3373 4539 quam
3421 4484 3577 4539 egre-

328 4579 416 4650 gio
470 4578 691 4647 martyri
736 4592 847 4631 rem
883 4583 1087 4646 gratam
1115 4590 1215 4629 nos
1244 4587 1364 4627 esse
1420 4573 1656 4625 facturos
1708 4570 2052 4635 conﬁdimus.

393 4654 593 4726 Τοῦτον
618 4673 790 4741 ἢγαγε
818 4670 913 4740 τῆς
939 4667 1197 4739 Περσίδος
1223 4665 1420 4736 τμῆμα
1450 4664 1548 4734 τὴν
1577 4663 1893 4733 ἐπωνυμίαν

2073 4660 2308 4717 Persidis
2333 4661 2480 4732 regio
2515 4659 2661 4714 hunc.
2708 4655 2881 4713 virum
2916 4653 3322 4726 produxitHO)
3358 4653 3576 4710 Καιροῦ

1837 4820 2061 4878 NOTAE.

382 4992 473 5061 ⁴(4)
516 4987 814 5057 Allegorice
865 4988 981 5041 haec
1011 4986 1175 5061 dicta
1216 4984 1573 5061 sunt,_quasi
1615 4980 1897 5061 llcraclius

327 5053 564 5117 Pisidam
610 5053 677 5115 ad
720 5057 1120 5113 eontexendum
1167 5063 1355 5110 sancto
1380 5053 1664 5107 Anastasio
1693 5065 1899 5121 przeco-j

329 5133 479 5187 nium
511 5133 759 5186 hortatus
794 5127 977 5181 Mosen
1020 5127 1194 5195 ipsum
1229 5124 1492 5187 retulerit,
1520 5124 1625 5195 qui
1657 5119 1900 5195 Beseleel

328 5202 683 5256 architectum
710 5200 775 5254 ad
801 5190 1176 5253 :edilieaudum
1196 5190 1625 5247 Tabernaeultim
1657 5190 1903 5248 foederis4

332 5274 443 5327 Deo
477 5271 724 5340 jubenle.
758 5269 954 5340 delegit
984 5286 995 5321 :
1035 5266 1198 5340 Exod.
1233 5281 1375 5328 xxvi,
1403 5265 1474 5340 23
1508 5283 1523 5312 ι
1549 5262 1684 5340 l'leee
1714 5260 1901 5340 vocavi

329 5360 395 5397 ex
441 5330 660 5395 nomine
712 5330 949 5394 licselevel
1002 5337 1359 5391 architectum
1403 5335 1469 5388 ad
1528 5330 1905 5386 aediﬁcandum

329 5410 592 5481 quidquid
638 5409 906 5465 fabreﬁeri
957 5416 1136 5478 potest
1177 5423 1243 5461 ex
1289 5421 1445 5471 auro,
1476 5413 1531 5458 et
1576 5408 1821 5472 argento,
1852 5410 1907 5454 et

331 5500 438 5537 tere
460 5523 474 5537 .
509 5500 525 5531 ι
561 5491 665 5534 etc.

687 5565 769 5611 cx,
807 5547 870 5602 10
906 5566 920 5602 :
961 5545 1128 5618 Ἀρχὴ
1157 5534 1347 5620 σοφίας
1382 5544 1542 5620 φόϐος
1572 5542 1795 5620 Κυρίου.

407 5613 481 5691 (θ’)
525 5620 648 5691 llzec
697 5621 765 5683 ad
812 5613 1168 5691 przeuotatain
1218 5613 1524 5691 allegoriam
1556 5613 1623 5667 de
1654 5622 1907 5667 constru-

333 5688 511 5748 ctione
534 5690 564 5743 Ἰ
581 5688 887 5745 ubernaculi
906 5690 1058 5743 facile
1087 5688 1270 5743 referri
1304 5696 1555 5756 possunt.

406 5759 484 5835 {7)
525 5763 729 5825 Πάντες
760 5761 815 5814 δέ
841 5804 849 5813 .
880 5800 891 5813 .
922 5759 1171 5830 .Aliquid
1200 5755 1390 5813 deesse
1429 5755 1655 5810 Videtur.

2078 4976 2153 5043 (8)
2195 4975 2360 5030 Hebr.
2395 4990 2478 5034 χι,
2505 4973 2594 5028 58.
2794 5042 2818 5043 η
3133 5038 3164 5043 __
3400 5036 3410 5043 -
3630 5009 3635 5013 .

2192 5046 2471 5116 consonat
2505 5045 2605 5116 hoc
2639 5042 2946 5116 exordium“
2990 5053 3079 5116 um
3133 5038 3367 5116 ila-quae
3399 5036 3451 5087 in
3487 5049 3581 5086 ve-

2009 5106 2215 5173 teribus
2249 5115 2454 5170 Latinis
2487 5113 2637 5167 Actis
2664 5111 2803 5180 apud
2836 5108 3152 5163 Bollandmu
3186 5106 3262 5161 sic
3293 5107 3580 5180 leguntur:

2015 5210 2033 5241 ι
2065 5189 2266 5241 llorum
2298 5202 2464 5239 unum
2504 5175 2713 5238 exstitit
2739 5190 2795 5236 et
2824 5188 3008 5234 noster
3035 5185 3322 5232 coronatur
3351 5175 3587 5227 Anasta-

2012 5260 2146 5318 sius,
2178 5250 2333 5325 cujus
2362 5255 2527 5309 vitam
2560 5254 2626 5309 ab
2662 5251 2818 5306 initio
2850 5264 3020 5319 usque
3051 5248 3114 5300 ad
3154 5248 3315 5299 linem
3343 5243 3584 5323 scribere

2010 5330 2188 5399 jussus
2241 5341 2398 5390 sum,
2437 5327 2613 5399 ipsum
2648 5326 3238 5399 praeponjanslestem',
3269 5328 3585 5399 quetnntpsc

2008 5382 2289 5454 confessus
2342 5382 2425 5450 est
2461 5382 2689 5457 'Dcum',
2744 5382 2798 5447 et
2850 5389 3134 5446 Dominum
3190 5382 3374 5441 Jesum
3427 5382 3583 5436 Chri-

2010 5479 2170 5525 stum.
2200 5485 2217 5517 ι

2088 5522 2194 5609 ζιο)
2235 5537 2292 5592 ιη
2338 5534 2500 5609 Actis
2542 5532 2804 5609 Dolionii"
2835 5541 2889 5585 et
2918 5529 3044 5609 alibi
3079 5527 3271 5609 Razetlt
3297 5565 3312 5588 ,
3351 5522 3583 5609 ,Πμδιξείι-Ξ

2014 5593 2217 5673 Πιιὶειὶ,
2251 5618 2303 5663 ct
2333 5623 2428 5677 pro
2464 5605 2681 5664 Rastmi,
2720 5593 2974 5664 Iluanimi,
2998 5610 3049 5657 et
3083 5613 3182 5669 pro
3210 5596 3337 5650 Bait
3388 5593 3488 5648 Bai
3531 5599 3587 5645 et

2015 5683 2157 5734 Hau.
