4146 6404
345 331 485 396 1685

1397 334 1571 396 VITA
1601 335 1664 396 S.
1695 334 2098 396 ANAS’I‘ASII
2137 335 2542 399 MARTYRIS.

3454 341 3588 407 1686

339 448 588 516 φέρεται,
625 442 836 516 τροφὴν
861 443 942 515 τῷ
970 443 1108 516 πυρὶ
1141 445 1515 516 προσενὲγκας
1549 445 1614 498 τὸ
1634 444 1906 515 πόλισμα·

2018 442 2147 496 urbe
2176 444 2382 510 relicta,
2415 454 2472 498 ut
2501 453 2643 499 esset
2672 444 2811 515 ignis
2835 444 3174 501 alimentum.
3208 446 3285 503 Ac
3319 458 3434 502 tum
3467 452 3588 518 qui-

337 537 460 588 τότε
487 534 555 587 τά
579 533 824 597 ζωοποιά
848 533 942 588 τού
975 535 1212 605 σταυροῦ
1242 534 1336 587 τοῦ
1365 533 1603 605 Χριστοῦ
1635 535 1732 588 καὶ⁵
1753 535 1911 605 τίμια

341 624 474 689 ξύλα
502 624 601 694 τὴν
638 623 872 695 τοπικὴν
898 625 1182 679 ἐποιοῦντο
1209 625 1345 695 πρὸς
1387 627 1453 696 τῇ
1485 626 1710 697 Περσίδι
1744 626 1913 696 μετά-

339 714 520 769 ϐάσιν.
556 716 622 768 Ὢ
652 715 973 788 παραδόξων
997 716 1293 788 θαυμάτων
1323 713 1653 789 ύπερδολαίί
1685 717 1762 781 ώς
1787 718 1916 771 ὑπο-

338 809 548 878 χείριος
576 809 605 861 ὁ
636 809 871 880 Χριστὸς
890 811 969 881 τῷ
996 811 1098 883 ᾅδῃ
1129 812 1516 883 προσέρχεται,
1537 812 1634 866 καὶ
1658 810 1914 866 σκυλεύει

339 899 434 952 τὸν
466 899 693 955 θάνατον
712 914 728 930 ο
767 901 842 965 ώς
877 903 1224 973 αἰχμάλωτος
1251 906 1279 957 ό
1303 903 1398 957 τοῦ
1443 905 1650 976 Κυρίου
1683 907 1914 976 σταυρὸς

341 990 583 1064 Πέρσαις
611 992 859 1064 ἀπήγετο
881 1033 898 1058 ,
945 995 1042 1050 καὶ
1074 993 1176 1064 τὴν
1223 995 1502 1067 Περσικὴν
1533 996 1916 1068 ἀνδραποδίζει

339 1083 663 1154 θρησκείαν,
694 1086 787 1139 τὸν
816 1085 1083 1157 ινσαρκον
1112 1085 1249 1158 ᾅδην
1279 1085 1630 1151 καταϐαλὼν,
1660 1088 1752 1142 τὸν
1787 1088 1919 1142 ἀλά-

340 1192 511 1247 στορα
561 1177 842 1250 τύραννον.
890 1178 1070 1232 Είκὼν
1107 1177 1217 1251 γὰρ
1259 1175 1329 1251 ἦν
1376 1179 1437 1233 τὸ
1478 1180 1761 1250 γινόμενον
1817 1185 1918 1253 τῆς

343 1267 573 1339 πρώτης
611 1267 706 1322 τοῦ
731 1267 966 1324 Θανάτου
996 1269 1341 1340 πορθήσεως.
1375 1268 1532 1323 Οὕτω
1575 1270 1678 1341 τῆς
1708 1270 1918 1343 πλάνης

339 1361 371 1410 δ
393 1359 485 1412 τοῦ
513 1361 720 1431 Κυρίου
753 1360 986 1431 σταυρὸς
1001 1359 1299 1432 διαρρήξας
1321 1361 1383 1414 τὸ
1404 1362 1682 1433 τείχισμα,
1703 1364 1799 1417 καὶ
1817 1364 1918 1428 τάς

343 1450 504 1514 ἀξίας
539 1451 735 1505 ἐαυτοῦ
767 1451 1067 1523 ζωγρήσας
1090 1451 1289 1522 ψυχάς,
1320 1452 1417 1506 τοῦ
1446 1453 1702 1524 ἀληθινοῦ
1738 1456 1919 1524 φωτὸς

342 1543 639 1612 ἐχαρίσατο
659 1543 758 1613 τὴν
787 1543 1111 1597 ἀπόλαυσιν⁸
1144 1543 1429 1614 ἐκλάμψας
1454 1545 1564 1616 γὰρ
1583 1549 1706 1610 ταῖς
1733 1549 1917 1602 ἀκτῖσι

343 1637 443 1704 τῆς
473 1633 625 1697 Θείας
649 1634 956 1705 δυνάμεως,
974 1633 1086 1688 τῶν
1113 1634 1213 1705 μὲν
1241 1635 1489 1688 ἀπίστων
1513 1637 1640 1701 τοὺς
1660 1639 1759 1708 τῆς
1777 1655 1915 1710 καρ-

338 1726 462 1789 δίας
495 1725 728 1797 ἐπληξεν
761 1725 1111 1794 ὀφθαλμούςο
1144 1725 1302 1796 δίκην
1328 1728 1646 1799 ἀστραπῆς,
1675 1731 1740 1799 τῇ
1773 1729 1915 1799 λαμ-

343 1818 596 1886 πρότητι,
645 1816 754 1872 τῶν
795 1816 852 1870 δὲ
897 1815 1107 1869 πιστῶν
1149 1816 1384 1885 ἐφώτισε
1429 1817 1531 1887 τῆς
1569 1817 1808 1883 διανοίας
1847 1820 1917 1874 τά

342 1907 587 1976 δμματα.
614 1908 775 1978 Φήμη
803 1907 860 1961 δέ
886 1907 984 1978 τὴν
1017 1907 1252 1979 Περσίδα
1267 1925 1351 1972 τις
1373 1908 1756 1980 διατρέχουσα,
1775 1928 1919 1982 παρ-

343 1999 483 2050 εῖναι
529 1999 620 2052 τὸν
664 1998 796 2051 Θεὸν
831 1999 939 2052 τῶν
985 1999 1350 2068 Χριστιανῶν,
1387 2000 1774 2071 διεκήρυττεν·
1820 2004 1917 2057 καὶ

343 2087 502 2140 τοῦτο
535 2090 753 2157 ἀγνοεῖν
784 2087 915 2156 ἐξῆν
951 2089 1162 2154 οὐδενὶ,
1191 2090 1290 2159 τὴν
1316 2089 1619 2160 παράδοξον
1647 2091 1917 2161 λεγόντων

342 2179 620 2244 ἀπάντων,
666 2180 761 2234 καὶ
808 2179 1119 2234 ἀκουόντων
1167 2181 1455 2251 διήγησινο
1521 2183 1668 2252 φιλεῖ
1700 2184 1810 2256 γὰρ
1847 2186 1918 2240 τά

349 2270 562 2339 μεγάλα
593 2271 703 2324 τῶν
731 2272 1114 2342 πραγμάτων,
1164 2273 1302 2343 μηδὲ
1345 2272 1444 2337 τὰς
1488 2275 1696 2347 μικρὰς
1745 2278 1918 2341 ἀκοάς

347 2361 817 2431 ἀποκρύπτεσθαι.
864 2362 1135 2433 Ἐνηχήθη
1180 2363 1362 2416 τοίνυν
1390 2364 1489 2436 τὴν
1516 2366 1612 2420 τοῦ
1644 2367 1915 2437 παναγίου

345 2451 584 2522 σταυροῦ
611 2451 706 2505 καὶ
748 2453 1077 2520 Μαγουνδάτ
1112 2453 1449 2524 παρουσίανο
1478 2456 1572 2510 καὶ
1603 2457 1703 2528 τὴν
1736 2458 1795 2526 ἐξ
1827 2460 1915 2512 αί-

343 2546 532 2611 μάτων
567 2542 836 2614 Ἐρυθρὰν
861 2544 970 2597 τῶν
992 2543 1264 2614 δαιμόνων
1287 2547 1586 2617 νηχόμενος
1619 2547 1912 2616 θάλατταν,

339 2635 499 2704 δίκην
536 2634 744 2700 κτενὸς,
783 2633 1116 2704 ἐφαπλώσας
1140 2636 1242 2707 τῆς
1273 2637 1516 2704 διανοίας
1546 2639 1648 2705 τὰς
1679 2642 1914 2712 πτύχας,

343 2725 599 2794 γλυκεῖαν
627 2727 885 2796 σταγόνα,
916 2728 1016 2800 τὴν
1046 2729 1237 2799 φήμην
1271 2730 1588 2800 δεξάμενος,
1639 2734 1722 2797 είς
1750 2735 1918 2788 πολύ·

340 2836 504 2889 τιμον
554 2819 695 2881 κατά
740 2819 935 2890 μικρὸν
974 2819 1271 2889 μετέϐαλεν
1305 2821 1608 2894 μάργαρον.
1668 2824 1744 2878 Ού
1805 2824 1915 2896 γάρ

343 2910 624 2982 παρῆλθεν
652 2909 750 2981 τὴν
780 2911 949 2982 ἀκοὴν
983 2911 1348 2966 ἀϐασάνιστον
1367 2927 1380 2941 ⁸
1419 2912 1556 2967 ἀλλὰ
1587 2916 1687 2985 τῆς
1726 2916 1916 2987 φήμης

341 3003 682 3073 γευσάμενος
710 3003 1070 3074 ἐμφορεῖσθαι
1113 3001 1210 3056 τοῦ
1255 3002 1413 3068 ξύλου
1445 3004 1546 3074 τῆς
1572 3007 1719 3076 ζωῆς
1754 3023 1916 3076 προσ·

339 3093 608 3163 εγλίχετο.
639 3088 708 3146 Ὧ
735 3092 912 3164 ὄρεξις
944 3091 1143 3163 ἀγαθὴ,
1174 3093 1268 3146 καὶ
1293 3092 1578 3159 πλεονεξία
1599 3109 1612 3123 ο
1642 3094 1914 3165 ὀφθαλμοὶ

339 3184 581 3255 ψυχικῆς
609 3183 1200 3256 καθαιρόμενοιξπηγῆς
1214 3183 1311 3255 τὴν
1338 3185 1630 3251 κατάνυξιν
1644 3187 1916 3257 ἀνακρού-

339 3298 485 3344 ουσι,
532 3283 628 3334 καὶ
671 3279 913 3348 γίνονται
963 3277 1184 3348 Σιλωάμ
1211 3278 1289 3347 τῷ
1316 3278 1561 3349 λογισμῷ
1580 3319 1595 3342 ,
1623 3279 1722 3349 τὴν
1755 3279 1914 3350 νοσήο

348 3391 478 3444 ματι
503 3371 856 3443 πηρωθεῖσαν
879 3369 1156 3440 ὑγιοῦντες
1182 3370 1443 3423 διάνοιαν.
1476 3371 1601 3435 Τοῖς
1635 3372 1785 3433 ναοῖς
1811 3370 1919 3422 τοί-

341 3480 440 3515 νυν
467 3464 494 3515 ό
522 3461 806 3532 ἄνθρωπος
836 3459 1133 3528 ἐπιφοιτῶν
1169 3458 1265 3512 τοῦ
1299 3457 1433 3510 Θεοῦ
1455 3499 1468 3522 ,
1496 3461 1606 3522 τοῖς
1637 3459 1746 3510 τῶν
1777 3475 1920 3530 μαρ-

343 3553 523 3625 τύρων
555 3551 952 3620 ἐνεγυμνάζετο
1001 3550 1358 3620 διηγήμασιν,
1405 3549 1796 3620 εὐδαιμονίζων
1852 3551 1920 3603 τά

345 3645 520 3713 πάθη,
551 3645 646 3698 καὶ
677 3642 858 3712 ζηλῶν
909 3642 1009 3712 τὴν
1053 3641 1346 3710 ὁμοίωσιν·
1399 3637 1520 3693 εἶτά
1568 3657 1620 3692 τι
1673 3643 1919 3710 περινοεῖ

350 3738 532 3807 μεῖζόν
565 3753 625 3789 τε
656 3736 752 3788 καὶ
780 3735 1072 3804 θειότερον,
1104 3733 1203 3804 τὴν
1231 3736 1287 3785 ἐν
1321 3731 1721 3803 Ἰεροσολύμοις
1753 3734 1916 3802 μετά-

346 3829 528 3890 ϐασιν,
561 3829 655 3881 καὶ
695 3827 791 3898 τὴν
831 3827 947 3879 ἐκεῖ
975 3825 1064 3879 διὰ
1109 3824 1203 3877 τοῦ
1237 3825 1504 3893 παναγίου
1537 3825 1919 3894 βαπτίσματος

347 3921 635 3990 κάθαρσιν.
681 3919 767 3982 Ὡς
795 3919 854 3970 δὲ
894 3917 1094 3988 πρᾶξις
1126 3918 1160 3986 ή
1199 3916 1376 3968 ἔννοια
1408 3916 1638 3983 γίνεται,
1682 3917 1777 3968 καὶ
1828 3916 1919 3984 βε-

345 4013 594 4085 ϐαιοῦται
629 4010 705 4080 τῷ
744 4010 964 4081 πέρατι,
1001 4009 1237 4071 καὶτοῖς
1274 4007 1668 4077 Ἰεροσολύμοις
1693 4006 1917 4075 ἐφίστα-

345 4121 472 4158 ται·
508 4102 754 4170 ξενοῦται
793 4102 924 4172 παρ’
976 4101 1131 4170 ἀνδρὶ
1172 4099 1270 4170 τὴν
1303 4100 1468 4170 αὐτὴν
1512 4099 1779 4168 ἐργασίαν
1811 4099 1918 4152 ἀπ-

345 4199 554 4266 άγοντι,
580 4195 678 4267 τὴν
705 4195 900 4264 τέχνην
925 4193 1000 4256 ὡς
1028 4194 1202 4246 εἰπεῖν
1221 4191 1437 4260 ἀδελφῷ
1464 4191 1560 4244 καὶ
1590 4191 1922 4261 χειραγωγῷ

346 4287 448 4357 τῆς
483 4287 683 4356 ἀμφοῖν
709 4285 1043 4354 οἰκειότητος
1063 4299 1077 4314 ⁸
1105 4284 1138 4355 ή
1170 4282 1284 4334 τῶν
1314 4282 1480 4348 ξένων
1522 4282 1631 4353 γὰρ
1671 4282 1919 4350 ἀγνωσία

348 4381 496 4449 φιλεῖ
518 4382 582 4450 τῇ
615 4377 877 4448 γνωρίμῳ
902 4375 1066 4446 τέχνῃ
1117 4373 1246 4445 παρ’
1286 4373 1609 4436 ἀλλοδαποῖς
1638 4374 1922 4436 είσοικίξεσ

2014 533 2138 588 dem
2161 535 2339 590 erucis
2360 535 2562 590 Christi
2587 535 2796 590 vivifica
2855 547 2911 592 et
2936 539 3167 607 pretiosa
3200 539 3344 611 ligna
3370 540 3424 594 in
3452 540 3588 594 Per-

2014 622 2185 677 sidem
2217 624 2687 694 transmigrarunt.
2730 623 2776 680 Ο
2815 639 2904 680 res
2933 626 3072 680 ultra
3104 627 3155 682 id
3179 628 3326 697 quod
3359 629 3589 682 credere

2014 715 2138 785 quis
2186 715 2359 786 possit
2401 731 2530 770 vere
2571 716 2947 772 admirabiles!
2997 726 3060 771 ut
3097 718 3261 772 morti
3321 718 3588 773 obnoxius

2013 805 2262 862 Christus
2303 807 2417 861 adit
2461 806 2755 872 infernum,
2799 816 2853 861 et
2903 808 3166 877 exspoliat
3213 819 3444 864 mortem
3480 828 3494 865 :
3531 819 3590 864 ut

2015 899 2228 982 captiva
2253 914 2386 981 crux
2417 899 2625 954 Domini
2650 915 2680 952 a
2702 900 2881 955 Persis
2901 900 3211 964 abducitur,
3235 911 3292 955 et
3313 901 3587 956 Persicam

2017 990 2132 1060 ipsa
2181 991 2347 1046 trahit
2397 991 2451 1045 in
2491 991 2858 1062 captivitatem
2905 993 3372 1065 superstitionem,
3421 1007 3588 1048 carne

2016 1082 2272 1138 vestitum
2301 1083 2599 1138 deturbans
2630 1083 2926 1150 infernum,
2953 1084 3378 1154 perditissimum
3401 1091 3588 1156 tyran-

2017 1191 2170 1230 num.
2212 1175 2420 1246 Nempe
2459 1175 2603 1242 quod
2643 1191 2817 1247 nuper
2862 1175 3063 1231 factum
3114 1185 3215 1241 est,
3258 1176 3362 1231 fuit
3397 1177 3587 1246 prima:

2017 1267 2409 1322 devastationis
2459 1268 2646 1322 mortis
2695 1269 2890 1338 imago.
2936 1267 3090 1322 Sicut
3143 1268 3294 1323 enim
3337 1268 3586 1324 Christus

2017 1359 2145 1412 olim
2193 1356 2469 1413 devicerat
2514 1368 2768 1422 mortem,
2815 1358 2886 1412 ita
2935 1358 3149 1412 Domini
3202 1374 3334 1412 crux
3383 1360 3585 1414 erroris

2017 1447 2244 1503 effracto
2277 1448 2700 1518 propugnaculo.
2729 1450 2940 1504 animas
2977 1463 3040 1504 se
3089 1451 3280 1521 dignas
3319 1451 3491 1516 vivas,
3529 1459 3586 1505 et

2019 1540 2320 1595 incolumes
2353 1540 2560 1606 eduxit,
2587 1549 2645 1598 et
2685 1545 2751 1597 ad
2791 1559 2932 1598 verae
2981 1544 3116 1600 lucis
3160 1534 3412 1615 gaudium
3455 1558 3584 1614 pro-

2021 1631 2230 1685 traxit:
2264 1631 2464 1686 divinae
2499 1632 2644 1686 enim
2688 1633 2905 1690 virtutis
2947 1635 3204 1689 immissis
3249 1635 3434 1702 radiis,
3474 1649 3585 1688 non

2016 1724 2366 1779 credentibus
2403 1724 2620 1794 quidem
2656 1726 2834 1780 cordis
2876 1727 3082 1791 oculos,
3119 1726 3347 1797 fulguris
3388 1726 3581 1791 instar,

2020 1831 2115 1870 sua
2154 1815 2399 1870 claritate
2446 1817 2734 1885 percussit,
2770 1817 3119 1874 credentibus
3159 1828 3343 1873 autem
3387 1817 3584 1872 mentis

2020 1907 2206 1961 oculos
2247 1906 2591 1962 illuminavit.
2634 1907 2846 1963 Interea
2889 1908 3028 1963 fama
3061 1925 3160 1980 per
3203 1917 3367 1963 totam
3402 1908 3585 1962 Persi-

2017 1998 2140 2054 dem
2174 1998 2441 2068 divagata,
2473 1999 2663 2056 adesse
2698 2000 2866 2055 Deum
2903 2001 3336 2056 Christianorum
3373 2001 3587 2069 depra-

2017 2089 2258 2156 dicabat;
2288 2091 2449 2160 idque
2481 2091 2683 2147 nemini
2716 2092 2965 2163 ignorare
3003 2093 3085 2148 fas
3109 2101 3244 2156 erat,
3271 2108 3395 2147 cum
3431 2093 3500 2146 de
3527 2107 3586 2146 rc

2020 2190 2128 2236 tam
2151 2182 2466 2237 admiranda
2497 2198 2688 2238 omnes
2710 2184 2910 2254 passim
2936 2185 3307 2254 loquerentur,
3334 2183 3588 2237 audirent

2016 2289 2228 2330 omnes.
2268 2274 2458 2330 Solent
2493 2273 2640 2331 enim
2696 2276 2952 2346 przeclara
2995 2275 3135 2330 facta
3180 2291 3250 2329 ne
3293 2288 3586 2346 parvarum

2017 2364 2236 2434 quidem
2286 2365 2497 2418 aurium
2539 2364 2779 2436 effugere
2829 2363 3093 2419 auditum.
3134 2363 3387 2418 Pervenit
3424 2361 3587 2434 igitur

2016 2458 2180 2513 etiam
2221 2457 2290 2512 ad
2334 2455 2624 2528 Magundat
2667 2471 2852 2510 rumor
2901 2456 2970 2511 de
3016 2454 3370 2511 sanctissima:
3409 2452 3588 2509 erucis

2018 2549 2305 2620 prasentia
2337 2564 2349 2600 :
2381 2547 2471 2604 ille
2515 2554 2699 2602 autem
2740 2547 2794 2600 in
2835 2546 3001 2601 rubro
3027 2560 3094 2600 ex
3126 2545 3386 2616 sanguine
3429 2544 3586 2598 inna-

2017 2650 2140 2695 tans
2163 2641 2468 2696 damonum
2501 2638 2659 2703 mari,
2686 2637 2942 2707 expansis
2973 2637 3145 2691 instar
3173 2636 3395 2691 concha:
3431 2650 3588 2688 men-

2015 2733 2085 2787 tis
2118 2732 2307 2796 valvis,
2336 2732 2548 2787 dulcem
2591 2738 2817 2801 guttam,
2858 2729 3053 2782 famam
3100 2728 3326 2797 recepit,
3358 2741 3589 2795 eamque

2015 2825 2176 2896 paulo
2211 2833 2334 2895 post
2371 2824 2425 2878 in
2455 2822 2746 2893 pretiosam
2776 2821 3124 2892 margaritam
3152 2819 3439 2874 convertit.
3471 2817 3588 2871 Non

2016 2919 2165 2972 enim
2203 2918 2348 2989 quod
2371 2919 2604 2987 primum
2626 2918 2676 2972 ei
2711 2916 3045 2977 subolucrat,
3071 2913 3466 2984 inexploratum
3500 2924 3588 2963 re-

2015 3007 2214 3077 liquit:
2249 3008 2343 3062 sed
2371 3022 2495 3063 cum
2537 3021 2604 3061 ex
2636 3005 2774 3060 fama
2818 3005 2949 3075 quid
2980 3013 3125 3060 esset
3166 3003 3385 3056 allatum
3419 3001 3589 3071 degu-

2018 3107 2238 3165 stasset,
2294 3099 2439 3170 ligno
2482 3099 2605 3153 vitae
2651 3098 2854 3169 expleri
2902 3095 3182 3166 appetivit.
3232 3094 3275 3150 Ο
3305 3094 3590 3149 laudabilis

2019 3193 2312 3262 appetitus,
2336 3200 2393 3246 et
2427 3191 2654 3245 aviditas
2700 3191 2871 3245 bona!
2914 3188 3065 3244 Oculi
3093 3206 3123 3243 a
3158 3187 3384 3257 spiritali
3437 3187 3588 3241 fonte

2018 3285 2230 3356 purgati
2270 3293 2557 3341 veternum
2598 3283 2900 3346 excutiunt,
2926 3289 2980 3336 et
3027 3281 3162 3335 fiunt
3208 3280 3402 3334 rationi
3442 3278 3588 3333 Siloe

2021 3375 2168 3445 (l5),
2224 3383 2459 3429 mentem
2530 3380 2852 3427 excaecatam
2913 3369 3106 3422 morbo
3157 3375 3432 3422 sanantes.
3504 3363 3586 3417 Ad

2021 3466 2217 3535 templa
2257 3464 2419 3536 igitur
2458 3462 2548 3518 Dei
2593 3478 2716 3517 cum
2761 3461 2926 3515 homo
2970 3458 3224 3529 coepisset
3273 3457 3588 3525 frequenter

2018 3559 2330 3623 convenire,
2359 3559 2410 3611 in
2454 3555 2824 3613 auscultaudis
2884 3553 3345 3623 inspiciendisque
3387 3557 3588 3619 marty-

2019 3665 2139 3704 rum
2189 3648 2314 3703 vitis
2359 3648 2588 3702 multum
2644 3645 3052 3709 immorabatur,
3092 3658 3186 3697 eos
3233 3643 3398 3710 ipsos.
3443 3640 3586 3710 quod

2019 3741 2163 3812 passi
2199 3749 2402 3806 essent,
2439 3741 2628 3794 beatos
2658 3737 2977 3808 praedicans,
3015 3750 3180 3804 seque
3218 3732 3320 3786 illis
3357 3731 3588 3786 similem

2019 3833 2196 3887 facere
2232 3832 2475 3886 studens.
2508 3830 2740 3883 Proinde
2764 3829 2938 3896 majus
2969 3825 3225 3895 quiddam
3276 3833 3331 3876 et
3351 3821 3591 3876 divinius

2019 3921 2238 3975 molitus
2276 3921 2480 3983 animo,
2523 3918 2949 3987 Hierosolymam
2991 3929 3047 3968 se
3085 3912 3400 3974 transferre,
3427 3921 3591 3980 atque

2022 4012 2095 4064 ibi
2131 4025 2226 4079 per
2250 4020 2495 4064 sanctum
2531 4007 2797 4077 baptisma
2833 4005 3080 4058 mundari
3117 4004 3398 4058 deliberat.
3446 4003 3594 4068 Quo-

2021 4103 2166 4156 niam
2197 4117 2328 4155 vero
2356 4100 2500 4169 quod
2540 4109 2722 4154 mente
2749 4099 3074 4167 concipitur,
3107 4105 3230 4151 actu
3264 4097 3587 4164 completur,

2020 4203 2076 4247 et
2123 4193 2365 4246 firmatur
2409 4190 2578 4253 exitu,
2627 4190 2743 4260 ipse
2787 4205 2845 4244 se
2892 4187 3281 4258 Hierosolymis
3313 4187 3472 4239 sistit.
3515 4185 3613 4243 lbi...

2021 4284 2162 4354 apud
2187 4283 2433 4354 ejusdem
2456 4281 2656 4351 opiﬁcii
2685 4281 2860 4335 virum
2890 4281 3022 4352 (Μ),
3049 4294 3209 4349 quem
3241 4277 3373 4332 artis
3402 4276 3600 4328 simili.

2022 4375 2209 4430 tudine
2238 4384 2479 4445 spectata
2512 4374 2733 4428 fratrem
2757 4374 2990 4440 diceres,
3019 4370 3288 4440 excipitur
3313 4368 3546 4437 hospitio
3565 4386 3591 4420 .:

347 4472 496 4537 σθαι,
536 4472 631 4524 καὶ
660 4466 1033 4540 προλαμϐάνει
1061 4467 1158 4536 τὴν
1188 4464 1475 4535 συνήθειαν
1511 4464 1604 4517 τοῦ
1636 4463 1917 4534 ἐπιτηδεύ-

2021 4483 2111 4522 ars
2145 4466 2346 4536 quippe
2379 4465 2481 4518 fuit
2511 4464 2755 4533 utrisque
2787 4462 3173 4517 familiaritatis
3201 4459 3596 4529 eonjungendm

349 4578 520 4632 ματος
553 4563 586 4630 ή
620 4559 911 4630 ὁμοίωσις,
940 4556 1095 4624 ἄφνω
1139 4554 1559 4626 προσοικειούσα
1611 4555 1739 4618 τοὺς
1782 4556 1920 4632 πόρτ

351 4629 543 4726 ρωθεν.
576 4629 779 4721 γΤούτῳ
833 4650 1182 4719 παραγυμνοῖ
1228 4648 1318 4700 τὸν
1366 4647 1660 4715 θεάρεστον
1703 4629 1920 4718 ἐρωταῗ

301 4779 307 4784 .
349 4744 605 4814 προπηδᾷ
633 4741 742 4809 γὰρ
771 4743 872 4810 τῆς
915 4736 1160 4808 γλώττης
1198 4738 1286 4790 ἀεὶ
1320 4739 1380 4789 τὸ
1421 4737 1786 4808 ποθούμενον,
1823 4739 1919 4792 καὶ

348 4838 603 4908 τυραννεῖ
649 4833 747 4904 τὴν
787 4831 1048 4897 διάνοιαν,
1104 4832 1153 4884 εί
1193 4831 1287 4884 καὶ
1318 4829 1473 4899 τύχοι
1520 4829 1757 4899 μάλιστά
1801 4847 1918 4894 πως

349 4928 637 4984 ἐπαινετοῦ
681 4943 826 4988 τινος
864 4925 1196 4991 ἀξιώματος.
1240 4923 1298 4975 Ὀ
1329 4923 1386 4976 δὲ
1410 4922 1508 4993 τὴν
1556 4921 1736 4976 ἔνθεον
1779 4923 1916 4977 ἀπο-

350 5018 638 5088 θαυμάσας
671 5014 988 5083 ἐκπύρωσιν
1016 5012 1193 5082 Ἠλίᾳ,
1227 5011 1305 5083 τῷ
1335 5011 1436 5081 τῆς
1465 5013 1624 5081 ἁγίας
1663 5013 1923 5067 Ἀναστά-

353 5127 492 5172 σεως
522 5109 678 5179 ἱερεῖ,
705 5105 1000 5174 καλλίστην
1031 5105 1313 5174 ἀποφορὰν
1337 5104 1430 5156 τὸν
1463 5104 1750 5175 ἄνθρωπον
1781 5106 1921 5175 ήγα-

286 5263 292 5268 _
350 5217 482 5269 γεν·
533 5201 590 5264 ὸς
649 5199 940 5268 πατρικοῖς
993 5195 1344 5264 σπλάγχνοις,
1397 5190 1484 5248 οἷα
1539 5196 1675 5249 Θεοῦ
1724 5197 1920 5266 δῶρον,

351 5291 604 5362 ἁσμένως
634 5289 796 5344 αὑτὸν
841 5284 1296 5357 προσδεξάμενος,
1346 5285 1604 5356 Μοδέστῳ
1629 5286 1708 5357 τῷ
1757 5289 1920 5343 ὁσιω-

2025 4575 2207 4614 causa.
2253 4557 2442 4613 Solent
2483 4557 2629 4611 enim
2680 4555 2976 4626 peregrini,
3021 4569 3128 4607 non
3181 4553 3314 4605 alias
3364 4550 3593 4603 invicem

2024 4650 2160 4714 noti,
2199 4649 2505 4706 communis
2548 4648 2775 4718 alicuius
2820 4651 2954 4703 artis
2992 4646 3302 4718 cognitione
3350 4641 3402 4695 in
3450 4650 3595 4694 terra

2024 4751 2279 4798 extranea
2309 4741 2582 4796 conciliari
2611 4759 2624 4793 :
2651 4756 2777 4794 nam
2809 4740 3053 4811 ejusdem
3087 4737 3317 4792 instituti
3361 4733 3597 4788 affinitas

2024 4835 2090 4890 ad
2118 4833 2565 4890 consuetudinem
2594 4833 3022 4887 contrahendam
3061 4831 3273 4884 animos
3304 4835 3592 4898 pra-parat,

2023 4940 2118 4980 eos
2139 4926 2283 4996 ipsos
2303 4923 2394 4994 qui
2420 4923 2577 4994 longe
2596 4921 2773 4977 dissiti
2794 4930 2940 4986 sunt,
2966 4921 3021 4974 in
3045 4935 3212 4974 unum
3234 4919 3595 4989 conjungens.

2021 5014 2160 5070 Huic
2188 5015 2275 5068 ille
2300 5014 2418 5068 viro
2442 5029 2598 5067 suum
2629 5012 2683 5066 in
2715 5011 2883 5064 Deum
2915 5024 3156 5064 amorem
3188 5008 3428 5078 detegit;
3461 5022 3590 5060 nam

2020 5109 2164 5179 quod
2212 5106 2499 5176 expetitur,
2536 5113 2595 5157 ut
2647 5104 2939 5173 plurimum
2992 5103 3170 5173 lingua
3218 5101 3488 5161 excidere,
3538 5108 3593 5152 ct.

2022 5208 2257 5255 mentem
2286 5207 2540 5267 torquere
2574 5195 2729 5258 solet,
2764 5195 3064 5265 przesertim
3106 5209 3229 5247 cum
3268 5189 3590 5243 laudabilem
3685 5226 3690 5230 .

2020 5288 2305 5359 quamdam
2337 5285 2652 5357 dignitatem
2713 5285 2926 5354 assequi
2972 5283 3094 5353 quis
3149 5281 3438 5336 desiderat.
3498 5276 3594 5330 llic

1829 5452 2054 5508 NOTIE.

426 5607 536 5673 (l3)
575 5606 729 5660 Joau.
764 5623 849 5665 Ix.
881 5609 934 5662 7.

425 5679 538 5746 (ll)
579 5677 712 5730 Nunt
758 5692 855 5746 pro
901 5678 1166 5744 ἀπάγοντι
1199 5676 1482 5743 legendum
1512 5677 1877 5746 ἀπεργάζοντι
1902 5680 1922 5729 '?

351 5748 728 5820 Argentariam
760 5745 940 5803 fuisse
986 5758 1196 5814 artem,
1230 5763 1333 5818 qua
1366 5761 1422 5800 se
1455 5745 1690 5814 primum
1727 5746 1917 5802 Hiera-

2033 5610 2160 5679 poli,
2181 5627 2242 5660 ac
2271 5609 2466 5662 deinde
2492 5605 2866 5678 llicrosolymue
2895 5603 3134 5661 exercuit
3164 5600 3218 5655 Β.
3257 5598 3589 5663 Anastasius.

2031 5681 2272 5736 referunt
2307 5679 2456 5733 Acta.
