4152 6290
413 189 424 206 ’
514 239 654 305 ιθδτ

1831 228 2154 290 GEORGII
2185 228 2334 288 I’lSl
2345 229 2460 288 DxE

3641 221 3793 286 1688

506 364 689 408 autem
735 349 978 406 divinum
1020 349 1077 402 in
1121 359 1188 403 eo
1225 345 1525 401 admiratus
1573 343 1844 406 ardorem,
1901 355 2083 396 coram

2221 338 2332 407 ἀτῳ
2362 341 2770 412 προσήνεγιεν,
2800 340 2862 393 τὸ
2902 341 3002 410 μὲν
3048 341 3330 408 isonat.be
3380 336 3603 407 ἀξίωμα
3649 354 3794 406 πρε-

509 443 625 498 Elia
665 441 719 495 in
749 440 865 496 ade
902 447 1105 494 saneta:
1141 434 1578 492 Resurrectionis
1624 432 1940 503 presbytero
1979 430 2090 502 (15)

511 533 936 603 pulcherrimam
958 530 1287 586 oblationem
1315 527 1592 583 hominem
1623 524 1801 590 sistit;
1836 522 1928 593 qui
1957 537 2084 576 eum

513 621 756 693 paternis
779 621 1099 686 visceribus‘,
1127 620 1278 675 velut
1305 618 1396 673 Dei
1423 617 1648 681 donum,
1674 615 1832 670 hctus
1851 613 2092 682 excepit,

514 725 570 771 et
616 714 860 770 Modesto
902 713 1016 783 (l6)
1058 711 1406 768 sanctissimo
1435 710 1576 773 viro,
1623 708 1677 762 in
1721 706 2093 762 ecclesiastica

515 804 778 873 dignitate
824 803 1112 868 sacerdoti,
1149 801 1347 857 obtulit
1387 800 1521 869 (l7),
1557 798 1648 868 qui
1698 805 1830 851 tunc
1872 795 2093 866 quidem

517 895 800 964 apostolici
847 895 1028 949 throni
1075 902 1194 948 erat
1251 900 1476 955 custos,
1521 889 1686 959 paulo
1739 897 1924 942 autem
1971 892 2097 957 post

520 986 840 1041 hiet-ambis:
886 985 1056 1054 ipsius
1097 992 1277 1039 rector
1329 992 1387 1038 et
1427 983 1765 1054 gubernator
1810 978 1932 1034 fuit.
1985 977 2096 1032 Sed

520 1077 669 1132 hunc
698 1087 854 1132 antea
881 1077 1123 1147 ejusdem
1148 1076 1384 1148 generis,
1415 1085 1470 1130 et
1495 1073 1644 1129 falsis
1673 1071 1952 1142 religionis
1977 1071 2097 1125 viro

521 1168 900 1236 conjunxerat.
942 1168 1106 1222 veluti
1157 1167 1428 1237 quoddam
1480 1180 1579 1236 par
1623 1167 1881 1228 electum,
1911 1163 2098 1218 divino

522 1260 864 1330 baptismatis
894 1261 1017 1331 igne
1055 1260 1392 1315 offerendum
1431 1259 1484 1312 in
1519 1257 1897 1312 holocaustum
1938 1253 2099 1308 Chri-

521 1359 626 1412 sto.
661 1352 814 1420 quasi
860 1352 998 1407 alter
1026 1352 1174 1406 Elias
1217 1351 1537 1419 trinaaqua
1579 1348 1844 1403 dissectas
1894 1344 2100 1399 hostias

523 1442 823 1498 incendens
853 1443 986 1513 (18).
1027 1443 1238 1499 Exinde
1275 1442 1442 1504 enim,
1483 1439 1579 1510 qui
1632 1439 1744 1493 duo
1773 1437 2101 1492 videbantur

523 1532 576 1586 in
607 1533 822 1588 diversa
853 1535 1106 1589 membra
1135 1533 1398 1595 distincti,
1431 1530 1678 1599 ejusdem
1706 1527 1873 1581 animi
1903 1526 2101 1580 volun-

523 1633 635 1680 tate
670 1641 838 1680 unum
876 1626 1034 1691 ﬁunt,
1081 1625 1298 1695 utrique
1341 1624 1408 1678 ad
1443 1623 1723 1678 caelestem
1757 1619 1926 1674 vitam
1979 1617 2098 1688 pari

2201 430 2470 503 σϐυτὲρῳ,
2503 431 2711 503 φύλακι
2741 432 2799 486 δὲ
2828 432 2900 486 τὸ
2940 431 3244 503 τηνικαῦτα
3283 429 3383 483 τοῦ
3427 427 3792 483 ἀποστολικοῦ

2199 522 2391 592 Θρόνου
2451 523 2801 594 τυγχάνοντι,
2856 524 2978 592 μετ’
3023 523 3088 575 οὐ
3138 521 3277 576 πολὺ
3325 519 3384 574 δὲ
3439 521 3535 574 καὶ
3588 519 3792 580 αὐτοὺς

2193 612 2536 668 διευθύναντι
2565 615 2665 684 τῆς
2691 615 2979 687 ίεραρχίας
3026 616 3157 677 τοὺς
3182 613 3408 675 οἴακας
3434 609 3626 664 τοῦτον
3659 611 3796 678 ὀμο-

2196 706 2390 777 τρόπῳ
2413 706 2476 760 τὸ
2505 707 2683 775 γένος,
2724 708 2821 761 καὶ
2849 706 2949 778 τὴν
2990 705 3291 777 θρησκείαν
3332 703 3581 772 συνάψας
3605 701 3793 765 ἀνδρὶ,

2195 795 2390 869 ὥσπερ
2443 814 2496 851 τι
2541 796 2736 865 ζεῦγος
2768 796 3093 868 ἀμώμητον,
3143 794 3223 865 τῷ
3267 793 3491 865 Χριστῷ
3533 794 3610 862 τῷ
3661 792 3797 863 Θεῐῳ

2199 889 2338 959 πυρὶ
2373 888 2471 942 τοῦ
2508 888 2886 960 βαπτίσματος
2915 887 3312 948 ὸλοκαυτωθὲν.
3339 884 3430 941 οἷά
3460 884 3792 949 rt;"H1i::;

2192 980 2444 1035 ἐκκαίων
2478 979 2632 1036 ὕδατι
2662 979 2924 1053 τριαδικῷ
2963 981 3032 1036 τὰ
3063 980 3509 1051 διχοτομήματα.
3543 980 3646 1032 Ἕν
3682 978 3798 1046 γὰρ

2197 1071 2483 1126 κάνταῦθα
2501 1072 2606 1144 τὴν
2631 1072 2859 1143 γνώμην
2888 1074 2938 1126 οἱ
2971 1072 3253 1143 ἅνθρωποι
3281 1072 3362 1134 εἰς
3381 1069 3618 1140 διάφορα
3653 1067 3798 1137 μέλη

2201 1161 2520 1230 φαινόμενοι
2554 1161 2798 1231 γίνονται
2819 1177 2836 1193 ο
2875 1160 3172 1230 τοιγαροῦν
3219 1159 3314 1221 καὶ
3366 1160 3460 1213 τὸν
3511 1159 3626 1214 ἄνω
3679 1157 3799 1227 βίον

2197 1253 2494 1322 ἐφάμιλλοι
2525 1253 2618 1307 τὸν
2651 1253 2746 1306 τοῦ
2800 1253 3104 1324 μαρτυρίου
3159 1253 3427 1322 στέφανον
3465 1251 3561 1303 ἐπὶ
3587 1248 3793 1318 καιροῦ

2198 1344 2584 1416 περιθέμενοι·
2613 1339 2688 1399 ὧν
2718 1345 2952 1416 Θάτερος
2975 1346 3071 1416 μὲν
3104 1343 3373 1415 ἀνδρείως
3406 1343 3671 1412 ἑνέδεστη
3708 1340 3801 1394 διὰ

2201 1435 2440 1507 ,σταυροῦ
2466 1437 2594 1502 τοὺς
2613 1435 2834 1505 ἀγῶνας
2860 1437 2957 1506 τῆς
2989 1436 3228 1496 πίστεως
3257 1434 3558 1500 ἔνεδέξατο,
3599 1434 3662 1485 ἐν
3701 1432 3798 1486 οὑ-

2200 1527 2354 1600 ρανῷ
2385 1529 2589 1600 στήσας
2619 1529 2720 1599 τῆς
2743 1529 3032 1592 εὐσεσείας
3069 1528 3133 1581 τὸ
3177 1527 3468 1596 τρόπαιονθ
3516 1527 3548 1579 6
3575 1525 3635 1578 δὲ
3668 1512 3800 1578 καθ’

2203 1623 2354 1692 ἡμᾶς
2383 1621 2695 1686 καλλίνικος
2723 1621 2967 1692 ἀθλητὴς
2995 1622 3054 1674 ὲν
3115 1620 3338 1692 Περσίδι
3377 1617 3796 1689 κατηγωνίσατο

526 1716 710 1772 studio
737 1719 1152 1780 contendentes,
1199 1717 1418 1786 utrique
1462 1713 1626 1768 etiam
1671 1710 1912 1782 martyrii
1948 1724 2109 1764 coro-

2215 1714 2301 1768 τὺν
2329 1714 2625 1769 ἀντίπαλον
2643 1731 2658 1746 ·
2693 1713 2830 1769 ἀλλὰ
2873 1713 2984 1785 γὰρ
3015 1713 3188 1784 ἄμφω
3218 1713 3316 1785 μὲν
3347 1715 3377 1766 ὁ
3402 1711 3565 1781 λόγος
3613 1711 3758 1780 τιμᾷ
3778 1726 3793 1739 ⁹

526 1823 655 1863 nam
702 1809 801 1865 sibi
866 1811 1210 1880 imponentes
1266 1815 1573 1878 opportune
1617 1821 1633 1859 :
1677 1819 1908 1875 quorum
1971 1805 2109 1858 alter

2215 1807 2276 1860 οὐ
2306 1806 2770 1878 μὴνὰγωνίζεται
2808 1805 3058 1860 δίαυλον·
3089 1807 3256 1879 ἀρκεῖ
3275 1807 3390 1878 γὰρ
3421 1802 3572 1875 αὐτῷ
3621 1819 3798 1857 κατα-

525 1900 743 1968 quidem
804 1901 930 1958 ﬁdei
981 1901 1278 1956 certamina
1325 1899 1556 1955 viriliter
1599 1896 1708 1967 (l9)
1759 1895 2002 1966 suscepit
2049 1895 2102 1950 in

2215 1896 2490 1970 τολμῆσαι
2521 1898 2659 1968 πρὸς
2683 1898 2922 1953 στάδιον.

527 2007 712 2055 cruce,
775 2008 840 2048 ac
895 2008 1008 2048 suae
1047 1991 1267 2063 pietatis
1327 2000 1593 2061 tropaeum
1627 1987 1917 2043 collocavit
1955 1986 2010 2041 in
2052 1987 2190 2042 caelo
2228 1986 2378 2058 (90);
2426 1996 2616 2043 noster
2659 1996 2840 2044 autem
2889 1988 3115 2044 illustris
3170 1988 3374 2043 athleta
3421 1984 3798 2042 adversarium

528 2087 729 2143 devicit
765 2088 820 2142 in
850 2089 1094 2146 Perside.
1152 2087 1354 2143 Verum
1385 2088 1533 2141 enim
1573 2100 1705 2139 vero
1748 2084 1943 2139 ambos
2000 2095 2316 2151 veneratur,
2357 2093 2417 2141 et
2469 2085 2600 2141 colit
2657 2086 2863 2153 oratio;
2930 2087 3028 2142 sed
3074 2101 3184 2140 non
3221 2086 3453 2142 duorum
3494 2083 3799 2140 stadiorum

529 2181 641 2250 l2|)
686 2196 906 2238 cursum
956 2183 1094 2239 inire
1134 2180 1435 2249 contendit,
1484 2179 1685 2236 sullicit
1731 2179 1877 2233 enim
1929 2178 2003 2234 illi
2055 2180 2101 2234 si
2143 2195 2312 2236 unum
2344 2181 2721 2238 tantummodo
2752 2181 2990 2238 stadium
3020 2182 3290 2238 coniicere
3323 2181 3542 2236 audeat.

2043 2385 2280 2443 NOTAﬂ.

604 2542 714 2611 (l5)
755 2541 970 2596 Sancta:
993 2539 1434 2596 Resurrectionis
1458 2541 1742 2612 templum,
1765 2541 1944 2612 inquo
1968 2543 2112 2598 Elias

533 2612 1322 2686 presby'ter_yers_abatur,_una
1365 2627 1488 2686 cum
1518 2612 1638 2666 aliis
1667 2611 2111 2686 llierosolymitao

533 2680 622 2739 itis
644 2680 886 2736 ecclesiis
911 2680 1151 2735 Chosroa
1183 2681 1296 2752 fere
1314 2682 1552 2752 penitus
1575 2692 1889 2752 everterat.
1917 2680 2010 2738 si-d
2047 2685 2113 2736 il-

535 2754 627 2875 ἔρα
663 2761 794 2875 tuine
827 2752 1171 2807 restaurabat
1207 2749 1482 2808 Modestus
1505 2793 1519 2818 ,
1555 2751 1623 2806 de
1651 2767 1760 2821 quo
1789 2767 1911 2806 mox
1943 2768 2114 2822 pauca

577 2839 692 2875 icen
736 2837 786 2875 a.

535 2826 786 2880 dicenda.

611 2894 720 2963 (16)
761 2892 896 2946 Cum
915 2891 1206 2963 Zacharias
1236 2890 1765 2963 Hierosolymitanus
1799 2892 2110 2961 patriarcha

537 2965 593 3020 in
627 2961 900 3017 Persidem
929 2973 1074 3016 esset
1098 2962 1324 3026 ductus,
1356 2962 1539 3032 ibique
1582 2961 1870 3032 durissima
1919 2963 1974 3017 in
2017 2980 2110 3018 ca-

2213 2543 2436 2610 έδειξενο
2470 2562 2488 2595 ι
2517 2543 2946 2614 Hierosolymam
2969 2543 3248 2614 prolectus
3279 2552 3382 2608 est,
3409 2558 3584 2613 eaque
3609 2543 3799 2600 Mode-

2216 2625 2302 2672 sto
2351 2630 2568 2670 summo
2613 2615 2879 2685 pontiﬁci.
2908 2615 3137 2683 ejusque
3186 2615 3336 2670 clero
3383 2616 3734 2669 monstravit.
3775 2635 3795 2665 ι

2215 2685 2395 2751 Quare
2461 2687 2685 2740 omnino
2759 2685 3165 2740 assentiendum
3225 2685 3557 2754 Lequienio,
3614 2686 3803 2741 Oriens

2217 2755 2412 2809 Christ.
2452 2764 2490 2808 t.
2518 2754 2605 2820 Ill,
2639 2771 2693 2824 p.
2721 2754 2848 2818 256,
2879 2755 2968 2824 qui
2999 2755 3050 2808 in
3083 2757 3510 2825 patriarcharum
3542 2754 3803 2810 Hieroso-

2215 2825 2600 2896 lymitanorum
2618 2825 2946 2896 recensione
2975 2825 3115 2896 inter
3134 2825 3448 2896 zachariam
3476 2833 3531 2879 et
3559 2826 3806 2895 Sophro-

2217 2893 2371 2951 tiium
2403 2897 2579 2950 locum
2613 2895 2857 2950 Modesto
2889 2895 3148 2965 assignat.
3184 2893 3288 2949 Sed
3328 2910 3438 2949 non
3485 2897 3616 2949 item
3640 2893 3800 2950 'con-

2217 2967 2518 3036 cedendum
2572 2965 2869 3036 Lequienio
2889 3005 2903 3028 ,
2923 2967 3070 3036 quod
3098 2965 3296 3020 ibidem
3327 2965 3394 3020 de
3419 2980 3520 3020 suo
3541 2965 3799 3030 atlirmat,

536 3033 784 3115 ptivitate
811 3032 1221 3115 quatuor-decim
1269 3031 1536 3115 annorum
1566 3031 1763 3115 .spatio
1797 3033 2051 3115 detentus
2082 3049 2112 3088 a
2142 3052 2188 3115 η
2219 3034 2522 3115 Modestum
2545 3077 2560 3102 ,
2589 3031 2891 3115 cumsedis
2922 3031 3420 3115 Hierosolymitanm
3447 3036 3804 3115 administra-

537 3102 801 3165 tlhosroa,
829 3103 952 3171 ejus
979 3103 1127 3156 vices
1169 3102 1222 3155 in
1258 3112 1445 3157 sancta
1476 3102 1694 3172 civitate
1740 3104 1972 3172 gessisse
2005 3103 2116 3159 Meo

539 3176 778 3237 destum.
805 3180 1018 3244 certum
1059 3180 1172 3244 est.
1192 3172 1309 3244 Sed,
1342 3189 1469 3228 cum
1499 3171 1586 3226 alii
1615 3188 1678 3227 ex
1709 3171 1950 3244 antiquis
1980 3176 2120 3229 scri-

540 3245 811 3314 ptoribus,
839 3242 929 3312 qui
954 3243 1096 3314 hanc
1123 3242 1405 3314 hismriatn
1428 3251 1706 3304 enarrant,
1731 3250 1783 3296 et
1807 3242 2116 3314 praesidem,

540 3311 597 3369 et
631 3311 994 3384 patriarcham
1030 3311 1528 3384 Hierosolymorum
1561 3328 1626 3367 eo
1657 3311 1901 3382 tempore
1932 3313 2119 3369 Mode-

543 3383 686 3438 stuin
713 3385 898 3458 ipsum
920 3383 1214 3458 appellent,
1251 3383 1317 3437 de
1344 3384 1726 3458 ejiis_initnere
1777 3393 1832 3438 et
1855 3385 2120 3458 dignitate

543 3465 662 3509 orta
700 3465 784 3508 est
812 3453 1101 3516 dubitatio,
1134 3464 1190 3508 et
1220 3463 1403 3507 utrum
1445 3453 1627 3522 aliquo
1658 3462 1901 3522 tempore
1923 3453 2121 3510 Eccle-

542 3525 678 3581 siam
712 3523 1251 3594 Hierosolymitanam
1294 3538 1393 3576 suo
1443 3523 1665 3578 nomine
1698 3525 1900 3594 rexerit
1930 3525 2121 3594 dispu-

543 3603 716 3649 tatum
743 3603 844 3649 est.
883 3593 1174 3648 Bollandns
1204 3593 1420 3648 videtur
1443 3609 1567 3648 eum
1596 3608 1661 3646 ex
1693 3593 2118 3662 patriarcharum

546 3679 776 3719 numero
811 3663 1174 3734 expunxiss’e;
1221 3679 1347 3717 nam
1393 3665 1633 3734 prinmm
1662 3663 1828 3717 fuisse
1859 3665 2118 3718 vicarium

545 3735 746 3788 diserte
769 3733 1018 3804 aﬁ‘irmat,
1046 3734 1140 3786 sed
1170 3741 1352 3802 postea
1387 3733 1748 3804 patriarcham
1777 3749 1898 3789 esse
1921 3735 2118 3789 factum

547 3819 657 3859 non
705 3804 854 3865 dicit,
889 3803 1004 3858 haec
1046 3813 1336 3858 contentus
1377 3803 1622 3866 monere,
1661 3823 1678 3854 ι
1709 3804 1804 3858 sed
1855 3806 2050 3859 colitur
2091 3821 2120 3859 a

548 3871 753 3929 Grmcis
791 3871 1069 3944 Modestus
1096 3874 1314 3942 quidam
1361 3876 1650 3944 episcopus
1676 3873 2121 3944 Hierosolymita-

550 3960 656 3998 nus
690 3945 778 3998 die
811 3944 876 3997 l8
903 3943 1442 4015 Deccmbris,_c_ujus
1489 3943 1558 3996 in
1592 3945 1819 4012 vulgatis
1865 3943 2123 4015 catalogis

549 4030 751 4068 nomen
804 4029 912 4068 non
960 4022 1158 4067 exstat.
1189 4033 1208 4064 ι
1267 4013 1520 4080 Ejusdem
1573 4015 1857 4068 sententia:
1901 4013 2124 4069 luerunt

549 4083 814 4154 Baronius
862 4096 918 4138 et
960 4083 1158 4154 Pagius
1187 4125 1202 4149 ,
1235 4085 1328 4152 qui
1375 4100 1440 4137 ex
1486 4084 1602 4154 ipsa
1643 4083 1899 4154 Actorum
1945 4086 2122 4139 sancti

547 4153 816 4209 Anastasii
845 4153 1156 4208 narratione
1186 4155 1465 4217 evincunt,
1503 4153 1806 4208 Modestum
1833 4153 1999 4209 fuisse
2023 4154 2124 4210 Ec-

549 4224 728 4279 clesiae
775 4222 1273 4294 llierosolymitanaa
1321 4223 1813 4278 administratorcm
1875 4233 1931 4278 et
1976 4225 2124 4278 vica-

549 4295 690 4347 rium
716 4335 729 4355 .
763 4310 872 4348 non
909 4305 1088 4348 autem
1119 4295 1460 4363 episcopum,
1493 4295 1696 4364 ncede
1725 4309 1792 4347 eo
1831 4295 2121 4364 quidquam

549 4365 782 4434 amplius
809 4373 1161 4418 annotarunt.
1194 4365 1262 4417 At
1287 4378 1416 4417 vero
1445 4365 1545 4418 etsi
1576 4363 1875 4418 Modestum
1904 4363 2124 4434 captivi-

551 4438 676 4490 tatis
708 4435 937 4505 Persica:
985 4443 1226 4504 tempore
1253 4434 1534 4505 vicarium,
1560 4451 1667 4489 non
1702 4443 1883 4488 autem
1908 4437 2120 4505 episco-

550 4520 678 4573 pum
744 4504 927 4564 fuisse.
977 4505 1222 4574 resipsa
1276 4503 1470 4557 clamat
1532 4514 1693 4574 atque
1745 4503 2116 4568 demonstrat;

550 4590 675 4627 nam
711 4576 1020 4637 Zacharias,
1055 4573 1294 4628 Chosroa
1344 4574 1592 4637 devicto,
1630 4574 1939 4644 captivitate
1972 4576 2120 4628 solu-

551 4654 640 4698 tus
678 4647 744 4700 ad
776 4660 933 4699 suum
977 4644 1397 4712 patriarchatum
1435 4659 1683 4699 reversus
1723 4653 1840 4711 est;
1879 4653 2120 4699 attamen

553 4715 696 4788 quod
744 4725 867 4788 post
914 4714 1232 4788 Zachariam
1262 4716 1317 4788 in
1352 4714 2123 4788 sedeliierosolymitanaMo-

553 4785 744 4853 destus
769 4785 909 4838 idem
940 4787 987 4839 ei
1023 4785 1346 4838 successerit
1377 4785 1530 4839 testis
1558 4796 1640 4840 est
1681 4785 1877 4844 l’isida.
1907 4786 1996 4853 qui
2039 4787 2122 4841 di-

555 4852 716 4926 sertis
758 4854 940 4907 verbis
965 4855 1073 4926 Aid
1118 4854 1387 4926 allirmat:
1429 4855 1774 4926 Προσήνεγκε
1823 4852 2079 4926 Μοδὲστῳ
2105 4898 2120 4919 ,

555 4873 716 4907 serus
758 4873 940 4907 vernis
1001 4873 1053 4909 in
1118 4873 1387 4908 aturmat:
1429 4873 1471 4905 ιι
1514 4873 1774 4925 οσηνεγκε
1823 4873 2079 4926 Μοοεστῳ
2105 4898 2120 4919 ,

555 4923 774 4995 ᾴξίωμα
806 4923 1180 4995 πρεσβυτέρῳ,
1230 4924 1430 4991 φύλακι
1476 4873 1531 4977 is
1575 4926 1635 4977 τὸ
1685 4925 1985 4995 τηνικαῦτα
2027 4926 2123 4980 τοῦ

557 4988 917 5065 ἀποστολικώ
946 4988 1143 5065 θρόνου
1161 4988 1482 5064 τυγχάνοντι
1500 5037 1516 5060 ,
1551 4995 1668 5065 μετ’
1688 4988 1750 5048 οὗ
1782 4996 1916 5048 πολὺ
1943 4988 2001 5048 δὲ
2033 4999 2126 5050 καὶ

559 5063 754 5135 αὐτοὺς
781 5062 1117 5117 διευθύναντι
1145 5062 1248 5135 τῆς
1271 5062 1308 5117 is
1322 5062 1699 5135 ραρχίαξτοὺς
1715 5067 1905 5128 οἴακας
1928 5084 1943 5120 ε
1970 5087 1986 5118 ι
2011 5068 2115 5121 0b.

563 5133 684 5208 tulit
706 5134 969 5208 Modesto
1017 5133 1349 5204 presbytero,
1379 5133 1470 5208 qui
1504 5146 1631 5189 tunc
1657 5137 1872 5205 quidem
1905 5149 2121 5208 aposto-

560 5205 858 5277 lieithroni
882 5214 998 5260 erat
1047 5215 1248 5277 custos,
1285 5207 1446 5273 paulo
1472 5217 1650 5260 autem
1680 5217 1800 5275 post
1829 5205 1953 5277 ipsa
1977 5210 2124 5263 hier-

459 5311 465 5318 .
560 5274 760 5347 arcium
819 5277 957 5330 rexit
1003 5275 1437 5347 gubernacula.»
1481 5277 1544 5329 Et
1574 5274 1703 5347 sane
1740 5274 1981 5345 pontifex
2011 5288 2126 5334 erat

559 5342 865 5419 hlodcstus,
899 5342 1030 5419 cuni
1074 5345 1350 5419 l-leraclius
1385 5346 1512 5414 imp.
1546 5342 1965 5419 Hierosolymam
1999 5366 2126 5419 pro-

562 5414 766 5488 fectus,
798 5418 1060 5471 viviﬁcam
1087 5416 1287 5488 Christi
1318 5431 1533 5488 crucem
1565 5432 1595 5470 e
1626 5414 1877 5488 Persidos
1905 5414 2126 5488 captivi-

565 5490 696 5559 tateﬁ
717 5485 1042 5559 incolumem
1077 5487 1385 5559 reductam
1495 5487 1831 5559 consignavit
1861 5505 1874 5519 ο
1909 5491 1950 5543 si
1971 5485 2126 5559 quod

559 5565 628 5604 ex
659 5551 858 5608 Graecis
901 5557 1180 5629 historicis
1221 5554 1384 5629 tradit
1427 5551 1708 5629 Suidasin
1744 5576 1792 5611 ν.
1813 5551 2128 5629 Ἡράκλειος

562 5634 863 5704 νεωηχυδί
892 5645 905 5679 ;
943 5628 1033 5688 Εἰς
1061 5628 1130 5682 τὰ
1169 5624 1539 5704 Ἰεροσόλυμα.
1552 5627 1778 5704 ἀφίκετο
1797 5671 1810 5692 ,
1843 5624 1934 5682 καὶ
1960 5632 2128 5684 Μοδέ-

566 5703 679 5760 στῳ
700 5694 785 5762 τῷ
828 5696 1092 5765 ἀρχιερεῖ,
1139 5696 1232 5750 καὶ
1275 5694 1350 5764 τῷ
1384 5694 1544 5746 αὐτοῦ
1592 5697 1776 5769 κλήρῳ
1818 5702 1991 5756 ταῦτα
2023 5704 2124 5757 ὑπ-

2221 3105 2428 3161 tionem
2473 3106 2733 3176 suscepit,
2762 3105 3054 3176 episcopali
3105 3105 3426 3176 charactere
3464 3105 3636 3160 fuisse
3664 3105 3804 3159 insi-

2220 3177 2428 3248 gnitum
2443 3193 2464 3248 ;
2496 3175 2855 3248 aperte_enim
2889 3175 3104 3245 ἀξίωμα
3131 3175 3507 3246 πρεσϐύτερον
3539 3217 3554 3242 ,
3590 3176 3806 3246 presby-

2219 3246 2394 3302 ierum
2423 3246 2662 3301 declarat
2688 3246 2889 3301 Pisida.

2295 3318 2405 3387 (l7)
2447 3317 2774 3387 Magundat,
2823 3316 2907 3387 vel
2957 3315 3278 3387 Anastasius
3306 3316 3566 3387 Modesto
3618 3317 3804 3370 statim

2221 3385 2436 3443 oblatus
2466 3385 2666 3442 dicitur
2691 3391 2757 3441 ab
2781 3386 2895 3441 Elia
2917 3429 2931 3452 ,
2963 3385 3110 3456 quia,
3139 3395 3201 3456 ut
3230 3386 3467 3450 videtur,
3498 3403 3623 3441 cum
3655 3387 3807 3441 Elias

2221 3459 2358 3528 ipse,
2394 3473 2518 3513 cum
2552 3457 2826 3528 Modestus
2858 3457 2911 3510 in
2941 3455 3057 3511 aede
3085 3458 3142 3528 S.
3177 3455 3614 3528 Resurrectionis
3640 3457 3806 3526 dege-

2223 3526 2375 3584 bant.
2427 3529 2562 3581 Rcm
2618 3527 2846 3591 iaciunt,
2877 3538 2938 3582 ut
2989 3526 3228 3586 credam.
3276 3527 3471 3582 littera;
3515 3543 3554 3581 a
3612 3536 3807 3582 sancto

2221 3599 2430 3654 Joanne
2455 3598 2882 3667 eleemosynario
2928 3598 2994 3652 ad
3033 3598 3284 3650 eumdem
3310 3597 3643 3660 Modestum,
3673 3599 3805 3652 dum

2223 3677 2368 3723 esset
2393 3667 2646 3740 Ecclesia;
2682 3668 3178 3740 I-lierosoly'tnitame
3213 3683 3321 3720 non
3351 3667 3678 3736 patriarcha,
3709 3670 3805 3721 sed

2182 3771 2186 3774 ~
2223 3746 2434 3802 custos!
2474 3746 2529 3792 et
2583 3738 2852 3796 vicarius.
2901 3738 3115 3807 scripta:
3143 3779 3162 3807 ,ν
3199 3752 3428 3807 quarum
3484 3747 3804 3806 excerptum

2224 3808 2434 3879 profert
2472 3808 2732 3864 Leontius
2761 3806 3088 3879 Cypriusin
3112 3806 3244 3879 _Vita
3289 3806 3540 3879 ejusdem
3570 3807 3806 3861 Joannis

2225 3876 2366 3948 apud
2399 3878 2744 3933 Rosweidum
2767 3919 2782 3943 ,
2808 3876 2872 3947 β.
2911 3879 3032 3943 138.
3063 3897 3080 3927 ι
3111 3876 3182 3929 [la
3229 3877 3377 3948 mihi
3409 3877 3645 3948 veniam.
3675 3894 3808 3932 vere

2225 3945 2438 4018 Christi
2469 3960 2740 4018 operator,
2772 3945 2906 4001 nihil
2936 3949 3156 4018 dignum
3201 3947 3414 4018 templis
3441 3945 3642 4000 Christi
3678 3949 3805 4001 Init-

2225 4020 2380 4073 tenti.
2402 4017 2601 4072 Vellem
2632 4019 2799 4082 enim,
2823 4019 2982 4072 crede
3019 4017 3172 4080 mihi,
3198 4017 3240 4070 si
3267 4025 3413 4071 esset
3441 4019 3804 4079 conveniens,

2223 4099 2278 4145 et
2307 4091 2424 4156 ipse
2453 4104 2518 4142 eo
2547 4091 2736 4144 venire
2765 4129 2778 4151 ,
2812 4095 2886 4142 et'
2912 4090 3027 4157 ipse
3059 4086 3266 4157 operari
3303 4087 3356 4140 in
3390 4086 3553 4140 domo
3599 4099 3806 4142 sant-ue

2225 4155 2422 4214 Christi
2447 4155 2950 4240 Resu.rr_eetio.nis,i
2979 4168 3083 4240 etc.
3115 4155 3526 4240 Ac‘Modestum
3551 4159 3803 4240 quidem.

2227 4240 2287 4284 ut
2319 4230 2599 4298 apostolici
2627 4229 2808 4283 throni
2839 4227 3140 4288 custodem,
3174 4227 3410 4298 decebat
3425 4243 3490 4280 eo
3517 4227 3579 4280 ιιι·
3602 4228 3805 4296 templo

2229 4296 2406 4370 agere,
2420 4299 2599 4370 Aquod,
2621 4308 2677 4352 ut
2693 4315 2815 4353 eum
2838 4297 3341 4370 Quarcsmio_.[1ist.
3370 4296 3544 4350 Temp.
3571 4297 3799 4370 Sanam,

2231 4366 2361 4424 tum.
2396 4366 2472 4432 ιι;
2508 4385 2627 4439 pag.
2662 4369 2796 4432 545,
2838 4369 3048 4437 loquar,
3087 4386 3104 4416 ι
3134 4366 3393 4439 dignitate
3425 4376 3480 4439 et
3513 4368 3802 4422 sanctitate

2225 4439 2439 4494 excellit
2484 4436 2684 4493 nedum
2733 4436 2928 4493 caetera
2981 4437 3196 4507 templa
3229 4436 3610 4507 Hierosolymis
3641 4479 3657 4501 ,
3718 4438 3802 4491 vel

2224 4511 2281 4565 in
2315 4517 2428 4566 tota
2470 4509 2758 4565 Palmstina
2790 4509 3073 4569 mdiﬁcata,
3111 4506 3205 4560 sed
3254 4507 3436 4560 omnia
3481 4506 3598 4561 loca
3642 4523 3801 4561 mun—

2223 4581 2298 4635 di.
2330 4599 2348 4630 ι

2294 4650 2406 4720 (18)
2444 4649 2511 4704 111
2543 4649 2676 4720 Reg.
2711 4665 2945 4713 xxxvnt,
2973 4649 3061 4703 55.

2297 4716 2408 4792 (19)
2452 4721 2560 4776 Vos
2592 4716 3014 4792 évéasotrj._qu:e
3044 4719 3178 4792 nihil
3207 4728 3309 4779 est.
3340 4728 3398 4772 ut
3423 4726 3577 4792 puto.
3601 4716 3802 4792 redun-

2225 4792 2318 4848 dat
2349 4788 2400 4845 in
2437 4800 2580 4846 textu
2613 4791 2818 4844 Grasco.
2857 4788 3127 4844 Fortassis
3169 4789 3516 4844 amanuensis
3557 4788 3803 4842 scribere

2224 4861 2395 4917 voluit
2421 4859 2719 4924 ἒνεδέξατο,
2749 4877 2871 4930 qua).
2903 4876 3007 4914 vox
3055 4869 3178 4930 post
3230 4875 3402 4930 pauca
3435 4859 3598 4913 verba
3630 4873 3802 4927 appo-

2225 4933 2327 4988 site
2356 4931 2610 4985 occurrit.

2299 5000 2409 5072 (20)
2451 5004 2585 5055 Acta
2617 4999 2964 5072 Bollandiana
3006 4997 3188 5053 ferunt
3215 4997 3623 5072 socium_s_aneti
3655 4997 3804 5072 Ana-

2226 5067 2678 5143 sta'sii'martyrio
2721 5070 2889 5125 fuisse
2933 5079 3252 5124 coronatum
3305 5069 3362 5122 in
3414 5069 3613 5124 Edessa
3660 5067 3802 5122 civi-

2226 5152 2278 5196 li]
2286 5155 2354 5196 te.
2826 5161 2829 5164 '

2299 5210 2410 5282 (21)
2449 5211 2725 5274 Δίαυλον,
2758 5210 3016 5282 duplicati
3045 5211 3216 5282 studii
3267 5226 3479 5262 cursum
3521 5207 3798 5282 Olympia-

2227 5278 2414 5350 de‘iuv
2447 5282 2612 5335 fuisse
2642 5278 2950 5334 institutum
3003 5281 3150 5333 lilide
3175 5320 3189 5337 .
3222 5295 3285 5333 ac
3321 5291 3432 5333 tum
3461 5281 3695 5350 primum
3725 5278 3802 5330 vi-

2228 5346 2432 5407 ctorem
2484 5352 2798 5406 discessisse
2840 5350 3120 5421 llypenum
3164 5350 3393 5421 Pisteum
3427 5346 3610 5402 narrat
3652 5346 3796 5421 Pan-

2229 5425 2426 5484 sanias,
2461 5421 2656 5485 Eliac.,
2705 5423 2798 5475 lib.
2829 5417 2901 5485 νζ
2922 5417 2974 5490 p.
3003 5421 3127 5475 594.
3157 5419 3296 5484 Quid
3329 5428 3510 5473 autem
3538 5427 3681 5490 esset
3711 5417 3795 5490 δὲ-

2229 5494 2389 5554 αυλος
2420 5491 2632 5554 innuit,
2665 5492 2812 5555 ibid.,
2859 5487 2980 5561 pag.
3015 5490 3146 5553 4'20,
3182 5491 3400 5561 tradens
3424 5529 3440 5554 ,
3485 5487 3796 5561 inscriptio-

2230 5579 2354 5617 nem
2400 5563 2454 5616 in
2494 5578 2616 5615 arca
2647 5557 3285 5632 Cypseli'ﬂouorpoend‘ov
3311 5567 3582 5632 exaratam
3619 5574 3674 5610 se
3707 5557 3792 5632 vi:

2230 5633 2395 5713 disse,
2427 5648 2546 5713 quie
2591 5625 3095 5713 erat-lm‘jusinodi':
3132 5625 3278 5713 :A'Zrb.
3307 5628 3399 5681 τοῦ
3434 5631 3664 5713 πέρατος
3698 5625 3792 5713 τοῦ

2233 5703 2392 5766 ἔπους
2423 5697 2736 5772 ἐπιστρέφει
2768 5697 2873 5755 τῶν
2909 5702 3056 5754 ἐπῶν
3099 5700 3157 5753 τὸ
3194 5699 3472 5770 δεύτερον,
3501 5697 3686 5772 ὥσπερ
3727 5697 3791 5753 ἐν
