4152 6290
369 282 506 348 1689

1417 285 1594 346 VITA
1625 287 1686 346 S.
1725 286 2128 349 ANASTASII
2159 289 2568 354 MARTYRIS.

3487 303 3626 370 1690

436 397 658 452 Τίθεται
704 395 884 451 τοίνυν
920 396 1264 469 προσηγορία
1303 397 1381 468 τῷ
1409 397 1738 462 Μαγουνδάτ
1781 399 1940 453 Ἀνα-

2117 405 2303 474 Itaque
2352 404 2653 474 imponitur
2714 405 3008 479 Magundat
3036 409 3331 478 Anastasii,
3385 413 3491 470 hoc
3539 415 3627 472 esi

365 489 586 554 στάσιος
603 505 616 518 ·
649 489 848 558 ἀνέστη
871 489 1000 560 γὰρ,
1043 489 1120 551 ὡς
1150 490 1391 562 άληθῶς,
1414 490 1510 544 τοῦ
1532 491 1780 563 ὀλεθρίου
1807 509 1941 563 συμ-

363 581 684 650 πτώματος,
712 581 808 635 uel.
839 581 966 644 τοὺς
993 580 1223 646 στύλους
1257 582 1359 652 τῆς
1383 582 1565 653 ψυχῆς
1589 581 1938 653 άνὼρθωσεν,

363 675 422 729 έν
451 678 521 745 τῇ
543 674 700 745 βάσει
723 675 824 746 τῆς
854 675 1092 738 πίστεως
1121 674 1504 746 ἱδρυσάμενος·
1536 677 1943 746 μεταμφιέννυ-

361 785 456 820 ται
490 769 589 822 σὺν
628 767 710 836 τῷ
747 768 846 837 τῆς
879 767 1198 838 ἀφθαρσίας
1223 768 1488 838 ἑνδύματι
1513 769 1608 822 καὶ
1633 770 1699 827 τὸ
1729 769 1939 836 δνομα·

366 858 607 931 ἔπρεπεν
635 859 745 930 γὰρ
770 859 910 924 ὅλως
939 859 1090 930 αὐτῷ
1115 859 1207 914 τὸν
1238 859 1466 914 παλαιὸν
1497 859 1786 932 ἄνθρωπον
1813 865 1946 917 ἀπο.

364 950 654 1017 δύσασθαι,
696 950 792 1005 καὶ
821 951 940 1004 νέον
983 951 1275 1020 γενέσθαι,
1313 951 1383 1005 δι’
1415 950 1609 1015 ὓδατος
1632 956 1946 1024 ἁναγεννη-

366 1043 546 1108 Θὲντα,
594 1042 690 1097 καὶ
738 1042 1079 1113 πνεύματος·
1131 1043 1210 1114 τῷ
1257 1043 1451 1115 Κυρίῳ
1499 1045 1870 1118 προσέτρεχεν
1917 1049 1947 1101 ὁ

379 1133 752 1198 Ἀναστάσιος,
793 1134 889 1186 καὶ
931 1133 992 1187 τὸ
1035 1134 1274 1204 μαγικδν
1315 1133 1688 1190 ἀπεσϐέννυτο
1724 1137 1840 1208 πῦρ
1867 1137 1947 1209 τῷ

366 1227 508 1296 ἁγίῳ
533 1225 627 1280 τοῦ
662 1225 1040 1297 βαπτίσματος
1070 1225 1246 1282 ὕδατι.
1357 1253 1360 1255 λ

439 1318 538 1382 Τίς
572 1313 666 1374 οὖν
693 1318 942 1388 γένωμαι
981 1318 1046 1372 τὸ
1076 1318 1366 1384 ἐντεῦθενς
1397 1321 1559 1374 ποίαν
1595 1318 1946 1389 ἀναδέεωμαι

368 1409 645 1478 γλῶσσαν,
680 1410 713 1480 ἢ
751 1409 928 1478 λόγων
972 1409 1178 1482 πηγάς,
1220 1412 1256 1483 ἢ
1297 1412 1397 1465 νοῦ·
1421 1412 1678 1483 θεωρίαν,
1712 1412 1800 1464 ἵνα
1835 1415 1949 1474 τοῖς

371 1501 497 1570 ἑξῆς
545 1500 882 1572 Θρασύτερον
933 1502 1324 1572 άνιπτάμενος,
1381 1501 1458 1572 μὴ
1506 1501 1646 1568 δόξω
1695 1501 1949 1574 κηρίναις

373 1594 643 1648 πέτασθαι
677 1594 972 1666 πτέρυξιν;
1015 1595 1172 1649 Ἐπεὶ
1205 1595 1300 1649 τοῦ
1333 1596 1708 1668 βαπτίσματος
1735 1598 1768 1666 ὴ
1796 1595 1948 1649 ἑϐδο-

373 1687 580 1758 ματικὴ
605 1689 989 1759 παρατήρησις
1019 1687 1354 1752 ἐτετέλεστο,
1379 1691 1408 1743 ὁ
1427 1688 1724 1753 ὁσιώτατος
1738 1688 1945 1753 Ἠλίας,

371 1745 428 1834 ὲν
466 1745 642 1851 τούτῳ
673 1745 786 1852 7&9
942 1745 1276 1848 καταγωγῆς
1300 1745 1566 1849 ἐνεγόνει,
1597 1779 1675 1848 τῷ
1705 1745 1949 1851 μάρτυρί
1983 1745 2024 1802 Β

370 1874 620 1952 πρόσεισι
649 1873 729 1944 τῷ
755 1871 1032 1944 ἀνθρώπῳ
1073 1870 1168 1926 τοῦ
1205 1870 1367 1938 Θεοῦ,
1402 1871 1501 1926 καὶ
1532 1871 1863 1927 πυνθάνεται
1900 1871 1953 1925 τί

369 1971 438 2024 ἂν
475 1967 546 2023 το
573 1966 762 2022 λοιπὸν
809 1964 1122 2038 βουλομένῳ
1165 1963 1558 2036 προσγένοιτος
1600 1964 1660 2018 Ὀ
1709 1963 1807 2034 μὲν
1858 1958 1952 2018 οὖν

368 2059 646 2130 αὔταρκές
674 2075 786 2129 μοι,
821 2057 928 2127 ἔφη
949 2096 965 2122 ,
992 2055 1093 2127 τῆς
1121 2053 1462 2126 προσκαίρου
1485 2053 1636 2124 ζωῆς
1667 2054 1730 2108 τὸ
1755 2053 1952 2125 ἐπίμο-

369 2156 518 2226 χθον,
553 2153 652 2206 καὶ
688 2149 841 2206 ποθῶ
867 2150 966 2221 τὴν
997 2148 1250 2203 ἑκούσιον
1282 2147 1584 2219 νέκρωσιν·
1617 2147 1761 2218 φιλῶ
1784 2147 1952 2202 θάνα-

369 2263 462 2298 τον
489 2243 708 2315 πατέρα
753 2242 924 2311 ζωῆς,
957 2241 1102 2311 ζωὴν
1147 2241 1258 2311 γάρ
1287 2241 1527 2296 Θανάτου
1569 2239 1784 2310 μητέρα
1835 2237 1954 2309 βδε-

372 2337 668 2407 λύττομαιο
707 2335 970 2406 μοναδική
1007 2350 1099 2404 μοι
1138 2333 1322 2387 δίαιτα
1365 2332 1430 2386 τὸ
1470 2331 1824 2402 ζητούμενον,
1857 2331 1954 2385 καὶ

369 2428 641 2499 ὰγγελικὴ
685 2425 931 2479 πολιτεία
957 2425 1020 2479 τὸ
1053 2423 1426 2495 ποθούμενον*
1476 2423 1598 2487 ὅλος
1625 2423 1738 2493 γάρ
1771 2421 1850 2476 ὢν
1884 2422 1946 2477 τὺ

373 2519 504 2588 πρὶν
539 2517 824 2589 σαρκικὸς,
854 2516 976 2580 ὅλος
1003 2516 1251 2586 ἐγεγόνει
1277 2514 1672 2586 πνευματικὸς,
1699 2514 1794 2568 καὶ
1834 2513 1952 2585 βίου

372 2610 707 2682 παλινῳδίαν
736 2609 1006 2681 ἐκρίνετο,
1053 2610 1147 2662 καὶ
1172 2611 1294 2672 ταῖς
1319 2607 1632 2678 ἔμπροσθεν
1657 2608 1956 2678 ἀντεστρα-

2041 499 2377 570 Rmrgentis
2445 499 2752 570 appellatio.
2808 499 2950 558 Vere
3004 504 3149 559 enim
3197 521 3228 560 a
3275 507 3460 562 Iethali
3494 523 3625 564 casu

2041 591 2363 656 resurrexit,
2395 600 2450 646 et
2479 593 2677 648 animae
2708 593 2992 650 columnas
3025 596 3272 666 iacentes
3310 599 3532 665 direxit,
3569 602 3624 654 in

2043 681 2161 736 basi
2202 680 2324 736 ﬁdei
2360 682 2674 739 collocatas.
2714 683 2829 738 Una
2858 686 3018 742 simul
3050 687 3216 759 igitur
3245 705 3368 744 cum
3401 690 3628 745 immor-

2045 773 2271 828 talitatis
2300 781 2453 830 veste
2483 791 2686 831 nomen
2727 776 3012 844 immutat;
3045 795 3262 849 aequum
3305 781 3452 836 enim
3484 794 3623 846 erat.

2047 873 2108 920 ut
2126 875 2366 920 veterem
2398 875 2625 922 exueret
2652 868 2953 933 hominem,
3003 879 3059 926 ct
3098 871 3254 926 ﬁeret
3295 889 3492 936 novus,
3533 875 3626 945 qui

2045 972 2146 1027 per
2175 973 2390 1029 aquam,
2427 968 2484 1015 et
2510 960 2762 1030 spiritum
2794 973 2913 1018 erat
2957 973 3334 1034 regeneratus.
3374 966 3630 1022 Cucurrit

2048 1049 2115 1104 ad
2139 1050 2427 1106 Dominum
2456 1053 2797 1120 Anastasius,
2832 1063 2890 1111 et
2916 1071 3068 1112 sacra
3107 1057 3451 1129 baptismatis
3488 1073 3627 1130 aqua

2048 1141 2316 1211 magicum
2352 1141 2534 1212 ignem
2568 1143 2851 1199 exstinxit.

2122 1321 2321 1376 Verum
2347 1323 2478 1393 quid
2507 1323 2642 1378 mihi
2685 1339 2833 1381 nunc
2862 1325 2995 1383 fiet?
3021 1326 3194 1395 Quam
3235 1345 3336 1402 ego
3363 1331 3624 1403 linguam,
3675 1392 3677 1394 ,

2048 1426 2190 1484 quos
2237 1427 2556 1468 sermonum
2606 1411 2808 1478 fontes,
2862 1415 2948 1471 vel
2995 1432 3156 1487 quam
3208 1420 3408 1474 mentis
3452 1421 3626 1476 aciem

2051 1521 2150 1575 ego
2195 1505 2512 1576 suscipiam,
2546 1513 2605 1559 ut
2649 1521 2746 1576 per
2785 1522 2849 1561 ea
2878 1523 3000 1578 quas
3034 1519 3340 1580 sequuntur
3369 1511 3630 1566 audacius

2051 1597 2250 1662 volem,
2291 1611 2397 1652 nec
2447 1605 2629 1651 tamen
2676 1597 2864 1651 videar
2909 1598 3085 1653 cereis
3130 1599 3344 1655 volasse
3393 1601 3631 1670 pennis?

2051 1691 2170 1747 lam
2209 1699 2419 1760 septem
2458 1698 2582 1760 post
2609 1691 2938 1760 baptismum
2978 1691 3082 1746 rite
3110 1693 3318 1748 exactis
3351 1693 3404 1746 in
3437 1694 3630 1747 obser-

2053 1782 2269 1838 vatione
2307 1781 2499 1838 diebus
2527 1781 2658 1852 (2‘2),
2693 1783 3069 1837 sanctissimus
3098 1783 3262 1848 Elias,
3297 1784 3438 1854 apud
3468 1800 3630 1854 quem

2053 1873 2370 1930 Anastasius
2399 1873 2798 1938 diversahatur,
2829 1884 3123 1945 martyrem
3159 1873 3254 1929 Dei
3283 1875 3460 1929 virum
3496 1876 3627 1940 adit,

2054 1981 2292 2037 eumque
2337 1966 2683 2037 interrogat,
2737 1964 2866 2035 quid
2918 1965 3134 2022 tandem
3175 1965 3274 2020 sibi
3317 1966 3447 2019 velit
3492 1965 3631 2020 ﬁeri.

2059 2058 2152 2113 Ille
2185 2066 2367 2113 autem
2399 2075 2414 2112 :
2443 2076 2462 2109 ι
2501 2056 2730 2122 Suilicit,
2775 2053 2970 2128 inquit,
3006 2056 3139 2111 mihi
3187 2067 3631 2112 momentaneum

2056 2151 2160 2206 hoc
2187 2150 2310 2206 vita:
2347 2157 2564 2220 tempus
2604 2149 2660 2204 in
2705 2149 2986 2204 laboribus
3011 2147 3318 2212 traducere,
3353 2157 3408 2202 et
3437 2148 3632 2202 volun-

2055 2243 2245 2299 tariam
2307 2241 2782 2298 mortiﬁcationem
2844 2239 3118 2295 desidero.
3175 2239 3494 2305 Interitum,
3539 2239 3634 2309 qui

2054 2344 2208 2407 pater
2239 2334 2312 2389 sit
2340 2335 2488 2398 vitae,
2532 2335 2696 2404 plane
2727 2333 2912 2403 diligo.
2947 2331 3112 2386 vitam
3153 2341 3360 2396 autent,
3397 2346 3518 2401 quae
3563 2331 3636 2385 sit

2055 2438 2230 2484 mater
2274 2429 2546 2492 interitus,
2583 2427 2862 2494 detestor;
2915 2424 3275 2480 monasticum
3325 2423 3632 2477 institutum

2055 2528 2158 2584 est,
2194 2519 2336 2590 quod
2377 2533 2584 2589 quaero,
2620 2527 2676 2573 et
2719 2516 3035 2589 angelorum
3079 2514 3438 2578 consortium,
3489 2514 3634 2584 quod

2055 2613 2328 2668 desidero.
2365 2631 2384 2663 ι
2435 2610 2536 2678 Qui
2591 2609 2739 2664 enim
2787 2616 2950 2663 antea
3004 2617 3155 2663 totus
3204 2616 3323 2661 erat
3378 2605 3632 2672 carnalis,

373 2702 563 2756 τεύετο
595 2700 896 2773 πράξεσιν·
942 2702 972 2754 ὁ
999 2700 1118 2772 γάρ
1156 2701 1216 2754 ἐν
1261 2696 1411 2769 αὐτῷ
1442 2696 1680 2769 σπινθὴρ
1703 2698 1806 2765 τῆς
1840 2698 1954 2751 θεο-

2055 2714 2204 2760 totus
2255 2705 2429 2759 factus
2469 2712 2554 2758 est
2596 2701 2873 2772 spiritalis,
2909 2709 2965 2756 et
2997 2701 3289 2771 quamdam
3334 2697 3460 2752 vita:
3497 2697 3636 2768 pali-

376 2793 596 2856 σεϐείας
650 2792 947 2864 ὲγκρύφιος
999 2791 1243 2860 ἐγεγόνει
1287 2790 1518 2861 πυρσός.
1568 2790 1728 2858 Ἀγει
1777 2791 1954 2843 τοίνυν

2056 2795 2272 2849 nodiam
2317 2792 2502 2847 animo
2548 2791 2873 2854 decernens,
2904 2804 3028 2844 cum
3066 2786 3333 2843 anteactis
3373 2802 3632 2858 pugnare,

375 2885 539 2940 αὐτὸν
565 2883 658 2939 ὲπί
685 2900 808 2938 τινα
830 2883 1059 2953 λογικῆς
1088 2881 1291 2951 ἀγέλης
1329 2881 1518 2953 σηκὸν,
1549 2881 1644 2934 καὶ
1669 2879 1835 2942 Θεῖον,
1879 2880 1954 2943 ὡς

2057 2883 2198 2940 facta
2245 2882 2402 2937 factis
2441 2895 2746 2953 opponens,
2789 2878 3006 2934 volebat
3050 2897 3064 2933 :
3105 2893 3224 2949 quae
3266 2877 3412 2931 enim
3473 2877 3527 2931 in
3571 2891 3639 2930 eo

375 2977 571 3041 εἰπεῖν,
600 2975 1035 3047 φροντιστήριον,
1062 2975 1157 3027 καὶ
1184 2972 1277 3026 τὸν
1300 2973 1465 3026 τόπον
1485 2961 1778 3026 τοῦ”Λϐϐᾶ
1802 2971 1954 3024 Ἀνα-

2057 2975 2240 3030 statim
2275 2972 2451 3028 fuerat
2480 2971 2700 3042 pietatis
2729 2971 2784 3024 in
2808 2970 2983 3025 Deum
3019 2968 3277 3031 scintilla,
3309 2967 3519 3021 occulta
3550 2966 3637 3020 fax

379 3069 598 3122 στασίου
628 3068 956 3137 ὀνομάζουσι
997 3066 1198 3136 μονὴν,
1233 3067 1479 3136 σημείοις
1525 3066 1711 3136 τρισὶν
1750 3064 1785 3136 ἦ
1829 3063 1954 3116 τέτ-

2058 3070 2324 3120 evaserat.
2349 3062 2534 3131 Itaque
2563 3061 2630 3116 ad
2656 3060 2928 3130 quoddam
2960 3058 3241 3118 rationalis
3265 3058 3442 3130 gregis
3473 3055 3638 3120 ovile,

374 3177 568 3234 ταρσιν
593 3159 976 3230 άπῳκισμένον
1009 3159 1109 3229 τῆς
1139 3158 1382 3221 πόλεως’
1420 3156 1549 3210 ἔνθα
1579 3157 1645 3228 δὴ
1675 3157 1767 3210 τὸν
1807 3155 1954 3228 ἱερὸν

2054 3155 2137 3210 vel
2165 3154 2346 3224 potius
2375 3152 2610 3208 divinam
2642 3151 2884 3206 scholam
2917 3150 3093 3204 virum
3123 3150 3373 3204 adducit.
3408 3147 3636 3215 Locum,

377 3255 544 3326 ἁρνὺν
577 3252 848 3323 Ίουστίνῳ
874 3251 954 3322 τῷ
974 3251 1076 3321 τῆς
1103 3251 1271 3321 μονῆς
1310 3248 1620 3321 προεστῶτι
1651 3250 1958 3320 προσφέρεο

336 3339 340 3362 ¹
377 3363 490 3410 ται,
516 3345 585 3399 τά
605 3364 663 3400 τε
697 3345 817 3399 θεῖα
850 3343 1029 3412 σοφῶς
1060 3344 1154 3396 καὶ
1175 3342 1362 3413 νέμειν
1386 3340 1686 3404 ἀκινδύνως
1705 3340 1868 3394 είδότι
1899 3339 1961 3392 τὸ

381 3440 656 3510 ποίμνιον,
718 3437 813 3491 καὶ
870 3437 1057 3498 λύκοις
1097 3437 1288 3506 τηρεῖν
1327 3433 1658 3488 ἀνεπίϐατον
1703 3431 1960 3504 καρτερῷ

380 3532 566 3602 τειχίῳ
613 3531 714 3599 τῆς
761 3527 1048 3590 εὐσεϐείας
1079 3527 1514 3598 φρουρούμενον.
1546 3521 1718 3588 Οὗτος
1751 3527 1779 3579 ὁ
1810 3525 1956 3594 ἱερὸς

379 3622 472 3675 τὸν
522 3621 718 3693 νέηλυν
769 3622 838 3692 τῇ
899 3622 1246 3690 πνευματικῇ
1297 3617 1585 3690 συμμορία
1629 3616 1955 3683 κατέταξεν,

393 3713 715 3784 ⁹Ιίρακλείου
750 3712 847 3764 τοῦ
889 3711 1146 3774 εὐσεϐοῦς
1185 3710 1304 3773 ἔτος
1339 3713 1408 3782 τῇ
1447 3708 1696 3780 βασιλείᾳ
1724 3708 1954 3764 δέκατον

381 3807 710 3867 διανύοντος.
758 3801 962 3857 Τοῦτον
1022 3803 1269 3870 ξεναγεῖν
1322 3802 1356 3872 ἢ
1409 3793 1506 3855 καὶ
1559 3801 1957 3873 παιδοτριϐεῖν,

382 3900 606 3968 ἄμεινον
635 3898 834 3960 είπεῖν,
880 3895 1206 3967 ὲμπιστεύει
1243 3893 1332 3964 ’τῷ
1376 3894 1445 3948 τὰ
1492 3893 1719 3947 τοιαῦτα
1758 3894 1825 3947 ἐκ
1861 3895 1957 3949 τοῦ

381 3989 646 4060 ἄρχεσθαι
677 3989 738 4042 τὸ
775 3989 965 4058 ἄρχειν
996 3987 1181 4050 καλῶς
1217 3986 1580 4056 μελετήσαντι
1602 4027 1616 4050 ,
1648 3988 1744 4040 καὶ
1768 4003 1960 4056 προτι-

383 4081 597 4152 θεμένῳ
624 4081 703 4152 τῷ
731 4078 1136 4149 γυμναζομένῳ
1160 4077 1332 4131 τύπον
1361 4075 1554 4130 ἑαυτὸν
1574 4077 1668 4129 καὶ
1695 4077 1960 4148 παράδεισ-

382 4191 521 4245 γμα.
553 4173 768 4244 Πύρρος
790 4168 946 4236 οὗτος
969 4173 999 4224 ὁ
1027 4172 1149 4225 καθ’
1180 4171 1338 4241 ήζιᾶς,
1357 4211 1372 4233 ,
1401 4171 1462 4222 οὐ
1488 4169 1598 4239 γὰρ
1627 4169 1960 4239 ἀδικήσομεν

383 4269 528 4336 ὑμᾶς
551 4267 650 4337 τῆς
681 4266 963 4336 είδήσεως,
992 4264 1182 4334 ὥσπερ
1206 4280 1259 4316 τι
1289 4263 1396 4316 τῶν
1430 4263 1687 4334 ἀρρήτων
1716 4262 1963 4334 ἀποκρύ-

291 4376 293 4379 ·
383 4375 626 4421 πτοντες.
650 4357 996 4429 Παιδοτριϐεἶ
1028 4356 1205 4410 τοίνυν
1235 4355 1418 4418 αὑτὸν,
1441 4357 1553 4419 τοῖς
1583 4355 1958 4428 άπαλωτέροις

2051 3244 2264 3301 abbatis
2300 3242 2570 3298 Anastasii
2598 3242 2990 3296 monasterium
3034 3241 3146 3310 (25)
3206 3248 3424 3302 vocant.
3463 3240 3642 3296 tribus

2052 3337 2140 3394 vel
2193 3345 2426 3402 quatuor
2474 3333 2742 3389 milliariis
2772 3333 2884 3403 (‘24)
2939 3331 3008 3386 ab
3060 3333 3194 3386 urbe
3243 3331 3470 3386 distans.
3525 3331 3640 3387 Illic

2057 3443 2271 3483 sacrum
2310 3440 2510 3496 agnum
2555 3423 2772 3479 Iustino
2815 3419 3140 3476 monasterii
3191 3419 3406 3490 praesidi
3456 3419 3637 3486 offert,

2059 3520 2149 3590 qui
2172 3527 2534 3590 przeterquam
2555 3517 2702 3586 quod
2728 3514 2893 3571 multa
2923 3514 3188 3584 sapientia
3215 3514 3269 3566 in
3302 3512 3504 3568 divinis
3523 3524 3642 3570 erat

2026 3612 2383 3685 .instructus,
2426 3625 2642 3682 gregem
2679 3609 2860 3679 ipsum
2892 3615 3124 3662 noverat
3159 3611 3311 3659 extra
3341 3605 3641 3675 periculum

2061 3718 2310 3776 pascere,
2341 3711 2396 3758 et
2424 3702 2566 3772 lupis
2605 3701 2948 3756 inaccessum
2982 3711 3221 3761 servare,
3260 3696 3386 3752 forti
3426 3697 3644 3767 pietatis

2062 3806 2218 3847 muro
2246 3790 2596 3846 custoditum.
2629 3789 2730 3845 llic
2763 3798 2986 3844 sanctus
3021 3787 3106 3842 vir
3133 3801 3337 3843 novum
3368 3789 3641 3860 hospitem

2061 3883 2120 3937 in
2171 3881 2401 3951 spiritali
2465 3881 2830 3936 contubernio
2900 3883 3159 3950 recepit,
3197 3883 3447 3952 interque
3515 3897 3644 3937 suos

2066 3972 2336 4042 ascripsit,
2351 3971 2439 4025 vix
2469 3971 2596 4025 dum
2623 3981 2811 4026 exacto
2841 3965 2984 4026 anno
3009 3972 3224 4042 imperii
3255 3973 3642 4043 religiosissimi

2067 4063 2296 4119 Heraclii
2343 4062 2554 4118 decimo
2593 4062 2725 4133 (25),
2747 4077 2981 4132 eumque
3030 4063 3395 4124 tractandum.
3440 4064 3544 4129 vel,
3584 4074 3644 4119 ut

2067 4154 2260 4209 melius
2286 4152 2899 4220 dicam,instituendum
2931 4153 3151 4207 tradidit
3179 4153 3319 4218 viro,
3360 4153 3452 4223 qui
3486 4151 3644 4223 plane

2065 4258 2128 4297 ac
2153 4243 2323 4313 probe
2353 4251 2511 4296 norat
2537 4241 2591 4297 in
2623 4244 2726 4297 hac
2757 4241 3044 4310 disciplina
3072 4257 3100 4294 a
3132 4240 3324 4310 primis
3361 4241 3643 4312 principiis

2067 4352 2191 4393 esse
2231 4336 2624 4407 incipiendum,
2665 4351 2729 4392 ac
2767 4337 3006 4407 seipsum
3053 4334 3218 4391 tironi
3257 4334 3557 4404 specimen.
3589 4343 3640 4388 et

1889 4509 2121 4568 NOTAE.

382 4673 597 4748 διαύλου
627 4671 842 4748 δρόμῳο-
870 4687 890 4721 ι
919 4670 960 4722 Α
987 4669 1500 4748 superiorisyersus
1526 4668 1631 4748 fine
1665 4670 1954 4748 contiuen-

2057 4682 2114 4727 et
2171 4671 2828 4748 Bingltamus,gAntiquit_.
2866 4670 3046 4748 pecies.
3077 4679 3118 4748 ι.
3150 4668 3239 4729 ιν,
3271 4684 3320 4748 σε.
3356 4668 3458 4722 19.:
3489 4669 3642 4748 ἑϐδο-

381 4758 464 4799 ter
502 4737 748 4797 sinuatur
779 4737 845 4793 ad
876 4737 1153 4808 sequentis
1186 4738 1399 4791 initium
1431 4737 1716 4793 verberum
1763 4741 1951 4804 series,

381 4831 444 4868 ea
477 4826 672 4878 nempe
710 4811 902 4870 forma,
934 4825 1054 4878 quae
1097 4817 1180 4863 est
1227 4809 1405 4879 iterati
1452 4809 1706 4863 curriculi
1734 4850 1749 4872 ,
1796 4827 1958 4879 quem

382 4885 622 4938 diaulmn
651 4881 942 4950 appellant.
973 4899 990 4950 ι
1025 4879 1206 4950 Itaque
1221 4878 1445 4950 δίαυλος
1467 4888 1552 4933 est
1578 4878 1826 4949 ejusdem
1845 4893 1960 4935 sta-

381 4955 455 5010 dii
510 4947 798 5021 repetitmn
831 4949 1105 5022 Aspatium,
1143 4947 1417 5008 videlicet,
1456 4963 1486 5001 a
1529 4947 1842 5022 carceribus
1889 4951 1960 5005 ad

384 5019 584 5077 metant
635 5019 899 5081 excursio,
931 5019 1235 5087 iterumque
1269 5027 1466 5087 ainieta
1498 5019 1563 5073 ad
1592 5035 1838 5074 carceres
1869 5037 1959 5076 re-

383 5095 562 5147 versio
595 5109 608 5144 :
638 5091 780 5160 quod
813 5090 1130 5160 scholiastes
1159 5086 1319 5160 apud
1350 5087 1769 5160 AristOpltanem
1798 5106 1959 5158 aper-

387 5165 492 5217 tius
521 5157 766 5230 explanat
796 5162 1006 5230 'Oprta.
1044 5158 1267 5230 Δίαυλος
1300 5160 1328 5210 ὁ
1351 5157 1526 5230 διττὸν
1539 5157 1695 5230 ξέχων
1724 5161 1814 5212 τὸν
1836 5161 1960 5230 δρό-

387 5235 573 5332 μονλξν
593 5226 670 5302 ’τῇ
707 5226 900 5303 πορείᾳ
927 5228 987 5282 τὸ
1019 5227 1308 5298 πληρῶσαι
1340 5226 1399 5279 τὸ
1433 5226 1666 5292 στάδιον,
1703 5234 1796 5284 καὶ
1826 5226 1958 5285 ὑπο-

386 5303 631 5356 στρέψαι.

453 5321 868 5442 ῗὲἔῗιάροριιγῑί
911 5369 1046 5424 albis
1083 5369 1327 5442 vestibus
1374 5368 1788 5442 induebamur.
1821 5385 1957 5442 quas

383 5439 575 5496 octavo
601 5443 688 5495 die
723 5439 842 5508 pOSt
872 5452 1148 5509 receptum
1179 5441 1447 5508 baptisma
1497 5439 1550 5491 in
1585 5440 1826 5493 Ecclesia
1858 5441 1954 5494 dc-

387 5513 677 5576 pouebant.
714 5510 814 5564 Per
863 5511 913 5563 id
961 5510 1221 5578 temporis
1249 5525 1436 5564 recens
1474 5509 1726 5577 baptizati
1762 5526 1951 5564 mane-

384 5581 518 5634 bant
564 5581 630 5634 ab
679 5581 822 5634 omni
873 5581 1151 5635 hominum
1183 5590 1325 5634 coetu
1357 5580 1614 5648 separati,
1647 5588 1702 5632 et
1733 5581 1948 5633 nonnisi

389 5652 549 5704 rebus
599 5652 767 5712 saetis
803 5651 1087 5704 audiendis
1117 5651 1394 5703 vacabant.
1446 5650 1602 5703 IIunc
1645 5649 1806 5702 ritum
1829 5689 1843 5712 ,
1881 5651 1946 5703 de

386 5736 492 5790 quo
521 5721 671 5792 plura
700 5719 955 5785 Slartene,
982 5721 1055 5774 De
1091 5723 1253 5790 entiq.
1276 5720 1452 5774 cedes.
1484 5721 1568 5774 rit.
1601 5728 1639 5774 t.
1671 5719 1713 5786 I,
1749 5736 1799 5789 p.
1827 5721 1943 5786 uti,

2059 4739 2302 4813 ματικὴν
2345 4746 2746 4812 παρατήρησιν,
2793 4739 3209 4794 ltebdomaticam
3257 4739 3640 4796 observantimu

2059 4815 2294 4866 annellat
2326 4811 2524 4866 Pisida.
3363 4823 3366 4826 '

2056 4815 2294 4882 appellat
2326 4813 2524 4867 Pisida.
3363 4823 3366 4826 '

2117 4883 2241 5008 ι325)
2285 4883 2399 4937 lloc
2444 4880 2832 4962 monasterium
2870 4895 2982 4962 non
3032 4895 3063 4934 a
3111 4889 3312 4962 saneto.
3330 4879 3636 4964 Anastasip,

2056 4967 2116 5008 se
2194 4970 2224 5008 a
2267 4953 2501 5008 auodam
2543 4953 2706 5008 huius
2738 4966 2975 5006 nominis
3004 4949 3202 5004 abbate
3227 4965 3336 5008 tam
3369 4961 3527 5006 antea
3559 4969 3636 5007 διο

2055 4938 2151 5009 sed
2194 4938 2236 5008 al
2267 4953 2508 5024 quodam
2534 4951 2706 5024 hujus
2738 4951 2975 5024 nominis
3004 4938 3336 5024 abbatejar'n
3369 4961 3527 5024 antea
3559 4938 3639 5007 sie

2055 5020 2372 5078 vocabatur.
2405 5021 2584 5077 Pisida
2613 5023 2665 5076 id
2692 5029 2878 5090 aperte
2911 5020 3150 5090 declarat
3170 5020 3359 5078 dicens
3379 5063 3392 5079 .
3425 5023 3518 5074 τὸν
3547 5025 3637 5075 τὸ-
3737 5049 3739 5051 ι

2065 5111 2165 5146 πον
2201 5095 2293 5147 τοῦ
2335 5093 2480 5146 ὰϐϐἄ
2511 5089 2865 5146 Ἀναστασίου
2908 5089 3235 5160 ὀνομάζουσι
3270 5092 3459 5160 μονήν,
3496 5112 3513 5140 ι
3540 5092 3637 5144 ab-

2064 5164 2203 5218 batis
2252 5162 2518 5217 Anastasii
2567 5161 2955 5216 monasterium
2995 5170 3211 5214 vocant.
3240 5179 3256 5209 ι
3306 5162 3376 5213 At
3415 5171 3639 5215 sanctus

2062 5234 2383 5288 Anastasius
2431 5234 2550 5302 ejus
2602 5231 2917 5302 monasterii
2964 5232 3135 5286 abbas
3180 5245 3458 5299 nunquam
3511 5230 3636 5285 fuit.

2065 5303 2276 5358 Videsis
2312 5300 2648 5367 Bollaiidum,
2679 5300 2706 5371 §
2735 5302 2788 5355 5.

2134 5373 2245 5442 (2i)
2287 5374 2343 5426 In
2376 5373 2564 5427 Graeco
2596 5372 2804 5442 corrige
2837 5371 3104 5440 σημείοις.

2132 5439 2242 5509 (‘25)
2285 5443 2574 5497 Bollandus
2599 5483 2613 5504 ,
2649 5439 2772 5510 ἓξὲξ
2809 5439 2958 5495 recte
2989 5459 3055 5495 ex
3091 5439 3190 5495 liac
3217 5449 3340 5494 nota
3374 5439 3635 5509 temporis

2060 5514 2250 5567 delinit
2292 5524 2498 5582 septem
2540 5515 2696 5566 annis
2737 5522 3026 5580 antequam
3059 5511 3371 5580 martyrium
3420 5521 3630 5578 patere-

2061 5594 2168 5647 tur,
2200 5585 2558 5638 mOuasticum
2599 5583 2840 5637 habitum
2873 5583 3176 5649 suscepisse
3206 5589 3456 5638 sanetum
3487 5582 3635 5635 Ana-

2058 5654 2303 5718 stasium,
2342 5653 2592 5710 videlicet
2618 5670 2762 5707 anno
2784 5651 2985 5706 Christi
3014 5653 3136 5706 62L
