4152 6290
550 231 682 296 1691

1858 226 2178 287 GEORGII
2214 227 2494 288 PISIDJE-

3674 220 3813 290 1692

550 347 828 417 exemplar
859 358 1182 415 proponere.
1212 342 1452 414 Pyrrhus
1484 341 1573 398 hic
1600 350 1715 397 erat
1744 350 1931 397 noster
1963 363 1977 398 :
2011 358 2121 397 non

2246 340 2587 413 ,γγυμνάζων
2610 341 2923 413 μαθήμασι,
2953 340 3300 413 γραμμάτων
3325 339 3547 415 μελέτῃ,
3576 344 3675 395 καὶ
3696 344 3814 395 τῶν

548 438 694 494 enim
725 438 779 491 id
814 436 1170 497 committam,
1223 443 1284 488 ut
1328 434 1431 489 hoc
1471 432 1752 495 nesciatis,
1783 433 1928 489 velut
1970 449 2126 487 arca-

550 544 681 583 num
729 525 989 597 quiddam
1042 526 1144 579 hoc
1189 524 1366 594 ipsum
1414 522 1779 578 abscondens.
1833 522 2020 592 Itaque
2069 534 2128 578 ut

549 618 839 689 quemdam
902 633 1163 687 puerum,
1224 614 1560 669 mollioribus
1624 614 1952 670 rudimentis
2000 629 2127 670 eum

550 709 750 774 erudit,
823 718 987 777 atque
1040 715 1281 767 exercet.
1332 706 1386 759 in
1442 704 1746 760 litterarum
1788 705 2127 776 aliarumque

552 816 737 855 rerum
806 798 1165 854 meditatione
1232 798 1410 867 ipsum
1459 797 1739 862 detinens,
1793 814 1915 868 quae
1963 798 2129 867 hujus

552 889 853 959 disciplinae
884 896 1013 942 sunt
1051 886 1223 940 initia.
1252 884 1466 954 Optima
1493 884 1639 938 enim
1673 884 1762 938 illa
1796 894 1880 938 est
1908 884 2129 939 institu-

556 982 666 1047 tio,
711 996 831 1050 quze
902 978 1116 1032 nonnisi
1181 994 1211 1031 a
1258 976 1447 1046 primis
1494 976 1777 1031 elementis
1829 977 2128 1033 exorditur.

558 1074 698 1127 Tum
727 1088 857 1127 vero
888 1072 939 1125 in
971 1069 1222 1124 Davidica
1255 1068 1509 1123 cantione
1550 1083 1676 1122 eum
1709 1069 1965 1134 erudivit,
2006 1078 2132 1124 tan-

556 1178 720 1232 quam
752 1163 852 1217 sub
882 1161 1009 1216 tuba
1049 1160 1115 1213 ad
1150 1157 1533 1213 debellandum
1578 1157 1949 1213 adversarium
1979 1174 2132 1215 com-

558 1255 799 1308 mittens.
841 1252 1131 1321 Postquam
1171 1258 1351 1303 autem
1387 1250 1563 1303 visum
1595 1256 1679 1303 est
1712 1245 1784 1312 ei,
1827 1248 1961 1303 satis
1991 1249 2133 1305 bene

560 1346 675 1399 haec
703 1359 762 1397 se
791 1343 989 1397 habere
1019 1341 1297 1413 praeludia,
1331 1349 1466 1404 tum,
1497 1355 1652 1395 coma
1689 1340 1842 1410 prius
1869 1340 2132 1408 abscissa,

562 1436 870 1490 venerando
904 1444 1101 1489 asceta:
1140 1434 1327 1487 habitu
1361 1448 1485 1487 eum
1518 1432 1771 1487 munivit.
1815 1432 1951 1487 Cum
1988 1434 2134 1489 enim

557 1525 737 1580 anima
794 1526 1026 1595 imperet
1070 1523 1307 1593 corpori,
1362 1531 1508 1576 recte
1565 1536 1764 1591 corpus
1812 1522 2014 1592 ipsum,
2074 1534 2133 1579 ut

2231 434 2332 487 ὅσα
2359 432 2472 486 τῶν
2497 432 2754 487 τοιούτων
2804 434 2912 488 είσὶ
2956 435 3298 504 σκαμμάτων
3340 434 3542 505 ἀρχαίσ
3573 434 3815 504 ἀρίστης

2231 524 2342 595 7&9
2371 523 2530 577 τοῦτο
2557 523 2927 589 διδασκαλίας,
2958 524 3021 577 τὸ
3052 524 3128 594 μὴ
3162 525 3278 588 τοῖς
3330 520 3621 596 προτέροις
3641 525 3813 596 εναρ-

2231 613 2425 683 χεσθαι
2444 632 2458 645 ·
2485 609 2605 668 εἶτα
2634 612 2734 680 τὴν
2776 613 3070 685 Δαδιδικὴν
3096 614 3395 684 ἐμμέλειαν
3433 614 3811 681 tis-eatacta“,

2229 701 2346 760 οἷον
2373 705 2481 767 ὑπὸ
2520 706 2782 776 σάλπιγγι
2819 706 2999 770 διδοὺς
3026 706 3629 774 καταγωνίζεσθαι,τδν
3653 709 3813 763 ἀντί-

2230 796 2402 851 παλον
2421 812 2437 827 ·
2476 796 2556 861 ὡς
2583 796 2641 850 δὲ
2688 796 2871 860 καλῶς
2918 797 3097 862 εδοξεν
3132 796 3282 867 ἔχειν
3324 797 3475 869 αύτῷ
3502 798 3562 851 τὸ
3591 798 3811 867 προγύ-

2232 904 2481 959 μνασμα,
2506 886 2605 957 τὴν
2633 887 2811 958 κόμην
2857 886 3022 941 αὐτὸν
3064 886 3491 958 ἀφαιρούμενος,
3525 887 3611 958 τῷ
3634 888 3811 957 τιμίῳ

2230 980 2330 1050 τῆς
2353 980 2641 1051 ἀσκήσεως
2670 978 2985 1044 καθώπλιζε
3028 980 3302 1052 σχήματι·
3342 980 3442 1051 τῆς
3476 979 3666 1050 ψυχῆς
3701 984 3817 1053 7&9

2233 1072 2544 1144 κρατούσης
2578 1071 2675 1125 τοῦ
2718 1072 2994 1143 σώματος,
3021 1073 3097 1135 ὡς
3138 1071 3490 1143 αἰχμάλωτον
3529 1074 3595 1125 τὺ
3649 1073 3818 1143 σῶμα

2230 1166 2418 1220 λοιπὸν
2457 1166 2553 1236 τῆς
2596 1165 2775 1237 κόμης
2804 1166 2896 1219 τὸν
2933 1164 3324 1236 καλλωπισμὸν
3352 1165 3680 1243 ἀποτίθεται
3717 1169 3819 1220 καὶ

2229 1255 2652 1325 δουλαγωγεῖται
2673 1296 2689 1321 ,
2742 1256 2929 1327 σαφῶς
2968 1254 3049 1327 τῷ
3100 1257 3339 1327 σχήματι
3385 1256 3485 1328 τὴν
3526 1256 3819 1327 ὑποταγὴν

2230 1347 2644 1418 ἐνδεικνύμενον
2665 1364 2683 1380 θ
2712 1347 2751 1402 ἃ.
2777 1348 2839 1402 δὲ
2866 1346 3082 1412 τούτοις
3108 1347 3382 1401 ἀκόλουθα
3412 1349 3508 1401 καὶ
3531 1351 3651 1411 τοῖς
3676 1350 3819 1419 ἀρε-

2230 1437 2329 1508 τὴν
2363 1439 2685 1511 μεταθέουσι
2717 1440 2925 1511 νόμιμα
2946 1479 2963 1506 ,
3007 1439 3182 1493 ταῦτα
3225 1440 3626 1511 διηγησόμενος
3663 1441 3819 1510 πάρ-

2238 1545 2376 1599 ειμι.

557 1617 855 1688 captivum,
886 1631 1057 1672 coma:
1072 1624 1324 1669 ornatum
1346 1613 1590 1679 dimittit,
1620 1629 1788 1683 seque
1813 1617 2191 1673 accommodat
2239 1620 2515 1683 servituti,
2567 1620 2688 1690 ipso
2744 1620 2933 1677 habitu
2958 1620 3339 1691 subjectumse
3375 1630 3561 1691 aperte
3587 1622 3822 1676 demon'

560 1718 760 1763 strans.
798 1706 903 1760 Sed
921 1721 1041 1775 quae
1066 1714 1191 1761 sunt
1216 1704 1365 1759 hisee
1381 1715 1767 1767 consentanea,
1792 1713 1849 1758 et
1875 1705 1941 1760 iis
1962 1705 2053 1775 qui
2076 1718 2200 1777 post
2219 1710 2471 1767 virtutem
2509 1720 2738 1767 currunt
2757 1712 3159 1775 convenientia,
3175 1720 3437 1781 prwtcreo
3462 1712 3665 1766 dicere.

628 1798 848 1866 Coquus
892 1804 1078 1850 noster
1126 1796 1353 1860 beatus,
1419 1810 1527 1849 non
1578 1795 1647 1850 ad
1701 1794 2031 1863 delicatum,
2083 1807 2138 1851 et
2168 1808 2211 1863 Β

560 1887 724 1941 molle
768 1886 1078 1941 convivium
1136 1886 1461 1956 parandum,
1507 1885 1765 1941 fratribus
1810 1886 2138 1944 destinatur.

560 1978 716 2032 Nulla
746 1978 889 2032 enim
920 1978 988 2033 de
1022 1978 1126 2033 hoc
1157 1977 1264 2032 illis
1291 1986 1411 2032 erat
1434 1993 1565 2033 cura
1587 1977 1721 2048 (26),
1744 1978 1848 2034 nisi
1876 1989 2140 2049 quantum

563 2070 861 2125 necessitas
903 2070 1047 2141 cogit
1090 2070 1443 2139 suppeditare
1486 2071 1723 2141 corpori,
1771 2079 1828 2126 et
1865 2071 2140 2141 quoddam

562 2160 1042 2232 irreprehensibile
1072 2160 1308 2216 oﬂicium
1337 2177 1406 2216 ex
1442 2176 1500 2217 re
1528 2176 1855 2232 quacunque
1884 2160 2141 2233 praestare

562 2254 734 2309 carni.
783 2253 1015 2307 Proinde
1052 2253 1174 2323 quis
1218 2269 1286 2308 ex
1325 2254 1518 2308 merito
1563 2253 1776 2319 virum,
1812 2253 2042 2325 ejusque
2086 2254 2141 2308 in

564 2344 903 2416 simplicibus
958 2346 1327 2401 condimentis
1389 2345 1741 2412 adhibendis,
1805 2356 1862 2402 et
1921 2347 1975 2401 in
2022 2347 2144 2402 cibo

564 2437 722 2493 facile
772 2438 1030 2493 omnibus
1100 2439 1323 2508 parabili
1382 2442 1738 2510 pmponendo
1786 2440 2039 2506 modum,
2090 2450 2145 2496 et

565 2527 711 2597 quod
742 2528 937 2583 melius
965 2536 1068 2592 est,
1104 2529 1225 2598 ejus
1264 2544 1477 2583 morum
1509 2529 1832 2585 suavitatem
1874 2530 2005 2586 satis
2046 2531 2146 2587 de-

568 2618 879 2683 mirabitur,
926 2635 1032 2689 qua
1082 2619 1301 2689 quidem
1356 2636 1571 2687 omnes,
1626 2630 1683 2677 et
1731 2637 1844 2693 prae
1891 2622 2147 2678 omnibus

568 2713 944 2768 delectabatur
974 2715 1156 2769 Deus?
1188 2714 1381 2770 Omnia
1428 2717 1575 2771 enim
1622 2734 1944 2788 quwcunque
1987 2719 2145 2789 faciet

565 2804 765 2874 justus,
801 2806 1253 2875 prosperabuntur
1277 2807 1415 2877 (Ἦ).
1448 2807 1526 2861 Ex
1558 2809 1661 2864 hoc
1698 2818 1880 2865 autem
1909 2811 1976 2865 ad
2001 2811 2145 2864 aliud

572 2912 771 2951 munus
796 2898 885 2952 ille
915 2898 1230 2967 pertransit,
1254 2914 1363 2954 non
1396 2899 1513 2970 ipse
1536 2899 1638 2954 sibi
1669 2900 1787 2955 haec
1814 2900 1985 2956 cilicia
2008 2916 2146 2971 pra:—

569 2987 841 3055 scribens,
871 2990 967 3044 sed
1007 2990 1259 3045 ascelerii
1308 2991 1579 3046 mandatis
1621 2991 1901 3047 obediens.
1946 2990 2147 3048 Hortus

571 3082 693 3149 eius
736 3098 881 3137 cura:
925 3082 1304 3141 demandatur.
1339 3083 1477 3151 Quid
1511 3093 1624 3138 tum
1670 3084 1719 3139 ei
1767 3093 1886 3138 erat
1928 3083 2146 3138 facien—

2322 1801 2609 1871 Ὀψοποιδς
2644 1804 2673 1856 ό
2709 1802 2982 1872 μακάριος
3007 1796 3122 1865 τοῖς
3164 1802 3417 1871 ἀδελφοῖς
3457 1802 3819 1873 προχειρίζε-

2240 1908 2352 1957 ται,
2387 1890 2449 1945 ού
2479 1890 2866 1964 τεθρυμμένης
2891 1892 3090 1963 τινὸςῆ
3124 1892 3299 1963 ἁϐρᾶς
3328 1893 3646 1955 ἑστιάσεωςο
3682 1893 3820 1961 μέλ-

2240 1982 2322 2036 λει
2351 1982 2460 2054 γάρ
2492 1983 2677 2047 αὐτοῖς
2704 1983 2918 2047 ούδενδς
2939 2024 2956 2051 ,
2989 1982 3131 2054 πλὴν
3166 1984 3294 2037 ὅσον
3324 1982 3639 2051 ἀναγκαίοις
3676 1984 3820 2037 καθ-

2243 2075 2593 2147 υπουργῆσαι
2622 2076 2703 2147 τῷ
2732 2077 2980 2146 σώματι,
3014 2076 3109 2130 καὶ
3135 2074 3520 2145 λειτουργῆσαι
3548 2078 3615 2146 τῇ
3645 2077 3820 2146 σαρκὶ

2242 2167 2586 2241 λειτουργίαν
2613 2169 2966 2240 ἀνέγκλητον,
2996 2167 3135 2223 ἀλλά
3154 2185 3301 2231 τινος
3318 2185 3334 2199 ο
3358 2166 3598 2222 ἐνταῦθα
3624 2168 3717 2230 τίς
3747 2168 3817 2221 ἂν

2242 2258 2409 2323 ἀξίως
2436 2258 2705 2329 ἀγασθείη
2726 2259 2819 2313 τὸν
2851 2258 3161 2331 ἄνθρωπον,
3200 2261 3302 2330 τῆς
3325 2258 3614 2312 ἀποικίλου
3638 2274 3820 2327 καρυο

2244 2351 2397 2415 κείας
2428 2350 2492 2404 τὸ
2524 2350 2873 2423 εὖμετρον,ἢ
2903 2350 3001 2422 τῆς
3023 2349 3345 2423 εύπροσίτου
3382 2350 3497 2412 τοῖς
3524 2350 3662 2403 πᾶσι
3686 2365 3818 2419 τρο-

2246 2442 2374 2513 φῆς,
2406 2442 2441 2513 ἢ
2471 2442 2599 2512 τόγε
2640 2444 2889 2514 κρεῖττον
2910 2441 3013 2512 τῆς
3044 2442 3154 2497 τῶν
3180 2440 3400 2513 τρόπων
3427 2439 3718 2512 ήδύτητος,
3749 2439 3819 2493 δι’

2245 2530 2314 2608 ἦς
2345 2537 2586 2600 ἅπαντες
2617 2535 2714 2590 καὶ
2738 2535 2846 2606 πρό
2888 2551 2953 2605 γε
2979 2534 3195 2591 πάντων
3225 2532 3355 2597 Θεὸς
3392 2532 3817 2601 ὲνευφραίνετος

2245 2627 2449 2683 Πάντα
2467 2628 2577 2699 7&9
2598 2628 2715 2682 ὅσα
2728 2628 2806 2683 ἂν
2822 2626 2986 2697 ποιῇ,
3000 2624 3548 2694 κατευοδωθήσεται
3563 2623 3818 2688 δίκαιος.

2258 2722 2354 2775 Ἐκ
2380 2721 2445 2792 δὴ
2465 2720 2675 2777 τούτων
2703 2722 2789 2791 ἐφ’
2806 2721 3001 2792 ἑτέραν
3026 2718 3418 2791 μετανίσταται
3444 2717 3817 2786 λειτουργίαι,

2245 2808 2347 2861 ούκ
2391 2806 2554 2871 αὐτὸς
2600 2807 2748 2880 αύτῷ
2791 2808 2967 2863 ταῦτα
2997 2807 3326 2879 νομοθετῶν,
3368 2806 3447 2878 τῷ
3486 2806 3547 2859 δὲ
3580 2806 3823 2876 προστά-

2246 2911 2415 2966 γματι
2446 2894 2758 2969 πειθαρχῶν
2790 2898 2889 2967 τῆς
2918 2897 3230 2969 ἀσκήσεως.
3260 2894 3453 2965 Κῆπος
3490 2894 3645 2965 αύτῷ
3681 2893 3823 2964 πρὸς

2247 2985 2564 3058 ἐπιμέλειαν
2614 2987 3027 3058 ἐμπιστεύεται.
3079 2987 3146 3041 Τί
3184 2981 3277 3041 οὖν
3337 2985 3403 3038 τὸ
3447 2984 3745 3038 ὑπόλοιπον
3788 2984 3824 3052 ἢ

2249 3076 2535 3147 φροντίδας
2558 3076 2703 3147 ἔχειν
2733 3077 3162 3149 κηπεύοντι,καὶ
3182 3075 3320 3148 πρὸς
3349 3077 3417 3146 τῇ
3446 3078 3518 3145 γῇ
3543 3075 3636 3129 τὸν
3673 3075 3824 3141 λογιο

571 3172 726 3235 dum,
768 3172 872 3227 nisi
905 3173 1183 3229 hortulani
1218 3190 1378 3229 curas
1416 3190 1700 3229 assumere
1728 3174 1863 3247 (28),
1892 3184 1947 3230 et
1990 3173 2141 3229 humi

2251 3168 2388 3239 σμδν
2421 3169 2874 3239 ὲνδεσμεύεσθσις
2918 3172 2948 3225 ὁ
2972 3170 3031 3225 δὲ
3060 3170 3181 3241 (καὶ
3226 3170 3336 3239 7&9
3363 3166 3434 3240 ἦν
3462 3167 3822 3237 ἀμφιδέξιος)

570 3263 930 3332 cogitationes
980 3265 1196 3337 alligere
1234 3266 1258 3319 ’ἔ
1299 3266 1406 3321 Sed
1451 3266 1541 3322 ille
1582 3268 1724 3339 (erat
1777 3266 1923 3322 enim
1969 3266 2147 3321 ambi—

571 3353 782 3423 dexter)
832 3356 1143 3425 paradisum
1185 3365 1500 3411 terrestrem
1538 3356 1687 3421 colit,
1728 3365 1785 3411 et
1838 3356 2147 3426 paradisum

573 3445 854 3500 caelestem
909 3447 1227 3502 vindemiat.
1282 3450 1435 3518 Aqua
1498 3456 1699 3502 terram
1751 3447 2037 3511 fecundat,
2094 3456 2149 3501 et

574 3538 811 3591 animam
844 3538 1030 3608 irrigat
1058 3538 1346 3610 lacrymis;
1390 3538 1649 3608 utrinque
1701 3547 1883 3592 autem
1926 3538 2148 3592 uberem

574 3627 813 3683 fructum
837 3629 1059 3699 colligit.
1083 3626 1268 3682 Justus
1293 3630 1438 3683 enim
1490 3638 1548 3684 ut
1568 3628 1750 3699 palma
1779 3628 2006 3702 ﬂorebit,
2026 3616 2151 3698 pro:

529 3712 532 3716 ’
578 3718 799 3788 pbetice
827 3718 1030 3772 dictum
1059 3727 1142 3773 est
1171 3718 1305 3788 (29);
1330 3720 1463 3773 sicut
1492 3720 1697 3782 cedrus,
1724 3734 1840 3789 quia
1866 3718 1919 3771 in
1954 3717 2150 3772 Libano

577 3821 677 3871 est,
724 3809 1177 3878 multiplicabitur.
1221 3810 1298 3865 Ita
1344 3812 1591 3881 quotidie
1632 3812 1751 3882 ejus
1790 3811 1977 3866 virtuti
2011 3827 2152 3867 nova

580 3902 746 3957 ﬁebat
772 3905 1034 3969 accessio,
1063 3907 1156 3959 sed
1193 3904 1538 3959 aemulatione
1568 3905 1804 3973 quadam
1836 3904 1925 3959 ille
1963 3914 2153 3974 captus

580 4002 892 4048 sanctorum
917 3995 1135 4050 Patrum
1168 3996 1306 4051 vitas
1352 4004 1407 4051 et
1436 3994 1617 4049 divina
1650 3996 1867 4050 oracula
1896 4012 2006 4050 non
2032 3995 2154 4051 obi-

582 4094 665 4139 ter
692 4087 1031 4142 auscultabat
1060 4106 1073 4141 :
1100 4098 1262 4158 atque
1295 4104 1365 4143 ex
1392 4089 1498 4144 hoc
1527 4089 1794 4144 bonorum
1831 4087 1979 4142 fonte
2006 4088 2154 4143 salu-

584 4183 693 4229 tem
742 4175 795 4228 in
851 4176 1086 4231 animam
1142 4178 1442 4241 instillans,
1493 4177 1539 4231 si
1588 4176 1718 4247 quid
1744 4176 1885 4231 forte
1932 4185 2157 4246 praeter-

584 4265 773 4330 ﬂuere,
801 4274 858 4319 et
895 4267 965 4321 ob
997 4269 1265 4323 dictorum
1310 4268 1737 4339 profunditatem
1778 4268 1898 4339 ejus
1936 4278 2156 4339 captum

583 4356 824 4428 effugere
866 4360 1161 4424 videretur,
1211 4361 1392 4415 statim
1436 4361 1777 4433 interrogans
1816 4362 2157 4432 magistrum,

584 4451 905 4519 ignorantia:
952 4452 1184 4507 eluviem
1223 4454 1564 4510 obstruebat.
1610 4453 1666 4509 Si
1700 4454 1920 4525 quando
1974 4465 2155 4509 autem

2245 3263 2487 3335 γεωργεί
2526 3262 2620 3316 τὸν
2651 3261 2806 3316 κάτω
2835 3262 3182 3333 παράδεισον,
3217 3261 3312 3315 καὶ
3360 3261 3541 3332 τρυγᾷ
3580 3259 3677 3312 τὸν
3708 3260 3826 3313 ἂνω

2248 3354 2618 3426 παράδεισον·
2651 3355 2805 3410 ὕδατι
2834 3354 3185 3409 καταπιαίνει
3216 3352 3313 3423 τὴν
3339 3352 3467 3422 γῆν,
3500 3353 3602 3423 τὴν
3630 3351 3688 3405 δὶ
3714 3351 3825 3419 ψυ-

2248 3448 2351 3517 χὴν
2377 3446 2595 3519 ἀρδεύει
2614 3449 2729 3509 τοῖς
2750 3447 3005 3518 δάκρυσι,
3026 3445 3122 3502 καὶ
3147 3446 3490 3517 καρποφορεῖ
3526 3444 3713 3506 καλῶς
3737 3442 3827 3494 ἐπ’

2247 3541 2468 3610 ἀμφοῖν.
2487 3540 2720 3607 Δίκαιος
2742 3540 2852 3610 γὰρ
2866 3538 3158 3607 ὡς’φοῖνιξ
3171 3536 3450 3603 ἀνθήσει,
3466 3535 3828 3607 προφητικῶς

2254 3628 2680 3701 προηγόρευται,
2725 3628 2869 3683 ὡσεί
2887 3626 3119 3696 κέδρος,
3150 3628 3188 3695 ἠ
3214 3627 3284 3679 ἐν
3301 3624 3383 3691 τῷ
3401 3625 3650 3690 Λιϐάνῳ,
3675 3628 3829 3689 πλη-

2257 3718 2641 3784 θυνθήσεται.
2694 3717 2882 3783 οὕτως
2944 3718 3095 3789 αὐτῷ
3148 3720 3246 3785 τῆς
3302 3716 3503 3786 ἀρετῆς
3553 3714 3829 3784 ὁσημέραι

2256 3809 2642 3882 λαμύανούσης
2675 3810 2937 3876 ἐπίδοσιν,
2965 3808 3043 3880 τῷ
3064 3825 3124 3862 τε
3152 3808 3300 3878 ζήλῳ
3329 3806 3408 3878 τῷ
3435 3806 3545 3859 τῶν
3569 3805 3832 3874 Πατέρων

2254 3902 2355 3973 βίῳ
2384 3904 2480 3957 καὶ
2500 3904 2615 3966 τοῖς
2644 3902 2809 3966 θείοις
2833 3903 2895 3956 ού
2928 3900 3225 3974 παρέργως
3273 3900 3478 3968 λογίοις
3521 3898 3622 3969 τὴν
3655 3894 3832 3966 ἀκοὴν

2254 3992 2573 4047 ύπετίθετω
2604 3992 2855 4047 ἐντεῦθεν
2887 3993 2953 4046 ὲκ
2975 3994 3073 4063 τῆς
3098 3989 3212 4073 τῶν
3240 3988 3465 4058 ἀγαθῶν
3500 3987 3690 4057 πηγῆς
3730 3984 3834 4056 τὴν

2255 4084 2533 4154 σωτηρίαν
2573 4083 2710 4155 πρὸς
2737 4083 2837 4155 τὴν
2878 4082 3062 4154 ψυχὴν
3088 4080 3456 4152 είσρεόμενος,
3489 4076 3658 4148 ἡνίκα
3682 4076 3742 4129 δέ
3772 4093 3831 4129 τι

2255 4174 2572 4247 παραρρυὲν
2600 4174 2679 4246 τῷ
2713 4167 2867 4245 βάθὲι
2906 4173 3016 4227 τῶν
3034 4172 3345 4244 λεγομένων
3372 4170 3629 4239 διέφυγεν
3649 4169 3831 4236 ἀγνωο

2258 4282 2403 4331 στον,
2434 4265 2724 4337 ἀνερωτῶν
2773 4266 2865 4319 τὸν
2899 4264 3242 4328 διδάσκαλον,
3282 4263 3380 4330 τὴν
3422 4259 3701 4330 ἀπορροὴν
3728 4258 3832 4326 τῆς

2258 4358 2532 4427 ἀγνωσίας
2559 4358 2941 4428 ἀπέφραττενο
2977 4358 3026 4409 εί
3056 4356 3113 4410 δέ
3149 4372 3251 4408 που
3281 4356 3376 4407 καὶ
3403 4354 3517 4415 τοῖς
3547 4350 3660 4404 τῶν
3691 4350 3832 4402 καλ·-

2258 4449 2477 4503 λινίκων
2509 4447 2800 4522 μαρτύρων
2816 4449 3070 4519 ἐνέτυχεν
3101 4447 3439 4518 διηγήμασιν
3452 4444 3562 4509 (ἀεὶ
3583 4441 3640 4495 δὲ
3668 4439 3832 4494 τοῦτο

585 4540 908 4595 invictorum
933 4553 1227 4613 martyrum
1276 4544 1548 4609 historias,
1588 4560 1722 4615 quas
1753 4544 1973 4616 legeret,
2005 4545 2146 4601 inve-

2265 4541 2400 4611 πρὸς
2422 4540 2485 4593 τὸ
2510 4543 2710 4595 οἰκεῖον
2735 4540 3090 4612 διεπράττετο
3107 4535 3500 4606 καταγώγιον),
3522 4532 3832 4593 ἀκάθεκτος

585 4632 771 4687 niebat
799 4633 961 4704 (quod
990 4651 1157 4689 unum
1185 4652 1401 4707 semper
1422 4638 1615 4707 agebat
1663 4654 1787 4693 cum
1816 4653 1915 4693 sua
1944 4638 1998 4691 in
2026 4637 2163 4693 cella

587 4724 940 4795 versaretur),
968 4725 1213 4797 ﬂagranti
1254 4728 1477 4783 ardebat
1497 4729 1782 4789 desiderio.
1808 4728 1976 4783 multa
2000 4743 2160 4798 prece

590 4815 871 4871 obtestans
902 4818 1095 4884 Deum,
1126 4827 1185 4873 ut
1206 4836 1303 4890 pro
1332 4820 1451 4891 ejus
1478 4837 1666 4875 amore
1688 4821 1882 4875 similia
1906 4820 2159 4876 certami—

592 4922 662 4961 na
695 4908 845 4963 obire
878 4910 927 4965 ei
969 4927 1185 4981 quoque
1223 4913 1602 4983 contingeret:
1631 4914 1787 4983 cujus
1816 4914 2033 4984 quidem
2062 4913 2160 4967 de-

592 4999 779 5054 siderii
818 5001 870 5054 in
906 5011 1091 5057 nostro
1118 5016 1351 5077 martyre
1391 5016 1598 5060 certum
1631 5014 1747 5061 erat
1773 5006 2034 5076 judicium
2072 5019 2161 5059 re-

595 5108 714 5146 rum
751 5092 1062 5164 hujusmodi
1102 5098 1318 5153 assidua
1358 5098 1539 5153 lectio.
1580 5097 1729 5153 Solet
1761 5098 1906 5152 enim
1938 5113 2001 5152 ea
2046 5112 2168 5167 qua:

596 5185 718 5254 quis
742 5196 907 5253 amat,
934 5197 990 5243 et
1021 5189 1229 5255 auditu,
1267 5199 1321 5245 et
1350 5190 1552 5261 lingua,
1575 5197 1632 5246 et
1655 5190 1804 5245 omni
1837 5205 2001 5246 sensu
2038 5204 2166 5259 per-

2257 4632 2357 4703 τὴν
2391 4630 2689 4701 ἐπιθυμίαν
2731 4631 2961 4699 ἐγίνετο,
3010 4627 3324 4697 ὲκλιπαρῶν
3372 4626 3465 4679 τὸν
3514 4625 3648 4678 Θεὸν
3688 4623 3832 4691 ὑπὲρ

2259 4726 2426 4780 αὐτοῦ
2467 4727 2580 4789 τοῖς
2631 4724 2840 4795 ὁμοίοις
2899 4724 3195 4797 ὲναθλῆσαι
3256 4721 3668 4792 παλαίσμασινο
3738 4719 3833 4769 καὶ

2259 4819 2497 4889 γνώμων
2525 4818 2762 4889 ἀκριϐὴς
2783 4818 2877 4871 τοῦ
2910 4816 3076 4871 πόθου
3102 4816 3196 4870 τοῦ
3230 4816 3512 4885 μάρτυρος
3535 4815 3568 4881 ἡ
3599 4811 3833 4881 συνεχὴς

2260 4911 2370 4964 τῶν
2395 4910 2649 4963 τοιούτων
2672 4910 2997 4979 ἀνάγνωσις.
3035 4909 3204 4961 Εἴωθε
3248 4905 3357 4978 γάρ
3385 4923 3471 4968 τις
3514 4905 3659 4975 ἅπερ
3704 4905 3830 4973 ἐρᾷ,

2262 5004 2357 5057 καὶ
2399 5005 2537 5074 ἀκοῇ
2563 5041 2579 5065 ,
2610 5002 2704 5056 καὶ
2732 5001 2969 5073 γλώττῃ,
2998 5001 3094 5054 κα).
3120 4999 3211 5053 διὰ
3242 5000 3424 5067 πάσης
3455 4997 3610 5065 ἄγειν
3637 4995 3834 5064 αἰσθησ-

2267 5112 2433 5158 σεως,
2470 5095 2566 5148 καὶ
2595 5092 2895 5165 γυμνοῦται
2932 5092 3119 5146 λοιπὸν
3159 5094 3192 5162 ἡ
3236 5092 3501 5154 διάθεσις,
3546 5091 3595 5142 εί
3632 5089 3726 5141 καὶ
3774 5088 3836 5140 τὺ

2264 5186 2441 5239 δοκεῖν
2457 5187 2518 5239 τὸ
2538 5185 2776 5255 ἐννόημα
2794 5184 3118 5255 κρύπτεται.
3145 5182 3332 5239 Ταῦτα
3356 5182 3451 5237 τοῦ
3472 5176 3746 5253 μάρτυρος
3768 5180 3837 5232 τά

2098 5360 2332 5417 NOTAE.

829 5518 885 5596 in
917 5520 1104 5596 Gnaeo
1141 5537 1238 5590 pro
1268 5520 1451 5589 μέλλει
1484 5532 1599 5596 .cge
1627 5522 1795 5591 μέλει.

674 5589 789 5653 (27)
830 5587 971 5643 Psal.
1002 5606 1036 5653 ι,
1066 5592 1119 5645 5.

681 5659 793 5718 (:28)
836 5659 894 5714 In
929 5660 1111 5715 Gra'cu
1166 5676 1249 5730 pm
1312 5675 1598 5726 κηπευοντι
1650 5661 1732 5717 vel
1784 5661 2016 5731 legerem
2067 5677 2167 5714 xa-

2278 5516 2554 5584 πεύοντος,
2583 5522 2665 5574 vel
2700 5520 2993 5589 κηπεύοντι
3027 5518 3355 5589 ἐπιτηδείας.

2348 5591 2459 5660 (‘29)
2500 5591 2638 5646 Psal.
2670 5606 2777 5658 xei,
2813 5590 2891 5645 l3.
