  <div class='ocr_page' id='page_1' title='image "/cluster/home/n/w/nwhite01/storage/ocr_20150623/92/hvd.32044019208032/852.png"; bbox 0 0 4152 6290; ppageno 0'>
   <div class='ocr_carea' id='block_1_1' title="bbox 409 270 544 335">
    <p class='ocr_par' dir='ltr' id='par_1_1' title="bbox 409 270 544 335">
     <span class='ocr_line' id='line_1_1' title="bbox 409 270 544 335; baseline -0.007 0"><span class='ocrx_word' id='word_1_1' title='bbox 409 270 544 335; x_wconf 81' lang='lat'><strong>1603</strong></span> 
     </span>
    </p>
   </div>
   <div class='ocr_carea' id='block_1_2' title="bbox 1425 258 2627 322">
    <p class='ocr_par' dir='ltr' id='par_1_2' title="bbox 1425 258 2627 322">
     <span class='ocr_line' id='line_1_2' title="bbox 1425 258 2627 322; baseline 0.002 -2"><span class='ocrx_word' id='word_1_2' title='bbox 1425 259 1602 321; x_wconf 79' lang='lat' dir='ltr'><strong>Vl&#39;I’A</strong></span> <span class='ocrx_word' id='word_1_3' title='bbox 1656 260 1716 320; x_wconf 93' lang='lat' dir='ltr'><strong>S.</strong></span> <span class='ocrx_word' id='word_1_4' title='bbox 1762 258 2160 320; x_wconf 80' lang='lat' dir='ltr'><strong>ANASTASII</strong></span> <span class='ocrx_word' id='word_1_5' title='bbox 2210 260 2627 322; x_wconf 79' lang='lat' dir='ltr'><strong>MARTYRIS.</strong></span> 
     </span>
    </p>
   </div>
   <div class='ocr_carea' id='block_1_3' title="bbox 3528 268 3665 335">
    <p class='ocr_par' dir='ltr' id='par_1_3' title="bbox 3528 268 3665 335">
     <span class='ocr_line' id='line_1_3' title="bbox 3528 268 3665 335; baseline 0.015 -2"><span class='ocrx_word' id='word_1_6' title='bbox 3528 268 3665 335; x_wconf 70' lang='lat' dir='ltr'><strong>169i</strong></span> 
     </span>
    </p>
   </div>
   <div class='ocr_carea' id='block_1_4' title="bbox 402 370 1969 456">
    <p class='ocr_par' dir='ltr' id='par_1_4' title="bbox 402 370 1969 456">
     <span class='ocr_line' id='line_1_4' title="bbox 402 370 1969 456; baseline -0.01 -17"><span class='ocrx_word' id='word_1_7' title='bbox 402 383 700 456; x_wconf 84' lang='grc' dir='ltr'>γυμνάσια,</span> <span class='ocrx_word' id='word_1_8' title='bbox 715 379 943 442; x_wconf 85' lang='grc' dir='ltr'>ταύταις</span> <span class='ocrx_word' id='word_1_9' title='bbox 973 375 1206 447; x_wconf 72' lang='grc' dir='ltr'>ἑϐδομὰς</span> <span class='ocrx_word' id='word_1_10' title='bbox 1228 372 1511 451; x_wconf 47' lang='grc' dir='ltr'>ἐτ‹ῗ›ν.ταίς</span> <span class='ocrx_word' id='word_1_11' title='bbox 1540 370 1794 441; x_wconf 76' lang='grc' dir='ltr'><strong>μελέταις</strong></span> <span class='ocrx_word' id='word_1_12' title='bbox 1819 371 1969 439; x_wconf 85' lang='grc' dir='ltr'>ἐγγί-</span> 
     </span>
    </p>
   </div>
   <div class='ocr_carea' id='block_1_5' title="bbox 2074 370 3659 456">
    <p class='ocr_par' dir='ltr' id='par_1_5' title="bbox 2076 371 3659 451">
     <span class='ocr_line' id='line_1_5' title="bbox 2076 371 3659 451; baseline 0.007 -26"><span class='ocrx_word' id='word_1_13' title='bbox 2076 371 2252 441; x_wconf 88' lang='lat' dir='ltr'><strong>sequi,</strong></span> <span class='ocrx_word' id='word_1_14' title='bbox 2295 388 2360 428; x_wconf 88' lang='lat' dir='ltr'><strong>ac</strong></span> <span class='ocrx_word' id='word_1_15' title='bbox 2400 381 2514 428; x_wconf 91' lang='lat' dir='ltr'><strong>tum</strong></span> <span class='ocrx_word' id='word_1_16' title='bbox 2556 373 2778 430; x_wconf 87' lang='lat' dir='ltr'><strong>demum</strong></span> <span class='ocrx_word' id='word_1_17' title='bbox 2830 373 2996 430; x_wconf 89' lang='lat' dir='ltr'><strong>animi</strong></span> <span class='ocrx_word' id='word_1_18' title='bbox 3035 375 3319 448; x_wconf 70' lang='lat' dir='ltr'><strong>dispositio</strong></span> <span class='ocrx_word' id='word_1_19' title='bbox 3364 377 3659 451; x_wconf 84' lang='lat' dir='ltr'><strong>detegitur.</strong></span> 
     </span>
    </p>
   </div>
   <div class='ocr_carea' id='block_1_6' title="bbox 403 462 1975 543">
    <p class='ocr_par' dir='ltr' id='par_1_6' title="bbox 403 462 1975 543">
     <span class='ocr_line' id='line_1_6' title="bbox 403 462 1975 543; baseline -0.007 -15"><span class='ocrx_word' id='word_1_20' title='bbox 403 492 572 529; x_wconf 87' lang='grc' dir='ltr'>νεται.</span> <span class='ocrx_word' id='word_1_21' title='bbox 621 473 681 527; x_wconf 89' lang='lat'><strong>&#39;0</strong></span> <span class='ocrx_word' id='word_1_22' title='bbox 712 472 813 543; x_wconf 75' lang='grc' dir='ltr'>μὲν</span> <span class='ocrx_word' id='word_1_23' title='bbox 846 465 939 524; x_wconf 79' lang='grc' dir='ltr'>οὖν</span> <span class='ocrx_word' id='word_1_24' title='bbox 967 467 1260 539; x_wconf 85' lang='grc' dir='ltr'>μισόκαλος</span> <span class='ocrx_word' id='word_1_25' title='bbox 1285 465 1527 536; x_wconf 79' lang='grc' dir='ltr'>δράκων,</span> <span class='ocrx_word' id='word_1_26' title='bbox 1556 462 1588 515; x_wconf 82' lang='grc' dir='ltr'><strong>ὑ</strong></span> <span class='ocrx_word' id='word_1_27' title='bbox 1611 462 1794 533; x_wconf 81' lang='grc' dir='ltr'>πάσης</span> <span class='ocrx_word' id='word_1_28' title='bbox 1822 463 1975 517; x_wconf 80' lang='grc' dir='ltr'>ἀντί-</span> 
     </span>
    </p>
   </div>
   <div class='ocr_carea' id='block_1_7' title="bbox 401 552 1973 633">
    <p class='ocr_par' dir='ltr' id='par_1_7' title="bbox 401 552 1973 633">
     <span class='ocr_line' id='line_1_7' title="bbox 401 552 1973 633; baseline -0.008 -13"><span class='ocrx_word' id='word_1_29' title='bbox 401 566 576 629; x_wconf 87' lang='grc' dir='ltr'>παλος</span> <span class='ocrx_word' id='word_1_30' title='bbox 608 564 832 633; x_wconf 84' lang='grc' dir='ltr'>ἀρετῆς,</span> <span class='ocrx_word' id='word_1_31' title='bbox 863 560 1075 631; x_wconf 79' lang='grc' dir='ltr'>φθονῶν</span> <span class='ocrx_word' id='word_1_32' title='bbox 1103 558 1183 627; x_wconf 84' lang='grc' dir='ltr'>τῷ</span> <span class='ocrx_word' id='word_1_33' title='bbox 1213 556 1354 627; x_wconf 82' lang='grc' dir='ltr'>ἁγίῳ</span> <span class='ocrx_word' id='word_1_34' title='bbox 1381 555 1482 625; x_wconf 84' lang='grc' dir='ltr'>τῆς</span> <span class='ocrx_word' id='word_1_35' title='bbox 1507 553 1646 623; x_wconf 78' lang='grc' dir='ltr'>πρὸς</span> <span class='ocrx_word' id='word_1_36' title='bbox 1677 552 1817 608; x_wconf 79' lang='grc' dir='ltr'>Θεὸν</span> <span class='ocrx_word' id='word_1_37' title='bbox 1838 555 1973 608; x_wconf 83' lang='grc' dir='ltr'>ἀνα-</span> 
     </span>
    </p>
   </div>
   <div class='ocr_carea' id='block_1_8' title="bbox 401 644 1975 718">
    <p class='ocr_par' dir='ltr' id='par_1_8' title="bbox 401 644 1975 718">
     <span class='ocr_line' id='line_1_8' title="bbox 401 644 1975 718; baseline -0.009 -7"><span class='ocrx_word' id='word_1_38' title='bbox 401 658 637 718; x_wconf 81' lang='grc' dir='ltr'>ϐάσεως,</span> <span class='ocrx_word' id='word_1_39' title='bbox 668 652 909 709; x_wconf 80' lang='grc' dir='ltr'><strong>ἀνεκίνει</strong></span> <span class='ocrx_word' id='word_1_40' title='bbox 939 652 1002 705; x_wconf 81' lang='grc' dir='ltr'>τὸ</span> <span class='ocrx_word' id='word_1_41' title='bbox 1033 648 1294 709; x_wconf 63' lang='grc' dir='ltr'>δυσσεϐὲς</span> <span class='ocrx_word' id='word_1_42' title='bbox 1322 646 1474 716; x_wconf 90' lang='grc' dir='ltr'><strong>αὑτῷ</strong></span> <span class='ocrx_word' id='word_1_43' title='bbox 1499 646 1602 715; x_wconf 86' lang='grc' dir='ltr'>τῆς</span> <span class='ocrx_word' id='word_1_44' title='bbox 1630 644 1975 716; x_wconf 74' lang='grc' dir='ltr'><strong>μαγγανείας</strong></span> 
     </span>
    </p>
   </div>
   <div class='ocr_carea' id='block_1_9' title="bbox 400 737 1976 821">
    <p class='ocr_par' dir='ltr' id='par_1_9' title="bbox 400 737 1976 821">
     <span class='ocr_line' id='line_1_9' title="bbox 400 737 1976 821; baseline -0.008 -18"><span class='ocrx_word' id='word_1_45' title='bbox 400 748 743 821; x_wconf 73' lang='grc' dir='ltr'>ἀρρώστημα</span> <span class='ocrx_word' id='word_1_46' title='bbox 764 764 779 778; x_wconf 75' lang='grc' dir='ltr'><strong>ο</strong></span> <span class='ocrx_word' id='word_1_47' title='bbox 812 742 933 800; x_wconf 71' lang='grc' dir='ltr'>εἶτα</span> <span class='ocrx_word' id='word_1_48' title='bbox 956 744 1055 813; x_wconf 83' lang='grc' dir='ltr'>τῆς</span> <span class='ocrx_word' id='word_1_49' title='bbox 1086 741 1275 810; x_wconf 79' lang='grc' dir='ltr'><strong>ὑγιοῦς</strong></span> <span class='ocrx_word' id='word_1_50' title='bbox 1302 741 1758 811; x_wconf 74' lang='grc' dir='ltr'><strong>ἀποπειρώμενος</strong></span> <span class='ocrx_word' id='word_1_51' title='bbox 1794 737 1976 793; x_wconf 77' lang='grc' dir='ltr'>διαθέο</span> 
     </span>
    </p>
   </div>
   <div class='ocr_carea' id='block_1_10' title="bbox 403 830 1974 907">
    <p class='ocr_par' dir='ltr' id='par_1_10' title="bbox 403 830 1974 907">
     <span class='ocr_line' id='line_1_10' title="bbox 403 830 1974 907; baseline -0.007 -13"><span class='ocrx_word' id='word_1_52' title='bbox 403 858 541 904; x_wconf 84' lang='grc' dir='ltr'>σεως</span> <span class='ocrx_word' id='word_1_53' title='bbox 580 839 816 903; x_wconf 85' lang='grc' dir='ltr'>ἐκλύειν,</span> <span class='ocrx_word' id='word_1_54' title='bbox 844 836 1051 907; x_wconf 87' lang='grc' dir='ltr'>ταύτην</span> <span class='ocrx_word' id='word_1_55' title='bbox 1076 833 1373 888; x_wconf 76' lang='grc' dir='ltr'><strong>ὑπώπτευε</strong></span> <span class='ocrx_word' id='word_1_56' title='bbox 1402 830 1481 903; x_wconf 81' lang='grc' dir='ltr'>τῷ</span> <span class='ocrx_word' id='word_1_57' title='bbox 1526 830 1780 903; x_wconf 81' lang='grc' dir='ltr'><strong>προτέρῳ</strong></span> <span class='ocrx_word' id='word_1_58' title='bbox 1810 830 1974 900; x_wconf 79' lang='grc' dir='ltr'>νοσή-</span> 
     </span>
    </p>
   </div>
   <div class='ocr_carea' id='block_1_11' title="bbox 404 922 1971 1003">
    <p class='ocr_par' dir='ltr' id='par_1_11' title="bbox 404 922 1971 1003">
     <span class='ocr_line' id='line_1_11' title="bbox 404 922 1971 1003; baseline -0.008 -17"><span class='ocrx_word' id='word_1_59' title='bbox 404 951 557 1003; x_wconf 82' lang='grc' dir='ltr'>ματι,</span> <span class='ocrx_word' id='word_1_60' title='bbox 585 932 679 985; x_wconf 75' lang='grc' dir='ltr'>καὶ</span> <span class='ocrx_word' id='word_1_61' title='bbox 708 930 808 1000; x_wconf 85' lang='grc' dir='ltr'>τὴν</span> <span class='ocrx_word' id='word_1_62' title='bbox 835 927 1099 999; x_wconf 84' lang='grc' dir='ltr'>μαγικὴν,</span> <span class='ocrx_word' id='word_1_63' title='bbox 1125 925 1201 990; x_wconf 81' lang='grc' dir='ltr'><strong>ὡς</strong></span> <span class='ocrx_word' id='word_1_64' title='bbox 1227 926 1427 991; x_wconf 79' lang='grc' dir='ltr'>εἰπεῖν,</span> <span class='ocrx_word' id='word_1_65' title='bbox 1445 922 1591 977; x_wconf 80' lang='grc' dir='ltr'>Εὔαν</span> <span class='ocrx_word' id='word_1_66' title='bbox 1623 922 1971 993; x_wconf 80' lang='grc' dir='ltr'>ὑπέπεμπεν,</span> 
     </span>
    </p>
   </div>
   <div class='ocr_carea' id='block_1_12' title="bbox 399 1014 1970 1093">
    <p class='ocr_par' dir='ltr' id='par_1_12' title="bbox 399 1014 1970 1093">
     <span class='ocr_line' id='line_1_12' title="bbox 399 1014 1970 1093; baseline -0.008 -13"><span class='ocrx_word' id='word_1_67' title='bbox 399 1026 620 1093; x_wconf 78' lang='grc' dir='ltr'>ἐξάγειν</span> <span class='ocrx_word' id='word_1_68' title='bbox 644 1022 939 1093; x_wconf 79' lang='grc' dir='ltr'>ἐπιχειρῶν</span> <span class='ocrx_word' id='word_1_69' title='bbox 963 1018 1062 1073; x_wconf 79' lang='grc' dir='ltr'><strong>τοῦ</strong></span> <span class='ocrx_word' id='word_1_70' title='bbox 1094 1016 1429 1089; x_wconf 80' lang='grc' dir='ltr'>παραδείσου</span> <span class='ocrx_word' id='word_1_71' title='bbox 1455 1016 1558 1085; x_wconf 82' lang='grc' dir='ltr'>τῆς</span> <span class='ocrx_word' id='word_1_72' title='bbox 1585 1015 1849 1078; x_wconf 83' lang='grc' dir='ltr'>πίστεως.</span> <span class='ocrx_word' id='word_1_73' title='bbox 1891 1014 1970 1069; x_wconf 83' lang='grc' dir='ltr'><strong>Οὐ</strong></span> 
     </span>
    </p>
   </div>
   <div class='ocr_carea' id='block_1_13' title="bbox 403 1102 1969 1185">
    <p class='ocr_par' dir='ltr' id='par_1_13' title="bbox 403 1102 1969 1185">
     <span class='ocr_line' id='line_1_13' title="bbox 403 1102 1969 1185; baseline -0.008 -18"><span class='ocrx_word' id='word_1_74' title='bbox 403 1116 511 1185; x_wconf 74' lang='grc' dir='ltr'>μὴν</span> <span class='ocrx_word' id='word_1_75' title='bbox 546 1114 640 1167; x_wconf 79' lang='grc' dir='ltr'>τὸν</span> <span class='ocrx_word' id='word_1_76' title='bbox 687 1111 915 1181; x_wconf 73' lang='grc' dir='ltr'>στερρὸν</span> <span class='ocrx_word' id='word_1_77' title='bbox 948 1110 1155 1163; x_wconf 81' lang='grc' dir='ltr'>ἐκεῖνον</span> <span class='ocrx_word' id='word_1_78' title='bbox 1207 1106 1489 1177; x_wconf 73' lang='grc' dir='ltr'>ἠπάτησεν</span> <span class='ocrx_word' id='word_1_79' title='bbox 1517 1103 1828 1174; x_wconf 71' lang='grc' dir='ltr'>ἄνθρωπονο</span> <span class='ocrx_word' id='word_1_80' title='bbox 1869 1102 1969 1173; x_wconf 71' lang='grc' dir='ltr'>ήδη</span> 
     </span>
    </p>
   </div>
   <div class='ocr_carea' id='block_1_14' title="bbox 399 1192 1971 1271">
    <p class='ocr_par' dir='ltr' id='par_1_14' title="bbox 399 1192 1971 1271">
     <span class='ocr_line' id='line_1_14' title="bbox 399 1192 1971 1271; baseline -0.004 -17"><span class='ocrx_word' id='word_1_81' title='bbox 399 1201 509 1271; x_wconf 81' lang='grc' dir='ltr'><strong>γάρ</strong></span> <span class='ocrx_word' id='word_1_82' title='bbox 548 1199 695 1269; x_wconf 83' lang='grc' dir='ltr'>αὑτῷ</span> <span class='ocrx_word' id='word_1_83' title='bbox 738 1198 799 1252; x_wconf 78' lang='grc' dir='ltr'>τὸ</span> <span class='ocrx_word' id='word_1_84' title='bbox 843 1197 1081 1268; x_wconf 77' lang='grc' dir='ltr'>πονηρὸν</span> <span class='ocrx_word' id='word_1_85' title='bbox 1128 1195 1346 1249; x_wconf 85' lang='grc' dir='ltr'>ἐλέλυτο</span> <span class='ocrx_word' id='word_1_86' title='bbox 1398 1192 1771 1248; x_wconf 80' lang='grc' dir='ltr'>συνοικέσιον·</span> <span class='ocrx_word' id='word_1_87' title='bbox 1819 1193 1971 1263; x_wconf 80' lang='grc' dir='ltr'>ὅμως</span> 
     </span>
    </p>
   </div>
   <div class='ocr_carea' id='block_1_15' title="bbox 401 1285 1968 1360">
    <p class='ocr_par' dir='ltr' id='par_1_15' title="bbox 401 1285 1968 1360">
     <span class='ocr_line' id='line_1_15' title="bbox 401 1285 1968 1360; baseline -0.006 -14"><span class='ocrx_word' id='word_1_88' title='bbox 401 1290 732 1346; x_wconf 59' lang='grc' dir='ltr'>ἐπικαλύπτει</span> <span class='ocrx_word' id='word_1_89' title='bbox 759 1289 839 1360; x_wconf 78' lang='grc' dir='ltr'>τῷ</span> <span class='ocrx_word' id='word_1_90' title='bbox 867 1287 1173 1350; x_wconf 74' lang='grc' dir='ltr'>διδασκάλῳ</span> <span class='ocrx_word' id='word_1_91' title='bbox 1202 1287 1263 1339; x_wconf 79' lang='grc' dir='ltr'>τὸ</span> <span class='ocrx_word' id='word_1_92' title='bbox 1292 1285 1582 1356; x_wconf 77' lang='grc' dir='ltr'>ἐγκάρδιον</span> <span class='ocrx_word' id='word_1_93' title='bbox 1606 1285 1841 1355; x_wconf 86' lang='grc' dir='ltr'>νόσημα,</span> <span class='ocrx_word' id='word_1_94' title='bbox 1885 1286 1968 1337; x_wconf 87' lang='grc' dir='ltr'>ία-</span> 
     </span>
    </p>
   </div>
   <div class='ocr_carea' id='block_1_16' title="bbox 399 1374 1967 1451">
    <p class='ocr_par' dir='ltr' id='par_1_16' title="bbox 399 1374 1967 1451">
     <span class='ocr_line' id='line_1_16' title="bbox 399 1374 1967 1451; baseline -0.003 -18"><span class='ocrx_word' id='word_1_95' title='bbox 399 1381 627 1451; x_wconf 83' lang='grc' dir='ltr'>τρεῦσαι</span> <span class='ocrx_word' id='word_1_96' title='bbox 666 1380 921 1450; x_wconf 83' lang='grc' dir='ltr'>δεόμενος</span> <span class='ocrx_word' id='word_1_97' title='bbox 953 1377 1015 1431; x_wconf 80' lang='grc' dir='ltr'>τὸ</span> <span class='ocrx_word' id='word_1_98' title='bbox 1046 1376 1379 1447; x_wconf 79' lang='grc' dir='ltr'>πονούμενον</span> <span class='ocrx_word' id='word_1_99' title='bbox 1398 1391 1414 1404; x_wconf 86' lang='grc'><strong>·</strong></span> <span class='ocrx_word' id='word_1_100' title='bbox 1454 1376 1574 1429; x_wconf 78' lang='grc' dir='ltr'>θεῖα</span> <span class='ocrx_word' id='word_1_101' title='bbox 1613 1374 1722 1445; x_wconf 85' lang='grc' dir='ltr'><strong>γὰρ</strong></span> <span class='ocrx_word' id='word_1_102' title='bbox 1744 1375 1824 1445; x_wconf 82' lang='grc' dir='ltr'>τῷ</span> <span class='ocrx_word' id='word_1_103' title='bbox 1853 1376 1967 1429; x_wconf 86' lang='grc' dir='ltr'><strong>Πα-</strong></span> 
     </span>
    </p>
   </div>
   <div class='ocr_carea' id='block_1_17' title="bbox 400 1462 1970 1542">
    <p class='ocr_par' dir='ltr' id='par_1_17' title="bbox 400 1462 1970 1542">
     <span class='ocr_line' id='line_1_17' title="bbox 400 1462 1970 1542; baseline -0.002 -19"><span class='ocrx_word' id='word_1_104' title='bbox 400 1472 491 1542; x_wconf 76' lang='grc' dir='ltr'>τρὶ</span> <span class='ocrx_word' id='word_1_105' title='bbox 528 1470 744 1541; x_wconf 73' lang='grc' dir='ltr'>συνῄδει</span> <span class='ocrx_word' id='word_1_106' title='bbox 787 1469 1123 1541; x_wconf 81' lang='grc' dir='ltr'>χαρίσματα.</span> <span class='ocrx_word' id='word_1_107' title='bbox 1148 1468 1214 1521; x_wconf 87' lang='grc' dir='ltr'>Τί</span> <span class='ocrx_word' id='word_1_108' title='bbox 1242 1462 1338 1521; x_wconf 75' lang='grc' dir='ltr'>οὖν</span> <span class='ocrx_word' id='word_1_109' title='bbox 1362 1468 1393 1520; x_wconf 79' lang='grc' dir='ltr'><strong>ό</strong></span> <span class='ocrx_word' id='word_1_110' title='bbox 1421 1466 1601 1536; x_wconf 84' lang='grc' dir='ltr'>μέγας</span> <span class='ocrx_word' id='word_1_111' title='bbox 1623 1466 1831 1529; x_wconf 78' lang='grc' dir='ltr'>ἐκεῖνος</span> <span class='ocrx_word' id='word_1_112' title='bbox 1857 1467 1970 1521; x_wconf 88' lang='grc' dir='ltr'><strong>τῶν</strong></span> 
     </span>
    </p>
   </div>
   <div class='ocr_carea' id='block_1_18' title="bbox 396 1558 1970 1634">
    <p class='ocr_par' dir='ltr' id='par_1_18' title="bbox 396 1558 1970 1634">
     <span class='ocr_line' id='line_1_18' title="bbox 396 1558 1970 1634; baseline -0.002 -19"><span class='ocrx_word' id='word_1_113' title='bbox 396 1562 585 1633; x_wconf 77' lang='grc' dir='ltr'>ψυχῶν</span> <span class='ocrx_word' id='word_1_114' title='bbox 645 1562 864 1634; x_wconf 84' lang='grc' dir='ltr'>ίατρός;</span> <span class='ocrx_word' id='word_1_115' title='bbox 914 1560 1276 1629; x_wconf 62' lang='grc' dir='ltr'>Συγκαλεὴαι</span> <span class='ocrx_word' id='word_1_116' title='bbox 1329 1560 1457 1622; x_wconf 80' lang='grc' dir='ltr'>τοὺς</span> <span class='ocrx_word' id='word_1_117' title='bbox 1500 1558 1767 1628; x_wconf 80' lang='grc' dir='ltr'>ἀδελφοὺς</span> <span class='ocrx_word' id='word_1_118' title='bbox 1830 1559 1970 1631; x_wconf 76' lang='grc' dir='ltr'>πρὸς</span> 
     </span>
    </p>
   </div>
   <div class='ocr_carea' id='block_1_19' title="bbox 396 1648 1967 1725">
    <p class='ocr_par' dir='ltr' id='par_1_19' title="bbox 396 1648 1967 1725">
     <span class='ocr_line' id='line_1_19' title="bbox 396 1648 1967 1725; baseline -0.003 -17"><span class='ocrx_word' id='word_1_119' title='bbox 396 1654 709 1725; x_wconf 82' lang='grc' dir='ltr'>ἐπίσκεψιν,</span> <span class='ocrx_word' id='word_1_120' title='bbox 759 1654 857 1708; x_wconf 70' lang='grc' dir='ltr'>καὶ</span> <span class='ocrx_word' id='word_1_121' title='bbox 896 1653 991 1706; x_wconf 80' lang='grc' dir='ltr'>τὸν</span> <span class='ocrx_word' id='word_1_122' title='bbox 1035 1652 1314 1722; x_wconf 79' lang='grc' dir='ltr'>κάμνοντα</span> <span class='ocrx_word' id='word_1_123' title='bbox 1355 1648 1670 1721; x_wconf 88' lang='grc' dir='ltr'>νοσοκομῶν</span> <span class='ocrx_word' id='word_1_124' title='bbox 1703 1650 1967 1722; x_wconf 82' lang='grc' dir='ltr'>παραινέ-</span> 
     </span>
    </p>
   </div>
   <div class='ocr_carea' id='block_1_20' title="bbox 2081 462 3661 542">
    <p class='ocr_par' dir='ltr' id='par_1_20' title="bbox 2081 462 3661 542">
     <span class='ocr_line' id='line_1_20' title="bbox 2081 462 3661 542; baseline 0.006 -25"><span class='ocrx_word' id='word_1_125' title='bbox 2081 462 2330 533; x_wconf 77' lang='lat' dir='ltr'><strong>quamvis</strong></span> <span class='ocrx_word' id='word_1_126' title='bbox 2383 464 2567 535; x_wconf 80' lang='lat' dir='ltr'><strong>specie</strong></span> <span class='ocrx_word' id='word_1_127' title='bbox 2615 467 2921 523; x_wconf 77' lang='lat' dir='ltr'><strong>occultetur</strong></span> <span class='ocrx_word' id='word_1_128' title='bbox 2997 469 3241 541; x_wconf 81' lang='lat' dir='ltr'><strong>ogitatio.</strong></span> <span class='ocrx_word' id='word_1_129' title='bbox 3309 467 3438 526; x_wconf 70' lang='lat' dir='ltr'><strong>Haec</strong></span> <span class='ocrx_word' id='word_1_130' title='bbox 3478 471 3661 542; x_wconf 83' lang='lat' dir='ltr'><strong>itaque</strong></span> 
     </span>
    </p>
   </div>
   <div class='ocr_carea' id='block_1_21' title="bbox 2080 552 3661 624">
    <p class='ocr_par' dir='ltr' id='par_1_21' title="bbox 2080 552 3661 624">
     <span class='ocr_line' id='line_1_21' title="bbox 2080 552 3661 624; baseline 0.006 -17"><span class='ocrx_word' id='word_1_131' title='bbox 2080 552 2301 607; x_wconf 86' lang='lat' dir='ltr'><strong>fuerunt</strong></span> <span class='ocrx_word' id='word_1_132' title='bbox 2323 554 2575 624; x_wconf 81' lang='lat' dir='ltr'><strong>martyris</strong></span> <span class='ocrx_word' id='word_1_133' title='bbox 2592 556 3033 613; x_wconf 74' lang='lat' dir='ltr'><strong>exercitamenta.</strong></span> <span class='ocrx_word' id='word_1_134' title='bbox 3071 558 3131 613; x_wconf 86' lang='lat' dir='ltr'><strong>In</strong></span> <span class='ocrx_word' id='word_1_135' title='bbox 3164 559 3318 615; x_wconf 83' lang='lat' dir='ltr'><strong>hisce</strong></span> <span class='ocrx_word' id='word_1_136' title='bbox 3347 561 3511 616; x_wconf 84' lang='lat' dir='ltr'><strong>rebus</strong></span> <span class='ocrx_word' id='word_1_137' title='bbox 3539 577 3661 618; x_wconf 91' lang='lat' dir='ltr'><strong>me-</strong></span> 
     </span>
    </p>
   </div>
   <div class='ocr_carea' id='block_1_22' title="bbox 2078 644 3661 722">
    <p class='ocr_par' dir='ltr' id='par_1_22' title="bbox 2078 644 3661 722">
     <span class='ocr_line' id='line_1_22' title="bbox 2078 644 3661 722; baseline 0.007 -23"><span class='ocrx_word' id='word_1_138' title='bbox 2078 644 2319 700; x_wconf 85' lang='lat' dir='ltr'><strong>ditandis</strong></span> <span class='ocrx_word' id='word_1_139' title='bbox 2340 656 2549 717; x_wconf 86' lang='lat' dir='ltr'><strong>septem</strong></span> <span class='ocrx_word' id='word_1_140' title='bbox 2577 662 2755 704; x_wconf 89' lang='lat' dir='ltr'><strong>annos</strong></span> <span class='ocrx_word' id='word_1_141' title='bbox 2781 650 3123 720; x_wconf 86' lang='lat' dir='ltr'><strong>consumpsit</strong></span> <span class='ocrx_word' id='word_1_142' title='bbox 3146 652 3285 722; x_wconf 85' lang='grc'><strong>(50).</strong></span> <span class='ocrx_word' id='word_1_143' title='bbox 3303 650 3501 708; x_wconf 82' lang='lat' dir='ltr'><strong>Verum</strong></span> <span class='ocrx_word' id='word_1_144' title='bbox 3527 652 3661 710; x_wconf 82' lang='lat' dir='ltr'><strong>boni</strong></span> 
     </span>
    </p>
   </div>
   <div class='ocr_carea' id='block_1_23' title="bbox 2078 737 3657 811">
    <p class='ocr_par' dir='ltr' id='par_1_23' title="bbox 2078 737 3657 811">
     <span class='ocr_line' id='line_1_23' title="bbox 2078 737 3657 811; baseline 0.006 -18"><span class='ocrx_word' id='word_1_145' title='bbox 2078 737 2371 807; x_wconf 84' lang='lat' dir='ltr'><strong>cujuslibet</strong></span> <span class='ocrx_word' id='word_1_146' title='bbox 2402 753 2547 805; x_wconf 89' lang='lat' dir='ltr'><strong>osor,</strong></span> <span class='ocrx_word' id='word_1_147' title='bbox 2596 748 2652 795; x_wconf 88' lang='grc' dir='ltr'><strong>ει</strong></span> <span class='ocrx_word' id='word_1_148' title='bbox 2687 741 2868 798; x_wconf 89' lang='lat' dir='ltr'><strong>omnis</strong></span> <span class='ocrx_word' id='word_1_149' title='bbox 2904 741 3121 797; x_wconf 85' lang='lat' dir='ltr'><strong>virtutis</strong></span> <span class='ocrx_word' id='word_1_150' title='bbox 3163 743 3420 801; x_wconf 89' lang='lat' dir='ltr'><strong>inimicus</strong></span> <span class='ocrx_word' id='word_1_151' title='bbox 3469 746 3657 811; x_wconf 84' lang='lat' dir='ltr'><strong>draco,</strong></span> 
     </span>
    </p>
   </div>
   <div class='ocr_carea' id='block_1_24' title="bbox 2061 827 3656 907">
    <p class='ocr_par' dir='ltr' id='par_1_24' title="bbox 2061 827 3656 907">
     <span class='ocr_line' id='line_1_24' title="bbox 2061 827 3656 907; baseline 0.008 -25"><span class='ocrx_word' id='word_1_152' title='bbox 2061 827 2329 884; x_wconf 73' lang='lat' dir='ltr'><strong>invidens</strong></span> <span class='ocrx_word' id='word_1_153' title='bbox 2364 837 2574 897; x_wconf 88' lang='lat' dir='ltr'><strong>sancto,</strong></span> <span class='ocrx_word' id='word_1_154' title='bbox 2607 831 2753 902; x_wconf 90' lang='lat' dir='ltr'><strong>quod</strong></span> <span class='ocrx_word' id='word_1_155' title='bbox 2797 840 3007 887; x_wconf 89' lang='lat' dir='ltr'><strong>tantum</strong></span> <span class='ocrx_word' id='word_1_156' title='bbox 3048 833 3101 888; x_wconf 91' lang='lat' dir='ltr'><strong>in</strong></span> <span class='ocrx_word' id='word_1_157' title='bbox 3145 834 3317 889; x_wconf 89' lang='lat' dir='ltr'><strong>Deum</strong></span> <span class='ocrx_word' id='word_1_158' title='bbox 3347 837 3656 907; x_wconf 82' lang='lat' dir='ltr'><strong>proﬁceret,</strong></span> 
     </span>
    </p>
   </div>
   <div class='ocr_carea' id='block_1_25' title="bbox 2078 916 3658 1000">
    <p class='ocr_par' dir='ltr' id='par_1_25' title="bbox 2078 916 3658 1000">
     <span class='ocr_line' id='line_1_25' title="bbox 2078 916 3658 1000; baseline 0.009 -30"><span class='ocrx_word' id='word_1_159' title='bbox 2078 916 2303 988; x_wconf 91' lang='lat' dir='ltr'><strong>impium</strong></span> <span class='ocrx_word' id='word_1_160' title='bbox 2341 920 2564 991; x_wconf 85' lang='lat' dir='ltr'><strong>magicae</strong></span> <span class='ocrx_word' id='word_1_161' title='bbox 2596 922 3000 993; x_wconf 86' lang='lat' dir='ltr'><strong>superstitionis</strong></span> <span class='ocrx_word' id='word_1_162' title='bbox 3029 924 3282 981; x_wconf 88' lang='lat' dir='ltr'><strong>morbum</strong></span> <span class='ocrx_word' id='word_1_163' title='bbox 3316 927 3373 981; x_wconf 92' lang='lat' dir='ltr'><strong>in</strong></span> <span class='ocrx_word' id='word_1_164' title='bbox 3408 943 3475 983; x_wconf 91' lang='lat' dir='ltr'><strong>eo</strong></span> <span class='ocrx_word' id='word_1_165' title='bbox 3505 930 3658 1000; x_wconf 88' lang='lat' dir='ltr'><strong>sopi-</strong></span> 
     </span>
    </p>
   </div>
   <div class='ocr_carea' id='block_1_26' title="bbox 2079 1011 3655 1079">
    <p class='ocr_par' dir='ltr' id='par_1_26' title="bbox 2079 1011 3655 1079">
     <span class='ocr_line' id='line_1_26' title="bbox 2079 1011 3655 1079; baseline 0.008 -16"><span class='ocrx_word' id='word_1_166' title='bbox 2079 1018 2194 1064; x_wconf 89' lang='lat' dir='ltr'><strong>tum</strong></span> <span class='ocrx_word' id='word_1_167' title='bbox 2222 1011 2468 1079; x_wconf 87' lang='lat' dir='ltr'><strong>suscitat,</strong></span> <span class='ocrx_word' id='word_1_168' title='bbox 2500 1022 2555 1068; x_wconf 90' lang='lat' dir='ltr'><strong>et</strong></span> <span class='ocrx_word' id='word_1_169' title='bbox 2591 1029 2621 1067; x_wconf 93' lang='lat' dir='ltr'><strong>a</strong></span> <span class='ocrx_word' id='word_1_170' title='bbox 2657 1022 2802 1068; x_wconf 86' lang='lat' dir='ltr'><strong>statu</strong></span> <span class='ocrx_word' id='word_1_171' title='bbox 2841 1016 3035 1071; x_wconf 88' lang='lat' dir='ltr'><strong>salutis</strong></span> <span class='ocrx_word' id='word_1_172' title='bbox 3065 1031 3193 1072; x_wconf 90' lang='lat' dir='ltr'><strong>eum</strong></span> <span class='ocrx_word' id='word_1_173' title='bbox 3223 1018 3501 1075; x_wconf 83' lang='lat' dir='ltr'><strong>dimovere</strong></span> <span class='ocrx_word' id='word_1_174' title='bbox 3530 1030 3655 1075; x_wconf 90' lang='lat' dir='ltr'><strong>ten-</strong></span> 
     </span>
    </p>
   </div>
   <div class='ocr_carea' id='block_1_27' title="bbox 2078 1104 3657 1178">
    <p class='ocr_par' dir='ltr' id='par_1_27' title="bbox 2078 1104 3657 1178">
     <span class='ocr_line' id='line_1_27' title="bbox 2078 1104 3657 1178; baseline 0.004 -19"><span class='ocrx_word' id='word_1_175' title='bbox 2078 1111 2222 1168; x_wconf 86' lang='lat' dir='ltr'><strong>tans,</strong></span> <span class='ocrx_word' id='word_1_176' title='bbox 2255 1104 2312 1158; x_wconf 93' lang='lat' dir='ltr'><strong>in</strong></span> <span class='ocrx_word' id='word_1_177' title='bbox 2353 1105 2596 1174; x_wconf 63' lang='lat' dir='ltr'><strong>pristina</strong></span> <span class='ocrx_word' id='word_1_178' title='bbox 2628 1105 2959 1162; x_wconf 79' lang='lat' dir='ltr'><strong>inﬁrmitatis</strong></span> <span class='ocrx_word' id='word_1_179' title='bbox 3003 1107 3370 1178; x_wconf 90' lang='lat' dir='ltr'><strong>suspicionem</strong></span> <span class='ocrx_word' id='word_1_180' title='bbox 3411 1110 3657 1176; x_wconf 89' lang='lat' dir='ltr'><strong>adducit,</strong></span> 
     </span>
    </p>
   </div>
   <div class='ocr_carea' id='block_1_28' title="bbox 2075 1196 3656 1272">
    <p class='ocr_par' dir='ltr' id='par_1_28' title="bbox 2075 1196 3656 1272">
     <span class='ocr_line' id='line_1_28' title="bbox 2075 1196 3656 1272; baseline 0.004 -21"><span class='ocrx_word' id='word_1_181' title='bbox 2075 1204 2132 1251; x_wconf 89' lang='lat' dir='ltr'><strong>et</strong></span> <span class='ocrx_word' id='word_1_182' title='bbox 2157 1196 2445 1267; x_wconf 85' lang='lat' dir='ltr'><strong>magicam,</strong></span> <span class='ocrx_word' id='word_1_183' title='bbox 2472 1205 2531 1251; x_wconf 91' lang='lat' dir='ltr'><strong>ut</strong></span> <span class='ocrx_word' id='word_1_184' title='bbox 2564 1196 2637 1251; x_wconf 87' lang='lat' dir='ltr'><strong>ita</strong></span> <span class='ocrx_word' id='word_1_185' title='bbox 2659 1196 2857 1263; x_wconf 88' lang='lat' dir='ltr'><strong>dicam,</strong></span> <span class='ocrx_word' id='word_1_186' title='bbox 2882 1196 3049 1254; x_wconf 83' lang='lat' dir='ltr'><strong>Evam</strong></span> <span class='ocrx_word' id='word_1_187' title='bbox 3081 1199 3375 1265; x_wconf 88' lang='lat' dir='ltr'><strong>submittit,</strong></span> <span class='ocrx_word' id='word_1_188' title='bbox 3407 1208 3469 1255; x_wconf 91' lang='lat' dir='ltr'><strong>ut</strong></span> <span class='ocrx_word' id='word_1_189' title='bbox 3493 1218 3522 1256; x_wconf 93' lang='lat' dir='ltr'><strong>a</strong></span> <span class='ocrx_word' id='word_1_190' title='bbox 3554 1217 3656 1272; x_wconf 88' lang='lat' dir='ltr'><strong>pa—</strong></span> 
     </span>
    </p>
   </div>
   <div class='ocr_carea' id='block_1_29' title="bbox 2079 1287 3651 1361">
    <p class='ocr_par' dir='ltr' id='par_1_29' title="bbox 2079 1287 3651 1361">
     <span class='ocr_line' id='line_1_29' title="bbox 2079 1287 3651 1361; baseline 0.003 -19"><span class='ocrx_word' id='word_1_191' title='bbox 2079 1287 2425 1343; x_wconf 81' lang='lat' dir='ltr'><strong>radiso-ﬁdei</strong></span> <span class='ocrx_word' id='word_1_192' title='bbox 2468 1303 2618 1353; x_wconf 91' lang='lat' dir='ltr'><strong>eum,</strong></span> <span class='ocrx_word' id='word_1_193' title='bbox 2664 1288 2710 1343; x_wconf 88' lang='lat' dir='ltr'><strong>si</strong></span> <span class='ocrx_word' id='word_1_194' title='bbox 2749 1289 2943 1359; x_wconf 89' lang='lat' dir='ltr'><strong>possit,</strong></span> <span class='ocrx_word' id='word_1_195' title='bbox 2968 1292 3238 1361; x_wconf 80' lang='lat' dir='ltr'><strong>expellat.</strong></span> <span class='ocrx_word' id='word_1_196' title='bbox 3289 1291 3405 1348; x_wconf 85' lang='lat' dir='ltr'><strong>Sed</strong></span> <span class='ocrx_word' id='word_1_197' title='bbox 3454 1293 3651 1348; x_wconf 78' lang='lat' dir='ltr'><strong>fortem</strong></span> 
     </span>
    </p>
   </div>
   <div class='ocr_carea' id='block_1_30' title="bbox 2075 1376 3652 1450">
    <p class='ocr_par' dir='ltr' id='par_1_30' title="bbox 2075 1376 3652 1450">
     <span class='ocr_line' id='line_1_30' title="bbox 2075 1376 3652 1450; baseline 0.003 -20"><span class='ocrx_word' id='word_1_198' title='bbox 2075 1377 2251 1432; x_wconf 89' lang='lat' dir='ltr'><strong>virum</strong></span> <span class='ocrx_word' id='word_1_199' title='bbox 2279 1376 2404 1432; x_wconf 93' lang='lat' dir='ltr'><strong>dolo</strong></span> <span class='ocrx_word' id='word_1_200' title='bbox 2428 1377 2749 1446; x_wconf 87' lang='lat' dir='ltr'><strong>neutiquam</strong></span> <span class='ocrx_word' id='word_1_201' title='bbox 2770 1377 3017 1447; x_wconf 87' lang='lat' dir='ltr'><strong>decepit;</strong></span> <span class='ocrx_word' id='word_1_202' title='bbox 3049 1378 3260 1449; x_wconf 84' lang='lat' dir='ltr'><strong>jamdiu</strong></span> <span class='ocrx_word' id='word_1_203' title='bbox 3278 1380 3423 1434; x_wconf 91' lang='lat' dir='ltr'><strong>enim</strong></span> <span class='ocrx_word' id='word_1_204' title='bbox 3444 1380 3512 1434; x_wconf 89' lang='lat' dir='ltr'><strong>ab</strong></span> <span class='ocrx_word' id='word_1_205' title='bbox 3531 1381 3579 1450; x_wconf 93' lang='lat' dir='ltr'><strong>ej</strong></span> <span class='ocrx_word' id='word_1_206' title='bbox 3589 1396 3652 1435; x_wconf 88' lang='lat' dir='ltr'><strong>ns</strong></span> 
     </span>
    </p>
   </div>
   <div class='ocr_carea' id='block_1_31' title="bbox 2074 1466 3651 1541">
    <p class='ocr_par' dir='ltr' id='par_1_31' title="bbox 2074 1466 3651 1541">
     <span class='ocr_line' id='line_1_31' title="bbox 2074 1466 3651 1541; baseline 0.003 -19"><span class='ocrx_word' id='word_1_207' title='bbox 2074 1467 2310 1538; x_wconf 87' lang='lat' dir='ltr'><strong>maligno</strong></span> <span class='ocrx_word' id='word_1_208' title='bbox 2349 1466 2674 1524; x_wconf 83' lang='lat' dir='ltr'><strong>discesserat</strong></span> <span class='ocrx_word' id='word_1_209' title='bbox 2722 1468 3102 1524; x_wconf 87' lang='lat' dir='ltr'><strong>contubernio.</strong></span> <span class='ocrx_word' id='word_1_210' title='bbox 3141 1470 3287 1536; x_wconf 85' lang='lat' dir='ltr'><strong>Quin</strong></span> <span class='ocrx_word' id='word_1_211' title='bbox 3332 1472 3513 1541; x_wconf 90' lang='lat' dir='ltr'><strong>potius</strong></span> <span class='ocrx_word' id='word_1_212' title='bbox 3561 1471 3651 1526; x_wconf 92' lang='lat' dir='ltr'><strong>ille</strong></span> 
     </span>
    </p>
   </div>
   <div class='ocr_carea' id='block_1_32' title="bbox 2074 1558 3649 1633">
    <p class='ocr_par' dir='ltr' id='par_1_32' title="bbox 2074 1558 3649 1633">
     <span class='ocr_line' id='line_1_32' title="bbox 2074 1558 3649 1633; baseline 0.001 -19"><span class='ocrx_word' id='word_1_213' title='bbox 2074 1574 2176 1614; x_wconf 88' lang='lat' dir='ltr'><strong>suo</strong></span> <span class='ocrx_word' id='word_1_214' title='bbox 2212 1558 2468 1630; x_wconf 89' lang='lat' dir='ltr'><strong>magistro</strong></span> <span class='ocrx_word' id='word_1_215' title='bbox 2508 1559 2689 1615; x_wconf 86' lang='lat' dir='ltr'><strong>cordis</strong></span> <span class='ocrx_word' id='word_1_216' title='bbox 2736 1560 3113 1631; x_wconf 67' lang='lat' dir='ltr'><strong>aegritudinem</strong></span> <span class='ocrx_word' id='word_1_217' title='bbox 3144 1562 3369 1633; x_wconf 85' lang='lat' dir='ltr'><strong>detegit,</strong></span> <span class='ocrx_word' id='word_1_218' title='bbox 3406 1571 3467 1616; x_wconf 88' lang='lat' dir='ltr'><strong>ut</strong></span> <span class='ocrx_word' id='word_1_219' title='bbox 3513 1563 3649 1618; x_wconf 73' lang='lat' dir='ltr'><strong>affo-</strong></span> 
     </span>
    </p>
   </div>
   <div class='ocr_carea' id='block_1_33' title="bbox 2073 1650 3649 1720">
    <p class='ocr_par' dir='ltr' id='par_1_33' title="bbox 2073 1650 3649 1720">
     <span class='ocr_line' id='line_1_33' title="bbox 2073 1650 3649 1720; baseline 0.003 -14"><span class='ocrx_word' id='word_1_220' title='bbox 2073 1661 2175 1706; x_wconf 67' lang='lat' dir='ltr'><strong>ctaa</strong></span> <span class='ocrx_word' id='word_1_221' title='bbox 2202 1651 2341 1720; x_wconf 89' lang='lat' dir='ltr'><strong>parti</strong></span> <span class='ocrx_word' id='word_1_222' title='bbox 2382 1650 2650 1707; x_wconf 89' lang='lat' dir='ltr'><strong>medelam</strong></span> <span class='ocrx_word' id='word_1_223' title='bbox 2693 1652 2915 1707; x_wconf 81' lang='lat' dir='ltr'><strong>afferret</strong></span> <span class='ocrx_word' id='word_1_224' title='bbox 2946 1654 3258 1720; x_wconf 87' lang='lat' dir='ltr'><strong>obtestans;</strong></span> <span class='ocrx_word' id='word_1_225' title='bbox 3302 1656 3476 1710; x_wconf 87' lang='lat' dir='ltr'><strong>inerat</strong></span> <span class='ocrx_word' id='word_1_226' title='bbox 3504 1653 3649 1710; x_wconf 88' lang='lat' dir='ltr'><strong>enim</strong></span> 
     </span>
    </p>
   </div>
   <div class='ocr_carea' id='block_1_34' title="bbox 398 1740 1969 1817">
    <p class='ocr_par' dir='ltr' id='par_1_34' title="bbox 398 1744 1963 1817">
     <span class='ocr_line' id='line_1_34' title="bbox 398 1744 1963 1817; baseline -0.002 -17"><span class='ocrx_word' id='word_1_227' title='bbox 398 1764 537 1812; x_wconf 89' lang='grc' dir='ltr'>σεσι,</span> <span class='ocrx_word' id='word_1_228' title='bbox 564 1746 663 1811; x_wconf 80' lang='grc' dir='ltr'><strong>τὰς</strong></span> <span class='ocrx_word' id='word_1_229' title='bbox 700 1745 867 1816; x_wconf 70' lang='grc' dir='ltr'>εὐχὰς</span> <span class='ocrx_word' id='word_1_230' title='bbox 889 1745 1066 1811; x_wconf 78' lang='grc' dir='ltr'>διδοὺς</span> <span class='ocrx_word' id='word_1_231' title='bbox 1092 1745 1536 1817; x_wconf 85' lang='grc' dir='ltr'>ἀντιφάρμακον,</span> <span class='ocrx_word' id='word_1_232' title='bbox 1575 1749 1723 1798; x_wconf 78' lang='grc' dir='ltr'>ποιεῖ</span> <span class='ocrx_word' id='word_1_233' title='bbox 1757 1744 1849 1798; x_wconf 75' lang='grc' dir='ltr'><strong>τὸν</strong></span> <span class='ocrx_word' id='word_1_234' title='bbox 1887 1744 1963 1798; x_wconf 85' lang='grc' dir='ltr'><strong>ίδν</strong></span> 
     </span>
    </p>
   </div>
   <div class='ocr_carea' id='block_1_35' title="bbox 2074 1740 3650 1817">
    <p class='ocr_par' dir='ltr' id='par_1_35' title="bbox 2074 1740 3650 1817">
     <span class='ocr_line' id='line_1_35' title="bbox 2074 1740 3650 1817; baseline 0.003 -21"><span class='ocrx_word' id='word_1_235' title='bbox 2074 1740 2219 1797; x_wconf 83' lang='lat' dir='ltr'><strong>Patri</strong></span> <span class='ocrx_word' id='word_1_236' title='bbox 2244 1743 2552 1798; x_wconf 88' lang='lat' dir='ltr'><strong>divinorum</strong></span> <span class='ocrx_word' id='word_1_237' title='bbox 2591 1744 2982 1800; x_wconf 85' lang='lat' dir='ltr'><strong>charismatum</strong></span> <span class='ocrx_word' id='word_1_238' title='bbox 3024 1746 3283 1817; x_wconf 87' lang='lat' dir='ltr'><strong>cognitio.</strong></span> <span class='ocrx_word' id='word_1_239' title='bbox 3354 1745 3496 1812; x_wconf 86' lang='lat' dir='ltr'><strong>Quid</strong></span> <span class='ocrx_word' id='word_1_240' title='bbox 3535 1757 3650 1802; x_wconf 90' lang='lat' dir='ltr'><strong>tum</strong></span> 
     </span>
    </p>
   </div>
   <div class='ocr_carea' id='block_1_36' title="bbox 395 1835 1175 1907">
    <p class='ocr_par' dir='ltr' id='par_1_36' title="bbox 395 1835 1175 1907">
     <span class='ocr_line' id='line_1_36' title="bbox 395 1835 1175 1907; baseline 0.004 -19"><span class='ocrx_word' id='word_1_241' title='bbox 395 1837 652 1907; x_wconf 77' lang='grc' dir='ltr'>ἐξεμέσαι</span> <span class='ocrx_word' id='word_1_242' title='bbox 679 1835 774 1890; x_wconf 81' lang='grc' dir='ltr'>τοῦ</span> <span class='ocrx_word' id='word_1_243' title='bbox 802 1836 1117 1907; x_wconf 88' lang='grc' dir='ltr'>δράκοντος.</span> <span class='ocrx_word' id='word_1_244' title='bbox 1172 1890 1175 1891; x_wconf 65' lang='lat'>,</span> 
     </span>
    </p>
   </div>
   <div class='ocr_carea' id='block_1_37' title="bbox 2081 1836 3653 1909">
    <p class='ocr_par' dir='ltr' id='par_1_37' title="bbox 2081 1836 3653 1909">
     <span class='ocr_line' id='line_1_37' title="bbox 2081 1836 3653 1909; baseline 0.004 -18"><span class='ocrx_word' id='word_1_245' title='bbox 2081 1836 2248 1908; x_wconf 82' lang='lat' dir='ltr'><strong>igitur</strong></span> <span class='ocrx_word' id='word_1_246' title='bbox 2294 1851 2534 1909; x_wconf 85' lang='lat' dir='ltr'><strong>magnus</strong></span> <span class='ocrx_word' id='word_1_247' title='bbox 2576 1837 2666 1894; x_wconf 91' lang='lat' dir='ltr'><strong>ille</strong></span> <span class='ocrx_word' id='word_1_248' title='bbox 2711 1840 3015 1895; x_wconf 89' lang='lat' dir='ltr'><strong>animarum</strong></span> <span class='ocrx_word' id='word_1_249' title='bbox 3042 1842 3328 1897; x_wconf 84' lang='lat' dir='ltr'><strong>medicus?</strong></span> <span class='ocrx_word' id='word_1_250' title='bbox 3373 1841 3653 1898; x_wconf 80' lang='lat' dir='ltr'><strong>Convocat</strong></span> 
     </span>
    </p>
   </div>
   <div class='ocr_carea' id='block_1_38' title="bbox 395 1930 3653 2005">
    <p class='ocr_par' dir='ltr' id='par_1_38' title="bbox 395 1930 3653 2005">
     <span class='ocr_line' id='line_1_38' title="bbox 395 1930 3653 2005; baseline 0.001 -21"><span class='ocrx_word' id='word_1_251' title='bbox 395 1932 597 1986; x_wconf 81' lang='lat' dir='ltr'><strong>fratres</strong></span> <span class='ocrx_word' id='word_1_252' title='bbox 629 1971 647 1998; x_wconf 96' lang='lat'><strong>,</strong></span> <span class='ocrx_word' id='word_1_253' title='bbox 708 1931 801 2002; x_wconf 89' lang='lat' dir='ltr'><strong>qui</strong></span> <span class='ocrx_word' id='word_1_254' title='bbox 854 1931 1105 1986; x_wconf 89' lang='lat' dir='ltr'><strong>morbum</strong></span> <span class='ocrx_word' id='word_1_255' title='bbox 1166 1930 1479 2001; x_wconf 82' lang='lat' dir='ltr'><strong>inspiciam,</strong></span> <span class='ocrx_word' id='word_1_256' title='bbox 1545 1940 1602 1987; x_wconf 90' lang='lat' dir='ltr'><strong>et</strong></span> <span class='ocrx_word' id='word_1_257' title='bbox 1675 1931 2015 1987; x_wconf 86' lang='lat' dir='ltr'><strong>laborantem</strong></span> <span class='ocrx_word' id='word_1_258' title='bbox 2077 1931 2538 1990; x_wconf 87' lang='lat' dir='ltr'><strong>admonitionibus</strong></span> <span class='ocrx_word' id='word_1_259' title='bbox 2600 1949 2820 2003; x_wconf 87' lang='lat' dir='ltr'><strong>curans,</strong></span> <span class='ocrx_word' id='word_1_260' title='bbox 2876 1942 2933 1989; x_wconf 87' lang='lat' dir='ltr'><strong>et</strong></span> <span class='ocrx_word' id='word_1_261' title='bbox 2996 1949 3097 2005; x_wconf 87' lang='lat' dir='ltr'><strong>pro</strong></span> <span class='ocrx_word' id='word_1_262' title='bbox 3152 1933 3399 1990; x_wconf 87' lang='lat' dir='ltr'><strong>antidoto</strong></span> <span class='ocrx_word' id='word_1_263' title='bbox 3460 1947 3653 2003; x_wconf 87' lang='lat' dir='ltr'><strong>preces</strong></span> 
     </span>
    </p>
   </div>
   <div class='ocr_carea' id='block_1_39' title="bbox 396 2023 1944 2097">
    <p class='ocr_par' dir='ltr' id='par_1_39' title="bbox 396 2023 1944 2097">
     <span class='ocr_line' id='line_1_39' title="bbox 396 2023 1944 2097; baseline -0.001 -18"><span class='ocrx_word' id='word_1_264' title='bbox 396 2024 751 2097; x_wconf 67' lang='lat' dir='ltr'><strong>praescribens</strong></span> <span class='ocrx_word' id='word_1_265' title='bbox 785 2024 1015 2087; x_wconf 87' lang='lat' dir='ltr'><strong>obtinet.</strong></span> <span class='ocrx_word' id='word_1_266' title='bbox 1048 2033 1109 2078; x_wconf 89' lang='lat' dir='ltr'><strong>ut</strong></span> <span class='ocrx_word' id='word_1_267' title='bbox 1125 2023 1379 2079; x_wconf 86' lang='lat' dir='ltr'><strong>draconis</strong></span> <span class='ocrx_word' id='word_1_268' title='bbox 1410 2031 1630 2079; x_wconf 87' lang='lat' dir='ltr'><strong>evomat</strong></span> <span class='ocrx_word' id='word_1_269' title='bbox 1648 2038 1944 2079; x_wconf 80' lang='lat' dir='ltr'><strong>venenum.</strong></span> 
     </span>
    </p>
   </div>
   <div class='ocr_carea' id='block_1_40' title="bbox 479 2114 1973 2189">
    <p class='ocr_par' dir='ltr' id='par_1_40' title="bbox 479 2114 1973 2189">
     <span class='ocr_line' id='line_1_40' title="bbox 479 2114 1973 2189; baseline -0.001 -17"><span class='ocrx_word' id='word_1_270' title='bbox 479 2118 621 2172; x_wconf 80' lang='grc' dir='ltr'>Ἀλλ’</span> <span class='ocrx_word' id='word_1_271' title='bbox 664 2117 768 2189; x_wconf 66' lang='grc' dir='ltr'>ἤδη</span> <span class='ocrx_word' id='word_1_272' title='bbox 818 2132 913 2187; x_wconf 89' lang='grc' dir='ltr'><strong>μοι</strong></span> <span class='ocrx_word' id='word_1_273' title='bbox 955 2116 1018 2169; x_wconf 82' lang='grc' dir='ltr'>τὸ</span> <span class='ocrx_word' id='word_1_274' title='bbox 1070 2116 1284 2187; x_wconf 85' lang='grc' dir='ltr'>σκάφος</span> <span class='ocrx_word' id='word_1_275' title='bbox 1311 2115 1425 2169; x_wconf 91' lang='grc' dir='ltr'><strong>τῶν</strong></span> <span class='ocrx_word' id='word_1_276' title='bbox 1454 2114 1631 2185; x_wconf 87' lang='grc' dir='ltr'>λόγων</span> <span class='ocrx_word' id='word_1_277' title='bbox 1659 2115 1748 2185; x_wconf 75' lang='grc' dir='ltr'><strong>ἐφ’</strong></span> <span class='ocrx_word' id='word_1_278' title='bbox 1775 2116 1973 2187; x_wconf 79' lang='grc' dir='ltr'>ἑτέραν</span> 
     </span>
    </p>
   </div>
   <div class='ocr_carea' id='block_1_41' title="bbox 2135 2114 3644 2189">
    <p class='ocr_par' dir='ltr' id='par_1_41' title="bbox 2135 2114 3644 2189">
     <span class='ocr_line' id='line_1_41' title="bbox 2135 2114 3644 2189; baseline -0.003 -15"><span class='ocrx_word' id='word_1_279' title='bbox 2135 2116 2242 2174; x_wconf 83' lang='lat' dir='ltr'><strong>Sed</strong></span> <span class='ocrx_word' id='word_1_280' title='bbox 2276 2118 2388 2189; x_wconf 86' lang='lat' dir='ltr'><strong>jam</strong></span> <span class='ocrx_word' id='word_1_281' title='bbox 2428 2133 2564 2174; x_wconf 68' lang='lat' dir='ltr'><strong>mea:</strong></span> <span class='ocrx_word' id='word_1_282' title='bbox 2591 2116 2851 2175; x_wconf 89' lang='lat' dir='ltr'><strong>orationis</strong></span> <span class='ocrx_word' id='word_1_283' title='bbox 2890 2116 3081 2188; x_wconf 88' lang='lat' dir='ltr'><strong>cymba</strong></span> <span class='ocrx_word' id='word_1_284' title='bbox 3127 2114 3183 2169; x_wconf 90' lang='lat' dir='ltr'><strong>in</strong></span> <span class='ocrx_word' id='word_1_285' title='bbox 3222 2114 3381 2172; x_wconf 88' lang='lat' dir='ltr'><strong>aliam</strong></span> <span class='ocrx_word' id='word_1_286' title='bbox 3430 2122 3644 2185; x_wconf 85' lang='lat' dir='ltr'><strong>partem</strong></span> 
     </span>
    </p>
   </div>
   <div class='ocr_carea' id='block_1_42' title="bbox 394 2204 1969 2282">
    <p class='ocr_par' dir='ltr' id='par_1_42' title="bbox 394 2208 1969 2282">
     <span class='ocr_line' id='line_1_42' title="bbox 394 2208 1969 2282; baseline -0.003 -16"><span class='ocrx_word' id='word_1_287' title='bbox 394 2211 619 2282; x_wconf 77' lang='grc' dir='ltr'>ἀγωγὴν</span> <span class='ocrx_word' id='word_1_288' title='bbox 648 2208 1033 2281; x_wconf 76' lang='grc' dir='ltr'>εὑτρεπίζεται</span> <span class='ocrx_word' id='word_1_289' title='bbox 1052 2225 1069 2242; x_wconf 78' lang='grc' dir='ltr'><strong><em>ο</em></strong></span> <span class='ocrx_word' id='word_1_290' title='bbox 1097 2209 1160 2262; x_wconf 79' lang='grc' dir='ltr'><strong>ού</strong></span> <span class='ocrx_word' id='word_1_291' title='bbox 1199 2209 1308 2281; x_wconf 80' lang='grc' dir='ltr'>γὰρ</span> <span class='ocrx_word' id='word_1_292' title='bbox 1343 2209 1394 2262; x_wconf 87' lang='grc' dir='ltr'><strong>οί</strong></span> <span class='ocrx_word' id='word_1_293' title='bbox 1427 2208 1647 2280; x_wconf 75' lang='grc' dir='ltr'>λιμένες</span> <span class='ocrx_word' id='word_1_294' title='bbox 1672 2208 1734 2263; x_wconf 85' lang='grc' dir='ltr'>τὸ</span> <span class='ocrx_word' id='word_1_295' title='bbox 1772 2208 1969 2280; x_wconf 85' lang='grc' dir='ltr'>πέρας.</span> 
     </span>
    </p>
   </div>
   <div class='ocr_carea' id='block_1_43' title="bbox 2074 2204 3649 2282">
    <p class='ocr_par' dir='ltr' id='par_1_43' title="bbox 2074 2204 3649 2275">
     <span class='ocr_line' id='line_1_43' title="bbox 2074 2204 3649 2275; baseline -0.004 -11"><span class='ocrx_word' id='word_1_296' title='bbox 2074 2207 2338 2265; x_wconf 86' lang='lat' dir='ltr'><strong>divertere</strong></span> <span class='ocrx_word' id='word_1_297' title='bbox 2380 2209 2603 2264; x_wconf 88' lang='lat' dir='ltr'><strong>festinat</strong></span> <span class='ocrx_word' id='word_1_298' title='bbox 2632 2225 2648 2264; x_wconf 91' lang='lat'><strong>:</strong></span> <span class='ocrx_word' id='word_1_299' title='bbox 2676 2222 2785 2262; x_wconf 90' lang='lat' dir='ltr'><strong>non</strong></span> <span class='ocrx_word' id='word_1_300' title='bbox 2815 2205 2960 2261; x_wconf 91' lang='lat' dir='ltr'><strong>enim</strong></span> <span class='ocrx_word' id='word_1_301' title='bbox 2996 2214 3206 2275; x_wconf 87' lang='lat' dir='ltr'><strong>portus,</strong></span> <span class='ocrx_word' id='word_1_302' title='bbox 3245 2205 3342 2260; x_wconf 90' lang='lat' dir='ltr'><strong>sed</strong></span> <span class='ocrx_word' id='word_1_303' title='bbox 3385 2204 3649 2259; x_wconf 88' lang='lat' dir='ltr'><strong>mercium</strong></span> 
     </span>
    </p>
   </div>
   <div class='ocr_carea' id='block_1_44' title="bbox 393 2292 1969 2370">
    <p class='ocr_par' dir='ltr' id='par_1_44' title="bbox 393 2292 1969 2370">
     <span class='ocr_line' id='line_1_44' title="bbox 393 2292 1969 2370; baseline -0.006 -15"><span class='ocrx_word' id='word_1_304' title='bbox 393 2301 510 2355; x_wconf 83' lang='grc' dir='ltr'>ἀλλ’</span> <span class='ocrx_word' id='word_1_305' title='bbox 538 2302 574 2370; x_wconf 82' lang='grc' dir='ltr'><strong>ἠ</strong></span> <span class='ocrx_word' id='word_1_306' title='bbox 605 2299 719 2353; x_wconf 87' lang='grc' dir='ltr'><strong>τῶν</strong></span> <span class='ocrx_word' id='word_1_307' title='bbox 745 2298 986 2369; x_wconf 79' lang='grc' dir='ltr'>φορτίων</span> <span class='ocrx_word' id='word_1_308' title='bbox 1009 2296 1325 2368; x_wconf 86' lang='grc' dir='ltr'>διάπρασις.</span> <span class='ocrx_word' id='word_1_309' title='bbox 1358 2297 1533 2366; x_wconf 83' lang='grc' dir='ltr'>Ὀναρ</span> <span class='ocrx_word' id='word_1_310' title='bbox 1561 2296 1590 2350; x_wconf 85' lang='grc' dir='ltr'><strong>δ</strong></span> <span class='ocrx_word' id='word_1_311' title='bbox 1625 2294 1899 2366; x_wconf 83' lang='grc' dir='ltr'>μακάριος</span> <span class='ocrx_word' id='word_1_312' title='bbox 1936 2292 1969 2364; x_wconf 81' lang='grc' dir='ltr'>ἢ</span> 
     </span>
    </p>
   </div>
   <div class='ocr_carea' id='block_1_45' title="bbox 2074 2292 3647 2370">
    <p class='ocr_par' dir='ltr' id='par_1_45' title="bbox 2074 2295 3647 2370">
     <span class='ocr_line' id='line_1_45' title="bbox 2074 2295 3647 2370; baseline -0.001 -17"><span class='ocrx_word' id='word_1_313' title='bbox 2074 2299 2404 2364; x_wconf 84' lang='lat' dir='ltr'><strong>divenditio,</strong></span> <span class='ocrx_word' id='word_1_314' title='bbox 2460 2307 2729 2370; x_wconf 69' lang='lat' dir='ltr'><strong>suscepta:</strong></span> <span class='ocrx_word' id='word_1_315' title='bbox 2789 2296 3152 2368; x_wconf 83' lang='lat' dir='ltr'><strong>navigationis</strong></span> <span class='ocrx_word' id='word_1_316' title='bbox 3217 2303 3303 2350; x_wconf 88' lang='lat' dir='ltr'><strong>est</strong></span> <span class='ocrx_word' id='word_1_317' title='bbox 3358 2295 3647 2351; x_wconf 88' lang='lat' dir='ltr'><strong>terminus.</strong></span> 
     </span>
    </p>
   </div>
   <div class='ocr_carea' id='block_1_46' title="bbox 395 2385 1969 2461">
    <p class='ocr_par' dir='ltr' id='par_1_46' title="bbox 395 2385 1969 2461">
     <span class='ocr_line' id='line_1_46' title="bbox 395 2385 1969 2461; baseline -0.004 -15"><span class='ocrx_word' id='word_1_318' title='bbox 395 2392 523 2461; x_wconf 86' lang='grc' dir='ltr'>τόγε</span> <span class='ocrx_word' id='word_1_319' title='bbox 559 2389 920 2461; x_wconf 80' lang='grc' dir='ltr'>ἀληθέστερον</span> <span class='ocrx_word' id='word_1_320' title='bbox 945 2387 1094 2460; x_wconf 81' lang='grc' dir='ltr'>ὕπαρ</span> <span class='ocrx_word' id='word_1_321' title='bbox 1128 2389 1252 2460; x_wconf 77' lang='grc' dir='ltr'>ὁρᾷ,</span> <span class='ocrx_word' id='word_1_322' title='bbox 1290 2386 1590 2459; x_wconf 81' lang='grc' dir='ltr'>ἐγρηγόρει</span> <span class='ocrx_word' id='word_1_323' title='bbox 1620 2387 1731 2459; x_wconf 75' lang='grc' dir='ltr'><strong>γὰρ</strong></span> <span class='ocrx_word' id='word_1_324' title='bbox 1760 2387 1794 2456; x_wconf 82' lang='grc' dir='ltr'>ἠ</span> <span class='ocrx_word' id='word_1_325' title='bbox 1827 2385 1969 2457; x_wconf 78' lang='grc' dir='ltr'><strong>ψυχὴ</strong></span> 
     </span>
    </p>
   </div>
   <div class='ocr_carea' id='block_1_47' title="bbox 2074 2385 3647 2461">
    <p class='ocr_par' dir='ltr' id='par_1_47' title="bbox 2074 2386 3647 2459">
     <span class='ocr_line' id='line_1_47' title="bbox 2074 2386 3647 2459; baseline -0.003 -14"><span class='ocrx_word' id='word_1_326' title='bbox 2074 2388 2379 2456; x_wconf 87' lang='lat' dir='ltr'><strong>Somnium,</strong></span> <span class='ocrx_word' id='word_1_327' title='bbox 2428 2390 2511 2445; x_wconf 81' lang='lat' dir='ltr'><strong>vel</strong></span> <span class='ocrx_word' id='word_1_328' title='bbox 2557 2388 2701 2459; x_wconf 90' lang='lat' dir='ltr'><strong>quod</strong></span> <span class='ocrx_word' id='word_1_329' title='bbox 2748 2389 2933 2443; x_wconf 82' lang='lat' dir='ltr'><strong>verius</strong></span> <span class='ocrx_word' id='word_1_330' title='bbox 2973 2386 3173 2451; x_wconf 89' lang='lat' dir='ltr'><strong>dicam,</strong></span> <span class='ocrx_word' id='word_1_331' title='bbox 3214 2386 3483 2442; x_wconf 85' lang='lat' dir='ltr'><strong>visionem</strong></span> <span class='ocrx_word' id='word_1_332' title='bbox 3534 2386 3647 2457; x_wconf 77' lang='grc'><strong>(51)</strong></span> 
     </span>
    </p>
   </div>
   <div class='ocr_carea' id='block_1_48' title="bbox 397 2473 1970 2556">
    <p class='ocr_par' dir='ltr' id='par_1_48' title="bbox 397 2473 1970 2556">
     <span class='ocr_line' id='line_1_48' title="bbox 397 2473 1970 2556; baseline -0.004 -19"><span class='ocrx_word' id='word_1_333' title='bbox 397 2485 534 2556; x_wconf 79' lang='grc' dir='ltr'>πρὸς</span> <span class='ocrx_word' id='word_1_334' title='bbox 552 2483 708 2545; x_wconf 80' lang='grc' dir='ltr'>Θεὸν.</span> <span class='ocrx_word' id='word_1_335' title='bbox 738 2483 836 2537; x_wconf 69' lang='grc' dir='ltr'><strong>κα)⁸</strong></span> <span class='ocrx_word' id='word_1_336' title='bbox 864 2483 894 2535; x_wconf 86' lang='grc' dir='ltr'><strong>ὑ</strong></span> <span class='ocrx_word' id='word_1_337' title='bbox 921 2481 1047 2545; x_wconf 83' lang='grc' dir='ltr'>νοῦς</span> <span class='ocrx_word' id='word_1_338' title='bbox 1078 2481 1180 2535; x_wconf 79' lang='grc' dir='ltr'><strong>οὑκ</strong></span> <span class='ocrx_word' id='word_1_339' title='bbox 1209 2480 1524 2536; x_wconf 80' lang='grc' dir='ltr'>ἐκάθευδεν.</span> <span class='ocrx_word' id='word_1_340' title='bbox 1561 2477 1627 2533; x_wconf 82' lang='grc' dir='ltr'><strong>Ἦ</strong></span> <span class='ocrx_word' id='word_1_341' title='bbox 1656 2479 1702 2533; x_wconf 78' lang='grc' dir='ltr'>δ’</span> <span class='ocrx_word' id='word_1_342' title='bbox 1730 2473 1826 2533; x_wconf 80' lang='grc' dir='ltr'>οὖν</span> <span class='ocrx_word' id='word_1_343' title='bbox 1845 2478 1970 2547; x_wconf 70' lang='grc' dir='ltr'>ὅψις</span> 
     </span>
    </p>
   </div>
   <div class='ocr_carea' id='block_1_49' title="bbox 396 2562 1967 2644">
    <p class='ocr_par' dir='ltr' id='par_1_49' title="bbox 396 2562 1967 2644">
     <span class='ocr_line' id='line_1_49' title="bbox 396 2562 1967 2644; baseline -0.004 -16"><span class='ocrx_word' id='word_1_344' title='bbox 396 2575 525 2644; x_wconf 79' lang='grc' dir='ltr'>δρος</span> <span class='ocrx_word' id='word_1_345' title='bbox 551 2569 643 2644; x_wconf 76' lang='grc' dir='ltr'>ἦν,</span> <span class='ocrx_word' id='word_1_346' title='bbox 664 2573 727 2627; x_wconf 86' lang='grc' dir='ltr'><strong>ού</strong></span> <span class='ocrx_word' id='word_1_347' title='bbox 748 2572 945 2626; x_wconf 79' lang='grc' dir='ltr'>ταυτὸν</span> <span class='ocrx_word' id='word_1_348' title='bbox 963 2571 1080 2634; x_wconf 78' lang='grc' dir='ltr'>τοῖς</span> <span class='ocrx_word' id='word_1_349' title='bbox 1098 2569 1302 2633; x_wconf 80' lang='grc' dir='ltr'>ἄλλοις,</span> <span class='ocrx_word' id='word_1_350' title='bbox 1330 2568 1427 2622; x_wconf 72' lang='grc' dir='ltr'><strong>κα)⁵</strong></span> <span class='ocrx_word' id='word_1_351' title='bbox 1454 2562 1569 2622; x_wconf 71' lang='grc' dir='ltr'>οἷον</span> <span class='ocrx_word' id='word_1_352' title='bbox 1601 2567 1967 2639; x_wconf 74' lang='grc' dir='ltr'>χαμαίζηλον,</span> 
     </span>
    </p>
   </div>
   <div class='ocr_carea' id='block_1_50' title="bbox 400 2657 1972 2735">
    <p class='ocr_par' dir='ltr' id='par_1_50' title="bbox 400 2657 1972 2735">
     <span class='ocr_line' id='line_1_50' title="bbox 400 2657 1972 2735; baseline -0.004 -18"><span class='ocrx_word' id='word_1_353' title='bbox 400 2663 625 2735; x_wconf 77' lang='grc' dir='ltr'>μεγέθει</span> <span class='ocrx_word' id='word_1_354' title='bbox 648 2663 707 2716; x_wconf 72' lang='grc' dir='ltr'><strong>δέ</strong></span> <span class='ocrx_word' id='word_1_355' title='bbox 736 2662 997 2734; x_wconf 73' lang='grc' dir='ltr'>μέγιστον</span> <span class='ocrx_word' id='word_1_356' title='bbox 1027 2660 1125 2714; x_wconf 78' lang='grc' dir='ltr'>καὶ</span> <span class='ocrx_word' id='word_1_357' title='bbox 1150 2659 1342 2714; x_wconf 87' lang='grc' dir='ltr'>κάλλει</span> <span class='ocrx_word' id='word_1_358' title='bbox 1388 2658 1836 2728; x_wconf 75' lang='grc' dir='ltr'>διαφανέστατον,</span> <span class='ocrx_word' id='word_1_359' title='bbox 1871 2657 1972 2712; x_wconf 75' lang='grc' dir='ltr'>καὶ</span> 
     </span>
    </p>
   </div>
   <div class='ocr_carea' id='block_1_51' title="bbox 395 2748 1968 2825">
    <p class='ocr_par' dir='ltr' id='par_1_51' title="bbox 395 2748 1968 2825">
     <span class='ocr_line' id='line_1_51' title="bbox 395 2748 1968 2825; baseline -0.003 -17"><span class='ocrx_word' id='word_1_360' title='bbox 395 2755 495 2825; x_wconf 80' lang='grc' dir='ltr'>τὴν</span> <span class='ocrx_word' id='word_1_361' title='bbox 538 2752 784 2825; x_wconf 75' lang='grc' dir='ltr'>κορυφὴν</span> <span class='ocrx_word' id='word_1_362' title='bbox 829 2750 1046 2824; x_wconf 80' lang='grc' dir='ltr'>οὐρανῷ</span> <span class='ocrx_word' id='word_1_363' title='bbox 1111 2750 1312 2822; x_wconf 78' lang='grc' dir='ltr'>μᾶλλον</span> <span class='ocrx_word' id='word_1_364' title='bbox 1357 2749 1393 2821; x_wconf 77' lang='grc' dir='ltr'>ἢ</span> <span class='ocrx_word' id='word_1_365' title='bbox 1449 2751 1522 2821; x_wconf 76' lang='grc' dir='ltr'><strong>γῇ</strong></span> <span class='ocrx_word' id='word_1_366' title='bbox 1573 2748 1968 2821; x_wconf 87' lang='grc' dir='ltr'>πλησιώτερον.</span> 
     </span>
    </p>
   </div>
   <div class='ocr_carea' id='block_1_52' title="bbox 396 2840 1971 2918">
    <p class='ocr_par' dir='ltr' id='par_1_52' title="bbox 396 2840 1971 2918">
     <span class='ocr_line' id='line_1_52' title="bbox 396 2840 1971 2918; baseline -0.002 -18"><span class='ocrx_word' id='word_1_367' title='bbox 396 2847 656 2918; x_wconf 80' lang='grc' dir='ltr'>Είστήκει</span> <span class='ocrx_word' id='word_1_368' title='bbox 680 2845 738 2899; x_wconf 77' lang='grc' dir='ltr'><strong>δέ</strong></span> <span class='ocrx_word' id='word_1_369' title='bbox 762 2846 793 2898; x_wconf 84' lang='grc' dir='ltr'><strong>ὑ</strong></span> <span class='ocrx_word' id='word_1_370' title='bbox 815 2844 953 2898; x_wconf 77' lang='grc' dir='ltr'>Θεοῦ</span> <span class='ocrx_word' id='word_1_371' title='bbox 994 2843 1283 2915; x_wconf 77' lang='grc' dir='ltr'>ἄνθρωπος</span> <span class='ocrx_word' id='word_1_372' title='bbox 1308 2844 1368 2897; x_wconf 77' lang='grc' dir='ltr'><strong>ἐν</strong></span> <span class='ocrx_word' id='word_1_373' title='bbox 1396 2840 1568 2913; x_wconf 84' lang='grc' dir='ltr'>αύτῷ,</span> <span class='ocrx_word' id='word_1_374' title='bbox 1604 2842 1700 2897; x_wconf 88' lang='grc' dir='ltr'><strong>καί</strong></span> <span class='ocrx_word' id='word_1_375' title='bbox 1727 2860 1814 2906; x_wconf 90' lang='grc' dir='ltr'><strong>τις</strong></span> <span class='ocrx_word' id='word_1_376' title='bbox 1842 2860 1971 2897; x_wconf 83' lang='grc' dir='ltr'>νεα-</span> 
     </span>
    </p>
   </div>
   <div class='ocr_carea' id='block_1_53' title="bbox 395 2930 1972 3009">
    <p class='ocr_par' dir='ltr' id='par_1_53' title="bbox 395 2930 1972 3009">
     <span class='ocr_line' id='line_1_53' title="bbox 395 2930 1972 3009; baseline -0.004 -15"><span class='ocrx_word' id='word_1_377' title='bbox 395 2940 517 3001; x_wconf 88' lang='grc' dir='ltr'>νίας</span> <span class='ocrx_word' id='word_1_378' title='bbox 557 2938 702 2992; x_wconf 83' lang='grc' dir='ltr'>οῐνου</span> <span class='ocrx_word' id='word_1_379' title='bbox 751 2937 949 3009; x_wconf 81' lang='grc' dir='ltr'>φιάλην</span> <span class='ocrx_word' id='word_1_380' title='bbox 994 2936 1206 3006; x_wconf 82' lang='grc' dir='ltr'>ὀρέγων</span> <span class='ocrx_word' id='word_1_381' title='bbox 1239 2934 1545 3005; x_wconf 87' lang='grc' dir='ltr'>ἐφίσταται.</span> <span class='ocrx_word' id='word_1_382' title='bbox 1581 2934 1696 2989; x_wconf 86' lang='grc' dir='ltr'>Ούκ</span> <span class='ocrx_word' id='word_1_383' title='bbox 1746 2930 1840 2989; x_wconf 82' lang='grc' dir='ltr'>οὖν</span> <span class='ocrx_word' id='word_1_384' title='bbox 1870 2934 1972 3006; x_wconf 81' lang='grc' dir='ltr'><strong>ὑλη</strong></span> 
     </span>
    </p>
   </div>
   <div class='ocr_carea' id='block_1_54' title="bbox 2075 2478 3653 2551">
    <p class='ocr_par' dir='ltr' id='par_1_54' title="bbox 2075 2478 3653 2551">
     <span class='ocr_line' id='line_1_54' title="bbox 2075 2478 3653 2551; baseline -0.002 -14"><span class='ocrx_word' id='word_1_385' title='bbox 2075 2482 2269 2537; x_wconf 90' lang='lat' dir='ltr'><strong>beatus</strong></span> <span class='ocrx_word' id='word_1_386' title='bbox 2300 2481 2466 2537; x_wconf 87' lang='lat' dir='ltr'><strong>videt.</strong></span> <span class='ocrx_word' id='word_1_387' title='bbox 2497 2480 2764 2551; x_wconf 81' lang='lat' dir='ltr'><strong>Vigilabat</strong></span> <span class='ocrx_word' id='word_1_388' title='bbox 2802 2478 2947 2534; x_wconf 91' lang='lat' dir='ltr'><strong>enim</strong></span> <span class='ocrx_word' id='word_1_389' title='bbox 2989 2478 3169 2533; x_wconf 88' lang='lat' dir='ltr'><strong>anima</strong></span> <span class='ocrx_word' id='word_1_390' title='bbox 3210 2478 3278 2533; x_wconf 93' lang='lat' dir='ltr'><strong>ad</strong></span> <span class='ocrx_word' id='word_1_391' title='bbox 3322 2478 3516 2544; x_wconf 86' lang='lat' dir='ltr'><strong>Deum,</strong></span> <span class='ocrx_word' id='word_1_392' title='bbox 3549 2494 3653 2534; x_wconf 92' lang='lat' dir='ltr'><strong>nec</strong></span> 
     </span>
    </p>
   </div>
   <div class='ocr_carea' id='block_1_55' title="bbox 2077 2570 3650 2644">
    <p class='ocr_par' dir='ltr' id='par_1_55' title="bbox 2077 2570 3650 2644">
     <span class='ocr_line' id='line_1_55' title="bbox 2077 2570 3650 2644; baseline -0.003 -16"><span class='ocrx_word' id='word_1_393' title='bbox 2077 2575 2234 2629; x_wconf 85' lang='lat' dir='ltr'><strong>mens</strong></span> <span class='ocrx_word' id='word_1_394' title='bbox 2284 2574 2445 2644; x_wconf 91' lang='lat' dir='ltr'><strong>plane</strong></span> <span class='ocrx_word' id='word_1_395' title='bbox 2490 2573 2817 2629; x_wconf 88' lang='lat' dir='ltr'><strong>dormiebat.</strong></span> <span class='ocrx_word' id='word_1_396' title='bbox 2870 2570 3022 2626; x_wconf 82' lang='lat' dir='ltr'><strong>Visio</strong></span> <span class='ocrx_word' id='word_1_397' title='bbox 3072 2571 3257 2641; x_wconf 84' lang='lat' dir='ltr'><strong>itaque</strong></span> <span class='ocrx_word' id='word_1_398' title='bbox 3302 2580 3422 2625; x_wconf 87' lang='lat' dir='ltr'><strong>erat</strong></span> <span class='ocrx_word' id='word_1_399' title='bbox 3471 2585 3650 2634; x_wconf 90' lang='lat' dir='ltr'><strong>mons,</strong></span> 
     </span>
    </p>
   </div>
   <div class='ocr_carea' id='block_1_56' title="bbox 2078 2661 3653 2736">
    <p class='ocr_par' dir='ltr' id='par_1_56' title="bbox 2078 2661 3653 2736">
     <span class='ocr_line' id='line_1_56' title="bbox 2078 2661 3653 2736; baseline -0.002 -17"><span class='ocrx_word' id='word_1_400' title='bbox 2078 2681 2186 2719; x_wconf 87' lang='lat' dir='ltr'><strong>non</strong></span> <span class='ocrx_word' id='word_1_401' title='bbox 2215 2666 2404 2736; x_wconf 87' lang='lat' dir='ltr'><strong>quales</strong></span> <span class='ocrx_word' id='word_1_402' title='bbox 2442 2666 2623 2720; x_wconf 57' lang='lat' dir='ltr'><strong>caeteri</strong></span> <span class='ocrx_word' id='word_1_403' title='bbox 2666 2674 2794 2719; x_wconf 90' lang='lat' dir='ltr'><strong>sunt</strong></span> <span class='ocrx_word' id='word_1_404' title='bbox 2830 2672 3063 2728; x_wconf 90' lang='lat' dir='ltr'><strong>montes,</strong></span> <span class='ocrx_word' id='word_1_405' title='bbox 3092 2662 3333 2727; x_wconf 88' lang='lat' dir='ltr'><strong>humilis,</strong></span> <span class='ocrx_word' id='word_1_406' title='bbox 3364 2670 3420 2716; x_wconf 91' lang='lat' dir='ltr'><strong>et</strong></span> <span class='ocrx_word' id='word_1_407' title='bbox 3442 2661 3653 2717; x_wconf 86' lang='lat' dir='ltr'><strong>cubans</strong></span> 
     </span>
    </p>
   </div>
   <div class='ocr_carea' id='block_1_57' title="bbox 2080 2752 3720 2829">
    <p class='ocr_par' dir='ltr' id='par_1_57' title="bbox 2080 2752 3720 2829">
     <span class='ocr_line' id='line_1_57' title="bbox 2080 2752 3720 2829; baseline -0.004 -15"><span class='ocrx_word' id='word_1_408' title='bbox 2080 2759 2254 2823; x_wconf 85' lang='lat' dir='ltr'><strong>humi,</strong></span> <span class='ocrx_word' id='word_1_409' title='bbox 2278 2759 2373 2815; x_wconf 90' lang='lat' dir='ltr'><strong>sed</strong></span> <span class='ocrx_word' id='word_1_410' title='bbox 2404 2758 2775 2829; x_wconf 82' lang='lat' dir='ltr'><strong>magnitudine</strong></span> <span class='ocrx_word' id='word_1_411' title='bbox 2805 2756 3094 2823; x_wconf 84' lang='lat' dir='ltr'><strong>maximus,</strong></span> <span class='ocrx_word' id='word_1_412' title='bbox 3120 2764 3175 2810; x_wconf 88' lang='lat' dir='ltr'><strong>et</strong></span> <span class='ocrx_word' id='word_1_413' title='bbox 3193 2764 3417 2825; x_wconf 86' lang='lat' dir='ltr'><strong>aspectu</strong></span> <span class='ocrx_word' id='word_1_414' title='bbox 3448 2754 3653 2809; x_wconf 91' lang='lat' dir='ltr'><strong>formo-</strong></span> <span class='ocrx_word' id='word_1_415' title='bbox 3717 2752 3720 2756; x_wconf 36' lang='grc' dir='ltr'><strong>λ</strong></span> 
     </span>
    </p>
   </div>
   <div class='ocr_carea' id='block_1_58' title="bbox 2078 2846 3654 2917">
    <p class='ocr_par' dir='ltr' id='par_1_58' title="bbox 2078 2846 3654 2917">
     <span class='ocr_line' id='line_1_58' title="bbox 2078 2846 3654 2917; baseline -0.004 -11"><span class='ocrx_word' id='word_1_416' title='bbox 2078 2849 2352 2913; x_wconf 83' lang='lat' dir='ltr'><strong>sissimus,</strong></span> <span class='ocrx_word' id='word_1_417' title='bbox 2400 2865 2497 2905; x_wconf 89' lang='lat' dir='ltr'><strong>sua</strong></span> <span class='ocrx_word' id='word_1_418' title='bbox 2541 2849 2854 2904; x_wconf 86' lang='lat' dir='ltr'><strong>summitate</strong></span> <span class='ocrx_word' id='word_1_419' title='bbox 2898 2846 3037 2903; x_wconf 67' lang='lat' dir='ltr'><strong>caalo</strong></span> <span class='ocrx_word' id='word_1_420' title='bbox 3077 2846 3251 2917; x_wconf 87' lang='lat' dir='ltr'><strong>magis</strong></span> <span class='ocrx_word' id='word_1_421' title='bbox 3293 2861 3454 2916; x_wconf 90' lang='lat' dir='ltr'><strong>quam</strong></span> <span class='ocrx_word' id='word_1_422' title='bbox 3496 2854 3654 2899; x_wconf 69' lang='lat' dir='ltr'><strong>terra:</strong></span> 
     </span>
    </p>
   </div>
   <div class='ocr_carea' id='block_1_59' title="bbox 2079 2936 3651 3013">
    <p class='ocr_par' dir='ltr' id='par_1_59' title="bbox 2079 2936 3651 3013">
     <span class='ocr_line' id='line_1_59' title="bbox 2079 2936 3651 3013; baseline -0.004 -16"><span class='ocrx_word' id='word_1_423' title='bbox 2079 2941 2378 3013; x_wconf 84' lang='lat' dir='ltr'><strong>proximus.</strong></span> <span class='ocrx_word' id='word_1_424' title='bbox 2403 2942 2462 2996; x_wconf 93' lang='lat' dir='ltr'><strong>ln</strong></span> <span class='ocrx_word' id='word_1_425' title='bbox 2493 2958 2559 2995; x_wconf 86' lang='lat' dir='ltr'><strong>eo</strong></span> <span class='ocrx_word' id='word_1_426' title='bbox 2589 2940 2768 2995; x_wconf 87' lang='lat' dir='ltr'><strong>stabat</strong></span> <span class='ocrx_word' id='word_1_427' title='bbox 2795 2939 2874 2992; x_wconf 88' lang='lat' dir='ltr'><strong>vir</strong></span> <span class='ocrx_word' id='word_1_428' title='bbox 2904 2938 3021 3004; x_wconf 87' lang='lat' dir='ltr'><strong>Dei,</strong></span> <span class='ocrx_word' id='word_1_429' title='bbox 3053 2938 3141 2992; x_wconf 91' lang='lat' dir='ltr'><strong>cui</strong></span> <span class='ocrx_word' id='word_1_430' title='bbox 3172 2936 3494 2992; x_wconf 79' lang='lat' dir='ltr'><strong>adolescens</strong></span> <span class='ocrx_word' id='word_1_431' title='bbox 3525 2936 3651 3005; x_wconf 90' lang='lat' dir='ltr'><strong>qui-</strong></span> 
     </span>
    </p>
   </div>
   <div class='ocr_carea' id='block_1_60' title="bbox 396 3021 1969 3114">
    <p class='ocr_par' dir='ltr' id='par_1_60' title="bbox 396 3021 1969 3100">
     <span class='ocr_line' id='line_1_60' title="bbox 396 3021 1969 3100; baseline -0.002 -18"><span class='ocrx_word' id='word_1_432' title='bbox 396 3029 571 3100; x_wconf 80' lang='grc' dir='ltr'>ταύτῃ</span> <span class='ocrx_word' id='word_1_433' title='bbox 597 3029 875 3100; x_wconf 84' lang='grc' dir='ltr'>μικροπής</span> <span class='ocrx_word' id='word_1_434' title='bbox 900 3045 986 3091; x_wconf 85' lang='grc' dir='ltr'><strong>τις</strong></span> <span class='ocrx_word' id='word_1_435' title='bbox 1008 3027 1041 3097; x_wconf 84' lang='grc' dir='ltr'>ἢ</span> <span class='ocrx_word' id='word_1_436' title='bbox 1073 3025 1353 3095; x_wconf 87' lang='grc' dir='ltr'>εὑώνυμος</span> <span class='ocrx_word' id='word_1_437' title='bbox 1376 3062 1393 3088; x_wconf 90' lang='grc'><strong>,</strong></span> <span class='ocrx_word' id='word_1_438' title='bbox 1420 3025 1536 3078; x_wconf 86' lang='grc' dir='ltr'>ἀλλ’</span> <span class='ocrx_word' id='word_1_439' title='bbox 1568 3021 1659 3078; x_wconf 73' lang='grc' dir='ltr'>οἶα</span> <span class='ocrx_word' id='word_1_440' title='bbox 1684 3024 1969 3098; x_wconf 84' lang='grc' dir='ltr'>δορυφορεῖ</span> 
     </span>
    </p>
   </div>
   <div class='ocr_carea' id='block_1_61' title="bbox 2074 3021 3652 3114">
    <p class='ocr_par' dir='ltr' id='par_1_61' title="bbox 2079 3027 3652 3114">
     <span class='ocr_line' id='line_1_61' title="bbox 2079 3027 3652 3114; baseline -0.004 -26"><span class='ocrx_word' id='word_1_441' title='bbox 2079 3033 2204 3088; x_wconf 90' lang='lat' dir='ltr'><strong>dam</strong></span> <span class='ocrx_word' id='word_1_442' title='bbox 2231 3033 2404 3087; x_wconf 89' lang='lat' dir='ltr'><strong>astitit</strong></span> <span class='ocrx_word' id='word_1_443' title='bbox 2433 3032 2542 3086; x_wconf 92' lang='lat' dir='ltr'><strong>vini</strong></span> <span class='ocrx_word' id='word_1_444' title='bbox 2574 3031 2827 3101; x_wconf 91' lang='lat' dir='ltr'><strong>poculum</strong></span> <span class='ocrx_word' id='word_1_445' title='bbox 2857 3029 3172 3084; x_wconf 86' lang='lat' dir='ltr'><strong>ministrans</strong></span> <span class='ocrx_word' id='word_1_446' title='bbox 3200 3046 3213 3083; x_wconf 92' lang='lat'><strong>:</strong></span> <span class='ocrx_word' id='word_1_447' title='bbox 3246 3028 3405 3114; x_wconf 85' lang='lat' dir='ltr'><strong>cujus</strong></span> <span class='ocrx_word' id='word_1_448' title='bbox 3432 3027 3652 3114; x_wconf 79' lang='lat' dir='ltr'><strong>quidem</strong></span> 
     </span>
    </p>
   </div>
   <div class='ocr_carea' id='block_1_62' title="bbox 395 3117 1972 3192">
    <p class='ocr_par' dir='ltr' id='par_1_62' title="bbox 395 3117 1972 3192">
     <span class='ocr_line' id='line_1_62' title="bbox 395 3117 1972 3192; baseline -0.004 -15"><span class='ocrx_word' id='word_1_449' title='bbox 395 3124 522 3186; x_wconf 81' lang='grc' dir='ltr'>τοὺς</span> <span class='ocrx_word' id='word_1_450' title='bbox 558 3121 882 3192; x_wconf 76' lang='grc' dir='ltr'>εὐδαίμονας</span> <span class='ocrx_word' id='word_1_451' title='bbox 913 3120 1111 3190; x_wconf 72' lang='grc' dir='ltr'>τέχνης</span> <span class='ocrx_word' id='word_1_452' title='bbox 1139 3117 1479 3189; x_wconf 84' lang='grc' dir='ltr'>διαπρεποῦς</span> <span class='ocrx_word' id='word_1_453' title='bbox 1508 3118 1710 3189; x_wconf 81' lang='grc' dir='ltr'>χρυσός</span> <span class='ocrx_word' id='word_1_454' title='bbox 1729 3135 1743 3149; x_wconf 90' lang='grc'><strong>·</strong></span> <span class='ocrx_word' id='word_1_455' title='bbox 1769 3120 1865 3173; x_wconf 72' lang='grc' dir='ltr'>καὶ</span> <span class='ocrx_word' id='word_1_456' title='bbox 1891 3118 1972 3172; x_wconf 81' lang='grc' dir='ltr'>λί-</span> 
     </span>
    </p>
   </div>
   <div class='ocr_carea' id='block_1_63' title="bbox 398 3206 1968 3283">
    <p class='ocr_par' dir='ltr' id='par_1_63' title="bbox 398 3206 1968 3283">
     <span class='ocr_line' id='line_1_63' title="bbox 398 3206 1968 3283; baseline -0.003 -15"><span class='ocrx_word' id='word_1_457' title='bbox 398 3214 483 3268; x_wconf 85' lang='grc' dir='ltr'>θοι</span> <span class='ocrx_word' id='word_1_458' title='bbox 520 3214 577 3267; x_wconf 60' lang='lat' dir='ltr'><strong>at</strong></span> <span class='ocrx_word' id='word_1_459' title='bbox 607 3212 779 3283; x_wconf 79' lang='grc' dir='ltr'>αὐτὴν</span> <span class='ocrx_word' id='word_1_460' title='bbox 812 3212 1170 3282; x_wconf 86' lang='grc' dir='ltr'>περιέστεφον</span> <span class='ocrx_word' id='word_1_461' title='bbox 1201 3209 1513 3274; x_wconf 79' lang='grc' dir='ltr'>πολυτελεῖς</span> <span class='ocrx_word' id='word_1_462' title='bbox 1544 3210 1638 3263; x_wconf 74' lang='grc' dir='ltr'>καὶ</span> <span class='ocrx_word' id='word_1_463' title='bbox 1672 3206 1968 3279; x_wconf 66' lang='grc' dir='ltr'>βασίλειον</span> 
     </span>
    </p>
   </div>
   <div class='ocr_carea' id='block_1_64' title="bbox 397 3298 1970 3371">
    <p class='ocr_par' dir='ltr' id='par_1_64' title="bbox 397 3298 1970 3371">
     <span class='ocr_line' id='line_1_64' title="bbox 397 3298 1970 3371; baseline -0.004 -13"><span class='ocrx_word' id='word_1_464' title='bbox 397 3305 495 3359; x_wconf 76' lang='grc' dir='ltr'>καὶ</span> <span class='ocrx_word' id='word_1_465' title='bbox 528 3302 779 3371; x_wconf 81' lang='grc' dir='ltr'>λέγοντος</span> <span class='ocrx_word' id='word_1_466' title='bbox 811 3300 1033 3355; x_wconf 79' lang='grc' dir='ltr'>ἀκούειν</span> <span class='ocrx_word' id='word_1_467' title='bbox 1058 3299 1235 3353; x_wconf 84' lang='grc' dir='ltr'>ἐδόκει</span> <span class='ocrx_word' id='word_1_468' title='bbox 1255 3314 1269 3328; x_wconf 83' lang='lat'><strong><em>°</em></strong></span> <span class='ocrx_word' id='word_1_469' title='bbox 1303 3298 1394 3351; x_wconf 72' lang='grc' dir='ltr'><strong>Σοὶ</strong></span> <span class='ocrx_word' id='word_1_470' title='bbox 1420 3298 1482 3352; x_wconf 75' lang='grc' dir='ltr'>τὸ</span> <span class='ocrx_word' id='word_1_471' title='bbox 1538 3298 1801 3370; x_wconf 81' lang='grc' dir='ltr'>ποτήριον</span> <span class='ocrx_word' id='word_1_472' title='bbox 1832 3298 1970 3369; x_wconf 76' lang='grc' dir='ltr'>ᾠνο-</span> 
     </span>
    </p>
   </div>
   <div class='ocr_carea' id='block_1_65' title="bbox 397 3386 1972 3464">
    <p class='ocr_par' dir='ltr' id='par_1_65' title="bbox 397 3386 1972 3464">
     <span class='ocr_line' id='line_1_65' title="bbox 397 3386 1972 3464; baseline -0.004 -17"><span class='ocrx_word' id='word_1_473' title='bbox 397 3393 591 3464; x_wconf 77' lang='grc' dir='ltr'>χόηται</span> <span class='ocrx_word' id='word_1_474' title='bbox 617 3390 777 3445; x_wconf 81' lang='grc' dir='ltr'>τοῦτο</span> <span class='ocrx_word' id='word_1_475' title='bbox 794 3404 810 3419; x_wconf 86' lang='grc'>⁶</span> <span class='ocrx_word' id='word_1_476' title='bbox 846 3390 877 3441; x_wconf 84' lang='grc' dir='ltr'><strong>ό</strong></span> <span class='ocrx_word' id='word_1_477' title='bbox 902 3388 960 3443; x_wconf 83' lang='grc' dir='ltr'>δὲ</span> <span class='ocrx_word' id='word_1_478' title='bbox 984 3388 1277 3461; x_wconf 80' lang='grc' dir='ltr'>δεξάμενος</span> <span class='ocrx_word' id='word_1_479' title='bbox 1303 3386 1489 3442; x_wconf 58' lang='grc' dir='ltr'>ἔπιεν</span> <span class='ocrx_word' id='word_1_480' title='bbox 1525 3388 1622 3441; x_wconf 79' lang='grc' dir='ltr'>καὶ</span> <span class='ocrx_word' id='word_1_481' title='bbox 1646 3388 1758 3459; x_wconf 75' lang='grc' dir='ltr'><strong>γὰρ</strong></span> <span class='ocrx_word' id='word_1_482' title='bbox 1784 3386 1972 3452; x_wconf 79' lang='grc' dir='ltr'>οὕτως</span> 
     </span>
    </p>
   </div>
   <div class='ocr_carea' id='block_1_66' title="bbox 396 3475 1973 3555">
    <p class='ocr_par' dir='ltr' id='par_1_66' title="bbox 396 3475 1973 3555">
     <span class='ocr_line' id='line_1_66' title="bbox 396 3475 1973 3555; baseline -0.003 -18"><span class='ocrx_word' id='word_1_483' title='bbox 396 3484 497 3555; x_wconf 75' lang='grc' dir='ltr'>ήδὺ</span> <span class='ocrx_word' id='word_1_484' title='bbox 527 3481 908 3551; x_wconf 84' lang='grc' dir='ltr'>κατεφαίνετο.</span> <span class='ocrx_word' id='word_1_485' title='bbox 953 3475 1092 3534; x_wconf 82' lang='grc' dir='ltr'>Εἶτα</span> <span class='ocrx_word' id='word_1_486' title='bbox 1112 3481 1182 3551; x_wconf 79' lang='grc' dir='ltr'><strong>τῇ</strong></span> <span class='ocrx_word' id='word_1_487' title='bbox 1221 3478 1342 3550; x_wconf 73' lang='grc' dir='ltr'>ὄψει</span> <span class='ocrx_word' id='word_1_488' title='bbox 1369 3479 1661 3544; x_wconf 78' lang='grc' dir='ltr'>διαναστὰς</span> <span class='ocrx_word' id='word_1_489' title='bbox 1681 3518 1697 3544; x_wconf 84' lang='grc'><strong>,</strong></span> <span class='ocrx_word' id='word_1_490' title='bbox 1725 3480 1826 3553; x_wconf 70' lang='grc' dir='ltr'>ήδη</span> <span class='ocrx_word' id='word_1_491' title='bbox 1862 3480 1973 3551; x_wconf 73' lang='grc' dir='ltr'>γὰρ</span> 
     </span>
    </p>
   </div>
   <div class='ocr_carea' id='block_1_67' title="bbox 399 3572 1973 3646">
    <p class='ocr_par' dir='ltr' id='par_1_67' title="bbox 399 3572 1973 3646">
     <span class='ocr_line' id='line_1_67' title="bbox 399 3572 1973 3646; baseline -0.002 -15"><span class='ocrx_word' id='word_1_492' title='bbox 399 3575 681 3644; x_wconf 77' lang='grc' dir='ltr'>ἐνθουσιᾷν</span> <span class='ocrx_word' id='word_1_493' title='bbox 715 3574 931 3645; x_wconf 82' lang='grc' dir='ltr'>ὑπῆρχε</span> <span class='ocrx_word' id='word_1_494' title='bbox 967 3573 1031 3627; x_wconf 78' lang='grc' dir='ltr'>τὸ</span> <span class='ocrx_word' id='word_1_495' title='bbox 1051 3573 1373 3646; x_wconf 77' lang='grc' dir='ltr'>κεκινῆσθαι</span> <span class='ocrx_word' id='word_1_496' title='bbox 1403 3572 1481 3644; x_wconf 83' lang='grc' dir='ltr'>τῷ</span> <span class='ocrx_word' id='word_1_497' title='bbox 1517 3572 1813 3644; x_wconf 82' lang='grc' dir='ltr'>πνεύματι,</span> <span class='ocrx_word' id='word_1_498' title='bbox 1834 3574 1973 3645; x_wconf 83' lang='grc' dir='ltr'>πρὸς</span> 
     </span>
    </p>
   </div>
   <div class='ocr_carea' id='block_1_68' title="bbox 394 3665 1968 3740">
    <p class='ocr_par' dir='ltr' id='par_1_68' title="bbox 394 3665 1968 3740">
     <span class='ocr_line' id='line_1_68' title="bbox 394 3665 1968 3740; baseline -0.001 -19"><span class='ocrx_word' id='word_1_499' title='bbox 394 3668 495 3740; x_wconf 75' lang='grc' dir='ltr'>τὴν</span> <span class='ocrx_word' id='word_1_500' title='bbox 520 3668 729 3721; x_wconf 77' lang='grc' dir='ltr'>ἔννοιαν</span> <span class='ocrx_word' id='word_1_501' title='bbox 762 3665 1017 3737; x_wconf 81' lang='grc' dir='ltr'>μελῳδῶν</span> <span class='ocrx_word' id='word_1_502' title='bbox 1049 3665 1395 3731; x_wconf 78' lang='grc' dir='ltr'>ἀνεϐίϐαζεν·</span> <span class='ocrx_word' id='word_1_503' title='bbox 1426 3666 1689 3721; x_wconf 86' lang='grc' dir='ltr'>ἐπίστατο</span> <span class='ocrx_word' id='word_1_504' title='bbox 1735 3666 1844 3738; x_wconf 80' lang='grc' dir='ltr'><strong>γὰρ</strong></span> <span class='ocrx_word' id='word_1_505' title='bbox 1877 3667 1968 3720; x_wconf 80' lang='grc' dir='ltr'>λέ-</span> 
     </span>
    </p>
   </div>
   <div class='ocr_carea' id='block_1_69' title="bbox 395 3755 1973 3827">
    <p class='ocr_par' dir='ltr' id='par_1_69' title="bbox 395 3755 1973 3827">
     <span class='ocr_line' id='line_1_69' title="bbox 395 3755 1973 3827; baseline 0 -15"><span class='ocrx_word' id='word_1_506' title='bbox 395 3774 533 3827; x_wconf 84' lang='grc' dir='ltr'>γειν·</span> <span class='ocrx_word' id='word_1_507' title='bbox 567 3757 665 3812; x_wconf 81' lang='grc' dir='ltr'>Ἐκ</span> <span class='ocrx_word' id='word_1_508' title='bbox 678 3756 901 3823; x_wconf 73' lang='grc' dir='ltr'>νυκτὸς</span> <span class='ocrx_word' id='word_1_509' title='bbox 915 3756 1161 3825; x_wconf 80' lang='grc' dir='ltr'>όρθρίζει</span> <span class='ocrx_word' id='word_1_510' title='bbox 1179 3758 1246 3811; x_wconf 86' lang='grc' dir='ltr'>τὸ</span> <span class='ocrx_word' id='word_1_511' title='bbox 1270 3755 1507 3825; x_wconf 77' lang='grc' dir='ltr'>πνεῦμά</span> <span class='ocrx_word' id='word_1_512' title='bbox 1519 3774 1639 3826; x_wconf 82' lang='grc' dir='ltr'><strong>μου</strong></span> <span class='ocrx_word' id='word_1_513' title='bbox 1656 3759 1808 3824; x_wconf 81' lang='grc' dir='ltr'>πρὸς</span> <span class='ocrx_word' id='word_1_514' title='bbox 1825 3757 1923 3819; x_wconf 82' lang='grc' dir='ltr'>σὲ,</span> <span class='ocrx_word' id='word_1_515' title='bbox 1939 3761 1973 3812; x_wconf 84' lang='grc' dir='ltr'><em>ό</em></span> 
     </span>
    </p>
   </div>
   <div class='ocr_carea' id='block_1_70' title="bbox 398 3846 1968 3919">
    <p class='ocr_par' dir='ltr' id='par_1_70' title="bbox 398 3846 1968 3919">
     <span class='ocr_line' id='line_1_70' title="bbox 398 3846 1968 3919; baseline -0.001 -14"><span class='ocrx_word' id='word_1_516' title='bbox 398 3850 563 3916; x_wconf 83' lang='grc' dir='ltr'>Θεὸς,</span> <span class='ocrx_word' id='word_1_517' title='bbox 581 3849 729 3904; x_wconf 82' lang='grc' dir='ltr'>διότι</span> <span class='ocrx_word' id='word_1_518' title='bbox 754 3846 882 3918; x_wconf 72' lang='grc' dir='ltr'><strong>φῶς</strong></span> <span class='ocrx_word' id='word_1_519' title='bbox 898 3848 969 3902; x_wconf 84' lang='grc' dir='ltr'>τὰ</span> <span class='ocrx_word' id='word_1_520' title='bbox 985 3846 1416 3919; x_wconf 79' lang='grc' dir='ltr'>προστάγματά</span> <span class='ocrx_word' id='word_1_521' title='bbox 1441 3863 1559 3903; x_wconf 86' lang='grc' dir='ltr'>σου</span> <span class='ocrx_word' id='word_1_522' title='bbox 1580 3848 1678 3903; x_wconf 73' lang='grc' dir='ltr'>ἐπὶ</span> <span class='ocrx_word' id='word_1_523' title='bbox 1702 3847 1814 3916; x_wconf 82' lang='grc' dir='ltr'>τῆς</span> <span class='ocrx_word' id='word_1_524' title='bbox 1834 3848 1968 3919; x_wconf 79' lang='grc' dir='ltr'>γῆς·</span> 
     </span>
    </p>
   </div>
   <div class='ocr_carea' id='block_1_71' title="bbox 397 3938 1965 4010">
    <p class='ocr_par' dir='ltr' id='par_1_71' title="bbox 397 3938 1965 4010">
     <span class='ocr_line' id='line_1_71' title="bbox 397 3938 1965 4010; baseline 0.001 -17"><span class='ocrx_word' id='word_1_525' title='bbox 397 3942 492 3993; x_wconf 75' lang='grc' dir='ltr'><strong>καὶ</strong></span> <span class='ocrx_word' id='word_1_526' title='bbox 537 3940 572 4010; x_wconf 74' lang='grc' dir='ltr'><strong>ἡ</strong></span> <span class='ocrx_word' id='word_1_527' title='bbox 610 3938 708 4003; x_wconf 78' lang='grc' dir='ltr'><strong>νὺξ</strong></span> <span class='ocrx_word' id='word_1_528' title='bbox 745 3938 845 4008; x_wconf 70' lang='grc' dir='ltr'>ήδη</span> <span class='ocrx_word' id='word_1_529' title='bbox 876 3938 973 4009; x_wconf 80' lang='grc' dir='ltr'>τὴν</span> <span class='ocrx_word' id='word_1_530' title='bbox 1007 3938 1172 4007; x_wconf 82' lang='grc' dir='ltr'>ἁγίαν</span> <span class='ocrx_word' id='word_1_531' title='bbox 1199 3938 1490 4009; x_wconf 80' lang='grc' dir='ltr'>Κυριακὴν</span> <span class='ocrx_word' id='word_1_532' title='bbox 1530 3941 1965 4009; x_wconf 80' lang='grc' dir='ltr'>προεκήρυττεν.</span> 
     </span>
    </p>
   </div>
   <div class='ocr_carea' id='block_1_72' title="bbox 344 4028 1972 4103">
    <p class='ocr_par' dir='ltr' id='par_1_72' title="bbox 344 4028 1972 4103">
     <span class='ocr_line' id='line_1_72' title="bbox 344 4028 1972 4103; baseline -0.002 -18"><span class='ocrx_word' id='word_1_533' title='bbox 344 4064 347 4065; x_wconf 53' lang='grc' dir='ltr'><strong>ν</strong></span> <span class='ocrx_word' id='word_1_534' title='bbox 408 4032 640 4085; x_wconf 82' lang='grc' dir='ltr'>Ἐδίδοτο</span> <span class='ocrx_word' id='word_1_535' title='bbox 665 4030 955 4102; x_wconf 83' lang='grc' dir='ltr'>τοιγαροῦν</span> <span class='ocrx_word' id='word_1_536' title='bbox 987 4028 1137 4101; x_wconf 82' lang='grc' dir='ltr'>αύτῷ</span> <span class='ocrx_word' id='word_1_537' title='bbox 1163 4029 1258 4083; x_wconf 82' lang='grc' dir='ltr'>τοῦ</span> <span class='ocrx_word' id='word_1_538' title='bbox 1290 4029 1571 4098; x_wconf 82' lang='grc' dir='ltr'>ὀνείρατος</span> <span class='ocrx_word' id='word_1_539' title='bbox 1601 4030 1635 4100; x_wconf 87' lang='grc' dir='ltr'>ή</span> <span class='ocrx_word' id='word_1_540' title='bbox 1664 4029 1972 4103; x_wconf 78' lang='grc' dir='ltr'>προφητεία</span> 
     </span>
    </p>
   </div>
   <div class='ocr_carea' id='block_1_73' title="bbox 396 4120 1969 4193">
    <p class='ocr_par' dir='ltr' id='par_1_73' title="bbox 396 4120 1969 4193">
     <span class='ocr_line' id='line_1_73' title="bbox 396 4120 1969 4193; baseline -0.008 -14"><span class='ocrx_word' id='word_1_541' title='bbox 396 4124 694 4193; x_wconf 78' lang='grc' dir='ltr'>γραφικαῖς</span> <span class='ocrx_word' id='word_1_542' title='bbox 731 4122 1064 4187; x_wconf 78' lang='grc' dir='ltr'>ἀναπτύξεσι</span> <span class='ocrx_word' id='word_1_543' title='bbox 1095 4121 1517 4192; x_wconf 75' lang='grc' dir='ltr'>σκιαγραφοῦσα</span> <span class='ocrx_word' id='word_1_544' title='bbox 1546 4121 1653 4192; x_wconf 83' lang='grc' dir='ltr'>τὴν</span> <span class='ocrx_word' id='word_1_545' title='bbox 1684 4120 1798 4174; x_wconf 87' lang='grc' dir='ltr'><strong>τῶν</strong></span> <span class='ocrx_word' id='word_1_546' title='bbox 1839 4121 1969 4192; x_wconf 84' lang='grc' dir='ltr'>μελ..</span> 
     </span>
    </p>
   </div>
   <div class='ocr_carea' id='block_1_74' title="bbox 394 4197 1970 4284">
    <p class='ocr_par' dir='ltr' id='par_1_74' title="bbox 394 4197 1970 4284">
     <span class='ocr_line' id='line_1_74' title="bbox 394 4197 1970 4284; baseline -0.002 -17"><span class='ocrx_word' id='word_1_547' title='bbox 394 4213 594 4267; x_wconf 86' lang='grc' dir='ltr'>λόντων</span> <span class='ocrx_word' id='word_1_548' title='bbox 614 4212 906 4267; x_wconf 85' lang='grc' dir='ltr'>ἀπόϐασιν.</span> <span class='ocrx_word' id='word_1_549' title='bbox 943 4212 1098 4266; x_wconf 83' lang='grc' dir='ltr'>Ἐπεὶ</span> <span class='ocrx_word' id='word_1_550' title='bbox 1118 4212 1226 4284; x_wconf 84' lang='grc' dir='ltr'>γὰρ</span> <span class='ocrx_word' id='word_1_551' title='bbox 1256 4197 1520 4284; x_wconf 72' lang='grc' dir='ltr'>ὑπερώρα</span> <span class='ocrx_word' id='word_1_552' title='bbox 1536 4211 1646 4265; x_wconf 89' lang='grc' dir='ltr'><strong>τῶν</strong></span> <span class='ocrx_word' id='word_1_553' title='bbox 1664 4211 1840 4278; x_wconf 83' lang='grc' dir='ltr'>κάτω,</span> <span class='ocrx_word' id='word_1_554' title='bbox 1875 4211 1970 4265; x_wconf 67' lang='grc' dir='ltr'><strong>καὶ⁹</strong></span> 
     </span>
    </p>
   </div>
   <div class='ocr_carea' id='block_1_75' title="bbox 393 4302 1969 4376">
    <p class='ocr_par' dir='ltr' id='par_1_75' title="bbox 393 4302 1969 4376">
     <span class='ocr_line' id='line_1_75' title="bbox 393 4302 1969 4376; baseline -0.001 -18"><span class='ocrx_word' id='word_1_555' title='bbox 393 4307 506 4368; x_wconf 81' lang='grc' dir='ltr'>τοῖς</span> <span class='ocrx_word' id='word_1_556' title='bbox 525 4306 643 4359; x_wconf 86' lang='grc' dir='ltr'>ἀνω</span> <span class='ocrx_word' id='word_1_557' title='bbox 674 4320 734 4357; x_wconf 87' lang='grc' dir='ltr'><strong>τε</strong></span> <span class='ocrx_word' id='word_1_558' title='bbox 762 4304 858 4357; x_wconf 71' lang='grc' dir='ltr'>καὶ</span> <span class='ocrx_word' id='word_1_559' title='bbox 888 4304 1179 4376; x_wconf 80' lang='grc' dir='ltr'>Θειοτέροις</span> <span class='ocrx_word' id='word_1_560' title='bbox 1220 4303 1592 4375; x_wconf 81' lang='grc' dir='ltr'>προσέϐλεπεν</span> <span class='ocrx_word' id='word_1_561' title='bbox 1627 4302 1865 4375; x_wconf 72' lang='grc' dir='ltr'>καθαρὸς</span> <span class='ocrx_word' id='word_1_562' title='bbox 1892 4303 1969 4357; x_wconf 83' lang='grc' dir='ltr'>ὢν</span> 
     </span>
    </p>
   </div>
   <div class='ocr_carea' id='block_1_76' title="bbox 2072 3108 3653 3197">
    <p class='ocr_par' dir='ltr' id='par_1_76' title="bbox 2072 3108 3653 3197">
     <span class='ocr_line' id='line_1_76' title="bbox 2072 3108 3653 3197; baseline -0.003 -18"><span class='ocrx_word' id='word_1_563' title='bbox 2072 3125 2248 3197; x_wconf 86' lang='lat' dir='ltr'><strong>poculi</strong></span> <span class='ocrx_word' id='word_1_564' title='bbox 2287 3124 2541 3179; x_wconf 90' lang='lat' dir='ltr'><strong>materies</strong></span> <span class='ocrx_word' id='word_1_565' title='bbox 2578 3139 2686 3176; x_wconf 94' lang='lat' dir='ltr'><strong>non</strong></span> <span class='ocrx_word' id='word_1_566' title='bbox 2721 3131 2839 3177; x_wconf 85' lang='lat' dir='ltr'><strong>erat</strong></span> <span class='ocrx_word' id='word_1_567' title='bbox 2872 3122 2994 3178; x_wconf 91' lang='lat' dir='ltr'><strong>vilis</strong></span> <span class='ocrx_word' id='word_1_568' title='bbox 3066 3132 3120 3177; x_wconf 91' lang='lat' dir='ltr'><strong>et</strong></span> <span class='ocrx_word' id='word_1_569' title='bbox 3148 3108 3361 3191; x_wconf 81' lang='lat' dir='ltr'><strong>abjecta</strong></span> <span class='ocrx_word' id='word_1_570' title='bbox 3391 3108 3529 3190; x_wconf 70' lang='lat'><strong>(32),</strong></span> <span class='ocrx_word' id='word_1_571' title='bbox 3559 3118 3653 3174; x_wconf 83' lang='lat' dir='ltr'><strong>sed</strong></span> 
     </span>
    </p>
   </div>
   <div class='ocr_carea' id='block_1_77' title="bbox 2072 3211 3655 3287">
    <p class='ocr_par' dir='ltr' id='par_1_77' title="bbox 2072 3211 3655 3287">
     <span class='ocr_line' id='line_1_77' title="bbox 2072 3211 3655 3287; baseline -0.004 -15"><span class='ocrx_word' id='word_1_572' title='bbox 2072 3216 2248 3287; x_wconf 88' lang='lat' dir='ltr'><strong>qualis</strong></span> <span class='ocrx_word' id='word_1_573' title='bbox 2272 3216 2327 3271; x_wconf 88' lang='lat' dir='ltr'><strong>in</strong></span> <span class='ocrx_word' id='word_1_574' title='bbox 2360 3215 2597 3271; x_wconf 79' lang='lat' dir='ltr'><strong>felicium</strong></span> <span class='ocrx_word' id='word_1_575' title='bbox 2629 3214 2868 3269; x_wconf 87' lang='lat' dir='ltr'><strong>virorum</strong></span> <span class='ocrx_word' id='word_1_576' title='bbox 2902 3213 3110 3268; x_wconf 81' lang='lat' dir='ltr'><strong>:edibus</strong></span> <span class='ocrx_word' id='word_1_577' title='bbox 3140 3212 3403 3278; x_wconf 91' lang='lat' dir='ltr'><strong>abundat,</strong></span> <span class='ocrx_word' id='word_1_578' title='bbox 3439 3211 3655 3266; x_wconf 71' lang='lat' dir='ltr'><strong>eximia:</strong></span> 
     </span>
    </p>
   </div>
   <div class='ocr_carea' id='block_1_78' title="bbox 2072 3304 3654 3375">
    <p class='ocr_par' dir='ltr' id='par_1_78' title="bbox 2072 3304 3654 3375">
     <span class='ocr_line' id='line_1_78' title="bbox 2072 3304 3654 3375; baseline -0.004 -11"><span class='ocrx_word' id='word_1_579' title='bbox 2072 3308 2205 3364; x_wconf 88' lang='lat' dir='ltr'><strong>artis</strong></span> <span class='ocrx_word' id='word_1_580' title='bbox 2227 3323 2451 3373; x_wconf 89' lang='lat' dir='ltr'><strong>aurum;</strong></span> <span class='ocrx_word' id='word_1_581' title='bbox 2484 3314 2764 3375; x_wconf 91' lang='lat' dir='ltr'><strong>totumque</strong></span> <span class='ocrx_word' id='word_1_582' title='bbox 2789 3314 2905 3360; x_wconf 87' lang='lat' dir='ltr'><strong>erat</strong></span> <span class='ocrx_word' id='word_1_583' title='bbox 2935 3305 3066 3360; x_wconf 91' lang='lat' dir='ltr'><strong>illud</strong></span> <span class='ocrx_word' id='word_1_584' title='bbox 3093 3304 3349 3375; x_wconf 90' lang='lat' dir='ltr'><strong>pretiosis</strong></span> <span class='ocrx_word' id='word_1_585' title='bbox 3408 3319 3474 3359; x_wconf 89' lang='lat' dir='ltr'><strong>ac</strong></span> <span class='ocrx_word' id='word_1_586' title='bbox 3500 3318 3654 3374; x_wconf 87' lang='lat' dir='ltr'><strong>rega-</strong></span> 
     </span>
    </p>
   </div>
   <div class='ocr_carea' id='block_1_79' title="bbox 2071 3394 3652 3471">
    <p class='ocr_par' dir='ltr' id='par_1_79' title="bbox 2071 3394 3652 3471">
     <span class='ocr_line' id='line_1_79' title="bbox 2071 3394 3652 3471; baseline -0.004 -17"><span class='ocrx_word' id='word_1_587' title='bbox 2071 3399 2215 3456; x_wconf 89' lang='lat' dir='ltr'><strong>libus</strong></span> <span class='ocrx_word' id='word_1_588' title='bbox 2255 3399 2483 3471; x_wconf 86' lang='lat' dir='ltr'><strong>gemmis</strong></span> <span class='ocrx_word' id='word_1_589' title='bbox 2528 3410 2805 3453; x_wconf 86' lang='lat' dir='ltr'><strong>ornatum.</strong></span> <span class='ocrx_word' id='word_1_590' title='bbox 2866 3396 2977 3452; x_wconf 89' lang='lat' dir='ltr'><strong>Sibi</strong></span> <span class='ocrx_word' id='word_1_591' title='bbox 3028 3405 3211 3451; x_wconf 85' lang='lat' dir='ltr'><strong>autem</strong></span> <span class='ocrx_word' id='word_1_592' title='bbox 3257 3395 3540 3450; x_wconf 89' lang='lat' dir='ltr'><strong>videbatur</strong></span> <span class='ocrx_word' id='word_1_593' title='bbox 3578 3394 3652 3448; x_wconf 87' lang='lat' dir='ltr'><strong>ita</strong></span> 
     </span>
    </p>
   </div>
   <div class='ocr_carea' id='block_1_80' title="bbox 2072 3482 3652 3546">
    <p class='ocr_par' dir='ltr' id='par_1_80' title="bbox 2072 3482 3652 3546">
     <span class='ocr_line' id='line_1_80' title="bbox 2072 3482 3652 3546; baseline -0.005 0"><span class='ocrx_word' id='word_1_594' title='bbox 2072 3490 2342 3546; x_wconf 88' lang='lat' dir='ltr'><strong>dicentem</strong></span> <span class='ocrx_word' id='word_1_595' title='bbox 2374 3489 2563 3545; x_wconf 86' lang='lat' dir='ltr'><strong>audire</strong></span> <span class='ocrx_word' id='word_1_596' title='bbox 2594 3507 2608 3542; x_wconf 89' lang='lat'><strong>:</strong></span> <span class='ocrx_word' id='word_1_597' title='bbox 2636 3489 2734 3543; x_wconf 85' lang='lat' dir='ltr'><strong>Hic</strong></span> <span class='ocrx_word' id='word_1_598' title='bbox 2768 3487 2904 3544; x_wconf 80' lang='lat' dir='ltr'><strong>calix</strong></span> <span class='ocrx_word' id='word_1_599' title='bbox 2942 3487 3036 3542; x_wconf 90' lang='lat' dir='ltr'><strong>tibi</strong></span> <span class='ocrx_word' id='word_1_600' title='bbox 3066 3485 3272 3541; x_wconf 82' lang='lat' dir='ltr'><strong>affusus</strong></span> <span class='ocrx_word' id='word_1_601' title='bbox 3298 3491 3403 3540; x_wconf 90' lang='lat' dir='ltr'><strong>est.</strong></span> <span class='ocrx_word' id='word_1_602' title='bbox 3436 3482 3526 3538; x_wconf 93' lang='lat' dir='ltr'><strong>Ille</strong></span> <span class='ocrx_word' id='word_1_603' title='bbox 3553 3499 3652 3539; x_wconf 86' lang='lat' dir='ltr'><strong>au-</strong></span> 
     </span>
    </p>
   </div>
   <div class='ocr_carea' id='block_1_81' title="bbox 2074 3575 3651 3649">
    <p class='ocr_par' dir='ltr' id='par_1_81' title="bbox 2074 3575 3651 3649">
     <span class='ocr_line' id='line_1_81' title="bbox 2074 3575 3651 3649; baseline -0.004 -15"><span class='ocrx_word' id='word_1_604' title='bbox 2074 3590 2183 3634; x_wconf 89' lang='lat' dir='ltr'><strong>tem</strong></span> <span class='ocrx_word' id='word_1_605' title='bbox 2211 3588 2492 3649; x_wconf 91' lang='lat' dir='ltr'><strong>acceptum</strong></span> <span class='ocrx_word' id='word_1_606' title='bbox 2514 3578 2706 3643; x_wconf 90' lang='lat' dir='ltr'><strong>ebibit,</strong></span> <span class='ocrx_word' id='word_1_607' title='bbox 2733 3588 2791 3632; x_wconf 90' lang='lat' dir='ltr'><strong>et</strong></span> <span class='ocrx_word' id='word_1_608' title='bbox 2817 3577 2990 3632; x_wconf 87' lang='lat' dir='ltr'><strong>multa</strong></span> <span class='ocrx_word' id='word_1_609' title='bbox 3017 3575 3286 3631; x_wconf 90' lang='lat' dir='ltr'><strong>suavitate</strong></span> <span class='ocrx_word' id='word_1_610' title='bbox 3315 3575 3496 3630; x_wconf 91' lang='lat' dir='ltr'><strong>statim</strong></span> <span class='ocrx_word' id='word_1_611' title='bbox 3527 3589 3651 3644; x_wconf 81' lang='lat' dir='ltr'><strong>per-</strong></span> 
     </span>
    </p>
   </div>
   <div class='ocr_carea' id='block_1_82' title="bbox 2072 3669 3651 3740">
    <p class='ocr_par' dir='ltr' id='par_1_82' title="bbox 2072 3669 3651 3740">
     <span class='ocr_line' id='line_1_82' title="bbox 2072 3669 3651 3740; baseline -0.004 -12"><span class='ocrx_word' id='word_1_612' title='bbox 2072 3671 2227 3728; x_wconf 90' lang='lat' dir='ltr'><strong>fundi</strong></span> <span class='ocrx_word' id='word_1_613' title='bbox 2250 3672 2397 3728; x_wconf 92' lang='lat' dir='ltr'><strong>visus</strong></span> <span class='ocrx_word' id='word_1_614' title='bbox 2419 3681 2521 3727; x_wconf 91' lang='lat' dir='ltr'><strong>est.</strong></span> <span class='ocrx_word' id='word_1_615' title='bbox 2552 3672 2691 3727; x_wconf 88' lang='lat' dir='ltr'><strong>Tum</strong></span> <span class='ocrx_word' id='word_1_616' title='bbox 2716 3688 2844 3727; x_wconf 84' lang='lat' dir='ltr'><strong>vero</strong></span> <span class='ocrx_word' id='word_1_617' title='bbox 2866 3688 2897 3725; x_wconf 89' lang='lat' dir='ltr'><strong>a</strong></span> <span class='ocrx_word' id='word_1_618' title='bbox 2923 3669 3130 3724; x_wconf 80' lang='lat' dir='ltr'><strong>visione</strong></span> <span class='ocrx_word' id='word_1_619' title='bbox 3154 3683 3491 3740; x_wconf 85' lang='lat' dir='ltr'><strong>consurgens</strong></span> <span class='ocrx_word' id='word_1_620' title='bbox 3513 3670 3651 3738; x_wconf 87' lang='lat' dir='ltr'><strong>(erat</strong></span> 
     </span>
    </p>
   </div>
   <div class='ocr_carea' id='block_1_83' title="bbox 2074 3755 3652 3832">
    <p class='ocr_par' dir='ltr' id='par_1_83' title="bbox 2074 3755 3652 3832">
     <span class='ocr_line' id='line_1_83' title="bbox 2074 3755 3652 3832; baseline -0.005 -15"><span class='ocrx_word' id='word_1_621' title='bbox 2074 3763 2221 3817; x_wconf 92' lang='lat' dir='ltr'><strong>enim</strong></span> <span class='ocrx_word' id='word_1_622' title='bbox 2270 3763 2383 3832; x_wconf 90' lang='lat' dir='ltr'><strong>jam</strong></span> <span class='ocrx_word' id='word_1_623' title='bbox 2430 3762 2615 3817; x_wconf 90' lang='lat' dir='ltr'><strong>furore</strong></span> <span class='ocrx_word' id='word_1_624' title='bbox 2663 3769 2973 3831; x_wconf 85' lang='lat' dir='ltr'><strong>correptus,</strong></span> <span class='ocrx_word' id='word_1_625' title='bbox 3022 3757 3167 3829; x_wconf 89' lang='lat' dir='ltr'><strong>quod</strong></span> <span class='ocrx_word' id='word_1_626' title='bbox 3224 3757 3416 3827; x_wconf 91' lang='lat' dir='ltr'><strong>spiritu</strong></span> <span class='ocrx_word' id='word_1_627' title='bbox 3467 3755 3652 3811; x_wconf 89' lang='lat' dir='ltr'><strong>divino</strong></span> 
     </span>
    </p>
   </div>
   <div class='ocr_carea' id='block_1_84' title="bbox 2073 3848 3650 3924">
    <p class='ocr_par' dir='ltr' id='par_1_84' title="bbox 2073 3848 3650 3924">
     <span class='ocr_line' id='line_1_84' title="bbox 2073 3848 3650 3924; baseline -0.005 -17"><span class='ocrx_word' id='word_1_628' title='bbox 2073 3852 2220 3908; x_wconf 87' lang='lat' dir='ltr'><strong>intus</strong></span> <span class='ocrx_word' id='word_1_629' title='bbox 2244 3854 2355 3921; x_wconf 93' lang='grc'><strong>(55)</strong></span> <span class='ocrx_word' id='word_1_630' title='bbox 2384 3854 2657 3924; x_wconf 84' lang='lat' dir='ltr'><strong>ageretur)</strong></span> <span class='ocrx_word' id='word_1_631' title='bbox 2684 3853 2750 3907; x_wconf 89' lang='lat' dir='ltr'><strong>ad</strong></span> <span class='ocrx_word' id='word_1_632' title='bbox 2776 3852 3106 3921; x_wconf 89' lang='lat' dir='ltr'><strong>psalmorum</strong></span> <span class='ocrx_word' id='word_1_633' title='bbox 3133 3848 3650 3919; x_wconf 87' lang='lat' dir='ltr'><strong>contemplationem</strong></span> 
     </span>
    </p>
   </div>
   <div class='ocr_carea' id='block_1_85' title="bbox 2072 3941 3651 4014">
    <p class='ocr_par' dir='ltr' id='par_1_85' title="bbox 2072 3941 3651 4014">
     <span class='ocr_line' id='line_1_85' title="bbox 2072 3941 3651 4014; baseline -0.003 -16"><span class='ocrx_word' id='word_1_634' title='bbox 2072 3945 2337 4014; x_wconf 88' lang='lat' dir='ltr'><strong>processit</strong></span> <span class='ocrx_word' id='word_1_635' title='bbox 2364 3963 2378 3999; x_wconf 90' lang='lat'><strong>:</strong></span> <span class='ocrx_word' id='word_1_636' title='bbox 2409 3946 2616 4000; x_wconf 83' lang='lat' dir='ltr'><strong>sciebat</strong></span> <span class='ocrx_word' id='word_1_637' title='bbox 2649 3944 2780 3998; x_wconf 85' lang='lat' dir='ltr'><strong>illud</strong></span> <span class='ocrx_word' id='word_1_638' title='bbox 2826 3944 3008 3998; x_wconf 86' lang='lat' dir='ltr'><strong>dicere</strong></span> <span class='ocrx_word' id='word_1_639' title='bbox 3035 3959 3049 3995; x_wconf 91' lang='lat'><strong>:</strong></span> <span class='ocrx_word' id='word_1_640' title='bbox 3081 3942 3158 3996; x_wconf 85' lang='lat' dir='ltr'><strong>De</strong></span> <span class='ocrx_word' id='word_1_641' title='bbox 3201 3952 3347 3995; x_wconf 74' lang='lat' dir='ltr'><strong>nocte</strong></span> <span class='ocrx_word' id='word_1_642' title='bbox 3387 3941 3651 4011; x_wconf 79' lang='lat' dir='ltr'><strong>consurgit</strong></span> 
     </span>
    </p>
   </div>
   <div class='ocr_carea' id='block_1_86' title="bbox 2070 4020 3650 4102">
    <p class='ocr_par' dir='ltr' id='par_1_86' title="bbox 2070 4020 3650 4102">
     <span class='ocr_line' id='line_1_86' title="bbox 2070 4020 3650 4102; baseline -0.005 -14"><span class='ocrx_word' id='word_1_643' title='bbox 2070 4035 2285 4102; x_wconf 83' lang='lat' dir='ltr'><strong>spiritus</strong></span> <span class='ocrx_word' id='word_1_644' title='bbox 2333 4020 2476 4087; x_wconf 80' lang='lat' dir='ltr'><strong>meus</strong></span> <span class='ocrx_word' id='word_1_645' title='bbox 2520 4034 2590 4086; x_wconf 87' lang='lat' dir='ltr'><strong>ad</strong></span> <span class='ocrx_word' id='word_1_646' title='bbox 2637 4042 2707 4098; x_wconf 81' lang='lat' dir='ltr'><strong>te,</strong></span> <span class='ocrx_word' id='word_1_647' title='bbox 2744 4031 2902 4093; x_wconf 87' lang='lat' dir='ltr'><strong>Deus,</strong></span> <span class='ocrx_word' id='word_1_648' title='bbox 2954 4032 3079 4100; x_wconf 84' lang='lat' dir='ltr'><strong>quia</strong></span> <span class='ocrx_word' id='word_1_649' title='bbox 3115 4030 3206 4083; x_wconf 70' lang='lat' dir='ltr'><strong>lux</strong></span> <span class='ocrx_word' id='word_1_650' title='bbox 3250 4039 3511 4098; x_wconf 67' lang='lat' dir='ltr'><strong>praecepta</strong></span> <span class='ocrx_word' id='word_1_651' title='bbox 3558 4038 3650 4081; x_wconf 82' lang='lat' dir='ltr'><strong>tua</strong></span> 
     </span>
    </p>
   </div>
   <div class='ocr_carea' id='block_1_87' title="bbox 2069 4119 3650 4196">
    <p class='ocr_par' dir='ltr' id='par_1_87' title="bbox 2069 4119 3650 4196">
     <span class='ocr_line' id='line_1_87' title="bbox 2069 4119 3650 4196; baseline -0.004 -17"><span class='ocrx_word' id='word_1_652' title='bbox 2069 4142 2229 4196; x_wconf 83' lang='lat' dir='ltr'><strong>super</strong></span> <span class='ocrx_word' id='word_1_653' title='bbox 2256 4134 2453 4179; x_wconf 89' lang='lat' dir='ltr'><strong>terram</strong></span> <span class='ocrx_word' id='word_1_654' title='bbox 2478 4125 2612 4194; x_wconf 69' lang='grc'><strong>(54).</strong></span> <span class='ocrx_word' id='word_1_655' title='bbox 2633 4124 2711 4178; x_wconf 79' lang='lat' dir='ltr'><strong>Ac</strong></span> <span class='ocrx_word' id='word_1_656' title='bbox 2738 4139 2847 4177; x_wconf 89' lang='lat' dir='ltr'><strong>nox</strong></span> <span class='ocrx_word' id='word_1_657' title='bbox 2868 4121 3086 4192; x_wconf 89' lang='lat' dir='ltr'><strong>quidem</strong></span> <span class='ocrx_word' id='word_1_658' title='bbox 3119 4120 3205 4174; x_wconf 86' lang='lat' dir='ltr'><strong>illa</strong></span> <span class='ocrx_word' id='word_1_659' title='bbox 3234 4119 3379 4174; x_wconf 84' lang='lat' dir='ltr'><strong>diem</strong></span> <span class='ocrx_word' id='word_1_660' title='bbox 3407 4130 3650 4173; x_wconf 84' lang='lat' dir='ltr'><strong>sanctam</strong></span> 
     </span>
    </p>
   </div>
   <div class='ocr_carea' id='block_1_88' title="bbox 2071 4210 3648 4287">
    <p class='ocr_par' dir='ltr' id='par_1_88' title="bbox 2071 4210 3648 4287">
     <span class='ocr_line' id='line_1_88' title="bbox 2071 4210 3648 4287; baseline -0.008 -13"><span class='ocrx_word' id='word_1_661' title='bbox 2071 4218 2409 4274; x_wconf 85' lang='lat' dir='ltr'><strong>Dominicam</strong></span> <span class='ocrx_word' id='word_1_662' title='bbox 2431 4215 2848 4287; x_wconf 70' lang='lat' dir='ltr'><strong>prasnuntiabat.</strong></span> <span class='ocrx_word' id='word_1_663' title='bbox 2870 4214 2999 4268; x_wconf 90' lang='lat' dir='ltr'><strong>Data</strong></span> <span class='ocrx_word' id='word_1_664' title='bbox 3023 4223 3106 4269; x_wconf 91' lang='lat' dir='ltr'><strong>est</strong></span> <span class='ocrx_word' id='word_1_665' title='bbox 3133 4212 3296 4282; x_wconf 84' lang='lat' dir='ltr'><strong>igitur</strong></span> <span class='ocrx_word' id='word_1_666' title='bbox 3314 4212 3366 4266; x_wconf 93' lang='lat' dir='ltr'><strong>ei</strong></span> <span class='ocrx_word' id='word_1_667' title='bbox 3398 4210 3648 4280; x_wconf 69' lang='lat' dir='ltr'><strong>quaedam</strong></span> 
     </span>
    </p>
   </div>
   <div class='ocr_carea' id='block_1_89' title="bbox 2071 4302 3651 4380">
    <p class='ocr_par' dir='ltr' id='par_1_89' title="bbox 2071 4302 3651 4380">
     <span class='ocr_line' id='line_1_89' title="bbox 2071 4302 3651 4380; baseline -0.007 -16"><span class='ocrx_word' id='word_1_668' title='bbox 2071 4325 2169 4380; x_wconf 89' lang='lat' dir='ltr'><strong>per</strong></span> <span class='ocrx_word' id='word_1_669' title='bbox 2212 4309 2483 4363; x_wconf 86' lang='lat' dir='ltr'><strong>somnium</strong></span> <span class='ocrx_word' id='word_1_670' title='bbox 2526 4307 2810 4379; x_wconf 85' lang='lat' dir='ltr'><strong>prophetia</strong></span> <span class='ocrx_word' id='word_1_671' title='bbox 2850 4322 3033 4362; x_wconf 90' lang='lat' dir='ltr'><strong>rerum</strong></span> <span class='ocrx_word' id='word_1_672' title='bbox 3084 4305 3391 4360; x_wconf 89' lang='lat' dir='ltr'><strong>futurarum</strong></span> <span class='ocrx_word' id='word_1_673' title='bbox 3443 4302 3651 4357; x_wconf 79' lang='lat' dir='ltr'><strong>exitum</strong></span> 
     </span>
    </p>
   </div>
   <div class='ocr_carea' id='block_1_90' title="bbox 394 4395 1969 4473">
    <p class='ocr_par' dir='ltr' id='par_1_90' title="bbox 394 4395 1965 4468">
     <span class='ocr_line' id='line_1_90' title="bbox 394 4395 1965 4468; baseline -0.001 -19"><span class='ocrx_word' id='word_1_674' title='bbox 394 4398 462 4467; x_wconf 81' lang='grc' dir='ltr'>τῇ</span> <span class='ocrx_word' id='word_1_675' title='bbox 503 4396 721 4468; x_wconf 71' lang='grc' dir='ltr'>καρδίᾳ,</span> <span class='ocrx_word' id='word_1_676' title='bbox 755 4399 858 4463; x_wconf 75' lang='grc' dir='ltr'><strong>Εἰς</strong></span> <span class='ocrx_word' id='word_1_677' title='bbox 905 4397 972 4451; x_wconf 82' lang='grc' dir='ltr'>τὸ</span> <span class='ocrx_word' id='word_1_678' title='bbox 1017 4397 1155 4465; x_wconf 84' lang='grc' dir='ltr'>ὅρος</span> <span class='ocrx_word' id='word_1_679' title='bbox 1192 4396 1375 4465; x_wconf 79' lang='grc' dir='ltr'>ἀνέϐη</span> <span class='ocrx_word' id='word_1_680' title='bbox 1410 4395 1518 4451; x_wconf 85' lang='grc' dir='ltr'>τοῦ</span> <span class='ocrx_word' id='word_1_681' title='bbox 1570 4397 1793 4467; x_wconf 76' lang='grc' dir='ltr'>Κυρίου</span> <span class='ocrx_word' id='word_1_682' title='bbox 1820 4436 1835 4461; x_wconf 83' lang='grc'><strong>.</strong></span> <span class='ocrx_word' id='word_1_683' title='bbox 1866 4396 1965 4450; x_wconf 73' lang='grc' dir='ltr'><strong>καί</strong></span> 
     </span>
    </p>
   </div>
   <div class='ocr_carea' id='block_1_91' title="bbox 2074 4395 3650 4473">
    <p class='ocr_par' dir='ltr' id='par_1_91' title="bbox 2074 4396 3650 4473">
     <span class='ocr_line' id='line_1_91' title="bbox 2074 4396 3650 4473; baseline -0.005 -18"><span class='ocrx_word' id='word_1_684' title='bbox 2074 4401 2342 4473; x_wconf 81' lang='lat' dir='ltr'><strong>grapliicis</strong></span> <span class='ocrx_word' id='word_1_685' title='bbox 2370 4400 2583 4456; x_wconf 89' lang='lat' dir='ltr'><strong>indiciis</strong></span> <span class='ocrx_word' id='word_1_686' title='bbox 2605 4400 2954 4454; x_wconf 89' lang='lat' dir='ltr'><strong>abumbrans.</strong></span> <span class='ocrx_word' id='word_1_687' title='bbox 2986 4398 3122 4453; x_wconf 80' lang='lat' dir='ltr'><strong>Nam</strong></span> <span class='ocrx_word' id='word_1_688' title='bbox 3141 4412 3267 4452; x_wconf 88' lang='lat' dir='ltr'><strong>cum</strong></span> <span class='ocrx_word' id='word_1_689' title='bbox 3304 4396 3394 4449; x_wconf 91' lang='lat' dir='ltr'><strong>ille</strong></span> <span class='ocrx_word' id='word_1_690' title='bbox 3424 4404 3650 4449; x_wconf 88' lang='lat' dir='ltr'><strong>terrena</strong></span> 
     </span>
    </p>
   </div>
   <div class='ocr_carea' id='block_1_92' title="bbox 392 4487 1967 4559">
    <p class='ocr_par' dir='ltr' id='par_1_92' title="bbox 392 4487 1967 4559">
     <span class='ocr_line' id='line_1_92' title="bbox 392 4487 1967 4559; baseline -0.001 -16"><span class='ocrx_word' id='word_1_691' title='bbox 392 4488 541 4556; x_wconf 74' lang='grc' dir='ltr'>ἕστη</span> <span class='ocrx_word' id='word_1_692' title='bbox 567 4488 639 4542; x_wconf 78' lang='grc' dir='ltr'><strong>ἐν</strong></span> <span class='ocrx_word' id='word_1_693' title='bbox 663 4490 823 4553; x_wconf 76' lang='grc' dir='ltr'>τόπῳ</span> <span class='ocrx_word' id='word_1_694' title='bbox 836 4488 982 4559; x_wconf 79' lang='grc' dir='ltr'><strong>ἁγιῳ</strong></span> <span class='ocrx_word' id='word_1_695' title='bbox 1005 4487 1193 4543; x_wconf 85' lang='grc' dir='ltr'>αὐτοῦ</span> <span class='ocrx_word' id='word_1_696' title='bbox 1209 4503 1223 4520; x_wconf 89' lang='grc'><strong>·</strong></span> <span class='ocrx_word' id='word_1_697' title='bbox 1247 4487 1377 4542; x_wconf 74' lang='grc' dir='ltr'>ἔνθα</span> <span class='ocrx_word' id='word_1_698' title='bbox 1412 4491 1480 4559; x_wconf 79' lang='grc' dir='ltr'>τῇ</span> <span class='ocrx_word' id='word_1_699' title='bbox 1514 4489 1697 4543; x_wconf 85' lang='grc' dir='ltr'>πίστει</span> <span class='ocrx_word' id='word_1_700' title='bbox 1732 4488 1967 4558; x_wconf 84' lang='grc' dir='ltr'>βεϐαίως</span> 
     </span>
    </p>
   </div>
   <div class='ocr_carea' id='block_1_93' title="bbox 398 4580 1968 4653">
    <p class='ocr_par' dir='ltr' id='par_1_93' title="bbox 398 4580 1968 4653">
     <span class='ocr_line' id='line_1_93' title="bbox 398 4580 1968 4653; baseline 0.001 -20"><span class='ocrx_word' id='word_1_701' title='bbox 398 4582 686 4651; x_wconf 75' lang='grc' dir='ltr'>ἱστάμενος</span> <span class='ocrx_word' id='word_1_702' title='bbox 725 4582 787 4635; x_wconf 76' lang='grc' dir='ltr'>τὸ</span> <span class='ocrx_word' id='word_1_703' title='bbox 825 4582 1086 4652; x_wconf 79' lang='grc' dir='ltr'>ποτήριον</span> <span class='ocrx_word' id='word_1_704' title='bbox 1129 4580 1226 4634; x_wconf 77' lang='grc' dir='ltr'><strong>τοῦ</strong></span> <span class='ocrx_word' id='word_1_705' title='bbox 1275 4580 1509 4635; x_wconf 84' lang='grc' dir='ltr'>θανάτου</span> <span class='ocrx_word' id='word_1_706' title='bbox 1568 4581 1785 4653; x_wconf 84' lang='grc' dir='ltr'>δέχεται</span> <span class='ocrx_word' id='word_1_707' title='bbox 1826 4581 1968 4636; x_wconf 86' lang='grc' dir='ltr'><strong>κατά</strong></span> 
     </span>
    </p>
   </div>
   <div class='ocr_carea' id='block_1_94' title="bbox 391 4669 1967 4742">
    <p class='ocr_par' dir='ltr' id='par_1_94' title="bbox 391 4669 1967 4742">
     <span class='ocr_line' id='line_1_94' title="bbox 391 4669 1967 4742; baseline 0.002 -21"><span class='ocrx_word' id='word_1_708' title='bbox 391 4669 492 4737; x_wconf 79' lang='grc' dir='ltr'>τὴν</span> <span class='ocrx_word' id='word_1_709' title='bbox 534 4670 629 4723; x_wconf 84' lang='grc' dir='ltr'><strong>τοῦ</strong></span> <span class='ocrx_word' id='word_1_710' title='bbox 682 4669 886 4741; x_wconf 82' lang='grc' dir='ltr'>Κυρίου</span> <span class='ocrx_word' id='word_1_711' title='bbox 939 4670 1153 4740; x_wconf 73' lang='grc' dir='ltr'><strong>φωνήν⁸</strong></span> <span class='ocrx_word' id='word_1_712' title='bbox 1192 4670 1405 4739; x_wconf 79' lang='grc' dir='ltr'>Πάτερ,</span> <span class='ocrx_word' id='word_1_713' title='bbox 1428 4673 1481 4725; x_wconf 76' lang='grc' dir='ltr'>εἰ</span> <span class='ocrx_word' id='word_1_714' title='bbox 1506 4671 1788 4739; x_wconf 81' lang='grc' dir='ltr'>δυνατὸν,</span> <span class='ocrx_word' id='word_1_715' title='bbox 1816 4688 1967 4742; x_wconf 75' lang='grc' dir='ltr'>παρ-</span> 
     </span>
    </p>
   </div>
   <div class='ocr_carea' id='block_1_95' title="bbox 393 4760 1966 4836">
    <p class='ocr_par' dir='ltr' id='par_1_95' title="bbox 393 4760 1966 4836">
     <span class='ocr_line' id='line_1_95' title="bbox 393 4760 1966 4836; baseline 0.003 -22"><span class='ocrx_word' id='word_1_716' title='bbox 393 4760 614 4815; x_wconf 67' lang='grc' dir='ltr'>ελθέτω</span> <span class='ocrx_word' id='word_1_717' title='bbox 648 4762 715 4814; x_wconf 86' lang='grc' dir='ltr'>τὸ</span> <span class='ocrx_word' id='word_1_718' title='bbox 777 4762 1067 4830; x_wconf 75' lang='grc' dir='ltr'>ποτήριον</span> <span class='ocrx_word' id='word_1_719' title='bbox 1092 4762 1270 4818; x_wconf 85' lang='grc' dir='ltr'>τοῦτο</span> <span class='ocrx_word' id='word_1_720' title='bbox 1303 4779 1319 4796; x_wconf 81' lang='grc'><strong>’</strong></span> <span class='ocrx_word' id='word_1_721' title='bbox 1383 4762 1485 4833; x_wconf 85' lang='grc' dir='ltr'>τῆς</span> <span class='ocrx_word' id='word_1_722' title='bbox 1558 4763 1696 4835; x_wconf 79' lang='grc' dir='ltr'>ὕλης</span> <span class='ocrx_word' id='word_1_723' title='bbox 1753 4764 1966 4836; x_wconf 58' lang='grc' dir='ltr'>,δηλαδὴ</span> 
     </span>
    </p>
   </div>
   <div class='ocr_carea' id='block_1_96' title="bbox 391 4847 1961 4923">
    <p class='ocr_par' dir='ltr' id='par_1_96' title="bbox 391 4847 1961 4923">
     <span class='ocr_line' id='line_1_96' title="bbox 391 4847 1961 4923; baseline 0.004 -23"><span class='ocrx_word' id='word_1_724' title='bbox 391 4847 487 4901; x_wconf 80' lang='grc' dir='ltr'>τοῦ</span> <span class='ocrx_word' id='word_1_725' title='bbox 544 4849 747 4919; x_wconf 79' lang='grc' dir='ltr'>χρυσοῦ</span> <span class='ocrx_word' id='word_1_726' title='bbox 795 4850 857 4903; x_wconf 84' lang='grc' dir='ltr'>τὸ</span> <span class='ocrx_word' id='word_1_727' title='bbox 906 4850 1130 4922; x_wconf 78' lang='grc' dir='ltr'>δόκιμον</span> <span class='ocrx_word' id='word_1_728' title='bbox 1174 4851 1549 4923; x_wconf 84' lang='grc' dir='ltr'>ἐμφαινούσης</span> <span class='ocrx_word' id='word_1_729' title='bbox 1607 4855 1704 4907; x_wconf 77' lang='grc' dir='ltr'>καὶ</span> <span class='ocrx_word' id='word_1_730' title='bbox 1759 4853 1961 4923; x_wconf 85' lang='grc' dir='ltr'>τίμιον.</span> 
     </span>
    </p>
   </div>
   <div class='ocr_carea' id='block_1_97' title="bbox 393 4930 1966 5017">
    <p class='ocr_par' dir='ltr' id='par_1_97' title="bbox 393 4930 1966 5017">
     <span class='ocr_line' id='line_1_97' title="bbox 393 4930 1966 5017; baseline 0.003 -24"><span class='ocrx_word' id='word_1_731' title='bbox 393 4936 528 4994; x_wconf 80' lang='grc' dir='ltr'>Εἶτα</span> <span class='ocrx_word' id='word_1_732' title='bbox 590 4940 652 4993; x_wconf 89' lang='grc' dir='ltr'>τὸ</span> <span class='ocrx_word' id='word_1_733' title='bbox 721 4941 970 5011; x_wconf 84' lang='grc' dir='ltr'>τερπνῶς</span> <span class='ocrx_word' id='word_1_734' title='bbox 1022 4942 1256 4996; x_wconf 80' lang='grc' dir='ltr'>ἐκποθὲν</span> <span class='ocrx_word' id='word_1_735' title='bbox 1322 4930 1497 5015; x_wconf 58' lang='grc' dir='ltr'>’πόμα</span> <span class='ocrx_word' id='word_1_736' title='bbox 1566 4945 1966 5017; x_wconf 85' lang='grc' dir='ltr'>προσκείμενον</span> 
     </span>
    </p>
   </div>
   <div class='ocr_carea' id='block_1_98' title="bbox 390 5034 1961 5108">
    <p class='ocr_par' dir='ltr' id='par_1_98' title="bbox 390 5034 1961 5108">
     <span class='ocr_line' id='line_1_98' title="bbox 390 5034 1961 5108; baseline 0.002 -22"><span class='ocrx_word' id='word_1_737' title='bbox 390 5034 492 5105; x_wconf 86' lang='grc' dir='ltr'>τὴν</span> <span class='ocrx_word' id='word_1_738' title='bbox 544 5035 615 5089; x_wconf 80' lang='grc' dir='ltr'>δι’</span> <span class='ocrx_word' id='word_1_739' title='bbox 665 5037 896 5108; x_wconf 75' lang='grc' dir='ltr'>αἵματος</span> <span class='ocrx_word' id='word_1_740' title='bbox 957 5037 1205 5092; x_wconf 88' lang='grc' dir='ltr'>ἐκούσιον</span> <span class='ocrx_word' id='word_1_741' title='bbox 1266 5035 1523 5106; x_wconf 81' lang='grc' dir='ltr'>τελευτὴν</span> <span class='ocrx_word' id='word_1_742' title='bbox 1596 5036 1916 5108; x_wconf 79' lang='grc' dir='ltr'>ὑπῃνίττετο</span> <span class='ocrx_word' id='word_1_743' title='bbox 1944 5051 1961 5067; x_wconf 76' lang='grc' dir='ltr'><strong><em>ο</em></strong></span> 
     </span>
    </p>
   </div>
   <div class='ocr_carea' id='block_1_99' title="bbox 2075 4487 3649 4563">
    <p class='ocr_par' dir='ltr' id='par_1_99' title="bbox 2075 4487 3649 4563">
     <span class='ocr_line' id='line_1_99' title="bbox 2075 4487 3649 4563; baseline -0.008 -14"><span class='ocrx_word' id='word_1_744' title='bbox 2075 4493 2397 4563; x_wconf 87' lang='lat' dir='ltr'><strong>despiceret.</strong></span> <span class='ocrx_word' id='word_1_745' title='bbox 2437 4502 2492 4549; x_wconf 92' lang='lat' dir='ltr'><strong>et</strong></span> <span class='ocrx_word' id='word_1_746' title='bbox 2527 4493 2730 4548; x_wconf 90' lang='lat' dir='ltr'><strong>mundo</strong></span> <span class='ocrx_word' id='word_1_747' title='bbox 2775 4500 2924 4546; x_wconf 88' lang='lat' dir='ltr'><strong>esset</strong></span> <span class='ocrx_word' id='word_1_748' title='bbox 2963 4490 3126 4545; x_wconf 88' lang='lat' dir='ltr'><strong>corde</strong></span> <span class='ocrx_word' id='word_1_749' title='bbox 3169 4489 3236 4544; x_wconf 89' lang='lat' dir='ltr'><strong>ad</strong></span> <span class='ocrx_word' id='word_1_750' title='bbox 3275 4487 3542 4550; x_wconf 82' lang='lat' dir='ltr'><strong>ctnlestia,</strong></span> <span class='ocrx_word' id='word_1_751' title='bbox 3593 4493 3649 4538; x_wconf 89' lang='lat' dir='ltr'><strong>et</strong></span> 
     </span>
    </p>
   </div>
   <div class='ocr_carea' id='block_1_100' title="bbox 2075 4576 3649 4655">
    <p class='ocr_par' dir='ltr' id='par_1_100' title="bbox 2075 4576 3649 4655">
     <span class='ocr_line' id='line_1_100' title="bbox 2075 4576 3649 4655; baseline -0.008 -14"><span class='ocrx_word' id='word_1_752' title='bbox 2075 4586 2257 4641; x_wconf 90' lang='lat' dir='ltr'><strong>divina</strong></span> <span class='ocrx_word' id='word_1_753' title='bbox 2304 4584 2647 4655; x_wconf 88' lang='lat' dir='ltr'><strong>suscipienda</strong></span> <span class='ocrx_word' id='word_1_754' title='bbox 2708 4593 2980 4655; x_wconf 87' lang='lat' dir='ltr'><strong>paratus:</strong></span> <span class='ocrx_word' id='word_1_755' title='bbox 3023 4583 3085 4637; x_wconf 85' lang='lat' dir='ltr'><strong>In</strong></span> <span class='ocrx_word' id='word_1_756' title='bbox 3133 4589 3361 4635; x_wconf 82' lang='lat' dir='ltr'><strong>montem</strong></span> <span class='ocrx_word' id='word_1_757' title='bbox 3414 4576 3649 4632; x_wconf 81' lang='lat' dir='ltr'><strong>ascendit</strong></span> 
     </span>
    </p>
   </div>
   <div class='ocr_carea' id='block_1_101' title="bbox 2072 4665 3649 4744">
    <p class='ocr_par' dir='ltr' id='par_1_101' title="bbox 2072 4665 3649 4744">
     <span class='ocr_line' id='line_1_101' title="bbox 2072 4665 3649 4744; baseline -0.008 -13"><span class='ocrx_word' id='word_1_758' title='bbox 2072 4675 2307 4741; x_wconf 84' lang='lat' dir='ltr'><strong>Domini,</strong></span> <span class='ocrx_word' id='word_1_759' title='bbox 2355 4687 2405 4731; x_wconf 84' lang='lat' dir='ltr'><strong>et</strong></span> <span class='ocrx_word' id='word_1_760' title='bbox 2445 4676 2586 4731; x_wconf 81' lang='lat' dir='ltr'><strong>stetit</strong></span> <span class='ocrx_word' id='word_1_761' title='bbox 2628 4676 2685 4729; x_wconf 87' lang='lat' dir='ltr'><strong>iu</strong></span> <span class='ocrx_word' id='word_1_762' title='bbox 2734 4674 2844 4729; x_wconf 86' lang='lat' dir='ltr'><strong>loco</strong></span> <span class='ocrx_word' id='word_1_763' title='bbox 2883 4675 2996 4744; x_wconf 84' lang='lat' dir='ltr'><strong>ejus</strong></span> <span class='ocrx_word' id='word_1_764' title='bbox 3034 4672 3145 4743; x_wconf 82' lang='grc'><strong>(55)</strong></span> <span class='ocrx_word' id='word_1_765' title='bbox 3173 4685 3189 4726; x_wconf 88' lang='lat'><strong>:</strong></span> <span class='ocrx_word' id='word_1_766' title='bbox 3221 4670 3312 4725; x_wconf 89' lang='lat' dir='ltr'><strong>ubi</strong></span> <span class='ocrx_word' id='word_1_767' title='bbox 3356 4684 3451 4740; x_wconf 89' lang='lat' dir='ltr'><strong>per</strong></span> <span class='ocrx_word' id='word_1_768' title='bbox 3489 4665 3649 4721; x_wconf 83' lang='lat' dir='ltr'><strong>fidem</strong></span> 
     </span>
    </p>
   </div>
   <div class='ocr_carea' id='block_1_102' title="bbox 2075 4760 3648 4840">
    <p class='ocr_par' dir='ltr' id='par_1_102' title="bbox 2075 4760 3648 4840">
     <span class='ocr_line' id='line_1_102' title="bbox 2075 4760 3648 4840; baseline -0.007 -16"><span class='ocrx_word' id='word_1_769' title='bbox 2075 4769 2301 4824; x_wconf 85' lang='lat' dir='ltr'><strong>firmiter</strong></span> <span class='ocrx_word' id='word_1_770' title='bbox 2353 4770 2647 4825; x_wconf 89' lang='lat' dir='ltr'><strong>collocatus</strong></span> <span class='ocrx_word' id='word_1_771' title='bbox 2698 4768 2952 4840; x_wconf 86' lang='lat' dir='ltr'><strong>poculum</strong></span> <span class='ocrx_word' id='word_1_772' title='bbox 3004 4765 3195 4821; x_wconf 87' lang='lat' dir='ltr'><strong>mortis</strong></span> <span class='ocrx_word' id='word_1_773' title='bbox 3244 4762 3445 4832; x_wconf 85' lang='lat' dir='ltr'><strong>excipit</strong></span> <span class='ocrx_word' id='word_1_774' title='bbox 3490 4760 3648 4831; x_wconf 92' lang='lat' dir='ltr'><strong>juxta</strong></span> 
     </span>
    </p>
   </div>
   <div class='ocr_carea' id='block_1_103' title="bbox 2073 4853 3646 4926">
    <p class='ocr_par' dir='ltr' id='par_1_103' title="bbox 2073 4853 3646 4926">
     <span class='ocr_line' id='line_1_103' title="bbox 2073 4853 3646 4926; baseline -0.008 -9"><span class='ocrx_word' id='word_1_775' title='bbox 2073 4863 2407 4918; x_wconf 83' lang='lat' dir='ltr'><strong>Doniinicam</strong></span> <span class='ocrx_word' id='word_1_776' title='bbox 2451 4864 2596 4918; x_wconf 87' lang='lat' dir='ltr'><strong>illam</strong></span> <span class='ocrx_word' id='word_1_777' title='bbox 2644 4878 2833 4917; x_wconf 88' lang='lat' dir='ltr'><strong>vocem</strong></span> <span class='ocrx_word' id='word_1_778' title='bbox 2870 4880 2886 4916; x_wconf 88' lang='lat'><strong>:</strong></span> <span class='ocrx_word' id='word_1_779' title='bbox 2928 4860 3110 4921; x_wconf 85' lang='lat' dir='ltr'><strong>Pater.</strong></span> <span class='ocrx_word' id='word_1_780' title='bbox 3164 4857 3208 4912; x_wconf 89' lang='lat' dir='ltr'><strong>si</strong></span> <span class='ocrx_word' id='word_1_781' title='bbox 3255 4853 3497 4926; x_wconf 83' lang='lat' dir='ltr'><strong>possibile</strong></span> <span class='ocrx_word' id='word_1_782' title='bbox 3548 4860 3646 4915; x_wconf 83' lang='lat' dir='ltr'><strong>est,</strong></span> 
     </span>
    </p>
   </div>
   <div class='ocr_carea' id='block_1_104' title="bbox 2072 4942 3645 5025">
    <p class='ocr_par' dir='ltr' id='par_1_104' title="bbox 2072 4942 3645 5025">
     <span class='ocr_line' id='line_1_104' title="bbox 2072 4942 3645 5025; baseline -0.008 -17"><span class='ocrx_word' id='word_1_783' title='bbox 2072 4964 2307 5010; x_wconf 82' lang='lat' dir='ltr'><strong>transeat</strong></span> <span class='ocrx_word' id='word_1_784' title='bbox 2347 4956 2489 5010; x_wconf 70' lang='lat' dir='ltr'><strong>calix</strong></span> <span class='ocrx_word' id='word_1_785' title='bbox 2531 4957 2628 5010; x_wconf 83' lang='lat' dir='ltr'><strong>iste</strong></span> <span class='ocrx_word' id='word_1_786' title='bbox 2666 4955 2812 5025; x_wconf 81' lang='grc'><strong>(56),</strong></span> <span class='ocrx_word' id='word_1_787' title='bbox 2846 4951 3070 5008; x_wconf 87' lang='lat' dir='ltr'><strong>materia</strong></span> <span class='ocrx_word' id='word_1_788' title='bbox 3108 4948 3226 5005; x_wconf 92' lang='lat' dir='ltr'><strong>auri</strong></span> <span class='ocrx_word' id='word_1_789' title='bbox 3266 4946 3511 5019; x_wconf 90' lang='lat' dir='ltr'><strong>profecto</strong></span> <span class='ocrx_word' id='word_1_790' title='bbox 3550 4942 3645 4997; x_wconf 91' lang='lat' dir='ltr'><strong>dc-</strong></span> 
     </span>
    </p>
   </div>
   <div class='ocr_carea' id='block_1_105' title="bbox 2072 5034 3646 5119">
    <p class='ocr_par' dir='ltr' id='par_1_105' title="bbox 2072 5034 3646 5119">
     <span class='ocr_line' id='line_1_105' title="bbox 2072 5034 3646 5119; baseline -0.011 -16"><span class='ocrx_word' id='word_1_791' title='bbox 2072 5054 2410 5103; x_wconf 87' lang='lat' dir='ltr'><strong>monstrante</strong></span> <span class='ocrx_word' id='word_1_792' title='bbox 2449 5047 2618 5119; x_wconf 87' lang='lat' dir='ltr'><strong>ipsius</strong></span> <span class='ocrx_word' id='word_1_793' title='bbox 2653 5045 2832 5117; x_wconf 88' lang='lat' dir='ltr'><strong>poculi</strong></span> <span class='ocrx_word' id='word_1_794' title='bbox 2888 5042 3262 5100; x_wconf 77' lang='lat' dir='ltr'><strong>excellentiam</strong></span> <span class='ocrx_word' id='word_1_795' title='bbox 3299 5045 3355 5094; x_wconf 92' lang='lat' dir='ltr'><strong>et</strong></span> <span class='ocrx_word' id='word_1_796' title='bbox 3388 5034 3646 5109; x_wconf 88' lang='lat' dir='ltr'><strong>pretium.</strong></span> 
     </span>
    </p>
   </div>
   <div class='ocr_carea' id='block_1_106' title="bbox 1896 5191 2125 5252">
    <p class='ocr_par' dir='ltr' id='par_1_106' title="bbox 1896 5191 2125 5252">
     <span class='ocr_line' id='line_1_106' title="bbox 1896 5191 2125 5252; baseline 0.026 -6"><span class='ocrx_word' id='word_1_797' title='bbox 1896 5191 2125 5252; x_wconf 68' lang='lat' dir='ltr'><strong>NOTAE.</strong></span> 
     </span>
    </p>
   </div>
   <div class='ocr_carea' id='block_1_107' title="bbox 468 5327 1969 5401">
    <p class='ocr_par' dir='ltr' id='par_1_107' title="bbox 468 5327 1969 5401">
     <span class='ocr_line' id='line_1_107' title="bbox 468 5327 1969 5401; baseline 0.001 -16"><span class='ocrx_word' id='word_1_798' title='bbox 468 5328 580 5399; x_wconf 80' lang='grc'><strong>(50)</strong></span> <span class='ocrx_word' id='word_1_799' title='bbox 622 5327 814 5395; x_wconf 78' lang='lat' dir='ltr'><strong>Patet,</strong></span> <span class='ocrx_word' id='word_1_800' title='bbox 864 5331 1005 5401; x_wconf 90' lang='lat' dir='ltr'><strong>quod</strong></span> <span class='ocrx_word' id='word_1_801' title='bbox 1056 5345 1219 5401; x_wconf 87' lang='lat' dir='ltr'><strong>supra</strong></span> <span class='ocrx_word' id='word_1_802' title='bbox 1264 5346 1412 5385; x_wconf 89' lang='lat' dir='ltr'><strong>num.</strong></span> <span class='ocrx_word' id='word_1_803' title='bbox 1445 5330 1558 5395; x_wconf 69' lang='grc'><strong>24,</strong></span> <span class='ocrx_word' id='word_1_804' title='bbox 1607 5338 1690 5384; x_wconf 86' lang='lat' dir='ltr'><strong>est</strong></span> <span class='ocrx_word' id='word_1_805' title='bbox 1736 5341 1969 5386; x_wconf 83' lang='lat' dir='ltr'><strong>annota-</strong></span> 
     </span>
    </p>
   </div>
   <div class='ocr_carea' id='block_1_108' title="bbox 394 5407 1527 5540">
    <p class='ocr_par' dir='ltr' id='par_1_108' title="bbox 394 5407 1527 5540">
     <span class='ocr_line' id='line_1_108' title="bbox 394 5407 1527 5540; baseline -0.001 -15"><span class='ocrx_word' id='word_1_806' title='bbox 394 5407 581 5539; x_wconf 46' lang='lat' dir='ltr'><strong>un(115.!)</strong></span> <span class='ocrx_word' id='word_1_807' title='bbox 624 5469 700 5524; x_wconf 88' lang='lat' dir='ltr'><strong>Ex</strong></span> <span class='ocrx_word' id='word_1_808' title='bbox 736 5469 991 5537; x_wconf 83' lang='lat' dir='ltr'><strong>Homero,</strong></span> <span class='ocrx_word' id='word_1_809' title='bbox 1028 5471 1213 5540; x_wconf 79' lang='lat' dir='ltr'><strong>Odyss.</strong></span> <span class='ocrx_word' id='word_1_810' title='bbox 1245 5487 1353 5533; x_wconf 81' lang='lat' dir='ltr'><strong>xix,</strong></span> <span class='ocrx_word' id='word_1_811' title='bbox 1385 5471 1479 5526; x_wconf 71' lang='grc'><strong>531</strong></span> <span class='ocrx_word' id='word_1_812' title='bbox 1514 5489 1527 5524; x_wconf 92' lang='lat'>:</span> 
     </span>
    </p>
   </div>
   <div class='ocr_carea' id='block_1_109' title="bbox 395 5540 1966 5681">
    <p class='ocr_par' dir='ltr' id='par_1_109' title="bbox 395 5540 1966 5681">
     <span class='ocr_line' id='line_1_109' title="bbox 395 5540 1966 5681; baseline -0.003 -82"><span class='ocrx_word' id='word_1_813' title='bbox 395 5546 517 5599; x_wconf 74' lang='grc' dir='ltr'><strong>Οὐκ</strong></span> <span class='ocrx_word' id='word_1_814' title='bbox 551 5541 718 5609; x_wconf 77' lang='grc' dir='ltr'>ὄναρ,</span> <span class='ocrx_word' id='word_1_815' title='bbox 743 5541 880 5596; x_wconf 66' lang='grc' dir='ltr'><strong>ἀλλ’</strong></span> <span class='ocrx_word' id='word_1_816' title='bbox 898 5542 1056 5611; x_wconf 80' lang='grc' dir='ltr'>ὕπαρ</span> <span class='ocrx_word' id='word_1_817' title='bbox 1092 5540 1340 5607; x_wconf 63' lang='grc' dir='ltr'><strong>ἐσθλὸν,</strong></span> <span class='ocrx_word' id='word_1_818' title='bbox 1365 5542 1397 5594; x_wconf 86' lang='grc' dir='ltr'><em>ὅ</em></span> <span class='ocrx_word' id='word_1_819' title='bbox 1424 5560 1509 5596; x_wconf 77' lang='grc' dir='ltr'><strong>τοι</strong></span> <span class='ocrx_word' id='word_1_820' title='bbox 1539 5541 1966 5681; x_wconf 57' lang='grc' dir='ltr'>τετελῖξσμένον</span> 
     </span>
     <span class='ocr_line' id='line_1_110' title="bbox 1716 5627 1891 5667; baseline 0.011 -3"><span class='ocrx_word' id='word_1_821' title='bbox 1716 5627 1891 5667; x_wconf 60' lang='grc' dir='ltr'>,σταμ</span> 
     </span>
    </p>
   </div>
   <div class='ocr_carea' id='block_1_110' title="bbox 463 5682 1960 5755">
    <p class='ocr_par' dir='ltr' id='par_1_110' title="bbox 463 5682 1960 5755">
     <span class='ocr_line' id='line_1_111' title="bbox 463 5682 1960 5755; baseline 0.001 -18"><span class='ocrx_word' id='word_1_822' title='bbox 463 5684 571 5753; x_wconf 75' lang='lat'><strong>(5‘2)</strong></span> <span class='ocrx_word' id='word_1_823' title='bbox 616 5683 668 5741; x_wconf 83' lang='lat' dir='ltr'><strong>ltl</strong></span> <span class='ocrx_word' id='word_1_824' title='bbox 715 5682 898 5738; x_wconf 73' lang='lat' dir='ltr'><strong>Cnecu</strong></span> <span class='ocrx_word' id='word_1_825' title='bbox 945 5683 1254 5755; x_wconf 73' lang='grc' dir='ltr'>μικροπὴς,</span> <span class='ocrx_word' id='word_1_826' title='bbox 1296 5683 1653 5753; x_wconf 70' lang='grc' dir='ltr'>ἢεύώνυμος.</span> <span class='ocrx_word' id='word_1_827' title='bbox 1708 5682 1960 5751; x_wconf 74' lang='lat' dir='ltr'><strong>chcrcm</strong></span> 
     </span>
    </p>
   </div>
   <div class='ocr_carea' id='block_1_111' title="bbox 2075 5339 2768 5410">
    <p class='ocr_par' dir='ltr' id='par_1_111' title="bbox 2075 5339 2768 5410">
     <span class='ocr_line' id='line_1_112' title="bbox 2075 5339 2768 5410; baseline 0.001 -20"><span class='ocrx_word' id='word_1_828' title='bbox 2075 5341 2458 5410; x_wconf 80' lang='grc' dir='ltr'>μικροπρεπὴς</span> <span class='ocrx_word' id='word_1_829' title='bbox 2486 5339 2519 5410; x_wconf 80' lang='grc' dir='ltr'>ἦ</span> <span class='ocrx_word' id='word_1_830' title='bbox 2547 5339 2768 5410; x_wconf 68' lang='grc' dir='ltr'>εὖωνος.</span> 
     </span>
    </p>
   </div>
   <div class='ocr_carea' id='block_1_112' title="bbox 2143 5405 3244 5479">
    <p class='ocr_par' dir='ltr' id='par_1_112' title="bbox 2143 5405 3244 5479">
     <span class='ocr_line' id='line_1_113' title="bbox 2143 5405 3244 5479; baseline -0.006 -16"><span class='ocrx_word' id='word_1_831' title='bbox 2143 5405 2258 5479; x_wconf 83' lang='grc'><strong>(55)</strong></span> <span class='ocrx_word' id='word_1_832' title='bbox 2289 5405 2696 5465; x_wconf 62' lang='grc' dir='ltr'>Ῥι-οτὸκεκιν.</span> <span class='ocrx_word' id='word_1_833' title='bbox 2727 5407 2937 5465; x_wconf 79' lang='lat' dir='ltr'><strong>Mallem</strong></span> <span class='ocrx_word' id='word_1_834' title='bbox 2962 5405 3040 5475; x_wconf 80' lang='grc' dir='ltr'>τῷ</span> <span class='ocrx_word' id='word_1_835' title='bbox 3071 5420 3244 5457; x_wconf 86' lang='grc' dir='ltr'>κεκιν.</span> 
     </span>
    </p>
   </div>
   <div class='ocr_carea' id='block_1_113' title="bbox 2139 5480 2683 5551">
    <p class='ocr_par' dir='ltr' id='par_1_113' title="bbox 2139 5480 2683 5551">
     <span class='ocr_line' id='line_1_114' title="bbox 2139 5480 2683 5551; baseline 0.004 -20"><span class='ocrx_word' id='word_1_836' title='bbox 2139 5480 2252 5551; x_wconf 70' lang='grc'><strong>(54)</strong></span> <span class='ocrx_word' id='word_1_837' title='bbox 2295 5480 2391 5534; x_wconf 87' lang='lat' dir='ltr'><strong>lsa.</strong></span> <span class='ocrx_word' id='word_1_838' title='bbox 2431 5497 2555 5535; x_wconf 67' lang='lat' dir='ltr'><strong>xxv:</strong></span> <span class='ocrx_word' id='word_1_839' title='bbox 2580 5520 2593 5541; x_wconf 82' lang='lat'><strong>.</strong></span> <span class='ocrx_word' id='word_1_840' title='bbox 2632 5483 2683 5536; x_wconf 83' lang='lat'><strong>9.</strong></span> 
     </span>
    </p>
   </div>
   <div class='ocr_carea' id='block_1_114' title="bbox 2141 5551 2708 5619">
    <p class='ocr_par' dir='ltr' id='par_1_114' title="bbox 2141 5551 2708 5619">
     <span class='ocr_line' id='line_1_115' title="bbox 2141 5551 2708 5619; baseline 0.004 -15"><span class='ocrx_word' id='word_1_841' title='bbox 2141 5552 2251 5619; x_wconf 82' lang='grc'><strong>(55)</strong></span> <span class='ocrx_word' id='word_1_842' title='bbox 2296 5551 2434 5605; x_wconf 81' lang='lat' dir='ltr'><strong>Psal.</strong></span> <span class='ocrx_word' id='word_1_843' title='bbox 2470 5567 2624 5615; x_wconf 70' lang='grc' dir='ltr'>χχιιι,</span> <span class='ocrx_word' id='word_1_844' title='bbox 2656 5553 2708 5606; x_wconf 83' lang='grc'><strong>5.</strong></span> 
     </span>
    </p>
   </div>
   <div class='ocr_carea' id='block_1_115' title="bbox 2142 5622 2810 5691">
    <p class='ocr_par' dir='ltr' id='par_1_115' title="bbox 2142 5622 2810 5691">
     <span class='ocr_line' id='line_1_116' title="bbox 2142 5622 2810 5691; baseline 0.006 -16"><span class='ocrx_word' id='word_1_845' title='bbox 2142 5622 2253 5691; x_wconf 80' lang='grc'><strong>(56)</strong></span> <span class='ocrx_word' id='word_1_846' title='bbox 2295 5622 2486 5677; x_wconf 82' lang='lat' dir='ltr'><strong>Matth.</strong></span> <span class='ocrx_word' id='word_1_847' title='bbox 2522 5640 2691 5689; x_wconf 77' lang='lat' dir='ltr'><strong>xxvu,</strong></span> <span class='ocrx_word' id='word_1_848' title='bbox 2722 5624 2810 5679; x_wconf 80' lang='grc'><strong>59.</strong></span> 
     </span>
    </p>
   </div>
  </div>
