4152 6290
567 244 702 309 1695

1879 226 2199 294 GEORGII
2234 226 2512 287 PISIDtE

3698 216 3838 280 1696

568 360 686 429 Ipse
715 364 898 412 autem
948 355 1086 409 ralix
1119 368 1303 408 coram
1335 352 1573 412 oblatus.
1607 359 1663 405 et
1696 365 1820 405 cum
1856 351 2134 418 voluptate

2251 344 2275 408 ἡ
2323 342 2382 394 δὲ
2440 339 2841 423 περιτρέχουσα
2891 336 3037 399 λίθος
3080 334 3181 405 τὴν
3232 333 3434 386 κύλικα
3459 372 3475 395 ,
3546 335 3647 402 τὴν
3692 331 3840 383 ἀνωδ

562 450 790 503 haustus
818 444 1177 499 voluntariam
1207 458 1307 511 per
1331 441 1609 512 sanguinis
1638 440 1959 495 effusionem
1987 454 2132 493 mor-

562 550 670 593 tem
706 537 987 591 innuebat.
1018 534 1149 601 Qua:
1187 544 1368 588 autem
1413 534 1617 587 circum
1652 532 1880 586 obibant
1910 531 2133 585 calicem

558 643 806 700 gemmae,
838 626 1116 681 dexteram
1155 624 1206 677 in
1235 624 1395 685 caelo,
1428 623 1531 675 hoc
1554 631 1640 676 est
1684 620 1938 691 martyris
1974 634 2133 674 coro-

560 735 685 772 nam
715 734 783 773 ex
827 716 1067 787 pretioso
1106 714 1283 784 lapide
1325 713 1608 783 splendide
1650 723 1923 775 ornatam.
1975 713 2136 782 eique

561 820 917 881 praeparatam
958 807 1415 878 praenuntiabant.
1464 805 1577 860 Hac
1622 820 1810 859 rerum
1864 820 2137 874 apparen-

564 906 697 958 tium
730 901 1237 973 prresignil‘teatione
1270 900 1351 953 vir
1389 899 1480 953 ille
1523 898 1863 953 admirabilis
1897 898 2134 963 illectus,

564 997 619 1051 in
648 994 939 1065 quamdam
957 992 1177 1047 sacrarii
1202 998 1410 1061 partem
1425 1006 1483 1045 se
1510 991 1802 1061 recipiens,
1819 990 2136 1046 monasterii

561 1082 851 1152 praesidem
883 1089 1055 1151 rogat,
1082 1090 1141 1133 ut
1170 1080 1296 1133 illuc
1325 1094 1384 1133 se
1412 1080 1691 1145 conferat;
1740 1095 1806 1135 ac
1838 1090 1951 1135 tum
1982 1080 2137 1135 humi

563 1174 883 1245 provolutus
903 1172 1069 1242 empit
1098 1171 1348 1244 lacryttSis
1369 1171 1489 1241 ejus
1515 1172 1681 1242 pedes
1703 1174 1903 1234 lavare,
1921 1184 1976 1227 et
1998 1174 2138 1228 elata

562 1280 695 1319 voce
747 1264 1053 1318 obtestari:
1088 1265 1164 1317 Da
1207 1264 1364 1326 mihi,
1411 1264 1593 1326 Pater,
1641 1272 1945 1319 extremum
1994 1265 2137 1334 quod

563 1372 592 1409 a
622 1365 671 1409 te
701 1364 846 1425 peto.
874 1355 945 1408 Da
974 1356 1104 1409 mihi
1132 1356 1303 1410 beata:
1331 1372 1396 1410 ex
1428 1356 1531 1409 hoc
1559 1357 1765 1413 mundo
1788 1356 2140 1425 profectionis

563 1445 838 1499 viaticum.
900 1445 973 1498 Da
1026 1445 1158 1499 mihi
1208 1444 1402 1498 ducem
1454 1454 1513 1499 et
1558 1447 1836 1507 comitem,
1913 1446 2005 1516 qui
2054 1461 2140 1500 me

566 1538 839 1592 illustrans
902 1538 1225 1609 migrantent
1288 1538 1503 1609 dirigat.
1553 1540 1715 1602 Novi,
1765 1539 1942 1604 Pater,
1994 1540 2139 1610 quod

566 1636 660 1682 tuo
693 1645 779 1682 me
810 1630 989 1683 labore
1030 1630 1284 1699 plantasti
1315 1648 1329 1685 :
1358 1645 1466 1685 non
1501 1631 1711 1702 ignoro,
1738 1632 1883 1701 quod
1913 1633 2022 1687 tuis
2054 1648 2140 1687 me

566 1721 856 1775 sudoribus
894 1721 1125 1791 irrigasti
1156 1738 1170 1776 :
1197 1722 1311 1777 scio
1360 1723 1507 1793 quod
1534 1723 1643 1778 tuis
1672 1723 1926 1779 manibus
1956 1724 2144 1794 spinas

568 1823 718 1864 meas
755 1811 1027 1865 excidisti.
1071 1811 1151 1865 Tu
1198 1828 1285 1867 mc
1318 1828 1388 1867 ex
1424 1813 1589 1883 hujus
1634 1814 1815 1869 δευουίί
1860 1808 2144 1887 naufragio

568 1903 796 1956 servasti
830 1903 964 1972 (57),
993 1914 1049 1958 et
1073 1906 1327 1960 anchoris
1362 1906 1483 1961 fidei
1517 1908 1571 1961 in
1604 1915 1819 1976 portum
1849 1909 2142 1965 deductum

570 1993 816 2048 ﬁrmasti.
866 1995 1219 2068 Interrogavit
1266 2014 1390 2053 eum
1442 1999 1605 2070 igitur
1644 1997 1839 2063 Pater,
1895 2000 2059 2064 unde,
2088 2011 2145 2057 et

566 2087 839 2155 quomodo
870 2104 1039 2143 suum
1062 2105 1128 2144 ex
1161 2089 1265 2144 hac
1300 2095 1407 2145 vita
1444 2091 1733 2146 transitum
1778 2093 2141 2162 praesentit-et.

565 2179 638 2233 At
670 2178 759 2233 ille
784 2180 1071 2235 confestim
1123 2182 1501 2252 propheticum
1531 2182 1804 2237 enarravit
1849 2184 2141 2251 somnium,

566 2286 795 2327 securus
843 2272 1138 2337 afﬁrmans,
1179 2288 1239 2329 se
1277 2289 1438 2344 quam
1482 2273 1744 2329 citissime
1775 2290 2145 2343 communem,

568 2364 652 2418 vel
709 2381 1038 2437 quocunque
1091 2370 1199 2425 alio
1247 2372 1407 2425 modo
1449 2369 1686 2425 debitam
1740 2381 1970 2427 mortem
2024 2388 2147 2430 esse

568 2459 897 2515 subiturum.
939 2464 1179 2518 Cavebat
1216 2465 1359 2518 enim
1391 2464 1595 2520 diserte
1623 2482 1896 2536 exponere
1939 2466 2145 2532 futura,

566 2551 774 2605 veritus
807 2568 875 2607 ne
906 2553 1084 2617 Pater,
1115 2556 1257 2626 quod
1290 2574 1406 2612 rem
1452 2557 1619 2612 nimis
1657 2573 1875 2627 gravem
1919 2544 2022 2613 sibi
2055 2574 2147 2613 as-

568 2644 911 2712 sumpsisset,
934 2648 1379 2715 reprehenderet.
1415 2648 1521 2705 Sed
1556 2650 1645 2704 ille
1677 2660 1929 2707 sanctum
1967 2649 2144 2704 virutn

569 2735 635 2789 ad
669 2737 923 2791 virtutem
955 2740 1273 2796 cohortatus
1308 2759 1322 2795 :
1349 2742 1576 2805 Lzetare,
1615 2744 1810 2813 inquit,
1832 2745 1928 2807 fili,
1949 2744 1994 2799 si
2023 2760 2146 2813 qua:

570 2828 799 2895 sperasti
844 2828 1007 2893 dona,
1047 2830 1159 2900 jam
1202 2848 1373 2902 prope
1416 2849 1476 2888 es
1520 2845 1938 2890 consecuturus.
1992 2836 2149 2892 Nunc

569 2913 784 2969 decerta
834 2916 1047 2982 fortius,
1096 2929 1155 2975 ut
1199 2922 1539 2991 splendidius
1587 2928 1920 2980 coroneris:
1955 2941 2146 2995 paruut

2235 435 2330 488 θεν
2380 431 2530 502 αὑτῷ
2591 430 2775 495 δεξιὰν
2832 426 3215 499 προηγόρευε,
3249 425 3343 478 τοῦ
3406 425 3684 495 μάρτυρος
3743 424 3837 477 τὸν

2237 529 2502 595 στέφανον
2562 526 2629 578 ἑκ
2691 524 2841 576 λίθου
2896 522 3080 592 τιμίου
3141 519 3415 591 λαμπρῶς
3479 518 3838 589 εὐτρεπίζου-

2237 637 2338 675 σαν
2354 636 2369 649 ’
2398 619 2545 674 οὕτω
2570 622 2635 690 τῇ
2663 614 3017 687 προτυπὼσει
3040 616 3152 670 τῶν
3175 616 3453 684 φανέντων
3476 612 3839 685 ψυχαγωγού·

2240 727 2400 781 μενος
2423 713 2453 766 ὁ
2475 712 2778 781 θαυμάσιος
2803 711 3112 780 ἄνθρωπος,
3141 708 3201 763 ἐν
3239 725 3347 762 τινι
3372 707 3482 759 τῶν
3510 705 3677 776 ἱερῶν
3697 703 3840 758 οἱκί⁴

2239 804 2370 869 ζων,
2394 806 2496 874 τῆς
2523 803 2692 874 μονῆς
2722 803 3045 875 προεστῶτα
3071 798 3415 873 παραλαϐὼν
3435 799 3501 852 δι’
3532 800 3837 866 αἰτήσεως,

2241 897 2406 966 ῥίψας
2443 896 2638 951 ἑαυτὸν
2664 896 2752 948 ἐπ’
2781 895 3037 965 ἐδάφους,
3064 895 3194 957 τοῦς
3220 892 3387 954 πόδας
3410 890 3671 959 δακρύοις
3699 905 3839 940 κατ-

2238 991 2459 1053 έπλυνε,
2505 989 2599 1042 καὶ
2631 988 2770 1059 βοῶν
2812 987 3082 1058 ἐλιπάρει⁸
3128 985 3286 1039 Δίδου
3326 1002 3439 1053 μοι,
3491 985 3699 1052 Πάτερ,
3736 983 3839 1051 τῇ»

2237 1081 2554 1137 τελευταίαν
2596 1082 2764 1152 εὐχήν
2792 1097 2807 1111 ⁸
2844 1081 2989 1133 δίδου
3035 1096 3128 1148 μοι
3164 1078 3267 1147 τῆς
3296 1076 3576 1147 μακαρίας
3620 1075 3836 1144 ἀποδη-

2245 1174 2373 1245 μίας
2399 1173 2610 1243 ἐφόδιον
2640 1188 2655 1204 ο
2678 1172 2821 1225 δίδου
2848 1188 2945 1240 μοι
2974 1168 3351 1240 παραπομπὺν
3377 1168 3476 1238 τῆς
3500 1169 3620 1221 ἐκεῖ
3648 1183 3837 1236 μετοι-

2240 1267 2455 1335 κήσεως
2479 1278 2495 1292 ⁸
2524 1261 2662 1324 οῖδα,
2684 1265 2886 1335 Πάτερ,
2914 1262 2994 1334 τῷ
3018 1263 3174 1330 κόπῳ
3203 1260 3297 1315 σού
3325 1278 3393 1332 με
3415 1260 3533 1323 πῶς
3560 1258 3837 1328 ὲφυτοὺρ-

2241 1374 2419 1427 γησας
2447 1372 2461 1386 ’
2500 1357 2602 1409 οὐκ
2638 1356 2821 1425 ἀγνοῶ
2852 1358 2969 1419 τοῖς
2996 1358 3111 1417 σοῖς
3142 1371 3210 1425 με
3240 1354 3358 1416 πῶς
3399 1353 3619 1423 ἱδρῶσιν
3645 1351 3838 1404 ἐπότι-

2244 1468 2346 1513 σας
2374 1467 2389 1480 ο
2418 1449 2723 1519 ἐπίσταμαι
2758 1451 2882 1512 ταῖς
2911 1451 3033 1512 σαῖς
3072 1447 3235 1520 χερσὶ
3273 1448 3373 1512 τὰς
3408 1448 3547 1518 ὲμάς
3585 1447 3836 1509 ἀκάνθας

2240 1541 2390 1604 ὅπως
2419 1539 2707 1609 ἐξέκυψας·
2736 1539 2802 1593 σύ
2832 1557 2901 1609 με
2924 1539 3025 1609 τῆς
3055 1538 3316 1609 βιωτικῆς
3342 1538 3613 1606 ναυαγίας
3637 1537 3835 1591 διέτωο

2246 1646 2364 1697 σας,
2414 1632 2511 1685 καὶ
2554 1633 2676 1694 ταῖς
2720 1629 2996 1701 ἀγκύραις
3042 1629 3380 1700 καθορμήσω
3425 1628 3525 1697 τῆς
3570 1628 3829 1690 πίστεως.

2259 1724 2534 1794 Ἀνέκρινε
2574 1722 2756 1775 τοίνυν
2779 1722 2945 1776 αὐτὸν
2970 1724 2999 1775 ὁ
3026 1721 3215 1791 Πατὴρ
3232 1760 3248 1783 ,
3276 1719 3403 1774 ὅθεν
3427 1720 3526 1789 τῆς
3554 1719 3833 1791 μεταστάο

2248 1832 2387 1880 σεως
2414 1814 2803 1869 ἐπαισθάνεται
2831 1830 2848 1848 ο
2889 1817 2918 1868 δ
2956 1814 3015 1867 δὲ
3041 1812 3365 1884 παραυτίκα
3401 1811 3495 1865 τὸν
3540 1814 3833 1883 προφήτην

2244 1906 2602 1977 ἀνιστόρησεν
2627 1904 2855 1976 ὄνειρον,
2882 1902 3234 1973 ἐγγυώμενος
3254 1904 3553 1974 ἀγχίθυρον
3579 1899 3723 1957 εἶναι
3742 1905 3834 1957 τὸν

2246 1998 2450 2061 κοινὸν,
2474 1997 2507 2069 ἢ
2536 1997 2629 2051 τὸν
2652 1995 2906 2051 ὁπωσοῦν
2928 1995 3081 2066 αὐτῷ
3109 1995 3557 2067 χμωστοὺμενον
3580 1996 3831 2049 θάνατον·

2244 2090 2569 2145 ἀνεϐάλλετο
2591 2090 2703 2161 γὰρ
2727 2089 3029 2160 διαρρήδην
3051 2086 3419 2159 ἐξαγορεῦσαι
3444 2088 3516 2142 τά
3545 2089 3833 2160 μέλλοντα,

2245 2183 2345 2255 τὴν
2369 2183 2466 2237 τοῦ
2489 2183 2703 2254 Πατρδς
2728 2182 2820 2236 ἐπὶ
2845 2181 2924 2253 τῷ
2948 2180 3192 2252 φορτικῷ
3215 2180 3467 2245 δεδοικὼς
3492 2182 3833 2252 ἐπιτίμησιν.

2258 2276 2319 2330 '0
2345 2276 2402 2331 δὲ
2430 2275 2567 2346 πρὸς
2593 2275 2794 2347 ἀρετὴν
2821 2274 3160 2346 παραθήγων
3184 2273 3277 2326 τὸν
3306 2271 3461 2341 ἀγιον
3481 2314 3498 2339 ,
3524 2275 3835 2344 Εὐφραίνου

2247 2368 2456 2431 τέκνον,
2482 2366 2649 2438 φησὶν
2671 2408 2687 2432 ,
2718 2368 2767 2421 εί
2791 2365 2901 2423 τῶν
2927 2364 3300 2436 ἐλπιζομένων
3325 2366 3497 2433 ἐγγὺς
3519 2360 3574 2419 εἴ
3596 2366 3833 2436 δωρεῶν

2249 2456 2519 2526 ἀγωνίζου
2543 2455 2639 2510 νῦν
2662 2454 3062 2529 ἀνδρικώτερον
3086 2497 3101 2519 ,
3132 2456 3222 2509 ἵνα
3250 2457 3667 2525 στεφανωθείης
3699 2457 3841 2527 λαμ-

2252 2546 2520 2617 πρότερον
2549 2562 2563 2576 ο
2604 2544 2688 2598 ἔτι
2743 2545 2939 2616 μικρὸς
2985 2544 3374 2598 ὑπολέλειπται
3417 2546 3672 2614 κάματος
3696 2584 3713 2609 ,
3738 2547 3840 2600 καὶ

2244 2639 2477 2708 μεγάλη
2490 2636 2608 2691 τῶν
2622 2635 3136 2705 πρίσδοκωμένων
3147 2636 3186 2700 ἡ
3206 2635 3438 2702 ἄνεσις*
3455 2636 3667 2704 ὀλίγος
3683 2637 3841 2708 ἱδρὼς

2253 2728 2497 2783 σϐεννύει
2522 2733 2622 2799 τὴν
2648 2728 2872 2795 γέενναν
2891 2743 2905 2758 ·
2919 2730 2985 2799 τῇ
3005 2726 3259 2799 εὐσεϐείᾳ
3282 2729 3383 2798 τὴν
3405 2727 3673 2799 τελευτὴν
3691 2744 3843 2799 χαρι-

2253 2820 2476 2891 σώμεθα
2494 2835 2508 2850 ⁸
2528 2816 2613 2883 Τῷ
2627 2820 2786 2874 τέλει
2810 2819 2920 2890 map
2932 2822 3005 2873 τὰ
3019 2819 3335 2889 πράγματα
3347 2820 3756 2887 διακρίνοντα
3769 2835 3785 2849 ·
3808 2824 3843 2875 ό

2252 2910 2320 2964 δὲ
2348 2912 2681 2979 ὑπομείνας
2704 2912 2792 2976 εις
2811 2909 3008 2976 τέλος,
3033 2906 3215 2975 οὗτος
3248 2908 3614 2976 σωθήσεται.
3638 2910 3722 2963 Τά
3744 2910 3846 2981 μὲν

570 3005 747 3062 adhuc
770 3021 1016 3081 superest
1040 3012 1260 3079 laboris,
1282 3025 1330 3068 et
1352 3032 1542 3087 magna
1563 3026 1678 3086 post
1706 3019 1814 3072 lucc
1845 3027 2146 3089 exspectan-

2252 3000 2346 3058 οὖν
2394 3003 2529 3057 ἄλλα
2575 3005 2677 3057 ὅσα
2729 3004 2839 3055 τῶν
2884 3002 3064 3056 ἀκοῶν
3106 3003 3378 3074 κατεπῇδε
3415 3002 3511 3056 τοῦ
3562 3004 3846 3075 μάρτυρος

571 3100 704 3153 tium
748 3103 949 3171 requies
990 3104 1122 3172 (58).
1163 3107 1367 3162 Parvus
1404 3109 1571 3163 sudor
1605 3111 1903 3182 exstinguit
1939 3113 2149 3183 gehen-

570 3205 719 3245 nam.
767 3193 821 3247 lu
869 3195 1069 3264 pietate
1113 3201 1561 3255 commendemus
1606 3211 1833 3256 mortem
1878 3221 1890 3257 :
1938 3204 2020 3257 Ex
2048 3204 2151 3273 ﬁne

568 3285 708 3341 enim
755 3286 1125 3342 discernuntur
1158 3306 1352 3357 opera;
1393 3294 1482 3362 qui
1524 3302 1701 3346 autent
1744 3296 2150 3362 perseveraverit

573 3392 735 3446 usque
762 3378 816 3429 in
846 3378 1023 3445 ﬁnem,
1053 3380 1138 3433 hic
1162 3382 1339 3436 salvus
1370 3385 1468 3438 erit
1511 3385 1646 3455 ('59).
1696 3384 1903 3440 Caetera
1952 3386 2153 3456 quibus

572 3470 823 3540 martyris
853 3486 911 3525 se
942 3472 1229 3529 inculcavit
1269 3478 1490 3533 auribus
1539 3481 1703 3534 nimis
1742 3480 1963 3552 longum
2006 3492 2154 3537 esset

574 3576 917 3629 enumerare,
945 3581 1016 3619 ne
1054 3567 1229 3622 dicam
1276 3586 1550 3626 enarrare.
1602 3572 1757 3628 llisee
1802 3574 1886 3628 vir
1934 3586 2154 3632 sanctus

573 3654 960 3721 confirmatus,
1009 3673 1228 3729 semper
1274 3663 1418 3716 enim
1466 3664 1518 3717 in
1568 3663 1783 3719 Patrem
1838 3667 2155 3723 intendebat

576 3756 846 3811 mentem,
897 3750 1123 3820 ejusque
1171 3754 1331 3806 verba
1375 3770 1473 3824 pro
1520 3756 1637 3827 lege
1683 3760 1959 3825 sumebat,
1999 3775 2150 3816 sacra

577 3832 789 3903 liturgia
829 3846 1067 3904 peracta,
1100 3847 1154 3893 et
1199 3842 1540 3897 sanctissimo
1570 3845 1772 3900 Christi
1812 3862 2040 3916 corpore
2099 3859 2155 3903 et

576 3925 838 3995 sanguine
873 3938 1146 3999 suscepto,
1179 3947 1284 3984 una
1316 3948 1437 3987 eum
1479 3934 1738 3991 fratribus
1772 3939 1976 3993 assidet
1999 3954 2155 3993 men-

546 4027 683 4077 sa};
723 4023 779 4067 et
816 4030 940 4069 eum
980 4028 1166 4087 postea
1213 4028 1423 4076 tantum
1473 4024 1842 4090 indormisset,
1890 4038 2153 4097 quantum

574 4111 695 4156 erat
722 4107 1088 4161 necessarium
1124 4110 1189 4163 ad
1230 4126 1386 4165 suum
1420 4115 1803 4169 oecultandum
1840 4118 2152 4181 consilium,

576 4194 715 4248 clam
741 4196 938 4261 evolat,
966 4206 1027 4252 ut
1053 4200 1231 4267 pullus
1260 4203 1477 4271 aquilae,
1517 4206 1610 4274 qui
1648 4207 1713 4260 ad
1747 4208 1984 4261 volatum
2021 4209 2153 4262 ulti-

578 4299 701 4338 mus
726 4286 836 4354 jam
868 4303 976 4341 non
1017 4290 1248 4359 amplius
1279 4294 1480 4361 patitur
1509 4294 1746 4350 insidere
1775 4297 1924 4351 nido.
1966 4298 2154 4362 Itaque

534 4379 872 4449 ‘egreditur,
926 4382 1062 4435 nihil
1110 4399 1295 4439 secum
1356 4396 1551 4455 praeter
1600 4390 1908 4444 necessaria
1966 4392 2146 4446 carnis

2260 4386 2453 4455 ὁμοίας
2507 4385 2787 4456 ἀθλήσεως
2817 4402 2832 4417 ·

578 4470 914 4538 operimenta
965 4473 1164 4539 ferens,
1199 4486 1254 4531 et
1302 4479 1581 4547 pulchram
1627 4480 1845 4550 pietatis
1890 4498 2155 4550 mercem,

580 4559 819 4630 inopiam
859 4575 1162 4634 asportans.
1208 4568 1313 4621 Pro
1358 4570 1564 4623 divitiis
1606 4571 1749 4625 enim
1786 4572 1833 4624 ei
1864 4580 1981 4626 erat
2024 4589 2159 4643 pau-

579 4664 785 4722 pertas,
814 4666 868 4711 et
904 4674 1002 4727 pro
1034 4660 1185 4714 luero
1218 4662 1391 4730 pictas
1425 4663 1559 4733 (40).
1601 4663 1737 4719 lliue
1768 4666 1832 4720 ad
1861 4666 2159 4721 certamina

581 4748 943 4814 proficiscitur
992 4752 1287 4823 ‘Diospolim
1336 4757 1468 4827 (Μ),
1517 4757 1807 4829 Georgium
1863 4769 2159 4829 martyrem

2256 3098 2467 3168 μακρζν
2487 3094 2902 3166 ἀριθμήσασθαι
2939 3096 3072 3165 μήτι
3095 3111 3159 3161 γε
3184 3094 3579 3165 διηγήσασθαι.
3618 3094 3845 3158 Τούτοις

2252 3187 2580 3258 ἐπιῤῥωθεὶς
2594 3189 2622 3239 ὁ
2641 3186 2911 3257 μακάριος
2931 3185 3041 3257 (ἀεὶ
3066 3186 3176 3258 γὰρ
3192 3186 3271 3256 τῷ
3291 3187 3466 3256 Πατρὶ
3485 3188 3847 3256 προσανεῖχεν

2250 3279 2344 3331 τὸν
2359 3279 2505 3344 νοῦν,
2522 3279 2617 3332 καὶ
2641 3279 2808 3349 νόμον
2831 3276 2978 3350 εἶχεν
3005 3278 3198 3332 τούτου
3218 3280 3286 3332 τά
3304 3280 3574 3350 ῥήματα),
3600 3280 3849 3332 συντελε-

2255 3371 2477 3441 σθείσης
2496 3371 2598 3441 τῆς
2627 3373 2779 3443 ἱερᾶς
2805 3370 3172 3441 λειτουργίας,
3204 3369 3267 3423 τὸ
3294 3371 3565 3439 πανάγιον
3588 3371 3683 3424 τοῦ
3708 3372 3849 3440 X9:-

2257 3462 2384 3516 στοῦ
2411 3462 2568 3524 σῶμα
2585 3464 2681 3516 καὶ
2701 3457 2841 3532 αἷμα
2855 3463 3169 3533 δεξάμενος,
3194 3465 3305 3526 τοῖς
3329 3462 3579 3532 ἀδελφοῖς
3604 3464 3848 3534 ὁμοτρά-

2255 3556 2417 3621 πεζος
2450 3556 2678 3624 γίνεται·
2699 3557 2795 3611 καὶ
2814 3555 3155 3628 καθευδήσας
3186 3555 3401 3628 μικρὸν,
3424 3556 3551 3611 ὅσον
3576 3556 3641 3627 δὴ
3662 3555 3848 3609 λαθεῖν

2254 3647 2381 3709 τοὺς
2416 3647 2747 3718 ὁμόφρονας,
2805 3647 3085 3719 λαθραίως
3128 3648 3456 3716 ἀφίπταται.
3498 3643 3589 3701 οἷα
3630 3647 3848 3711 νεοττὸς

2255 3738 2412 3791 ἀετοῦ
2459 3738 2557 3808 τὴν
2600 3739 2803 3809 πτῆσιν
2846 3739 3095 3803 τελέσιος
3135 3740 3335 3811 μηκέτι
3374 3740 3530 3810 φέροι
3568 3742 3633 3811 τῇ
3681 3740 3850 3810 καλιᾷ

2255 3829 2747 3899 προσκαθέζεσθαι.
2811 3831 2975 3897 Ἐξὶει
3022 3832 3205 3886 τοίνυν
3272 3831 3438 3903 μηδὲν
3483 3832 3567 3886 ὅτι
3617 3836 3692 3904 μὴ
3738 3833 3851 3886 τῶν

2255 3922 2570 3991 ἀναγκαίων
2590 3924 2693 3994 τῆς
2720 3924 2925 3993 σαρκὸς
2948 3925 3329 3996 καλυμμάτων
3357 3926 3649 3995 ἀγόμενος,
3681 3926 3850 3981 καλὸν

2258 4016 2542 4079 εὐσεϐείας
2583 4016 2914 4087 ἐμπόρευμα
2966 4017 3066 4088 τὴν
3107 4018 3458 4088 ἀχρηματίαν
3515 4018 3802 4087 ἐνθέμενος
3831 4035 3848 4048 ·

2257 4109 2612 4177 ἀκτημοσύνη
2636 4109 2745 4180 γάρ
2780 4108 3014 4172 πλοῦτος
3039 4109 3225 4179 αὑτῷο,
3276 4114 3369 4162 καὶ
3399 4111 3667 4180 πορισμὸς
3698 4106 3767 4181 ἦν
3812 4114 3850 4181 ἡ

2258 4200 2529 4256 εὐσέϐεια.
2566 4201 2848 4255 Ἐντεῦθεν
2870 4203 3232 4256 ἀπανίσταται
3256 4203 3391 4272 πρὸς
3408 4203 3691 4255 Διόσπολιν
3715 4204 3856 4273 πρὸς

2260 4292 2493 4361 ἀγῶνας,
2563 4293 2601 4346 Γ
2606 4293 2820 4365 εωργίῳ
2860 4294 2943 4365 τῷ
3005 4295 3240 4365 μάρτυρι
3280 4293 3714 4364 προσευξόμενος
3754 4295 3857 4365 τῆς

2886 4386 3102 4455 φιλοῦσι
3154 4389 3263 4457 γάρ
3313 4404 3430 4449 πως
3466 4387 3527 4439 οἱ
3573 4387 3855 4456 ἀνθρωττοι

2259 4479 2471 4547 ἀγῶνος
2533 4481 2826 4551 ἀρχόμενοι
2875 4479 3256 4550 προσοικειοῦν
3313 4482 3540 4542 ἑαυτοὺς
3585 4482 3701 4541 τοῖς
3748 4480 3852 4549 ἤδη

2259 4574 2570 4643 νικήσασιν.
2612 4572 2855 4626 Ἐκεῖθεν
2881 4574 2962 4636 εἰς
2994 4572 3055 4624 τδ
3084 4572 3304 4643 rava
3333 4572 3456 4643 ὅρος
3488 4571 3813 4641 μετέρχεται
3832 4587 3849 4599 ·

2262 4664 2393 4718 ἔνθα
2417 4663 2512 4717 τοῦ
2540 4665 2803 4733 λογισμοῦ
2832 4664 2923 4717 τὸν
2961 4662 3128 4716 παῖδα
3156 4663 3245 4715 τὸν
3282 4663 3471 4716 Ἰσαὰκ
3512 4662 3850 4731 πφσανέφε-

2269 4773 2380 4828 ρεν,
2411 4755 2556 4808 θύων
2593 4754 2673 4822 τῷ
2698 4755 2818 4821 Θεῷ
2842 4754 3034 4807 θυσίαν
3079 4753 3359 4818 αἰνέσεως,
3390 4755 3425 4823 ἣ
3468 4754 3527 4803 τὸ
3557 4754 3851 4822 εὐάρεστον

580 4838 971 4907 deprecaturus
996 4844 1129 4914 (Η),
1163 4855 1222 4900 ut
1252 4847 1393 4902 idem
1425 4849 1524 4903 sibi
1560 4850 1748 4920 agonis
1778 4866 1948 4921 genus
1978 4851 2146 4906 SUbll‘t

2269 4846 2436 4919 ἀρνοῦ
2464 4847 2599 4918 πρὸς
2622 4846 2942 4917 ὑπαλλαγὴν
2966 4846 3067 4898 οὐκ
3092 4844 3289 4899 ἐδέετο.
3316 4841 3449 4899 Εἶτα
3475 4845 3725 4916 καὶπρὸς
3751 4844 3849 4914 τὴν

2098 5049 2333 5107 NOTAE.

656 5203 766 5280 (δῇ)
808 5204 1033 5280 Pimstat
1059 5207 1234 5280 legere
1257 5212 1543 5280 ναυαγίας.

653 5277 764 5341 (57)
808 5276 911 5329 Tit.
942 5295 1001 5340 tt,
1032 5279 1117 5333 15.

660 5347 769 5411 (59)
813 5346 1000 5403 Matth.
1036 5366 1087 5411 Χ,
1118 5349 1209 5402 22.
1846 5402 1849 5405 η

658 5417 767 5493 μθ)
797 5416 814 5468 l
850 5417 989 5493 Tini.
1022 5434 1096 5493 vl,
1129 5420 1161 5473 6
1195 5438 1207 5473 :
1251 5420 1407 5493 Ἔστι
1444 5421 1499 5473 δὲ
1523 5422 1789 5493 πορισμὸς
1817 5422 2045 5493 μέγαςὴ
2075 5422 2134 5475 εὑ

584 5486 800 5562 σὲϐεια-
825 5489 962 5556 μετά
1001 5490 1351 5562 αὐταρκείας
1390 5511 1407 5540 ι
1442 5494 1535 5546 Est
1564 5486 1745 5547 autem
1778 5486 2165 5562 qumstus'tna-

582 5572 721 5625 guus
752 5558 921 5623 pit-tas
945 5576 1065 5611 eum
1094 5558 1431 5615 sufficientia.

2262 5225 2358 5277 per
2406 5210 2583 5279 Lvtlda
2639 5220 2899 5274 vocatur,
2952 5210 3056 5263 iter
3114 5208 3275 5263 unius
3341 5207 3444 5261 diei
3498 5207 3733 5261 distabat
3770 5206 3851 5279 ab

2264 5279 2671 5352 Hierosolymis,
2716 5289 2775 5334 ut
2808 5280 2963 5334 facile
3009 5283 3247 5351 potuerit
3287 5279 3607 5333 Anastasius
3638 5294 3697 5331 se
3726 5278 3852 5332 illuc

2265 5350 2730 5490 "Oﬂgllnlgiospoli
2791 5419 3135 5490 magnificum
3187 5418 3459 5490 visebatur
3493 5418 3750 5488 templum
3787 5420 3854 5472 ab

2270 5488 2576 5547 JuStiniano
2619 5494 2750 5559 imp.
2802 5488 3107 5543 dedicatum
3162 5500 3349 5543 sancto
3398 5488 3646 5559 Georgio,
3698 5490 3854 5559 cujus

2274 5561 2517 5619 reliquiae
2560 5558 2703 5613 illuc
2756 5561 3028 5613 translatae
3072 5559 3314 5628 fuerunt.
3352 5558 3639 5628 postquam
3692 5558 3851 5612 Nim-

658 5627 771 5695 (ιΗ)
810 5628 1411 5701 ρίοδροιίδ.ίόιίυειίιιιυ
1451 5633 1796 5701 civitzts,qtt;e
1824 5633 1892 5687 ab
1922 5632 2165 5687 Judaitis
2275 5632 2465 5686 media:
2524 5630 2837 5699 martyrium
2892 5646 3081 5700 passus
3128 5641 3229 5682 vste.
3278 5626 3508 5684 Videsis’
3536 5628 3852 5684 Bollandtt‘ttt

582 5697 948 5765 scriptoribus
968 5716 996 5751 ιι
1052 5704 1275 5770 profano
1306 5704 1525 5759 nomine
1558 5697 1979 5759 abhorrentibus
2020 5721 2162 5757 seiu-

2275 5702 2359 5756 die
2390 5718 2513 5755 xxm
2545 5701 2765 5769 Aprilis.
