4152 6290
339 300 468 358 ιοτη

1389 294 1555 345 \‘ttA
1585 293 1646 344 δ.
1682 288 2086 348 ANAS’I’ASII
2125 287 2514 347 MARTYRIS

3464 288 3599 355 1698
3614 316 3615 319 η

336 408 649 477 Στράτωνος
674 404 799 473 ἥκει
826 402 1164 472 Καισάρειαν
1187 401 1453 470 ἀγόμενος
1480 402 1688 455 ἀνωθεν
1715 417 1726 429 ·
1758 402 1922 471 ἧγετο

2027 400 2383 471 contingeret.
2435 403 2635 452 Amant
2677 400 2823 454 enim
2868 402 3137 469 homines,
3176 419 3267 473 qui
3318 415 3595 460 certamen

341 502 445 570 γὰρ
471 499 549 569 τῷ
573 497 712 568 Θεῷ,
741 495 1185 566 θαυματουργίας
1209 494 1487 557 ἐπίδειξις.
1524 494 1611 547 Ἐν
1638 494 1820 547 τοίνυν
1841 492 1921 563 τῷ

335 590 553 660 τεμένει
601 589 700 659 τῆς
737 587 1089 657 πανυμνήτου
1128 585 1471 656 Θεομήτορος
1513 583 1852 648 ἐναυλίζεται
1898 601 1910 613 ·

334 681 682 749 ὁπλιζομένῳ
721 679 829 750 γὰρ
855 678 991 749 πρὸς
1034 676 1253 744 ἀγῶνας
1278 678 1446 747 ἐχρῆν
1486 675 1729 729 τοιοῦτον
1756 692 1925 746 προσ-

336 776 639 845 λαμϐάνειν
680 771 1036 841 ὁρμητήριον.
1098 769 1187 829 Ὦς
1225 768 1283 821 δὲ
1323 767 1433 822 δύω
1456 767 1559 837 τῆς
1594 768 1924 851 καταγωγῆς

336 868 544 940 ἡμέραι
559 867 870 939 διέδραμον,
890 865 982 917 ἐπὶ
998 863 1059 916 τδ
1078 861 1304 933 τέμενος
1319 862 1417 933 τῆς
1431 862 1614 931 Ἀγίας
1632 861 1921 932 Εὐφημεας

336 963 569 1018 διανύων
596 960 898 1033 περίπατον
917 999 932 1024 ,
957 958 1087 1012 ἔνθα
1111 958 1219 1012 τῶν
1243 957 1423 1014 ἀθλων
1448 956 1616 1010 αὐτοῦ
1639 956 1703 1009 τὸ
1734 956 1923 1026 προοί-

342 1075 465 1127 μιον
497 1055 764 1123 λαμϐάνει
796 1091 811 1107 .
843 1092 858 1106 .
890 1094 902 1106 .
934 1092 948 1107 .
979 1050 1078 1120 τὴν
1114 1051 1345 1119 γένεσιν.
1393 1049 1588 1120 Θέαμά
1624 1065 1675 1101 τι
1715 1047 1926 1119 καθορᾷ

339 1149 448 1202 τῶν
484 1149 545 1201 οὐ
574 1148 762 1214 ξένων,
800 1144 947 1199 κατά
987 1161 1051 1213 γε
1090 1142 1181 1196 τὸν
1208 1142 1425 1213 πρῶτον
1455 1142 1546 1195 τὸν
1588 1141 1701 1211 βίον
1735 1139 1920 1194 αὐτοῦ.

340 1238 525 1305 Μάγοι
572 1235 931 1307 περιστάντες
984 1232 1096 1303 πῦρ
1153 1231 1616 1301 ἀνεμαγγάνευον,
1672 1230 1923 1300 σύστημα

343 1328 597 1398 πονηρὸν.
626 1327 722 1380 καὶ
746 1326 1015 1397 δαιμόνων
1042 1325 1310 1395 ὑπήκοον.
1336 1323 1559 1385 Τούτοις
1583 1322 1871 1393 ἐγκάρδιος
1894 1323 1925 1375 ό

340 1418 436 1472 τοῦ
464 1418 701 1490 Χριστοῦ
726 1416 1067 1489 στρατιώτης
1093 1416 1419 1487 ἐπέδραμεν,
1451 1416 1629 1469 παίων
1653 1417 1721 1486 τῇ
1746 1414 1922 1483 γλώτ-

340 1514 406 1583 τῇ
428 1551 443 1577 ,
472 1512 569 1565 καὶ
595 1509 911 1582 τιτρώσκων
948 1513 1061 1573 τοῖς
1092 1510 1300 1580 ῥήμασι
1329 1524 1343 1539 ο
1372 1508 1547 1579 ψυχαὶ
1574 1507 1632 1561 δὲ
1658 1502 1801 1578 ἦσαν
1825 1506 1924 1559 αὐο

340 1607 453 1668 τοῖς
474 1606 530 1657 αἱ
557 1603 902 1674 βαλλόμεναι,
930 1600 1155 1672 μηδενὸς
1176 1600 1343 1653 ὅπλου
1368 1599 1588 1668 λογικοῦ
1614 1599 1754 1671 πρὸς
1781 1598 1924 1669 ἀμυ-

343 1716 440 1753 ναν
472 1695 531 1751 εὐ
544 1697 849 1766 πορήσασαι
875 1710 890 1726 ·
918 1694 1226 1765 στρατηγὸς
1258 1691 1367 1763 γὰρ
1395 1692 1497 1745 οὐκ
1516 1687 1587 1762 ἦν
1608 1692 1795 1754 αὐτοῖς
1835 1691 1923 1743 εὐ-

343 1786 710 1856 παράσκευος.
766 1780 1125 1854 Παρεγύμνου
1170 1781 1260 1834 τὸν
1296 1780 1476 1851 λόχον,
1518 1780 1613 1834 καὶ
1645 1779 1737 1835 τὸν
1775 1780 1924 1834 δόλον

342 1878 597 1947 ἐμήνυεν,
625 1876 725 1946 τὴν
756 1875 960 1943 γνῶσιν
984 1874 1059 1937 ὠς
1099 1872 1396 1942 αὐτόμολος
1427 1873 1500 1945 μὴ
1535 1873 1921 1944 κλεπτόμενος.

342 1970 409 2022 Τί
438 1967 914 2039 πλανᾶσθελφησὶ,
938 1967 1034 2020 κα)⁵
1057 1966 1324 2031 πλανᾶτε;
1348 1966 1401 2018 τί
1428 1964 1805 2037 τερατεύεσθε,
1834 1967 1927 2017 καὶ

342 2058 656 2128 κομπάζετε
685 2058 998 2128 φληνάφους
1027 2057 1161 2128 πρὸς
1189 2057 1465 2112 ἀπώλειαν
1489 2056 1677 2127 ψυχῶν
1712 2056 1928 2127 ἀνευρί-

344 2167 599 2217 σκοντες;
643 2150 765 2204 Τῶν
804 2150 861 2205 δὲ
890 2148 1280 2221 θαυμαζόντων
1300 2190 1315 2214 ,
1344 2150 1440 2203 καὶ
1461 2148 1555 2202 τὸν
1575 2148 1775 2220 τρόπον
1796 2151 1927 2204 ἀνα-

344 2242 652 2315 ζητούντων
700 2245 800 2315 τῆς
848 2241 1124 2312 γνώσεως,
1177 2240 1464 2296 ὑπολαϐὼν
1507 2242 1535 2295 ὁ
1585 2240 1925 2312 Θαυμάσιος,

345 2332 518 2402 Κάγὼ
556 2335 670 2398 τοῖς
706 2334 893 2397 αὐτοῖς
931 2334 1299 2404 ἐστράτευμαι
1340 2332 1607 2403 πρότερον
1654 2335 1665 2347 ⁸
1711 2332 1927 2387 ἐνόσουν

344 2425 499 2501 κάγὼ
538 2425 602 2479 τδ
647 2426 779 2495 παρ’
823 2424 952 2495 ύμῖν
992 2422 1295 2494 πολύτιμον
1320 2422 1537 2493 νόσημα
1564 2438 1581 2454 θ
1621 2421 1928 2493 ἐμαινόμην

344 2518 477 2572 ποτέ
511 2518 612 2591 τὴν
647 2515 977 2589 παραφορὰν
1003 2514 1103 2585 τὴν
1136 2514 1402 2569 ἑκούσιον.
1429 2513 1653 2577 Τούτοις
1688 2512 1761 2566 τά
1784 2512 1929 2566 νῶτα

343 2610 612 2673 διδόντες,
650 2608 742 2663 καὶ
780 2606 1326 2679 καθομολογήσαντες
1360 2606 1463 2675 τὴν
1488 2605 1746 2659 ἀσέϐειαν
1771 2645 1786 2669 ,
1814 2604 1928 2658 ἐλι-

345 2701 555 2770 πάρουν
594 2697 898 2751 ἐκπτυστον
937 2696 1121 2759 αὐτοῖς
1164 2695 1245 2767 μὴ
1277 2694 1531 2764 γενέσθαι
1567 2695 1629 2748 τὸ
1663 2694 1926 2764 σόφισμα,

343 2790 534 2863 κέρδος
559 2788 853 2860 ἡγούμενοι
875 2787 974 2859 τὴν
998 2787 1091 2841 τοῦ
1114 2787 1305 2856 ἀνδρὸς
1324 2784 1687 2858 ἀναχώρησιν.
1713 2786 1850 2857 Ἤδη
1872 2785 1930 2839 δέ

345 2900 466 2947 πως
492 2881 657 2937 αὐτοῦ
683 2879 746 2935 τὸ
786 2881 1108 2951 λειπόμενον
1134 2880 1233 2951 τῆς
1259 2878 1486 2951 πορείας
1510 2878 1787 2944 ἀνύοντος,
1828 2878 1930 2950 τὴν

343 2975 496 3040 τάξιν
539 2974 765 3029 ἱππόται
808 2975 921 3036 τοῖς
962 2971 1322 3044 προπυλαίοις
1353 2970 1447 3024 τοῦ
1491 2970 1700 3042 Δερϐἄς
1738 2971 1931 3040 ἐφιζά-

2023 493 2233 557 ineunt,
2273 492 2342 547 ad
2379 507 2473 547 eos
2512 492 2743 547 libenter
2781 496 3062 561 accedere,
3091 498 3182 566 qui
3220 498 3332 565 jam
3363 497 3600 552 victores

2022 592 2337 640 evaserunt.
2395 583 2533 639 Tum
2592 600 2724 639 vero
2787 585 2841 641 in
2902 596 3143 643 montem
3207 588 3422 642 Garizin
3486 590 3598 657 (45)

2022 676 2297 743 ascendit;
2334 675 2429 731 ubi
2474 692 2587 732 sua:
2619 678 2819 733 mentis
2857 678 3026 733 ﬁlium
3070 680 3221 735 Isaac
3262 681 3477 747 obtulit,
3508 698 3599 736 sa-

2023 768 2275 824 criﬁcans
2316 767 2431 824 Deo
2472 770 2802 825 sacriﬁcium
2839 772 3036 837 laudis,
3065 788 3167 827 nec
3197 774 3596 844 beueplacitum

2024 861 2403 917 holocaustum
2431 863 2555 934 agni
2590 863 2648 917 in
2700 865 3181 920 commutationem
3222 865 3315 919 ﬁlii
3361 868 3601 936 postula-

2022 954 2102 1008 vit
2148 953 2279 1023 (44).
2344 955 2553 1009 Deinde
2586 954 2803 1010 caelitus
2835 956 3104 1011 deductus
3122 958 3270 1012 venit
3297 958 3599 1013 Caesaream

2024 1043 2297 1100 Stratonis
2328 1046 2439 1115 (45)
2473 1064 2486 1099 :
2518 1060 2644 1101 vere
2688 1048 2836 1102 enim
2879 1048 3180 1104 ducebatur
3215 1065 3246 1103 a
3278 1050 3410 1114 Deo,
3454 1051 3599 1119 quod

2023 1145 2141 1190 erat
2178 1137 2423 1191 miraculi
2462 1138 2875 1194 demonstratio.
2914 1140 2972 1194 in
3017 1142 3132 1195 aede
3172 1141 3338 1212 igitur
3382 1157 3601 1212 semper

2024 1229 2384 1298 praedicanda:
2409 1230 2501 1285 Dei
2526 1230 2818 1286 Genitricis
2839 1232 3145 1287 diversatur
3172 1251 3186 1287 :
3213 1249 3427 1302 :cquum
3453 1234 3599 1288 enim

2026 1329 2165 1385 erat.
2216 1332 2278 1377 nt
2320 1323 2405 1377 vir
2449 1324 2515 1377 ad
2562 1324 2857 1377 certamina
2904 1334 3143 1394 paratus,
3196 1333 3251 1379 et
3302 1325 3599 1380 instructus

2024 1414 2187 1467 talem
2218 1429 2398 1469 arcem
2430 1423 2740 1484 occuparet.
2790 1414 2926 1468 Cum
2958 1422 3153 1470 'autcm
3208 1416 3280 1470 ibi
3313 1416 3601 1477 mansisset

2021 1506 2235 1561 duobus
2289 1508 2518 1564 diebus.
2573 1521 2744 1577 usque
2790 1508 2855 1561 ad
2918 1510 3174 1578 templum
3227 1507 3438 1564 Sancta:
3490 1510 3600 1563 Eu-

2023 1600 2257 1669 phemiae
2297 1599 2656 1670 progreditur,
2708 1608 2870 1669 atque
2919 1601 3025 1655 illic
3073 1616 3184 1656 suae
3217 1602 3603 1657 decertationis

2028 1692 2197 1745 sumit
2230 1691 2447 1746 initium
2476 1690 2609 1762 (46).
2650 1690 2849 1747 Nescio
2878 1693 3007 1761 quid
3034 1694 3182 1748 videt
3215 1708 3316 1748 nec
3358 1696 3601 1765 peregri-

1978 1781 1999 1811 )
2026 1797 2180 1847 num,
2206 1796 2310 1835 nec
2340 1796 2565 1841 novum,
2599 1795 2699 1835 nec
2729 1797 2758 1835 a
2787 1782 3019 1852 pristino
3047 1782 3165 1851 ejus
3193 1781 3407 1835 vivendi
3441 1781 3603 1835 modo

2026 1873 2286 1928 alienum.
2333 1872 2469 1941 Magi
2511 1872 2579 1927 ad
2621 1874 2801 1943 ignem
2836 1882 3044 1928 stantes
3096 1873 3381 1943 praestigiis
3421 1882 3476 1928 et
3517 1873 3603 1926 in-

2026 1964 2427 2019 cantationibus
2482 1980 2703 2035 operam
2748 1965 2971 2031 debant,
3018 1980 3132 2020 rem
3169 1966 3362 2019 malam
3402 1975 3458 2020 et
3490 1965 3603 2019 dae-

2028 2058 2230 2113 moniis
2261 2057 2537 2113 subditam
2567 2057 2853 2128 agitantes.
2890 2058 3000 2113 llos
3023 2072 3186 2113 verus
3211 2056 3412 2112 Christi
3449 2057 3605 2113 miles

2027 2151 2353 2222 aggreditur,
2385 2159 2439 2205 et
2471 2150 2653 2220 lingua
2693 2149 2838 2213 ferit,
2875 2159 2931 2204 et
2961 2149 3215 2205 vulnerat
3258 2148 3439 2215 dictis,
3476 2134 3603 2218 qui-

2028 2242 2131 2297 bus
2178 2256 2367 2296 eorum
2417 2242 2627 2297 animas
2673 2241 2829 2297 facile
2878 2242 3188 2306 sauciabat,
3260 2241 3426 2297 nullis
3473 2256 3604 2297 sane

2028 2335 2194 2390 armis
2224 2334 2574 2390 rationalibus
2606 2335 2671 2389 ad
2701 2333 2979 2390 defensam
3026 2334 3338 2399 instructas,
3382 2343 3438 2389 et
3480 2349 3604 2403 quae

2027 2426 2220 2480 ducem
2262 2441 2372 2480 non
2415 2425 2685 2481 habebant
2731 2426 2799 2481 ad
2846 2441 2983 2495 opus
3024 2435 3293 2495 paratum.
3328 2423 3468 2480 Tum
3513 2426 3604 2480 ille

2029 2534 2218 2574 eorum
2243 2519 2446 2591 detegit
2467 2519 2636 2574 malas
2659 2528 2824 2583 artes,
2855 2528 2910 2574 et
2936 2519 3165 2574 insidias
3189 2519 3384 2589 aperit,
3417 2534 3603 2574 rerum

2029 2612 2297 2676 omnium,
2343 2612 2543 2682 quibus
2576 2613 2966 2683 operabantnr,
2996 2612 3365 2683 cognitionem
3410 2626 3469 2664 se
3503 2612 3606 2666 ha-

2030 2702 2182 2767 bere,
2214 2711 2276 2758 ut
2312 2703 2608 2774 transfuga,
2656 2719 2765 2757 non
2812 2704 3170 2760 abscondens.
3201 2701 3341 2768 Quid
3387 2702 3604 2767 erratis,

2031 2795 2230 2865 inquit,
2272 2804 2329 2850 et
2376 2795 2429 2849 in
2472 2808 2714 2850 errorem
2768 2794 2906 2848 alios
2948 2793 3253 2849 adducitis?
3295 2792 3428 2860 Quae
3468 2809 3607 2849 vana

2031 2893 2278 2940 monstra
2308 2884 2527 2956 ﬁngitis,
2560 2894 2615 2940 et
2644 2885 2700 2939 in
2728 2900 2838 2955 quo
2865 2882 3196 2956 gloriamini,
3228 2897 3409 2937 meras
3432 2897 3609 2953 nugas

2033 2978 2089 3032 in
2115 2975 2476 3046 perditionem
2501 2975 2802 3029 animarum
2835 2972 3245 3045 excogitantes?
3284 2971 3393 3027 Illis
3422 2981 3604 3028 autem

345 3084 531 3131 νοντες
559 3107 574 3132 ,
601 3067 629 3120 δ
653 3067 718 3137 δὴ
746 3065 900 3135 φίλον
935 3066 1161 3135 ἀρχεῖον
1197 3064 1327 3134 παρ’
1359 3061 1617 3131 Ἕλλησιν
1661 3062 1925 3133 ὀνομάζε-

2034 3069 2377 3133 mirantibus,
2408 3078 2461 3122 et
2488 3068 2635 3121 unde
2669 3068 2786 3122 haec
2843 3068 3011 3122 sciret
3052 3066 3475 3137 inquirentibus,
3516 3080 3609 3120 re-

346 3161 494 3228 σθαι,
539 3160 866 3227 θεασάμενοι
907 3156 999 3209 τὸν
1036 3156 1303 3227 μακάριον
1346 3153 1623 3208 διελάλουν
1663 3148 1802 3209 εἶναι
1829 3171 1930 3207 κα-

344 3254 639 3308 τάσκοπον.
661 3250 727 3303 Τί
749 3245 844 3303 οὖν
866 3250 897 3302 ὁ
916 3248 1176 3318 γεννάδας
1196 3248 1431 3309 ἐκεῖνος;
1458 3245 1781 3315 ἀντιϐλέψας
1801 3263 1929 3315 γεν-

346 3349 515 3411 ναῖον,
544 3346 640 3399 καὶ
670 3341 1084 3413 συναναστήσας
1104 3340 1183 3411 τῷ
1203 3339 1451 3410 ὀνόματι,
1476 3340 1572 3393 καὶ
1589 3339 1646 3391 τὸ
1671 3341 1928 3410 φρόνημα

344 3439 446 3510 τὴν
471 3434 790 3506 ἀδολεσχίαν
807 3432 917 3488 τῶν
934 3430 1145 3502 ἀνδρῶν
1167 3430 1543 3500 ἀπεφαύλιζεν
1562 3445 1578 3460 ·
1611 3430 1796 3501 μήτηρ
1818 3429 1928 3500 γὰρ

333 3520 442 3603 ’τῆς
477 3530 651 3599 καλῆς
677 3525 992 3600 παρρησίας
1012 3526 1160 3579 ἐστὶν
1187 3523 1459 3577 εὐσέϐεια.
1501 3520 1644 3592 Ἐγώ
1671 3540 1801 3576 ποτε
1827 3523 1925 3593 τὴν

346 3624 516 3695 αὐτὴν
537 3624 665 3693 ὑμῖν
691 3621 839 3686 τάξιν
861 3618 1187 3689 ἐταττόμην,
1208 3617 1394 3689 φησὶν,
1412 3617 1579 3671 ἵππον
1593 3615 1923 3681 ἀναϐαίνων,

347 3716 443 3768 καὶ
491 3715 645 3781 τόξον
694 3713 965 3774 ἐντείνων,
1020 3711 1224 3765 ἀσπίδα
1263 3710 1583 3783 προτείνων,
1627 3712 1723 3766 καὶ
1764 3714 1926 3767 σείων

346 3807 596 3861 ἀκόντιον
624 3822 639 3838 ο
669 3807 767 3859 νῦν
798 3805 855 3859 δὲ
881 3803 1250 3874 στρατεύομαι
1294 3802 1374 3872 τῷ
1398 3802 1622 3872 Χριστῷ
1643 3842 1658 3868 ,
1695 3804 1789 3858 καὶ
1816 3803 1926 3857 τῶν

348 3899 628 3969 ὑμετέρων
654 3898 932 3966 κατόπτης
954 3895 1055 3949 οὐκ
1076 3895 1316 3963 ἀφῖγμαι
1345 3910 1359 3926 ’
1386 3894 1481 3947 καὶ
1503 3894 1678 3946 ταῦτα
1699 3894 1925 3947 κατέλε-

346 4009 444 4060 γεν
466 3989 662 4046 ἑαυτοῦ
691 3988 893 4061 μᾶλλον
918 3988 951 4060 ἦ
976 3984 1200 4041 ἐκείνοιν
1229 3984 1489 4056 ὑπάρχων
1529 3984 1877 4049 κατάσκοπος
1906 4000 1922 4016 ο

346 4082 407 4135 οὐ
448 4081 558 4152 γὰρ
582 4080 689 4133 εδει
721 4079 989 4150 κρύπτειν
1010 4116 1026 4142 ,
1054 4075 1131 4139 ὥς
1155 4091 1209 4127 τι
1234 4073 1560 4145 λῃστρικὸν,
1584 4073 1648 4127 τὸ
1675 4072 1925 4145 φιλόχρι-

350 4189 474 4227 στον
499 4215 513 4238 ,
542 4172 577 4244 ἢ
606 4171 794 4241 ψεύδει
818 4170 916 4242 τὴν
946 4167 1221 4239 σωτηρίαν
1248 4162 1589 4236 ὠνήσασθαι,
1617 4165 1709 4220 τόν
1734 4182 1798 4234 γε
1824 4165 1926 4237 τῆς

347 4260 516 4323 ὅντως
540 4259 795 4331 ἀληθείας
820 4259 1084 4329 ὑπήκοον.
1112 4251 1269 4327 Εἶχον
1298 4256 1361 4309 τὸ
1381 4255 1565 4309 λοιπὸν
1595 4255 1691 4309 τοῦ
1718 4255 1926 4327 μάρτυ·

353 4369 443 4423 ρος
467 4352 608 4405 κατά
632 4351 833 4422 κράτος
858 4350 910 4402 oi
941 4348 1243 4421 βάρϐαροι,
1268 4343 1357 4401 οἷα
1394 4347 1571 4401 κυνῶν
1598 4348 1802 4419 πλῆθος
1828 4365 1926 4402 πε-

2034 3158 2254 3229 spondit
2300 3158 2496 3213 beatus
2537 3157 2689 3229 :Ego
2718 3157 2878 3243 etiam
2927 3159 3199 3226 quondam
3244 3158 3372 3213 huic
3414 3168 3610 3214 vestra:

2034 3250 2242 3306 militia:
2280 3250 2551 3320 ascriptus
2581 3249 2657 3303 fui
2688 3267 2701 3302 :
2727 3265 2828 3320 ego
2855 3264 3074 3319 quoque
3111 3250 3213 3305 hoc
3243 3259 3426 3305 vestro
3452 3249 3608 3305 miri-

2036 3340 2138 3396 ﬁco
2170 3341 2362 3395 morbo
2408 3339 2669 3404 laboravi,
2711 3349 2769 3394 et
2801 3340 3101 3395 voluntaria
3142 3340 3343 3395 mentis
3394 3339 3607 3395 insania

2034 3431 2162 3486 olim
2190 3431 2411 3502 agebar.
2442 3428 2537 3485 llis
2558 3429 2632 3484 illi
2655 3430 2814 3485 dictis
2837 3438 2985 3501 terga
3014 3430 3226 3495 dantes,
3249 3439 3305 3485 et
3328 3429 3607 3500 propriam

2035 3523 2368 3595 impietatem
2394 3522 2521 3578 fassi
2551 3538 2676 3577 eum
2706 3523 2987 3594 regabant,
3023 3537 3094 3579 ne
3128 3522 3178 3577 id
3216 3523 3643 3585 committeret,.

2034 3627 2096 3671 ut
2123 3630 2311 3673 eorum
2347 3616 2679 3686 sophismata
2709 3615 3150 3680 exsibilareutur,
3199 3630 3230 3670 e
3256 3631 3315 3671 re
3349 3631 3446 3670 sua
3480 3629 3607 3670 esse

2032 3709 2380 3772 arbitrantes,
2411 3710 2458 3766 si
2497 3709 2581 3763 vir
2612 3714 2833 3763 sanctus
2866 3722 3032 3777 quam
3069 3706 3327 3762 citissime
3357 3705 3609 3761 discede-

2033 3798 2133 3855 ret.
2170 3799 2266 3855 Hic
2294 3809 2474 3854 autem
2500 3799 2612 3869 (47)
2666 3799 2887 3854 vixdum
2913 3799 3135 3869 paulum
3164 3798 3219 3853 in
3260 3797 3455 3853 itinere
3479 3812 3607 3868 pro-

2033 3888 2256 3953 iecerat,
2284 3882 2424 3942 'cnm
2466 3887 2681 3956 equites
2730 3897 2858 3943 ante
2900 3888 3229 3943 vestibulum
3273 3888 3608 3943 excubantes

2034 3980 2226 4036 Derbae
2260 3979 2396 4051 (48),
2424 3980 2588 4050 (quod
2604 3979 2785 4035 solent
2814 3980 2986 4036 Gmci
3018 3979 3256 4035 Archion
3285 3979 3605 4050 appellare).

2032 4071 2215 4127 virum
2254 4071 2475 4126 beatum
2518 4070 2837 4141 conspicati,
2887 4071 3283 4140 exploratorem
3326 4084 3451 4124 eum
3484 4083 3606 4124 esse

2030 4164 2371 4220 dictitabant.
2406 4162 2545 4228 Quid
2576 4170 2691 4217 tum
2724 4178 3023 4233 generosus
3059 4162 3187 4217 ille?
3222 4160 3448 4215 Multum
3481 4159 3606 4214 ani-

2032 4273 2181 4313 mese
2220 4256 2275 4310 in
2308 4254 2429 4309 illos
2460 4257 2647 4314 oculos
2679 4257 2999 4326 conjiciens,
3043 4262 3100 4309 et
3135 4261 3324 4307 contra
3367 4250 3604 4305 nominis

2031 4350 2447 4420 appellationem
2486 4351 2794 4420 insurgens,
2826 4362 3030 4415 vanum
3059 4361 3247 4402 eorum
3279 4345 3603 4417 cogitatum,
3637 4416 3649 4426 .

356 4443 667 4515 ριχυθέντες
686 4443 784 4514 τῆς
812 4442 1094 4505 εὐσεϐείας
1120 4441 1211 4495 τὸν
1236 4440 1445 4495 λέοντα.
1475 4439 1697 4505 Τούτοις
1737 4443 1923 4510 ἐπιγε-

2032 4441 2353 4513 futilemque
2414 4442 2783 4516 garrulitatem
2844 4439 3171 4509 contempsit
3222 4437 3356 4509 (49).
3427 4436 3603 4493 Mater

1854 4575 2087 4632 NOTAE.

425 4694 533 4765 (45)
564 4691 796 4765 Garizim
835 4706 991 4765 mons
1018 4674 1332 4765 notissimus
1363 4689 1414 4743 in
1461 4689 1927 4765 eademgl’almsti-

354 4759 441 4819 me
476 4759 710 4835 regione.
735 4760 1220 4835 adgcujusradices
1260 4759 1361 4815 fuit
1404 4760 1535 4815 urbs
1560 4760 1798 4828 Sichem,
1822 4763 1928 4817 alio

256 4852 259 4855 λ
352 4828 574 4889 nomine
612 4832 754 4888 dicta
785 4828 963 4887 Flavia
996 4830 1269 4900 Neapolis.

426 4906 535 4975 (44)
566 4904 702 4975 Gen.
730 4901 978 4975 “1142.
1082 4969 1092 4975 _
1352 4968 1383 4975 _
1630 4969 1665 4975 _
1709 4970 1721 4975 _
1826 4930 1845 4975 _-

425 4968 534 5046 (45)
575 4974 836 5046 Caesarea
858 4969 1147 5046 Stratonis,
1193 4968 1602 5046 ῳιῳβεεεετρε-
1630 4969 1928 5046 Palaestina:

354 5038 700 5101 comninnius
734 5042 956 5105 dicitur,
989 5040 1121 5094 urbs
1156 5038 1448 5104 maritima,
1490 5041 1543 5094 in
1574 5040 1775 5096 Iudaea:
1803 5042 1930 5097 ﬁni-

352 5119 454 5172 hns
483 5117 605 5181 sita,
639 5114 797 5183 longe
825 5110 1200 5183 celeberrima,
1229 5124 1390 5177 quam
1424 5108 1665 5183 Herodes
1692 5114 1929 5183 ornavit,

351 5188 487 5241 etin
519 5178 781 5241 honorem
831 5179 1057 5249 Augusti
1099 5178 1755 5249 Caesareamgappellavit,
1807 5178 1930 5236 cum

352 5267 513 5311 antea
548 5254 729 5309 Turris
756 5246 1019 5307 Stratonis
1062 5258 1363 5312 vocaretur,
1395 5246 1499 5304 600
1522 5246 1715 5305 istadiis
1747 5252 1935 5306 aberat

352 5330 419 5380 ab
444 5325 833 5394 Hierosolyma.
884 5322 940 5375 In
978 5336 1041 5375 ea
1082 5319 1353 5394 quondam
1404 5321 1661 5394 praesides
1702 5319 1932 5394 Romani

352 5397 537 5451 sedem
589 5388 879 5458 habebant,
920 5400 980 5444 ut
1020 5388 1351 5445 ex’historia
1409 5388 1550 5444 Festi
1624 5400 1680 5445 et
1732 5390 1925 5445 Felicis

352 5468 407 5519 in
425 5466 566 5520 Actis
594 5473 760 5533 apost.
798 5478 916 5533 cap.
953 5475 1097 5525 xxnv,
1127 5467 1339 5533 constat
1375 5482 1387 5513 :
1419 5461 1512 5514 sed
1543 5475 1667 5533 cum
1694 5460 1925 5533 Anasta-

353 5536 465 5590 sius
517 5528 644 5590 illuc
686 5528 895 5588 delatus
946 5541 1050 5595 est,
1107 5537 1217 5584 tota
1273 5528 1386 5600 fere
1426 5545 1487 5583 ea
1530 5530 1675 5600 regio
1696 5532 1924 5600 suberat

352 5605 637 5660 Persarum
680 5604 893 5668 ditioni,
937 5609 992 5655 et
1029 5614 1231 5671 praeses
1284 5597 1355 5652 ibi
1383 5610 1499 5655 erat
1556 5597 1654 5670 pro
1681 5598 1921 5656 Cltosroa

352 5675 718 5730 Marzabauas.

422 5747 532 5817 (46)
573 5746 631 5800 ln
674 5741 794 5799 cod.
848 5758 949 5796 vox
991 5749 1073 5796 est
1116 5740 1336 5803 abrasa,
1386 5736 1528 5809 quod
1570 5739 1917 5795 redundaret.

2105 4694 2215 4765 (47)
2248 4693 2424 4748 Malim
2452 4690 2729 4765 prouecti)
2760 4691 2935 4765 legere
2967 4684 3171 4765 αὐτοῦ.
3247 4753 3259 4765 ⁸

2102 4761 2214 4834 (48)
2278 4761 2475 4818 Derbai
2507 4833 2512 4834 γ
2540 4762 2760 4834 Persice
2810 4761 2985 4834 luisse
3046 4761 3386 4834 praetorium,
3409 4761 3609 4823 prazto-r

2031 4824 2305 4899 Pisidam,
2354 4834 2445 4903 qui
2503 4833 2555 4887 id
2616 4830 2855 4903 nominis
2915 4824 3102 4903 Graece
3159 4824 3388 4903 eapt'imi
3447 4838 3608 4903 posse

2031 4920 2127 4972 per
2148 4896 2334 4959 vocem
2363 4896 2580 4975 ἀρχεῖον
2595 4902 2855 4975 declarat,
2884 4899 3114 4975 suadent
3142 4897 3302 4950 etiam
3326 4896 3462 4975 Acta
3493 4896 3604 4957 ipsa

2030 4964 2201 5046 sancti
2232 4964 2523 5046 Anastasii,
2557 4988 2625 5046 e_x
2652 4972 2848 5046 quibus
2877 4983 3046 5046 pauca
3088 4970 3202 5022 haec
3227 4966 3390 5046 verba
3420 4964 3606 5046 (ξιξερο

2028 5045 2278 5116 leguntur
2312 5033 2684 5116 in_l_$o|lando_.'
2722 5033 3048 5116 'I50v_-a.t')‘t'6v
3071 5054 3219 5116 τινες
3247 5036 3355 5116 τῷν
3402 5033 3606 5116 καϐάλ-

2027 5104 2230 5186 ).α”ρίων
2281 5110 2952 5186 καθήμενοιΑξμπροσθεν
3004 5109 3099 5163 τοῦ
3138 5105 3441 5186 Δερϐάςκὸ
3487 5104 3602 5154 ἐστι

2029 5178 2363 5255 πραιτώριον
2400 5178 2493 5255 ibi}
2533 5178 2846 5255 Belleptcu.
2870 5180 3012 5255 Idem
3046 5178 3268 5255 ex_aliis
3294 5178 3442 5255 ﬁctis
3472 5186 3601 5255 ms."

2027 5242 2146 5325 qum
2174 5242 2305 5309 citat
2337 5252 2631 5325 Du-Cange
2753 5250 2921 5325 Gloss.
2967 5248 3192 5325 Gr_wcit._
3208 5264 3261 5301 ν.
3287 5242 3603 5325 -ιξαϐαλλά-

2031 5313 2187 5395 ῥιοι,Δ
2217 5313 2621 5395 conﬁrmatur":
2667 5321 2888 5395 Ἰδόντες
2942 5321 3091 5395 τινὲς
3145 5313 3448 5395 τὸνιάνδρα
3494 5313 3603 5395 τῶν

2032 5383 2277 5467 “Klio”;
2292 5394 2461 5467 ,τεαρά
2494 5391 2729 5467 [lépqatc
2756 5389 3064 5467 λεγρμένων
3077 5383 3472 5467 κηαϐαλλαρίωνὶ,
3497 5383 3603 5452 πρὸ

2027 5463 2120 5535 τού
2151 5452 2783 5535 ’Δερϐἆς’καθημένων,
2830 5452 3029 5535 ’ῷσπερ
3067 5458 3161 5535 οὖν
3198 5452 3289 5508 καὶ
3334 5452 3599 5535 subeam:

2026 5534 2181 5587 τοῦτο
2210 5520 2266 5586 δὲ
2284 5520 2400 5585 ἐστι
2424 5520 2755 5603 πραιτώριον
2771 5520 2881 5583 ’τοῦ
2905 5520 3240 5598 καλουμένου
3270 5520 3395 5593 παρ’
3420 5520 3601 5587 αὐτοῖς

2028 5621 2083 5657 σε
2093 5604 2330 5657 λλαοίου.

2098 5621 2512 5743 (ίῧῗίῗῖἳηεςο
2554 5686 2651 5741 pro
2678 5668 3046 5739 ἁπεφαύλτζεν
3076 5668 3189 5740 lege
3220 5667 3597 5737 ἀνεφαύλισεν.
