4152 6290
594 296 733 363 1699

1896 295 2217 355 GEORGII
2263 295 2409 355 PISI
2419 297 2534 356 D/E

3714 306 3856 373 1700

586 415 732 470 enim
757 409 1019 482 pulchra!
1060 408 1128 463 ad
1175 406 1504 477 loquendum
1557 405 1822 460 libertatis
1844 415 1925 459 est
1966 408 2139 474 pietas

2263 408 2489 477 νόμενος
2513 410 2543 462 δ
2571 407 2878 480 σεὶλάριος,
2902 411 2989 474 τίς
3015 427 3070 464 τε
3098 413 3207 478 εἴη,
3236 416 3330 468 καὶ
3359 416 3512 484 γένος
3540 419 3852 489 ἀνῐχνευςν,

586 507 699 577 Ego
721 504 885 559 etiam
915 501 1042 557 olim
1072 516 1138 554 ex
1172 499 1276 554 hoc
1303 506 1486 553 vestro
1526 496 1736 560 ordine,
1782 498 1978 566 inquit,
2014 513 2155 551 unus

582 597 695 661 fui,
724 606 783 651 et
824 608 1024 664 equum
1079 591 1406 654 ascendere,
1446 598 1499 644 et
1545 604 1773 644 curvare
1822 604 2043 655 arcum,
2099 596 2155 643 et

581 696 794 742 scutum
830 686 1175 755 protendere,
1213 693 1267 739 et
1307 683 1514 738 hastam
1560 680 1773 735 vibrare
1808 680 1962 736 novi.
1999 680 2155 735 Nunc

581 788 762 832 autem
809 778 915 832 sub
959 776 1178 832 Christo
1221 776 1415 837 milito,
1464 788 1569 827 nec
1620 787 1803 827 rerum
1847 781 2153 826 vestrarum

580 869 889 938 speculator
917 868 1169 923 advenio.
1203 866 1327 922 Haec
1359 873 1537 919 autem
1578 863 1767 918 dicens
1812 863 1894 916 sui
1941 863 2145 933 potius,

579 959 993 1027 quamillorum
1032 958 1242 1013 delator
1270 956 1329 1011 ﬁt
1366 973 1381 1010 :
1412 968 1516 1009 nec
1561 954 1707 1008 enim
1747 969 1887 1024 opus
1926 963 2064 1018 erat,
2092 962 2153 1008 ut

579 1065 696 1104 rem
728 1051 881 1119 quasi
909 1049 1317 1110 clahculariam.
1346 1062 1505 1101 suum
1530 1046 1582 1099 in
1610 1045 1887 1101 Christum
1910 1061 2150 1100 amorem

580 1138 978 1204 absconderet,
1025 1147 1121 1191 aut
1180 1136 1411 1191 salutem
1452 1143 1788 1189 mercaretur
1832 1134 2147 1199 mendaciis,

2252 500 2354 563 τὴν
2382 499 2579 553 πεῦσιν
2606 501 2910 555 ἀναπαύων
2940 504 3008 574 τῇ
3036 504 3305 559 ἀντιδόσει
3346 508 3447 579 τῆς
3474 511 3851 581 ἀποκρίσεως.

2263 590 2359 643 Ἐκ
2396 591 2455 645 δὲ
2499 591 2706 645 τούτων
2745 594 2990 662 τριταῖος
3030 595 3460 669 ἐναυλισάμενος
3510 605 3578 673 τῇ
3627 608 3854 675 φρουρᾷ

2251 681 2613 754 διημέρευσεν
2638 683 2847 746 ἄσιτος,
2876 684 2979 738 οὐκ
3004 685 3261 760 ἀνορεξίᾳ
3279 690 3490 761 τροφῆς
3515 693 3739 761 χαλινοῦ
3746 712 3852 764 με·

2252 790 2362 839 νος,
2388 774 2451 826 οὐ
2481 774 2675 829 σπάνει
2698 776 2810 831 τῶν
2835 778 3147 848 τρεφόντων
3175 784 3543 853 σφιγγόμενος
3573 801 3589 818 ·
3617 786 3759 840 ἀλλά
3783 788 3853 839 τὸ

2260 863 2335 934 μὴ
2357 864 2485 933 φίλα
2514 867 2655 919 νοεῖν
2680 868 2809 930 τοὺς
2836 869 3212 939 προσάγοντας
3238 872 3339 943 τὴν
3376 875 3579 946 ἐδωδὴν
3604 877 3851 947 ἀπετρέ-

2257 972 2406 1023 φετο,
2434 956 2799 1029 δυσχεραίνων
2823 958 2920 1013 τοῦ
2946 961 3138 1029 γένους
3158 963 3221 1016 τὺ
3249 963 3455 1033 ὕφαλον
3475 1005 3491 1029 ,
3518 968 3613 1021 τὸν
3634 969 3852 1022 ἄνωθεν

2255 1046 2420 1117 ἄρτον
2440 1049 2500 1101 οὐ
2543 1049 2760 1120 κόρακι,
2783 1051 2925 1105 κατά
2945 1052 3035 1105 τὸν
3066 1056 3377 1127 προφήτην,
3404 1057 3695 1129 δεχόμενος
3717 1100 3735 1124 ,
3766 1060 3849 1131 τῷ

2257 1137 2531 1210 πνεύματι
2553 1141 2612 1195 δὲ
2633 1143 2835 1211 νοερῶς
2862 1144 3099 1215 χορηγοῦ
3108 1162 3291 1215 μενος.

588 1231 678 1299 qui
708 1245 767 1285 se
798 1238 969 1284 totum
996 1229 1070 1291 ei,
1101 1228 1192 1297 qui
1224 1242 1387 1297 super
1418 1226 1600 1280 omnia
1647 1226 1848 1281 veritas
1884 1236 1996 1292 est,
2045 1227 2395 1286 subdidisset.
2443 1233 2994 1305 Comprehenderunt
3041 1238 3227 1308 itaque
3272 1239 3488 1295 fortiter
3538 1254 3843 1314 martyrem

587 1322 829 1386 Barbari,
862 1330 921 1375 ut
946 1335 1145 1375 canum
1172 1319 1462 1374 multitudo
1491 1318 1547 1372 iu
1571 1318 1785 1388 pietatis
1808 1318 2021 1374 leonem
2051 1336 2159 1374 una
2189 1322 2349 1377 simul
2404 1325 2697 1382 irruentes.
2731 1326 2940 1384 Interea
2980 1333 3377 1400 superveniens
3404 1334 3657 1390 sellarius
3697 1336 3842 1406 (50),

573 1415 700 1486 quis
748 1415 839 1479 sit,
880 1424 941 1471 et
981 1428 1091 1483 quo
1135 1425 1355 1482 genere,
1405 1410 1651 1479 inquirit,
1701 1410 2153 1481 interrogationes
2185 1428 2317 1468 suas
2339 1414 2433 1471 illo
2456 1418 2821 1486 respondente
2844 1422 3207 1490 suspendens.
3238 1422 3368 1478 Post
3401 1424 3517 1478 haec
3556 1426 3755 1480 beatus
3784 1432 3842 1481 in

572 1502 816 1558 custodia
838 1502 1093 1557 detentus
1114 1500 1353 1571 integros
1382 1507 1491 1555 tres
1514 1499 1630 1554 dies
1650 1498 1872 1569 jejunus
1911 1502 2194 1572 transegit,
2231 1519 2341 1559 non
2373 1506 2479 1561 cibi
2514 1506 2729 1563 fastidio
2768 1509 3033 1577 frenatus,
3061 1527 3174 1567 non
3204 1513 3590 1571 alimentorum
3643 1516 3838 1588 inopia

572 1596 931 1658 constrictus;
967 1593 1063 1647 sed
1102 1592 1246 1662 quod
1295 1606 1390 1646 eos
1420 1590 1554 1661 (51),
1595 1590 1690 1660 qui
1729 1591 1915 1646 cibum
1960 1590 2309 1661 'aﬂ‘erebant,
2336 1607 2397 1652 ut
2432 1597 2595 1654 nimis
2631 1599 2811 1655 aliena
2835 1602 3169 1671 sentientes,
3206 1616 3571 1671 aversaretur,
3607 1608 3841 1666 fraudu-

571 1694 779 1748 lentum
800 1689 976 1760 gentis
998 1688 1273 1760 ingenium
1300 1688 1508 1742 habens
1535 1686 1768 1741 invisum
1795 1705 1811 1741 :
1838 1702 1943 1743 nec
1975 1696 2154 1743 tamen
2185 1692 2342 1761 panis
2364 1707 2396 1748 e
2420 1694 2558 1750 calo
2576 1693 2625 1751 ei
2652 1704 2771 1751 erat
2798 1710 2829 1751 a
2872 1712 3059 1763 corvo,
3102 1709 3163 1754 ut
3204 1702 3486 1773 propheta:
3519 1704 3633 1775 (52)
3682 1707 3841 1761 dela-

574 1784 662 1839 tus
683 1824 699 1849 ,
723 1782 817 1837 sed
846 1781 1039 1851 spiritu
1084 1789 1294 1836 tantum
1330 1779 1773 1835 intellectualiter
1807 1781 2204 1851 suppeditatus.
2594 1831 2603 1839 .

642 1873 780 1929 Cum
810 1881 991 1927 autem
1019 1887 1211 1926 rursus
1240 1871 1293 1925 in
1323 1871 1515 1926 urbem
1560 1885 1619 1926 se
1646 1872 1970 1927 contulisset
2002 1871 2144 1927 Mar-

2331 1877 2484 1932 Ἐπεὶ
2522 1878 2579 1933 δὲ
2621 1878 2714 1933 τδν
2749 1880 3123 1953 Μαρζαδανᾶν
3170 1883 3328 1948 αὖθις
3364 1884 3399 1955 ἡ
3428 1885 3583 1950 πόλις
3621 1888 3839 1960 ἐδέχετο

573 1966 805 2021 zabanas
835 1964 946 2036 (55)
975 1963 1069 2035 (ibi
1100 1963 1245 2018 enim
1269 1978 1380 2017 non
1416 1971 1553 2027 erat,
1582 1977 1707 2018 cum
1741 1977 1805 2018 ea
1834 1962 1972 2018 facta
1995 1965 2144 2034 sunt)

2249 1964 2493 2038 (καὶγὰρ
2518 1968 2709 2039 ἔτυχεν
2732 1970 2834 2024 οὐκ
2859 1970 3090 2043 ἔνδημος
3116 1971 3235 2043 ὢν),
3256 1973 3563 2043 διαγγέλλει
3583 1980 3717 2050 παρ’
3745 1981 3839 2032 αὐ·
3923 2029 3931 2035 .

572 2058 755 2114 statim
801 2057 851 2112 ei
906 2057 1091 2112 omnia
1146 2057 1427 2113 renuntiat
1476 2056 1747 2122 sellarius,
1790 2056 1848 2111 in
1896 2058 2149 2127 praetorio

574 2150 686 2224 (54)
721 2151 922 2206 sistens
964 2150 1203 2205 beatum.
1249 2148 1356 2205 Sed
1393 2164 1516 2205 cum
1559 2149 1650 2204 ille
1692 2165 1870 2220 nuper
1895 2149 2148 2206 advenis-

570 2253 673 2310 set,
704 2258 827 2299 cum
858 2252 1094 2313 martyre
1121 2257 1281 2314 agere
1307 2257 1417 2296 non
1458 2241 1671 2312 potuit:
1708 2242 1845 2297 solet
1878 2243 2024 2297 enim
2054 2260 2149 2298 un-

570 2335 733 2405 dique
778 2335 1014 2405 populus
1054 2335 1122 2389 ad
1153 2350 1268 2398 eos,
1303 2334 1395 2404 qui
1426 2348 1495 2389 ex
1533 2332 1729 2389 itinere
1776 2344 2144 2401 revertuntur,

570 2442 919 2483 concurrere.
948 2427 1157 2482 Interea
1180 2426 1350 2482 astitit
1372 2434 1560 2481 sancto
1585 2426 1670 2482 vir
1698 2427 1918 2497 quidam
1943 2427 2146 2483 virtute

571 2520 818 2592 insignis,
861 2528 918 2575 et
962 2519 1105 2574 inter
1141 2528 1431 2574 extraneos
1476 2519 1629 2589 quasi
1680 2528 1888 2585 notus;
1936 2519 2142 2590 jamdiu

570 2611 718 2665 enim
758 2626 883 2666 eum
922 2611 1150 2676 viderat,
1198 2625 1321 2664 cum
1372 2610 1426 2665 in
1475 2609 1567 2665 Dei
1619 2609 1908 2666 Genitricis
1943 2610 2146 2681 templo

571 2701 955 2756 diversaretur.
990 2700 1220 2756 Causam
1258 2701 1348 2754 hic
1373 2700 1619 2763 edoctus,
1646 2715 1753 2771 qua
1797 2710 2020 2756 sanctus
2047 2702 2144 2756 de-

571 2793 862 2853 tinebatur.
893 2793 1110 2847 beatum
1137 2807 1260 2846 eum
1284 2807 1404 2846 esse
1432 2791 1567 2846 dixit
1594 2792 1728 2862 (55),
1757 2792 1900 2862 quod
1936 2802 2143 2846 tantum

570 2901 709 2956 opus
743 2893 886 2939 esset
936 2898 1240 2954 aggressus.
1271 2882 1574 2952 adiecitque
1602 2882 1870 2949 stimulos,
1898 2891 1957 2937 ut
1993 2882 2143 2937 ince-

572 2987 725 3047 ptum
755 2977 1082 3039 absolveret,
1121 2974 1573 3044 quemadmodum
1604 2981 1939 3043 spectatores
1969 2974 2146 3028 solent

572 3070 806 3125 athletas
856 3069 1084 3124 hortari.
1137 3067 1272 3124 Cum
1331 3075 1513 3121 autem
1555 3082 1739 3122 coram
1788 3074 1844 3122 et
1890 3067 2141 3137 publice,

568 3179 679 3219 non
725 3163 847 3218 sine
894 3164 1126 3233 quodam
1179 3162 1349 3227 fastu,
1393 3160 1739 3216 Marzabanas
1783 3160 2138 3225 consedisset,

2245 2056 2339 2108 τὸν
2363 2057 2393 2109 ό
2431 2056 2733 2130 σελλάριος,
2760 2059 2838 2131 τῷ
2865 2060 3070 2132 ἀρχείφ
3093 2065 3589 2135 παραστησάμενος
3615 2065 3709 2119 τὸν
3736 2086 3841 2137 μαι

2247 2150 2439 2221 κάριον
2468 2165 2484 2181 ·
2511 2152 2541 2205 ό
2582 2151 2638 2204 δὲ
2668 2152 2963 2223 ἐπιδημίας
2999 2155 3094 2208 τὸν
3119 2155 3239 2209 νέον
3281 2155 3474 2228 καιρὸν
3500 2158 3563 2211 οὐ
3587 2161 3835 2231 παρέσχε

2244 2242 2345 2311 τῆς
2384 2242 2522 2315 πρὸς
2544 2244 2636 2296 τὸν
2666 2243 2920 2316 μάρτυρα
2942 2244 3227 2310 διαλέξεως
3257 2263 3271 2276 ·
3298 2247 3448 2317 φιλεῖ
3485 2248 3598 2318 γάρ
3623 2249 3836 2320 πλῆθος

2246 2331 2420 2403 δήμου
2475 2333 2598 2395 ,τοῖς
2669 2333 2730 2400 ἐξ
2805 2334 3115 2407 ὁδοιπορίας
3185 2338 3600 2407 προσγίνεσθαι.
3680 2341 3833 2410 Παρ-

2250 2422 2459 2476 ίσταταί
2482 2440 2567 2486 τις
2591 2422 2740 2494 αὐτῷ
2775 2424 2876 2494 τὴν
2908 2424 3111 2496 ἀρετὴν
3144 2428 3432 2491 σπουδαῖος
3466 2427 3608 2500 ἀνὴρ
3633 2430 3729 2483 καὶ
3756 2430 3834 2493 ὡς

2245 2516 2304 2567 ὲν
2332 2514 2502 2580 ξένοις
2527 2516 2770 2584 γνωστός
2796 2532 2814 2549 ο
2851 2516 2952 2588 ἤδη
2997 2518 3107 2589 γάρ
3129 2519 3484 2589 αὑλιζόμενον
3530 2522 3589 2574 ὲν
3616 2521 3694 2593 τῷ
3734 2522 3836 2592 τῆς

2244 2605 2589 2678 Θεομήτορος
2618 2606 2855 2677 ἑωράκει
2884 2607 2989 2675 νεῷ
3009 2623 3025 2639 ο
3077 2610 3172 2664 καὶ
3200 2611 3544 2681 καταμαθὼν
3578 2612 3680 2683 τῆς
3705 2615 3834 2666 ἐπι-

2247 2696 2473 2760 στασίας
2504 2696 2566 2749 τὸ
2605 2695 2801 2761 αἴτιον,
2835 2698 2939 2768 τῆς
2967 2698 3243 2769 ὲνάρξεως
3268 2700 3432 2753 αὐτὸν
3458 2700 3835 2771 εὐδαιμόνιζε,

2244 2791 2338 2839 καὶ
2367 2787 2504 2857 πρὸς
2534 2787 2596 2840 τὸ
2625 2787 2799 2861 πέρας
2835 2789 3133 2859 ὐπέθηγεν,
3166 2789 3241 2852 ὡς
3285 2789 3407 2854 ἔθος
3450 2792 3580 2855 τοὺς
3628 2791 3836 2857 θεατάς

2244 2882 2358 2943 τοῖς
2383 2879 2645 2951 ἀθληταῖς
2664 2879 3072 2950 ἐγκελεύεσθαι.
3090 2882 3246 2936 Ἐπεὶ
3268 2882 3327 2935 δὲ
3350 2882 3710 2955 προύκάθητο
3730 2886 3834 2955 μὲν

2243 2973 2273 3024 ὁ
2304 2970 2697 3041 Μαρζασανᾶς,
2731 2970 3056 3042 προσλαϐών
3098 2989 3152 3024 τι
3192 2973 3288 3025 κα)⁹
3314 2971 3409 3025 τοῦ
3441 2973 3831 3044 φρυάγματος.

2243 3063 2341 3134 ὀψὲ
2376 3063 2432 3117 δὲ
2463 3062 2541 3134 τῷ
2573 3065 2810 3135 μάρτυρι
2841 3065 3063 3134 γέγονεν
3091 3064 3317 3129 εἴσοδος.
3349 3064 3462 3135 Τὴν
3487 3065 3721 3137 πάτριον
3741 3066 3834 3118 εὑ-

2245 3156 2342 3219 θὺς
2392 3158 2612 3227 ἠρνεῖτο
2660 3156 3064 3227 προσκύνησιν,
3098 3157 3288 3229 τρόπῳ
3329 3158 3684 3229 δημιουργῶν
3726 3158 3831 3229 τὴν

569 3252 787 3308 tandem
835 3232 1037 3323 martyr
1079 3251 1422 3305 introductus
1449 3257 1572 3305 est:
1611 3249 1703 3320 qui
1753 3250 1956 3333 statim,
1988 3249 2143 3319 juxta

2250 3247 2575 3318 μετάθεσιν,
2626 3248 2725 3311 κα).
2769 3250 3010 3320 σχήματι
3058 3249 3342 3319 σημαίνων
3390 3252 3492 3322 τῆς
3533 3250 3717 3322 ψυχῆς
3764 3251 3834 3305 τὺ

568 3346 797 3419 patriam
828 3345 1304 3411 consuetudinem,
1354 3359 1479 3399 eum
1507 3342 1733 3399 adorare
1758 3342 1976 3414 negavit
2006 3342 2142 3411 (56),

568 3437 688 3507 ipso
726 3444 870 3490 statu
915 3435 1162 3507 corporis
1190 3435 1257 3489 ad
1282 3434 1417 3489 alios
1458 3448 1639 3490 mores
1671 3448 1730 3489 se
1770 3431 2145 3502 composuisse

566 3529 989 3595 demonstrans,
1022 3528 1368 3597 animamque
1412 3527 1618 3582 servire
1666 3527 1907 3581 nesciam
1955 3525 2144 3580 habitu

566 3619 891 3686 declarans;
925 3627 983 3673 ut
1023 3619 1276 3689 pessimae
1313 3618 1669 3689 subiectionis
1692 3618 1995 3687 exemplum
2027 3617 2144 3687 ipso

567 3711 751 3766 statim
798 3712 955 3765 initio
988 3711 1342 3766 rescinderet.
1394 3708 1656 3765 Draconis
1685 3710 1832 3763 enim
1863 3718 2028 3778 caput
2072 3708 2143 3763 ti-

568 3801 770 3866 mebat,
818 3801 1058 3855 calcanei
1088 3801 1207 3870 ejus
1246 3799 1609 3870 suspicionem
1645 3814 1922 3873 nunquam
1962 3798 2145 3853 dimit-

568 3899 712 3946 tens.
764 3891 821 3945 Si
857 3890 1001 3946 enim
1033 3891 1208 3963 ligatis
1234 3890 1488 3946 manibus
1518 3898 1683 3962 caput
1719 3891 1778 3945 in
1808 3884 2005 3944 terram
2051 3890 2139 3944 iu-

568 3980 843 4045 clinasset,
877 3981 1100 4037 dixisset
1131 3981 1317 4052 utique
1344 3982 1722 4037 adversarius:
1769 3980 2025 4037 Nostrum
2056 3990 2141 4036 est

569 4073 784 4128 initium
817 4091 830 4127 :
858 4074 1029 4144 patria
1057 4072 1304 4128 instituta
1333 4089 1398 4127 ex
1438 4073 1536 4128 viri
1568 4072 1831 4129 memoria
1856 4087 1967 4127 non
1994 4072 2144 4127 exci-

567 4166 786 4232 derunt,
827 4166 944 4220 solo
986 4165 1186 4235 judicis
1220 4174 1443 4236 aspectu
1494 4165 1715 4219 territus
1759 4171 1879 4218 est:
1920 4163 2140 4233 paulum

566 4259 766 4324 adhuc,
800 4260 986 4328 judex,
1016 4265 1288 4329 exspecta,
1316 4257 1684 4327 alqueiterum
1703 4256 1791 4311 ille
1817 4255 1885 4310 ad
1910 4255 2144 4310 servitu-

571 4359 680 4407 tem
711 4352 927 4407 redibit.
958 4350 1065 4406 Sed
1100 4351 1241 4414 hanc
1268 4350 1388 4421 ejus
1430 4364 1581 4420 spem
1633 4349 1826 4404 beatus
1872 4347 2145 4421 sapienter

2241 3338 2562 3401 ἀδούλωτον,
2587 3339 2856 3410 κακίστης
2887 3340 3167 3412 ὑποταγῆς
3214 3340 3543 3396 ἀνακύπτων
3592 3342 3693 3415 τὴν
3741 3338 3832 3396 ἔν-

2242 3432 2400 3503 αρξιν
2418 3447 2433 3463 ⁸
2463 3431 2559 3487 τοῦ
2587 3433 2888 3506 δράκοντος
2917 3433 3027 3505 γὰρ
3053 3434 3152 3507 τὴν
3180 3436 3428 3508 κεφαλὴν
3468 3437 3826 3506 ιφυλάττετο,

2241 3525 2341 3595 τῆς
2390 3525 2629 3599 πτέρνης
2668 3525 2835 3580 αὑτοῦ
2868 3527 2944 3599 μὴ
2974 3527 3407 3600 καταλιμπάνων
3437 3530 3701 3584 ὑπόνοιαν
3721 3547 3735 3561 ο
3771 3532 3824 3583 εί

2244 3619 2353 3689 γάρ
2383 3617 2460 3671 τὼ
2497 3621 2646 3692 χεῖρε
2697 3619 2867 3690 δήσας
2916 3619 3016 3692 τὴν
3062 3621 3307 3693 κεφαλὴν
3341 3624 3409 3694 τῇ
3439 3625 3510 3693 γῇ
3542 3639 3826 3692 προσκατ-

2245 3709 2458 3763 ἐκλινεν
2480 3749 2496 3774 ,
2533 3706 2678 3781 εῖχεν
2717 3712 2784 3766 ἂν
2818 3712 2848 3765 ό
2876 3712 3171 3777 ἀντίπαλος
3214 3713 3570 3784 φθέγγεσθαι.
3589 3715 3827 3785 Ἡμέτε-

2249 3817 2341 3871 ρον
2385 3800 2448 3855 τὸ
2493 3800 2783 3872 προοίμιον
2802 3819 2816 3833 ·
2844 3804 2946 3857 οὐκ
2971 3803 3290 3876 ὲξήμδλωσε
3330 3806 3432 3876 τὴν
3463 3807 3686 3878 μνήμην
3714 3806 3828 3859 τῶν

2246 3892 2493 3963 πατρίων
2540 3895 2570 3946 ό
2614 3892 2933 3963 ἄνθρωπος’
2978 3898 3046 3967 τῇ
3098 3895 3199 3969 θέα
3248 3896 3387 3970 μόνῃ
3427 3896 3523 3951 τοῦ
3562 3896 3825 3952 δικαστοῦ

2244 3982 2729 4054 καταπέπληκται’
2757 3983 2840 4037 ἔτι
2876 3986 3073 4056 μικρὸν
3099 3986 3349 4052 δικαστά,
3380 3987 3473 4040 καὶ
3502 3988 3828 4057 μεταχωρή-

2246 4087 2328 4124 σει
2373 4071 2535 4126 πάλιν
2590 4072 2957 4143 αἰχμάλωτος.
2998 4074 3217 4147 Ταύτην
3266 4074 3429 4129 αὐτοῦ
3475 4075 3576 4146 τὴν
3624 4075 3827 4128 ἐλπίδα

2245 4160 2426 4230 σοφῶς
2472 4161 2896 4232 ἔξωστράκισεν.
2926 4163 3154 4228 Τούτοις
3197 4167 3226 4219 ό
3270 4164 3642 4235 Μαρζασανᾶς
3663 4164 3823 4230 τοξο-

2244 4252 2396 4305 ποιὸν
2439 4253 2539 4317 τάς
2575 4253 2770 4325 ὀφρῦς,
2801 4256 2897 4310 καὶ⁵
2942 4256 3043 4329 τὴν
3087 4257 3318 4329 ἀπειλὴν
3352 4258 3692 4327 ἐξαγγέλλων
3740 4260 3825 4329 τῷ

2241 4346 2552 4418 βλέμματι,
2585 4349 2891 4421 ἐγχρονίζει
2919 4352 2985 4423 τῇ
3015 4354 3193 4424 σιωπῇ
3215 4394 3231 4420 ,
3264 4354 3331 4424 τῇ
3359 4346 3537 4407 ἐλπίδι
3560 4353 3655 4407 τοῦ
3687 4354 3823 4423 φθέ·

2082 4522 2313 4582 NOTAE.

640 4679 750 4749 (50)
791 4679 1051 4735 Sellarius
1100 4678 1229 4750 quid
1278 4676 1468 4750 fuerit,
1504 4675 1680 4750 Pisida
1719 4675 1933 4750 _melius
1978 4691 2139 4750 quam
2175 4683 2217 4737 Ι)
2245 4675 2502 4750 degebat;
2548 4676 2642 4750 sed
2684 4677 2753 4733 de
2793 4678 3080 4750 Anastasio
3123 4678 3365 4734 nondum
3403 4679 3603 4749 aliquid
3655 4682 3817 4738 intel-

567 4745 699 4803 Aria
724 4745 931 4805 deﬁnit.
957 4750 1088 4804 Nam
1118 4745 1226 4802 τῶν
1246 4748 1344 4818 τὴν
1370 4748 1523 4818 τάξιν
1542 4745 1806 4818 ἱπποτῶν,
1826 4745 2143 4818 equestrium

568 4828 890 4884 turmarum,
914 4820 1200 4889 quemdam
1245 4816 1583 4888 praefectum,
1616 4816 1700 4889 vel
1748 4816 1940 4889 ducem
1975 4816 2144 4871 fuisse

566 4885 945 4941 demonstran
976 4890 1081 4943 Sed
1128 4885 1411 4942 non'unus
1448 4898 1562 4940 erat
1605 4885 1871 4952 sellarius,
1909 4895 1968 4939 ut
2012 4889 2143 4941 Acta

567 4958 823 5012 videntur
865 4956 1123 5024 indit-are,
1178 4974 1281 5012 nec
1320 4958 1506 5011 derbas
1532 4955 1636 5009 dici
1666 4963 1878 5025 poterat
1902 4955 2146 5025 πραιτώ-

569 5044 684 5099 ριον
704 5027 797 5080 τοῦ
821 5026 1124 5099 σελλαρίου,
1156 5028 1461 5099 prwtoriunt
1491 5024 1710 5099 sellarii,
1743 5024 1847 5099 nisi
1880 5033 2147 5099 quatenus

570 5093 678 5151 illic
710 5097 967 5151 excubias
989 5093 1202 5166 agebat
1254 5097 1498 5151 sellarius
1551 5096 1658 5159 ille,
1686 5093 1786 5166 qui
1802 5093 1865 5166 Β,
1903 5093 2136 5166 Anasta-

566 5172 707 5221 sium
762 5164 1149 5237 comprehendi
1193 5168 1371 5234 jussit.
1429 5166 1696 5237 caeterum
1755 5164 1983 5237 derbas,_
2024 5165 2138 5218 sive

566 5234 904 5307 praetorium'
937 5245 1056 5290 erat
1118 5236 1399 5307 palatium,
1467 5236 1521 5307 in
1603 5249 1712 5307 quo
1792 5234 2139 5307 Maraabanas

565 5303 825 5362 Chusroa:
880 5303 1365 5375 nomine—Syriam
1414 5305 1767 5375 gubernabat.
1826 5304 1960 5359 Vide
2006 5303 2135 5358 iulr.

565 5392 623 5429 ιι.
651 5377 739 5432 55.

637 5446 750 5516 (5t)
770 5444 843 5500 rln
875 5443 1065 5516 graeco
1094 5442 1381 5516 Ιεεοάλλά
1424 5444 1501 5516 τῷ
1531 5443 1629 5515 μή,
1657 5458 1755 5514 pro
1781 5441 1919 5497 ἀλλά
1944 5442 2007 5496 τὸ
2038 5442 2133 5514 μή.

638 5514 752 5583 (52)
778 5516 842 5569 lll
874 5514 1009 5581 Reg.
1040 5514 1175 5578 xv",
1205 5515 1258 5569 6.

638 5585 747 5654 (55)
775 5585 1146 5647 Marzabanas,
1193 5598 1474 5655 perperam
1514 5584 1639 5638 alibi
1671 5582 2006 5655 Barzabanas
2042 5598 2137 5655 vo-

564 5652 739 5718 catus,
774 5663 893 5709 erat
935 5669 1153 5723 praises,
1197 5652 1591 5724 qtii'Subactam
1621 5670 1651 5707 a
1703 5653 1941 5724 Chosroa
1974 5652 2133 5704 Palae-

557 5725 769 5795 gtiuam
814 5725 1056 5793 regebat,
1112 5735 1167 5778 et
1218 5722 1607 5778 Vliomanorum
1673 5739 1823 5777 more
1876 5722 2145 5783 Cursarem

2246 4746 2481 4820 lenierat,
2495 4746 2621 4816 quia
2654 4756 2783 4802 tunc
2803 4749 2998 4820 aberat
3035 4749 3104 4802 ab
3151 4752 3304 4814 urbe,
3332 4751 3435 4820 οὐκ
3467 4746 3693 4820 ἔνδημος
3717 4754 3819 4809 ῶν.

2315 4816 2426 4887 (54)
2456 4815 2628 4888 Patet,
2674 4818 2818 4887 quod
2850 4832 3014 4887 supra
3043 4834 3101 4888 ιι.
3132 4820 3201 4874 48
3230 4828 3287 4873 et
3313 4819 3402 4882 δυ,
3438 4815 3818 4888 monébamus,

2243 4885 2439 4959 derbas
2480 4885 2646 4959 fuisse
2692 4885 3029 4959 praetorium,
3063 4887 3117 4942 in
3164 4903 3274 4958 quo
3309 4890 3462 4944 urbis
3509 4899 3563 4943 et
3592 4885 3817 4959 provin;

2242 4958 2589 5031 cim‘przeses
2612 4956 2861 5031 degebat,
2892 4958 2965 5031 ab
2990 4956 3232 5028 equitum
3275 4961 3488 5023 turmis,
3521 4956 3819 5031 earumque

2242 5026 2472 5081 ducibus
2497 5026 2725 5081 sellariis
2756 5026 3083 5083 custoditus.

2337 5096 2427 5168 55)
2460 5095 2561 5168 [δι-ο
2584 5096 2921 5166 εὐδαιμόνιζε
2948 5097 3064 5168 lege
3096 5097 3457 5165 εὐδαιμόνισε.

2337 5167 2426 5235 56)
2462 5166 2745 5238 Persarum
2778 5181 2932 5237 reges
2959 5166 3023 5238 in'
3055 5182 3401 5238 congressqu
3458 5168 3816 5237 colloquium-

2243 5250 2349 5307 que
2392 5236 2577 5307 venire
2625 5250 2811 5290 secum
2846 5236 3119 5291 neminem
3153 5236 3517 5307 patiebantur,
3563 5236 3667 5292 nisi
3724 5239 3815 5307 qui

2244 5321 2303 5377 se
2332 5306 2879 5377 hu_mi_prostcrnere,
2911 5321 3113 5377 eosque
3129 5306 3372 5360 venerari
3403 5316 3547 5377 esset
3576 5306 3814 5377 paratus.

2244 5373 2455 5446 Videsis
2494 5373 2862 5446 Brissonium.
2905 5375 2994 5446 De,
3022 5373 3154 5445 per)“.
3201 5376 3430 5446 princip.
3471 5373 3643 5435 lib.-l.
3694 5393 3812 5446 pag.

2245 5445 2339 5515 170.7
2367 5444 2424 5515 ld
2450 5455 2631 5515 autem
2676 5444 2900 5498 honoris
2922 5444 3088 5515 etiam
3116 5444 3388 5515 praesides
3420 5444 3473 5499 in
3523 5444 3818 5515 provinciis

2244 5514 2345 5567 sibi
2378 5513 2743 5566 vindicabant.
2777 5515 2885 5569 Sed
2904 5513 3242 5577 Anastasius,
3271 5515 3360 5583 qui
3393 5513 3619 5568 noverat
3641 5517 3814 5568 solum

2248 5584 2554 5657 lleumrssc
2587 5584 2942 5657 adorandum,
2970 5584 3141 5640 noluit
3167 5586 3341 5654 patrio
3371 5599 3520 5639 more
3553 5584 3621 5638 ad
3640 5600 3817 5657 genua

2246 5651 2575 5705 Marzabame
2599 5653 2972 5721 procumbere.
