4152 6290
262 302 399 367 1701

1297 303 1471 364 VITA
1512 305 1573 365 S.
1615 303 2013 367 ANASTASII
2049 303 2454 365 MARTYRIS.

3362 316 3501 399 Ποι

250 428 491 482 γματος,
544 409 921 482 φοϐερωτέραν
974 411 1142 465 ποιῶν
1194 412 1293 483 τὴν
1346 415 1647 485 ιρωτήσινο
1704 412 1821 469 εἶτά

257 519 394 526 --__-
458 500 554 526 οτι.
586 518 642 526 -.-
679 497 727 526 ,τ
783 500 875 526 -.-ἱ
927 500 1091 526 ..ΔΔ--.
1145 496 1182 526 .7.
1222 498 1376 526 -.'._--
1433 504 1722 526 L_.1_----_\\_
1767 507 1821 526 on

1926 436 2052 491 fecit
2108 437 2331 493 irritam.
2395 437 2533 492 Tum
2601 439 2948 499 Blarzabanas
3000 457 3332 507 conn'anens
3382 455 3497 526 (57)

253 519 417 572 φησι,
438 500 554 565 λτίς
585 518 645 554 τε
676 497 749 565 εί,
783 500 879 554 καὶ
924 500 1112 568 πόθεν,
1141 496 1187 556 ὦ
1219 498 1397 569 οὗτος,
1429 504 1826 573 ἀνάγγελλε.⁶0

250 595 351 654 δὲ.
381 593 703 663 Χριστιανὸς
745 592 997 664 ἀληθινός
1021 596 1156 665 είμι.
1184 594 1403 665 Πλήρης
1432 596 1582 654 θείας
1607 597 1827 667 χάριτος

252 685 301 752 ἡ
327 684 617 754 ἀπόκρισις
637 701 651 714 ο
694 686 761 754 τῇ
792 681 983 755 πρώτῃ
1011 685 1151 749 λέξει
1184 685 1394 751 τοξεύει
1420 687 1510 740 τὸν
1533 689 1824 758 δράκοντα,

250 774 327 844 τῇ
355 776 521 845 νευρᾷ
555 776 654 845 τῆς
680 776 859 845 ψυχῆς
890 777 1120 839 εὐτόνως
1149 778 1456 848 ἱστάμενος.
1500 781 1825 850 Χριστιανὸς

250 865 511 935 ἀληθινός
547 867 662 935 εἰμι
684 880 697 894 ·
739 867 933 919 ταύτὸν
956 867 1200 938 ὑπῆρχεν
1224 871 1418 935 εἰπεῖν,
1444 870 1701 944 Βασιλική
1735 890 1825 943 μοι

252 955 499 1026 σφραγὶς
529 955 907 1028 ἐπιϐέϐληται,
942 958 1037 1011 καὶ
1082 958 1175 1012 τὸν
1220 958 1493 1032 θησαυρὸν
1520 961 1621 1032 τῆς
1648 978 1825 1034 σωτη-

252 1046 383 1118 ρίας
413 1047 474 1100 οὒ
509 1046 845 1118 κλέπτομαν
892 1050 940 1102 εί
984 1049 1042 1103 δέ
1092 1067 1175 1103 σοι
1212 1050 1384 1118 φίλον,
1413 1053 1504 1105 καὶ
1535 1052 1658 1105 ὅθεν
1682 1053 1822 1107 διδά-

251 1138 511 1202 σκεσθαι,
544 1140 757 1210 Πέρσης
804 1139 884 1210 τῷ
930 1141 1316 1213 γένει,Ῥαζήχ
1366 1161 1456 1213 μοι
1507 1142 1693 1216 χώρα,
1730 1145 1825 1198 καὶ

248 1232 459 1301 πατρὶς
484 1231 789 1297 Ῥασνουνὶ,
820 1232 917 1303 τὴν
944 1233 1098 1299 τάξιν
1131 1235 1384 1305 ἱππότης,
1402 1236 1461 1288 τὸ
1488 1237 1823 1307 ἐπιτήδευμα

252 1324 455 1391 μάγος,
478 1322 574 1375 καὶ
599 1325 698 1393 τὴν
731 1325 900 1393 ἀχλὺν
925 1325 1023 1396 τῆς
1052 1325 1260 1397 πλάνης
1284 1326 1471 1395 φυγὼν
1496 1330 1615 1393 ταῖς
1641 1330 1822 1382 ἀκτῖσι

243 1414 357 1481 τῆς
396 1412 653 1483 ἀληθείας
697 1414 1021 1485 κατέφυγον.
1049 1416 1170 1470 Τῶν
1218 1418 1477 1489 ῥημάτων
1507 1419 1605 1486 τῆς
1641 1419 1818 1487 ἀσφα-

244 1501 406 1566 λείας
448 1502 753 1574 ύπέρευγε·
791 1504 866 1570 ώς
915 1506 1079 1574 σοφὸς
1122 1507 1457 1579 στρατιώτης
1488 1508 1585 1580 τὴν
1620 1509 1821 1563 ἀσπίδα

245 1592 532 1664 προτάξας
558 1597 658 1666 τῆς
696 1595 929 1659 πίστεως
961 1596 1069 1649 τῶν
1097 1598 1502 1669 ἀσθενεστέρων
1529 1600 1823 1669 ἀσφαλίζε-

243 1700 345 1738 ται
370 1684 430 1738 τὸ
457 1684 852 1750 εὐάλωτον.Ὢς
882 1686 1098 1757 ἀληθῶς
1127 1687 1386 1759 καλλίστη
1421 1688 1528 1742 τῶν
1562 1691 1820 1760 ῥημάτων

245 1774 286 1844 ἦ
322 1774 550 1845 πρόοδος
566 1793 581 1807 ⁶
615 1775 822 1845 ἔπρεπε
869 1777 979 1848 γὰρ
1007 1777 1083 1840 ὡς
1112 1757 1401 1850 ἑλευθέραν
1429 1757 1676 1850 ἡγεῖσθαι
1721 1780 1822 1850 τῆς
1857 1757 1897 1812 Β

244 1863 494 1930 πίστεως
526 1866 870 1935 συγγένειαν,
899 1866 976 1931 ώς
1015 1867 1071 1921 δὲ
1112 1867 1305 1939 δούλην
1336 1869 1567 1923 ῑπεσθαι
1601 1871 1700 1940 τὴν
1724 1869 1820 1923 τοῦ

246 1955 529 2028 σώματος.
559 1953 725 2020 Δῦθις
755 1956 1043 2011 ὑπολαϐὼν
1089 1958 1118 2011 6
1145 1958 1426 2030 σελλάριος
1445 1975 1459 1990 ο
1499 1948 1823 2031 Ἀναφρόνη·

240 2065 381 2113 σαν,
412 2048 665 2118 ἄνθρωπε
684 2086 701 2112 ,
734 2046 827 2100 τοῦ
869 2047 1204 2117 νοσήματος,
1240 2050 1334 2101 καὶ
1363 2048 1424 2101 τὸ
1456 2050 1696 2118 ὑγιαῖνον
1722 2049 1821 2119 τῆς

244 2138 551 2210 θρησκείας
576 2137 833 2201 ἀνάλαϐε,
865 2137 961 2191 καὶ
984 2138 1116 2208 παρ’
1134 2138 1293 2209 ἡμῶν
1317 2138 1468 2192 ἔσται
1496 2156 1578 2192 σοι
1606 2140 1820 2210 κτηνῶν

242 2228 561 2291 δεσποτεία,
606 2227 837 2281 πλούτου
872 2227 1180 2299 περιουσία,
1225 2230 1322 2282 καί⁸
1351 2229 1566 2299 δωρεῶν
1596 2230 1821 2283 κατάλο-

242 2339 345 2390 γος
391 2321 596 2391 ἔτερος.
633 2319 1025 2391 Καταπληξίας
1068 2319 1130 2373 ού
1184 2321 1387 2390 μικρᾶς
1418 2320 1478 2373 τὸ
1507 2319 1817 2391 λεγόμενον.

242 2413 414 2465 Δοκεῖ
455 2429 510 2465 τι
556 2410 766 2464 τοιοῦτο
808 2410 1350 2482 βοᾷνσἹατρεύσομέν
1390 2427 1485 2463 σου
1533 2411 1631 2481 τὴν
1669 2412 1820 2464 νόσον

242 2505 434 2574 ἡμεῖς,
465 2502 600 2557 ἀλλά
642 2501 950 2573 παρέξομεν
992 2518 1074 2555 σοι
1122 2501 1313 2572 μισθὸν
1348 2504 1449 2573 τῆς
1497 2502 1741 2570 ὑγιείας.
1775 2496 1819 2556 ὦ

241 2586 529 2666 ἅνθρωπε.
562 2595 704 2665 Πρδς
752 2594 926 2648 ταῦτα
973 2594 1002 2649 6
1054 2593 1359 2665 μακάριος’
1397 2595 1487 2666 Μὴ
1528 2594 1638 2665 δῴη
1671 2612 1761 2665 μοι
1792 2596 1819 2647 6

242 2686 385 2748 Θεὸς
412 2686 514 2757 τῆς
546 2686 877 2756 ἀγαπήσεως
904 2686 1159 2738 ἐκπεσεῖν
1186 2683 1279 2737 τοῦ
1310 2683 1545 2755 Χριστοῦ
1587 2702 1709 2754 μου.
1733 2687 1820 2737 Δι-

241 2777 466 2847 ελέγχει
514 2794 608 2830 σου
658 2776 755 2839 τὰς
802 2776 1030 2847 δωρεάς,
1078 2774 1326 2840 δικαστά,
1378 2774 1677 2845 στηλιτεύει
1719 2776 1819 2846 τὴν

241 2869 464 2922 ἄνοιαν·
496 2868 597 2921 οὐκ
626 2867 878 2937 ἀνέχεται
906 2866 1166 2937 κερδῆσαι
1195 2865 1430 2936 φθαρτά,
1454 2866 1585 2919 Θεὸν
1605 2866 1816 2936 ἀφθαρ-

238 2976 342 3014 τον
375 2957 741 3029 ζημιούμενος
762 2973 777 2989 ⁶
809 2958 1095 3028 ἀνορεκτεῖ
1121 2955 1337 3026 δωρεῶν
1366 2956 1674 3025 όγκούντων
1698 2956 1818 3010 ἀσέο

241 3049 427 3103 ϐειαν.
452 3046 613 3102 Μισῶ
638 3044 890 3111 πλοῦτον,
918 3045 1008 3098 τὸν
1051 3046 1162 3098 ἀνω
1205 3046 1475 3116 θησαυρὸν
1504 3045 1817 3099 ἀποκλείον-

239 3157 336 3194 τα.
370 3135 502 3192 Εἶτα
534 3136 597 3191 τὺ
625 3136 945 3206 ἀφιλότιμον
992 3135 1266 3189 διαπτύων
1295 3136 1389 3188 τοῦ
1422 3137 1719 3206 σχήματοςο
1753 3137 1818 3188 Τί

238 3227 342 3286 οὖν
369 3229 672 3301 ὶπιτερπης
717 3228 750 3298 ἠ
794 3226 903 3280 τῶν
937 3226 1144 3298 ῥακίων
1175 3243 1257 3279 σοι
1289 3227 1530 3295 πέφυκεν
1573 3227 1815 3293 ἔνδυσιςς

241 3321 362 3376 Καὶ
386 3320 496 3391 γὰρ
521 3317 730 3382 τούτοις
754 3316 1110 3389 σεμνύνομαι.
1130 3318 1186 3370 ⁸0
1218 3316 1319 3388 μὲν
1347 3317 1632 3387 γυμνῶσαι
1657 3318 1820 3373 σπεύ-

239 3411 326 3465 fut
366 3409 468 3480 τῆς
512 3407 796 3471 εὐσεϐείας
836 3406 931 3460 τοῦ
980 3406 1261 3477 θώρακοςο
1306 3409 1335 3461 6
1382 3406 1440 3460 δὲ
1481 3408 1817 3480 περιτίθεται

245 3505 475 3578 μᾶλλον,
498 3506 611 3567 τοῖς
641 3502 856 3573 ἐχθροῖς
880 3501 1073 3557 ἑαυτὸν
1096 3500 1356 3555 δεικνύων
1381 3501 1676 3556 ἀνάλωτον.
1696 3503 1820 3555 Δαι-

246 3597 443 3669 μονᾷν,
475 3596 660 3665 φησιν,
684 3596 713 3649 6
741 3593 1029 3665 ἄνθρωπος
1057 3590 1332 3646 ἕοικεν.⁹υ
1360 3591 1449 3657 δὲ,
1477 3591 1675 3665 Πρώην
1700 3594 1820 3661 ἐγε-

242 3691 434 3761 γόνειν
482 3687 700 3759 δαίμοσι
730 3685 1095 3754 καταγώγιον,
1130 3684 1225 3739 νῦν
1249 3685 1306 3739 δὲ
1334 3687 1563 3756 τέμενος
1588 3686 1820 3757 ὑπάρχω

242 3778 511 3854 Χριστοῦ,
546 3778 613 3832 δι’
637 3778 697 3832 δν
733 3778 1126 3849 δραπετεύουσι
1151 3777 1424 3848 δαίμονες.
1461 3777 1594 3832 Εἶτά
1615 3795 1780 3850 φησιν
1798 3794 1816 3812 ο

244 3875 325 3929 Οὐ
365 3872 528 3944 φοϐῇ,
570 3872 646 3943 μή
701 3888 820 3934 πως
865 3869 1399 3938 ἀνασκολοπισθῆναι
1445 3868 1633 3943 δεήσῃ.
1666 3869 1820 3939 βασι-

242 3964 389 4026 λέως
418 3962 765 4027 κελεύοντος;
812 3958 1139 4027 Ἐπαγαγὼν
1164 3961 1193 4012 6
1223 3959 1432 4030 μάρτυς
1451 3975 1465 3991 ·
1503 3960 1820 4030 Ἄνθρωπον

242 4050 390 4117 οἶδα,
427 4051 521 4105 καὶ
555 4050 798 4121 βασιλέα,
849 4051 943 4103 καὶ
974 4049 1054 4103 σέ.
1086 4047 1313 4111 Τούτοις
1341 4047 1504 4112 ζέσας
1530 4051 1558 4102 6
1590 4050 1820 4121 Μαρζα-

247 4145 424 4206 ϐανᾶς
456 4141 534 4212 τῷ
575 4141 757 4212 θυμῷ,
790 4142 934 4210 Πρὸς
959 4140 1021 4194 τὸ
1049 4139 1335 4211 φρούρειον
1380 4140 1640 4205 έλκέσθω,
1672 4143 1776 4214 ἔφη
1800 4158 1815 4174 ·

245 4235 626 4307 ἀχθοφορείτω
678 4234 885 4296 λίθους’
939 4232 1111 4303 ἐχέτω
1160 4233 1433 4303 μηδεμίαν
1478 4235 1818 4290 ἀνάπαυλαν.

259 4327 353 4389 Ὠς
379 4325 594 4395 ἀληθῶς
621 4323 793 4394 θυμοῦ
818 4323 990 4377 ταῦτα
1019 4325 1363 4395 γεννήματαο
1397 4326 1540 4395 φιλεῖ
1585 4327 1690 4398 γάρ
1736 4327 1821 4392 ἔξ-

1926 530 2233 598 supercilia,
2277 541 2331 585 et
2362 532 2535 586 minas
2563 534 2736 587 oculis
2767 536 3000 604 spirans,
3034 542 3251 609 paulum
3301 545 3495 601 immo—

1926 627 2076 673 ratur
2123 621 2362 685 silentio,
2409 622 2523 693 ipsa
2576 624 2827 693 loquendi
2874 642 2971 697 spe
3020 634 3400 690 terribiliorem
3426 638 3495 692 ad

1926 708 2381 780 interrogandum
2398 729 2456 767 se
2483 714 2887 771 demonstrans.
2910 719 3046 773 Tum
3077 722 3294 778 demum
3321 742 3336 779 :
3364 726 3498 792 Quis

1928 809 2005 865 tu,
2037 800 2231 871 inquit,
2254 812 2309 857 et
2357 804 2499 858 unde
2539 806 2641 860 es?
2668 806 2856 863 Heus!
2895 818 2949 863 tu
2992 810 3230 880 loquere.
3268 816 3335 869 Et
3366 817 3495 871 ille:

1924 891 2270 948 Christianus
2322 910 2485 950 verus
2529 911 2671 951 sum.
2730 896 2893 953 Plena
2944 900 3141 956 divina:
3179 905 3361 973 gratiae
3412 922 3500 961 re-

1924 982 2161 1051 sponsio.
2198 982 2389 1038 Primis
2430 986 2579 1041 hisce
2616 987 2797 1043 verbis
2847 990 3138 1045 draconem
3191 994 3316 1048 ferit
3343 1011 3495 1060 arcu,

1896 1072 2117 1133 animae
2148 1090 2317 1130 nervo
2339 1076 2551 1132 fortiter
2577 1078 2919 1135 incumbens.
2955 1081 3301 1140 Christianus
3332 1102 3495 1142 verus

1923 1175 2076 1215 sum:
2105 1165 2257 1232 quasi
2287 1165 2469 1220 dicat:
2513 1164 2625 1236 Ego
2654 1170 2802 1239 regio
2847 1171 3021 1241 sigillo
3068 1173 3308 1243 signatus
3353 1190 3494 1240 sum,

1922 1260 1977 1306 et
2015 1253 2205 1308 salutis
2236 1255 2547 1311 thesaurum
2579 1273 2687 1312 non
2738 1260 2905 1315 furor.
2943 1261 2998 1315 Si
3034 1272 3214 1319 autem
3252 1266 3344 1319 tibi
3379 1268 3494 1335 pla-

1923 1352 2029 1406 cet,
2063 1352 2119 1398 et
2148 1345 2293 1400 unde
2329 1347 2453 1410 sim,
2489 1348 2665 1414 scire,
2712 1347 2907 1406 Perses
2948 1368 3066 1407 sum
3101 1370 3320 1425 genere,
3351 1374 3383 1411 e
3411 1372 3501 1417 re-_

1924 1433 2080 1503 gione
2136 1435 2388 1492 Razech:
2441 1438 2613 1508 patria
2658 1439 2792 1496 mihi
2836 1441 3083 1498 Rasnuni
3129 1446 3264 1516 (58).
3316 1449 3501 1518 Eques

1921 1524 2213 1593 quondam,
2281 1535 2337 1581 et
2385 1543 2573 1597 magus
2618 1528 2715 1597 fui,
2750 1533 2847 1587 sed
2893 1535 3138 1590 veritatis
3180 1538 3342 1594 radiis
3373 1540 3497 1594 illu-

1922 1624 2123 1670 stratus
2145 1616 2345 1673 erroris
2373 1620 2624 1675 tenebras
2650 1632 2931 1679 aversatus
2955 1626 3087 1697 fugi.
3113 1628 3339 1683 Plenum
3364 1646 3497 1686 con-

1923 1704 2152 1762 fidentia:
2190 1723 2494 1765 sermonem
2526 1711 2772 1768 effundit.
2817 1714 2886 1770 Ut
2915 1717 3073 1772 miles
3102 1720 3309 1787 peritus
3339 1732 3498 1777 scuto

1924 1795 2045 1850 fidei
2102 1808 2392 1866 protento,
2456 1816 2577 1870 qua:
2630 1813 2759 1858 sunt
2817 1805 2888 1860 ob
2946 1806 3373 1866 imbecillitatem
3427 1814 3495 1868 ad

1921 1887 2242 1956 capiendum
2284 1889 2546 1957 faciliora,
2580 1902 2803 1949 tutatur.
2832 1894 2877 1951 0
2906 1913 3033 1953 vere
3066 1901 3494 1969 pulcherrimum

1919 1979 2186 2035 sermonis
2236 1982 2554 2038 exordium!
2604 1984 2841 2056 Equum
2894 1988 3039 2044 enim
3088 2001 3207 2045 erat
3269 2002 3328 2048 ut
3373 2002 3495 2048 tan-

1918 2083 2079 2137 quam
2124 2084 2281 2125 serva
2315 2083 2636 2152 sequeretur
2683 2078 2926 2146 corporis
2969 2081 3240 2136 nativitas.
3286 2083 3495 2139 Rursus

1919 2159 2167 2216 sellarius
2184 2162 2391 2233 inquit:
2425 2164 2619 2235 Homo,
2654 2168 3041 2239 resipiscejam
3063 2173 3278 2227 tandem
3309 2175 3376 2228 ab
3406 2175 3494 2229 in-

1921 2251 2171 2308 firmitate
2215 2262 2327 2320 tua,
2357 2264 2412 2310 et
2446 2258 2624 2327 recipe
2688 2267 2886 2314 nostra:
2918 2259 3193 2331 religionis
3216 2263 3490 2320 salutare:

1918 2358 1982 2398 ac
2008 2346 2112 2400 erit
2142 2346 2285 2417 apud
2314 2362 2415 2402 nos
2444 2348 2538 2403 tibi
2582 2351 2847 2420 pecudum
2877 2353 3042 2406 multa
3089 2356 3381 2423 possessio,
3407 2358 3493 2412 di-

1918 2435 2170 2491 vitiarum
2196 2439 2371 2508 copia,
2390 2448 2445 2495 et
2469 2440 2760 2495 multorum
2784 2442 3050 2499 donorum
3074 2445 3287 2500 delecta
3315 2447 3493 2502 varie-

1920 2532 2019 2580 tas.
2052 2527 2168 2581 Non
2207 2530 2358 2598 parvi
2390 2531 2643 2599 ponderis
2676 2533 2790 2588 hmc
2827 2543 2983 2589 erant
3010 2536 3174 2590 verba
3201 2554 3215 2590 :
3265 2538 3317 2592 id
3342 2539 3489 2593 enim

1918 2616 2241 2671 videbantur
2273 2634 2467 2675 sonare
2501 2622 2737 2688 :llomo,
2791 2640 2889 2677 nos
2936 2626 3304 2683 infirmitatorn
3345 2637 3490 2683 tuam

1918 2705 2245 2772 curabimus,
2277 2718 2331 2761 et
2362 2710 2666 2765 mercedem
2710 2712 2869 2767 etiam
2923 2730 3021 2783 pro
3069 2727 3284 2786 recepta
3319 2718 3493 2772 salute

1920 2796 2013 2849 tibi
2044 2796 2310 2853 dabimus.
2342 2799 2423 2854 Ad
2455 2801 2569 2855 hate
2592 2801 2779 2857 beatus
2806 2820 2825 2857 :
2869 2803 2986 2859 Non
3030 2809 3308 2877 permittat
3353 2809 3494 2864 Deus

1917 2886 2217 2945 dilectionis
2274 2906 2428 2956 meze,
2471 2902 2531 2945 ut
2560 2907 2661 2963 ego
2699 2910 2935 2965 unquam
2979 2898 3225 2953 excidam
3260 2915 3292 2953 a
3326 2899 3488 2954 Chri-

1917 2991 2000 3034 sto
2028 2995 2171 3036 meo.
2204 2982 2319 3037 Tua
2358 2983 2499 3039 dona
2526 2986 2744 3050 refutat,
2783 3003 2817 3041 ο
2844 2988 3035 3056 Ῑιιιίθι,
3066 3001 3121 3045 et
3156 2999 3303 3045 tuam
3355 2991 3488 3045 insi-

1844 3088 1887 3145 α
1918 3070 2178 3139 pientiam
2228 3073 2556 3129 manifestat.
2610 3070 2727 3130 Non
2773 3087 2927 3133 curat
2973 3079 3169 3135 lucrari
3221 3083 3492 3151 mortalia,

1920 3167 1981 3212 ut
2024 3158 2192 3214 Deum
2234 3161 2589 3223 immortalem
2634 3167 2891 3241 amittat.
2919 3169 3149 3225 Fastidit
3178 3172 3266 3226 ille
3298 3188 3490 3243 super-

1917 3248 2109 3304 borum
2139 3250 2404 3307 donorum
2442 3254 2796 3324 impietatem.
2844 3256 2964 3324 Odi,
3012 3261 3206 3330 inquit,
3255 3262 3491 3327 divitias,

1917 3355 2038 3411 qua:
2084 3342 2219 3398 mihi
2280 3345 2557 3402 caelestem
2611 3348 2923 3405 thesaurum
2980 3352 3292 3408 occludunt.
3354 3354 3491 3409 Tum

1919 3431 2007 3488 ille
2037 3434 2156 3503 ejus
2201 3436 2369 3491 vestis
2406 3438 2668 3496 vilitatem
2728 3452 3086 3499 contemnens
3131 3463 3144 3500 :
3187 3446 3494 3501 Tantumne

1919 3523 2018 3579 tibi
2044 3524 2246 3582 arridet
2271 3527 2374 3582 hoc
2400 3528 2636 3586 lacerum
2692 3548 2758 3588 ac
2784 3534 3039 3590 detritum
3072 3536 3448 3593 indumentum
3470 3540 3495 3592 ἲ

1918 3613 2116 3686 Utique
2161 3618 2277 3673 haec
2324 3627 2408 3673 est
2452 3621 2699 3691 gloriatio
2742 3639 2881 3680 mea.
2926 3624 3108 3696 Itaque
3138 3628 3226 3682 ille
3276 3629 3493 3699 pietatis

1920 3702 2085 3760 lorica
2113 3722 2237 3764 eum
2266 3707 2472 3763 nudare
2498 3711 2804 3778 contendit,
2846 3713 2939 3769 sed
2968 3713 3158 3770 beatus
3194 3730 3256 3769 ea
3289 3730 3349 3769 se
3377 3732 3490 3769 ma-

1918 3796 1999 3866 gis
2060 3798 2337 3868 magisque
2382 3801 2627 3865 involvit,
2673 3803 3142 3876 inexpugnabilem
3175 3808 3493 3864 inimicisse

1919 3887 2315 3945 demonstrans.
2363 3893 2408 3944 A
2449 3893 2735 3958 daemonio,
2787 3897 2863 3950 ait
2892 3898 3001 3964 ille,
3034 3909 3093 3954 ut
3120 3900 3353 3966 videtur,
3378 3904 3494 3975 agi-

1922 3986 2009 4030 tur
2052 3978 2152 4031 vir.
2204 3978 2300 4034 Hic
2333 3992 2511 4036 autem
2545 3993 2775 4039 contra:
2822 3985 2960 4041 Olim
3020 3989 3237 4058 quidem
3279 3992 3352 4045 fui
3383 3996 3493 4047 dae-

1920 4068 2226 4124 moniorum
2257 4071 2636 4138 diversorium,
2670 4091 2817 4131 nunc
2852 4087 3034 4133 autem
3073 4096 3194 4135 sum
3226 4084 3488 4153 templum

1918 4155 2139 4222 Christi,
2163 4172 2260 4229 per
2287 4174 2448 4229 quem
2487 4160 2742 4233 fugantur
2773 4164 3062 4221 dazmonia.
3110 4167 3321 4225 Rursus
3360 4171 3486 4227 ille:

1918 4245 2036 4302 Non
2067 4248 2245 4314 times,
2298 4265 2369 4306 ne
2399 4266 2525 4323 rege
2565 4254 2792 4323 jubente
2827 4257 3203 4328 cruciﬁgaris?
3238 4254 3486 4331 Respon-

1919 4338 1998 4393 dit
2029 4349 2266 4411 martyr:
2316 4341 2599 4398 Hominem
2651 4360 2772 4400 esse
2806 4349 2950 4409 novi,
3003 4357 3059 4402 et
3092 4366 3292 4420 regem,
3328 4360 3383 4405 et
3406 4362 3485 4409 te.

247 4416 411 4470 ουσία
440 4414 753 4476 κολακείαις
776 4414 850 4485 μὴ
872 4413 1134 4467 πείθουσα
1151 4414 1524 4486 τὴνὶάνάγκην
1552 4417 1820 4471 ἐπικαλεῖ-

1921 4430 2080 4487 llisce
2122 4431 2483 4489 inflammatus
2528 4438 2711 4491 animo
2759 4436 3103 4494 Marzabanas
3134 4413 3177 4494 εγ
3194 4413 3484 4505 Trahatur,

251 4510 381 4561 σθαι
414 4506 728 4576 συνήγορον.
756 4503 977 4568 Τούτοις
1023 4506 1053 4557 6
1098 4507 1345 4573 γενναῖος
1381 4505 1620 4578 ἀθλητὴς
1651 4508 1818 4575 ἐξυπ-

249 4598 466 4669 ηρετῶν
502 4598 623 4659 ,τοῖς
670 4597 1104 4666 προστάγμασιν,
1141 4591 1255 4665 εἷχε
1298 4597 1503 4650 τούτων
1544 4599 1819 4652 ἐπεισόδια

249 4689 679 4761 δυσχερέστερα⁸
731 4686 1048 4758 προσιόντες
1074 4688 1183 4759 γάρ
1212 4688 1359 4759 αὐτῷ
1388 4688 1497 4742 τῶν
1529 4689 1819 4760 ὁμοφύλων

250 4780 421 4842 τινὲς,
455 4780 555 4832 οὐκ
601 4777 832 4848 ἀνεκτὴν
861 4776 1154 4848 ⁴ἡγούμενοι
1203 4778 1302 4849 τὴν
1354 4778 1691 4850 ἐγχείρησιν,
1722 4780 1822 4852 λῃ-

249 4871 466 4925 στεύειν
494 4868 805 4931 κολακείαις
822 4868 911 4922 τδν
936 4868 1200 4939 λογισμὸν
1227 4870 1527 4941 ἐπειρῶντο
1553 4870 1647 4925 τοῦ
1680 4872 1817 4943 μάρε

250 4974 438 5030 τυρος,
466 4956 498 5027 ἢ
534 4955 817 5028 λοιδορίαις
848 4956 1169 5027 ὑπορύττειν
1217 4958 1528 5029 ἱστάμενον,
1555 4960 1648 5014 τὸν
1680 4963 1817 5031 Χρι-

254 5049 571 5119 στιανισμδν
614 5048 987 5113 ὀνειδίζοντες,
1016 5050 1119 5134 καὶ
1158 5049 1223 5103 τὸ
1265 5050 1424 5115 ἀνθος
1472 5052 1664 5123 βιαίως
1708 5053 1819 5134 τῶν

253 5138 497 5209 παρειῶν
526 5134 867 5207 ἀπεθέριζον.
883 5137 945 5190 '0
975 5136 1033 5189 δὲ
1063 5132 1152 5190 οἷα
1181 5138 1383 5209 σιδήρῳ
1409 5141 1641 5212 πυρίτης
1670 5132 1819 5206 λίθος

254 5231 582 5300 κρουόμενος
623 5233 688 5300 τῇ
733 5230 825 5301 βίᾳ
861 5232 959 5300 τῆς
987 5230 1201 5300 πληγῆς
1234 5232 1359 5296 τοὺς
1390 5234 1693 5306 σπινθῆρας
1719 5238 1818 5308 τῆς

254 5322 455 5392 ἀρετῆς
475 5322 635 5376 πλέον
658 5322 983 5394 ἐξέλαμπεν.
1012 5323 1194 5390 Λίθοις
1216 5327 1378 5380 αὑτὸν
1404 5327 1815 5400 κατεφόρτιζον,

1915 4524 2109 4593 inquit,
2165 4524 2220 4578 in
2268 4540 2539 4582 carcerem
2586 4527 2718 4599 (59),
2764 4537 2813 4584 et
2857 4529 3061 4600 lapides
3097 4530 3169 4585 ibi
3215 4531 3482 4601 deportet.

1913 4628 2015 4667 nec
2042 4612 2149 4667 ulla
2193 4612 2244 4667 ei
2294 4613 2453 4669 detur
2490 4616 2723 4685 requies.
2775 4614 2916 4671 Vere
2976 4618 3091 4671 ham
3120 4623 3276 4671 erant
3315 4632 3379 4671 ex
3409 4619 3485 4671 ira

1913 4714 2039 4757 nata
2072 4702 2345 4757 mandata.
2394 4703 2545 4758 Solet
2592 4704 2734 4759 enim
2767 4715 2945 4774 spreta
2980 4716 3218 4776 potestas
3251 4708 3304 4760 in
3333 4708 3490 4761 auxi-
3552 4720 3562 4741 ι

1915 4792 2045 4847 limn
2074 4794 2181 4847 vim
2208 4794 2487 4848 advocare.
2528 4793 2739 4850 Interea
2771 4812 3068 4865 generosus
3096 4798 3298 4853 athleta
3329 4814 3489 4853 exse-
3585 4785 3588 4788 ’

1913 4884 2179 4955 quebatur
2207 4884 2479 4952 mandata,
2512 4887 2604 4940 sed
2638 4888 2907 4942 mandatis
2953 4888 3085 4959 ipsis
3113 4889 3335 4945 duriora
3367 4905 3490 4945 esse

1913 4976 2105 5040 sensit,
2122 4991 2242 5045 quae
2266 4976 2489 5047 episodii
2520 4977 2637 5031 loco
2654 4979 3061 5047 suntadjuncta.
3088 4980 3315 5046 Quidam
3341 4982 3488 5036 enim

1913 5066 2153 5136 ejusdem
2182 5066 2357 5137 gentis
2401 5066 2670 5131 homines,
2726 5068 2923 5137 quibus
2958 5069 3101 5124 beati
3134 5070 3347 5126 facinus
3377 5087 3486 5125 non

1912 5173 2033 5213 esse
2063 5158 2398 5213 tolerandum
2428 5158 2731 5225 videbatur,
2759 5161 3079 5217 accedentes
3099 5163 3164 5218 ad
3187 5179 3309 5218 eum
3332 5163 3488 5219 blan-

1923 5247 2069 5302 ditiis
2094 5262 2123 5301 a
2154 5247 2379 5303 consilio
2405 5247 2540 5302 clam
2562 5247 2839 5303 dimovere
2863 5251 3041 5305 conati
3069 5261 3212 5317 sunt,
3236 5251 3319 5305 vel
3340 5260 3490 5304 stano

1927 5347 2032 5391 tem
2050 5338 2225 5393 adhuc
2244 5338 2585 5393 contumeliis
2624 5337 2881 5405 eﬁ‘odere,
2922 5341 2975 5395 in
3012 5341 3487 5397 Christianismum

1757 5496 1990 5556 NOTAS.

268 5692 271 5696 γ
328 5625 438 5696 (a7)
462 5627 519 5696 ln
546 5625 965 5684 Greco'mallem
994 5630 1305 5695 τοξοποιῶν.

329 5694 438 5766 (58)
464 5695 654 5766 Supra,
687 5714 744 5752 n.
776 5698 860 5763 10,
884 5694 1104 5756 llasnni.

1992 5640 2008 5689 ί
2015 5637 2105 5711 59)
2140 5638 2277 5713 Lege
2307 5636 2577 5712 φρούριον.
