4152 6290
662 296 798 360 1703

1975 292 2297 354 GEORGII
2355 290 2628 352 PISIDAS

3810 291 3945 357 170i

656 413 936 459 vomentes
1031 402 1275 459 convicia
1308 440 1323 463 ,
1388 410 1439 457 et
1523 404 1717 457 tlorcm
1788 418 2051 474 genarum
2124 403 2228 472 ejus

2344 402 2440 464 οὓς
2484 400 2592 453 οὐδ’
2634 398 2701 451 ἂν
2746 399 3052 466 τετρακτὺς
3098 398 3407 467 ἀνθρώπιον
3453 402 3795 471 ὑπεμεινεν·
3854 408 3946 456 ut

655 496 909 551 violentis
964 494 1163 550 ictibus
1227 494 1587 550 demetentes.
1654 495 1744 550 Ille
1797 510 1927 549 vero
1984 504 2241 563 tanquam

656 589 790 643 silex
820 588 966 643 ferro
1000 604 1311 659 percussus,
1342 590 1483 643 inter
1510 589 1675 643 duros
1704 588 1843 643 ictus
1872 587 2095 657 majoris
2127 584 2240 640 vir-

658 680 789 734 tutis
824 680 1085 736 scintillas
1118 682 1318 736 emisit.
1345 681 1482 735 Tum
1518 696 1773 749 magnum
1803 694 2061 734 saxorum
2096 694 2241 748 pon-

656 771 760 825 dus
820 772 875 826 in
920 789 1047 827 eum
1102 782 1512 844 congesserunt,
1583 774 1743 842 quale
1791 773 1954 827 etiam
2005 783 2243 841 quatuor

657 861 908 917 homines
963 863 1052 917 vix
1112 864 1555 918 sustinuissent:
1604 865 1693 919 ille
1751 873 1935 917 autem
1992 878 2057 917 ea
2112 876 2243 917 saxa

659 953 942 1007 commode
975 953 1203 1019 ferebat,
1254 957 1502 1026 quamvis
1548 970 1654 1010 una
1699 956 2001 1025 eademque
2050 964 2243 1009 catena

2342 495 2520 551 ταῦτα
2551 490 2843 562 δεσμώτην
2887 491 3075 559 ἕτερον
3105 496 3208 563 τῆς
3260 494 3435 563 αὐτῆς
3474 494 3789 565 healed-31;;
3826 495 3948 549 ἁλύ-

2344 604 2504 650 σεως.
2547 585 2737 649 Οὕτως
2758 586 2945 648 αὐτοῖς
2978 584 3076 652 τὴν
3106 584 3461 656 βλασφημίαν
3489 588 3829 656 ἐπέπληττε,
3856 591 3947 641 καὶ

2341 679 2403 732 τὸ
2434 677 2599 748 ἄχθος
2630 677 2741 730 τῶν
2766 677 2932 731 λίθων
2960 677 3233 747 ἠνείχετο,
3254 676 3347 731 τὸν
3371 677 3780 748 ἀκρογωνιαῖον
3800 680 3949 731 λίθον

2343 768 2626 823 ἐπιποθῶν
2674 766 2767 821 τὸν
2817 768 3075 838 Χριστόν.
3130 762 3305 832 Οὗτος
3354 769 3572 837 πρῶτος
3616 771 3703 842 τῷ
3750 771 3946 841 δικαίῳ

2348 860 2694 930 σκαμμάτων
2742 860 3064 929 νικητήριος
3112 859 3403 928 στέφανος,
3439 862 3533 914 καὶ
3580 862 3661 932 τῷ
3709 863 3946 932 διαῦὣῳ

2354 952 2669 1022 πτωμάτων
2701 946 2838 1022 ἦχος
2868 952 3219 1018 ἐξάκουστος.

657 1054 805 1099 esset
855 1046 1009 1101 alteri
1058 1048 1272 1118 captivo
1320 1050 1672 1104 constrictus.
1713 1050 1790 1104 Ita
1836 1050 2029 1104 beatus
2075 1062 2266 1101 eorum
2308 1044 2674 1115 blaspliemias
2716 1045 2942 1111 retudit,
2988 1054 3044 1099 et
3090 1045 3332 1115 lapidum
3384 1047 3601 1115 pondus
3653 1047 3943 1101 sustinuit.

659 1137 712 1190 in
745 1139 1056 1205 angularem
1117 1139 1351 1209 lapidem
1393 1140 1673 1195 Christum
1720 1140 2013 1195 intendens
2055 1135 2409 1193 desiderium.
2456 1133 2583 1188 Haec
2611 1133 2789 1204 prima
2838 1132 2942 1189 tuit
2990 1133 3141 1204 justo
3178 1148 3279 1205 pro
3335 1136 3477 1190 saltu
3526 1145 3678 1191 trans
3743 1136 3945 1191 fossam

657 1228 906 1297 expedito
930 1228 1119 1284 victrix
1153 1244 1353 1286 corona
1384 1240 1619 1301 recepta,
1653 1242 1708 1286 et
1734 1231 2043 1286 cadentium
2072 1244 2241 1283 sonus
2277 1244 2308 1283 a
2337 1226 2553 1282 diabolo
2588 1235 2672 1280 est
2696 1226 3011 1281 exauditus.

725 1321 843 1375 Jam
892 1336 1020 1376 vero
1072 1322 1140 1377 ad
1197 1323 1345 1378 aliud
1396 1308 1665 1393 palaestra:
1692 1339 1865 1395 genus
1912 1324 2228 1395 procedente

2417 1321 2558 1388 Ἤδη
2588 1319 2644 1373 δὲ
2676 1319 2815 1391 πρὸς
2844 1319 3024 1389 πάλην
3050 1318 3251 1390 ἑτέραν
3293 1321 3578 1393 ἐρχομένῳ
3620 1324 3701 1393 τῷ
3735 1328 3946 1399 μάρτιΓ

655 1424 910 1485 martyre.
954 1414 1277 1470 nobiliorem
1321 1417 1609 1486 quamdam
1651 1418 1850 1471 theatri
1898 1430 2136 1487 spectem
2163 1416 2228 1469 in-

2344 1430 2437 1484 ρι,
2488 1411 2717 1483 θέατρον
2766 1414 2796 1465 6
2843 1411 3003 1479 λόγος
3051 1412 3374 1480 ἐπισυνάγει
3426 1415 3805 1488 σεμνότερον,
3863 1420 3944 1474 ἵνα

654 1507 807 1561 ducit
847 1507 1040 1574 oratio,
1087 1517 1149 1561 ut
1197 1509 1620 1579 splendidiorem
1658 1510 1827 1581 agitet
1878 1510 2228 1579 triumphum.

2341 1504 2608 1575 θρίαμϐον
2635 1504 2834 1575 ἀγείρῃ
2866 1504 3273 1576 λαμπρότερον.
3308 1506 3476 1570 Αὖθις
3496 1508 3589 1560 τὸν
3619 1510 3897 1575 γεννάδαν
3917 1515 3945 1564 ὁ

655 1598 867 1653 Rursus
897 1614 1217 1669 generosum
1251 1600 1427 1655 virum
1459 1600 1810 1655 Marzabanas
1835 1601 2084 1665 arcessit,
2115 1601 2228 1655 vul-

2338 1594 2720 1666 Μαρζαὸανᾶς
2777 1594 3174 1663 διαπέμπεται,
3225 1596 3322 1649 καὶ
3376 1597 3688 1661 διαπλάσας
3750 1601 3945 1654 ἑαυτὸν

655 1700 821 1759 tuque
858 1691 926 1745 ad
973 1691 1317 1746 severitatem
1367 1692 1538 1763 magis
1565 1693 1910 1763 composito:
1966 1693 2228 1764 Agedum,

2342 1687 2744 1759 σοϐαρώτερον,
2769 1688 2929 1755 Ἀγει
2955 1688 3043 1758 δὴ,
3068 1688 3243 1752 λέξον,
3275 1683 3320 1742 ὦ
3346 1684 3503 1752 οὗτος
3526 1708 3539 1721 ·
3557 1693 3610 1743 εί
3641 1696 3837 1762 πατήρ
3863 1710 3943 1746 σοι

655 1782 833 1852 inquit
862 1782 997 1852 (60),
1031 1784 1196 1838 hensl
1225 1793 1281 1837 tu
1309 1786 1609 1852 responde:
1637 1786 1684 1839 si
1720 1796 1875 1855 pater
1908 1794 2033 1840 tuus
2051 1801 2237 1857 magus

651 1886 755 1940 est,
804 1884 971 1945 tuque
1014 1876 1129 1945 ipse
1166 1877 1389 1948 magicis
1456 1877 1759 1947 disciplinis
1810 1894 1870 1933 es
1917 1879 2235 1941 instructus,

653 1970 821 2023 recita
850 1985 997 2023 nunc
1042 1970 1243 2039 aliquid
1272 1986 1336 2025 ex
1370 1971 1455 2036 iis,
1490 1988 1611 2042 qua:
1642 1971 1902 2038 didicisti,
1936 1981 1996 2026 ut
2026 1988 2087 2027 ea
2119 1989 2239 2043 qua:

651 2059 786 2113 dicis
813 2074 938 2113 vera
970 2075 1090 2114 esse
1116 2060 1517 2130 dignoscamus.
1566 2061 1741 2128 Absit,
1787 2070 1847 2114 ut
1891 2077 2010 2117 mea
2056 2063 2235 2134 lingua

652 2151 961 2221 huiusmodi
989 2153 1151 2206 rebus
1184 2153 1462 2216 inserviat,
1500 2153 1661 2224 idque
1690 2154 1949 2225 polluam,
1983 2157 2126 2226 quod
2156 2167 2238 2212 est

650 2245 717 2298 ad
770 2244 1204 2299 benevolentiam
1264 2245 1684 2305 promerendam
1735 2246 2105 2301 destinatum!
2157 2249 2234 2302 Ad

650 2341 1082 2397 benedicendum
1160 2341 1272 2394 Deo
1336 2353 1598 2410 organum
1668 2337 1906 2393 dicatum
1959 2338 2237 2409 profanari

650 2449 758 2487 non
790 2433 985 2487 sinam.
1020 2433 1152 2498 Quae
1194 2431 1337 2487 enim
1368 2441 1450 2486 est
1477 2431 1545 2486 ad
1576 2430 1790 2486 divinas
1822 2432 2010 2486 laudes
2041 2433 2236 2487 admo-

649 2526 778 2579 dum
805 2537 993 2597 arguta
1025 2526 1154 2598 lyra,
1187 2526 1240 2578 in
1275 2524 1439 2579 rebus
1467 2524 1717 2579 absurdis
1741 2524 1962 2579 omnino
1985 2526 2043 2578 ﬁt
2067 2534 2232 2579 muta.

650 2622 733 2676 Ad
786 2622 1071 2692 pristinam
1123 2621 1287 2691 igitur
1335 2619 1691 2690 religionem,
1742 2618 2094 2673 Marzabanas
2138 2618 2232 2680 ait,

651 2730 760 2768 non
788 2714 996 2784 cOgitas
1038 2712 1255 2766 redire?
1310 2710 1625 2766 Scribemus
1656 2726 1784 2781 ergo
1810 2711 1878 2763 de
1906 2720 1958 2763 te
1989 2709 2121 2781 regi.
2153 2709 2236 2765 Ad

650 2818 775 2856 cum
804 2802 1027 2855 beatus:
1060 2798 1367 2866 Quamlibet
1395 2800 1640 2853 scribens
1665 2799 1720 2853 in
1756 2815 1843 2853 me
1876 2798 2078 2854 suscita
2118 2817 2235 2855 ma-

651 2896 825 2949 lorum
854 2892 1145 2964 procellam
1172 2909 1186 2946 :
1218 2908 1316 2963 ego
1345 2892 1490 2947 enim
1524 2892 1580 2946 in
1621 2890 2024 2947 Christianismi
2074 2901 2233 2962 portu

651 2989 940 3044 stationem
987 2986 1182 3051 locavi,
1212 3000 1314 3040 nec
1350 2985 1617 3039 minarum
1652 2984 1850 3041 ﬂuctus
1883 2986 2231 3057 pertimesco.

2343 1784 2541 1853 μάγος,
2569 1782 2665 1834 καὶ
2693 1781 2792 1845 τὴν
2820 1781 3019 1851 τέχνην
3047 1780 3111 1832 σὺ
3146 1781 3418 1853 μαθητὴς,
3447 1784 3864 1853 ἀποστομάτιζέ
3890 1803 3943 1838 τι

2339 1875 2438 1945 τῆς
2465 1873 2723 1942 τοιαύτης
2756 1872 3066 1944 μαθήσεως,
3093 1873 3182 1926 ἵνα
3207 1891 3302 1926 σου
3330 1874 3439 1928 τῶν
3468 1875 3647 1945 λόγων
3672 1878 3736 1931 τὸ
3769 1879 3941 1948 ἀψευ-

2337 1968 2427 2032 δὲς
2453 1967 2842 2039 διακρίνωμεν.
2876 1968 2965 2037 Μή
2998 1984 3089 2036 μοι
3119 1963 3236 2032 οὖν,
3260 1967 3390 2037 ἔφη,
3416 1968 3515 2039 τὴν
3549 1969 3693 2041 ἐμὴν
3727 1971 3943 2038 γένοιτο

2338 2060 2584 2129 γλῶτταν
2609 2058 3065 2131 καθυπουργῆσαι
3090 2060 3279 2129 μιᾶναι
3299 2060 3397 2129 τὴν
3425 2060 3563 2130 πρὸς
3588 2064 3693 2132 τὴν
3721 2062 3939 2118 εὔνοιαν

2340 2155 2547 2207 εἴσοδον
2570 2168 2586 2186 ·
2619 2154 2680 2207 τὸ
2711 2154 2849 2225 πρὸς
2870 2155 3146 2225 εὐφημίαν
3172 2153 3406 2225 ὄργανον
3428 2156 3692 2210 ἀνατεθὲν
3714 2157 3802 2228 τῷ
3823 2158 3939 2228 Θεῷ

2341 2246 2607 2317 βεϐηλοῦν
2635 2248 2736 2301 οὐκ
2761 2248 3054 2318 ἀνέχομαι’
3088 2248 3121 2317 ἠ
3150 2246 3260 2317 γάρ
3290 2246 3425 2317 πρὸς
3450 2247 3774 2317 δοξολογίαν
3804 2249 3937 2319 λύρα

2341 2342 2678 2413 πολύφωνος,
2711 2342 2927 2411 ἄφωνος
2960 2341 3018 2393 ἐν
3052 2341 3165 2403 τοῖς
3196 2339 3421 2402 ἀτόποις
3455 2340 3776 2410 εὑρίσκετο.
3826 2343 3937 2411 Τῆς

2340 2435 2640 2505 θρησκείας
2663 2431 2778 2497 οὖν,
2816 2434 2980 2505 φησιν
3002 2434 3030 2487 6
3051 2431 3447 2504 Μαρζαὸανάς,
3480 2433 3541 2486 οὗ
3572 2434 3820 2506 μελετᾷς
3841 2438 3935 2506 τὴν

2338 2523 2626 2588 ὲπάνοδον;
2664 2524 2823 2595 Παρὰ
2856 2522 3069 2593 βασιλεῖ
3102 2538 3163 2574 σε
3190 2520 3561 2593 γραφώμεθα.
3595 2523 3746 2594 Πρὸς
3774 2525 3936 2579 catini

2337 2617 2366 2668 6
2392 2616 2685 2689 μακάριος·
2718 2615 2959 2686 Ὀπόσην
2982 2614 3159 2687 βούλει
3183 2617 3621 2686 πονηρευμάτων
3646 2618 3934 2689 κατάγρα·

2339 2725 2405 2776 φε
2440 2706 2862 2777 λαίλαπα.Ἐγὼ
2888 2708 2997 2781 γάρ
3028 2706 3107 2779 τῷ
3134 2707 3317 2778 λιμένι
3360 2706 3456 2760 τοῦ
3488 2709 3933 2781 Χριστιανισμοῦ

2340 2802 2780 2874 προσορμίζομαι
2803 2843 2819 2868 ,
2849 2804 2945 2857 καὶ
2974 2802 3083 2855 τῶν
3117 2801 3358 2857 ἀπειλῶν
3383 2804 3484 2873 οὐχ
3514 2802 3821 2875 ὑφορῶμαι
3845 2807 3936 2859 τὸν

2338 2893 2605 2947 κλύδωνα.
2626 2889 2760 2947 Εἶτα
2780 2893 3143 2963 δεσμεύεσθαι
3171 2894 3503 2967 προστάττει
3529 2896 3623 2949 τὸν
3649 2898 3930 2969 μάρτυρα,

2335 2991 2401 3059 τῇ
2434 2988 2679 3060 τυράννῳ
2711 2988 2895 3059 πληγῇ
2921 2986 3059 3060 πρὸς
3093 2987 3340 3059 ὑπακοὴν
3372 2986 3700 3061 βιαζόμενος
3719 3008 3735 3024 ο
3766 2992 3861 3045 τὸν
3881 2992 3934 3045 δὲ

648 3084 787 3140 Tum
815 3083 967 3155 ligari
1005 3091 1295 3153 martyrem
1338 3078 1510 3151 jubet.
1549 3094 1613 3134 ac
1652 3078 1809 3143 caedi,
1841 3092 2068 3147 sperans
2108 3093 2228 3132 vcr-

2342 3080 2530 3148 φάναι,
2563 3080 2828 3150 Περιττδς
2861 3082 2890 3133 6
2937 3079 3171 3150 δεσμὸς⁶
3210 3082 3307 3134 καὶ
3355 3083 3478 3144 ταῖς
3524 3081 3775 3153 πληγαῖς
3822 3084 3935 3137 δια-

647 3176 870 3233 beribus
901 3174 969 3230 ad
999 3172 1362 3229 obediendum
1391 3186 1515 3225 eum
1541 3169 1889 3239 compellere.
1924 3166 2023 3221 Hic
2050 3175 2230 3220 autem

646 3269 870 3325 dicere:
910 3265 1194 3338 Superllua
1242 3274 1369 3320 sunt
1403 3262 1655 3328 vincula;
1706 3275 1870 3330 seque
1915 3258 2234 3314 verberibus

647 3358 1083 3420 accommodans,
1128 3354 1230 3408 rite
1280 3352 1642 3422 compositum
1694 3364 1915 3420 corpus,
1968 3359 2026 3403 ut
2067 3347 2232 3425 virgis

646 3454 945 3508 mederetur
998 3449 1279 3521 praebere:
1334 3444 1702 3502 voluntarium
1750 3442 1896 3498 enim
1943 3449 2061 3497 erat
2108 3442 2231 3497 vin-

646 3546 829 3599 culum
881 3543 1125 3615 martyrii
1155 3538 1511 3604 desiderium,
1544 3537 1690 3608 quod
1733 3535 1984 3591 habebat.
2018 3534 2230 3589 Nudam

648 3647 825 3692 tamen
870 3635 1080 3707 percuti
1129 3648 1349 3687 carnem
1399 3638 1608 3692 exorat,
1660 3644 1801 3699 aegre
1840 3628 2022 3682 ferens
2065 3644 2229 3682 vene-

644 3725 827 3779 randae
851 3723 986 3778 vesti
1014 3722 1268 3789 injuriam
1309 3719 1446 3773 ﬁeri.
1480 3719 1557 3773 De
1584 3718 1915 3773 cruciatibus
1937 3717 2084 3771 enim
2109 3720 2226 3773 ani-

645 3831 747 3869 mae
798 3830 1046 3886 magnam
1088 3813 1323 3868 habebat
1366 3827 1576 3879 curam,
1632 3812 1699 3867 de
1735 3812 1824 3877 iis,
1866 3829 1988 3883 quae
2035 3813 2229 3869 ﬁerent

646 3906 899 3976 corpori,
978 3915 1232 3975 tanquam
1304 3904 1661 3975 pcdissequo,
1733 3905 1873 3960 nihil
1942 3906 2220 3962 sollicitus.

644 3999 938 4055 Ludicrum
969 3999 1100 4054 mihi
1131 4007 1235 4061 est,
1271 3999 1468 4069 inquit,
1499 3999 1644 4069 quod
1679 3998 1875 4065 facitis,
1909 4016 1973 4055 ac
1995 4000 2040 4055 si
2062 4001 2223 4055 etiam

646 4093 698 4146 in
732 4093 899 4147 frusta
945 4108 1031 4147 me
1084 4093 1404 4157 concidalis,
1456 4092 1703 4163 profecto
1730 4093 1808 4146 nil
1836 4094 1983 4148 ali-nd
2011 4094 2227 4149 obtine-

546 4181 551 4185 ’
644 4184 791 4249 bitis,
843 4200 1003 4255 quam
1053 4194 1112 4238 ut
1150 4183 1428 4238 Christum
1480 4183 1688 4238 laudari
1732 4184 1984 4239 audiatis.
2018 4184 2225 4242 Rursus

646 4278 996 4331 Marzaoanas
1044 4276 1280 4330 minatur
1326 4290 1385 4330 se
1431 4275 1498 4330 ad
1555 4291 1734 4346 regem
1786 4276 1854 4331 de
1902 4284 2055 4332 tanto
2089 4277 2225 4332 laci-

644 4384 774 4422 nore
802 4368 1164 4439 scripturum;
1196 4366 1286 4420 hic
1321 4376 1501 4420 autem
1534 4366 1601 4421 ad
1634 4366 1687 4421 id
1725 4367 1877 4423 ocius
1910 4367 2219 4425 faciendum

642 4460 881 4530 instigat.
918 4460 1010 4513 Ille
1034 4459 1101 4514 ad
1125 4469 1383 4512 terrorem
1424 4472 1623 4512 nomen
1662 4458 1803 4530 regis
1869 4460 2217 4530 proferebat;

642 4553 731 4608 hic
755 4553 1216 4623 autem.ejusdcm
1248 4560 1457 4605 naturae
1500 4552 1941 4607 communionem
1974 4569 2219 4624 oppone-

640 4645 753 4710 bat,
785 4661 1001 4699 servum
1022 4643 1410 4713 corruptionis,
1448 4654 1504 4699 et
1558 4653 1767 4699 naturae
1798 4644 2009 4716 legibus
2030 4647 2219 4702 subdi-

642 4744 776 4800 tum,
799 4745 856 4790 et
884 4736 981 4791 luti
1013 4752 1078 4792 ac
1126 4736 1363 4807 pulveris
1393 4746 1703 4808 cognatum,
1747 4752 1902 4807 atque
1929 4752 1995 4794 ac
2041 4738 2219 4809 ipsum

640 4842 819 4895 regem
853 4829 1150 4898 appellans.
1182 4828 1299 4894 Qua
1328 4828 1542 4883 dicendi
1601 4827 1852 4884 libertate
1882 4831 2218 4900 stupefactus

638 4918 906 4973 Barbarus
970 4922 1276 4992 (videbatur
1304 4923 1530 4977 enimet
1589 4926 1883 4980 verborum
1947 4926 2213 4996 strepitu,

638 5021 696 5067 ct
716 5012 1001 5067 verberum
1028 5014 1190 5067 minis
1216 5014 1298 5068 vel
1318 5014 1462 5068 leoni
1515 5014 1669 5071 frena
1712 5017 1959 5088 injicere,
1992 5018 2079 5073 vel
2103 5019 2215 5072 lar-

637 5105 718 5158 vis
744 5112 948 5159 terrere
977 5104 1293 5176 gigantem),
1335 5106 1535 5161 iterum
1570 5108 1792 5163 mandat
1824 5109 1882 5163 in
1934 5125 2211 5166 carcerem

636 5197 828 5251 deduci
893 5205 1203 5265 martyrem.
1280 5198 1572 5270 Postquam
1631 5208 1816 5257 autem
1872 5203 2096 5257 tertium
2157 5204 2211 5258 in

636 5290 905 5342 theatrum
935 5303 1061 5343 eum
1110 5288 1227 5343 sisti
1256 5291 1435 5361 jussit,
1467 5303 1700 5348 conatus
1749 5303 1835 5350 est
1884 5310 2208 5366 generosum

634 5388 924 5448 martyrem
957 5380 1246 5435 verborum
1284 5382 1570 5439 lenociniis
1624 5385 1925 5456 implicare,
1948 5397 2003 5442 et
2032 5388 2085 5441 in
2114 5403 2209 5443 su-

633 5471 965 5540 perstitionis
998 5473 1277 5543 pulverem
1302 5474 1557 5545 dejicere,
1577 5487 1637 5534 nt
1666 5480 1785 5535 lidei
1811 5496 2011 5537 corona
2036 5483 2208 5553 ipsum

2337 3169 2687 3241 πλασάμενος
2726 3168 2944 3223 εὔθετον
2989 3170 3052 3223 τὸ
3090 3169 3251 3242 σῶμα
3301 3172 3561 3242 ῥοπάλοις
3612 3172 3931 3240 αἰκίζεσθαι

2337 3261 2385 3333 (6
2408 3261 2516 3333 γὰρ
2549 3260 2643 3315 τοῦ
2676 3261 2976 3334 μαρτυρίου
3027 3262 3213 3331 πόθος,
3247 3263 3497 3327 ἑκούσιος
3547 3266 3703 3336 αὑτῷ
3731 3267 3932 3338 δεσμὸς

2335 3353 2695 3426 περιέκειτο),
2739 3352 3044 3409 τύπτεσθαι
3088 3356 3189 3426 τὴν
3241 3355 3427 3426 σάρκα
3452 3357 3673 3427 γυμνὴν
3706 3359 3931 3413 καθικέο

2332 3461 2477 3510 τευε,
2506 3443 2949 3515 βλασφημεῑσθαι
2988 3445 3063 3518 μὴ
3097 3446 3398 3518 συγχωρῶν
3424 3447 3522 3501 τοῦ
3558 3449 3844 3520 σχήματος
3869 3453 3927 3504 τὺ

2334 3538 2627 3608 σεϐάσμιον
2644 3555 2657 3568 ·
2679 3537 2929 3609 ψυχικῶν
2952 3540 3063 3609 γάρ
3087 3540 3396 3612 ἀλγηδόνων
3418 3542 3731 3610 ἐφρόντιζε,
3752 3563 3926 3616 παρα-

2336 3629 2514 3699 μελῶν
2547 3630 2622 3694 ὡς
2645 3630 2898 3700 ἐφολκίου
2925 3631 3018 3701 τού
3042 3631 3291 3703 σώματος
3311 3649 3324 3663 ⁸
3356 3634 3617 3704 Παίγνιον
3643 3639 3794 3708 ἐμοὶ,
3822 3655 3923 3708 φη-

2333 3723 2409 3787 σὶ,
2423 3721 2484 3775 τὸ
2499 3723 2896 3795 πραττόμενον*
2916 3723 3014 3777 καὶ
3034 3726 3610 3799 κατακρεουργοῦντες
3632 3731 3743 3800 γάρ
3767 3732 3921 3796 ἕξετε

2332 3811 2493 3865 πλέον
2516 3812 2689 3877 οὐδὲν,
2715 3814 2747 3884 ἢ
2774 3815 3011 3887 Χριστὸν
3042 3816 3262 3870 ἀκούειν
3284 3818 3649 3889 ὑμνούμενον.
3677 3821 3921 3892 Γράφειν

2329 3904 2487 3969 αὖθις
2511 3908 2538 3959 6
2561 3906 2933 3977 Μαρζαϐανᾶς
2965 3909 3180 3977 ἠπείλει
3207 3909 3419 3980 βασιλεῖ
3436 3911 3534 3983 τὴν
3557 3914 3882 3985 ἐγχείρησιν
3901 3933 3915 3947 ”

2327 3999 2356 4049 6
2385 3999 2442 4051 δὲ
2480 3999 2617 4072 πρὸς
2647 4001 2824 4073 ὁρμὴν
2847 4003 3218 4071 ἐγκελεύεται.
3237 4004 3297 4057 '0
3328 4004 3428 4073 μὲν
3459 4005 3600 4076 πρὸς
3633 4006 3803 4075 φόϐον
3823 4008 3917 4062 τοῦ

2330 4090 2592 4161 βασιλέως
2623 4095 2847 4166 ἐξέφερε
2880 4096 2943 4148 τὸ
2976 4095 3150 4166 ὄνομα
3170 4111 3184 4126 ·
3222 4099 3250 4149 6
3280 4096 3338 4149 δὲ
3359 4097 3457 4166 τὴν
3490 4098 3782 4152 κοινωνίαν
3816 4099 3917 4169 τῆς

2327 4182 2542 4250 φύσεως
2572 4184 2920 4258 ἀντεξέφερε,
2972 4186 3159 4241 δοῦλον
3184 4185 3391 4257 φθορᾶς
3440 4187 3668 4261 βασιλέα
3708 4191 3913 4256 καλῶν,

2327 4275 2423 4327 καὶ
2447 4275 2631 4345 νόμοις
2664 4276 3101 4348 ὑποταττόμενον
3131 4278 3230 4349 τῆς
3258 4276 3507 4347 φύσεως,
3542 4280 3639 4334 καὶ
3671 4283 3914 4352 συγγενῆ

2324 4367 2419 4420 τοῦ
2459 4367 2633 4434 πηλοῦ
2678 4370 2772 4422 καὶ
2811 4371 2910 4441 τῆς
2955 4370 3177 4435 κόνεως.
3197 4372 3525 4441 Ἐκπλαγεὶς
3556 4374 3615 4427 δὲ
3645 4376 3783 4446 πρὸς
3811 4376 3916 4446 τὴν

2327 4466 2640 4540 παρρησίαν
2668 4470 2697 4521 6
2718 4468 3004 4540 Βάρὸαρος
3030 4469 3229 4539 (ἐδόκει
3262 4468 3372 4540 γάρ
3400 4471 3510 4525 τῶν
3541 4472 3811 4542 ῥημάτων
3835 4474 3915 4544 τῷ

2320 4560 2541 4628 κόμπῳ,
2564 4558 2657 4611 καλ⁸
2683 4561 2805 4622 ταῖς
2831 4558 3083 4622 ἀπειλαῖς
3113 4557 3220 4611 τῶν
3257 4558 3502 4628 πληγῶν,
3537 4561 3570 4631 ἢ
3599 4560 3789 4613 λέοντα
3812 4580 3915 4631 χαι

2317 4651 2571 4721 λινοῦν,ἢ
2596 4651 2831 4719 γίγαντα
2854 4650 3528 4724 μορμρλύττεσθαι),πρὸς
3553 4654 3615 4705 τὸ
3642 4654 3912 4725 φρούριον

2317 4736 2475 4801 αὖθις
2517 4737 2831 4808 ἀπάγεσθαι
2865 4739 3194 4811 προστάττει
3237 4740 3328 4794 τὸν
3364 4742 3813 4813 μάρτυρα.Ἐπε“ι
3851 4745 3911 4798 δὲ

2316 4830 2409 4883 καὶ
2451 4830 2634 4902 τρίτον
2676 4833 3042 4904 συνεστήσατο
3071 4831 3304 4905 θέατρον
3328 4872 3344 4898 ,
3374 4834 3632 4906 ἐπειρᾶτο
3658 4835 3752 4888 τὸν
3777 4853 3911 4905 γεν-

2316 4929 2464 4981 ναῖον
2518 4926 2762 4997 ἀθλητὴν
2807 4929 3071 4999 ῥημάτων
3107 4927 3305 4993 λαϐαῖς
3350 4925 3756 5000 διαζῶσασθαι,
3811 4932 3912 4984 καὶ

2315 5020 2451 5091 πρὸς
2482 5020 2581 5091 τὴν
2610 5020 2757 5074 κόνιν
2786 5023 2886 5092 τῆς
2918 5020 3218 5092 θρησκείας
3256 5019 3581 5075 καταλαϐὼν
3625 5021 3738 5073 τῶν
3784 5040 3910 5076 στε-

2314 5113 2499 5180 φάνων
2534 5113 2797 5183 στερῆσαι
2827 5112 2929 5182 τῆς
2959 5114 3222 5175 πίστεως.
3252 5112 3450 5177 Θῦσον,
3492 5113 3620 5182 ἔφη,
3645 5114 3748 5185 τὴν
3795 5132 3906 5185 μα-

2313 5205 2475 5274 γικὴν
2508 5205 2705 5275 στολὴν
2734 5204 3116 5275 περιθέμενος,
3147 5205 3237 5259 ἴνα
3268 5207 3343 5276 μή
3376 5221 3435 5257 σε
3472 5205 3572 5273 τῆς
3599 5204 3695 5258 τοῦ
3724 5207 3904 5275 φωτὸς

2319 5296 2774 5369 ξενηλατήσωμεν
2821 5296 3083 5368 τέρψεως.
3116 5298 3227 5351 Καὶ
3270 5297 3466 5363 ποίοις,
3520 5297 3647 5369 ἔφη,
3690 5300 3905 5350 σπείσω

2318 5391 2493 5456 θεοῖς;
2528 5390 2590 5443 Et
2619 5390 2728 5459 γὰρ
2748 5390 2901 5460 ἥλιος
2944 5389 3035 5443 καὶ
3083 5389 3278 5461 σελήνη
3312 5388 3463 5456 θεοὶ,
3496 5390 3590 5443 καὶ
3614 5390 3781 5453 ἵππος
3805 5392 3903 5442 καὶ

2321 5483 2454 5555 πῦρ,
2487 5482 2869 5553 καταλεγέσθω
2900 5483 2994 5537 καὶ
3033 5483 3133 5553 ὅρη
3170 5482 3266 5537 καὶ
3291 5482 3511 5553 κρουνοὶ
3556 5482 3655 5536 σὺν
3688 5483 3898 5548 αὐτοῖς,

2164 5658 2399 5716 NOTAE.

610 5748 629 5763 ⁶
703 5739 813 5809 (ου)
849 5747 979 5810 Ἄγε
1021 5760 1117 5814 pro
1143 5750 1285 5814 ἄγει.
