4152 6290
299 266 436 333 Πθό

1337 279 1514 337 VITA
1547 278 1607 334 s.
1648 241 2047 335 AnAs‘rasn
2098 277 2508 340 MARTYRIS.

3418 276 3557 342 1706

296 388 387 443 καί
416 396 592 439 πάντα
621 387 804 439 λοιπον
832 388 929 457 τῆς
960 389 1121 441 ἀθέου
1159 390 1234 459 μὴ
1266 391 1563 459 στερείσθω
1596 389 1871 460 θεότητος.

1988 391 2243 459 privaret.
2277 391 2558 463 Magicam,
2586 390 2782 461 inquit,
2811 393 3003 449 stolam
3039 394 3221 457 indue,
3270 402 3329 448 et
3387 392 3557 447 sacri-

296 476 420 537 Πιῖις
448 476 556 545 γὰρ
582 477 680 528 οὐκ
711 478 934 548 αἰσχρὸν
972 478 1341 532 θεοποιεῖσθαι
1372 482 1464 533 τὸν
1490 482 1641 551 ἥλιον
1667 481 1755 533 τὸν
1781 498 1875 532 κυ-

297 566 512 629 ximat;
536 570 857 637 περιφοραῖς
880 567 1256 638 ὑποκείμενον,
1275 570 1364 621 καὶ
1382 569 1456 634 τῷ
1478 568 1635 638 κώνῳ
1650 569 1746 637 τῆς
1770 567 1874 636 γῆς

297 659 615 728 βιαζόμενον
643 660 735 709 καὶ
752 660 1151 730 κρυπτόμενον;
1182 661 1253 711 Ού
1298 662 1403 730 γὰρ
1430 659 1746 730 δήπου[σοῦ]
1780 677 1875 713 κα-

296 749 602 810 ).ούντος,ὲν
637 751 791 801 νυκτὶ
828 752 1271 819 παραστήσεται’
1302 752 1452 820 μένει
1480 754 1588 821 γάρ
1611 750 1875 820 δεσμευὸ-

299 857 477 909 μενος,
513 843 569 891 ὲν
600 834 679 901 οἷς
717 839 1107 909 περιώρισται,
1142 840 1201 892 τὸ
1232 841 1575 904 αὐτεξούσιον
1610 840 1759 910 αὐτῷ
1780 840 1873 893 τοῦ

296 930 641 1001 Δημιουργοῦ
669 932 744 1001 μὴ
771 931 1193 995 πιστεύσαντος,
1212 934 1359 995 ὅπως
1395 933 1468 1002 μὴ
1496 933 1703 1003 πλάνης
1735 934 1875 1001 τάχα

297 1026 585 1095 περισσεία
614 1028 726 1086 τοῖς
760 1024 1109 1096 ἁθεωτὲροις,
1144 1026 1465 1095 ἐγγένηται·
1494 1024 1613 1077 οὐδὲ
1644 1024 1751 1094 μὴν
1776 1026 1874 1077 άν-

296 1117 542 1169 τιλυπεῖν
589 1116 769 1177 ἱκανὸς
809 1116 899 1166 τὸν
942 1114 1025 1185 μὴ
1064 1115 1322 1169 σέϐοντα·
1378 1116 1540 1184 ἀρκεῖ
1587 1114 1695 1185 γὰρ
1740 1114 1873 1183 πρὸς

300 1196 618 1277 συμμαχίαν
668 1206 745 1275 τῷ
788 1205 996 1257 Θέλοντι
1043 1205 1267 1276 δένδρου
1320 1205 1578 1266 πολλάκις
1623 1203 1873 1265 εὐτελοῦς

296 1304 672 1372 ἀποσκίασμα.
706 1302 785 1354 Τὰ
836 1303 893 1355 δὲ
939 1305 1037 1371 τῆς
1083 1302 1314 1370 σελήνης
1336 1300 1411 1353 ἐρῶ
1440 1301 1619 1367 λέγειν
1641 1316 1653 1329 ·
1684 1299 1785 1366 ἥγε
1818 1299 1876 1350 τὸ

296 1400 412 1469 φῶς
443 1398 751 1452 κλέπτουσα
782 1394 1120 1464 διελέγχεται
1140 1434 1154 1456 ,
1188 1395 1282 1447 καὶ
1309 1393 1472 1461 φύσις
1502 1392 1637 1461 αὐτῇ
1670 1390 1731 1443 τὸ
1756 1390 1875 1442 κλέ-

298 1508 453 1546 πτειν
499 1490 585 1541 ἀεὶ
632 1488 726 1540 καὶ
762 1485 1117 1554 -ἐλέγχεσθαι,
1160 1486 1281 1547 Πῶς
1332 1486 1388 1538 δὲ
1433 1486 1525 1539 τὸν
1575 1486 1740 1537 ἵππον
1777 1485 1877 1538 οὐκ

295 1584 467 1636 ἐλεεῖν
510 1582 624 1634 ἔστι
673 1579 998 1648 θεούμενον,
1041 1580 1101 1640 ὃς
1145 1594 1209 1645 γε
1250 1578 1379 1648 παρ’
1416 1577 1597 1630 αὐτῶν
1631 1593 1876 1646 προσκυ-

296 1677 557 1744 νούμενος
604 1674 889 1735 τύπτεται,
919 1671 1013 1723 καὶ
1042 1670 1140 1740 τὴν
1168 1671 1332 1741 τιμήν
1369 1671 1431 1722 οὐ
1466 1669 1602 1721 νοῶν
1638 1669 1735 1737 τῆς
1771 1667 1877 1737 μά-

1984 478 2082 533 fica
2110 479 2417 547 nobiscum,
2445 496 2512 535 ne
2537 490 2587 535 te
2623 490 2681 535 ut
2730 490 3049 539 extraneum
3076 482 3144 536 ab
3178 482 3281 537 hac
3302 480 3439 535 lucis
3461 481 3554 550 ju-

1982 570 2257 624 cunditate
2299 572 2653 640 expellamus.
2690 572 2755 626 Et
2811 573 3133 642 quibusnam
3158 616 3173 640 ,
3221 573 3297 627 ait
3341 573 3552 634 beatus,

1983 659 2163 713 libabo
2195 661 2338 715 diis?
2359 660 2413 715 Si
2440 661 2583 715 enim
2616 662 2715 726 sol,
2746 672 2803 717 et
2836 663 2983 729 luna,
3014 680 3206 733 equus,
3240 672 3294 717 et
3329 661 3555 732 ignisdii

1983 758 2145 813 sunt;
2176 765 2276 803 cur
2305 760 2518 805 montes
2546 752 2729 816 etiam,
2762 763 2817 806 et
2865 752 3044 807 fontes
3090 769 3198 807 non
3226 767 3557 806 accensean-

1985 847 2071 891 tur
2094 838 2235 905 illis;
2268 851 2321 894 et
2351 842 2560 895 caeteris
2586 842 2707 895 aliis
2739 843 2899 898 rebus
2941 845 3193 898 omnibus
3242 842 3441 912 impius
3470 840 3557 895 di—

1986 930 2225 985 vinitatis
2251 933 2431 986 cultus
2463 934 2860 1007 denegabitur?
2892 937 3175 1003 Quomodo
3218 937 3363 991 enim
3401 946 3557 1005 turpe

1982 1036 2091 1075 non
2112 1023 2214 1077 erit
2232 1024 2401 1079 solem
2428 1036 2485 1081 ut
2507 1027 2675 1082 Deum
2703 1030 2903 1092 colere,
2930 1029 3021 1099 qui
3044 1030 3095 1082 in
3117 1029 3302 1083 orbem
3330 1027 3559 1081 circum-

1983 1115 2067 1185 agi
2126 1117 2356 1187 cogitur,
2411 1127 2467 1173 et
2512 1122 2710 1192 angulo
2742 1132 2897 1177 terra:
2926 1121 3321 1192 perstringitur,
3346 1128 3401 1173 et
3424 1134 3559 1172 con-

1982 1205 2149 1272 ditur,
2196 1226 2471 1279 nunquam
2556 1213 2703 1266 enim
2762 1222 2815 1268 te
2877 1224 3107 1269 vocante
3164 1212 3449 1282 apparebit
3502 1209 3560 1265 in

1982 1312 2165 1356 nocte.
2194 1303 2401 1373 Nempe
2430 1305 2536 1360 illic
2564 1317 2748 1363 manet
2792 1308 3045 1379 illigalus.
3111 1308 3201 1362 ubi
3246 1317 3329 1361 est
3367 1306 3561 1360 defini-

1984 1402 2097 1447 tum
2137 1394 2269 1463 (61),
2305 1410 2429 1450 cum
2457 1409 2650 1466 sponte
2678 1415 2773 1453 sua
2829 1400 2956 1453 ferri
3006 1416 3115 1454 non
3162 1398 3349 1468 possit,
3401 1409 3457 1451 et
3509 1397 3561 1450 ei

1985 1485 2215 1540 liberum
2247 1488 2527 1543 arbitrium
2559 1505 2592 1543 a
2621 1506 2835 1546 summo
2872 1491 3078 1546 artiﬁce
3110 1508 3217 1545 non
3246 1491 3317 1545 sit
3350 1490 3556 1551 datum:

1986 1592 2055 1630 ne
2086 1576 2269 1633 forsan
2299 1578 2479 1648 impiis
2506 1580 2659 1635 fieret
2677 1598 2840 1636 causa
2884 1583 3055 1651 major
3082 1582 3302 1637 erroris.
3328 1581 3436 1635 Sed
3462 1596 3564 1635 nec

1988 1683 2135 1733 θιιιιι,
2170 1669 2265 1738 qui
2296 1672 2507 1725 cultum
2556 1673 2654 1741 ipsi
2688 1674 2945 1728 exhibere
2973 1676 3257 1734 detrectat.
3306 1673 3447 1742 potis
3480 1682 3565 1726 est

298 1786 481 1836 στιγος
516 1765 935 1830 ὲπαισθάνεται;
970 1766 1115 1819 Γελῶ
1148 1764 1205 1817 δὲ
1251 1763 1346 1817 καὶ
1394 1762 1456 1815 τὸ
1498 1761 1609 1831 πῦρ
1634 1777 1879 1831 προσκυ-

1988 1761 2077 1814 ille
2100 1760 2317 1817 afﬁcere
2350 1764 2623 1817 molestiis
2646 1781 2661 1826 ;
2691 1766 2884 1819 sullicit
2912 1766 3060 1819 enim
3088 1764 3285 1819 volenti
3313 1764 3379 1818 ad
3407 1764 3565 1817 arbo-

296 1861 594 1931 νούμενονο
640 1858 669 1910 ὃ
721 1858 832 1927 γὰρ
875 1858 996 1911 θεὸν
1045 1856 1409 1926 ὀνομάζουσι,
1446 1854 1838 1909 κατεθαλοῦσιν
1863 1892 1878 1917 ,

294 1954 381 2005 ὅτε
431 1953 526 2004 καὶ
563 1949 862 2020 βούλονται,
903 1949 997 2001 καὶ
1046 1946 1141 2000 τοῦ
1194 1948 1537 2017 πσράύτοῖς
1569 1938 1885 2013 τιμωμένου

296 2041 421 2094 θεοῦ
479 2041 737 2093 δεσπόται
778 2040 878 2108 τῆς
920 2038 1198 2109 σωτηρίας
1244 2038 1616 2107 εὑρίσκονται.
1652 2035 1744 2104 Μὴ
1789 2034 1886 2102 γέ-

296 2133 441 2187 νοιτό
492 2149 580 2202 μοι
630 2134 744 2193 τοῖς
774 2131 1036 2193 τοιούτοις
1066 2129 1493 2199 ὐποκαμφθῆναι
1531 2128 1841 2196 σεϐάσμασι
1864 2143 1875 2154 ·

295 2224 458 2279 δοῦλα
503 2224 613 2293 γὰρ
655 2221 849 2285 ταῦτα,
887 2223 980 2275 καὶ
1008 2223 1278 2291 δεσπότης
1316 2223 1344 2273 ὁ
1372 2223 1679 2291 ἄνθρωπος.
1697 2220 1886 2287 Ὑμεῖς

295 2314 350 2367 δὲ
382 2314 628 2366 δουλείαν
657 2312 779 2365 ἀντὶ
826 2311 1149 2374 δεσποτείας
1201 2308 1532 2379 ἡλλάξασθε,
1565 2306 1888 2376 ἀνθυποχω-

299 2406 522 2477 ροῦντες
571 2404 823 2475 ἀλλήλοις
860 2404 961 2473 τῆς
989 2403 1220 2469 τάξεως,
1252 2403 1346 2456 καὶ
1372 2405 1437 2473 τῇ
1466 2400 1607 2472 πρὸς
1634 2401 1727 2454 τὸν
1754 2400 1889 2470 ἀλη-

297 2500 443 2551 θινὸν
473 2500 724 2570 ἀγνωσία
756 2498 856 2569 τὴν
902 2496 1144 2564 σκοτώδη
1184 2494 1293 2548 τῶν
1340 2494 1611 2565 δαιμόνων
1660 2491 1889 2561 πορείαν

296 2592 527 2644 δδεύετε.
558 2589 715 2643 Οὕτω
761 2594 828 2661 τῇ
864 2589 1066 2660 πυρίνῃ
1106 2587 1324 2660 γλώττῃ
1350 2628 1363 2645 .
1416 2588 1509 2640 καὶ
1559 2585 1890 2654 αὐτοσχεδίῳ

300 2686 464 2757 σοφίᾳ
492 2684 574 2753 τῷ
594 2684 798 2755 διώκτῃ
829 2684 1141 2753 μαχόμενος
1173 2681 1377 2745 ἐλάλει,
1406 2679 1551 2731 καθὰ
1578 2679 1639 2731 τὸ
1667 2676 1890 2747 Πνεῦμα

298 2777 470 2831 ἐδίδου
540 2775 692 2846 αὐτῷ
744 2772 1220 2844 ἀποφθέγγεσθαι.
1270 2772 1448 2825 Πάλιν
1496 2766 1588 2823 οῦν
1646 2769 1893 2838 ἀπήγετο

299 2870 439 2940 πρὸς
476 2871 537 2923 τὸ
567 2870 830 2941 φρούοιον
870 2866 949 2920 τῶ
988 2866 1184 2935 πλήθει
1221 2864 1330 2917 τῶν
1367 2863 1647 2933 στεφάνων
1694 2858 1891 2930 σεμνὸ-

298 2976 474 3029 τερος.

1988 1853 2081 1915 ris,
2106 1864 2172 1907 ut
2202 1855 2496 1923 plurimum
2530 1856 2742 1911 vilioris
2796 1858 3043 1911 umbram
3083 1872 3143 1912 se
3173 1857 3444 1919 conferre,
3507 1867 3565 1909 ut

1986 1959 2044 1997 se
2071 1942 2345 1997 defendat.
2370 1944 2525 2009 Quod
2549 1953 2733 1998 autem
2764 1945 2831 1998 ad
2863 1947 3046 1999 lunam
3076 1953 3307 2014 spectat,
3339 1953 3565 2013 praeter—

1985 2049 2051 2089 eo
2071 2033 2292 2101 dicere;
2322 2035 2411 2088 illa
2445 2036 2591 2089 enim
2627 2036 2801 2091 lucem
2845 2037 3011 2090 furari
3038 2047 3223 2106 aperte
3258 2036 3566 2106 deprehen-

1988 2128 2153 2192 ditur,
2190 2128 2417 2197 ejusque
2440 2138 2633 2183 natura
2670 2130 2727 2183 in
2756 2146 2823 2183 eo
2849 2130 3061 2184 videtur
3109 2130 3232 2194 sita,
3256 2139 3318 2183 ut
3350 2142 3568 2198 semper

1986 2218 2217 2283 furetur,
2268 2230 2324 2274 et
2370 2221 2500 2275 furti
2560 2238 2651 2275 rea
2721 2232 2995 2293 arguatur.
3050 2221 3335 2288 Quomodo
3384 2230 3566 2276 autem

1986 2329 2187 2383 equum
2232 2330 2345 2368 non
2383 2316 2647 2371 miserear
2693 2315 2896 2372 factum
2946 2318 3117 2371 Deum
3152 2316 3280 2387 (62),
3308 2317 3406 2387 qui
3462 2332 3567 2371 una

1988 2405 2150 2459 simul
2182 2406 2398 2469 colitur,
2447 2416 2503 2461 et
2526 2407 2751 2461 caeditur
2780 2425 2798 2475 ;
2855 2408 3156 2463 exhibitura
3178 2408 3441 2463 honorem
3457 2422 3567 2461 non

1987 2496 2178 2561 sentit,
2213 2505 2267 2551 et
2307 2496 2532 2569 ﬂagellis
2550 2499 2734 2554 dolet?
2776 2498 2913 2556 Cum
2966 2506 3149 2553 autem
3182 2500 3342 2554 video
3388 2498 3568 2569 ignem

1993 2587 2210 2641 adorari
2254 2588 2387 2657 (63),
2413 2604 2443 2642 a
2477 2590 2591 2645 risu
2628 2592 2917 2661 temperari
2958 2607 3069 2645 non
3112 2606 3381 2662 possum:
3410 2604 3569 2659 quem

1986 2678 2131 2733 enim
2156 2679 2316 2733 deum
2345 2682 2643 2750 appellant,
2679 2683 2733 2736 in
2765 2684 3007 2737 cinerem
3060 2698 3208 2753 sarpe
3236 2682 3491 2751 redigunt
3518 2691 3573 2734 et

1987 2768 2248 2835 favillam,
2266 2781 2321 2825 et
2348 2773 2415 2826 de
2446 2774 2621 2827 salute
2642 2776 2784 2842 ejus,
2815 2790 2976 2844 quem
3009 2784 3067 2829 ut
3091 2775 3251 2829 demn
3280 2775 3571 2835 honorant.

1990 2876 2116 2916 cum
2168 2863 2467 2928 voluerint,
2535 2864 2743 2918 domini
2811 2865 2963 2919 fiunt.
3049 2865 3232 2929 Absit,
3285 2864 3439 2918 utad
3462 2864 3574 2917 ιω-

1984 2952 2221 3021 jusmodi
2252 2955 2478 3009 colenda
2516 2957 2746 3010 numina
2792 2973 2879 3012 me
2914 2958 3194 3012 incurvem
3224 2959 3236 3010 !
3272 2972 3431 3011 serva
3452 2958 3574 3010 hac

300 3056 446 3109 enim
475 3056 679 3118 omnia,
715 3063 772 3108 et
806 3068 967 3107 nomo
996 3052 1274 3105 dominus.
1304 3049 1412 3102 Vos
1470 3056 1650 3100 autem
1690 3061 1871 3099 rerum
1901 3046 2040 3098 male
2082 3045 2302 3099 inverso
2354 3047 2547 3101 ordine
2598 3050 2917 3102 servitutem
2952 3052 3007 3102 in
3055 3049 3357 3103 dominium
3421 3065 3574 3104 eom-

299 3147 569 3211 mutastis,
596 3154 652 3198 et
698 3143 945 3197 veritatis
1008 3140 1348 3211 ignoratione
1415 3137 1469 3189 in
1535 3136 1879 3188 tenebrosam
1941 3134 2248 3189 da-monum
2282 3135 2426 3189 viam
2469 3138 2782 3191 ambulatis.
2839 3137 2964 3193 Haec
2995 3139 3084 3193 ille
3142 3140 3372 3208 troadem
3402 3141 3575 3211 ignea:

298 3245 493 3314 linguae
535 3241 586 3293 vi
635 3238 770 3307 (6t),
807 3244 861 3291 et
891 3252 956 3290 ex
1014 3234 1296 3303 temporali
1339 3234 1569 3302 quadam
1613 3231 1879 3300 sapientia
1909 3245 2031 3284 cum
2056 3241 2285 3302 tyranno
2317 3232 2607 3288 decertans
2648 3234 2885 3298 dicebat,
2924 3243 3087 3304 prout
3134 3234 3373 3304 Spiritus
3413 3236 3575 3291 dabat

305 3334 493 3404 eloqui
528 3332 601 3386 illi
628 3330 767 3400 ‘65).
795 3329 980 3397 itaque
1015 3328 1212 3397 iterum
1241 3326 1293 3378 in
1336 3326 1618 3379 castellum
1663 3323 1895 3377 trahitur
1922 3338 2247 3377 coronarum
2274 3325 2434 3395 copia
2456 3323 2640 3379 factus
2661 3325 2960 3397 augustior.

368 3426 525 3480 Ἐπεὶ
550 3424 606 3477 δὲ
650 3424 807 3492 φήμη
836 3438 921 3483 τις
953 3418 1345 3487 διαγγέλλουσα
1377 3419 1471 3471 καὶ
1498 3417 1635 3487 πρὸς
1666 3415 1764 3485 τὴν
1797 3432 1891 3485 μο-
1919 3420 1961 3475 C

296 3523 393 3592 νὴν
422 3521 784 3590 διεκήρυσσεν
837 3516 886 3587 (ὃ
924 3515 989 3585 δὴ
1028 3514 1328 3584 γυμνάσιον
1357 3511 1508 3580 αὐτῷ
1547 3510 1649 3579 τῆς
1682 3508 1883 3579 ἀρετῆς

300 3614 541 3681 ἐγένετο)
585 3611 684 3674 τὰς
714 3609 806 3662 τοῦ
839 3607 1122 3679 Βαρὰὶρου
1153 3603 1480 3677 προσϐολὰς,
1513 3602 1608 3655 καὶ
1639 3600 1738 3671 τὴν
1767 3603 1886 3671 ἀρι-

302 3706 455 3757 στίαν
500 3703 598 3755 τοῦ
656 3704 968 3772 μάρτυρος,
1018 3698 1221 3760 πάντες
1269 3698 1337 3767 τῇ
1393 3695 1520 3768 νίκῃ
1567 3692 1886 3764 θεοπρεπῶς

300 3795 643 3858 ἑπαιὼνιζον,
661 3795 904 3855 Ἐκεῖνος
949 3792 1048 3860 μὲν
1095 3785 1188 3842 οῦν
1213 3791 1241 3842 δ
1270 3786 1642 3857 πνευματικὸς
1672 3802 1879 3854 γυμνα-

303 3890 549 3959 σίαρχος,
576 3890 603 3940 δ
634 3885 732 3954 τῆς
764 3882 861 3937 τοῦ
892 3882 1104 3935 δικαίου
1138 3882 1302 3950 μονῆς
1331 3876 1633 3948 προεστὼς,
1666 3876 1887 3945 πέμψας

302 3978 549 4046 ἀδελφῶν
597 3974 870 4046 συνωρίδα
910 3972 990 4043 τῷ
1034 3972 1310 4041 μάρτυρι,
1360 3969 1551 4038 ὥσπερ
1602 3968 1659 4018 ὲν
1706 3965 1888 4027 ἄθλοις

306 4069 665 4141 παιδοτρίόης
693 4067 788 4120 τοῦ
818 4066 1149 4135 σκάμματος
1181 4062 1550 4130 διιστάμενος,
1582 4058 1680 4120 τὰς
1717 4057 1890 4119 λαϐὰς

304 4159 596 4227 καταλέγει
633 4160 745 4220 τοῖς
778 4157 1121 4228 γράμμασιν,
1154 4152 1425 4206 ἀνακινῶν
1452 4149 1545 4203 τοῦ
1572 4148 1807 4217 ἀθλητοῦ
1828 4148 1891 4199 τὸ

305 4252 611 4320 φιλότιμον.

374 4340 519 4393 Ἀλλ’
546 4341 648 4410 ήδη
682 4340 817 4409 πρὶς
845 4338 904 4390 τὸ
931 4336 1306 4407 δεσμωτήριον
1348 4337 1376 4387 ὁ
1415 4334 1573 4401 λόγος
1606 4332 1891 4402 ἁνιστορῆ-

311 4451 400 4485 σαι
431 4431 884 4501 θαυματουργίαν
912 4429 1227 4495 ἑλκόμενος,
1249 4426 1576 4496 δεσμεύεται
1600 4423 1699 4494 τὴν
1728 4423 1893 4491 γλῶτ-

307 4542 407 4578 ταν
432 4523 512 4593 τῷ
542 4523 781 4593 θαύματι
807 4562 821 4584 ,
854 4523 950 4574 καὶ
978 4503 1353 4589 δεσμωτήριον
1384 4516 1459 4586 τῷ
1487 4517 1632 4586 λόγῳ
1666 4514 1889 4584 μᾶλλον,

307 4618 340 4686 ἣ
386 4615 472 4685 τῷ
530 4616 769 4685 μάρτυρι
804 4612 1036 4681 γίνεται,
1066 4613 1136 4681 τῇ
1187 4610 1449 4679 ἐκπλήξει
1497 4608 1597 4677 τῆς
1650 4605 1893 4675 γλώττης

2066 3415 2279 3470 interea
2322 3416 2463 3471 fama
2508 3417 2758 3487 divagata
2810 3433 2983 3487 usque
3036 3418 3104 3472 ad
3159 3420 3571 3483 monasterium,

1987 3508 2132 3577 quod
2168 3510 2386 3579 martyri
2418 3510 2597 3565 fuerat
2650 3510 2871 3564 virtutis
2928 3511 3288 3581 gymnasium,
3351 3511 3572 3568 Barbari

1989 3598 2288 3668 savitiemf,
2324 3609 2381 3653 et
2433 3599 2746 3654 firmitatem
2783 3598 2896 3669 (66)
2954 3599 3097 3653 beati
3139 3600 3569 3669 deprazdicabat;

1989 3705 2289 3761 omnesque
2329 3689 2524 3745 fratres
2548 3707 2651 3761 pro
2678 3691 2800 3760 ejus
2836 3690 3063 3745 victoria
3112 3690 3306 3746 laudes
3338 3691 3453 3746 Deo
3474 3691 3571 3745 dc—

1989 3794 2176 3838 center
2230 3785 2521 3838 canebant.
2582 3782 2691 3838 Sed
2749 3784 2839 3839 ille
2891 3783 3191 3854 spiritualis
3242 3785 3574 3855 gymnasiar-

1990 3879 2091 3931 eha
2145 3878 2282 3949 (6'7),
2317 3886 2373 3931 et
2400 3879 2739 3943 monasterii,
2766 3878 2819 3931 in
2847 3894 2956 3947 quo
3016 3880 3196 3948 justus
3252 3879 3381 3934 olim
3412 3879 3575 3948 dege-

1992 3966 2109 4031 bat,
2158 3981 2384 4036 pra-ses,
2419 3968 2633 4021 duobus
2654 3969 2913 4023 fratribus
2950 3970 3015 4022 ad
3052 3978 3343 4033 martyrem
3370 3970 3573 4032 missis,

1994 4059 2142 4113 velut
2166 4060 2484 4113 certaminis
2530 4060 2586 4113 in
2618 4060 2793 4115 stadio
2828 4060 3107 4129 magister,
3164 4062 3435 4128 quomodo
3488 4061 3576 4115 ille

1992 4152 2205 4205 hostem
2230 4152 2575 4220 prehendere
2601 4152 2791 4221 possit,
2812 4152 3056 4221 designat
3083 4152 3295 4215 litteris,
3316 4162 3372 4205 et
3404 4165 3576 4206 temu-

1991 4242 2211 4297 latiouis
2244 4243 2479 4297 studium
2507 4243 2562 4297 in
2584 4243 2787 4296 athleta
2808 4242 3110 4297 succendit.

2064 4334 2182 4390 Iam
2214 4349 2345 4390 vero
2394 4335 2462 4390 ad
2506 4335 2832 4390 miraculum
2890 4335 3257 4389 enarrandum
3315 4336 3475 4388 beato
3520 4336 3577 4387 in

1996 4426 2228 4479 vinculis
2280 4436 2477 4498 agente
2504 4427 2713 4481 factum
2748 4428 2977 4481 adducta
3011 4428 3309 4492 est-oratio,
3335 4427 3481 4495 quod
3508 4428 3578 4481 ob

1990 4518 2074 4571 rei
2111 4518 2524 4573 admirationem
2553 4518 2682 4572 mihi
2749 4518 2986 4588 linguam
3038 4518 3242 4571 evincit
3291 4534 3301 4568 :
3340 4524 3395 4569 et
3460 4530 3577 4571 ser-

1996 4612 2144 4665 moni
2195 4611 2377 4680 potius
2421 4626 2583 4679 quam
2629 4611 2851 4681 martyri
2928 4610 3206 4664 vinculum
3256 4598 3579 4682 constringit

307 4707 633 4760 ἀναστὲλλον
665 4706 765 4777 τὴν
786 4706 1028 4776 κίνησιν.
1049 4704 1202 4757 Ἐπεὶ
1232 4704 1341 4774 γὰρ
1370 4701 1507 4771 πρὸς
1542 4702 1604 4753 τὸ
1628 4699 1885 4768 φρούριον

1992 4712 2187 4770 stupor
2216 4700 2470 4754 inhibens
2516 4708 2721 4754 motum
2778 4700 2993 4770 lingua.
3042 4698 3178 4753 Cum
3230 4698 3379 4752 enim
3434 4708 3581 4752 esset

307 4804 335 4852 ὁ
366 4800 628 4868 γεννάδας
682 4799 1010 4865 ἔσφίγγετο,
1038 4799 1140 4865 τὴν
1184 4795 1477 4864 Δαϐιδικὴν
1523 4792 1896 4861 διενυκτέρευε

308 4891 481 4962 λύραν
512 4890 871 4961 κρουόμενος,
902 4890 1007 4940 ’καὶ
1041 4889 1108 4941 τὰ
1154 4886 1323 4957 νεῦρα
1366 4886 1463 4954 τῆς
1510 4885 1686 4953 ψυχῆς
1716 4882 1896 4952 ψηλα-

1998 4795 2059 4847 in
2086 4809 2308 4848 carcere
2332 4809 2626 4865 generosus
2668 4793 2758 4846 vir
2810 4802 2958 4846 arcte
3004 4790 3352 4855 constrictus,
3414 4799 3579 4845 totam

2002 4896 2246 4948 noctem,
2276 4884 2584 4938 Davidicam
2606 4883 2828 4953 pulsans
2852 4883 3041 4953 lyram,
3072 4884 3352 4953 transegit,
3382 4892 3437 4937 et
3462 4882 3581 4936 ani-

1851 5048 2084 5104 ΝΟΤΑΕ.

384 5196 494 5264 (6|)
525 5193 725 5264 Confer
762 5191 1017 5264 Hexaem.
1045 5208 1100 5246 v.
1134 5192 1236 5247 547
1259 5201 1313 5246 et
1336 5208 1487 5263 seqq.

384 5262 498 5333 (62⁷)
542 5263 616 5317 De
645 5262 840 5333 Egpcd.
860 5278 1079 5333 ναί-τοίη.
1110 5280 1145 5328 l,
1172 5280 1223 5317 v.
1247 5265 1335 5317 25.

490 5335 625 5404 Παρ“
654 5328 738 5397 οἷς
772 5332 897 5404 θεός
924 5350 1010 5394 τις
1048 5334 1300 5403 ἀφρόνως
1332 5332 1634 5401 νομίζεται,

498 5404 761 5466 Ἔνοπλος
794 5403 958 5465 ἵππος
989 5404 1465 5473 προσκυνούμενος
1508 5404 1704 5472 μάτην.

494 5476 588 5536 Ὃς
624 5475 701 5536 εἰς
723 5474 953 5541 ,ἔλεγχον
984 5475 1078 5527 τοῦ
1111 5474 1318 5529 πλάνου
1356 5474 1697 5541 σεϐάσματος

491 5544 604 5597 Νῦν
638 5546 1041 5613 προσκυνεῖται,
1092 5546 1185 5596 καὶ
1230 5544 1387 5596 πάλιν
1421 5543 1761 5613 μαστίζεται.

386 5617 495 5684 (θῦ)
524 5614 655 5668 lltid.
690 5630 737 5684 ν.
757 5614 845 5666 5‘2.

492 5686 675 5753 ’Ὑδωρ
707 5683 763 5734 δὲ
800 5684 894 5734 καὶ
927 5685 1055 5751 πῦρ,
1092 5683 1186 5746 τὰς
1228 5684 1475 5745 ἐναντίας
1503 5683 1713 5751 φύσεις,

517 5778 789 5837 Pnnon.
837 5776 951 5833 (in.
1000 5776 1177 5836 XCII.

2176 5191 2343 5274 Θεοῦς
2376 5192 2804 5274 παρεισάγουσιν
2828 5191 3281 5274 ἀλληλοφθόρου-ς.

2000 5264 2069 5317 Et
2089 5262 2214 5317 vide
2255 5260 2559 5316 Heracliad.
2595 5278 2806 5317 acroas.
2858 5278 2920 5327 ιι,
2951 5260 3007 5316 in
3046 5260 3171 5317 ﬁne.
3216 5262 3321 5316 Pro
3350 5260 3584 5315 κατεθά-

1998 5333 2181 5385 λοῦσιν
2218 5334 2364 5401 legas
2390 5332 2677 5385 καταιθαλ.

2072 5404 2182 5471 (et)
2208 5406 2331 5456 ea.
2367 5418 2430 5466 ιι,
2453 5404 2505 5457 3.

2074 5474 2186 5557 ιιι)
2218 5472 2358 5557 iw.-
2474 5472 2528 5524 ιο

2078 5542 2189 5610 (66)
2210 5542 2462 5597 Justinus
2498 5544 2663 5599 abbas
2704 5543 3026 5599 monasterii
3057 5542 3348 5608 Anastasii,
3380 5542 3449 5597 de
3477 5556 3585 5612 quo

1908 5684 1911 5687 _
2005 5630 2247 5687 supr-La.
2277 5612 2351 5687 ἓξ
2376 5622 2431 5667 et
2454 5613 2544 5667 ‘25.

2078 5683 2187 5750 l67)
2222 5682 2281 5736 ln
2316 5681 2502 5738 Greco
2532 5685 2725 5741 melius
2756 5684 3037 5755 ἀριστείαν

3193 5775 3268 5838 54
