4152 6290
611 270 747 337 1707

1909 264 2231 327 GEORGII
2268 261 2544 325 PISID/E

3722 258 3901 323 ‘170!

609 402 711 441 mae
767 399 964 441 nervos
987 388 1336 439 contrectans
1376 381 1589 438 dulcem
1637 392 1963 437 concentum
2018 380 2189 435 edidit

2292 379 2440 447 φῶν,
2482 378 2695 449 εὒὴχως
2738 377 3002 449 ἐμελῴδει
3030 381 3151 444 ταῖς
3196 378 3497 450 πράξεσιν·
3530 376 3901 447 ἀπελευθέρῳ

608 476 885 548 operibus.
912 475 1049 530 Cum
1068 482 1250 529 autem
1279 478 1493 536 catena,
1525 486 1629 543 qua
1649 470 2011 535 dctinebatur,
2044 480 2189 526 esset

612 566 825 621 cuidam
858 565 1051 619 liberto
1084 563 1410 627 communis,
1433 562 1789 617 nihilominus
1809 562 1923 631 ipse
1950 561 2018 615 ad
2035 562 2189 632 hym-

612 673 713 712 nos
736 656 1015 711 canendos
1040 668 1329 725 assurgens
1359 669 1468 707 non
1495 653 1744 707 trahebat
1760 653 2032 723 jacentem
2054 668 2069 716 ;
2092 651 2188 706 sed

612 753 665 807 iu
714 755 833 823 ejus
881 762 1045 823 caput
1078 752 1345 808 cervicem
1404 751 1692 814 inclinans,
1721 758 1775 804 et
1822 748 2014 820 pedem
2062 749 2187 821 pedi

611 861 783 915 prope
810 846 1168 914 conjungens,
1196 844 1298 899 sibi
1333 842 1550 913 quidem
1605 841 1807 908 standi,
1852 842 2007 897 alteri
2057 858 2189 897 vero

610 936 843 990 cubandi
867 936 1091 1005 parabat
1111 934 1420 989 facultatem
1451 979 1463 999 ,
1494 933 1566 987 ita
1597 942 1657 987 ut
1679 948 1857 1003 neque
1885 933 1977 1003 qui
2009 937 2189 988 stabat

610 1026 829 1082 cubanti
859 1036 1001 1080 esset
1030 1024 1439 1094 impedimento,
1488 1039 1591 1079 nec
1642 1024 1733 1093 qui
1768 1023 2000 1078 cubabat
2018 1023 2185 1078 stanti

610 1116 830 1170 aﬁ’erret
863 1114 1185 1169 molestiam.
1218 1114 1289 1167 At
1316 1113 1571 1183 verojam
1601 1112 1825 1183 propius
1856 1112 1924 1166 ad
1948 1112 2186 1167 miracu-

611 1209 720 1261 lum
752 1207 1040 1270 accedens,
1093 1205 1250 1274 quasi
1292 1205 1459 1275 pedes
1496 1219 1662 1259 ausus
1722 1204 1931 1259 calcare
1990 1203 2187 1257 ﬂuetus

509 1347 512 1350 .
613 1296 795 1358 maris,
827 1296 1065 1365 linguam
1080 1292 1321 1364 demergi
1346 1294 1455 1363 jam
1492 1292 1689 1355 sentio,
1722 1301 1779 1346 et
1801 1306 2022 1345 manum
2050 1290 2185 1345 mihi

609 1385 898 1440 extendere
932 1392 1179 1438 sanctum
1213 1392 1501 1453 martyrem
1533 1397 1652 1449 oro,
1694 1397 1816 1452 quae
1871 1382 1927 1435 in
1968 1381 2047 1436 rei
2076 1392 2184 1436 tam

610 1475 939 1531 admirandae
971 1475 1160 1545 pelago
1180 1473 1483 1528 orationem
1527 1472 1796 1542 deportet.
1827 1468 1944 1525 Nox
1974 1480 2107 1536 erat,
2132 1479 2186 1525 et

609 1566 765 1621 valde
800 1565 1123 1633 intempesta
1164 1578 1271 1616 nox
1310 1578 1323 1614 :
1358 1562 1452 1616 sed
1481 1561 1570 1616 ille
1598 1569 1924 1615 nocturnum
1955 1560 2186 1629 psalmo-

612 1674 732 1713 rum
776 1667 998 1711 cantum
1051 1656 1104 1707 in
1166 1653 1361 1708 animas
1416 1651 1717 1722 lampadem
1778 1649 2074 1706 infundens
2125 1658 2185 1704 ut

614 1752 815 1811 oleum,
839 1747 964 1819 vigil
1017 1757 1073 1801 et
1104 1745 1366 1800 insomnis
1396 1744 1450 1798 in
1480 1745 1770 1799 adventum
1826 1742 2024 1812 Sponsi
2067 1758 2185 1796 ma-
2218 1727 2259 1782 Β

613 1842 781 1896 nebat
805 1840 940 1911 (68).
972 1840 1229 1892 Orantem
1254 1836 1459 1890 audivit
1478 1836 1719 1905 quidam,
1750 1834 1890 1890 forte
1916 1834 1971 1887 in
1992 1834 2186 1889 vincu-

612 1934 678 1987 lis
713 1933 786 1987 ibi
812 1932 1068 1987 dctcntus
1095 1930 1195 1992 vir,
1227 1928 1487 1983 llebrmus
1527 1926 1807 1998 religione,
1862 1925 1953 1995 qui
1989 1934 2187 1995 marty-

615 2021 689 2075 ris
709 2019 1052 2091 quotidianos
1080 2018 1150 2073 ob
1190 2018 1621 2088 deportationem
1674 2015 1911 2086 lapidum
1936 2015 2186 2082 sudores,

614 2120 670 2165 et
693 2120 991 2166 nocturnas
1018 2109 1075 2162 in
1105 2108 1305 2163 divinis
1351 2107 1601 2161 laudibus
1640 2105 1850 2177 vigilias
1883 2118 2067 2159 secum
2098 2118 2189 2158 re-

612 2211 830 2271 putans,
857 2199 976 2254 ﬁxis
995 2198 1166 2254 oculis
1196 2198 1318 2268 ejus
1374 2197 1751 2253 strenuitatem
1798 2194 2185 2250 demirabatur.

612 2290 766 2357 Quod
795 2291 939 2346 enim
964 2289 1375 2345 admirationem
1419 2298 1622 2354 movet,
1677 2287 1862 2354 trahit,
1902 2296 1963 2342 ut
2016 2287 2187 2354 solet,

613 2384 857 2455 captivos
887 2385 1077 2440 oculos
1095 2384 1439 2439 admirantis.
1469 2384 1652 2453 Itaque
1680 2381 1811 2437 dum
1846 2381 2188 2452 inexplebili-

614 2488 697 2533 ter
727 2478 833 2533 hoc
865 2492 926 2533 se
968 2476 1141 2533 reﬁcit
1201 2478 1532 2548 spectaculo,
1595 2478 1877 2548 noctisque
1939 2477 2191 2533 tenebras

616 2566 851 2631 incusat,
882 2567 1026 2636 quod
1048 2566 1097 2622 ei
1130 2581 1241 2621 non
1282 2566 1503 2622 daretur
1534 2566 1735 2637 largius
1765 2566 2031 2637 inspicere
2058 2568 2189 2621 bea-

615 2665 753 2723 tum,
785 2658 923 2713 albis
947 2658 1190 2713 indutam
1243 2659 1648 2713 multitudinem
1682 2659 1847 2725 videt,
1883 2660 1939 2714 in
1967 2660 2189 2715 modum

612 2760 828 2802 corona
857 2747 1369 2818 circumcingentem
1411 2755 1726 2819 martyrem,
1788 2765 1852 2804 ac
1904 2759 2017 2805 tum
2080 2752 2191 2806 oris

613 2836 1041 2906 pulchritudine,
1078 2854 1201 2893 cum
1224 2840 1374 2894 stola:
1438 2839 1726 2909 splendore
1760 2840 2072 2913 fulgentem,
2135 2854 2191 2899 et

612 2928 935 2983 chorearum
967 2937 1139 2995 motu,
1171 2938 1227 2983 et
1260 2928 1429 3001 ﬁgura
1463 2930 1746 2986 victoriam
1775 2932 2064 3003 quamdam
2091 2934 2188 2989 de-

2289 472 2345 526 δέ
2366 489 2473 527 τινι
2496 472 2771 527 κοινωνῶν
2795 473 2896 543 τῆς
2921 474 3229 542 ἐπεχούσης
3251 471 3518 535 ἁλύσεως,
3542 470 3688 541 πρὸς
3708 471 3901 541 ὕμνει-δ

2289 561 2409 615 δίαν
2442 561 2735 632 ἱστάμενος
2781 562 2883 615 οὐκ
2934 561 3155 615 ἀνεῖλκε
3183 560 3276 614 τὸν
3299 561 3586 629 κείμενον·
3624 560 3771 612 ἀλλά
3800 562 3901 614 τέν

2290 652 2491 722 αὐχένα
2528 652 2803 723 κάμπτων
2841 654 2979 725 πρὸς
3025 657 3092 725 τῇ
3140 655 3353 724 κεφαλῇ
3394 653 3491 706 τοῦ
3540 653 3763 725 ἀνδρὸς,
3796 656 3897 706 καὶ

2288 742 2381 796 τὸν
2414 743 2552 797 πόδα
2582 743 2660 814 τῷ
2690 745 2813 798 ποδὶ
2842 745 3131 815 τιθέμενος
3160 746 3381 815 γείτονα
3400 786 3415 809 ,
3447 746 3630 814 ἐαυτῷ
3660 747 3765 816 μὲν
3790 746 3896 817 τὴν

2292 833 2484 889 στάσιν
2515 836 2840 902 ἐφύλαττεν,
2864 838 3059 907 ἐκείνῳ
3083 838 3143 891 δὲ
3162 837 3265 909 τὴν
3290 836 3606 891 ἀνάκλισιν·
3635 837 3720 901 ὡς
3753 838 3893 907 μηδὲ

2288 928 2355 997 τῇ
2398 927 2680 980 ἀνακλίσει
2727 929 3237 1000 παρεμποδίζεσθαι
3266 930 3361 982 τὸν
3399 930 3719 1000 ἱστάμενον,
3751 930 3894 1001 μηδέ

2287 1021 2356 1090 τῇ
2401 1020 2589 1073 στάσει
2638 1021 3084 1091 παραλυπεῖσθαι
3130 1022 3222 1075 τὸν
3269 1022 3544 1092 κείμενον.
3564 1021 3737 1076 Ἀλλά
3779 1023 3895 1091 γάρ

2290 1110 2601 1179 πλησιάσας
2628 1111 2705 1182 τῷ
2737 1112 3002 1180 θαύματι,
3025 1111 3104 1175 ὼς
3131 1112 3197 1183 δὴ
3230 1112 3482 1177 πεζεύειν
3514 1114 3891 1182 ἐπιχειρήσας

2285 1199 2385 1270 τὴν
2421 1200 2722 1266 θάλατταν,
2754 1202 2853 1273 τῆς
2881 1202 3130 1273 γλώττης
3173 1203 3583 1274 βαπτιζομένης
3620 1203 3889 1256 αἰσθάνο-

2292 1308 2411 1359 μαι,
2443 1293 2539 1345 καί
2587 1294 2747 1364 χεῖρα
2803 1292 2896 1347 τδν
2945 1294 3221 1366 μακάρων
3267 1294 3403 1348 αἰτῶ
3455 1295 3749 1364 προτεῖναί
3796 1309 3890 1363 μοι

2289 1382 2566 1454 μάρτυρα,
2593 1383 3031 1449 διαϐαστάζοντα
3073 1385 3167 1439 τὸν
3208 1384 3377 1463 (λόγον
3422 1387 3483 1438 ἐν
3520 1384 3603 1455 τῷ
3647 1384 3889 1451 πελάγει

2284 1469 2380 1523 τοῦ
2429 1471 2731 1542 θαύματος.
2766 1473 2883 1540 Νὺξ
2921 1470 3021 1545 ἦν,
3054 1475 3150 1527 καὶ
3194 1462 3307 1527 τῶν
3339 1474 3555 1528 νυκτῶν
3602 1474 3890 1546 άωρεα.ὀ

2284 1562 2344 1615 δὲ
2390 1562 2491 1634 τὴν
2522 1561 2792 1634 πάννυχον
2829 1564 3151 1636 ψαλμῳδίαν
3182 1568 3248 1636 τῇ
3294 1565 3539 1634 λαμπάδι
3570 1566 3675 1635 τῆς
3704 1567 3889 1637 ψυχῆς

2285 1657 2542 1727 ἐπιχέων,
2576 1658 2652 1721 ὼς
2677 1659 2877 1724 ἔλαιον,
2898 1658 3198 1728 ἀγρύπνως
3219 1659 3315 1712 τοῦ
3337 1660 3595 1730 Νυμφίου
3615 1662 3721 1731 τὴν
3744 1677 3889 1730 παρ-

2287 1751 2478 1801 ουσίαν
2510 1748 2833 1819 ἐφύλαττεν.
2853 1749 3120 1803 Ἐνταῦοά
3146 1767 3232 1813 τις
3274 1753 3613 1821 ἐπηκροᾶτο,
3640 1752 3745 1822 τὴν
3786 1754 3884 1804 τύ-

2288 1855 2393 1910 χην
2423 1838 2665 1909 δέσμιος,
2694 1840 2794 1912 τὴν
2823 1839 3128 1912 θρησκείαν
3151 1841 3428 1913 Ἐϐραῖος,
3456 1843 3516 1906 δς
3543 1845 3676 1907 τοὺς
3698 1845 3889 1914 διημεο

2291 1930 2474 1997 ρινοὺς
2504 1930 2569 1982 ἐκ
2601 1930 2711 1982 τῶν
2746 1930 2913 1985 λίθων
2961 1930 3213 2001 ἱδρῶτας,
3248 1922 3341 1984 καὶ
3368 1933 3431 1985 τὸ
3457 1932 3560 2001 τῆς
3596 1933 3887 2002 θεολογίας

2288 2020 2696 2075 ἀκατεύναστον
2742 2022 3114 2093 λογιζόμενος,
3148 2024 3430 2096 ἀνιστόρει
3457 2023 3555 2079 τοῦ
3602 2027 3887 2096 μάρτυρος

2289 2113 2717 2183 ἀσκαρδαμυκτὶ
2768 2115 2868 2185 τὴν
2919 2114 3301 2186 στερρότητα·
3346 2116 3410 2168 τὸ
3460 2116 3889 2187 θαυμαζόμενον

2289 2201 2401 2271 γάρ
2432 2199 2577 2256 οἶδεν
2619 2203 3007 2275 αἰχμαλώτους
3035 2206 3217 2258 ἕλκειν
3264 2208 3396 2270 τοὺς
3444 2207 3768 2278 ὀφθαλμοὺς
3790 2207 3888 2262 τοῦ

2290 2289 2684 2360 θαυμάζοντος.
2705 2293 3044 2365 Ἀκορέστως
3072 2289 3164 2348 οὖν
3187 2295 3542 2367 ἐπεντρυφῶν
3566 2297 3650 2367 τῷ
3679 2298 3888 2369 θεάμα-

2288 2397 2363 2445 τι,
2400 2382 2497 2435 καὶ
2522 2381 2600 2452 τῷ
2627 2382 2805 2455 σκότῳ
2838 2385 3216 2456 μεμφόμενος,
3243 2387 3327 2439 ὅτι
3369 2388 3444 2458 μὴ
3472 2388 3699 2459 βλέπειν
3726 2390 3889 2459 δαψι·

2289 2468 2563 2541 λεστέρως
2592 2471 2695 2543 ἔχῃ
2723 2472 2816 2525 τὸν
2846 2472 3024 2541 ἅγιον,
3058 2474 3226 2544 ἐνορᾷ
3258 2473 3727 2544 λευχειμονοῦσαν
3751 2475 3889 2545 πλη·

2290 2560 2412 2622 θὺν,
2440 2561 2601 2632 δίκην
2639 2563 2933 2634 στεφάνης,
2965 2565 3406 2635 κυκλωσαμένην
3454 2565 3547 2619 τὸν
3598 2567 3884 2638 μάρτυρα,

2290 2650 2368 2722 τῷ
2392 2668 2453 2705 τε
2478 2652 2668 2706 κάλλει
2717 2654 2819 2725 τῆς
2861 2654 3013 2719 θέας,
3045 2656 3141 2710 καὶ
3169 2657 3248 2727 τῷ
3276 2657 3518 2729 λαμπρῷ
3551 2659 3657 2728 τῆς
3689 2659 3889 2729 στολῆς

2290 2740 2797 2815 ἐξαστράπτουσαν,
2824 2744 3051 2817 καὶτῆς
3096 2748 3321 2819 χορείας
3367 2748 3447 2819 τῷ
3493 2751 3738 2821 σχήματι
3790 2754 3891 2821 τὴν

2292 2833 2450 2906 νίκην
2501 2834 2837 2906 μηνύουσαν.
2866 2837 3242 2909 Συνεπεδήμει
3285 2838 3342 2893 δέ
3381 2840 3557 2910 ταύτῃ
3600 2841 3701 2894 καὶ
3748 2842 3886 2912 φῶς,

2291 2922 2484 2997 ὥσπερ
2513 2926 2665 2996 ἥλιος
2696 2929 2766 2997 τῇ
2798 2926 3052 3000 δᾳδουχίᾳ⁸
3078 2929 3190 2982 τῶν
3221 2930 3461 2983 ἀκτίνων
3491 2933 3888 3005 πυρσεύοντος·

613 3017 934 3072 clarantem.
964 3017 1072 3072 Sed
1100 3026 1155 3071 et
1185 3020 1399 3073 turbam
1432 3012 1602 3089 ipsam
1631 3020 1835 3091 ubique
1863 3023 2191 3092 sequebatur

2293 3011 2400 3065 ἔδει
2434 3014 2546 3084 γάρ
2573 3017 2700 3079 τοὺς
2733 3016 2915 3085 φωτὸς
2946 3016 3228 3088 ὑπηρέτας
3261 3020 3362 3072 σὺν
3399 3020 3543 3087 φωτὶ
3573 3022 3891 3092 παραγενέ-

616 3107 864 3177 quaedam
891 3108 1004 3175 lux,
1057 3110 1207 3163 velut
1247 3110 1327 3165 sol
1374 3111 1648 3166 radiorum
1676 3112 1797 3167 face
1851 3128 2189 3170 coruscans:

616 3213 836 3269 aequum
862 3198 1007 3253 enim
1040 3207 1175 3264 erat,
1215 3209 1275 3254 ut
1304 3216 1414 3256 non
1439 3201 1557 3257 sine
1586 3203 1709 3259 luce
1734 3215 2080 3274 apparerent,
2100 3206 2190 3276 qui

621 3288 760 3342 lucis
781 3296 936 3342 erant
963 3288 1220 3345 ministri.
1246 3291 1431 3362 Itaque
1469 3292 1558 3347 ille
1586 3294 1785 3349 mentis
1809 3304 2031 3365 stupore
2066 3313 2192 3367 per-

621 3381 807 3437 culsus
860 3382 1176 3454 angelorum
1232 3385 1540 3455 suspicatur
1596 3402 1718 3442 esse
1744 3387 2035 3444 delectum.
2088 3390 2193 3446 Sed

616 3484 809 3525 rursus
837 3472 1375 3541 superhumeralibus
1396 3489 1492 3530 eos
1522 3474 1742 3532 indutos
1796 3478 2003 3546 videns,
2070 3496 2195 3536 mu-

618 3565 731 3613 tato
768 3559 996 3616 consilio
1030 3576 1095 3615 ex
1123 3561 1342 3617 habitus
1368 3562 1540 3634 ﬁgura
1585 3567 1870 3637 episcopos
1895 3584 2016 3624 esse
2045 3572 2193 3643 cogi-

617 3656 716 3703 tat.
741 3647 880 3702 Tum
910 3664 1040 3704 vero
1065 3651 1227 3705 etiam
1268 3652 1532 3707 illustrem
1562 3656 1905 3711 Anastasium
1938 3674 2105 3714 unum
2129 3677 2195 3716 ex

619 3735 969 3791 multitudine
998 3736 1202 3791 factum
1228 3738 1386 3807 vidit,
1407 3742 1651 3810 ejusdem
1669 3744 1820 3800 stolae.
1840 3746 2196 3804 similitudine

620 3824 849 3880 miriﬁce
879 3826 1164 3882 nitentem.
1198 3827 1335 3883 Huic
1369 3840 1549 3886 autem
1576 3833 1795 3903 quidam
1838 3837 2077 3906 juvenis,
2102 3839 2195 3909 qui

621 3922 771 3970 tanta
794 3924 910 3971 erat
938 3917 1199 3990 dignitate
1246 3936 1309 3975 ac
1336 3920 1545 3977 honore
1583 3926 1930 3996 conspicuus,
1966 3938 2025 3984 ut
2043 3930 2196 3984 vide-

624 4014 776 4062 retur
801 4011 1215 4081 quamproxime
1241 4013 1311 4067 ad
1340 4013 1505 4069 Deum
1532 4016 1815 4084 accedere,
1858 4034 2027 4091 prope
2055 4031 2199 4077 asta-

616 4100 729 4165 bat,
767 4112 1009 4157 aromata
1047 4117 1212 4172 super
1239 4104 1506 4159 carbones
1548 4106 1604 4159 in
1659 4108 1881 4163 odorem
1915 4112 2197 4168 suavitatis

617 4193 965 4248 comburens.
997 4192 1129 4260 Quae
1163 4195 1252 4249 hic
1282 4195 1444 4267 igitur
1474 4197 1713 4253 hominis
1746 4203 2055 4259 sententia?
2084 4205 2197 4260 Ad-

618 4282 908 4339 miratione
953 4296 1010 4341 et
1064 4287 1259 4342 timore
1292 4302 1398 4340 una
1452 4287 1615 4342 simul
1657 4302 1941 4363 correptus
1989 4296 2193 4365 haeret,

2295 3103 2445 3159 σθαι.
2464 3104 2555 3168 Ὠς
2583 3105 2644 3159 δέ
2669 3106 2760 3159 τὸν
2788 3106 2916 3161 νοῦν
2943 3110 3011 3180 τῇ
3042 3108 3309 3176 ἐκπλήξει
3341 3111 3713 3182 σφιγγόμενος
3739 3153 3765 3180 ,
3786 3114 3890 3180 ἀγ-

2291 3194 2467 3262 γέλων
2500 3194 2825 3250 ὑπώπτευεν
2860 3194 3001 3252 εἶναι
3047 3199 3372 3265 κατάλογον.
3399 3200 3756 3271 Θεασάμενός
3790 3198 3891 3254 αὖ·

2294 3284 2380 3349 θις
2425 3287 2849 3359 περικειμένους
2899 3287 3220 3363 ὠμοφόρια,
3255 3290 3570 3361 μετετίθετο
3612 3292 3718 3363 τὴν
3770 3294 3888 3347 διάο

2293 3395 2465 3442 νοιαν,
2495 3380 2831 3444 ἐπισκόπους
2863 3380 2998 3434 νοῶν
3040 3383 3108 3452 τῇ
3152 3380 3416 3452 ἐξηγήσει
3450 3381 3545 3435 τοῦ
3579 3384 3886 3454 σχήματος.

2296 3468 2428 3527 Εἶτα
2459 3476 2555 3528 καὶ
2582 3475 2675 3529 τὸν
2704 3477 3017 3531 καλλίνικον
3053 3478 3407 3532 Ἀναστάσιον
3430 3476 3585 3547 ἑώρα
3611 3478 3717 3547 τῆς
3745 3478 3889 3548 πλη-

2296 3566 2422 3631 θύος
2448 3568 2548 3622 ἒνα
2576 3570 2897 3639 γενόμενον,
2929 3570 3026 3624 καὶ
3061 3569 3143 3640 τῷ
3167 3572 3267 3641 τῆς
3311 3569 3507 3638 στολῆς
3534 3569 3889 3640 όμοιοτρὸπῳ

2295 3656 2565 3729 λαμπρῶς
2595 3659 3032 3726 καταυγάζοντα.
3057 3659 3245 3730 Τούτῳ
3273 3659 3492 3723 νεανίας
3513 3660 3803 3727 ἐφίσταται
3828 3662 3889 3713 τὸ

2296 3744 2517 3818 ἀξίωμα
2548 3748 2745 3819 μέγας,
2771 3750 2872 3820 τὴν
2898 3751 3063 3821 τιμὴν
3094 3748 3299 3820 ὑψηλὸς
3322 3789 3338 3813 ,
3371 3751 3467 3804 καὶ
3500 3748 3579 3802 ὢν
3606 3750 3887 3819 ἀγχίθεος,

2297 3834 2556 3907 ἄνθραξιν
2597 3838 2837 3892 ἐκκαίων
2881 3839 3016 3910 πρὸς
3047 3838 3275 3891 εὐωδίαν
3315 3838 3610 3909 ἀρώματα.
3642 3839 3711 3891 Τί
3733 3834 3830 3891 οὖν
3858 3841 3888 3890 ό

2297 3926 2616 3996 ἄνθρωπος;
2652 3928 2988 4000 Μεταίχμιος
3017 3928 3227 3996 γίνεται
3259 3929 3430 3998 φόὸου
3458 3931 3554 3982 καὶ
3580 3929 3883 3999 θαύματος.

2296 4016 2597 4084 Σύγκλινον
2623 4019 2803 4074 τοίνυν
2830 4021 2971 4090 ἔχων
2996 4019 3325 4092 Χριστιανὸν
3356 4020 3744 4084 Σκυθοπόλεως
3784 4022 3888 4091 ἀρ-

2296 4123 2486 4176 χοντα,
2517 4108 2617 4179 τῆς
2660 4110 2926 4175 ὀπτασίας
2969 4110 3117 4181 αὐτῷ
3166 4111 3492 4182 μεταδοῦναι
3523 4111 3879 4182 γλτχόμενος,

2301 4200 2569 4271 ἐπειρᾶτο
2591 4200 2946 4272 δισναστῆσαι
2975 4203 3327 4269 καθεύδοντα,
3363 4205 3450 4257 ἵνα
3485 4206 3544 4257 τὸ
3569 4204 3751 4273 θέαμα
3780 4221 3885 4273 με-

2298 4290 2589 4364 ριζόμενος
2636 4294 3068 4366 ἐπελαφρύνοιτο
3114 4296 3214 4368 τὴν
3260 4296 3553 4365 ἔκπληξιν·
3582 4296 3656 4360 ὡς
3693 4296 3752 4349 δὲ
3784 4298 3886 4365 τὴν

617 4390 744 4429 cum
767 4386 948 4432 autem
968 4393 1140 4449 prope
1180 4380 1455 4450 jacentem
1504 4380 1873 4439 Christianum
1904 4390 2191 4457 quemdam

2301 4386 2460 4453 χεῖρα
2485 4385 2622 4456 πρὸς
2643 4385 2734 4439 τὸν
2764 4388 3016 4457 κείμενον
3039 4389 3309 4453 ἐϐιάζετο,
3322 4389 3414 4442 τὸν
3445 4389 3611 4456 φόϐον
3633 4388 3882 4442 ἀντιδια-

619 4466 867 4533 haberet,
903 4470 1295 4543 Scytbopoleos
1316 4475 1617 4546 principem
1668 4475 1843 4532 virum
1870 4478 2004 4549 (69),
2040 4496 2191 4536 eum-

2299 4472 2529 4544 ζόμενον
2559 4474 2805 4548 εὕρισκε,
2825 4479 2922 4532 καὶ
2953 4479 3100 4551 ψυχῇ
3132 4480 3602 4551 συμϐουλεύουσα,
3628 4480 3886 4549 πειθομέ-

616 4575 724 4630 que
761 4562 986 4618 visionis
1010 4566 1331 4636 participem
1367 4567 1544 4623 facere
1599 4569 1950 4626 vehementer
1977 4573 2191 4629 deside-

2299 4582 2399 4637 νην
2430 4565 2528 4638 τὴν
2555 4566 2741 4636 δεξιάν
2773 4572 2874 4624 οὐκ
2916 4573 3132 4643 ἐδέχετο
3152 4588 3167 4604 ·
3198 4575 3295 4626 καὶ
3327 4573 3464 4643 πρὸς
3501 4573 3693 4625 ἑαυτὸν
3722 4573 3751 4623 ό
3786 4573 3884 4625 άν-

618 4662 764 4707 raret
822 4654 959 4725 (70),
1019 4657 1240 4712 molitus
1295 4668 1380 4713 est
1427 4658 1787 4714 dormientem
1830 4662 2093 4729 excitare,
2135 4675 2191 4720 ut

2295 4664 2512 4735 θρωπως
2536 4667 2882 4737 ἐστασίαζεν,
2919 4671 3055 4741 μηδὲ
3081 4670 3159 4740 τῷ
3190 4670 3403 4740 σώματι
3445 4667 3883 4739 συνηρεμοῦντος

618 4757 741 4796 cum
770 4759 838 4799 eo
881 4747 1250 4816 spectaculum
1304 4748 1553 4804 dividens
1597 4750 1867 4806 levaretur
1918 4754 2036 4825 ipse
2090 4756 2191 4811 ali-

2293 4757 2389 4811 τοῦ
2418 4758 2546 4825 νοῦ,
2582 4760 2719 4830 μηδὲ
2744 4760 2823 4832 τῷ
2851 4780 2928 4834 νῳ
2961 4764 3328 4833 συγκειμένου
3351 4763 3446 4815 τοῦ
3476 4762 3748 4833 σώματος.
3783 4762 3884 4814 Τέ-

617 4834 933 4907 quantisper
966 4847 1211 4911 stupore.
1258 4841 1395 4896 Cum
1452 4849 1634 4896 autem
1682 4843 1913 4913 jacentis
1966 4863 2187 4906 manum

2300 4848 2391 4912 λος
2418 4850 2634 4924 ἀνάγκῃ
2659 4852 2758 4923 τὴν
2784 4854 3033 4925 ἀνάγκην
3067 4855 3254 4919 νικῶν,
3277 4854 3403 4909 ὅλον
3436 4856 3629 4908 ἑαυτὸν
3660 4854 3741 4924 τῷ
3762 4870 3884 4908 κει-

618 4923 883 4983 violenter
911 4932 1344 5001 compressisset,
1400 4931 1514 5001 pari
1542 4931 1596 4988 vi
1614 4932 1683 4989 ab
1710 4948 1776 4989 eo
1824 4946 2002 4994 metus
2025 4956 2184 4999 causa

2300 4944 2448 5017 μένῳ
2493 4923 2901 5018 προσέρριψεν·
2944 4923 3187 5015 ἐγεγόνει
3236 4949 3345 5018 γάρ
3392 4965 3497 5013 τις,
3549 4946 3625 5009 ὡς
3678 4923 3881 5013 εἰπεῖν,

2095 5166 2325 5227 NOTAE.

684 5310 797 5383 (68)
833 5310 1026 5383 hjatth.
1055 5330 1181 5383 xxv,
1217 5319 1270 5372 4.

688 5382 799 5462 (ὅθ)
844 5381 1187 5462 Scythopolis
1223 5385 1525 5462 Palaestinae
1566 5390 1778 5462 civitas,
1803 5393 2035 5451 Galilame
2064 5410 2198 5451 eon-

614 5457 864 5537 termina,
914 5469 957 5537 a‘
988 5457 1583 5537 sacris__s_criptori_bu_s_
1621 5457 1850 5537 Bethsaii
1904 5465 2195 5537 appellata,

614 5527 1104 5605 sescentisustadiis
1151 5527 1386 5605 distabat
1422 5531 1489 5605 ab
1521 5527 2023 5605 Hierosolymisfl'n
2046 5527 2195 5592 Actis

612 5589 779 5673 apud
807 5590 1129 5673 Bollandttm
1174 5598 1675 5673 Scythopolitanus,
1711 5589 1803 5672 qui
1854 5589 2197 5662 cum—sancto

616 5656 901 5719 Anastasio
930 5664 985 5719 in
1032 5667 1222 5724 eodem
1248 5656 1491 5726 'carc'ere
1532 5656 2198 5748 devinciat“536.1831

2298 5328 2587 5412 praefectus
2635 5330 2871 5401 dicitur;
2924 5343 3024 5385 nos
3072 5328 3311 5402 ἄρχοντα
3364 5329 3652 5400 principem
3709 5293 3885 5385 virum

2296 5410 2585 5543 “Isti
2632 5470 2821 5527 Gra‘co
2853 5480 3114 5543 mendose
3142 5480 3228 5526 est
3254 5469 3722 5543 Tl'qxdpsyogipro
3762 5469 3885 5538 γλι-

2296 5540 2543 5611 χόμενος,
2565 5551 2627 5612 et
2641 5556 2766 5597 mox
2788 5558 2851 5594 συ
2860 5542 3230 5612 μϐουλεύουσα
3256 5540 3886 5611 ρυόίσυμϐουλεύουσαν,

2296 5621 2350 5665 et
2382 5611 2705 5676 ἐστασίαζεν
2732 5627 2830 5681 pro
2852 5613 3200 5667 ἐστασίασαν.
