4152 6290
296 281 457 345 1709-

1352 288 1524 351 VITA
1562 291 1623 351 S.
1655 291 2053 357 ANASTASII
2095 300 2499 366 MARTYRIS.

3423 316 3557 381 1710

293 391 670 462 συνασπισμὸς
696 392 803 445 τῶν
838 392 1017 465 μελῶν
1053 394 1187 466 πρὸς
1217 397 1317 468 τὴν
1354 399 1592 470 κίνησιν,
1629 403 1705 473 μὴ
1750 404 1860 456 τολ-

1974 409 2158 479 repelli
2218 413 2407 478 sensit,
2461 430 2563 469 nec
2615 431 2714 469 suo
2756 417 3029 475 desiderio
3097 426 3546 493 respondentem.

294 488 505 557 μῶντος
563 486 682 549 ἐνὸς
732 488 1087 558 προπηδῆσαι
1133 489 1227 543 τοῦ
1279 490 1553 561 σώματος.
1609 490 1742 548 Εῐτα
1785 497 1879 550 τοῦ

291 580 459 633 ὐπνου
494 578 583 632 διά
611 581 709 648 τῆς
741 579 978 651 ἐμϐολῆς
1012 582 1505 652 δραπετεύσαντος,
1520 566 1870 653 Ἀπόόλεὼον,

289 666 333 724 ὧ
361 663 539 735 οὗτος,
567 669 841 736 ἐνταυθοῖ,
877 671 967 724 τὸν
1004 670 1259 742 Ἐϐραῖον
1288 673 1464 725 εἰπεῖν
1488 689 1501 701 ·
1531 673 1627 726 καὶ
1670 669 1738 744 ἦν
1766 669 1871 728 ὀὐ-

287 762 376 816 δὲν
395 801 410 825 ,
438 761 467 814 ὃ
499 762 573 833 μὴ
608 762 706 831 τῆς
737 762 1000 833 συνήθους
1031 761 1208 831 ὅψεως
1245 763 1490 834 ὑπῆρχεν
1533 764 1827 819 ἀντίτυπον
1853 782 1868 798 θ

286 854 364 925 τῷ
381 872 439 907 τε
468 853 781 924 Χριστιανῷ
808 853 905 924 τὴν
936 853 1168 925 Θεωρίαν
1190 855 1443 925 ἱστόρησε
1464 898 1477 916 ,
1507 856 1601 909 καὶ
1628 858 1765 927 ὅπερ
1790 857 1870 911 δι’

287 947 582 1017 ὀφθαλμῶν
612 949 639 1000 6
672 946 795 1009 νοῦς
830 946 927 999 οὐκ
957 946 1191 1000 ἐπύθετο
1214 988 1229 1012 ,
1261 950 1372 1010 τοῖς
1402 947 1536 1000 ὠσὶν
1570 948 1823 1002 ἐτεθέατο
1853 966 1865 981 ·

288 1036 581 1107 ζημιοῦται
624 1035 733 1109 γὰρ
765 1036 927 1089 πλέον
954 1036 1130 1099 οὐδὲν,
1167 1036 1199 1107 ἥ
1235 1036 1489 1106 αἴσθησιν
1533 1037 1866 1109 ἀντάίσθὴ-

288 1147 425 1191 cem;
452 1128 1020 1198 ἀλλαξάμενος.Τοῦτο
1049 1128 1345 1199 πολύτιμος
1370 1132 1447 1198 τῷ
1479 1130 1717 1201 μάρτυρι
1743 1132 1865 1183 στέ-

288 1237 454 1287 φανος
479 1236 492 1249 ⁸
538 1218 698 1272 τοῦτο
727 1218 819 1271 τοῦ
852 1217 1089 1289 ἀθλητοῦ
1122 1217 1449 1288 θριαμϐεύει
1480 1218 1579 1290 τὴν
1606 1219 1744 1289 πρὸς
1774 1221 1864 1272 οὐ·

292 1310 451 1379 ρανὸν
494 1310 886 1381 ἀναγόρευσινο
957 1310 1052 1362 καὶ
1103 1309 1346 1362 τοιοῦτον
1398 1308 1492 1362 τοῦ
1557 1310 1862 1379 παραδόξου

291 1403 524 1454 ποιεῖται
558 1400 758 1471 θεατὴν
788 1402 815 1452 6
843 1398 995 1463 Θεὸς,
1013 1399 1073 1451 οὐ
1099 1390 1190 1451 τοῦ
1222 1398 1552 1470 Χριστιανοῦ
1588 1400 1746 1453 πλέον
1779 1418 1863 1453 τι-

290 1492 541 1562 μώμενος
562 1507 574 1519 ⁸
618 1491 733 1544 ἀλλ’
754 1491 903 1552 ὅπως
936 1489 1013 1561 μὴ
1035 1492 1101 1560 τῇ
1129 1490 1310 1560 σχέσει
1333 1489 1432 1559 τῆς
1463 1489 1699 1553 πίστεως
1724 1490 1862 1559 κόμ-

288 1601 389 1645 πος
430 1581 746 1652 ὐποπτευθῇ
784 1581 844 1634 τὸ
874 1581 1143 1651 διήγημα,
1179 1582 1245 1650 τῇ
1294 1580 1390 1632 τοῦ
1445 1580 1641 1650 ἐχθροῦ
1694 1598 1863 1651 προσ-

288 1675 565 1748 μαρτυρίᾳ
592 1675 655 1727 τὸ
684 1673 871 1744 θαῦμα
908 1672 1302 1743 πιστούμενοςο
1337 1670 1487 1736 ἄξιον
1536 1671 1594 1724 δὲ
1640 1674 1731 1726 καὶ
1766 1674 1863 1744 τῆς

283 1767 453 1836 αὐτῆς
483 1764 894 1835 ἀπογεύσασθαι
923 1764 1229 1833 διηγήσεως
1250 1779 1263 1791 '
1297 1762 1359 1815 οὐ
1389 1761 1499 1832 γὰρ
1524 1762 1605 1815 ὅτι
1633 1761 1861 1832 δαψιλὴς

1986 502 2527 575 consentientemque
2585 506 2863 564 dexteram
2903 514 3129 583 recepit.
3168 515 3348 582 Quare
3385 523 3555 591 magis

1978 590 2254 661 magisque
2276 594 2391 664 ipse
2413 597 2468 651 in
2488 600 2762 655 contraria
2797 602 3074 670 dividitur,
3104 622 3213 661 non
3238 610 3554 678 quiescente

1975 680 2168 748 spiritu
2193 698 2317 740 cum
2341 702 2590 758 corpore,
2622 705 2724 744 nec
2747 707 2853 746 una
2881 693 3042 749 simul
3071 711 3195 751 cum
3222 713 3451 769 corpore
3464 703 3552 772 ja-

1972 785 2130 827 cente
2160 776 2372 844 spiritu.
2402 779 2643 836 Tandem
2673 783 2781 837 vim
2818 784 2869 838 vi
2910 800 3167 856 superare
3213 794 3553 847 contendens

1972 871 2141 918 totum
2159 867 2236 921 sci
2242 883 2397 936 psum
2420 869 2475 924 in
2491 887 2659 941 prope
2676 873 2945 942 jacentem
2966 876 3209 945 proiecit.
3226 879 3388 934 Facta
3404 882 3550 936 enim

1971 953 2025 1007 in
2048 968 2114 1008 eo
2134 964 2271 1021 erat,
2296 957 2338 1011 si
2371 957 2450 1014 fas
2470 969 2554 1015 est
2581 961 2783 1024 dicere,
2805 964 3051 1033 quadam
3072 966 3463 1031 membrorum,
3496 980 3554 1023 ut

1971 1040 2029 1095 ﬁt
2058 1042 2111 1096 in
2135 1044 2273 1100 bello
2302 1046 2611 1118 clypeorum
2635 1051 2904 1114 densatio,
2931 1069 3041 1108 non
3072 1071 3200 1120 uno,
3237 1058 3322 1111 vel
3379 1058 3552 1113 altero

1968 1131 2201 1187 audente
2230 1150 2338 1204 pra:
2358 1138 2673 1207 stupiditate
2707 1142 2923 1197 exsilire
2950 1159 2981 1197 e
3001 1158 3249 1213 corpore.
3274 1144 3459 1214 Itaque
3483 1160 3549 1199 ex

1967 1222 2228 1278 irruentis
2256 1225 2463 1297 impetu
2490 1244 2683 1286 somno
2712 1247 2977 1299 excusso,
3013 1241 3127 1287 tum
3160 1232 3423 1289 llebrzeus
3461 1236 3548 1289 di-

1964 1330 2089 1370 cere
2123 1334 2134 1368 :
2170 1317 2316 1373 Heus
2334 1328 2390 1372 tu
2409 1320 2536 1377 illuc
2565 1324 2752 1379 attolle
2779 1325 2985 1379 oculos.
3008 1324 3112 1381 Sed
3142 1326 3248 1397 jam
3270 1326 3406 1380 nihil
3430 1314 3547 1381 erat

1963 1402 2195 1472 amplius
2213 1406 2523 1471 videndum,
2547 1426 2708 1479 quam
2731 1413 2875 1481 quod
2894 1413 3066 1468 solita!
3082 1429 3264 1468 rerum
3285 1414 3546 1485 imagines

1963 1494 2485 1553 oﬁ'erebant.Narrat
2502 1501 2662 1571 igitur
2687 1503 2999 1561 Christiano
3015 1506 3255 1561 oblatum
3280 1507 3380 1563 sibi
3400 1523 3547 1575 spec-

1964 1583 2222 1649 taculum,
2241 1589 2453 1656 etquod
2469 1606 2620 1646 mens
2639 1609 2749 1651 non
2774 1596 2944 1651 oculis
2972 1598 3237 1665 audierat,
3269 1615 3371 1654 nec
3396 1599 3511 1652 auri
3528 1629 3544 1639 -

1963 1674 2066 1729 bus
2096 1674 2306 1732 viderat
2329 1682 2550 1750 exponit
2582 1700 2596 1736 :
2623 1686 2824 1757 quippe
2857 1689 2934 1742 nil
2962 1691 3022 1745 ﬁt
3046 1692 3219 1763 magis
3254 1692 3543 1752 incertum,

1962 1781 2122 1835 quam
2150 1766 2196 1823 si
2220 1783 2440 1824 sensum
2461 1788 2558 1851 pro
2574 1790 2738 1831 sensu
2768 1782 3208 1836 commutaveris.
3236 1780 3392 1836 Nunc
3416 1797 3543 1835 vere

284 1861 315 1928 ὴ
346 1859 610 1921 ἑστίασις,
643 1857 740 1927 ἤδη
765 1855 971 1926 μεταξύ
999 1853 1161 1906 καλὸν
1189 1852 1650 1916 ἀπαλλάττεσθαι,
1675 1851 1860 1921 ῶσπερ

1970 1857 2204 1927 pretiosa
2230 1875 2428 1916 corona
2455 1848 2614 1921 datur
2633 1871 2883 1941 martyri!
2908 1887 3053 1927 nunc
3075 1874 3235 1943 plane
3258 1875 3462 1929 athleta
3485 1874 3539 1926 in
3582 1934 3592 1943 .

283 1952 606 2023 αἰτιώμενος
631 1950 724 2005 τοῦ
757 1949 1073 2020 ἑστιάτορος
1106 1947 1167 1999 τὸ
1198 1947 1499 2016 φιλότιμον.

1967 1949 2106 2003 crelo
2137 1951 2479 2023 triumphans
2507 1958 2899 2026 proclamaturl
2921 1963 3026 2017 Sed
3066 1964 3213 2019 hunc
3235 1964 3310 2017 rei
3329 1974 3436 2018 tam
3454 1962 3542 2017 ad-

282 2049 543 2103 mirandze
570 2054 930 2117 spectatorem
969 2041 1252 2097 constituit
1281 2041 1444 2105 Deus,
1499 2049 1607 2094 non
1642 2039 1783 2109 quod
1805 2040 1925 2111 plus
1953 2041 2202 2109 Hebraeo,
2232 2063 2393 2118 quam
2422 2051 2730 2107 Christiano
2757 2056 2957 2112 tribuat
2983 2058 3235 2126 honoris,
3269 2060 3362 2116 sed
3399 2058 3543 2129 quod

280 2148 346 2200 ad
400 2144 765 2214 suspicionem
817 2147 1022 2195 ornatae
1090 2138 1251 2192 nimis
1304 2138 1633 2191 narrationis
1694 2137 1983 2193 tollendam
2040 2141 2283 2200 miraculi
2337 2147 2497 2205 ﬁdem
2554 2153 2681 2207 velit
2751 2154 2949 2209 inimici
3027 2156 3335 2212 testimonio
3411 2166 3541 2208 con-

286 2244 575 2302 ﬁrmatam,
612 2238 741 2307 quin
788 2236 952 2290 etiam
989 2234 1243 2289 eumdem
1273 2232 1403 2287 facit
1451 2232 1693 2301 dignum,
1732 2241 1790 2285 ut
1842 2232 1918 2286 rei
1980 2233 2151 2305 ipsius
2202 2244 2569 2299 narrationem
2632 2257 2822 2317 postea
2896 2250 3186 2322 degustet:
3233 2263 3335 2304 nec
3386 2247 3535 2302 enim

284 2336 506 2399 idcirco,
529 2334 656 2403 quia
683 2332 888 2385 lautum
913 2336 998 2383 est
1032 2325 1367 2387 convivium,
1415 2339 1629 2395 :equum
1662 2331 1765 2388 est,
1804 2332 1863 2378 ut
1893 2325 2018 2395 quis
2042 2342 2109 2383 eo
2134 2332 2376 2389 nondum
2424 2337 2640 2407 expleto
2677 2339 2939 2408 discedat,
3000 2342 3154 2413 quasi
3206 2340 3429 2396 nimiam
3457 2340 3543 2393 in-

282 2437 434 2485 cuset
463 2425 804 2482 convivantis
838 2422 1165 2493 largitatem.

352 2573 485 2624 Ὅτε
536 2569 599 2622 τὸ
646 2568 896 2636 γενναῖον
941 2567 1036 2619 τοῦ
1088 2565 1365 2638 μάρτυρος
1412 2563 1560 2632 τρισὶ
1611 2562 1808 2623 πάλαις
1836 2560 1865 2612 6

280 2661 654 2734 Μαρζαὸανᾶς
700 2659 1101 2729 κατηρεύνησε,
1132 2656 1210 2726 τῷ
1253 2656 1504 2727 τυράννῳ
1550 2654 1610 2707 τὸ
1646 2651 1864 2706 εὐτονον

278 2755 373 2809 τοῦ
404 2752 639 2825 ἀθλητοῦ
673 2752 1047 2821 κατεμήνυσεν
1070 2768 1083 2781 ·
1120 2750 1197 2813 ὡς
1233 2749 1289 2801 δὲ
1320 2749 1419 2818 τῆς
1448 2745 1673 2817 γραφῆς
1698 2745 1866 2809 ὀξέως

280 2844 601 2910 ἀντεδέξατο
650 2844 746 2911 τὴν
797 2841 1109 2908 ἀπόφασιν,
1144 2840 1343 2892 οἰκεῖον
1395 2836 1864 2907 ὐποπεμψάμενος

280 2940 574 3010 πρόσωπον
628 2936 692 2987 ὲκ
744 2932 837 2985 τοῦ
885 2930 1264 3002 δεσμωτηρίου
1326 2930 1716 3000 μετακαλεῖται
1770 2926 1863 2979 τὸν

282 3035 453 3100 ἆγιον.
490 3026 623 3082 Εἶτά
653 3042 808 3097 φησι·
839 3023 1067 3077 Κελεύει
1099 3040 1158 3076 σε
1186 3022 1441 3093 βασιλεὺς
1475 3020 1567 3074 τὸν
1596 3020 1863 3089 Χριστια-

280 3122 471 3192 νισμδν
514 3115 923 3187 ἀπαγορεῦσαι,
972 3113 1118 3184 μόνῳ
1152 3112 1502 3183 προσρήματι
1534 3108 1633 3177 τῆς
1667 3107 1853 3159 εὐπει-

2032 2560 2150 2616 Jam
2184 2580 2310 2620 vero
2342 2582 2467 2623 cum
2512 2586 2829 2642 generosam
2871 2574 3125 2645 martyris
3178 2575 3537 2630 constantiam

1963 2650 2311 2713 Marzahanas
2338 2659 2510 2715 tribus
2558 2664 2825 2732 palaestris
2843 2663 2974 2719 satis
2991 2665 3344 2736 explorasset,
3361 2667 3541 2721 athle-

1963 2755 2032 2801 tae
2056 2748 2365 2805 ﬁrmitatem
2401 2762 2628 2824 tyranno
2656 2756 2949 2828 signiﬁcat.
3009 2757 3202 2814 Statim
3245 2766 3430 2815 autem
3474 2775 3538 2815 ac

1962 2854 2281 2910 responsum
2340 2846 2453 2899 suis
2486 2846 2683 2904 litteris
2740 2849 2969 2921 accepit,
3028 2849 3097 2905 ad
3151 2850 3536 2907 arcessendum

1961 2940 2209 2985 sanctum
2231 2949 2261 2988 e
2281 2949 2499 2991 carcere
2524 2939 2811 3007 quemdam
2837 2956 2869 2995 e
2896 2941 3012 2995 suis
3031 2939 3388 2998 familiaribus
3410 2941 3539 2996 mit-

1962 3021 2045 3075 tit.
2106 3022 2245 3077 Tum
2289 3026 2406 3079 ait:
2455 3027 2621 3084 Jubet
2671 3038 2722 3084 te
2764 3045 2860 3084 rex
2889 3031 3369 3087 Christianismum
3424 3047 3536 3088 uno

1965 3110 2134 3166 verbo
2166 3116 2506 3180 renuntiare,
2539 3134 2638 3187 pro
2660 3134 2769 3188 quo
2796 3134 2906 3175 uno
2939 3121 3127 3189 verbo,
3164 3122 3209 3177 si
3250 3122 3300 3177 ei
3329 3137 3536 3179 morem

281 3214 433 3276 θείας
465 3205 947 3279 ἀντιχαριζόμενός
992 3222 1075 3258 σοι
1107 3205 1208 3272 τὴν
1238 3205 1375 3274 πρὸς
1415 3201 1475 3255 τὸ
1505 3200 1696 3269 μέλλον
1727 3198 1859 3250 αὐτ-

1963 3204 2215 3277 gesseris,
2252 3205 2476 3261 liberam
2517 3208 2614 3263 tibi
2645 3210 2711 3264 de
2740 3209 2924 3265 futuro
2954 3211 3230 3281 optionem
3270 3213 3538 3286 benignus

280 3306 523 3373 εξούσιον
551 3304 761 3374 αἰρεσιν
781 3318 795 3330 ο
836 3300 947 3353 εἴτε
979 3297 1078 3367 τὴν
1120 3294 1414 3368 μοναδικὴν
1455 3292 1664 3355 ἐθέλεις
1697 3308 1863 3362 μετα-

280 3397 617 3471 χειρίζεσθαι
670 3394 901 3458 δίαιταν,
929 3391 1038 3443 εἴτε
1080 3389 1178 3442 σὺν
1228 3390 1363 3458 ἡμῖν
1415 3385 1573 3448 αὐθις
1628 3382 1861 3451 ἱππότης

282 3488 690 3565 στρατεύεσθαι.
713 3482 785 3556 Ὦ
834 3484 1140 3553 ἀνάμεστον
1184 3479 1441 3549 εὐηθείας
1489 3477 1550 3531 τὸ
1585 3476 1858 3545 σόφισμαι

279 3587 417 3647 Νῦν,
449 3582 603 3654 φησὶ,
635 3579 779 3633 δίδου
808 3577 871 3631 τὸ
902 3574 1105 3645 πτῶμα
1139 3571 1217 3645 τῷ
1263 3572 1573 3644 σκάμματι,
1614 3570 1709 3622 καὶ
1762 3568 1861 3643 τὴν

280 3674 450 3749 ἧτταν
484 3671 841 3729 ἁναπαλαίειν
888 3671 946 3723 ὲν
985 3668 1103 3722 σοί*
1140 3666 1173 3736 ἢ
1219 3662 1550 3736 προσμένειν
1594 3660 1675 3733 τῷ
1711 3659 1860 3713 πτώ-

285 3788 416 3841 ματι
446 3768 555 3821 τῶν
582 3765 801 3831 λέξεων.
826 3762 997 3832 Εἴπερ
1022 3758 1179 3831 ὀρθὸν
1205 3756 1268 3811 τὸ
1301 3756 1561 3828 ἐννόημα,
1584 3754 1726 3808 δίδου
1755 3752 1860 3825 πρὸ

282 3864 382 3931 τῆς
413 3861 610 3929 πάλης,
645 3854 939 3911 ἀντιστάτα
962 3892 978 3917 ,
1009 3853 1110 3922 τὴν
1148 3850 1361 3921 αἵρεσιν
1391 3865 1404 3877 ·
1436 3847 1615 3910 οὐδεὶς
1643 3846 1752 3917 γάρ
1782 3845 1859 3899 νί-

284 3972 387 4023 κην
419 3950 742 4023 προδίδωσιν
761 3986 778 4010 ,
812 3942 1114 4015 ἀμφίϐολον
1145 3941 1376 4012 ἔχουσαν
1403 3940 1504 4011 τὴν
1535 3939 1855 4007 ἀνάκλησιν.

292 4049 353 4098 Ὀ
386 4045 442 4098 δὲ
474 4041 607 4114 πρὸς
641 4038 963 4110 ἀντίρρησιν
989 4035 1285 4102 ἐπαγαγὼν
1314 4030 1612 4101 εὐτόλμως·
1643 4031 1734 4100 Μή
1768 4046 1858 4100 μοι

281 4138 493 4206 γένοιτο
536 4131 872 4205 χωρισθῆναι
899 4130 1002 4195 τῆς
1053 4125 1190 4197 πρὸς
1236 4123 1472 4196 Χριστὸν
1500 4122 1853 4192 ἀγαπήσεως.

284 4231 413 4290 Ταῖς
444 4227 634 4287 αὐταῖς
667 4218 823 4285 αὖθις
869 4220 963 4273 τὸν
1008 4216 1302 4272 ἀντίπαλον
1351 4212 1742 4278 ἀπιςώννυται
1772 4211 1859 4264 λέ-

286 4321 397 4387 ξεσι
418 4337 432 4351 ·
480 4317 625 4389 φιλεῖ
667 4314 777 4385 γὰρ
826 4308 1066 4381 ἀθλητὴς
1100 4306 1185 4376 ἐφ’
1205 4305 1397 4367 ὁποίας
1425 4302 1493 4357 ἂν
1520 4301 1857 4375 εὐημερήσοι

284 4398 474 4483 λαϐῆς,
508 4409 679 4480 ταύτῃ
728 4405 1108 4477 προσχρῆσθαι
1156 4400 1251 4454 καὶ
1295 4397 1571 4468 δεύτερον,
1613 4396 1709 4449 καὶ
1756 4393 1856 4463 τὴν

283 4509 436 4576 νίκην
476 4499 870 4573 μνηστεύεσθαι
902 4496 979 4568 τῷ
1012 4494 1265 4566 προτέρῳ
1293 4489 1655 4557 παλαίσματι.
1679 4485 1854 4555 Προσ-

284 4599 503 4669 πέμψας
545 4591 637 4648 οῦν
683 4592 870 4663 ἓτερον
904 4592 933 4645 6
976 4586 1345 4659 Μαρζαόανᾶς
1388 4582 1605 4654 δωρεῶν
1656 4578 1855 4649 πλῆθος

281 4693 359 4759 τῷ
393 4690 631 4760 μάρτυρι
662 4683 1037 4754 κατέγραφεν,
1072 4679 1353 4748 ἀγκίστρῳ
1389 4675 1553 4744 δῆθεν
1596 4688 1857 4743 παραπη-

282 4783 460 4850 γνύων
486 4780 547 4832 τὸ
573 4776 787 4846 δέλεαρ,
813 4774 843 4843 ἦ
879 4773 1056 4843 βόθρῳ
1090 4768 1449 4841 προπετάξων
1475 4767 1537 4819 τὸ
1564 4765 1853 4837 θήρατρον

280 4876 357 4936 ὡς
385 4873 442 4927 δὲ
470 4870 565 4923 καὶ
593 4868 691 4936 τῆς
725 4865 920 4937 πείρας
969 4863 1171 4933 ταύτης
1213 4859 1516 4922 διὼλισθεν,
1554 4857 1636 4925 ἐφ’
1665 4855 1859 4926 ἑτέραν

284 4964 524 5032 μέτεισιν
561 4959 788 5022 ἔννοιαν,
823 4952 1068 5024 ἀνευρὼν
1095 4994 1110 5018 ,
1142 4951 1218 5014 ὼς
1247 4951 1442 5011 ἐδόκει,
1474 4951 1529 5002 τὶ
1558 4948 1653 5001 καὶ
1688 4946 1860 5015 σοφώ-

279 5065 437 5121 τερον
484 5048 577 5100 τὸν
627 5042 919 5116 θρίαμϐον.
952 5037 1103 5105 Οἶδα,
1135 5040 1276 5110 φοϐῇ
1300 5039 1397 5109 τῆς
1426 5038 1729 5109 ἀρνήσεως,
1760 5036 1854 5088 καὶ

280 5144 378 5213 τὴν
402 5139 671 5211 ὁμοδόξων
701 5135 833 5192 αίδὼ
856 5135 954 5205 τῆς
985 5132 1296 5192 εὐπειθείας
1322 5131 1459 5192 νοεῖς
1492 5128 1855 5199 ἀντιπράκτοο

282 5233 541 5307 ρα.Ἑπεὶ
571 5226 664 5285 οὖν
708 5228 869 5282 τοῦτο
916 5224 1127 5279 κελεύει
1161 5241 1219 5276 σε
1251 5221 1536 5292 βασιλεύςο
1565 5220 1725 5291 δεῦρό
1761 5237 1855 5272 σου

280 5329 340 5382 τὸ
383 5321 669 5383 στασιάζον
716 5322 875 5393 ἡμεῖς
916 5316 1285 5386 διαλύσωμεν,
1315 5314 1409 5367 καὶ
1453 5312 1513 5364 τδ
1549 5311 1855 5381 μαχόμενον

277 5424 375 5494 τῆς
419 5419 645 5490 γνώμης
692 5413 1014 5483 ὲνώσωμεΨ
1049 5409 1225 5471 οὐδεὶς
1268 5405 1543 5478 ἀκροατὴς
1586 5405 1724 5458 ἔστω
1757 5421 1851 5457 σου

278 5517 376 5585 τῆς
408 5511 711 5582 ἀρνήσεως,
742 5506 774 5577 ῆ
803 5503 915 5573 ἐγὼ
944 5503 1038 5557 καὶ
1075 5502 1185 5554 δύω
1214 5500 1481 5569 σελλάριοι
1504 5536 1519 5561 ,
1551 5497 1645 5553 καὶ
1670 5496 1732 5548 τὸ
1768 5498 1854 5548 ὲν-

276 5605 475 5662 τεῦθιν,
515 5598 796 5668 ἐλεύθερος
840 5596 1040 5667 βάδιζε.
1074 5594 1184 5663 Τῆς
1218 5590 1535 5659 ἐπιφανείας
1592 5589 1697 5641 τῶν
1758 5591 1852 5660 ῥη-

288 5695 471 5748 ἱιάτων
520 5693 551 5761 ἡ
604 5687 825 5759 εὐχροια
876 5686 1003 5755 φοόε
1017 5684 1106 5755 ρδν
1139 5682 1250 5752 ἔχει
1281 5681 1423 5733 κατά
1454 5679 1649 5749 βάθους
1680 5679 1736 5730 τὸ
1765 5680 1851 5731 νό-

1967 3290 2230 3364 indulget,
2290 3297 2404 3352 sive
2456 3300 2815 3356 monasticum
2880 3301 3012 3355 velis
3062 3302 3370 3357 institutum
3415 3318 3535 3358 am-

1963 3386 2146 3454 plecti,
2170 3388 2289 3444 sive
2320 3391 2599 3446 nobiscum
2632 3392 2826 3447 iterum
2876 3392 3054 3449 factus
3078 3409 3246 3466 eques
3276 3395 3534 3452 militare.

1963 3475 2247 3548 Oplenum
2277 3481 2590 3552 insipientia
2622 3485 2940 3541 consilium!
3003 3486 3179 3551 Nun’c,
3219 3486 3315 3553 ait,
3352 3487 3407 3543 in
3450 3488 3534 3543 fo-
3564 3524 3569 3531 .

1962 3561 2125 3624 τοξικὴ
2159 3571 2328 3637 cade;
2362 3588 2425 3627 ac
2452 3573 2647 3629 deinde
2678 3574 2731 3629 in
2764 3585 2853 3631 tua
2888 3576 2989 3631 erit
3022 3577 3274 3632 libertate
3303 3578 3391 3633 vel
3413 3586 3537 3649 post

1961 3661 2169 3716 cladem
2201 3665 2397 3717 luctam
2426 3665 2815 3737 redintegrare,
2847 3666 2932 3721 vel
2992 3667 3047 3721 in
3081 3667 3372 3723 verborum
3404 3683 3535 3723 casu

1961 3766 2302 3822 permanere.
2336 3754 2390 3809 Si
2422 3756 2503 3810 vis
2527 3757 2696 3812 videri
2738 3768 2887 3813 recte
2915 3774 3129 3828 sapere,
3161 3759 3227 3814 da
3256 3762 3533 3830 optionem

1960 3850 2087 3896 ante
2114 3842 2771 3913 luctam,oadversarie;
2830 3862 2995 3903 nemo
3050 3848 3199 3903 enim
3252 3850 3535 3906 victoriam

1959 3933 2227 3997 concedit,
2256 3935 2517 4003 quandiu,
2541 3946 2722 3992 utrum
2767 3954 2829 3992 ea
2858 3940 3101 3994 revocari
3132 3941 3322 4009 possit,
3350 3942 3534 3997 incer-

1960 4032 2075 4078 tum
2100 4034 2203 4079 est.
2237 4024 2333 4080 Hic
2352 4036 2533 4081 autem
2562 4027 2897 4083 conﬁdenter
2933 4030 3231 4100 respondit.
3265 4032 3440 4096 Absit,
3476 4041 3535 4086 ut

1958 4132 2057 4186 ego
2085 4132 2321 4186 unquam
2353 4133 2439 4173 me
2467 4134 2713 4191 separem
2743 4135 2775 4174 a
2800 4120 3067 4175 charitate
3119 4120 3322 4177 Christi
3347 4123 3360 4177 Ξ
3389 4123 3533 4177 Rur-

1959 4224 2052 4263 sus
2109 4210 2297 4264 iisdem
2360 4212 2599 4282 implicat
2654 4213 3051 4283 antagonistam
3108 4213 3310 4269 verbis.
3372 4213 3534 4268 Amat

1958 4297 2104 4349 enim
2146 4297 2370 4359 athleta,
2399 4315 2503 4368 qua
2536 4299 2745 4354 ratione
2810 4299 2857 4355 ei
2905 4301 3072 4355 semel
3107 4317 3365 4371 prospere
3404 4317 3531 4359 suc-

1958 4388 2143 4451 cessit,
2184 4389 2397 4444 hostem
2430 4390 2791 4458 prehendere,
2826 4392 3017 4445 eadem
3084 4392 3325 4446 secundo
3355 4392 3452 4457 uti,
3478 4403 3534 4446 et

1960 4478 2126 4547 priori
2157 4478 2437 4533 certamini
2482 4479 2810 4548 desponsare
2851 4480 3152 4535 victoriam.
3197 4478 3364 4552 Igitur
3390 4481 3532 4535 Mar-

1962 4569 2198 4624 zabanas
2231 4569 2388 4623 aliam
2426 4570 2691 4624 donorum
2723 4570 2933 4641 copiam
2996 4572 3200 4642 scripto
3244 4573 3569 4642 proponi“:

1958 4661 2117 4715 hamo
2144 4660 2349 4715 scilicet
2373 4675 2552 4715 escam
2586 4661 2889 4733 praeﬁgens,
2934 4672 2990 4719 et
3045 4662 3225 4718 scrobi
3276 4663 3531 4733 laqueum

1956 4767 2286 4821 supponens.
2311 4751 2446 4807 Cum
2469 4763 2649 4808 autem
2679 4755 2782 4808 hoc
2816 4756 2980 4809 etiam
3028 4753 3227 4809 frustra
3258 4770 3287 4809 a
3320 4770 3378 4809 se
3412 4764 3530 4808 ten.

1959 4854 2127 4899 tatum
2146 4861 2269 4901 esse
2307 4846 2478 4900 sensit
2503 4847 2879 4908 Marzabanas.
2920 4849 2988 4903 ad
3016 4848 3160 4903 aliud
3190 4863 3248 4902 se
3274 4846 3531 4905 transfert

1959 4938 2422 5008 consilium,quid
2477 4941 2670 4995 melius
2718 4955 2782 4994 ac
2829 4940 3132 5009 'sapientius
3193 4940 3529 5010 excogitasse

1954 5040 2123 5091 ratus,
2162 5047 2269 5101 quo
2301 5032 2367 5085 de
2403 5032 2562 5086 beato
2602 5047 2827 5087 securus
2896 5033 3214 5102 triumphet.
3264 5032 3399 5087 Novi
3452 5041 3525 5094 te,

1954 5121 2147 5192 inquit,
2180 5132 2357 5176 metus
2381 5137 2542 5177 causa
2560 5123 2629 5177 ab
2655 5123 2973 5193 abnegando
2996 5123 3213 5179 Christo
3241 5124 3522 5182 abstineri,

1952 5223 2217 5268 eteorum
2243 5215 2568 5279 reverentia,
2602 5215 2692 5284 qui
2731 5216 2973 5285 ejusdem
3004 5223 3181 5272 tecum
3235 5224 3363 5270 sunt
3397 5229 3526 5268 sen-

1954 5306 2156 5369 tentiae,
2187 5307 2254 5359 ab
2272 5306 2580 5360 obedientia
2613 5310 2916 5377 praestanda
2936 5307 3226 5362 removeri.
3257 5304 3523 5371 Quoniam

1960 5414 2087 5454 vero
2142 5400 2245 5454 hoc
2305 5399 2397 5453 tibi
2431 5416 2521 5454 rex
2566 5401 2803 5463 mandat,
2835 5416 2933 5471 age
2978 5402 3088 5470 jam
3149 5414 3249 5455 nos
3303 5397 3403 5468 ipsi
3460 5399 3526 5451 ah

1960 5491 2107 5545 omni
2137 5492 2412 5545 dubietate
2442 5501 2494 5546 te
2522 5492 2891 5556 liberabimus,
2914 5503 2968 5547 et
2998 5491 3194 5547 mentis
3228 5489 3525 5545 contrarios

1959 5600 2152 5651 sensus
2194 5585 2623 5640 conciliabimus.
2662 5585 2833 5641 Nemo
2880 5594 2985 5639 tua:
3046 5582 3417 5653 abnegationis
3461 5581 3524 5635 sit

1967 5678 2298 5732 auscultator
2339 5686 2393 5743 et
2426 5678 2598 5742 testis,
2628 5687 2990 5747 praeterquam
3016 5675 3157 5743 quod
3191 5689 3311 5741 ego,
3345 5683 3400 5739 et
3422 5673 3524 5729 duo
