4152 6290
327 304 472 378 1717

320 528 517 579 γιστον
545 515 945 587 περικείμενον,
971 515 1296 598 Χριστιανὸν
1328 516 1387 569 δὲ
1414 518 1585 587 ὅμως.

1381 316 1559 376 VITA
1592 316 1653 375 S.
1689 314 2092 376 ANASTASII
2132 315 2545 377 MARTYRIS.

206 494 213 501 ι
319 422 454 490 τάκ,
487 424 649 479 παῖδα
680 426 780 496 μὲν
811 425 992 479 Ἰεσδὶν
1025 425 1241 496 Πέρσην
1272 423 1335 478 τὸ
1362 426 1542 494 γένος,
1567 424 1786 511 ἀξίωμα
1812 422 1909 495 μέ-

2014 424 2105 495 qui
2142 425 2212 481 de
2243 441 2464 483 carcere
2494 426 2550 479 in
2580 440 2855 480 carcerem
2922 434 3142 496 propter
3184 427 3463 483 Christum
3517 432 3602 484 est

3462 314 3600 382 1718

2015 517 2332 576 translatus.
2363 517 2471 572 Sed
2514 515 2608 583 qui
2639 516 2687 570 ei
2731 531 2916 573 comes
2942 534 2972 573 e
3026 519 3360 576 monasterio
3426 518 3597 575 frater

322 614 575 672 venerat,
607 607 750 677 apud
767 607 1054 666 Cartacum
1078 610 1212 683 (84),
1234 610 1404 667 illium
1428 608 1637 676 Jesdin,
1669 600 1894 661 Persam
1922 620 2144 676 genere,
2199 618 2255 665 et
2310 625 2525 682 magna:
2548 609 2827 681 dignitatis
2877 610 3077 677 virum,
3129 618 3372 667 attamen
3431 610 3603 667 Chri-

318 699 568 755 stianum
606 701 844 758 divertit.

394 794 556 849 Ἐπεὶ
576 796 633 850 δὲ
669 797 959 871 παρεῤῥύη
987 816 1072 863 τις
1102 799 1327 871 ἡμερῶν
1357 799 1739 871 ἀριθμὸς,ντὴν
1769 813 1911 867 παρ⁸

317 886 521 940 ουσίαν
549 887 645 941 τοῦ
675 890 952 961 μάρτυρος
982 891 1229 962 Χοσρόης
1278 891 1607 945 διδάσκεται.
1629 890 1911 946 Ἐντεῦθεν

317 978 534 1051 ἑτέρων
582 979 809 1049 ἀγώνων
860 983 1048 1055 ἀρχαὶ,
1078 984 1175 1037 καὶ
1218 984 1378 1056 νίκης
1427 984 1737 1056 ὑψηλότερα
1782 984 1909 1055 τρό-

318 1086 468 1125 παια
490 1087 504 1101 °
543 1070 740 1127 ὁπόσον
768 1073 878 1147 γάρ
911 1077 940 1129 6
965 1073 1204 1145 διώκτης
1230 1076 1326 1129 τοῦ
1356 1076 1587 1130 διώκτου
1622 1076 1909 1146 σφοδρότε-

320 1176 445 1230 ρος,
492 1162 748 1217 τοσοῦτον
773 1166 822 1219 oi
852 1166 1111 1236 στέφανοι
1141 1167 1252 1220 τῶν
1280 1168 1562 1237 στεφάνων
1598 1168 1911 1239 λαμπρότε-

322 1269 432 1321 ροι.
465 1254 695 1326 Πέμψας
720 1252 813 1311 οὖν
846 1259 874 1311 6
900 1258 1199 1329 τύραννος,
1231 1259 1290 1313 ὃν
1322 1259 1459 1330 ᾤετο
1484 1260 1622 1330 πρὸς
1654 1259 1911 1313 ἀσέϐειαν

315 1344 652 1417 ἐπιτήδειον,
682 1349 1051 1421 προσέταττεν
1080 1354 1370 1425 ἀνακρῖναι
1395 1353 1487 1406 τὸν
1516 1352 1692 1422 ἅγιον,
1714 1353 1912 1425 ἔγκλη-

320 1453 399 1506 μα
435 1438 879 1510 προϐαλλόμενος
906 1442 1055 1513 αὑτῷ
1082 1443 1184 1515 τὴν
1213 1444 1497 1498 εὐσέϐειαν
1516 1461 1531 1476 ·
1562 1447 1909 1516 παραδυσσε-

315 1528 409 1582 ϐεἰ
438 1530 549 1603 γὰρ
594 1534 621 1586 6
665 1533 740 1605 μὴ
765 1522 1039 1588 δυσσεϐῶν
1070 1537 1455 1601 ἀσεϐέστατος.
1493 1532 1663 1603 Οὗτος
1698 1538 1790 1591 τὸν
1817 1538 1909 1591 ἐπὶ

314 1616 420 1684 τῆς
462 1626 706 1696 φρουρᾶς
740 1626 1023 1697 χιλίαρχον
1058 1623 1147 1683 οἶα
1194 1630 1482 1700 σύμμαχον
1525 1630 1909 1702 προσλαϐόμε-

2080 796 2295 852 interea
2339 813 2464 854 cum
2529 797 2735 869 aliquot
2782 794 2997 851 dierum
3043 808 3310 851 numerus
3353 794 3605 853 eﬂluxis;

2008 897 2109 950 set,
2129 889 2197 945 de
2222 893 2459 946 adventu
2486 889 2738 961 martyris
2761 887 3015 945 conscius
3035 886 3215 942 factus
3229 896 3314 943 est
3329 886 3593 943 Chosroa.

2009 980 2214 1035 Exinde
2240 997 2381 1037 nova
2414 982 2771 1037 certaminum
2800 980 2977 1045 initia,
3017 988 3074 1035 et
3119 979 3441 1036 sublimiora
3475 988 3594 1035 tro-

2009 1088 2122 1143 paea
2157 1074 2396 1129 victoria:
2424 1091 2439 1129 :
2473 1089 2583 1145 quo
2620 1073 2765 1129 enim
2812 1084 3165 1144 persecutore
3191 1072 3467 1129 crudelior
3510 1084 3596 1128 est

2006 1174 2346 1235 persecutor,
2391 1181 2459 1221 eo
2486 1165 2704 1221 coronis
2744 1179 2964 1223 coronae
3010 1163 3410 1234 splendidiores
3449 1164 3597 1220 exsi-

2006 1266 2176 1312 stunt.
2229 1256 2393 1327 Igitur
2442 1272 2606 1327 quem
2672 1257 2941 1328 impietati
2983 1257 3371 1328 promovenda:
3419 1257 3594 1328 magis

2006 1348 2261 1402 idoneum
2289 1348 2563 1403 existimat
2583 1358 2865 1420 tyrannus,
2896 1364 3024 1405 eum
3052 1351 3120 1406 ad
3152 1350 3373 1406 beatum
3403 1349 3590 1413 mittit,

2008 1448 2066 1494 ut
2096 1439 2346 1496 instituto
2376 1439 2625 1497 examine
2668 1440 2888 1510 pietatis
2931 1456 3085 1496 reum
3127 1450 3253 1513 agat
3303 1448 3585 1505 sanctum;

2014 1534 2083 1587 ab
2111 1533 2387 1603 impietate
2413 1533 2559 1587 enim
2598 1530 2859 1601 deﬂectit,
2889 1533 3203 1604 quicunque
3234 1534 3289 1587 in
3335 1531 3451 1602 ipsa
3482 1531 3587 1586 im-

2015 1625 2214 1696 pietate
2247 1624 2505 1695 przeclare
2536 1622 2736 1694 impius
2774 1639 2885 1679 non
2920 1632 3149 1694 perstat.
3178 1623 3252 1690 is,
3292 1622 3346 1677 in
3378 1632 3589 1692 partem

313 1727 432 1799 νος,
472 1714 550 1785 τῷ
596 1717 955 1790 δεσμωτηρίῳ
989 1720 1345 1792 παρίσταται,
1372 1722 1486 1789 καὶ,
1510 1722 1597 1786 Τί,
1646 1725 1830 1791 φησιν,
1865 1720 1909 1777 ὦ

2014 1717 2215 1789 egregii
2247 1716 2426 1785 operis
2465 1725 2749 1786 assumpto
2788 1714 3024 1771 carceris
3057 1715 3281 1771 tribuno
3325 1714 3463 1787 (85),
3496 1730 3592 1769 co-

313 1797 503 1871 οῦτος,
535 1804 784 1876 βούλεταί
819 1826 901 1863 σοι
930 1810 1032 1879 τῆς
1062 1812 1407 1880 μεταθέσεως
1431 1815 1463 1884 ἡ
1492 1814 1911 1886 προαίρεσις;⁹0

2015 1826 2129 1865 ram
2170 1809 2354 1865 vincto
2391 1822 2450 1864 se
2482 1808 2644 1873 sistit,
2677 1813 2733 1863 et
2771 1808 2910 1863 heus
2944 1817 3024 1876 tu,
3065 1808 3265 1877 inquit,
3303 1807 3434 1878 quid
3475 1807 3593 1861 haec

312 1893 374 1948 δὲ
405 1900 509 1969 τῆς
541 1898 789 1971 γλώττης
830 1901 1105 1974 ἐξηγητὴν
1147 1906 1605 1976 προστησάμενος
1648 1906 1769 1979 (τὴν
1806 1907 1911 1961 πά-

313 2002 479 2058 τριον
530 1988 640 2061 γὰρ
682 1989 845 2056 εὐθὺς
888 1992 1090 2046 ἀπεῖπε
1143 1993 1443 2061 διάλεκτον,
1480 1995 1722 2049 νοθεύειν
1776 1998 1909 2070 μηδὲ

314 2081 517 2151 τρόπῳ
548 2081 650 2151 τῆς
670 2082 855 2153 φωνῆς
887 2084 1209 2161 ἀνεχόμενος
1235 2086 1304 2139 τά
1328 2087 1619 2159 ἡμέτερα)·
1650 2089 1771 2143 Ὅτι
1803 2106 1907 2143 σω-

314 2172 491 2243 τηρία
527 2174 626 2243 μὲν
652 2175 776 2244 ἐμοὶ
804 2176 897 2229 καὶ
925 2173 1058 2236 Θεὸς
1080 2178 1140 2229 τὸ
1166 2179 1496 2249 τιμώμενον,
1530 2180 1658 2250 ὑμῖν
1687 2180 1743 2234 δὲ
1768 2180 1907 2235 πλά-

315 2278 386 2334 νη
416 2265 515 2318 καὶ
545 2264 801 2336 δαίμονες
830 2267 892 2320 τὸ
925 2267 1222 2340 σεϐάσμιον
1241 2286 1255 2301 ο
1290 2272 1385 2324 καὶ
1424 2272 1631 2325 τούτων
1672 2273 1909 2346 ἀκριϐὴς

316 2355 435 2423 ἐγὼ
476 2357 740 2431 δικαστὴς
762 2401 777 2425 ,
812 2359 888 2424 ὡς
920 2362 1245 2432 ἀμφοτέρων
1281 2362 1421 2433 ἔχων
1452 2366 1549 2437 τὴν
1580 2365 1806 2438 είδησιν.
1843 2367 1909 2421 Τί

318 2445 444 2513 οὖν,
474 2443 519 2503 ὦ
553 2451 748 2518 τάλαν;
796 2452 1065 2523 Ἑϐραίων
1107 2455 1297 2518 παῖδες
1327 2456 1388 2509 οὐ
1424 2457 1515 2509 τὸν
1547 2458 1781 2529 Χριστὸν
1815 2460 1906 2513 ἀν-

319 2541 495 2595 εσταύ
507 2559 717 2613 ρωσανς
750 2544 862 2598 Καὶ
884 2544 1003 2609 πῶς
1034 2545 1129 2617 τὴν
1154 2548 1370 2619 ἀπάτην
1389 2549 1511 2603 ἀντὶ
1528 2550 1628 2619 τῆς
1653 2550 1911 2621 ἀληθείας

318 2630 641 2702 ὲπόθησαςς
684 2632 801 2686 Ἐπ’
825 2634 986 2687 αὑτὸν
1013 2636 1041 2688 6
1078 2636 1368 2707 μακάριοςο
1402 2638 1679 2703 Ἐκλαλεῖς
1716 2640 1815 2711 μὲν
1846 2642 1909 2695 τὸ

320 2723 498 2785 πάθος
524 2766 538 2789 ,
591 2724 969 2797 ἀποκρύπτεις
1016 2726 1071 2780 δὲ
1110 2727 1209 2798 τὴν
1244 2728 1560 2785 ἀνάστασιν.
1595 2732 1817 2803 Χριστῷ
1850 2733 1911 2786 τὸ

320 2815 501 2878 πάθος
532 2816 810 2870 ἑκούσιονο
844 2817 1105 2871 ένωθεϊσα
1134 2818 1240 2891 γὰρ
1276 2820 1467 2891 θεότης
1494 2824 1559 2893 τῇ
1593 2824 1776 2893 σαρκὶ,
1814 2823 1912 2877 θα-

320 2907 474 2977 νάτῳ
499 2908 759 2961 καταλύει
787 2907 877 2962 τὸν
904 2909 1154 2976 θάνατον,
1190 2911 1300 2967 τῶν
1348 2913 1478 2983 παρ’
1501 2914 1632 2982 ύμῖν
1662 2915 1912 2984 τιμωμέ-

2012 1903 2115 1957 sibi
2144 1900 2260 1957 vult
2291 1910 2382 1955 tua
2425 1898 2638 1955 consilii
2678 1900 2943 1955 mutatio?
2983 1899 3054 1955 At
3093 1899 3183 1954 ille
3231 1899 3589 1970 interpretem

2011 1994 2205 2065 linguae
2235 2000 2479 2048 statuens
2502 1991 2649 2063 (nam
2673 1991 2903 2063 patriam
2936 1990 3121 2047 statim
3152 1991 3332 2047 valere
3354 1989 3591 2059 iusserat

2008 2087 2321 2150 dialectum,
2354 2084 2644 2140 adul’terari
2690 2092 2879 2140 nostra
2925 2092 3089 2151 sono,
3125 2091 3181 2139 et
3224 2082 3400 2138 forma
3438 2081 3589 2148 vocis

2008 2196 2119 2235 non
2152 2179 2355 2250 ferens)
2387 2178 2667 2249 respondit
2692 2195 2706 2233 :
2730 2174 2866 2243 Quia
2894 2176 3041 2232 sal‘us
3069 2176 3205 2231 mihi
3242 2182 3333 2230 est
3357 2182 3414 2230 et
3448 2174 3586 2229 ado-

2010 2273 2147 2327 ratio
2176 2272 2339 2339 Deus,
2369 2270 2522 2327 vobis
2546 2279 2729 2326 autem
2763 2284 2938 2337 error,
2967 2278 3023 2325 et
3047 2268 3314 2325 daemonia
3350 2265 3542 2339 religio
3567 2281 3583 2319 :

2009 2374 2172 2435 atque
2215 2365 2412 2421 horum
2445 2379 2544 2436 ego
2579 2364 2738 2435 plane
2793 2378 2913 2418 sum
2950 2360 3226 2433 perfectus
3261 2360 3450 2431 judex,
3497 2359 3589 2429 qui

2010 2474 2239 2535 utraque
2282 2463 2409 2520 novi
2457 2469 2729 2518 accurate.
2778 2458 2919 2527 Quid
2965 2458 3066 2523 ais,
3098 2456 3301 2512 miser?
3337 2454 3593 2525 Nunquid

2011 2554 2363 2610 Hebraeorum
2398 2554 2495 2609 ﬁlii
2524 2551 2803 2609 Christum
2835 2565 2946 2605 non
2977 2546 3403 2604 crucifixerunt?
3440 2544 3591 2611 Quo-

2011 2646 2175 2701 modo
2233 2661 2357 2700 nam
2404 2659 2505 2715 pro
2578 2642 2811 2699 veritate
2850 2639 3097 2696 fraudem
3137 2647 3193 2695 et
3240 2639 3393 2694 dolos
3436 2636 3590 2707 sequi

2011 2738 2286 2793 maluisti?
2313 2737 2393 2793 Ad
2426 2752 2551 2792 eum
2580 2736 2773 2791 beatus
2800 2753 2814 2788 :
2849 2733 2926 2788 De
2952 2732 3207 2803 passione
3236 2731 3438 2786 diserte
3466 2745 3591 2784 nar-

2012 2846 2120 2893 ras,
2150 2830 2218 2885 de
2248 2828 2649 2884 resurrectione
2695 2833 2880 2879 autem
2920 2822 2997 2877 nil
3035 2820 3192 2877 dicis.
3230 2819 3449 2876 Christo
3487 2818 3593 2874 fuit

2014 2922 2197 2992 passio
2239 2919 2577 2983 voluntaria,
2611 2933 2736 2973 nam
2764 2916 2916 2971 unita
2950 2912 3103 2968 carni
3145 2912 3322 2968 deitas
3360 2920 3589 2967 mortem

320 3017 433 3055 νων
460 2999 729 3072 δαιμόνων
758 3003 860 3072 τῆς
902 3002 1146 3067 δουλείας
1180 3003 1545 3075 ἐλευθεροῦσα
1578 3005 1668 3057 τὸν
1694 3006 1901 3078 ἀνθρωο

2014 3021 2189 3066 morte
2208 3010 2474 3076 dissolvit,
2500 3025 2530 3063 a
2553 3008 2884 3069 daemonum,
2906 3019 3044 3074 quos
3070 3018 3166 3058 vos
3192 3002 3394 3066 colitis,
3420 3000 3592 3056 servi-

320 3109 451 3148 πον.
483 3092 635 3165 Αῦτη
664 3094 754 3147 τὸν
780 3096 1009 3165 οὐρανὸν
1040 3096 1145 3176 καὶ.
1163 3098 1263 3166 τὴν
1296 3099 1399 3168 γῆν
1423 3096 1789 3168 διεμόρφωσε,
1817 3099 1911 3152 καὶ

318 3185 646 3240 διέπλασενο
675 3186 904 3254 ἀφέντες
937 3187 994 3241 δὲ
1028 3187 1119 3241 τὸν
1148 3187 1481 3257 δημιουργὸν
1515 3188 1623 3241 τῶν
1655 3188 1911 3243 ἁπάντων

320 3278 482 3345 Θεὸν,
514 3282 626 3342 τοῖς
658 3279 955 3351 κτίσμασιν
1005 3280 1395 3335 ύποτάττεσθε.
1437 3281 1619 3352 Πάρες
1657 3282 1912 3336 τουτουσὶ

319 3374 454 3436 τοὺς
482 3371 899 3441 τετυφωμένως
928 3372 1122 3442 λόγους
1145 3417 1159 3438 ,
1194 3374 1221 3425 ὁ
1251 3373 1434 3446 ἄρχων
1464 3374 1569 3446 ἔφη
1596 3375 1673 3446 τῷ
1704 3376 1913 3447 μάρτυ-

326 3482 409 3537 ρι’
445 3463 752 3536 πειθομένῳ
784 3464 895 3534 γάρ
932 3481 1015 3518 σοι
1049 3466 1333 3538 χαρίζεται
1368 3466 1624 3538 βασιλεὺς
1664 3466 1911 3538 ἀξιωμά-

320 3575 436 3613 των
462 3558 823 3629 λαμπρότητα
847 3599 862 3619 ,
898 3560 1257 3631 περιφάνειαν
1291 3560 1561 3625 πλούτου,
1601 3561 1786 3615 ἵππων
1820 3563 1913 3616 εύ-

323 3654 567 3719 γένειαν,
599 3651 693 3704 καὶ
738 3650 799 3703 τὸ
852 3650 917 3723 δὴ
962 3651 1223 3722 μέγιστον
1244 3693 1258 3718 ,
1292 3648 1432 3706 εἶναι
1468 3655 1567 3707 σὺν
1596 3654 1747 3725 αὐτῷ
1774 3694 1789 3719 ,
1820 3657 1914 3709 καὶ

238 3753 243 3758 ‘
326 3742 593 3812 βασιλέως
633 3741 950 3796 ἀκούεσθαι.
983 3743 1394 3812 Προαγωγικῶς
1421 3747 1449 3797 6
1482 3746 1813 3816 ἀντιστάτης
1839 3747 1915 3819 τῷ

323 3833 563 3906 γεννάδα
600 3832 1007 3904 προσφέρεται·
1056 3833 1153 3903 τὴν
1198 3834 1407 3906 πόρνην
1455 3835 1567 3906 γάρ
1615 3837 1916 3908 θρησκείαν

322 3925 826 3999 ψιμυθιώσας,τοῖς
861 3928 1105 3997 χρήματι
1139 3925 1231 3979 τοῦ
1259 3925 1491 3990 κάλλους
1516 3928 1796 3982 ἀνθέλκειν
1818 3931 1917 4001 τῆς

326 4018 612 4081 εὐσεϐείας
640 4017 943 4088 ἐπείγεται.
975 4010 1051 4071 Οὖ
1108 4018 1214 4090 μὴν
1262 4018 1358 4072 τοῦ
1407 4020 1602 4092 ἀνδρὸς
1642 4021 1733 4076 τὸν
1766 4022 1916 4091 λογι-

328 4111 469 4183 σμὸν
511 4110 898 4166 διεσάλευσεν⁸
945 4108 1041 4163 τοῦ
1092 4111 1325 4180 φυσικοῦ
1360 4112 1469 4183 γάρ
1516 4112 1614 4184 τῆς
1657 4113 1917 4185 ἀληθείας

327 4205 564 4269 κάλλους
607 4204 842 4275 ἐραστὴς
867 4198 934 4273 ἦν
962 4203 1357 4275 γνησιώτατος.
1389 4205 1453 4256 Τί
1480 4201 1574 4258 οὖν
1604 4222 1767 4277 φησι;
1812 4206 1917 4259 Τὸν

331 4297 595 4351 κτίσαντά
625 4313 691 4366 με
722 4295 854 4348 Θεὸν
886 4296 987 4348 οὐκ
1011 4296 1319 4365 ἀρνήσομαι
1343 4310 1357 4325 ο
1403 4295 1493 4349 τὸν
1540 4296 1597 4349 δὲ
1643 4297 1738 4351 τοῦ
1770 4296 1913 4368 βασι-

2018 3120 2131 3167 tute
2166 3111 2443 3165 hominem
2479 3108 2731 3164 liberans.
2763 3108 2892 3163 Haec
2933 3108 3051 3179 ipsa
3088 3105 3264 3161 deitas
3290 3102 3511 3168 coelum,
3538 3110 3595 3155 et

2008 3197 2219 3258 terram
2282 3200 2551 3267 formavit,
2601 3208 2656 3255 et
2702 3198 2912 3254 eﬂinxit
2944 3216 2958 3253 :
2991 3213 3089 3255 vos
3147 3204 3353 3259 autem,
3407 3208 3593 3248 rerum

2015 3294 2260 3349 omnium
2311 3293 2577 3349 artiﬁcem
2637 3291 2811 3348 Deum
2860 3304 2961 3360 pro
3011 3288 3188 3344 nihilo
3234 3285 3603 3347 aestimantes,

2018 3386 2221 3442 subditi
2248 3385 2376 3441 facti
2404 3386 2536 3442 estis
2566 3385 2853 3441 creaturis.
2885 3383 3061 3451 Mitte,
3088 3380 3267 3452 inquit
3301 3376 3607 3449 praefectus

2017 3480 2258 3551 martyri,
2306 3480 2407 3535 hos
2449 3478 2687 3534 tumidos
2729 3477 3054 3548 inﬂatosque
3125 3485 3429 3529 sermones.
3470 3467 3620 3524 Tibi.

2015 3574 2162 3629 enim
2194 3570 2593 3643 obtemperanti
2623 3585 2717 3625 rex
2745 3566 3036 3640 praeclaras
3068 3564 3382 3637 dignitates,
3410 3559 3617 3631 splen-7

2016 3667 2170 3723 didas
2197 3665 2440 3729 divitias,
2478 3673 2536 3719 et
2558 3676 2855 3734 generosos
2884 3674 3056 3731 equos
3083 3654 3344 3719 donabit,
3370 3661 3427 3708 et
3450 3650 3595 3721 quod

2017 3758 2313 3813 maximum
2335 3766 2441 3819 est,
2467 3770 2593 3811 cum
2621 3770 2687 3810 eo
2712 3768 2854 3819 esse,
2880 3761 2936 3807 et
2960 3764 3141 3823 regem
3166 3748 3356 3803 audire
3386 3744 3591 3801 licebit.

2018 3848 2242 3903 Multum
2272 3846 2534 3900 insidiose
2572 3858 2839 3914 generoso
2881 3842 2998 3898 viro
3037 3852 3097 3894 se
3129 3838 3292 3894 oﬂ’ert
3336 3835 3593 3890 adversa—

2020 3939 2153 3995 rius.
2224 3934 2563 3990 Meretricem
2628 3933 2775 3987 enim
2840 3930 3287 4002 superstitionem
3344 3926 3596 3983 oblinens

2020 4031 2146 4085 fuco
2172 4028 2304 4101 (86),
2330 4026 2641 4083 divitiarum
2669 4023 2959 4094 splendore
2984 4021 3181 4098 satagit
3201 4035 3231 4074 a
3258 4016 3475 4088 pietatis
3497 4031 3595 4069 ve-

2021 4130 2236 4176 nustate
2278 4119 2453 4173 virum
2499 4131 2747 4171 avocare.
2798 4113 2908 4170 Sed
2955 4128 3059 4169 nec
3092 4111 3181 4165 his
3221 4109 3433 4163 artibus
3468 4121 3600 4160 eum

2020 4229 2051 4268 a
2085 4212 2356 4269 sententia
2386 4208 2631 4276 dimovit,
2661 4216 2849 4277 utpote
2877 4206 2969 4276 qui
3005 4219 3115 4258 non
3152 4201 3344 4257 fucatae
3385 4199 3594 4258 formae,

2020 4320 2125 4374 qua
2154 4303 2354 4358 veritas
2377 4301 2534 4362 nitet,
2563 4310 2682 4354 erat
2705 4306 2914 4352 amator
2938 4296 3226 4366 ingenuus.
3256 4290 3394 4357 Quid
3432 4289 3599 4359 igitur

328 4391 467 4453 λέως
516 4361 766 4453 πλοῦτον,
798 4387 1025 4457 αίθάλην
1053 4361 1317 4457 ⁷ἡγοῦμαι
1363 4388 1458 4441 καὶ
1501 4387 1651 4458 χοῦν.
1688 4361 1912 4454 Τούτοις

2022 4395 2248 4452 beatus?
2280 4396 2472 4457 Deum,
2504 4392 2597 4463 qui
2642 4406 2729 4445 me
2760 4387 2984 4453 creavit,
3017 4403 3123 4441 non
3159 4383 3369 4455 negabo
3403 4398 3415 4433 :
3452 4378 3597 4448 regis

285 4487 302 4502 ’
329 4479 796 4541 καταπαλαισθεὶς
836 4481 865 4533 6
909 4479 1202 4542 ἀντίπαλος
1229 4478 1307 4548 τῷ
1334 4478 1583 4551 τυράννῳ
1608 4481 1707 4552 τὴν
1744 4476 1916 4561 ἦτταγ

332 4574 625 4644 ἐμήνυσεν.
645 4571 703 4624 '0
744 4571 803 4625 δὲ
846 4573 960 4633 τοίς
1005 4569 1186 4639 λόγοις
1231 4569 1331 4642 τὴν
1379 4571 1554 4640 φλόγα
1590 4573 1683 4627 τοῦ
1717 4575 1912 4645 θυμοῦ,

330 4666 488 4735 δίκην
522 4663 702 4717 ἐλαίου
734 4663 1103 4733 προσαγωγῆς
1128 4661 1529 4739 ἀναπτόμενος,
1551 4665 1916 4736 τιμωρεῖσθαι

330 4755 411 4828 τῷ
440 4755 662 4827 ἄρχοντι
693 4753 1022 4825 προστάττει
1068 4752 1159 4807 τὸν
1201 4750 1555 4825 μάρτυρα.⁹0
1589 4755 1649 4809 δὲ
1695 4756 1777 4827 τῷ
1825 4775 1917 4810 τυ-

338 4847 532 4920 ράννου
585 4844 743 4917 θυμῷ
789 4844 1161 4918 προσαγαγὼν
1202 4844 1418 4900 καὶτὸν
1449 4846 1583 4901 ίδιον
1632 4850 1915 4916 ἐξελέσθαι

332 4940 431 5010 τῆς
485 4939 729 5011 φρουρᾶς
781 4935 1217 5010 παρεσκεύαζεν.
1247 4933 1379 4992 Εἶτα
1413 4940 1631 5010 γίγαντι
1676 4943 1740 5015 δή
1794 4964 1918 5001 τινα

2014 4498 2196 4545 autem
2243 4487 2460 4543 divitias
2516 4486 2753 4540 cinerem
2784 4490 2838 4535 et
2876 4481 3049 4534 lutum
3096 4492 3217 4533 esse
3265 4475 3424 4530 duco.
3480 4470 3596 4524 Hoc

2017 4594 2278 4651 responso
2326 4579 2568 4649 dejectus
2625 4575 2967 4631 adversarius
3027 4577 3303 4639 acceptam
3389 4562 3597 4619 cladem

2018 4684 2248 4743 tyranno
2294 4670 2600 4736 renuntiat,
2651 4669 2744 4738 qui
2792 4667 3063 4721 ﬂammam
3115 4663 3228 4725 irae,
3280 4658 3431 4712 velut
3474 4653 3596 4709 oleo

2020 4762 2192 4820 indito
2237 4766 2371 4836 (87),
2422 4760 2721 4817 incendens
2770 4757 2964 4821 dictis,
3016 4752 3255 4822 torqueri
3302 4757 3596 4818 martyrem

2025 4851 2543 4924 mandatpraefecto.
2575 4850 2674 4905 Hic
2701 4858 2883 4903 autem
2908 4844 3117 4917 tyranni
3152 4841 3322 4897 furori
3358 4839 3597 4894 furorem

2026 4949 2232 5003 addens
2292 4961 2473 5009 suum,
2508 4928 2665 4999 educi
2695 4944 2853 5012 jubet
2892 4938 3113 4993 beatum
3147 4951 3189 4991 e
3219 4931 3480 4991 custodia.
3520 4928 3600 4985 Ac

1853 5124 2087 5186 NOTAE.

409 5276 521 5347 (84)
575 5276 887 5351 Cartacius,
937 5274 1143 5351 Jesdim
1191 5275 1355 5351 ﬁlius,
1384 5281 1527 5350 apud
1551 5295 1713 5351 quem
1755 5297 1909 5336 man-

337 5348 409 5403 sit
464 5344 762 5402 monachus
811 5353 1002 5401 sancto
1047 5344 1332 5402 Anastasio
1395 5344 1811 5413 d'atns'eomes,
1860 5361 1915 5405 ct

338 5418 515 5482 testis,
545 5419 596 5471 in
622 5420 766 5472 Actis
792 5434 895 5472 ms.
922 5417 1234 5471 monasterii
1267 5417 1322 5471 S.
1344 5418 1613 5475 Maximini
1653 5420 1912 5485 Treviris,

337 5505 456 5557 qua:
497 5486 1035 5559 laudatrBollandus,
1087 5486 1309 5559 dicitur,
1346 5489 1686 5559 Dispensator
1715 5492 1915 5559 primus

337 5556 391 5612 in
416 5560 564 5631 rebus
588 5558 805 5631 publicis
834 5575 853 5612 :
882 5558 1191 5631 hicautem,
1223 5556 1449 5629 ἀξίωμα
1471 5556 1724 5631 μέγιστον
1757 5578 1917 5631 περι-

340 5629 685 5699 κείμενος,ἱη
707 5646 917 5699 summa
952 5628 1213 5699 dignitate
1238 5628 1568 5693 constitutus,
1606 5628 1928 5686 declaratur.

347 5696 476 5754 lnde
498 5708 644 5770 patet
675 5699 872 5772 multos
898 5696 1066 5772 fuisse
1100 5697 1153 5752 in
1178 5696 1431 5772 Perside,
1476 5702 1640 5772 etiam
1672 5711 1933 5772 regnante

348 5768 610 5843 Chpsroa,
638 5769 914 5841 principes
958 5768 1120 5836 viros,
1168 5769 1490 5827 Christiana:
1540 5768 1786 5843 religioni
1846 5771 1933 5825 ad-

2020 5282 2215 5347 dictos,
2248 5298 2277 5335 a
2306 5281 2504 5351 quibus
2534 5277 2833 5351 aiﬂigendis
2859 5274 3187 5351 veltiinore,
3230 5267 3601 5351 vel-reveren-

2023 5334 2442 5422 iii‘iiﬁbtus‘rei
2476 5334 2999 5422 dejiiievbatllrxwde
3024 5357 3175 5422 supr.
3202 5353 3258 5390 ιι.
3288 5334 3375 5422 ’54ξ

2096 5403 2403 5493 (enim
2433 5403 2492 5474 in.
2528 5419 2622 5493 ea.
2674 5416 2795 5493 Τῶν
2845 5403 3605 5493 δεσμοφυλάκωνᾉχιλίαρέοξῖ

2024 5479 2296 5547 custodum
2338 5490 2565 5544 carceris
2620 5487 2874 5552 tribunus,
2908 5479 2963 5538 ei.
3004 5479 3166 5550 caput
3200 5483 3443 5532 vocatur.
3466 5479 3618 5531 Em

2024 5573 2226 5629 autem,
2261 5571 2399 5617 teste
2425 5559 2623 5622 Pisida,
2646 5556 3007 5629 Christianus.

2097 5621 2225 5703 (86),
2243 5633 2300 5686 In
2330 5631 2519 5703 Graeco
2543 5621 2736 5703 melius
2766 5621 3157 5703 q/tpituetdiea;

2099 5693 2207 5775 (87)
2246 5703 2381 5758 Pulo
2421 5699 2710 5773 legendum
2742 5693 3095 5767 προσαγωγῇ.
