4146 6484
538 400 674 466 17:23
1835 395 2154 457 GEORGII
2190 398 2462 461 PISIDIE
3679 386 3818 455 172!

534 531 672 585 quos
698 515 839 569 inter
862 508 1283 566 recensebantur
1310 505 1384 559 illi
1421 505 1549 568 duo,
1586 503 1676 573 qui
1716 505 1966 561 Caesarea
1984 522 2109 563 cum

2222 509 2342 574 Βυάς
2364 512 2397 581 ἡ
2424 510 2779 564 συναναδᾶσα
2802 510 2879 580 τῷ
2904 509 3143 581 μάρτυρι
3175 507 3517 575 κατελέγετο.
3538 505 3813 560 Ἐνταῦθνι

538 602 770 675 martyre
823 603 878 656 in
907 600 1186 655 Persidem
1238 604 1517 651 venerant.
1568 595 1642 648 lbi
1724 596 2115 653 territamentis

2222 600 2515 671 κιρνῶντες
2559 600 2823 671 κολακείᾳ
2865 600 2966 670 μὲν
3003 598 3189 669 φόϐῳ,
3227 600 3453 661 ἀπειλὰς
3485 598 3542 650 δὲ
3592 598 3814 668 δωρεῶν

539 696 822 751 illecebras
849 693 981 765 (98),
1015 691 1303 758 minasque
1325 688 1591 743 donorum
1624 686 2115 756 pollicitationibus

539 787 980 845 intermiseentes
1032 791 1297 840 conantur
1342 791 1592 835 sanctum
1636 781 1705 837 ad
1750 780 2116 835 deiectionem

539 880 830 935 deducere.
894 876 1106 930 Interea
1150 888 1318 928 unum
1349 881 1468 941 post
1510 872 1673 925 alium
1699 872 2011 935 cducentes,
2064 880 2120 925 et

541 944 876 1040 singulurum
910 966 1048 1021 colla
1077 965 1271 1033 laqueo
1319 962 1685 1033 astringentes
1756 962 1942 1017 funem
1967 961 2120 1016 clavo

540 1058 854 1130 adigebant,
886 1070 950 1109 ac
989 1062 1117 1109 tunc
1147 1067 1248 1106 suo
1279 1050 1506 1121 ponderi
1565 1059 1735 1106 totum
1755 1066 1953 1120 corpus
1984 1065 2120 1104 con-

541 1151 822 1214 cedentes,
851 1145 1149 1219 praepedito
1178 1143 1376 1215 spiritu
1401 1144 1761 1208 suﬂ‘ocabant,
1795 1153 1850 1198 et
1872 1143 1941 1199 ad
1970 1136 2120 1198 mar-4

542 1252 716 1313 tyrem
738 1239 1011 1296 ducebant
1042 1254 1055 1291 :
1091 1235 1387 1306 Quousque
1412 1238 1652 1301 tandem,
1671 1237 1859 1302 homo,
1890 1235 1987 1290 tibi
2018 1236 2124 1290 erit

543 1331 682 1389 mori
706 1329 900 1386 dulce?
928 1328 1131 1383 Horum
1169 1328 1567 1384 calamitatibus
1594 1329 1691 1385 tibi
1722 1338 1843 1384 tuas
1883 1344 1995 1384 non
2019 1329 2119 1384 de-

543 1426 754 1481 futuras
774 1424 1012 1479 erudire.
1069 1419 1204 1486 Quis
1246 1439 1346 1494 pro
1397 1424 1554 1478 donis
1596 1428 1869 1477 tormenta
1929 1428 2125 1491 sponte

542 1518 804 1588 suscipiat
828 1517 977 1590 (99)?
1011 1517 1145 1586 Quis
1165 1518 1321 1573 malit
1358 1515 1619 1586 improbis
1674 1513 1916 1584 adiungi,
1960 1528 2122 1582 quam

541 1625 665 1665 cum
698 1625 824 1682 rege
848 1611 1032 1667 vivere
1067 1610 1259 1681 (100)?
1306 1608 1438 1675 Quis
1472 1623 1569 1677 pro
1623 1606 1991 1676 pulcherrima
2014 1604 2123 1659 vita

544 1702 917 1774 turpissimam
945 1704 1107 1777 eligat
1136 1702 1399 1758 mortem?
1450 1700 1527 1754 Ne
1566 1714 1811 1769 spernas,
1865 1713 1968 1753 nos
2028 1698 2123 1753 tibi

542 1808 668 1849 esse
696 1795 1057 1859 consiliarios,
1090 1808 1226 1864 quos
1253 1792 1467 1865 generis
1503 1790 1802 1845 necessitas
1850 1789 1999 1854 facit,
2063 1799 2122 1844 ut

2219 693 2569 763 ὑποσχέσεσι,
2618 693 2756 764 πρὸς
2801 691 3143 746 ἀποστασίαν
3208 691 3402 760 ἐνῆγον
3470 692 3563 743 τὸν
3630 693 3811 756 ἅγιον.

2222 785 2359 854 Ἤδη
2385 785 2443 838 δὲ
2475 786 2596 838 καθ’
2630 785 2726 837 ἕνα
2756 786 3118 853 παράγοντες,
3148 783 3244 837 καὶ
3277 782 3457 854 βρόχῳ
3480 784 3570 837 τὸν
3602 784 3814 851 αὐχένα

2222 873 2636 944 σφηκώσαντες,
2668 872 3292 947 προσπατταλεύσαντες
3323 875 3386 926 τὸ
3403 873 3691 934 καλώδιον.
3715 874 3812 925 καὶ

2218 964 2393 1036 τούτῳ
2422 967 2699 1036 μετέωρον
2746 966 2805 1019 τὸ
2840 965 3001 1036 σῶμα
3040 967 3150 1019 πᾶν
3184 966 3574 1035 ἐπιτρέποντες
3605 966 3684 1035 τῷ
3715 966 3814 1032 βά-

2223 1075 2309 1129 ρει
2332 1059 2432 1128 τῆς
2445 1057 2612 1129 ὁλκῆς
2632 1058 3052 1128 ἀποθλιμμένου
3070 1057 3163 1111 τοῦ
3190 1058 3500 1127 πνεύματος
3522 1058 3817 1110 ἐναπέπνι-

2220 1165 2337 1217 γον,
2374 1147 2862 1220 προσεπιλέγοντες
2907 1148 2985 1216 τῷ
3029 1149 3291 1219 μάρτυρι⁸
3318 1149 3498 1218 Μέχρι
3538 1148 3724 1209 τίνος,
3767 1141 3815 1198 ὦ

2222 1237 2480 1309 ἄνθρωπε
2501 1280 2515 1304 ,
2558 1238 2928 1304 θανατοῦσαι;
2965 1239 3101 1302 Ταῖς
3132 1238 3335 1292 τούτων
3354 1238 3815 1307 παιδαγωγήθητι

2229 1332 2537 1401 συμφοραῖς
2575 1329 2673 1393 τὰς
2701 1328 2867 1382 αὑτοῦ
2908 1329 3091 1392 καλῶς
3122 1328 3482 1385 διατίθεσθαι.
3509 1330 3607 1392 Τίς
3649 1329 3820 1381 κολά-

2224 1437 2341 1484 σεις
2363 1421 2485 1475 ἀντὶ
2514 1420 2735 1492 δωρεῶν
2768 1419 2911 1474 ἑκὼν
2935 1421 3295 1491 ἀναδέχεσθαι
3320 1437 3335 1485 ;
3362 1420 3458 1483 Τίς
3474 1420 3820 1490 κακούργοις

2237 1511 2651 1585 συνεῖναι[ἀντὶ]
2678 1513 2777 1583 τῆς
2802 1513 3064 1584 βασιλέως
3104 1513 3313 1582 διαίτης
3346 1512 3686 1577 ἀσπάζεται;
3717 1514 3821 1574 Τίς

2224 1604 2345 1657 ἀντὶ
2362 1603 2652 1673 καλλίστης
2672 1602 2817 1674 ζωῆς
2840 1605 3076 1675 αἱρεῖται
3098 1604 3354 1657 κάκιστον
3371 1603 3599 1657 θάνατον
3613 1647 3627 1669 ,
3645 1604 3819 1673 Δέχου

2228 1693 2572 1765 συμϐούλους
2604 1697 2755 1767 ἡμᾶς
2784 1696 3000 1768 ἀνάγκῃ
3027 1696 3221 1764 γένους
3251 1694 3385 1766 πρὸς
3414 1693 3631 1747 εὖνοιαν
3673 1711 3821 1762 συμ-

2228 1786 2605 1850 ϐουλεύοντας.
2649 1786 2837 1841 Ταῦτα
2886 1788 3201 1856 κατέλεγον,
3261 1788 3355 1841 καὶ
3398 1789 3607 1840 τούτων
3652 1786 3821 1838 πολυο

542 1885 614 1939 ob
658 1853 1295 1955 benevolentiam-aequa
1328 1883 1424 1938 tibi
1471 1882 1836 1938 consulamus.
1870 1879 2015 1945 Haec,
2067 1891 2120 1937 et

2224 1878 2492 1932 πλασίονά
2518 1896 2578 1932 τε
2611 1879 2704 1933 καὶ
2736 1878 2978 1945 πλείονα,
3008 1853 3107 1934 καί
3121 1880 3243 1933 ὅσον
3261 1878 3414 1933 ὁτῶν
3441 1878 3821 1948 ἐϐδομήκοντα

544 1976 648 2030 alia
679 1976 833 2045 plura
864 1976 1015 2030 hisce
1056 1975 1280 2038 similia,
1334 1974 1573 2045 quandiu
1622 1972 1963 2045 septuaginta
2013 1973 2111 2028 viri

545 2081 687 2120 unus
713 2076 835 2135 post
863 2066 1027 2121 alium
1062 2066 1414 2121 tradebantur
1456 2064 1635 2128 morti,
1666 2078 1963 2133 eorumque
1986 2080 2117 2132 sup-

543 2157 763 2225 plicium
796 2156 1048 2212 concioni
1072 2164 1287 2227 tempus
1306 2151 1661 2226 praeﬁniebat,
1713 2154 1787 2209 illi
1839 2154 2116 2221 dicebant,

542 2263 651 2318 quo
676 2263 763 2303 res
815 2258 962 2304 esset
990 2248 1205 2303 abitura
1233 2248 1506 2303 timentes.
1574 2246 1774 2300 Durum
1833 2255 1914 2301 est
1975 2248 2121 2302 enim

541 2337 688 2407 quod
712 2338 956 2409 cogimur
979 2348 1329 2409 exspectare;
1378 2338 1521 2408 quod
1579 2346 1759 2391 autem
1807 2344 2120 2391 momenta-

542 2441 707 2481 ueum
758 2435 861 2494 est,
910 2444 1034 2483 cum
1088 2428 1267 2482 locum
1331 2428 1513 2483 timori
1545 2444 1655 2481 non
1690 2436 1929 2497 priestet,
1977 2428 2117 2482 leve.

541 2515 683 2583 Quid
711 2517 874 2590 igitur
901 2519 969 2573 ad
991 2519 1108 2573 haec
1130 2519 1323 2573 beatus
1359 2521 1676 2574 Anastasius
1704 2519 1728 2572 ’ἶ
1789 2520 2014 2575 lntuens
2063 2521 2119 2573 in

540 2609 762 2677 malum,
833 2610 1004 2665 oculis
1051 2609 1204 2680 ipsis.
1254 2619 1309 2665 et
1344 2611 1515 2681 magis
1564 2610 1749 2665 animo
1774 2612 1974 2683 gratias
2004 2612 2117 2682 egit

542 2697 786 2762 Christo,
814 2698 960 2768 quod
988 2708 1233 2770 optatum
1264 2700 1425 2754 tinem
1458 2700 1769 2771 attingeret,
1819 2717 1883 2756 ac
1919 2701 2122 2757 deinde

541 2787 610 2843 ad
637 2803 765 2843 suos
790 2800 1169 2860 persecutores
1200 2806 1497 2847 conversus
1535 2792 1669 2847 dixit
1701 2808 1715 2844 :
1750 2792 2002 2849 Haeccine
2036 2803 2122 2848 est

542 2877 634 2932 illa
663 2879 817 2934 vobis
838 2881 975 2936 adeo
1003 2881 1259 2936 terribilis
1282 2883 1474 2936 mors?
1501 2884 1570 2936 At
1607 2883 1738 2936 mihi
1792 2884 1950 2955 longe
2004 2901 2119 2955 grao

542 2969 693 3024 viora
718 2972 957 3041 speranti
984 2972 1208 3027 omnino
1228 2972 1454 3028 vilescit.
1502 2973 1809 3029 lnnumeris
1835 2990 1934 3046 ego
1965 2977 2123 3030 rebar

543 3060 821 3131 suppliciis
846 3078 877 3116 a
903 3062 1059 3118 vobis
1094 3064 1328 3127 concidi,
1359 3073 1414 3118 et
1459 3079 1703 3119 meorum
1749 3067 2120 3121 membrorum

2223 1969 2347 2025 καθ’
2391 1970 2487 2023 ἕνα
2527 1969 2816 2041 γινόμενος
2848 1970 3079 2034 Θάνατος
3115 1970 3414 2041 ἑπεμέτρει
3462 1973 3526 2039 τῇ
3562 1969 3819 2040 δημηγο-

2224 2063 2315 2135 ρίᾳ
2350 2063 2561 2134 καιρὸν,
2586 2066 2653 2133 τῇ
2700 2062 2875 2117 ἑλπίδι
2910 2062 3005 2116 τοῦ
3052 2062 3359 2133 μέλλοντος,
3391 2062 3463 2125 ὡς
3500 2062 3695 2132 ᾤοντο,
3729 2063 3821 2113 δε-

2219 2156 2518 2226 διττόμενοι
2556 2175 2569 2189 ’
2603 2154 2832 2226 φξὸερδν
2864 2155 2972 2226 γὰρ
3001 2155 3062 2207 τὸ
3094 2152 3575 2226 προσδοκώμενον,
3606 2152 3823 2206 διαλανο

2222 2247 2370 2301 θάνει
2417 2249 2471 2301 δὲ
2509 2249 2570 2301 τὸ
2612 2248 2880 2317 αἰφνίδιον
2924 2247 3093 2316 φόϐου
3137 2246 3331 2317 καιρὸν
3379 2247 3453 2315 μὴ
3496 2245 3815 2316 δεχόμενον.

2221 2340 2285 2391 Τί
2318 2333 2410 2391 οὖν
2438 2341 2465 2392 ὁ
2498 2339 2771 2410 μακάριος
2820 2338 3205 2403 Ἀναστάσιος;
3231 2336 3321 2408 Τῷ
3356 2337 3575 2406 οὐρανῷ
3638 2353 3817 2407 προσ-

2220 2431 2541 2485 ανασλέπων
2562 2433 2675 2494 τοῖς
2699 2432 2929 2502 ὄμμασι,
2958 2431 3052 2485 καὶ
3082 2430 3246 2484 πλέον
3273 2429 3350 2500 τῷ
3376 2429 3451 2494 νῷ
3487 2428 3648 2500 χάριν
3666 2430 3821 2499 ὡμο-

2219 2522 2368 2590 λόγει
2396 2522 2616 2595 Χριστῷ
2635 2522 2728 2576 τοῦ
2760 2523 3097 2593 ποθουμένου
3134 2522 3371 2592 πέρατος
3414 2521 3815 2591 ἐφαπτόμενος,

2221 2613 2317 2667 καὶ
2342 2616 2457 2676 τοῖς
2485 2612 2743 2677 διώκταις
2770 2613 3088 2681 ἐφθέγγετο.
3122 2607 3295 2675 Οὗτος
3329 2615 3357 2665 ό
3386 2612 3619 2681 φοϐερὸς
3662 2611 3818 2682 ὑμῶν

2226 2703 2488 2770 θάνατος;
2518 2699 2673 2767 οὗτος
2702 2706 2767 2772 τῇ
2798 2704 2972 2757 ἐλπίδι
2997 2704 3105 2756 τῶν
3126 2702 3498 2775 σφοδροτέρων
3524 2704 3631 2771 ὲμο
3648 2703 3815 2771 ὶπαρ-

2220 2798 2539 2868 ἀνήλωται*
2580 2797 2977 2868 ἀναριθμήτοις
3018 2795 3129 2863 ἐγὼ
3182 2794 3575 2865 διατετμῆσθαι
3643 2812 3821 2862 τιμω-

2225 2887 2367 2958 ρίαις
2393 2886 2641 2955 ἐνόμιζον
2672 2927 2686 2952 ,
2727 2887 2822 2940 καὶ
2869 2887 3025 2957 νικᾷν
3060 2884 3282 2955 ἀριθμῷ
3322 2886 3432 2938 τῶν
3459 2885 3611 2954 ἐμῶν
3638 2885 3823 2954 μελῶν

2221 2980 2320 3050 τὴν
2360 2980 2627 3051 διαίρεσιν
2661 2996 2674 3009 ·
2709 2978 2805 3033 νῦν
2841 2978 2897 3031 δὲ
2942 2978 3125 3049 μικρῷ
3156 2977 3373 3048 θανάτῳ
3413 2980 3527 3040 τοῖς
3560 2976 3823 3045 μεγαλοις

2223 3071 2317 3125 τοῦ
2339 3071 2579 3142 Χριστοῦ
2602 3070 2964 3131 στρατιώταις
2989 3070 3308 3140 ἐναρίθμιος
3328 3070 3575 3137 γίνομαι.
3594 3068 3824 3129 Τούτοις

543 3167 829 3207 numerum
874 3162 1197 3222 superatura
1245 3168 1366 3208 esse
1411 3162 1699 3208 tormenta.
1749 3155 1906 3209 Nunc
1936 3165 2116 3211 autem

2228 3162 2500 3225 ὑπειπὼν,
2536 3165 2614 3225 είς
2636 3164 2826 3233 χεῖράς
2858 3182 2950 3217 σου
2979 3161 3327 3232 παρατίθημι
3350 3161 3411 3213 τὸ
3442 3161 3663 3229 ττνεῦμά
3695 3176 3820 3229 μου.

543 3239 757 3310 exigua:
794 3240 987 3296 mortis
1017 3242 1195 3312 pretio
1239 3242 1448 3312 magnis
1500 3240 1700 3297 Christi
1740 3243 2005 3299 militibus
2034 3246 2128 3299 ad-

544 3345 821 3385 numeror.
866 3332 1022 3388 Tunc
1054 3333 1400 3403 subiiciens:
1442 3334 1500 3387 In
1547 3349 1740 3389 manus
1768 3354 1773 3359 ·
1800 3342 1920 3390 tuas
1974 3350 2128 3391 com-

544 3422 745 3477 mendo
779 3424 1030 3494 spiritum
1056 3442 1236 3481 meum
1262 3426 1435 3495 (101),
1493 3427 1709 3482 Christe
1766 3428 1914 3483 Deus
1940 3430 2129 3486 salutis

548 3526 721 3578 meae;
748 3513 945 3583 laqueo
965 3519 1293 3571 constrictus
1322 3516 1469 3582 (102)
1498 3517 1835 3587 splendidam
1866 3521 2129 3590 martyrio

541 3600 856 3655 coronidem
884 3602 1157 3673 imposuit.
1187 3603 1290 3659 Per
1321 3606 1437 3660 hare
1478 3605 1660 3676 igitur,
1694 3623 1757 3662 ac
1786 3616 1936 3663 tanta
1968 3609 2120 3664 forti-

542 3698 627 3744 ter
645 3692 857 3760 expleta
889 3694 1186 3749 certamina
1216 3696 1433 3750 coronis
1474 3712 1627 3763 auro,
1683 3701 2019 3770 gemmisque
2045 3701 2123 3755 di-

541 3782 758 3838 stinctis
778 3784 1151 3853 pretiosiorem
1212 3786 1358 3856 (105)
1394 3802 1653 3843 coronam
1673 3805 1740 3845 ex
1762 3792 1999 3860 paradisi
2017 3794 2117 3847 ilo-

2226 3256 2431 3327 Χριστὲ
2459 3256 2487 3308 ό
2517 3255 2648 3319 Θεὸς
2672 3256 2772 3325 τῆς
2796 3256 3072 3328 σωτηρίας
3109 3273 3236 3326 μου,
3268 3253 3363 3307 τοῦ
3396 3252 3697 3325 μαρτυρίου
3722 3253 3824 3318 τὴν

2228 3345 2499 3415 κορωνίδα
2525 3344 2603 3414 τῷ
2635 3345 2813 3416 βρόχῳ
2850 3346 3120 3416 λαμπρῶς
3158 3344 3587 3417 περιγράφεται.
3619 3342 3823 3395 Τοσοῦο

2227 3454 2341 3500 τοις
2380 3439 2408 3489 ό
2463 3438 2771 3500 καλλίνικος
2820 3438 3031 3509 μάρτυς
3080 3436 3388 3507 ὲναθλήσας
3432 3436 3821 3506 παλαίσμασι,

2226 3527 2609 3597 λιθοκολλήτου
2660 3530 2927 3598 στεφάνου
2976 3532 3337 3601 στερρότερον
3366 3529 3583 3601 δέχεται
3620 3526 3823 3594 στέφα-

2226 3637 2338 3685 νον,
2364 3623 2480 3683 τοῖς
2521 3622 2584 3673 ὲκ
2621 3621 2713 3674 τοῦ
2742 3622 3080 3686 παραδείσου
3120 3622 3411 3675 διάπλοκον
3460 3621 3681 3681 ἄνθεσι,
3726 3618 3823 3669 καὶ

2224 3711 2323 3779 τὴν
2344 3711 2450 3765 τῶν
2466 3713 2685 3781 ἀγαθῶν
2704 3715 2930 3770 αἰωνίαν
2956 3717 3271 3783 ἀπόλαυσιν,
3295 3717 3394 3787 τῆς
3415 3714 3700 3786 ἀριστείας
3725 3713 3826 3764 δω-

2229 3802 2361 3870 ρεὰν
2394 3804 2753 3876 ἀποφέρεται.
3677 3818 3685 3823 ”

544 3876 694 3976 ribus
746 3886 1057 3976 contextam
1108 3880 1360 3951 egregius
1404 3891 1609 3955 martyr
1668 3886 1918 3957 suscipit,
1970 3897 2025 3943 et
2086 3900 2415 3951 aeternorum
2467 3899 2739 3956 bonorum
2799 3902 3076 3976 gaudium,
3121 3920 3233 3959 suae
3285 3899 3619 3957 fortitudinis
3675 3911 3826 3967 prae:

546 3968 740 4034 mium,
769 3970 1001 4026 obtinet.

612 4058 823 4114 Atvero
845 4063 1098 4130 quoniam
1123 4068 1423 4136 argumenti
1459 4070 1725 4125 suavitate
1750 4072 1972 4143 abrepta
2003 4091 2123 4132 ora-

546 4148 621 4202 tio
674 4163 831 4204 suum
887 4154 1076 4222 nequit
1132 4156 1352 4225 explere
1403 4160 1620 4215 dicendi
1683 4163 2037 4232 desiderium,
2067 4180 2123 4225 et

544 4250 854 4309 martyrem,
890 4241 1063 4297 donec
1095 4245 1337 4310 tollatur,
1410 4256 1468 4302 ut
1509 4248 1732 4307 Elisaeus
1757 4252 1926 4309 Eliam
1951 4257 2119 4326 (104),

542 4340 738 4419 ίροιιιει
772 4349 883 4389 non
904 4334 1143 4403 dimittit,
1169 4353 1359 4407 parum
1388 4339 1566 4397 adhuc
1590 4346 1850 4414 temporis
1868 4347 1945 4402 rei
1962 4363 2124 4403 enar-

2312 4076 2469 4131 ’Er:e‘t
2506 4078 2564 4130 δὲ
2607 4079 2709 4149 τῆς
2749 4081 2921 4152 καλῆς
2955 4081 3259 4153 ἀπληστίας
3294 4083 3323 4135 ό
3360 4081 3517 4152 λόγος
3547 4083 3684 4153 ἐρᾷ,
3731 4085 3826 4138 καὶ

2231 4172 2328 4242 τῆς
2356 4171 2452 4225 τοῦ
2509 4172 2788 4245 μάρτυρος
2827 4174 3146 4247 ἀναλήψεως
3171 4214 3187 4240 ,
3225 4176 3301 4239 ώς
3343 4175 3645 4238 Ἐλισσαῖος
3680 4176 3829 4229 ἑκὼν

2231 4265 2329 4317 οὐκ
2358 4264 2678 4332 ἀφίσταται,
2701 4266 2779 4319 ἔτι
2806 4267 3002 4339 μικρὸν
3021 4268 3172 4338 ἡμᾶς
3192 4268 3396 4330 αὐτοὺς
3416 4266 3494 4337 τῷ
3514 4267 3822 4338 διηγήματι

2234 4354 2593 4427 χαρισώμεθα
2649 4358 2780 4411 Ὅτε
2816 4358 2875 4412 τὸ
2910 4359 3181 4430 μακάριον
3215 4359 3368 4423 τέλος
3392 4361 3419 4413 ὁ
3444 4358 3538 4413 τοῦ
3582 4359 3822 4414 Χριστοῦ

2050 4549 2278 4609 NOTAE.

757 4691 898 4765 Lege
923 4695 1231 4753 κολακείαν.

547 4761 729 4885 θέἕὲἓ)
756 4761 894 4819 Ρυῐο
916 4767 1106 4821 melius
1129 4769 1210 4821 vel
1237 4768 1577 4839 ἀναδέχεται,
1614 4772 1694 4827 vel
1754 4772 2116 4843 ἀναδέχεσθαι

798 4902 1007 4979 _Supple
1042 4907 1160 4961 ἀντὶ
1189 4908 1285 4979 τῆς
1313 4908 1437 4979 βασ.

622 4968 768 5040 (ωυ
798 4968 937 5028 Luc:
967 4991 1116 5040 χχιιι,
1147 4978 1236 5033 46.

621 5038 767 5123 (ιρεξ
798 5043 933 5096 Acta
962 5038 1147 5101 Graeca
1178 5048 1345 5123 diem,
1380 5064 1488 5120 quo
1524 5060 1743 5123 sanctus
1788 5053 2115 5110 Anastasius

548 5117 865 5192 martzrium
886 5118 1326 5192 consummavit,
1359 5117 1547 5192 aperte
1566 5121 1868 5192 designant
1902 5141 1914 5177 :
1958 5124 2116 5176 Κατά

544 5182 646 5264 τὴν
693 5181 1098 5264 δευτέρανικα).
1146 5181 1490 5264 amasios
1538 5181 1868 5264 Ἀῐανουςαρίου
1927 5194 2116 5264 μηνὸς,

546 5251 698 5332 ἔτους
719 5251 1321 5334 ρκτωκαιιδεκάτουῇτῆς
1349 5260 1626 5334 βασιλείας
1661 5251 1765 5316 τοῖί
1793 5251 2119 5334 Ἡρακλείου

544 5321 642 5402 τος)
680 5321 1249 5402 εὐσεϐεστάτουζοκαὶ-
1272 5321 1662 5402 ἑκκαιδεκάτου
1705 5321 2121 5388 Κωνσῖταντίνου

544 5391 641 5444 τοῦ
661 5390 778 5472 prob
802 5390 996 5472 αὑτοῦ.
1029 5411 1047 5444 ι
1077 5392 1597 5472 Yiqesima_secuiida
1630 5404 1834 5459 mensis
1861 5403 2121 5470 Januarii,

547 5461 892 5544 annidecimi
926 5463 1102 5544 octavi
1149 5465 1387 5544 imperii
1416 5471 1805 5544 religiosissimi
1865 5461 2123 5544 Heraclii,

549 5539 604 5585 et
652 5529 848 5584 decimi
904 5533 1043 5587 sexti
1114 5529 1255 5605 ejus'
1295 5537 1388 5593 ﬁlii
1439 5529 1801 5597 Coiistantini.
1839 5562 1858 5593 ι
1919 5529 2125 5598 Omnes

550 5615 732 5683 autem
758 5610 1025 5683 quotquot
1054 5610 1121 5660 de
1147 5616 1338 5662 sancto
1360 5612 1645 5683 Anastasio
1685 5612 1846 5666 Persa
1870 5624 2121 5683 egerunt,

552 5680 685 5751 tum.
701 5680 912 5751 veteres
949 5688 1013 5751 ac
1051 5686 1300 5751 recentes
1350 5680 1937 5751 scriptoresaquorum
1991 5698 2122 5737 sen-

554 5740 750 5823 tentias
784 5740 935 5795 Alex.
978 5743 1186 5823 Rolitus
1211 5740 1477 5823 expendit
1530 5750 1585 5804 iu
1641 5740 1924 5822 Mdrlyrol.
1968 5752 2121 5808 Rom.

553 5807 772 5875 illium,
798 5812 1129 5870 conveniunt
1157 5807 1404 5875 sanc'tum
1434 5807 1816 5887 Anastasium:
1856 5839 1978 5879 cum
2010 5807 2123 5893 jam

2162 4709 2207 4765 D
2235 4711 2916 4783 septuagintaCliristiani
2951 4698 3271 4783 strangulati
3333 4712 3567 4769 fuissent
3595 4755 3610 4779 ,
3651 4711 3819 4767 simili

2234 4790 2410 4835 morte
2428 4795 2549 4852 esse
2572 4782 2924 4848 defunctum;
2947 4782 3195 4852 quamvis
3223 4782 3315 4837 alii
3336 4784 3495 4837 aliter
3519 4783 3575 4837 id
3609 4783 3816 4837 factum

2216 4865 2335 4922 esse
2390 4851 2627 4918 tradant,
2679 4854 2824 4922 quod
2873 4851 3017 4915 mox.
3068 4868 3125 4906 ιι.
3185 4853 3310 4917 105,
3369 4853 3815 4908 observabimus.

2216 4921 2611 4988 Ephemerides
2651 4921 2853 4978 Graeca:
2880 4931 3025 4977 recte
3052 4938 3163 4977 uno
3214 4922 3493 4978 versiculo
3547 4923 3715 4988 diem,
3756 4933 3821 4977 et

2214 5005 2388 5064 genus
2409 4992 2601 5064 mortis
2630 4993 2921 5064 designant
2946 5012 2959 5049 :

2321 5059 2508 5136 ξικάδι
2539 5059 2794 5136 δευτερίῇ
2833 5063 3191 5136 ξΑναστάσιος
3220 5062 3601 5136 βρόχονᾉέτλη.

2319 5132 2417 5186 Die
2444 5149 2555 5187 χιιι
2593 5132 2906 5187 Anastasius
2938 5134 3184 5201 laqueum
3211 5132 3485 5187 Sustinuit.

2218 5201 2375 5267 Quod
2397 5204 2560 5257 etiam
2589 5204 2805 5258 duobus
2835 5205 3068 5257 senariis
3104 5218 3425 5273 expressum
3473 5202 3762 5257 invenitur
3800 5224 3811 5257 :

2339 5273 2693 5344 ΪΑναστάσιος
2728 5274 2785 5326 ὲν
2812 5274 3072 5344 τραχήλῳ
3087 5272 3191 5327 τδνί
3213 5272 3434 5344 βρόχον,

2340 5343 2428 5415 Ὦς
2450 5342 2705 5415 λαμπρὸν
2729 5342 3259 5415 ὄρμονζώραῖζεται
3282 5343 3493 5414 φέρων.

2328 5412 2641 5485 Anastasius
2666 5412 2721 5465 in
2755 5412 2890 5469 collo
2917 5412 3183 5485 laqueum,

2332 5483 2499 5553 Quasi
2518 5483 2854 5552 splendidum
2886 5483 3096 5545 monile,
3129 5485 3298 5553 ferens
3326 5493 3595 5538 coruscat.

2299 5551 2448 5625 (105)
2474 5551 2609 5608 Cod.
2636 5570 2737 5609 ms.
2767 5570 2865 5624 pro
2894 5551 3250 5625 στερρότερον
3284 5555 3450 5610 liabet
3470 5555 3524 5608 in
3565 5552 3814 5621 margine

2232 5623 2580 5705 τιμιώτερον,
2633 5623 2799 5693 quam
2860 5623 3169 5680 lectioneut
3211 5625 3266 5679 in
3324 5626 3577 5680 versione
3658 5636 3815 5678 recc-

2231 5710 2431 5765 pimus.

2304 5765 2450 5836 (104)
2479 5764 2543 5820 IV
2564 5762 2701 5836 Reg.
2735 5781 2853 5837 cap.
2884 5780 2942 5833 υ,
2971 5764 3055 5819 10.
