4152 6290
366 312 539 382 17Ξ5

1462 318 1636 377 νιΤΑ
1667 317 1727 375 S.
1765 316 2164 376 ANAS’I‘ASII
2202 316 2613 376 MARTYRIS.

3517 315 3652 381 1726

358 423 637 498 μαθητής
656 426 968 493 ἀνεδέξατο,
1001 426 1147 495 ξίφει
1169 425 1267 495 τὴν
1294 426 1594 496 σεσασμίαν
1615 425 1857 493 κεφαλὴν
1876 426 1952 477 toi

2074 426 2254 480 raudae
2289 427 2684 496 indulgeamus.
2720 424 2811 476 Vix
2847 425 2973 478 dum
3008 425 3154 496 (105)
3207 426 3366 480 finem
3431 428 3649 482 beatum

356 516 641 587 σώματος
680 517 1017 588 διεχώριζον,
1067 520 1214 579 ὅπως
1278 518 1378 585 τὴν
1426 518 1706 587 σφραγῖδα
1757 517 1835 586 τῷ
1879 535 1970 569 τυ-

361 609 569 681 ράννῳ
604 611 701 679 τὴν
732 610 1116 680 περιαυχένιον
1172 608 1519 674 ὑποδεξωσιν.
1558 609 1617 661 '0
1655 608 1835 661 τοίνυν
1862 607 1971 661 τῶν

354 701 815 772 δεσμοφυλάκων
842 701 1136 770 ταξίαρχος
1154 701 1232 771 τῷ
1257 700 1452 770 πλήθει
1475 699 1583 753 τῶν
1608 700 1875 770 σωμάτων
1895 699 1970 770 μὴ

360 792 820 863 παρακλαπῆναι
849 791 946 845 τοῦ
974 793 1252 862 μάρτυρος
1286 791 1607 861 βουλόμενος
1633 793 1733 862 τὴν
1747 791 1972 859 διάγνω-

359 898 491 946 σιν,
521 882 760 952 σπουδὴν
781 882 1020 935 ἐποιεῖτο
1048 881 1268 933 διειλεῖν
1299 881 1401 949 τῆς
1429 880 1747 950 ἀθροίσεως·
1773 881 1834 932 ού
1864 881 1969 950 μὴν

357 972 416 1023 οἱ
452 972 781 1043 δημόκοινοι
817 970 1229 1042 συνεχώρησαν.
1269 971 1509 1043 Ἑϐραῖοι
1536 970 1633 1041 τὴν
1666 970 1968 1040 θρησκείαν

360 1061 751 1134 ὑπάρχοντες
783 1064 1008 1125 εἰκότως
1039 1062 1149 1133 γὰρ
1178 1064 1227 1115 οἱ
1268 1064 1366 1126 τὰς
1394 1064 1585 1132 χεῖρας
1614 1062 1967 1125 ἐπιϐαλόντες

356 1152 628 1224 Χριστῷ,
663 1153 888 1208 καὶτῶν
913 1155 1007 1207 τοῦ
1035 1153 1272 1224 Χριστοῦ
1307 1152 1566 1224 μαθητῶν
1609 1152 1970 1224 αύτουργοῦσι

356 1246 467 1299 τὸν
528 1246 780 1299 θάνατον.
822 1246 909 1308 Ὧς
952 1245 1009 1298 δὲ
1036 1245 1133 1298 τοῦ
1168 1246 1443 1316 μάρτυρος
1484 1246 1584 1315 τὴν
1615 1244 1891 1298 τελείωσιν
1920 1248 1968 1297 oi

354 1338 469 1392 τοῦ
518 1339 704 1393 ’ίεσδὶν
734 1339 920 1402 παῖδες
956 1337 1218 1391 ἐπύθοντο
1246 1338 1360 1404 (καὶ
1386 1336 1494 1407 γὰρ
1517 1338 1722 1390 οἰκέται
1746 1338 1856 1389 τῶν
1882 1338 1971 1389 ἀνο

357 1430 525 1501 δρῶν
568 1430 1086 1501 συμπαρωμάρτουν
1116 1430 1264 1500 αὐτῷ
1293 1429 1428 1501 πρὸς
1456 1430 1554 1499 τὴν
1583 1429 1853 1500 ἄθλησιν),
1895 1429 1965 1480 τὸ

365 1519 551 1589 σῶμα
590 1523 713 1584 ταῖς
763 1520 999 1590 πληγαῖς
1038 1518 1408 1590 βαρυνόμενον
1445 1519 1812 1589 ὑπεριδόντες,
1856 1519 1968 1572 τῶν

356 1609 721 1679 δημοκοίνων
767 1610 1044 1682 χρήμασιν
1080 1608 1483 1681 ἐξωνησάμενοι
1530 1609 1630 1681 τὴν
1674 1611 1963 1681 ὠμότητα,

354 1698 469 1752 τοῦ
515 1699 789 1770 μακαρίου
818 1699 880 1753 τδ
921 1699 1083 1771 σῶμα
1124 1701 1293 1771 χωρὶς
1324 1700 1671 1756 ἑναπέθεντο.
1715 1703 1868 1755 Ἐπεὶ
1907 1703 1963 1756 δὲ

2074 516 2272 571 Christi
2304 517 2604 586 discipulus
2630 525 2936 584 acceperat,
2994 531 3116 569 cum
3150 518 3517 571 venerandum
3562 536 3651 572 ca-

2073 622 2168 677 put
2197 611 2264 662 ab
2293 610 2410 679 ejus
2428 624 2651 678 corpore
2675 608 2969 662 abscissum
2996 618 3097 671 est,
3116 618 3172 661 ut
3198 610 3407 678 signum
3440 612 3649 663 cervice
3678 666 3679 669 η

2074 703 2394 769 impressum
2425 700 2568 769 (106)
2633 699 2983 753 ostenderent
3026 708 3271 768 tyranno.
3321 700 3457 754 Tum
3519 718 3649 755 vero

2073 793 2356 847 custodum
2399 793 2651 846 tribunus
2712 790 2860 861 (107)
2930 792 3123 844 nolens
3184 792 3325 844 inter
3356 808 3644 861 corporum

2072 883 2468 937 multitudinem
2494 884 2564 936 ita
2596 882 2846 951 martyris
2904 880 3165 934 confundi
3194 896 3413 948 corpus,
3472 888 3531 933 ut
3571 879 3647 933 di-

2070 975 2252 1045 gnosci
2280 974 2511 1043 amplius
2541 989 2647 1026 non
2692 981 2895 1041 posset,
2922 986 2950 1023 a
2983 971 3307 1024 cadaverum
3338 970 3560 1025 cumulo
3585 970 3646 1023 il-

2068 1065 2160 1118 lud
2204 1064 2413 1118 secerni
2468 1064 2753 1132 diligenter
2774 1061 2995 1114 curabat
3043 1060 3211 1127 (l08).
3241 1060 3345 1113 Sed
3372 1073 3481 1112 non
3516 1075 3643 1129 per-

2069 1154 2335 1209 miserunt
2367 1155 2604 1214 lictores,
2641 1153 2732 1222 qui
2779 1160 2935 1205 erant
2990 1150 3199 1204 Hebraei
3249 1150 3415 1220 (l09).
3459 1150 3645 1220 quales

2069 1247 2297 1301 decebat
2320 1245 2543 1299 omnino
2566 1260 2718 1305 esse;
2748 1252 2806 1296 ut
2840 1242 2929 1310 qui
2964 1240 3019 1293 in
3039 1240 3314 1295 Christum
3345 1241 3644 1308 injecerant

2069 1352 2283 1399 manus,
2312 1337 2472 1391 etiam
2511 1338 2563 1389 in
2585 1335 2786 1389 Christi
2816 1333 3111 1402 discipulos
3137 1341 3364 1386 mortem
3385 1331 3643 1385 moliren-

2068 1439 2175 1484 tur.
2216 1428 2283 1484 Ut
2311 1438 2491 1482 autem
2513 1427 2699 1481 Jesdin
2730 1426 2823 1479 filii
2852 1425 3090 1495 martyrii
3119 1423 3642 1478 consummationem

2077 1520 2462 1574 intellexerunt
2511 1521 2656 1587 (nam
2692 1532 2880 1571 eorum
2920 1516 3103 1569 fanuili
3146 1514 3443 1570 comitesin
3470 1527 3643 1583 agone

2066 1610 2351 1663 astiterant
2415 1609 2598 1671 beato,
2631 1608 2750 1675 ejus
2782 1622 2980 1676 corpus
3026 1614 3284 1659 onustum
3320 1603 3640 1657 vulneribus

2066 1702 2479 1772 suffulcientes),
2502 1688 2732 1772 pecunia
2759 1702 2881 1755 data
2905 1700 3155 1753 lictorum
3183 1697 3451 1752 feritatem
3471 1695 3643 1750 emol-

355 1788 471 1855 νὺξ
517 1767 728 1860 παρῆν,
772 1792 867 1843 καὶ
901 1767 1095 1859 καιρὸς
1125 1767 1422 1860 ⁷θεοιίινιλοῦς
1457 1794 1827 1864 ἐγχειρήσεως
1873 1796 1952 1847 κα)

2065 1794 2183 1857 lirc,
2210 1794 2385 1863 ipsum
2413 1792 2664 1863 martyris
2710 1807 2907 1861 corpus
2938 1791 3226 1853 redimere,
3291 1804 3355 1842 ac
3412 1787 3637 1841 seorsim

362 1879 595 1951 κλοπῆς
616 1868 875 1945 εὐσεϐοῦς
907 1882 1243 1952 περιστεῖλαι
1271 1885 1417 1953 ταφῇ
1436 1883 1498 1934 τὸ
1522 1882 1684 1950 σῶμα
1704 1882 1799 1935 τοῦ
1821 1882 1962 1955 μάρ-

365 1988 571 2041 τυρος,
591 1973 620 2025 ό
645 1973 743 2042 τῆς
772 1973 940 2042 μονῆς
967 1971 1217 2042 ἀδελφὸς,
1240 1973 1350 2027 τῶν
1382 1972 1567 2027 Ίεσδὶν
1589 1973 1840 2037 οἰκετῶν,
1868 1975 1966 2028 καὶ

364 2059 490 2111 τῶν
522 2059 749 2114 αὐτόθεν
766 2061 1108 2132 ὁμοτρόπους
1124 2062 1221 2133 τὴν
1241 2063 1474 2134 ἄσκησιν
1500 2062 1961 2134 προσλαϐόμενος,

366 2152 457 2224 τῷ
480 2153 638 2224 τόπῳ
662 2152 1017 2225 παρίσταται.
1067 2154 1230 2209 Ἀλλὰ
1253 2157 1362 2227 γὰρ
1392 2155 1523 2209 ποία
1554 2154 1965 2229 λογογραφικῆς

369 2246 543 2314 ἰσχὺς
572 2244 931 2315 ἑξαγγελτικῇ
975 2245 1263 2318 πλεονεξίᾳ
1307 2247 1644 2301 πιστεύουσα
1673 2248 1737 2301 τὸ
1776 2246 1964 2317 θαῦμα

358 2334 701 2405 πρεπόντως
740 2336 1090 2407 ἀνιπορήσοι
1126 2337 1225 2408 τῆς
1251 2336 1476 2407 ᾰψεωςς
1519 2337 1713 2392 Κυνῶν
1760 2337 1964 2408 πλῆθος

357 2426 736 2496 περιστάντες
792 2430 883 2480 τὸν
938 2426 1115 2495 ἅγιον,
1156 2427 1218 2481 τὸ
1264 2429 1367 2498 τῆς
1405 2428 1622 2497 φύσεως
1666 2429 1965 2499 ὠμοφάγον

357 2516 721 2588 ἕκρίψαντες,
759 2514 848 2572 οἷα
891 2518 955 2589 δὴ
1003 2518 1278 2590 θησαυρὸν
1332 2520 1604 2573 Δεσπὸτου
1669 2520 1965 2589 πολύτιμον

358 2608 673 2679 ἁγρύπνως
723 2609 1042 2678 ἐφύλαττον.
1099 2606 1233 2664 Εἶτα
1282 2610 1531 2681 θρηνώδη
1588 2628 1706 2675 πως
1759 2612 1965 2681 ὑλακὴν

355 2696 699 2769 ὠρυόμενοι,
745 2700 839 2752 καὶ
866 2700 1073 2769 γοερῶς
1127 2699 1490 2766 ὲπιυλῶντες,
1521 2701 1596 2764 ὡς
1630 2703 1803 2755 εἰπεῖν
1825 2742 1840 2765 ,
1864 2701 1963 2770 τὴν

361 2790 659 2860 ἀπήχησιν
704 2791 1025 2860 ἐπιτάφιον,
1058 2791 1247 2863 ὥσπερ
1276 2792 1695 2864 ὲπετραγῴδουν
1732 2792 1811 2864 τῷ
1847 2793 1959 2845 σώ-

378 2896 522 2949 ματι
556 2897 570 2912 ·
607 2880 701 2933 καὶ
732 2880 1109 2935 ωταιδοῦνται
1140 2881 1301 2945 κύνες
1324 2923 1336 2945 ,
1363 2882 1421 2936 ὂν
1448 2884 1547 2936 οὐκ
1576 2883 1878 2953 ᾐδέσθησαν
1902 2885 1950 2935 oi

366 2972 659 3042 ὁμόφυλοι·
690 2974 782 3027 καὶ
811 2973 1018 3042 γίνεται
1048 2992 1163 3038 πως
1187 2974 1438 3039 ἐναλλὰξ,
1463 2975 1656 3045 ἄνδρες
1722 2975 1821 3045 μὲν
1856 2993 1957 3028 κυ-

2062 1887 2330 1942 collocare
2356 1886 2704 1939 studuerunt.
2732 1883 2870 1939 Cum
2924 1893 3106 1937 autem
3161 1898 3265 1935 nox
3300 1881 3637 1941 advenisset,

2060 1987 2116 2033 et
2148 1992 2263 2032 rem
2299 1976 2410 2031 Deo
2436 1984 2640 2047 gratam
2675 1975 2783 2045 jam
2802 1976 3208 2045 capessendam,
3243 1974 3502 2042 piumque
3522 1970 3637 2024 fur-

2064 2080 2176 2124 tum
2213 2083 2323 2122 non
2350 2066 2708 2122 differendum
2742 2081 2864 2121 esse
2894 2075 3110 2135 tempus
3142 2070 3409 2127 moneret,
3430 2070 3489 2116 ut
3513 2076 3638 2115 cor-

2060 2176 2165 2231 pus
2185 2158 2437 2229 martyris
2462 2167 2767 2227 Opportune
2791 2155 3118 2211 conderetur
3144 2154 3429 2224 sepulcro;
3457 2168 3489 2207 e
3518 2166 3637 2206 mo-

2060 2249 2301 2305 nasterio
2324 2249 2512 2313 frater,
2556 2249 2848 2319 assumptis
2901 2263 3087 2303 secum
3134 2245 3319 2302 Jesdin
3383 2234 3635 2307 famulis,

2060 2356 2277 2396 necnon
2305 2340 2632 2410 quibusdam
2661 2339 2768 2395 illic
2803 2338 3124 2409 degentibus
3154 2337 3300 2405 (110)
3332 2333 3636 2399 monachis,

2061 2435 2190 2490 illuc
2214 2433 2579 2505 progreditur.
2620 2431 2818 2487 Verum
2848 2448 2968 2501 quae
3015 2431 3098 2486 vis
3149 2430 3380 2485 oratoris
3410 2428 3526 2497 ipsa
3555 2427 3638 2481 ἀί-

2062 2523 2219 2579 cendi
2250 2523 2504 2577 aviditate
2530 2522 2818 2585 concitata,
2856 2533 2909 2576 et
2939 2522 3161 2576 incensa
3224 2519 3356 2574 satis
3386 2528 3639 2571 accurate

2064 2617 2242 2670 valeat
2270 2628 2530 2669 enarrare
2559 2614 2903 2677 miraculum,
2926 2613 3070 2682 quod
3122 2611 3302 2666 statim
3363 2608 3636 2678 obiectum

2060 2716 2143 2762 est
2169 2706 2343 2761 oculis
2393 2705 2581 2775 (lli)?
2630 2705 2834 2760 Canum
2887 2704 3178 2758 multitudo
3234 2700 3632 2762 circumall‘usa,

2059 2798 2291 2853 naturali
2314 2797 2527 2851 feritate
2558 2798 2819 2867 projecta,
2849 2808 2909 2852 ut
2947 2797 3243 2867 pretiosum
3277 2796 3479 2850 domini
3513 2795 3635 2849 the-

2061 2904 2301 2954 saurum,
2334 2899 2580 2943 sanctum
2647 2890 2835 2959 vigiles
2883 2888 3299 2951 custodiebant,
3327 2896 3382 2941 et
3423 2883 3635 2956 lugubri

2059 2978 2295 3047 quodam
2320 2978 2521 3032 latratu
2554 2978 2846 3043 ululantes,
2884 2988 2939 3034 et
2985 2978 3320 3035 lamentabili
3369 2976 3629 3047 quodam,

1894 3170 2127 3231 NOTAE.

444 3350 595 3423 (105)
636 3348 770 3404 Cum
814 3348 881 3423 de
919 3362 1117 3423 genere
1146 3345 1415 3423 martyrii.
1446 3345 1616 3403 sancti
1644 3344 1945 3423 Anastasii
1974 3352 2019 3409 α
2121 3350 2284 3423 (lO_8)_
2332 3351 2564 3407 Mirabar
2594 3421 2602 3423 _
2636 3352 2947 3406 Simeonem
3030 3346 3472 3423 Metaphrastam,
3534 3355 3629 3421 qui

363 3415 703 3489 scriptorum
734 3415 966 3472 varietas
998 3416 1187 3489 fecerit
1242 3424 1301 3469 ut
1337 3416 1575 3489 oriretur
1628 3415 1898 3489 dubitatio
1928 3434 1943 3481 ;

362 3490 459 3546 alii
488 3485 634 3544 enim
667 3488 1012 3547 sufl‘ocatum.
1046 3486 1135 3541 alii
1186 3501 1314 3539 vero
1361 3485 1687 3539 decollatum
1744 3486 1942 3541 obiissc

364 3560 629 3622 tradunt;
667 3560 817 3612 Alex.
856 3558 1056 3611 Politus
1098 3557 1467 3624 conjecturam
1522 3556 1650 3609 fecit
1691 3555 1744 3607 in
1797 3556 1943 3609 Mar-

365 3630 529 3700 tyrol.
556 3630 713 3700 Rom.
733 3629 975 3700 diversas
1000 3626 1295 3700 sententias
1315 3625 1393 3679 sic
1417 3641 1537 3700 esse
1558 3625 1943 3700 conciliandas.

367 3695 400 3749 «⁷
425 3699 615 3753 Potuit
690 3698 826 3760 fleri,
875 3698 1018 3765 quod
1079 3706 1134 3750 et
1180 3696 1378 3748 factum
1432 3695 1665 3755 videtur,
1714 3704 1793 3759 ut,
1816 3697 1942 3750 dum

362 3771 565 3823 beatus
595 3777 819 3838 martyr,
848 3764 1042 3834 laqueo
1066 3766 1132 3819 ad
1158 3764 1356 3838 collum
1392 3765 1512 3831 ejus
1544 3766 1791 3838 strictius
1844 3767 1940 3819 ad-

362 3840 555 3899 ducto,
586 3838 638 3892 in
666 3833 868 3903 eo'jam
896 3833 1087 3889 eratut
1115 3833 1493 3897 sutl'ocaretur,
1526 3843 1689 3903 caput
1709 3835 1759 3888 ei
1790 3844 1941 3888 actu-

365 3917 485 3961 tum
524 3908 903 3976 praeciderent.
932 3904 1098 3973 ldque
1122 3903 1257 3976 mihi
1286 3903 1771 3976 satissigniﬁeasse
1791 3905 1943 3958 vide-

366 3988 459 4031 tur
480 3971 841 4046 M'enologium
869 3971 1117 4030 Graecum
1155 3972 1357 4027 Sirleti.
1388 3971 1507 4046 Hac
1545 3972 1754 4028 ratione
1804 3989 1941 4046 con-

363 4048 541 4101 ciliari
575 4042 802 4100 fortasse
830 4046 971 4098 inter
1003 4060 1059 4097 se
1090 4050 1319 4112 possunt
1360 4057 1420 4095 ea
1453 4042 1589 4105 loca,
1638 4059 1757 4110 quae
1803 4043 1945 4096 inter

364 4132 425 4171 se
442 4116 717 4172 contraria
742 4115 993 4170 videntur
1020 4114 1086 4168 de
1117 4128 1315 4183 genere
1332 4113 1571 4183 martyrii
1594 4113 1765 4183 sancti
1798 4112 1944 4166 Ana-

364 4187 523 4240 stasii
555 4204 567 4239 :
615 4200 776 4255 quem
816 4185 1031 4253 quidem
1072 4181 1415 4255 Anastasium
1444 4181 1558 4255 alii
1592 4182 1803 4250 laqueo.
1852 4184 1942 4236 alii

364 4256 567 4325 capitis
592 4250 928 4325 praecisione,
970 4253 1306 4325 martyrium
1349 4250 1652 4305 confecisse
1698 4267 1940 4325 commc-

367 4320 606 4380 morant.
640 4345 657 4375 ι
712 4323 912 4378 Verum
970 4320 1137 4374 Politi‘
1188 4321 1577 4388 conjecturam,
1642 4330 1700 4375 ut
1744 4322 1939 4381 levem.

365 4394 721 4463 rejiciendam
767 4393 957 4447 suadet
972 4391 1185 4463 iPisida,
1217 4392 1309 4460 qui
1355 4390 1829 4463 quemadmodmn
1858 4406 1943 4445 res

366 4461 489 4518 acta
516 4465 604 4522 sit,
636 4464 771 4517 adeo
821 4462 1055 4516 dilucide
1099 4471 1304 4525 narrat,
1330 4470 1389 4514 ut
1446 4475 1508 4513 ea
1565 4461 1943 4515 conciliatione

366 4533 695 4603 neutiquam
746 4532 1003 4603 indigeat.
1065 4530 1254 4603 _Nuper
1332 4539 1536 4603 noster_
1574 4528 1943 4603 Encomiastes

365 4597 643 4663 dixitﬂcoﬁ
673 4597 979 4671 μαρτυρίου
1024 4599 1125 4669 τὴν
1159 4597 1439 4671 “κορωνίδα
1460 4597 1546 4671 τῷ
1567 4599 1757 4671 βρόχῳ
1802 4600 1941 4669 λαμ-

368 4672 527 4755 πρῷς
548 4669 969 4755 ⁸περιγράφεται,
992 4739 1004 4750 ι
1022 4687 1063 4755 (Σ
1079 4669 1335 4755 martyrio
1350 4670 1723 4755 “splendidam
1782 4685 1939 4755 coro-

366 4738 552 4796 nidem
580 4738 774 4810 laqueo
803 4738 1423 4810 constrictusgimponit;
1461 4758 1480 4790 ι
1514 4738 1711 4810 quibus
1763 4740 1942 4793 verbis

366 4826 544 4882 genus
569 4808 758 4864 mortis
793 4810 1051 4882 declarat.
1110 4808 1223 4882 Hic_
1255 4816 1463 4872 autem,
1487 4824 1613 4882 Aqua
1662 4809 1731 4863 de
1775 4825 1939 4864 causa

368 4878 495 4948 post
520 4889 752 4935 mortem
799 4880 971 4935 sancti
1007 4878 1227 4945 martyri
1272 4887 1435 4948 caput
1479 4879 1643 4933 fuerit
1690 4889 1944 4948 amputa-

370 4947 510 5016 tum,
548 4950 822 5019 explanat.
854 4949 1002 5019 ὅπως
1034 4947 1131 5018 τὴν
1158 4947 1540 5019 σφραγζδατῴ
1566 4947 1814 5019 τυράννῳ
1844 4948 1942 5019 τὴν

369 5016 745 5091 περιαυχένιον
771 5016 1143 5091 ὑποδείξωσιν,
1190 5035 1210 5067 ε
1244 5025 1301 5070 ιιι
1328 5017 1557 5091 sigillum
1594 5016 1795 5073 cervici
1839 5016 1944 5071 im-

370 5088 619 5157 pressum
658 5088 1011 5158 ostenderent
1049 5094 1294 5155 tyranno.
1320 5104 1339 5136 ι
1375 5088 1558 5155 Itaque
1594 5103 1765 5158 genus
1800 5104 1947 5141 mar-

370 5159 513 5240 tyrii,
532 5160 681 5240 quod
715 5166 837 5240 post
865 5157 1032 5240 multa
1055 5162 1324 5240 tormenta
1351 5167 1596 5240 sanctus.
1624 5158 1944 5240 Anastasius

370 5224 613 5295 pertulit,
646 5224 927 5283 definitum
958 5234 1057 5280 est.
1119 5224 1334 5294 Laqueo
1374 5226 1723 5295 constrictus
1788 5227 1940 5293 obiit,

284 5308 285 5311 ‘
370 5297 569 5352 deinde
597 5312 727 5353 vero
748 5296 1045 5351 decollatus
1090 5302 1193 5355 est,
1245 5302 1305 5348 ut
1350 5294 1417 5348 de
1476 5296 1594 5362 ejus
1646 5306 1820 5350 morte
1876 5313 1941 5351 ex

371 5375 498 5423 nota
526 5368 706 5421 inusta
740 5364 1123 5436 capiticertior
1156 5362 1310 5436 fieret
1342 5372 1622 5434 tyrannus.

468 5437 591 5504 106)
616 5437 692 5490 De
715 5432 867 5505 signo
886 5434 944 5490 S.
968 5432 1256 5505 Anastasio
1279 5432 1562 5505 impresso,
1583 5449 1732 5505 supr.
1771 5448 1827 5505 nr.
1853 5432 1936 5489 7i.

465 5501 589 5574 107)
625 5501 923 5560 Custodum
963 5502 1198 5559 carceris
1236 5501 1507 5574 tribunus,
1558 5501 1736 5572 quiin
1792 5504 1941 5558 Actis

324 5595 329 5599 ‘
371 5573 579 5645 dicitur
600 5575 880 5645 Sellarius,
916 5574 1137 5645 pietatis
1158 5587 1321 5627 causa
1373 5573 1735 5645 (Christianus
1793 5574 1937 5645 enim

370 5643 509 5715 erat)
531 5645 704 5771 sangg
734 5642 1005 5701 Anastasii
1040 5657 1239 5713 corpus
1268 5642 1479 5697 secerni
1538 5644 1767 5699 volebat.
1806 5642 1938 5699 Vide

372 5728 517 5771 supr.
549 5731 604 5771 ιι.
701 5755 717 5770 .

372 5728 517 5785 supr.
549 5731 604 5771 ιι.
635 5728 717 5771 δν.

2051 3420 2224 3474 sancti
2259 3420 2530 3492 Anastasii
2556 3421 2717 3475 vitam
2742 3437 2809 3476 ex
2848 3422 2995 3478 Actis
3025 3442 3054 3478 a
3094 3420 3353 3479 Bollando
3400 3420 3630 3492 vulgatis

2048 3491 2348 3553 contexuit,
2399 3500 2585 3547 contra
2651 3493 2962 3546 eorumdem
3020 3494 3175 3549 fidem
3240 3495 3463 3556 dixisse,
3502 3491 3631 3547 tum

2052 3569 2301 3633 sanctum
2336 3568 2623 3630 martyrem
2660 3578 2781 3615 cum
2816 3562 2935 3631 ejus
2958 3566 3295 3633 septuaginta
3318 3563 3492 3617 socios
3522 3582 3538 3612 ι
3574 3562 3630 3633 in

2050 3627 2249 3703 flumen
2283 3646 2419 3703 esse
2456 3627 2753 3703 demersos
2784 3651 2795 3685 :
2832 3627 2858 3681 ι’
2894 3627 3037 3700 quod
3086 3627 3249 3686 etiam
3318 3633 3513 3703 legitur
3575 3631 3631 3688 in

2048 3698 2421 3769 Martyrologio
2454 3700 2762 3756 Parisiensi.
2799 3723 2815 3753 ι
2854 3698 2923 3755 in'
2940 3703 3162 3757 Perside
3188 3703 3357 3757 sancti
3373 3698 3629 3754 'Anasta~

2048 3768 2110 3821 sii
2146 3768 2417 3832 monachi,
2442 3772 2601 3839 qui...
2640 3772 2693 3824 in
2728 3770 2929 3826 flumen
2987 3774 3271 3828 demersus
3317 3771 3624 3841 martyrium

2052 3841 2455 3912 consummavit
2483 3850 2604 3912 post
2634 3842 2766 3912 alios
2806 3844 3171 3912 septuaginta.
3215 3862 3232 3892 ι
3270 3842 3414 3895 Nihil
3469 3855 3626 3907 porro

2050 3907 2154 3960 tale
2180 3922 2282 3961 nec
2304 3923 2381 3979 ex,
2407 3910 2542 3962 actis
2592 3907 2954 3979 ipsis,rneq'ue
3000 3907 3064 3965 ex
3102 3912 3278 3965 Pisida
3304 3911 3575 3979 colligitur
3613 3928 3626 3963 :

2047 3991 2216 4049 quare
2241 3978 2386 4049 quo_d
2418 3979 2485 4031 de
2521 3978 3213 4049 septuagintamartyribus
3233 3982 3286 4033 in
3307 3978 3620 4049 Martyrolo-

2046 4046 2131 4119 gio
2161 4062 2303 4099 novo
2334 4046 2837 4119 Rou'tanoprinium
2865 4046 3135 4119 adjectum
3160 4058 3262 4113 est,
3291 4069 3307 4098 ι
3344 4049 3398 4102 in
3426 4048 3623 4103 ﬂuenta

2047 4117 2346 4179 demersos,
2378 4137 2395 4167 ι
2435 4118 2656 4171 omnino
2684 4117 2971 4171 delendum
2997 4127 3097 4179 est.
3134 4127 3190 4171 ut
3223 4127 3409 4172 monet
3452 4132 3625 4183 nuper

2047 4186 2292 4241 laudatus
2320 4188 2473 4241 Alex.
2504 4186 2729 4249 Politus,
2767 4204 2884 4257 pag.
2927 4188 3049 4242 566.
3086 4188 3269 4250 Error,
3304 4197 3363 4240 ut
3388 4187 3621 4249 videtur,

2045 4272 2109 4311 ex
2149 4272 2214 4309 eo
2248 4270 2408 4311 natus
2430 4266 2533 4317 est,
2581 4258 2723 4326 quod
2762 4256 2959 4313 sciolus
2993 4260 3180 4313 nescio
3215 4256 3358 4325 quis,
3387 4272 3509 4311 cum
3547 4256 3623 4308 le-

2047 4327 2215 4394 gissct
2281 4336 2544 4398 martyres
2590 4330 2751 4398 juxta
2803 4327 3003 4382 llutncn
3050 4343 3168 4383 esse
3221 4326 3518 4398 adductos,
3571 4332 3629 4377 et

2048 4405 2233 4463 postea
2264 4395 2575 4462 suffocatus,
2592 4395 2618 4447 'c
2644 4399 2697 4451 in
2730 4395 2926 4451 fluenta
2950 4417 2967 4448 ι
2997 4398 3214 4451 tandem
3240 4414 3260 4447 ι
3290 4396 3568 4448 demersos
3602 4414 3618 4443 ι

2046 4466 2213 4520 fuisse
2249 4466 2557 4520 crediderit.
2597 4467 2772 4528 Sed,o
2799 4467 3083 4521 ridiculum
3112 4469 3308 4533 caput!
3351 4480 3450 4517 nec
3476 4463 3622 4533 enim

2046 4536 2452 4599 animadvertit,
2501 4538 2643 4605 quod
2696 4536 2890 4590 deinde
2952 4532 3331 4605 factumesse
3401 4532 3621 4587 tradunt

2046 4606 2202 4668 Acta,
2235 4614 2290 4659 et
2323 4604 2842 4661 Pisida’conlirmat
2897 4624 2908 4659 :
2971 4606 3173 4659 etenim
3231 4604 3429 4657 nedum
3482 4617 3620 4654 mar-

2050 4683 2223 4745 tyrum
2280 4691 2504 4743 corpora
2558 4676 2611 4731 in
2660 4678 3036 4731 decurrentem
3091 4674 3314 4728 ﬂuvium
3375 4671 3615 4741 projecta

1975 4726 2018 4782 ί)
2046 4726 2611 4823 fuerintflatemper
2664 4726 3147 4815 cam—pummfusa,
3180 4726 3271 4823 Wet
3339 4726 3613 4823 congesta,

2046 4824 2105 4868 ut
2127 4814 2368 4884 dignosci
2397 4814 2799 4887 non—possent,
2822 4830 2919 4884 per
2951 4823 3113 4868 totam
3150 4821 3367 4867 noctem
3420 4814 3615 4881 jacue-

2046 4895 2191 4937 runt.

2111 4954 2258 5024 (109)
2311 4955 2504 5019 Judaei,
2544 4963 2601 5009 ut
2649 4953 2881 5024 videtur,
2928 4951 3197 5024 carniﬁcis
3225 4951 3399 5006 olIicio
3425 4950 3617 5024 funge-

2111 4967 2258 5024 (109)
2311 4967 2504 5019 Judaei,
2544 4967 2601 5009 ut
2649 4967 2881 5017 Vluetur,
2928 4967 3197 5013 carmums
3225 4967 3399 5006 omcto
3425 4967 3612 5071 lung’e-

2047 5022 2247 5078 bantur
2275 5026 2378 5080 sub
2408 5026 2671 5079 Chosroa.
2701 5023 2895 5077 Narrat
2947 5021 3326 5091 'l'lieOphancs.
3381 5037 3438 5091 p.
3486 5019 3612 5091 2_2,

2047 5108 2113 5163 eo
2140 5109 2306 5157 anno,
2338 5111 2447 5163 quo
2470 5104 2653 5148 sancta
2681 5093 2872 5163 civitas
2903 5101 3056 5163 capta
3090 5087 3180 5163 (est
3209 5109 3239 5145 a
3295 5087 3492 5152 Persis,
3517 5087 3615 5163 lu»

2044 5162 2285 5217 dzeorum
2326 5157 2580 5218 manibus
2615 5161 2873 5232 plurimos
2898 5157 3258 5232 Christianos,
3287 5167 3342 5212 et
3378 5166 3435 5211 ut
3492 5157 3617 5232 qni-

2041 5232 2166 5286 dam
2195 5244 2466 5295 asserunt,
2504 5233 2571 5287 ad
2616 5227 2907 5302 nonaginta
2955 5232 3120 5302 millia
3170 5227 3614 5302 fuissetrncida-

2043 5312 2149 5371 tos,
2181 5303 2406 5366 πολλοὺς
2431 5296 2785 5356 ἀπέκτειναν’
2810 5302 2899 5354 διὰ
2932 5300 3113 5371 χειρὸς
3156 5297 3263 5349 τῶν
3320 5296 3611 5358 Ἰουδαίων,

2042 5370 2117 5434 ὥς
2163 5372 2294 5439 φασί
2319 5390 2484 5435 τινες,
2517 5372 2785 5442 μυριάδας
2806 5370 2981 5424 ἐννέα.

2112 5435 2258 5564 (flii)
2313 5435 2950 5514 Legere'm'oporponwv
3014 5438 3113 5507 τὴν
3176 5435 3407 5504 ἄσκησίν
3460 5450 3611 5496 τινας

2112 5528 2185 5564 vos
2224 5550 2237 5564 .

2041 5526 2237 5565 ποοσΑ.

2087 5528 2352 5708 ρῗῗὲ)ῠ1ἱι
2382 5597 2485 5637 ms.
2516 5591 2598 5637 est
2618 5582 2712 5651 τῆς
2763 5580 2964 5649 ἆψεως,
2995 5576 3088 5632 sed
3120 5574 3292 5645 ὅψεως
3326 5572 3609 5644 legendum

2087 5668 2153 5708 on
2226 5669 2257 5706 ιι
2301 5668 2391 5707 ιο.

2047 5668 2153 5709 non
2185 5663 2391 5708 (ιιιῡιιο.
