4152 6290
493 290 626 355 1727
1793 293 2114 353 GEORGII
2154 291 2428 352 PISIDIE
3653 278 3806 338 173$

491 412 545 455 et
608 401 746 456 tristi
794 417 929 457 sono
970 403 1276 459 funebrem.
1349 412 1409 455 ut
1468 403 1539 458 ita
1594 405 1791 469 dicam,
1842 414 2062 460 cantum
2095 411 2131 466 Α

2168 402 2272 456 νῶν
2300 399 2756 471 ἀγριώτεροι,καὶ
2774 397 2957 459 κύνες.
2979 394 3200 463 ἀνδρῶν
3225 392 3594 464 ἡμερώτεροι.
3633 389 3799 442 τού-

490 495 820 556 cmittentes.
856 498 1118 566 tragicum
1153 498 1408 560 quiddam
1441 497 1767 552 videbantur
1823 500 2071 553 accinere

2173 511 2281 548 των
2315 492 2364 546 oi
2388 491 2526 564 πρὸς
2559 491 2658 560 τὴν
2685 489 2862 561 ταφὴν
2883 486 3206 558 ἀφικόμενοι
3231 485 3497 539 αὐτόπται
3542 483 3797 552 γενόμε-

491 588 722 656 corpori.
755 589 829 642 lta
861 605 1021 658 porro
1043 601 1376 646 venerantur
1420 608 1601 656 canes,
1635 609 1795 662 quem
1823 594 2070 663 ejusdem

2174 603 2275 649 νοι,
2313 584 2408 639 καὶ
2446 583 2742 654 αὐτήκοοι,
2773 581 2968 652 χιτῶσι
2999 579 3059 633 τὸ
3089 578 3248 649 σῶμα
3273 578 3492 640 λεπτοῖς
3524 573 3801 642 ἐγκαλύ-

490 681 704 748 generis
730 697 839 734 non
867 692 1186 736 reverentur
1221 685 1340 747 viri,
1377 693 1432 738 et
1475 686 1719 754 qmcdam
1770 685 1829 741 [it
1887 702 2070 741 rerum

2173 674 2398 743 ψαντες,
2431 671 2509 742 τῷ
2555 671 2774 742 τεμένει
2804 670 2899 724 τοῦ
2933 669 3236 740 ἀθλοφόρου
3266 669 3495 739 Σερτίου
3538 668 3802 735 Occupe-

491 787 554 827 ac
582 782 897 828 naturarum
931 776 1272 838 immutatio;
1308 792 1430 830 nam
1473 779 1572 832 viri
1607 779 1826 847 quidem
1843 779 2072 834 canibus

2177 765 2294 828 πῶς
2343 763 2687 829 ἐναπέθεντο,
2743 761 2981 820 σταδίοις
3027 759 3170 814 ἐπτά
3219 777 3322 813 που
3361 758 3438 829 τῷ
3468 755 3799 828 Βηθσαλωέ

493 861 816 925 ferociores,
851 871 907 917 et
939 878 1104 918 canes
1131 865 1261 919 viris
1294 866 1540 922 mitiores
1570 869 1830 922 evadunt.
1865 868 1922 923 ld
1945 885 2070 923 cum

2173 857 2536 927 διιστάμενον.
2564 854 2810 925 Ἐπρεπε
2838 853 2969 924 γὰρ.
2993 855 3068 915 ὡς
3100 851 3339 923 ἀληθῶς,
3373 853 3650 904 συνοικεῖν
3683 848 3799 900 τὸν

493 955 607 1008 suis
634 956 807 1010 oculis
829 957 1110 1022 vidissent,
1137 965 1193 1012 et
1225 958 1507 1014 audissent
1537 961 1780 1024 auribus,
1805 973 2065 1032 quotquot

2179 949 2433 1019 μάρτυρα
2479 945 2743 1017 μάρτυρι.
2787 946 2876 1007 Ὠς
2908 944 2964 996 δέ
2996 944 3098 1012 τῆς
3127 944 3324 1006 νυκτὸς
3345 943 3443 1013 τὴν
3472 941 3650 1011 ἀχλὺν
3680 942 3794 993 ἐκ·

492 1045 560 1099 ad
612 1046 984 1114 sepeliendum
1041 1056 1329 1118 martyrem
1381 1041 1683 1115 venerant,
1719 1053 1900 1106 statim
1951 1053 2072 1121 ejus

2176 1039 2374 1106 διώξας
2423 1042 2452 1093 6
2490 1039 2641 1109 ἥλιος
2667 1080 2682 1104 ,
2721 1037 2818 1108 τὴν
2861 1038 2965 1107 γῆν
2997 1039 3115 1098 ταῖς
3165 1037 3350 1090 ἀκτῖσι
3388 1034 3795 1104 κατηύγασεν,

494 1151 692 1205 corpus
713 1137 895 1192 linteis
921 1138 1208 1193 subtilibus
1227 1139 1532 1204 involvunt,
1566 1151 1622 1196 et
1659 1141 1714 1196 in
1743 1143 2073 1214 temploglo—

2175 1134 2450 1188 διελάλουν
2475 1132 2582 1186 τῶν
2608 1130 3034 1202 δεσμοφυλάκων
3067 1131 3101 1200 ὴ
3130 1128 3293 1192 δυὰς,
3329 1127 3592 1182 ὑπόθεσιν
3628 1127 3797 1195 ἔχον-

496 1225 621 1279 riosi
671 1226 888 1280 athleta:
948 1225 1119 1298 Sergii
1167 1228 1270 1282 rite
1325 1229 1624 1299 deponunt,
1683 1232 1829 1300 quod
1862 1241 2073 1301 septem

2182 1246 2274 1292 τες
2307 1227 2368 1281 τὸ
2400 1226 2559 1297 σῶμα
2579 1224 2674 1278 τοῦ
2712 1224 2990 1295 μάρτυρος
3008 1238 3022 1252 ·
3051 1223 3079 1274 ὀ
3097 1218 3196 1290 μὲν
3220 1216 3342 1280 οὖν.
3367 1218 3654 1286 Τεθέαμαι
3683 1215 3797 1268 τὴν

495 1317 713 1372 circiter
765 1318 963 1374 stadiis
1013 1321 1182 1375 distat
1212 1321 1282 1374 ab
1308 1322 1510 1391 oppido
1556 1322 1841 1378 Bethsaloe
1870 1323 2018 1394 (“2)
2054 1340 2067 1376 :

2176 1318 2391 1390 νεκρὸν,
2415 1319 2474 1370 ὃν
2501 1333 2566 1384 γε
2588 1315 2870 1376 πλείσταις
2898 1313 3152 1382 βασάνοις
3183 1309 3476 1379 ἐναθλῆσαι
3504 1309 3793 1375 γινώσκο-

496 1426 710 1478 aaqnum
762 1410 906 1465 enim
945 1421 1062 1466 erat
1084 1414 1328 1477 omnino,
1370 1421 1430 1468 ut
1487 1425 1690 1486 martyr
1723 1414 1944 1486 martyri
1977 1417 2072 1470 ad-

2181 1429 2301 1484 μεν,
2363 1410 2559 1481 πλήθει
2609 1408 2789 1463 κυνῶν
2831 1403 3178 1476 κυκλοτερῶς
3223 1401 3628 1472 τειχιζόμενον,
3676 1400 3793 1452 καὶ

498 1501 711 1555 haerens
757 1503 860 1556 sub
915 1503 1105 1558 eodem
1167 1513 1311 1559 tecto
1361 1506 1688 1574 quiesceret.
1735 1507 1871 1561 Cum
1892 1517 2072 1562 autem

2175 1504 2316 1572 τάχα
2349 1519 2465 1564 πως
2495 1500 2587 1554 καὶ
2616 1498 2810 1568 ἀψύχῳ
2843 1496 3160 1566 τειχίσματι
3185 1493 3600 1564 παρεῴκεισαν.
3635 1489 3789 1558 πρὸς

496 1591 674 1646 noctis
697 1592 979 1664 caliginem
1002 1595 1081 1648 sol
1109 1595 1426 1664 expulisset,
1447 1596 1668 1665 suisque
1693 1597 1854 1652 radiis
1877 1606 2072 1652 terram

2178 1593 2429 1666 φυλακὴν
2465 1590 2788 1662 ριζωθέντες
2819 1588 2914 1641 τοῦ
2938 1587 3216 1656 σώματος,
3261 1585 3396 1655 μηδὲ
3432 1582 3793 1653 προσωτέρω

501 1683 842 1750 illustrasset,
864 1685 975 1740 duo
1006 1687 1240 1742 carceris
1273 1688 1527 1744 custodes
1566 1689 1709 1743 inter
1731 1703 1791 1744 se
1838 1689 2071 1758 colloqui

2178 1703 2296 1750 πως
2334 1683 2718 1744 ἀποκλίνοντες
2742 1721 2758 1745 ,
2793 1679 2930 1750 μηδέ
2963 1676 3340 1748 πλησιώτερον
3385 1673 3787 1746 ἐπιτρέχοντες

501 1785 786 1843 coeperunt
828 1776 896 1830 de
947 1793 1174 1847 corpore
1224 1779 1476 1850 martyris
1522 1779 1873 1835 disserentes.
1935 1779 2075 1844 Vidi,
2114 1768 2141 1824 Ε

2148 1776 2154 1820 ί
2181 1780 2273 1836 τὸν
2298 1777 2492 1848 νεκρὸν
2529 1772 2954 1844 ἐνστομίσασθαι
2980 1788 2994 1801 ·
3047 1771 3141 1824 καί
3179 1787 3269 1840 μοι
3293 1767 3610 1838 θαυμαστὸν
3638 1781 3788 1818 κατ’

505 1861 680 1932 inquit
701 1863 856 1927 alter,
879 1863 999 1932 ejus
1027 1865 1125 1941 viri
1181 1866 1435 1932 cadaver,
1493 1882 1654 1937 quem
1713 1883 1812 1922 nos
1843 1867 2076 1944 plurima

2179 1871 2433 1941 ἐφαίνετο
2480 1871 2578 1939 τὴν
2609 1866 2771 1935 φύσιν
2791 1864 2901 1918 τῶν
2923 1863 3104 1916 κυνῶν
3120 1861 3452 1926 ἐξετάζοντι.
3474 1861 3616 1925 ποίῳ

505 1962 776 2009 tormenta
801 1956 1131 2011 sustinuisse
1165 1957 1442 2023 novimus,
1463 1965 1701 2013 “canum
1729 1958 2079 2014 multitudine

2182 1930 2291 2034 ἀρα
2322 1930 3008 2032 χαλινῷκατεσφίγγοντο.
3025 1954 3083 2007 '0
3101 1953 3182 2016 δὲ,
3214 1949 3660 2022 Παραδοξότερον
3683 1930 3791 1999 ὦτ’

504 2045 928 2118 circumseptum
961 2049 1221 2120 undique,
1248 2066 1450 2121 eosque
1479 2053 1548 2107 ad
1606 2052 1848 2107 inanime
1905 2051 2082 2107 muni-

2185 2056 2251 2110 ἂν
2295 2052 2518 2107 ἀκούειν
2561 2049 2663 2112 ἔτι,
2695 2049 2788 2104 καὶ
2804 2043 2916 2102 οἷον
2932 2047 2992 2100 οὐ
3013 2045 3300 2116 πρότερον.
3321 2043 3434 2112 Τῆς
3454 2037 3784 2110 νυκτερινῆς

505 2146 750 2192 mentum
816 2139 1129 2204 collocatos,
1183 2142 1250 2196 ad
1295 2143 1541 2212 corporis
1583 2144 1884 2198 custodiam
1945 2143 2082 2198 adeo

2186 2146 2433 2218 φυλακῆς
2464 2139 2916 2212 ἀπαναχωροῦντί
2965 2156 3058 2208 μοι
3099 2138 3160 2190 τὸ
3220 2136 3574 2206 περιόρθρισν
3604 2133 3787 2203 ἀστὴρ

509 2228 764 2285 immotos
785 2239 950 2296 stare,
983 2240 1042 2287 ut
1071 2249 1174 2288 nec
1201 2233 1417 2304 longius
1463 2251 1698 2305 unquam
1739 2237 2082 2298 recederent,

2186 2239 2280 2293 ἐπὶ
2305 2237 2408 2308 γῆς
2427 2234 2810 2304 κατεφαίνετο,
2835 2232 2932 2287 καὶ
2955 2229 3032 2299 τῷ
3052 2227 3294 2299 λαμπρῷ
3320 2228 3422 2296 τῆς
3453 2225 3787 2295 ἐκλάμψεως

473 2321 484 2340 ‘
509 2336 613 2376 nec
636 2322 764 2377 item
787 2326 1011 2394 propius
1033 2325 1100 2380 ad
1130 2325 1454 2381 frenandum
1487 2328 1719 2383 cadaver
1740 2327 2084 2382 accederent.

2187 2329 2442 2401 ἐδηλοῦτο
2506 2329 2604 2396 τὴν
2675 2330 2886 2399 ὅρασιν,
2933 2326 3028 2380 καὶ
3065 2324 3382 2395 λιχνοτέραν
3425 2321 3602 2375 ἐποίει
3645 2318 3788 2390 πρὸς

509 2411 588 2468 Ac
610 2412 986 2484 mihiquidem
1014 2432 1211 2471 canum
1256 2425 1508 2472 naturam
1565 2419 1932 2474 consideranti
1982 2419 2089 2474 mi-

2191 2423 2592 2495 ἀκριϐεστέραν
2619 2421 2788 2483 εἴδεος
2819 2417 2998 2491 ὄρεξιν
3029 2437 3042 2451 ο
3085 2415 3331 2481 ἐϐάδιζον
3359 2410 3456 2469 οὖν
3490 2414 3779 2484 ἐπίτροχα,

511 2504 682 2562 rabile
704 2507 1014 2574 videbatur,
1041 2526 1276 2579 quonam
1327 2511 1484 2565 freno
1539 2511 1647 2566 illic
1709 2512 2090 2567 detinerentur

2192 2517 2289 2572 καὶ
2315 2516 2414 2588 τὴν
2443 2516 2606 2586 χεῖρά
2635 2533 2739 2568 που
2769 2510 3271 2586 προσεπιδαλέσθαι
3315 2507 3396 2578 τῷ
3428 2508 3624 2576 ἀστέρι
3670 2505 3785 2573 γλι-

513 2598 814 2655 constricti.
839 2599 910 2654 At
935 2601 1093 2672 longe
1123 2604 1446 2669 mirabilius,
1468 2604 1605 2659 alter
1628 2605 1723 2670 ait,
1751 2613 1837 2660 est
1859 2605 1912 2660 id
1941 2605 2090 2676 quod

2193 2611 2419 2683 χόμενος
2457 2626 2471 2641 ο
2510 2609 2586 2673 ὼς
2623 2609 2678 2662 δέ
2721 2607 2951 2676 πλησίον
2983 2603 3208 2674 γίνομαι
3260 2599 3357 2655 τοῦ
3407 2600 3510 2671 μὲν
3553 2596 3785 2667 ἀστέρος

515 2689 714 2756 dicam,
744 2693 905 2760 quale
931 2692 1112 2748 forsan
1150 2711 1429 2764 nunquam
1480 2697 1615 2752 alias
1664 2699 1816 2753 auris
1863 2699 2090 2754 audivit.

2197 2703 2342 2774 ῐχνος
2379 2701 2533 2755 οὐδὲν
2574 2700 2900 2753 κατελίπετο
2936 2714 2950 2728 ·
2993 2696 3086 2749 τὸν
3125 2695 3182 2747 δὲ
3213 2692 3411 2763 νεκρὸν
3435 2735 3450 2759 ,
3481 2691 3544 2744 ὃν
3588 2689 3654 2758 δὴ
3691 2686 3789 2741 καὶ

514 2782 812 2839 Recedenti
837 2785 965 2839 mihi
999 2786 1176 2855 primo
1209 2803 1368 2842 tuane
1397 2804 1428 2842 a
1485 2789 1664 2859 vigilia
1741 2791 1919 2844 noctis
1942 2791 2097 2846 stella

2197 2796 2358 2859 αὐτὸς
2387 2794 2792 2864 καθιστόρησας
2815 2833 2828 2858 ,
2869 2791 3110 2860 εὑρίσκω
3145 2787 3534 2860 προκείμενον.
3580 2781 3787 2836 Ἀπιὼν

516 2872 669 2928 humi
700 2873 974 2930 inhaerens
1001 2876 1114 2930 visa
1140 2887 1244 2943 est,
1268 2893 1387 2947 qua:
1417 2880 1497 2933 sui
1526 2881 1830 2949 splendoris
1854 2882 2098 2937 claritate

2196 2888 2378 2941 τοίνυν
2423 2887 2609 2956 ἕτερον
2657 2881 2804 2954 εἶχον
2855 2885 3052 2950 οὐδὲν,
3105 2884 3188 2936 ὃτι
3245 2881 3320 2953 μὴ
3367 2876 3678 2947 θαυμάζειν
3726 2873 3790 2925 τὸ

516 2963 784 3019 visionem
813 2965 1048 3022 faciebat
1078 2968 1442 3036 manifestam,
1499 2981 1553 3025 et
1578 2971 1862 3027 incensum
1885 2974 2100 3029 deside-

2201 2979 2401 3049 Θέαμα.
2434 2978 2650 3048 Ταύτης
2695 2977 2876 3031 αὐτῶν
2921 2974 3299 3046 ἐπακροῶνται
3339 2973 3441 3042 τῆς
3493 2967 3788 3033 διαλέξεως

516 3056 656 3110 rium
695 3058 764 3112 ad
795 3074 908 3112 rem
938 3061 1128 3115 melius
1157 3062 1578 3132 dignosccndam
1604 3066 1775 3136 magis
1821 3069 2100 3138 magisque

2201 3072 2309 3126 τῶν
2355 3072 2594 3140 δεσμίων
2615 3070 2758 3134 τινὲς
2787 3070 2968 3122 πιστοὶ
3001 3069 3078 3140 τῷ
3106 3065 3325 3139 Χριστῷ
3347 3106 3362 3128 ,
3386 3064 3490 3133 τῆς
3521 3057 3788 3130 Περσίδος

517 3146 906 3204 inﬂammabat.
945 3149 1131 3221 Itaque
1172 3153 1301 3208 illuc
1354 3156 1614 3210 velociter
1635 3173 1816 3224 curro,
1869 3175 2089 3214 manum
2121 3152 2157 3207 C

1217 3153 1301 3208 luc
1354 3156 1614 3210 velociter
1635 3173 1816 3224 curro,
1869 3175 2089 3214 manum
2121 3152 2162 3207 C
2196 3163 2299 3233 ἤδη
2329 3162 2607 3224 συνιέντες
2645 3161 2849 3229 φωνῆς.

516 3239 572 3294 in
602 3242 834 3308 stellam,
867 3244 912 3298 si
942 3245 1083 3300 forte
1135 3248 1497 3318 contingeret,
1553 3251 1776 3320 injicere
1819 3252 2046 3308 studens
2080 3271 2092 3305 :
2135 3255 2230 3315 sed
2259 3270 2381 3310 cum
2407 3254 2629 3324 pronius
2652 3253 3026 3314 accessissem,
3099 3252 3308 3305 nullum
3370 3254 3490 3302 crat
3549 3239 3785 3308 amplius

516 3333 688 3390 stella)
719 3334 1226 3406 vestigium;hunc
1257 3349 1438 3394 autem
1491 3351 1787 3408 mortuum,
1837 3343 1907 3398 de
1973 3360 2082 3414 quo
2143 3354 2198 3400 tu
2221 3347 2385 3400 etiam
2441 3346 2694 3408 narrasti,
2745 3345 3017 3415 jacentem
3096 3341 3336 3398 invenio.
3379 3336 3587 3392 Abiens
3629 3331 3795 3402 igitur

517 3432 665 3488 illinc
692 3433 796 3488 hoc
825 3450 992 3488 unum
1017 3449 1134 3490 sum
1168 3446 1518 3504 consecutus,
1546 3449 1604 3493 ut
1633 3447 1743 3494 tam
1780 3442 2111 3512 stupendum
2151 3443 2522 3513 spectaculum
2573 3441 2892 3497 admirarer.
2929 3439 3058 3496 Haec
3108 3439 3218 3494 illis
3246 3430 3636 3492 enarrantibus
3667 3424 3792 3496 qui-

516 3531 640 3586 dam
662 3524 880 3596 captivi,
911 3524 1131 3580 Christo
1159 3527 1363 3590 ﬁdeles,
1408 3539 1462 3584 et
1513 3530 1781 3587 Persicam
1835 3533 2096 3587 callentes
2133 3535 2372 3606 linguam
2412 3534 2725 3587 audierunt.

583 3625 704 3680 Jam
739 3640 869 3681 vero
912 3641 1036 3680 cum
1060 3626 1306 3680 meritam
1342 3643 1442 3696 pro
1472 3627 1631 3682 factis
1661 3645 1874 3698 poenam
1906 3631 2101 3686 luisset

2279 3631 2411 3682 Ὅτε
2453 3629 2636 3680 τοίνυν
2682 3625 2782 3697 τὴν
2811 3624 2968 3690 ἀξίαν
2989 3624 3149 3694 δίκην
3173 3623 3203 3675 6
3243 3620 3514 3691 τύραννος
3543 3614 3795 3684 Χοσρόης

522 3729 782 3788 tyrannus
827 3717 1103 3781 Chosroa,
1145 3718 1253 3772 duo
1311 3719 1508 3788 captivi
1552 3718 1999 3792 Hierosolymam,
2038 3723 2106 3777 ad

2206 3721 2435 3786 ἐξέτισε,
2465 3720 2694 3791 συνωρὶς
2720 3718 2829 3771 τῶν
2856 3716 3088 3788 δεσμίων
3118 3716 3175 3768 ἐν
3224 3711 3622 3783 Ἱεροσολύμοις
3656 3706 3795 3778 πρὸς

522 3824 649 3864 eum
674 3808 874 3872 locum,
907 3809 1000 3878 qui
1052 3808 1180 3864 olim
1215 3809 1318 3864 fuit
1346 3812 1567 3882 martyri
1618 3812 1834 3868 virtutis
1880 3830 2103 3886 gymna-

2206 3813 2266 3866 τὸ
2287 3813 2381 3865 τοῦ
2425 3812 2710 3882 μάρτυρος
2754 3809 2854 3879 τῆς
2880 3808 3085 3879 ἀρετῆς
3118 3803 3426 3875 ἀφικομένη
3465 3799 3792 3871 γυμνάσιον,

525 3900 688 3965 sium,
718 3899 968 3969 profecti,
1015 3915 1353 3971 quaecunque
1399 3903 1704 3964 audierant.
1743 3905 1850 3959 illic
1899 3905 2105 3976 degen-

2204 3907 2316 3967 τοῖς
2352 3905 2532 3956 ἐκεῖσε
2570 3902 2668 3973 τὴν
2707 3901 2972 3972 ἀκρόασιν
3014 3899 3340 3969 διηγήσατο.
3382 3891 3516 3947 Είτα
3550 3891 3646 3946 καὶ
3685 3890 3803 3943 τῶν

527 3993 672 4048 tibus
711 4003 1053 4058 enarrarunt,
1094 3994 1321 4065 ejusque
1369 3996 1748 4065 praedictiones
1779 3997 2106 4052 memorabi-

2203 3996 2297 4049 τοῦ
2338 3995 2608 4066 μακαρίου
2645 3992 3004 4064 προρρήσεων
3043 3984 3591 4058 ἀπομνημονεύματα
3659 3993 3790 4048 μετ-

528 4083 606 4136 les
644 4083 1020 4152 prodiderunt.
1053 4082 1179 4140 llaec
1219 4085 1366 4139 enim
1418 4087 1609 4141 beatus
1639 4104 1747 4140 una
1795 4087 1956 4141 simul
1983 4104 2105 4142 cum

2205 4088 2468 4141 εδίδοσαν.
2507 4087 2594 4149 Ὠς
2619 4086 2802 4149 αὐτοῖς
2833 4084 3094 4154 προεῖπεν
3124 4079 3221 4150 τὴν
3249 4077 3552 4149 μέλλουσαν
3591 4073 3672 4140 ﬁt»
3693 4069 3793 4138 τὴν

530 4171 632 4224 illis
659 4171 872 4227 duobus
915 4172 1170 4228 detentus
1201 4173 1251 4227 in
1286 4191 1502 4231 carcere
1554 4179 1918 4246 praedixerat;
1965 4180 2108 4249 quod

2209 4178 2472 4249 κορωνίδα
2489 4177 2693 4229 τίκτειν
2719 4175 2821 4243 τῆς
2838 4174 3046 4235 οἰκείας
3073 4170 3376 4236 ἀθλήσεως,
3398 4166 3494 4218 καὶ
3517 4163 3617 4233 τὴν
3642 4163 3791 4229 ὀφει-

529 4262 772 4331 ρτκδίηιε
815 4279 1007 4318 aurora
1043 4281 1155 4319 suae
1201 4267 1556 4321 decertationi
1595 4269 1754 4324 linem
1809 4280 1954 4325 esset
1982 4272 2112 4324 alla-

2209 4270 2444 4340 λομένην
2487 4267 2564 4338 τῷ
2593 4267 2852 4336 ἀλάστορι
2881 4265 3104 4317 κόλασιν
3130 4303 3143 4325 ,
3175 4263 3268 4314 καὶ
3297 4259 3398 4323 τὴν
3445 4256 3628 4311 αὐτῶν
3656 4252 3797 4324 πρὸς

531 4359 651 4405 tura
683 4351 863 4423 (M5);
894 4355 1036 4425 quod
1063 4356 1228 4427 impio
1262 4364 1490 4428 tyranno
1531 4368 1716 4428 parata
1748 4370 1889 4415 esset
1917 4377 2108 4430 poena;
2141 4368 2171 4422 I

2155 4368 2186 4422 D
2215 4362 2275 4415 τὸ
2301 4362 2525 4432 ἀρχαῖον
2553 4358 2840 4413 ἐπάνοδον·
2870 4357 2966 4411 καὶ
2992 4357 3066 4420 ὡς
3097 4355 3383 4425 αἰτήσαιτο
3418 4351 3519 4419 τὴν
3543 4353 3599 4401 ἐν
3631 4346 3698 4399 ’1ε
3709 4362 3795 4416 ρο-

531 4444 675 4515 quod
706 4444 808 4514 ipsi
836 4447 1049 4501 tandem
1075 4447 1126 4500 in
1158 4448 1440 4517 pristinam
1471 4449 1774 4505 libertatem
1801 4453 2117 4507 cssentedi-

2214 4452 2469 4523 σολύμοις
2509 4450 2692 4513 αὐτοῖς
2724 4447 3018 4519 γινομένης
3039 4446 3278 4516 ἀφίξεως
3305 4443 3415 4496 τῶν
3447 4439 3791 4511 πραγμάτων

535 4536 678 4590 turi:
722 4552 786 4592 ac
819 4539 1047 4607 proinde
1079 4554 1176 4594 eos
1215 4541 1440 4610 rogavit,
1477 4551 1537 4596 ut
1565 4543 1768 4607 statim,
1817 4559 1878 4598 ac
1921 4543 2114 4599 Hiero-

2212 4542 2565 4612 ἀνιστορῆσαι
2601 4540 2701 4611 τὴν
2746 4537 2972 4592 ἔκϐασιν
3004 4553 3018 4568 ·
3043 4535 3121 4607 τῷ
3149 4535 3206 4588 δὲ
3240 4533 3343 4602 τῆς
3381 4531 3552 4600 μονῆς
3580 4525 3791 4594 ἀδελφῷ

535 4627 791 4700 solymam
823 4631 1219 4698 pervenissent,
1253 4633 1343 4702 qui
1376 4632 1539 4688 fuerit
1564 4649 1746 4688 rerum
1777 4637 1975 4700 exitus,
2002 4638 2115 4692 edi-

2214 4633 2408 4704 βουλὴν
2444 4631 2751 4703 ποιουμένῳ
2790 4633 2888 4701 τῆς
2932 4629 3072 4682 οἴκοι
3106 4624 3337 4680 καθόδου
3375 4622 3477 4692 τὴν
3511 4617 3791 4672 ἀκίνδυνον

535 4727 744 4771 cerent.
775 4719 881 4774 Sed
911 4729 965 4774 et
996 4738 1139 4793 saepe
1195 4733 1494 4778 memorato
1523 4740 1552 4778 e
1585 4726 1917 4780 monasterio
1958 4727 2113 4782 fratri

2213 4725 2582 4795 ἀναχώρησιν.
2615 4715 2738 4776 Οἷον
2783 4721 2846 4773 ἐκ
2895 4718 3183 4790 χειμερίας
3224 4711 3418 4776 νυκτὸς
3466 4705 3794 4777 ἀναλάμψας

535 4808 756 4862 domum
829 4813 1026 4866 reverti
1106 4813 1364 4883 cogitanti
1449 4815 1740 4885 praedixit,
1798 4819 2004 4872 salvum
2062 4828 2118 4872 et

2227 4816 2562 4888 Ἡράκλειος,
2599 4817 2628 4868 6
2689 4812 3000 4874 καλλίνικος
3059 4806 3352 4880 βασιλεὺς,
3406 4801 3622 4872 αἰθρίαν
3681 4800 3794 4860 τοῖς

539 4899 866 4955 incolumem
921 4904 1036 4959 sine
1091 4906 1201 4960 ullo
1248 4907 1493 4976 periculo
1547 4923 1911 4963 recessurum.
1964 4910 2118 4976 Quod

2216 4911 2394 4961 ἐκεῖσε
2441 4907 2785 4977 Χριστιανοῑς
2825 4901 3174 4971 ἐνεποίησεν.
3217 4890 3667 4966 ἀντιμεταγαγὼν
3698 4890 3797 4961 τὴν

540 4992 758 5062 quidem
791 4994 953 5062 paulo
983 5005 1102 5063 post
1129 4996 1329 5052 factum
1360 5006 1463 5064 est,
1496 5015 1619 5053 cum
1654 5009 1905 5070 tanquam
1937 5018 2004 5056 ex
2033 5003 2117 5056 hi-

2219 4999 2393 5054 νύκτα
2423 5000 2559 5069 πρὸς
2575 4999 2635 5052 τὸ
2661 4994 3044 5068 βάρϐαρον,ὡς
3073 4986 3630 5060 εἰπεῖν,ήμικύκλιον.
3664 4981 3794 5036 Τότε

542 5084 709 5140 berna
745 5092 905 5140 nocte
940 5085 1175 5142 lucidum
1215 5091 1479 5163 effulgens
1526 5092 1676 5147 sidus
1719 5093 1942 5148 illustris
1984 5095 2116 5163 imp.

2217 5092 2276 5144 τὸ
2321 5090 2625 5161 Ῥωμαϊκὸν
2676 5087 3170 5154 κατασπασάμενος
3206 5081 3557 5153 στράτευμα,
3597 5075 3664 5128 τὺ
3697 5073 3798 5141 τῆς

543 5174 844 5243 Heraclius,
904 5186 1117 5234 noctem
1170 5179 1342 5250 ipsam
1395 5182 1449 5236 in
1496 5183 1808 5247 barbarum,
1842 5193 1901 5239 ut
1928 5183 2000 5238 ita
2033 5184 2117 5239 di-

2218 5183 2512 5252 ἐπιθυμίας
2547 5180 2969 5252 ἀνερωτώμενος
2999 5177 3173 5232 αἴτιον
3199 5214 3214 5241 ,
3246 5174 3347 5244 τὴν
3382 5169 3477 5225 τοῦ
3522 5167 3798 5241 μάρτυρος

2048 5338 2280 5394 NOTAE.

621 5489 769 5567 (li?)
797 5489 963 5567 [lecte
1001 5495 1145 5567 quod
1175 5493 1356 5567 Pisida
1385 5494 1454 5548 ait
1490 5497 1719 5561 σταδίοις
1753 5499 1893 5552 ἐπτά
1917 5516 2019 5551 που
2047 5498 2128 5567 τῷ
2232 5497 2261 5550 ll

2232 5495 2540 5567 Bollandus,
2570 5493 2596 5562 §
2624 5495 2707 5567 ‘2‘:
2745 5493 2886 5567 Ἐγιῖι
2919 5491 3018 5567 μὲν
3045 5487 3238 5567 αἴθριον
3274 5482 3589 5567 τελειοῦμαι
3617 5495 3633 5509 ο
3672 5495 3782 5567 (μετ

553 5548 1252 5635 Βηῇσαλωεδιιστάμενον,
1289 5548 1420 5620 Acta
1459 5548 1718 5623 reddunt.
1744 5548 1892 5624 {alia

2233 5548 2438 5634 δίιὴῆ
2461 5548 2540 5618 δὲ’
2567 5548 2778 5635 ἧμέρας
2815 5548 2986 5635 ’ἡμεῖς
3031 5548 3158 5635 μὲν.
3184 5548 3650 5635 imaue-ﬁas}:ch
3662 5552 3700 5635 6

554 5617 1081 5702 ῐιὶῖιιίίὶᾷΐῆοΔιίὶεςιξιιιδ,ι
1100 5617 1124 5684 »⁷
1242 5617 1251 5628 ⁷
1290 5617 1329 5620 Η
1347 5617 1360 5619 ⁷
1748 5617 1758 5619 ν
1784 5617 1884 5624 mw
1997 5617 2019 5624 ’

2455 5617 2549 5690 καὶ
2581 5617 2812 5702 ἕξονδηρδς
2841 5617 3092 5702 βασιλεύς
3137 5617 3576 5702 ἀναιρεθήσεται.
3617 5617 3841 5694 Sancti.

630 5699 779 5770 (“5)
816 5700 890 5754 ΕΧ
930 5702 1078 5757 Actis
1114 5704 1318 5760 Graecis
1373 5706 1486 5758 lucc
1518 5718 1687 5772 pauca
1736 5709 1898 5764 verba
1931 5709 2138 5780 profert
2248 5694 2514 5762 Anastasii
2541 5694 2945 5775 prardi'c'tioricm
2974 5699 3151 5755 exitus
3173 5694 3542 5751 conﬁrmavit.
3582 5749 3586 5752 ,
