4152 6290
268 306 402 383 1737

420 431 563 487 Ἰδὼν
586 433 676 488 τὸν
700 428 845 488 οἷκον
873 434 1150 505 θαύμασον
1179 435 1275 507 τῆς
1302 437 1601 507 Παρθένου.

414 526 479 581 Ἦ
510 528 617 599 γὰρ
644 528 883 599 φέρουσα
908 528 997 581 τὸν
1031 529 1162 583 Θεὸν
1187 534 1305 593 ταῖς
1328 531 1595 599 ἀγκάλαις

398 622 557 691 Φορεῖ
577 621 667 675 τὸν
690 622 851 675 αὐτὸν
877 624 957 686 εἰς
983 624 1043 677 τὸ
1067 624 1161 678 τοῦ
1191 624 1357 680 τόπου
1393 624 1576 688 σέὸας.

260 712 330 767 55
414 713 676 769 Ἐνταῦθα
700 715 797 786 τῆς
826 716 928 786 γῆς
953 718 1001 769 oi
1028 718 1246 788 κρατεῖν
1271 717 1591 787 τεταγμένοι

406 806 486 859 Τὰ
515 806 769 878 σκῆπτρα
803 810 1115 862 πιστεύουσι
1139 809 1237 879 τῆς
1270 810 1426 881 νίκης
1450 810 1617 880 ἔχειν.

415 899 678 951 Ἐνταῦθα
706 900 905 963 πολλὰς
932 902 1200 972 κοσμικὰς
1225 902 1576 973 περιστάσεις

413 991 470 1044 Ὀ
501 991 845 1063 πατριάρχης
877 994 1171 1064 ἀγρυπνῶν
1197 995 1511 1068 ἀνατρέπει.

401 1084 463 1134 Οἱ
493 1082 764 1153 Βάρὸαροι
783 1083 839 1135 δὲ
867 1084 1262 1155 ὑπερϐαλόντες
1296 1089 1359 1157 τῇ
1393 1086 1579 1153 πόλει,

262 1172 331 1227 ιο
402 1173 583 1243 Αὐτὴν
608 1177 1063 1247 στρατηγήσασαν
1091 1176 1167 1241 ὡς
1194 1172 1335 1232 εἶδον
1362 1178 1542 1248 μόνον,

401 1266 694 1337 Ἐκαμψαν
726 1268 887 1332 εὐθὺς
911 1269 1038 1333 τοὺς
1059 1272 1337 1341 ἀκαμπεῖς
1366 1271 1620 1343 αὐχένας.

890 1362 1144 1428 Ἄλλως.

404 1454 551 1508 Ἔδει
582 1454 832 1524 γενέσθαι
852 1454 1111 1527 δευτέραν
1139 1455 1274 1510 Θεοῦ
1314 1456 1487 1530 πύλην

401 1545 515 1616 Τῆς
550 1546 826 1618 Παρθένου
855 1546 947 1600 τὸν
972 1542 1142 1611 οἷκον,
1166 1548 1243 1611 ὼς
1271 1548 1329 1601 δὲ
1358 1548 1450 1603 τὸν
1472 1549 1650 1605 τόκον.

401 1638 649 1702 Κιδωτδς
669 1637 821 1710 ὤφθη
845 1638 943 1710 τῆς
975 1640 1105 1711 πρὶν
1134 1639 1476 1712 ὲνθεεστέρα,

262 1730 333 1786 45
403 1732 476 1785 Οὐ
499 1731 599 1795 τὰς
632 1731 844 1796 πλάκας
878 1733 1115 1804 φέρουσα
1143 1734 1240 1797 τὰς
1264 1735 1621 1807 θεογράςρους,

415 1822 552 1876 Ἀλλ’
583 1822 745 1877 αὑτὸν
779 1823 926 1878 ἔνδον
955 1826 1045 1879 τὸν
1074 1825 1208 1879 Θεὸν
1245 1826 1560 1899 δεδεγμένη.
1630 1820 1635 1829 ’

415 1916 676 1972 Ἐνταῦθα
701 1918 917 1988 κρουνοὶ
948 1918 1226 1989 σαρκικῶν
1255 1918 1589 1987 καθαρσίων,

1425 326 1925 389 SENARIORUM
1961 327 2441 387 FRAGMENTA.

3373 324 3506 390 1738

1858 450 1905 503 Α
1942 439 2072 495 Vide
2103 451 2264 511 atque
2295 442 2563 495 admirare
2589 442 2847 512 templum
2872 441 3124 513 Virginis.

1928 534 2065 587 Nam
2095 549 2215 603 quae
2258 534 2488 602 gestavit
2517 534 2686 588 Deum
2716 534 2829 589 suis
2868 535 2922 589 in
2952 536 3115 600 ulnis,

1927 626 2105 695 lpsum
2127 643 2273 682 nunc
2304 637 2477 699 gestat
2504 629 2569 682 ad
2614 629 2715 685 loci
2747 630 3177 683 venerationem.

1927 716 2025 771 llic
2053 718 2145 788 qui
2186 718 2253 772 ad
2284 726 2480 773 terram
2508 719 2795 791 regendam
2824 728 2955 775 sunt
2978 718 3258 774 constituti

1927 810 2150 880 Sceptra
2180 810 2460 866 confidunt
2487 810 2729 866 victricia
2757 826 2816 865 se
2844 826 3011 865 manu
3039 819 3249 866 tenere.

1927 902 2025 957 Hic
2064 904 2361 972 permultas
2386 903 2573 958 mundi
2609 903 2943 959 calamitates

1928 996 2239 1051 Patriarcha
2266 996 2497 1069 vigilans
2526 996 2723 1052 avertit
2746 1014 2761 1063 ;

1928 1092 2150 1148 Barbari
2178 1109 2307 1149 vero
2340 1093 2576 1165 aggressi
2605 1093 2904 1159 civitatem,

1928 1185 2125 1255 Ipsam,
2156 1196 2216 1241 ut
2239 1202 2361 1242 esse
2390 1186 2516 1242 belli
2546 1187 2738 1241 ducem
2763 1186 3021 1242 viderunt
3049 1186 3248 1251 solum,

1928 1278 2225 1335 Flexerunt
2250 1279 2393 1335 illico
2424 1278 2714 1334 indomitas
2737 1278 2997 1334 cervices.

2626 1374 2815 1428 Aliter.

1927 1462 2076 1535 Opus
2100 1470 2236 1527 erat,
2267 1471 2326 1518 ut
2350 1472 2495 1520 esset
2516 1466 2755 1521 secunda
2786 1465 2880 1520 Dei
2910 1473 3066 1535 porta

1928 1556 2166 1629 Virginis
2199 1557 2413 1622 domus,
2446 1558 2673 1628 perinde
2702 1574 2769 1614 ac
2800 1558 2963 1614 ﬁlius.

1927 1646 2192 1717 Apparuit
2222 1661 2346 1701 arca
2371 1647 2458 1701 illa
2483 1648 2664 1717 priore
2697 1648 2956 1712 divinior,

1928 1738 2060 1805 Quae
2084 1755 2193 1793 non
2222 1740 2435 1795 tabulas
2459 1742 2629 1811 gessit
2661 1756 2691 1795 a
2721 1741 2832 1794 Deo
2861 1740 3123 1810 scriptas,

1855 1792 1901 1852 Β
1931 1792 2429 1900 ἐσθίηιιιείιιειιιῐι
2456 1792 2627 1885 5...};
2658 1792 2891 1900 ἐιὲέιζίιζ

1936 1923 2036 1978 Hic
2060 1922 2236 1977 fontes
2261 1923 2328 1977 ad
2374 1924 2555 1978 carnis
2583 1924 2890 1979 lustrandas
2914 1924 3123 1987 sordes,

1775 2100 2005 2157 NOTAE.

261 2275 389 2314 nem
447 2272 569 2313 esse
622 2258 821 2327 scripta
883 2258 1016 2312 mihi
1066 2258 1338 2313 videntur.
1403 2257 1643 2314 Primum
1686 2260 1831 2314 enim

263 2330 491 2384 Charito
515 2344 622 2381 non
652 2330 719 2383 de
744 2344 1068 2398 quacunque
1108 2330 1210 2383 dea
1241 2330 1291 2383 id
1319 2331 1572 2395 asseruit,
1635 2331 1729 2385 sed
1766 2331 1834 2385 de

266 2402 455 2465 Diana,
488 2410 542 2454 et
569 2398 808 2454 Minerva
842 2407 1073 2453 tantum.
1106 2402 1359 2454 Secundo
1385 2402 1634 2471 quamvis
1662 2402 1713 2455 id
1766 2402 1835 2456 de

266 2473 522 2525 omnibus
592 2471 833 2539 gentium
900 2471 1106 2524 deabus
1191 2471 1391 2525 dixisse.
1444 2473 1830 2536 concedamus,

266 2544 397 2611 quid
435 2551 623 2595 contra
652 2557 774 2611 eum
801 2541 1339 2611 valetargumentum
1362 2557 1392 2595 a
1417 2541 1660 2610 Deipara:
1699 2543 1835 2595 ima-

268 2615 394 2683 gine
425 2610 692 2682 petitum?
732 2610 917 2683 Tertio
964 2610 1183 2665 demum
1218 2613 1413 2683 valeat,
1473 2613 1515 2667 si
1571 2613 1764 2682 placet,
1803 2628 1834 2667 a

267 2682 437 2737 sacris
500 2684 564 2735 ad
622 2682 852 2752 profana
906 2682 1105 2747 illatio;
1174 2682 1345 2735 nihilo
1399 2694 1576 2736 tamen
1653 2684 1835 2736 minus

265 2754 431 2807 nimis
462 2754 716 2808 audacter
745 2769 810 2805 ex
855 2752 1029 2807 allatis
1054 2753 1334 2823 versiculis
1368 2753 1709 2807 concluditur
1742 2769 1838 2823 per

265 2841 333 2879 ea
382 2834 643 2892 tempora,
678 2823 875 2893 quibus
913 2824 1186 2876 scribebat
1212 2822 1455 2885 Cbarito,
1491 2825 1714 2878 minime
1741 2840 1837 2878 ve-

264 2911 391 2949 rum
443 2895 494 2947 id
526 2893 713 2958 fuisse,
768 2894 909 2963 quod
939 2894 1173 2963 scripsit.
1206 2893 1335 2947 Nam
1384 2896 1427 2947 si
1489 2910 1598 2949 non
1643 2894 1825 2949 multis

265 2966 426 3019 anuis
453 2974 573 3033 post
601 2963 1017 3018 Constantinum
1053 2966 1097 3017 is
1131 2964 1377 3035 visit,rut
1404 2980 1502 3035 ego
1535 2965 1699 3018 etiam
1745 2965 1837 3032 ju-

268 3044 421 3090 ratus
449 3035 701 3098 dixerim,
738 3035 913 3088 Pisida
965 3044 1167 3093 autem.
1217 3034 1309 3103 qui
1360 3034 1697 3088 senariorum
1750 3044 1834 3089 est

267 3116 479 3165 auctor.
532 3106 634 3159 sub
686 3105 931 3158 Heraclio
964 3114 1109 3158 certe
1143 3104 1343 3169 floruit,
1378 3107 1651 3173 quomodo
1693 3105 1830 3158 alte-

267 3175 386 3231 rius
428 3151 618 3231 contra
649 3176 881 3228 alterum
930 3174 1215 3228 adducitur
1263 3151 1652 3237 testiinonium,
1708 3190 1831 3228 cum
1861 3151 1903 3208 θ

266 3247 412 3301 inter
442 3257 729 3314 utrumque
762 3253 1127 3298 trecentorum
1157 3260 1425 3297 annorum
1477 3245 1689 3297 intersit
1728 3244 1834 3298 dif-

268 3314 536 3372 ferentia?
569 3315 756 3369 Utrum
787 3322 967 3367 autem
994 3325 1235 3383 tempore
1274 3314 1615 3367 Constantini
1654 3330 1835 3384 cmpe-

268 3388 381 3440 rint
407 3385 701 3440 Christiani
738 3383 956 3438 Mariam
989 3385 1209 3454 pingere
1241 3400 1362 3439 cum
1392 3400 1563 3454 puero
1616 3383 1752 3439 .lcsu’
1780 3388 1833 3439 in

266 3458 558 3517 ulnis,non
593 3454 748 3509 facile
768 3456 911 3508 dictu
940 3465 1101 3524 puto;
1135 3470 1439 3524 quanquam
1471 3454 1616 3508 enim
1654 3456 1836 3511 niultaa

266 3526 668 3583 cmmeterialcs
698 3534 1067 3579 memorentur
1122 3527 1365 3595 picturae,
1418 3526 1473 3579 in
1522 3524 1719 3595 quibus
1769 3542 1836 3580 eo

269 3600 433 3653 modo
498 3596 653 3667 Virgo
698 3604 893 3667 riuater
954 3596 1169 3665 depicta
1237 3596 1454 3656 dicitur,
1512 3606 1571 3649 ut
1626 3597 1838 3651 notavit

270 3666 622 3737 Du—Cangius
686 3666 903 3721 Dissert.
940 3667 1000 3719 de
1051 3668 1148 3736 inf.
1192 3682 1283 3719 (cr.
1342 3668 1587 3719 numism.
1642 3683 1699 3720 n.
1738 3668 1832 3737 750,

270 3736 524 3792 attamen
545 3737 679 3790 nihil
732 3737 857 3791 inde
890 3737 1023 3791 certi
1079 3748 1321 3791 statuere
1350 3739 1472 3806 quis
1502 3738 1692 3806 possit.
1728 3736 1836 3792 Sed

269 3809 401 3863 illud
425 3816 633 3863 certum
682 3818 766 3861 est
791 3807 1097 3876 hujusmodi
1131 3823 1284 3860 usum
1308 3824 1473 3876 penes
1502 3808 1836 3862 Christianos

273 3882 422 3949 ipsos
470 3878 773 3949 plurimum
830 3878 1143 3937 iuvaluisse,
1199 3886 1253 3949 et
1301 3878 1543 3949 crebrius
1587 3879 1834 3949 usurpari

276 3945 509 4019 crepiss'e
561 3965 683 4001 cum
748 3948 1035 4019 damnatus
1086 3955 1179 4019 est
1212 3945 1513 4019 Nestorius.
1578 3948 1839 4019 videlicet

271 4018 417 4075 eirea
444 4036 648 4073 annum
686 4018 811 4083 440.
846 4028 904 4071 ιιι
932 4026 1117 4071 contra
1168 4018 1345 4086 ipsum
1398 4018 1833 4081 haaresiarcham,

272 4090 366 4159 qui
404 4092 642 4159 duaswin
694 4089 911 4143 Christo
939 4102 1198 4159 personas
1233 4087 1481 4156 pervicax
1512 4089 1834 4159 rastruebat,

276 4157 500 4215 Mariam
544 4158 815 4230 Virginem
851 4174 975 4212 vere
1005 4157 1293 4230 Θεοτόκον,Δ
1320 4174 1426 4211 non
1477 4158 1838 4230 Χριστοτόκον

264 4226 666 4301 appellandaui
682 4245 802 4285 esse
842 4229 1212 4301 ostenderent.
1256 4226 1455 4281 Verum
1490 4226 1607 4301 haec
1624 4228 1833 4301 omnia,

277 4298 603 4363 utvidetur,
630 4300 728 4353 sibi
754 4315 872 4355 esse
900 4300 1170 4352 contraria
1200 4314 1308 4352 non
1359 4299 1526 4352 sensit
1559 4298 1834 4362 d’Orville,

276 4373 405 4441 quia
434 4373 667 4441 priorum
703 4370 1093 4424 versiculorum
1122 4384 1242 4422 esse
1276 4379 1550 4441 auctorem
1584 4368 1837 4441 Pisidam

279 4439 566 4513 ignoravit.
610 4440 797 4495 Melius
830 4440 1177 4513 Charitonem
1234 4439 1519 4513 refellisset
1549 4440 1617 4495 cl.
1655 4440 1706 4494 d’
1734 4439 1837 4494 Or-

279 4511 429 4580 v’ille,
467 4513 509 4565 si
540 4513 587 4564 ei
627 4512 952 4566 occurrisset
983 4511 1126 4576 quod
1158 4524 1224 4563 ex
1253 4511 1491 4579 antiquis
1515 4526 1836 4565 monumen-

1933 2260 2064 2314 nino
2084 2268 2177 2331 est
2222 2276 2237 2312 :
2282 2258 2345 2331 Ἦ
2384 2258 2493 2330 γὰρ
2556 2260 2798 2330 φέρουσα
2851 2276 2949 2329 pro
2995 2259 3159 2331 αὐτὴν
3187 2259 3295 2331 γὰρ
3324 2261 3358 2331 ἡ
3407 2261 3505 2330 φέ-

1933 2347 2121 2402 ρουσα.
2146 2329 2302 2396 Quod
2330 2329 2511 2385 autein
2560 2329 2638 2385 ad
2675 2331 2810 2385 alios
2840 2339 2953 2386 tres
2987 2329 3229 2386 senarios
3268 2329 3502 2401 Vspect’at,

1931 2402 2089 2470 cujus
2146 2403 2257 2454 sint
2312 2402 2470 2469 plane
2523 2402 2729 2460 nescio.
2796 2417 2919 2455 cum
2973 2402 3110 2455 nihil
3161 2402 3229 2455 de
3281 2410 3505 2456 auctore

1973 2473 2123 2525 rodat
2151 2471 2201 2525 (ι’
2230 2470 2433 2525 Orville
2469 2490 2481 2525 :
2528 2481 2675 2543 certe
2708 2472 2901 2525 Pisidae
2943 2486 3063 2543 esse
3119 2481 3365 2543 possunt.
3392 2471 3507 2543 Sed

1952 2544 2246 2614 ectionem,
2324 2558 2487 2610 quam
2513 2542 2669 2614 “ipse
2723 2542 2990 2614 proponit
3013 2541 3136 2612 pro'
3153 2541 3502 2614 791109qu171.“,

1936 2612 2379 2684 μητροπάρθενος
2419 2612 2682 2676 scribens,
2726 2612 2868 2666 mihi
2896 2612 3027 2666 satis
3051 2613 3334 2682 probatam
3369 2612 3505 2666 ‘non

1937 2698 2056 2737 esse
2086 2684 2260 2737 fateor
2292 2701 2305 2736 :
2338 2698 2498 2736 unam
2532 2684 2674 2736 enim
2708 2692 2917 2737 tantum
2950 2684 3205 2745 litteram,
3261 2684 3366 2737 hoc
3422 2692 3507 2735 est

1936 2753 1964 2806 0
1992 2754 2048 2806 in
2081 2770 2106 2805 τ
2130 2754 2445 2824 immutasse
2468 2754 2598 2807 mihi
2624 2754 2867 2812 suﬂiciat.
2894 2753 2965 2824 ita
2990 2762 3047 2806 at
3067 2769 3165 2823 pro
3192 2752 3507 2824 μηθροηθῆς

1935 2824 2108 2894 legam
2141 2823 2478 2893 μητροηθῆς,
2509 2834 2564 2877 et
2588 2824 2769 2877 omnia
2808 2823 2939 2877 mihi
2965 2833 3129 2878 erunt
3188 2823 3369 2895 plana,
3419 2833 3506 2877 at-

1935 2910 2040 2965 que
2070 2895 2144 2965 ita
2177 2904 2383 2965 vertam
2415 2912 2427 2947 :

2117 2963 2183 3016 1η
2202 2964 2501 3036 Deiparam
2530 2964 2796 3036 Christum
2821 2964 3030 3018 inulnis
3061 2966 3340 3036 ferentem.

2044 3034 2169 3087 Haec
2191 3035 2329 3103 ipsa,
2368 3050 2482 3103 qua:
2503 3034 2723 3101 peperit,
2757 3034 2907 3102 Virgo
2935 3034 3110 3089 manet
3148 3036 3361 3102 iterum,

2048 3104 2115 3177 fit
2139 3105 2372 3177 matriin
2389 3104 2624 3177 omnibus
2650 3113 2723 3155 est
2749 3104 2955 3177 similis.
2991 3106 3083 3159 Est
3108 3108 3247 3159 enim
3275 3123 3405 3177 puer

2043 3173 2203 3233 Deus,
2230 3174 2317 3243 qui
2350 3174 2513 3227 voluit
2548 3190 2757 3226 carnem
2776 3175 3062 3228 humanam
3092 3173 3377 3231 assumere.

1935 3243 2111 3314 Atque
2140 3244 2191 3296 hi
2226 3244 2423 3297 senarii
2453 3245 2584 3297 satis
2606 3244 2844 3313 perbelle
2876 3254 3171 3314 patuerunt
3213 3262 3319 3300 una
3379 3263 3504 3303 cum

1935 3317 2054 3370 aliis
2112 3314 2272 3385 affigi
2300 3314 2722 3385 Blacheritarum
2774 3316 2994 3384 templo,
3054 3331 3162 3385 quo
3203 3318 3409 3371 nullum
3441 3336 3505 3373 ex

1937 3385 2025 3449 iis,
2070 3382 2435 3457 quae‘Virgini
2468 3384 2713 3457 Qeiparze
2768 3382 2945 3439 dicata
2996 3382 3236 3457 fuerunt,
3268 3403 3503 3457 unquam

1936 3454 2215 3526 exstiiiss_e_
2305 3454 2734 3526 magnificentius
2805 3464 2861 3509 et
2935 3454 3203 3510 cel'ebrius
3286 3454 3506 3513 tradunt

1938 3525 2128 3580 Graeci.
2171 3523 2863 3597 Videsis'descriptiopem
2892 3526 2943 3579 in
2987 3526 3294 3597 Nicephoro
3340 3528 3505 3582 Calli-

1937 3605 2040 3659 sto,
2067 3597 2158 3650 lih.
2180 3614 2267 3655 xv.
2294 3611 2413 3663 cap.
2440 3596 2529 3660 ‘25,
2551 3604 2605 3649 et
2633 3598 2687 3648 in
2714 3594 2875 3651 Cf’oli
2906 3597 3097 3650 Christ.
3120 3594 3213 3652 lib.
3242 3615 3314 3661 iv,
3334 3615 3386 3667 p.
3412 3601 3500 3653 84.

2008 3669 2095 3740 52’).
2123 3668 2274 3740 Patet
2300 3668 2607 3740 superiores
2639 3667 2844 3740 iambos
2863 3668 2933 3721 24
2954 3668 3112 3735 θιὲὸ,
3138 3670 3191 3722 in
3214 3670 3502 3740 imaginem

1938 3735 2387 3791 Blachernianam
2421 3738 2591 3790 fuisse
2612 3738 2966 3806 conscriptos.

2008 3809 2096 3861 38.
2128 3808 2329 3861 Confer
2360 3823 2575 3861 versum
2608 3808 2730 3868 157,
2767 3808 2839 3859 De
2869 3808 2998 3861 bello
3026 3809 3269 3864 Abarico.

2007 3878 2096 3930 40.
2132 3878 2262 3950 Vide
2294 3878 2421 3950 ibid.
2450 3894 2499 3950 v_.
2526 3878 2648 3940 MO,
2680 3887 2872 3950 etquae
2893 3881 3094 3946 passim
3132 3882 3201 3935 ad
3250 3881 3497 3950 ejusdem

1938 3948 2192 4018 poematii
2223 3947 2653 4018 explanationem
2679 3948 3075 4015 adnotavimus.

2008 4018 2097 4071 42.
2133 4017 2492 4087 Du-Caugius,
2522 4026 2576 4069 et
2610 4016 2912 4069 Batulurius
2933 4019 3325 4074 rlaudicantem
3356 4022 3503 4076 hunc

1938 4103 2155 4162 versum
2186 4088 2403 4162 edidere
2435 4087 2735 4162 hoc__niod_o
2763 4103 2800 4162 _:
2824 4156 2834 4162 _
2855 4090 2944 4162 dei
2969 4089 3214 4155 γίνεσθαι
3244 4090 3504 4162 δευτέραν

1940 4159 2095 4231 [τοῦ]Δ
2126 4157 2258 4210 Θεοῦ
2274 4157 2490 4231 Δπιόλην.
2537 4155 2643 4210 Nos
2683 4156 2908 4211 Fabricii
2944 4162 3335 4215 correctionem
3386 4155 3504 4217 am-

1939 4228 2097 4300 plecti
2127 4245 2234 4281 non
2255 4228 2637 4300 dubitavimus.

2009 4300 2096 4354 45.
2131 4300 2187 4353 In
2208 4316 2329 4351 arca
2352 4298 2587 4359 imiteris,
2617 4312 2738 4366 qua:
2768 4298 3069 4366 symbolum
3107 4298 3209 4353 fuit
3238 4299 3505 4357 incarna-

1940 4371 2101 4425 tionis
2120 4370 2342 4432 Christi,
2357 4367 2489 4439 nihil
2516 4369 2684 4421 fuissc
2709 4378 2903 4437 praeter
2920 4369 3055 4423 duas
3082 4370 3319 4439 lapideas
3348 4374 3506 4427 tabu-

1938 4444 2017 4495 las
2050 4441 2316 4510 colligitur
2344 4454 2410 4492 ex
2454 4438 2610 4510 Deut.
2640 4455 2696 4499 κ.
2728 4438 2790 4502 5;
2823 4446 2878 4491 et
2915 4439 2983 4493 ιιι
3013 4438 3150 4510 Reg.
3177 4458 3290 4505 vni,
3314 4444 3368 4499 9.
3399 4442 3507 4501 Ve-

1943 4528 2063 4566 rum
2087 4509 2296 4580 magnis
2332 4525 2441 4563 non
2478 4509 2850 4562 destituuntur
2880 4509 3294 4566 auctoritatibus
3342 4523 3398 4567 et
3429 4524 3509 4568 te-

281 4584 351 4635 tis
382 4584 436 4635 in
456 4583 781 4636 contrariam
818 4580 1140 4651 sententiain
1200 4581 1505 4651 manifeste
1548 4581 1837 4635 evincitur.
1869 4579 1922 4641 D
1946 4579 2233 4643 sumentis,
2256 4580 2346 4649 qui
2368 4580 2806 4651 pmterialiulas,
2841 4581 3043 4651 virgam
3061 4585 3224 4635 etiam
3253 4584 3505 4650 Aarouis,

280 4653 417 4707 Nam
456 4653 661 4707 Etrusci
718 4668 869 4706 suam
900 4653 1055 4705 deam
1096 4649 1333 4703 Nortiam
1369 4650 1606 4720 puellum
1656 4651 1838 4705 fasciis

282 4723 587 4777 involutum
631 4724 987 4777 sustinentem
1033 4722 1513 4789 reprzesentabant,
1554 4731 1613 4775 nt
1656 4721 1839 4775 videre

285 4804 373 4848 est
396 4795 449 4848 in
490 4794 670 4856 Gorio,
694 4792 833 4845 Mus.
870 4793 1009 4846 Ειν..
1042 4794 1148 4845 tali.
1184 4808 1257 4851 iv.
1288 4800 1343 4844 ct
1378 4790 1693 4847 Praenestini
1718 4792 1840 4844 For-

286 4874 435 4920 tuna:
461 4865 673 4935 signum
713 4879 833 4917 cum
869 4863 999 4935 Jove
1049 4877 1216 4931 puero
1271 4862 1533 4935 fecerunt,
1582 4862 1841 4935 Cicerone

287 4933 614 4990 auctot‘eVDe
644 4934 863 4987 divinat.
921 4934 1012 4985 lib.
1072 4949 1129 4993 II,
1174 4942 1228 4985 et
1283 4933 1543 4986 infantem
1601 4933 1839 4994 Plutum,

286 5008 598 5062 divitiarum
627 5007 821 5065 deum,
856 5004 1145 5072 aliquando
1176 5003 1373 5055 dedere
1405 5005 1609 5072 antiqui
1642 5003 1695 5055 in
1726 5018 1842 5055 ma-

290 5094 394 5131 nus
451 5076 721 5138 Fortunaa,
752 5084 811 5127 ut
858 5083 1081 5127 testatur
1136 5073 1427 5126 Pausanias
1476 5074 1526 5127 in
1580 5073 1841 5135 Boaoticis,

288 5149 385 5201 lib.
424 5163 495 5209 ιχ,
527 5162 644 5215 cap.
676 5146 763 5207 16,
787 5144 880 5213 qui
931 5145 1108 5215 etiam
1141 5144 1393 5215 adnotat_
1414 5144 1844 5215 Cephisodorum

290 5219 433 5288 apud
460 5212 1043 5288 Atlie'nienses_Paceiii
1088 5212 1300 5288 fecisse,
1356 5212 1581 5288 mutam
1614 5215 1667 5266 in
1724 5215 1845 5267 sinu

289 5282 391 5344 suo
419 5295 713 5358 gerentem.
741 5285 847 5340 Sed
870 5294 929 5358 met
950 5282 1130 5358 Romae
1148 5283 1460 5358 inporticu,
1481 5299 1649 5358 quem
1674 5299 1847 5358 nuper

290 5354 471 5414 ornari
540 5357 813 5411 mandavit
869 5356 921 5408 in
974 5354 1086 5407 suis
1129 5354 1334 5407 sedibus
1386 5356 1848 5406 eminentissimus

292 5430 581 5484 cardinalis
612 5428 829 5490 Lantes,
871 5426 1061 5479 visitur
1093 5423 1317 5477 Veneris
1346 5425 1606 5485 sedentis,
1640 5432 1695 5477 et
1726 5438 1848 5493 gre-

291 5502 404 5554 mio
434 5513 660 5569 puerum
698 5496 929 5551 foventis
960 5503 1157 5569 statua,
1187 5510 1345 5569 quam
1378 5494 1657 5569 _Venereni
1697 5494 1850 5569 geni-

295 5564 486 5625 tricein
542 5569 904 5636 nuncupavit;
979 5564 1281 5634 cujusmodi
1347 5566 1615 5636 simillima
1686 5566 1847 5618 etiam

295 5649 605 5695 asservatur
647 5638 702 5692 in
736 5635 932 5692 ’Museo
973 5636 1306 5696 Florentino,
1359 5644 1417 5689 ut
1474 5652 1537 5689 ex
1575 5635 1739 5689 Gorio
1796 5636 1851 5687 in

298 5712 518 5765 Statuis.
548 5710 653 5763 Sed
683 5708 810 5777 quid
858 5712 924 5760 de
954 5708 1117 5763 tertio
1149 5709 1382 5769 senario,
1405 5722 1563 5775 quem
1593 5707 1660 5760 ab
1686 5706 1852 5760 Ama-

296 5795 334 5837 n
357 5784 487 5836 tensi
509 5779 1180 5849 septenarium‘oscitanter
1198 5777 1393 5831 factum
1411 5792 1531 5831 csse
1549 5793 1652 5849 non
1675 5777 1819 5831 anim
1834 5804 1853 5815 -

300 5862 535 5907 alvertit
572 5846 740 5905 'idem
806 5846 1095 5903 d‘Orville?
1148 5848 1458 5918 Legendum
1511 5848 1658 5901 enim
1731 5862 1849 5902 om-

540 5945 801 6002 PATROI..
842 5944 953 6002 Gtt.
980 5941 1156 6001 XCll.

1938 4663 1994 4707 et
2018 4667 2208 4705 urnam
2236 4666 2360 4703 cum
2405 4664 2602 4704 manna
2656 4650 2712 4702 in
2740 4665 2803 4703 ea
2841 4650 3006 4704 fuisse
3037 4662 3324 4707 contentas
3355 4670 3509 4709 asse-

1939 4732 2162 4795 verant;
2217 4721 2271 4774 in
2330 4720 2735 4795 qua__seu_ten_tia
2767 4720 2869 4774 fuit
2900 4732 3123 4795 sanctus
3174 4726 3508 4795 Augustinus

1939 4794 1993 4847 in
2024 4792 2218 4855 Quaest.
2247 4807 2392 4857 supr.
2424 4788 2598 4861 Exod.
2618 4790 2711 4844 lib.
2734 4806 2791 4855 ll,
2820 4806 2938 4861 pag.
2965 4792 3091 4846 455.

2009 4861 2270 4931 Georgius
2326 4858 2651 4931 Nicomedia!
2695 4858 3033 4930 metrop'olita
3082 4863 3137 4917 in
3186 4864 3510 4920 Narratione

1942 4934 2020 4996 εἰς
2050 4930 2340 5006 κατάθεσιν
2383 4930 2702 5006 τῆς-κτιμῖίας
2744 4931 2970 5006 ἐσθῆτος
3019 4932 3120 5006 τῆς
3169 4933 3510 5006 θεομήτορος

1942 5006 1998 5074 εν
2053 5003 2403 5071 Βλαχέρναις,
2464 5000 2536 5053 De
2581 4999 2895 5074 depositione
2958 5003 3111 5074 uestis
3159 4999 3511 5074 Deiparir'in

1948 5073 2268 5137 Biar/ternis,
2299 5088 2416 5139 qua:
2447 5076 2620 5124 exstat
2652 5071 3071 5125 iniCombeﬁsio
3104 5071 3525 5129 ΗίειζΜοηοιΙνρ

1946 5160 2066 5213 pag.
2126 5144 2246 5204 757,
2281 5139 2565 5213 quau-dam
2623 5141 2786 5213 veluti
2818 5142 3203 5213 paraphrasim
3240 5145 3506 5213 epigram-

1948 5211 2152 5267 ina'tum
2215 5213 2430 5282 Pisidae
2458 5212 2666 5282 videtur
2706 5211 3026 5282 instituisse.
3078 5213 3297 5267 Juvabit
3337 5211 3509 5282 pauca

1949 5286 2150 5337 referre
2185 5301 2196 5336 :
2226 5282 2318 5334 Διὸ
2355 5281 2447 5353 καὶ
2471 5280 2690 5353 πάντες.
2716 5280 3001 5353 ὼςεὶπεῖν,
3032 5285 3304 5353 ἀρχιερεῖς
3324 5280 3380 5335 τε
3417 5283 3513 5353 καὶ

1950 5355 2207 5422 βασιλεῖς,
2256 5356 2349 5405 καὶ
2372 5352 2486 5403 ὅσοι
2528 5350 2733 5422 τούτων
2789 5352 3014 5422 ὑπήκοοι
3042 5350 3149 5406 τῶν
3188 5350 3252 5420 ve
3282 5354 3341 5403 ὲν
3367 5352 3513 5405 τέλει

1948 5420 2042 5477 καί
2068 5422 2360 5491 ἀξιώματι,
2391 5420 2636 5491 καὶμὸσοι
2669 5424 2759 5471 τὸν
2793 5420 3058 5476 ἱδιώτικὸν
3094 5423 3206 5491 βίον
3244 5424 3514 5491 μετίασιν,

1949 5498 2149 5554 παντὸς
2201 5488 2297 5562 μὲν
2351 5488 2530 5564 κοινοῦ
2577 5488 2672 5564 καὶ
2714 5492 2843 5543 ἰδίου
2892 5488 3216 5564 πράγματος
3241 5488 3512 5564 ίφαιδροῦ.

1949 5560 2297 5635 χαριστήρια,
2344 5566 2401 5635 ὲν
2445 5560 2773 5635 Βλαχέρναις
2814 5560 3096 5634 τρέχοντες
3141 5562 3260 5634 Θεῷ
3276 5560 3408 5635 λκαϊ
3440 5562 3513 5635 τῇ

1950 5633 2195 5703 sacrm?
2215 5633 2578 5704 προσάγουσιρ
2610 5634 2807 5704 παντὸς
2838 5636 2896 5687 δὲ
2911 5635 3171 5703 λυπηροῦ,
3192 5635 3250 5687 ὲν
3279 5633 3519 5704 Βλαχέρς

1951 5723 2069 5769 ναις
2122 5700 2473 5775 θαρροῦντες,
2520 5702 2597 5775 τὸΔ
2627 5702 2787 5775 βάρος
2836 5700 3326 5773 ἀποφορτίζονται·
3380 5700 3520 5775 ᾱιγῶ

1951 5775 2061 5828 τῶν
2118 5771 2489 5845 ὲκ’³ιτοικίλωιδ
2543 5771 2714 5845 νόσων
2763 5771 3214 5845 θεραπευομένων
3262 5776 3379 5829 ικεῖ
3430 5774 3521 5845 τὸν

1953 5846 2187 5917 ἀριθμὸν
2230 5844 2577 5917 ἀμέτρητον*
2633 5844 2720 5896 ἵνα
2764 5844 2843 5915 μὴ
2903 5844 3063 5900 πάλιν
3114 5846 3398 5917 σμικρύνω
3453 5844 3522 5913 τῇ

3134 5936 3206 5995 55
