4152 6290
641 345 772 411 1743

1865 351 1877 359 ‘
1930 336 2246 398 GEORGII
2276 335 2548 397 PISID/E

613 464 818 529 .Neque
846 455 1027 519 robur,
1055 463 1108 507 et
1129 452 1354 507 ﬁrmitas
1385 449 1623 521 corporis
1656 450 1900 519 palaestra
1937 450 2139 520 indiget
2168 464 2179 476 ·
2213 455 2261 511 Α

636 553 743 607 Sed
768 549 886 604 sitis
914 557 969 602 et
996 546 1162 617 frigus
1190 559 1281 599 eas
1312 558 1588 613 nunquam
1624 552 1799 596 vexat.

638 738 767 803 Hoc,
804 735 1030 808 optime,
1064 732 1302 803 ignotum
1326 731 1429 786 iter

635 830 770 884 Cum
793 823 1116 889 confeceris,
1146 823 1293 877 velut
1322 834 1541 875 cursum
1568 826 1903 874 terrestrem.

638 1016 794 1071 Nunc
824 1014 983 1085 pleno
1012 1010 1143 1066 orbe
1165 1007 1444 1079 splendeat
1467 1005 1615 1072 luna,

637 1110 877 1162 (Iliosroe
900 1111 1172 1159 annuente
1200 1100 1494 1171 spondens,

640 1199 829 1254 Persas
859 1212 965 1251 non
983 1193 1212 1264 amplius
1234 1190 1396 1245 rebus
1416 1188 1612 1245 creatis
1631 1187 1843 1243 divinos
1868 1186 2102 1241 honores
2118 1194 2197 1241 at-

1675 1278 1991 1352 [tributuros
2015 1293 2127 1335 ese.

640 1384 781 1438 Intra
809 1388 958 1437 scuta
990 1377 1181 1434 venisti
1214 1386 1327 1433 tuta
1350 1374 1644 1431 celeritate.

638 1566 846 1638 Corpus
869 1563 1107 1633 undique
1133 1558 1583 1631 constringentes,
1610 1557 1841 1613 culicum
1874 1554 2060 1610 instar.

642 1748 870 1818 Semper
889 1745 1054 1806 enim.
1085 1752 1145 1799 ut
1175 1759 1272 1814 par
1297 1749 1401 1806 est,
1430 1739 1768 1795 calamitates

644 1839 969 1897 Recentibus
999 1838 1219 1892 irritatae
1249 1834 1511 1890 molestiis

642 1934 904 2005 Impetum
928 1931 1146 2002 pariunt
1166 1928 1421 1985 omnibus
1447 1925 1721 1980 fortiorem
1752 1922 2013 1977 consiliis.

645 2120 711 2174 Et
741 2118 978 2174 nefarias
1012 2118 1337 2184 insanasque
1363 2111 1667 2201 voluptates
1691 2109 1906 2164 barbari

642 2211 831 2267 Calore
861 2208 1189 2265 temulentia:
1214 2207 1437 2274 insuper
1466 2201 1853 2257 accendebant.

644 2494 721 2551 Ut
744 2492 1062 2563 urgentibus
1095 2487 1302 2543 nuntiis

646 2584 932 2640 Rationem
962 2579 1158 2635 reddas
1187 2578 1492 2632 debitorum
1523 2584 1578 2632 et
1602 2590 1905 2631 usurarum.

649 2764 728 2818 Ad
758 2764 1152 2817 incrementum
1182 2757 1480 2830 gladiorum
1509 2765 1565 2811 et
1593 2770 1867 2812 saxorum.

649 2946 720 3003 Ut
747 2944 962 3002 subtilis
996 2957 1279 2999 causarum
1299 2950 1580 3012 patronus.

650 3129 768 3186 Non
798 3130 1159 3186 reformidasti
1192 3128 1447 3184 molestos
1478 3126 1713 3182 morbos.

649 3315 781 3382 Quis
811 3315 1045 3370 vocalem
1073 3315 1269 3386 gallum
1289 3312 1470 3369 docuit
1499 3313 1553 3366 in
1580 3312 1785 3368 adibus

650 3407 821 3462 Horas
853 3408 1028 3462 noctis
1061 3406 1336 3461 indit-are?

651 3591 860 3646 Nereus
889 3601 1073 3646 autem
1121 3592 1387 3647 erinaceis
1426 3592 1480 3645 in
1526 3592 1794 3662 profundo
1827 3593 1993 3649 maris

652 3679 851 3735 Oculos
876 3681 988 3743 dat,
1018 3680 1214 3750 quibus
1236 3680 1476 3733 futurum
1509 3680 1802 3748 praevidere
1832 3691 2053 3749 queant,

652 3769 722 3824 Ut
759 3780 885 3825 ante
942 3778 1318 3840 tempestatem
1374 3770 1706 3839 tempestatis
1748 3770 2085 3829 incommoda
2131 3775 2215 3831 l‘u-

2028 3865 2218 3938 [giant.

2235 1794 2278 1855 Β

2240 3134 2283 3193 C

2425 445 2545 499 Οὐδ’
2570 444 2639 498 αὖ
2663 444 2952 515 κονίστρας
2973 443 3158 513 ἐνδεὴς
3187 445 3219 515 ἡ
3246 445 3576 516 me.“an

2445 538 2581 591 Ἀλλ’
2610 539 2719 591 εἰσὶ
2747 538 2907 607 δίψης
2928 538 3024 591 καὶ
3050 536 3252 605 κρύους
3276 538 3554 608 ἀνώτεροι.

2842 628 2908 683 1η
2928 647 2976 684 υ.
3014 632 3308 699 Ἕγ-γειον.

2325 724 2393 781 80
2431 722 2664 793 Ταύτην,
2692 722 2975 793 κράτιστε,
3004 724 3105 795 τὴν
3134 720 3555 792 ἀπεξενωμένην

2443 816 2593 869 Ὀδὸν
2618 815 2884 886 περάσας,
2908 814 3097 880 ὥσπερ
3126 814 3341 884 ἔγγειον
3362 814 3581 886 δρόμον.

2840 910 2905 964 In
2925 927 2973 963 υ.
3034 913 3315 981 Ἔγγυον.

2434 1000 2548 1054 Νῦν
2570 1003 2904 1073 πανσέληνος
2930 1003 2963 1074 ἠ
2990 1002 3185 1074 σελήνη
3209 1000 3495 1071 λαμπέτω,

2436 1093 2541 1146 Τοῦ
2564 1094 2807 1165 Χοσρόου
2847 1094 3099 1162 λέγοντος
3124 1091 3472 1163 ἐγγυωμένη,

2436 1186 2650 1257 Πέρσας
2669 1188 2730 1240 τὸ
2752 1185 2935 1240 λοιπὸν
2964 1188 3038 1257 μὴ
3065 1185 3344 1256 θεουργεϊν
3366 1184 3467 1255 τὴν
3494 1181 3698 1237 κτίσιν.

2843 1277 2912 1332 1η
2940 1297 2990 1336 υ.
3018 1275 3317 1348 Ἐμὸριθῆ.

2336 1375 2408 1432 85
2450 1375 2599 1429 Ἔσω
2624 1374 2731 1428 τῶν
2754 1374 2998 1429 ἀσπίδων
3017 1368 3182 1444 ἦλθες
3208 1370 3457 1443 ὲμϐριθεϊ
3480 1370 3659 1442 τάχει.

2856 1463 2922 1521 1η
2957 1482 3006 1520 υ.
3080 1465 3307 1534 Ἐμπίς.

2442 1559 2644 1630 Κύκλῳ
2672 1560 3090 1633 περισφίξαντες
3117 1558 3361 1629 ἐμπίδων
3387 1556 3570 1628 δίκην.

2823 1652 2887 1706 1η
2904 1653 2970 1713 lv.
3000 1652 3319 1705 Ἕναυλον.

2457 1746 2565 1797 Ἀεὶ
2590 1744 2718 1817 γὰρ,
2741 1743 2816 1808 ὼς
2842 1744 3036 1808 ἔοικεν,
3066 1744 3123 1796 αἱ
3148 1761 3215 1795 πε
3228 1741 3519 1812 ριστάσεις,

2458 1838 2553 1891 Ἐκ
2580 1838 2689 1891 τῶν
2717 1837 2954 1892 ὲναύλων
2996 1836 3355 1907 ὴρεθισμέναι
3381 1833 3580 1898 πόνων,

2445 1930 2727 1983 Τίκτουσιν
2755 1929 2929 2000 ὁρμὰς
2951 1930 3269 2001 κρείττονας
3294 1926 3698 1997 βουλευμάτων.

2777 2020 2843 2074 In
2867 2039 2916 2075 υ.
2944 2019 3410 2085 Ἐνθουσιώσας.

2340 2110 2409 2166 90
2446 2112 2554 2165 Καὶ
2577 2112 2676 2175 τὰς
2698 2111 2970 2183 ἀθέσμους
2994 2111 3189 2182 ἡδονὰς
3213 2111 3308 2165 τοῦ
3333 2110 3620 2183 Βαρὸἀρου

2459 2206 2854 2269 Ἐνθουσιώσας
2973 2204 3219 2278 πυρώσει
3245 2204 3347 2274 τῆς
3376 2204 3547 2275 μέθης

2462 2300 2590 2353 Ἐπε
2600 2298 2887 2371 ξανῆπτον.

2831 2389 2899 2445 1η
2942 2405 2991 2442 υ.
3018 2386 3350 2453 ἐπείκτης.

2451 2486 2639 2550 Ὅπως
2668 2484 2839 2555 ὑφέξῃ
2863 2484 2975 2545 τοίς
3003 2482 3264 2543 ὲπεκταις
3295 2479 3546 2547 ἀγγέλοις

2450 2579 2587 2642 Τοὺς
2617 2575 3011 2645 συλλογισμοὺς
3044 2572 3155 2626 τῶν
3182 2571 3359 2644 χρεῶν
3386 2572 3478 2625 καὶ
3504 2570 3617 2623 τῶν
3643 2572 3846 2622 τόκων.

2850 2665 2874 2720 l
2885 2684 2916 2720 η
2936 2683 2985 2722 υ.
3008 2665 3341 2731 Ἐπίδοσις.

2348 2762 2417 2819 95
2456 2760 2599 2830 Πρὸς
2631 2762 2732 2824 τὰς
2762 2758 3031 2822 ἐπιδόσεις
3057 2756 3165 2809 τῶν
3191 2755 3360 2825 ξιφῶν
3387 2756 3481 2809 καὶ
3505 2754 3616 2807 τῶν
3644 2753 3836 2806 λίθων.

2814 2852 2875 2906 In
2903 2870 2952 2905 v.
2979 2848 3362 2916 Ἔπιστὰτης.

2464 2946 2553 3007 Ὠς
2583 2944 2929 3015 ἰσχνολέσχης
2964 2944 3071 2996 τῶν
3102 2941 3326 3013 γραφῶν
3354 2940 3667 3007 ἐπιστάτης.

2812 3034 2880 3088 1η
2910 3052 2957 3088 υ.
2988 3033 3395 3111 Εὑλαϐηθξίς.ξ

2451 3126 2563 3181 Οὐκ
2596 3124 2903 3197 ηὐλαϐήθης
2927 3124 3024 3187 τὰς
3051 3121 3369 3193 ὲνοχλούσας
3396 3121 3605 3183 νόσους.

2640 3264 2643 3269 .
2858 3216 2920 3271 In
2948 3232 2995 3270 υ.
3020 3214 3317 3285 Εὐφρόνη.

2457 3312 2553 3373 Τίς
2576 3309 2668 3363 τὸν
2699 3308 3096 3379 μεγιστόφωνον
3124 3306 3269 3357 ἔνδον
3294 3304 3392 3373 τῆς
3421 3302 3622 3373 στέγης

2459 3405 2717 3457 Ἔπεισεν
2750 3400 2897 3471 ὄρνιν
2923 3400 3212 3469 ὼρολογεῐν
3241 3396 3339 3467 τὴν
3363 3396 3602 3468 ἑσπέραν
3630 3413 3647 3462 ;

2894 3492 2957 3546 In
2982 3510 3031 3546 υ.
3056 3492 3301 3561 Ἐχῖνος.

2320 3587 2419 3644 100
2457 3587 2584 3649 Τοῖς
2614 3586 2671 3639 δὲ
2698 3585 2919 3656 Νηρεὺς
2946 3586 3058 3647 τοῖς
3096 3583 3298 3653 ἐχίνοις
3320 3583 3566 3645 ὲνσάλοις

2455 3678 2863 3749 Προόλεπτικάς
2887 3676 3095 3729 δίδωσιν
3119 3678 3175 3728 ἐν
3204 3674 3350 3747 βυθῷ
3377 3677 3570 3746 κόρας,

2468 3772 2651 3835 Ὅπως
2678 3770 2890 3839 φύγωσι
2917 3768 3021 3839 πρὸ
3047 3767 3209 3837 ζάλης
3234 3768 3302 3821 τὰ
3324 3769 3423 3840 τῆς
3453 3767 3622 3837 ζάλης
3643 3806 3659 3821 .

2164 4020 2395 4077 ΝΟΤᾹΣ.

721 4176 809 4229 77.
828 4173 907 4229 Ad
927 4173 1320 4230 Hexaemerum
1339 4187 1492 4231 certe
1510 4177 1759 4232 videntur
1771 4177 2037 4243 pertinere
2055 4176 2109 4230 lii
2132 4192 2216 4233 se-
2322 4177 2465 4229 enim
2492 4185 2644 4243 poeta
2676 4176 2743 4229 de
2768 4175 3054 4230 Abaribus.

650 4246 807 4307 uarii,
846 4262 984 4317 quos
1013 4255 1189 4299 tamen
1220 4248 1368 4301 nullo
1404 4248 1455 4300 in
1484 4249 1673 4301 Codice
1704 4247 1835 4300 mihi
1861 4247 2085 4317 contigit
2128 4248 2216 4302 iu-

653 4316 857 4369 venire.
897 4315 1023 4368 lude
1053 4324 1231 4369 autem
1260 4318 1456 4370 multm
1484 4317 1779 4371 versiculos
1800 4331 1865 4370 ex
1892 4317 1981 4370 illo
2008 4315 2219 4385 poema-

654 4394 708 4437 te
734 4385 1069 4440 intercidisse
1092 4385 1459 4440 conﬁrmatur.
1506 4388 1577 4440 De
1606 4388 1905 4455 aquilarum
1947 4387 2219 4455 qualitati-

2391 4248 2477 4300 87.
2506 4246 2581 4299 Ex
2613 4247 2747 4299 libro
2779 4246 3040 4301 hactenus
3073 4260 3181 4299 non
3203 4247 3362 4301 obvio
3394 4265 3407 4300 :
3445 4246 3539 4301 sed
3568 4245 3697 4315 quid
3724 4246 3907 4301 simile

2323 4318 2516 4387 legitur
2550 4322 2599 4369 in
2634 4316 2944 4387 acroasin",
2982 4317 3055 4369 De
3085 4333 3202 4387 στρ.
3239 4317 3492 4377 Heraclii,
3524 4334 3574 4370 v.
3612 4317 3734 4372 180.

2398 4390 2484 4441 90.
2521 4388 2593 4439 Ex
2616 4386 2802 4440 eodem
2835 4385 2989 4439 libro.
3022 4387 3094 4458 De
3114 4385 3289 4440 Persis
3317 4390 3423 4458 agit
3456 4397 3633 4455 poeta,
3669 4403 3901 4455 quorum

658 4456 777 4519 bus,
814 4456 1015 4521 volatu,
1054 4466 1108 4508 et
1152 4458 1315 4518 victu,
1355 4458 1704 4522 ete.,videsis
1752 4467 1942 4526 praeter
2001 4471 2224 4512 Caeteros
2258 4504 2299 4526 η
2331 4456 2605 4511 libidinem
2656 4466 2710 4509 et
2760 4457 3125 4510 temulentiam
3180 4472 3322 4526 smpe
3360 4456 3578 4525 'carpit.
3634 4458 3764 4511 Vide
3816 4460 3907 4510 hic

656 4504 950 4595 scriptores
1002 4504 1485 4580 veruditissi'mum,
1530 4504 1834 4581 SamuelEm
1903 4504 2223 4582 Booti-artum
2258 4504 2300 4559 Β
2329 4543 2520 4596 supra,
2548 4542 2597 4579 v.
2628 4526 2714 4579 62.
2751 4530 2819 4578 At
2849 4542 2956 4578 non
2991 4528 3143 4590 satis,
3181 4504 3395 4580 utinihi
3427 4504 3660 4591 videtur,
3692 4504 3744 4580 in
3774 4543 3904 4579 ver-

642 4597 936 4649 Hierozoici
977 4606 1106 4651 tom.
1161 4596 1220 4649 lll
1247 4636 1261 4658 ,
1302 4613 1419 4666 pag.
1476 4598 1595 4660 171,
1626 4597 1718 4666 qui
1774 4599 1973 4653 omnia.
2005 4611 2125 4665 quae
2162 4599 2225 4651 ad

655 4668 953 4735 aquilarum
1006 4669 1218 4722 diversa
1252 4682 1448 4735 genera
1479 4676 1746 4736 spectant.
1794 4669 1981 4721 sedqu
2023 4682 2226 4737 expen-

654 4737 807 4807 dens,
854 4738 988 4807 illud
1034 4739 1195 4791 etiam
1223 4738 1464 4807 inquirit,
1518 4753 1644 4791 num
1682 4747 1829 4791 recte
1886 4738 2225 4803 Aristoteles,

654 4805 795 4877 ῌίδι.
851 4806 943 4861 lib.
997 4823 1113 4867 vni.
1167 4805 1396 4876 capfl’).
1449 4809 1644 4861 dixerit
1698 4807 1930 4876 aquilam
1992 4810 2226 4877 πάμπαν

652 4875 875 4936 ἄποτον,
918 4878 1130 4930 omnino
1182 4875 1333 4946 petits
1384 4888 1667 4945 expertem.
1718 4875 1880 4946 atque
1922 4879 2023 4933 hoc
2052 4875 2225 4946 ipsum

657 4947 1026 4999 testimonium
1077 4947 1267 5002 Pisidae
1298 4946 1461 5001 refert
1498 4962 1566 5000 ex
1606 4947 1793 5013 Suida,
1836 4964 1900 5002 ac
1940 4950 2015 5002 ita
2041 4950 2225 5014 vertit,

650 5014 888 5087 sitisque.
917 5018 1225 5087 frigorisque
1251 5020 1381 5070 vires
1407 5019 1661 5071 nesciunt.

729 5086 817 5158 80.
852 5086 927 5140 ex
940 5088 1127 5141 eodem
1142 5086 1294 5142 libro
1316 5088 1556 5142 nondum
1570 5098 1804 5158 reperto,
1823 5088 1890 5142 de
1905 5103 2011 5157 quo
2040 5102 2223 5158 supra.

654 5154 844 5225 Agitur
869 5158 955 5231 de
978 5158 1240 5221 Heraclio,
1274 5159 1365 5229 qui
1402 5159 1455 5211 in
1499 5154 1719 5231 intimas
1752 5154 1935 5231 partes
1966 5154 2227 5231 _l’ersidos

654 5242 753 5294 per
792 5229 1053 5280 montium
1099 5228 1379 5283 cacumina
1416 5228 1918 5297 penetravitIVide
1950 5228 2228 5282 Heraclia-

656 5298 748 5349 dos
773 5313 975 5352 acroas.
1009 5315 1048 5364 1,
1078 5316 1129 5352 v.
1161 5300 1261 5353 157
1288 5309 1342 5352 et
1368 5301 1489 5354 192.

730 5367 816 5422 82.
858 5367 935 5422 Ex
992 5368 1330 5422 Heracliados
1388 5384 1596 5424 acroas.
1647 5385 1685 5433 ι,
1740 5387 1791 5424 v.
1843 5369 1913 5432 6,
1956 5369 2024 5424 ad
2066 5385 2226 5439 quem

656 5436 836 5558 ξίξοιιιιι
895 5439 1270 5493 adnotavimus
1322 5440 1608 5510 legendum
1653 5454 1774 5495 esse
1817 5436 2100 5510 λήγοντος
2130 5456 2228 5511 pro

656 5521 686 5557 Λ
721 5524 927 5558 γοντος.

656 5521 927 5569 Λεγοντος.

721 5524 948 5631 ﬁmi}
996 5594 1138 5649 saepe
1183 5578 1585 5651 laudato_libro
1622 5578 1779 5633 nobis
1822 5579 2027 5651 ignoto.
2076 5580 2228 5635 Patet

658 5660 838 5720 autem
900 5650 1014 5702 hinc
1041 5648 1203 5702 verba
1244 5664 1363 5720 esse
1392 5648 1643 5720 duorum.
1682 5651 1766 5704 vel
1805 5648 2041 5720 plurium
2090 5653 2226 5705 iatn-

660 5719 851 5771 borum
884 5719 1107 5772 lacinias
1132 5721 1184 5772 iu
1217 5719 1429 5773 laudent
1456 5717 1709 5772 Heraclii.

733 5789 818 5841 8U.
846 5787 922 5841 Ε).
946 5792 1218 5858 poematio
1254 5791 1326 5843 De
1348 5788 1480 5841 bello
1507 5789 1750 5855 Abarico,
1781 5808 1833 5847 ν.
1859 5790 1945 5846 64.
1966 5792 2227 5861 Loquitur

2329 4599 2483 4650 sione
2510 4595 2653 4649 Porti
2678 4596 3013 4667 exlirimitut:
3028 4597 3108 4650 vis
3139 4597 3283 4649 vocis
3315 4595 3701 4667 ὲνθουσιὼσας.
3731 4598 3903 4667 Equi-

2328 4668 2447 4721 dem
2492 4668 2561 4719 ita
2604 4666 2881 4719 redderem
2923 4688 2933 4721 :
2968 4666 3034 4719 Et
3077 4668 3305 4736 nefarias
3341 4668 3630 4736 voluptate:
3670 4666 3903 4719 Barbari

2328 4738 2498 4789 calore
2523 4736 2834 4789 lemulentia:
2862 4737 3129 4801 incitatas,
3168 4737 3254 4791 vel
3296 4737 3647 4790 inﬂammatas
3682 4738 3906 4805 insuper

2328 4808 2691 4860 accendebant.

2399 4878 2486 4932 9'5.
2544 4879 2617 4930 Ex
2646 4884 2892 4946 poemate
2940 4877 2996 4928 in
3044 4875 3402 4930 Hexaemeron
3457 4875 3694 4940 v.1481,
3730 4893 3904 4947 quem

2287 4949 2487 5073 .mgg.
2521 5017 2596 5070 Ex
2632 5016 2768 5069 libro
2800 5015 3038 5070 nondum
3064 5016 3228 5070 edito.

2517 5088 2590 5140 Ex
2630 5090 2897 5156 poematia
2928 5088 2981 5139 in
3004 5088 3271 5151 Severum,
3304 5103 3356 5141 ν.
3377 5085 3499 5149 980,
3522 5102 3689 5156 quem
3719 5087 3902 5141 irridet

2373 5174 2433 5210 lSl
2476 5173 2525 5210 a.
3372 5170 3385 5177 λ

2373 5158 2525 5211 isida.
3372 5170 3385 5177 ‘

2397 5230 2485 5283 97.
2519 5227 2597 5280 Ex
2627 5227 2969 5281 Heracliados
3026 5242 3234 5281 aereas.
3262 5243 3370 5291 t,v.
3404 5226 3521 5281 169.

2398 5298 2486 5353 98.
2519 5298 2595 5351 Ex
2619 5308 2861 5368 poemate
2896 5299 2947 5351 in
2985 5300 3366 5360 Hexaemeron,
3396 5314 3445 5348 v.
3496 5298 3649 5353 1114.
3699 5298 3803 5352 Sed
3835 5313 3900 5351 eo

2333 5369 2431 5422 loci
2462 5378 2605 5421 recte
2642 5385 2734 5437 pro
2768 5369 3004 5438 ἑσπέραν
3050 5368 3245 5437 legitur
3295 5369 3580 5437 εὐφρόνην,
3635 5377 3799 5438 atque
3831 5380 3900 5422 tta

2329 5455 2460 5493 sane
2484 5439 2777 5509 legendum
2802 5438 3024 5509 esse‘vel
3056 5439 3169 5507 ipse
3208 5438 3397 5491 Suidas
3425 5448 3629 5491 monet.

2401 5507 2521 5582 100.
2557 5507 2634 5582 Ex
2665 5512 2853 5563 eodem
2883 5507 3131 5582 poemate
3158 5525 3209 5560 v.
3239 5509 3392 5573 H62,
3424 5508 3516 5561 ubi
3547 5510 3754 5582 primus
3781 5525 3904 5563 ver-

2329 5594 2423 5635 sus
2452 5580 2527 5633 ita
2555 5581 2783 5634 habetur
2812 5581 3093 5632 restitutus
3122 5595 3134 5629 :

2472 5651 2644 5715 Ποῖος
2672 5650 2741 5701 δὲ
2771 5648 3003 5716 Νηρεὺς
3025 5647 3146 5713 τοῖς
3180 5647 3406 5715 ἐχίνοις
3436 5648 3505 5702 ἐν
3534 5653 3773 5715 tradere.

2329 5720 2398 5774 At
2427 5720 2693 5775 Kusterus
2732 5734 2831 5789 pro
2872 5719 3113 5790 ὲνσάλοις
3144 5720 3329 5790 mallet
3376 5721 3562 5788 reponi
3606 5721 3708 5790 τῆς
3754 5719 3907 5789 ἁλός,

2329 5794 2474 5862 quod
2503 5807 2603 5847 nos
2629 5788 2846 5861 quidem
2874 5788 3098 5843 minime
3125 5788 3435 5858 probamus.
