4152 6290
369 333 505 401 ms

883 444 946 499 In
976 462 1024 501 υ.
1050 446 1118 501 El
1143 448 1440 502 εὑκτικόν.

505 574 518 587 .
557 575 570 588 .
618 575 630 588 .
675 576 688 589 .
728 573 741 588 .
788 576 801 589 .
844 576 860 591 .
906 576 919 591 .
966 577 979 591 .
1022 538 1684 613 ΕίγὰρᾶντὸΠερσίδος

500 626 767 682 Ἐσῦεστο
790 627 1010 700 Θράσος.

990 723 1059 779 In
1080 742 1129 779 υ.
1155 720 1295 779 Ἦν.

360 812 467 867 105
499 812 668 883 Κάγὼ
695 814 803 887 γὰρ
836 810 916 880 εἷς
941 813 1008 888 ἦν
1030 817 1138 870 τῶν
1167 816 1297 889 βοᾷν
1323 817 1695 888 ἡπειγμένων.

912 907 967 960 'n
992 926 1040 961 υ.
1058 909 1386 973 Ἡρακλεία.

502 997 717 1059 Πάντας
739 997 783 1049 δ’
809 998 1077 1067 ὕφέλκων,
1108 994 1195 1052 οἷα
1224 1001 1508 1070 Μαγνῆτις
1532 1000 1697 1067 λίθος,

504 1089 575 1140 Ἣ
604 1087 802 1158 μᾶλλον
823 1090 995 1141 εἰπεῖν
1031 1089 1356 1161 Ἡρακλείαν
1379 1090 1524 1147 λίθον
1549 1108 1563 1121 ·

493 1174 661 1232 Φύσιν
697 1178 805 1251 γάρ
832 1179 994 1242 αὐτὸς
1028 1180 1431 1250 ἑλκτικωτέραν
1458 1180 1591 1251 ἔχει.

935 1270 1002 1325 In
1032 1288 1081 1326 υ.
1121 1271 1357 1326 Κακῶν.

498 1361 611 1415 Καὶ
649 1361 849 1424 πάντες
875 1360 1061 1434 ὥσπερ
1087 1364 1145 1416 ἐν
1170 1362 1357 1419 κακῶν
1385 1362 1691 1434 πανηγύρει

362 1449 465 1508 110
503 1454 696 1518 ΙἌλλος
733 1456 854 1508 κατ’
880 1454 1048 1525 ἄλλην
1072 1456 1360 1527 συμφοράν
1384 1455 1702 1527 ὲὸυστύχει.ο

903 1548 966 1601 In
989 1564 1039 1602 υ.
1071 1546 1381 1617 Κατηχῶν.

499 1637 733 1707 Κρατῶν
759 1640 838 1693 ὲνὶ
862 1640 1086 1710 μάχαις,
1112 1641 1206 1693 καὶ
1229 1640 1485 1711 κατηχῶν
1508 1642 1566 1694 ὲν
1590 1640 1811 1711 μάχαις.

900 1730 963 1784 In
988 1748 1037 1785 v.
1070 1733 1385 1799 Κίόὃηλον.

502 1856 518 1873 .
561 1860 577 1874 .
619 1860 633 1873 .
678 1862 693 1875 .
738 1860 751 1873 .
796 1859 809 1873 .
846 1860 859 1873 .
905 1862 919 1875 .
964 1861 977 1876 .
1020 1822 1369 1892 Πραγμάτων
1396 1823 1613 1887 πάντως
1635 1823 1727 1877 δύο
1820 1848 1823 1849 ν

502 1910 767 1982 Κίσδηλός
790 1914 936 1967 ἐστιν
960 1914 1198 1986 ἐργάτης
1222 1908 1322 1979 εἷς,
1353 1914 1427 1978 ὡς
1453 1914 1630 1983 λογος.

874 2006 938 2060 In
957 2024 1006 2061 υ.
1031 2009 1398 2077 Λειτουργία.

509 2098 697 2162 Ὀπως
730 2098 899 2171 ὑφέξῃ
922 2098 1031 2152 τῶν
1056 2100 1230 2171 χρεῶν
1254 2102 1350 2153 καὶ
1376 2100 1488 2155 τῶν
1513 2100 1687 2154 τόκων

365 2188 467 2242 115
507 2188 759 2242 Ἃπασαν
782 2189 963 2254 ἁπλῶς
984 2190 1223 2262 ψυχικὴν
1249 2191 1613 2262 λειτουργίαν.

921 2282 985 2337 In
1026 2301 1075 2338 υ.
1112 2285 1368 2353 Λῃσταί.

515 2368 604 2421 Ἑν
631 2369 711 2439 τῷ
735 2371 1047 2444 παραδείσῳ
1074 2373 1172 2443 τῆς
1197 2374 1445 2445 ἀοιδίμου
1472 2374 1650 2446 μάχης

503 2460 722 2514 Γίνεσθε
751 2462 967 2535 λῃσταί.

875 2555 939 2609 1η
974 2573 1024 2610 υ.
1085 2556 1419 2611 Μαιεύεται.

504 2644 803 2699 Μαιεύεταί
832 2664 891 2701 σε
920 2649 1027 2701 πᾶν
1050 2648 1111 2701 τὸ
1149 2648 1438 2714 Ῥωμαίων
1458 2649 1634 2715 γένος.

504 2737 640 2801 Τοὺς
670 2741 796 2803 σοὺς
833 2742 1086 2803 ἐπαίνους
1112 2740 1386 2805 ὲκπιέζον,
1416 2741 1491 2805 ὡς
1520 2742 1680 2810 γάλα.

937 2831 1002 2885 1η
1030 2850 1078 2886 υ.
1105 2834 1363 2902 Μόχθος.

366 2919 469 2975 120
504 2921 615 2975 Οὐκ
641 2918 752 2995 εἶχε
783 2923 978 2995 μόχθον
1004 2925 1081 2987 είς
1106 2926 1197 2978 τὸν
1225 2926 1510 2995 Εὐφράτου
1535 2926 1724 2995 πόρον.

888 3014 950 3069 1η
984 3033 1031 3069 υ.
1066 3015 1409 3069 Νεοσπάὃα.
1600 3046 1617 3059 ιι

505 3102 721 3173 Ταύτην
744 3104 801 3157 δὲ
826 3104 923 3175 τὴν
948 3104 1206 3173 φάλαγγα
1229 3103 1325 3175 τὴν
1348 3102 1620 3156 νεοσπάδα

1487 329 1988 395 SENARIORUM
2019 328 2501 393 FRAGMENTA.

1959 452 2006 507 Α

3458 322 3592 388 1746

2035 580 2049 594 .
2095 580 2109 593 .
2152 580 2166 595 .
2213 580 2226 593 .
2270 580 2284 593 .
2330 578 2344 592 .
2384 578 2399 592 .
2442 578 2455 591 .
2502 579 2514 592 .
2555 536 2771 593 Utinam
2797 554 2923 594 vero
2956 536 3209 593 Persidos

2030 633 2269 690 Contusa
2307 640 2452 686 esset
2477 630 2697 687 ferocia.

2032 816 2242 874 Etenim
2270 829 2322 875 et
2345 834 2445 891 ego
2468 834 2609 873 unus
2637 833 2783 872 eram
2808 816 3239 872 vociferantium.

2030 1006 2230 1062 Omnes
2253 1008 2548 1097 attrahens.
2582 1016 2641 1060 ut
2674 1003 2890 1076 Magnes
2911 1004 3066 1075 lapis,

2032 1098 2126 1155 Vel
2148 1109 2204 1153 ut
2237 1100 2436 1155 rectius
2458 1100 2655 1165 dicam,
2691 1099 2868 1168 ipsum
2906 1097 3204 1169 Magnetem
3234 1111 3481 1167 quoque;

2032 1195 2146 1264 Ipse
2167 1194 2311 1248 enim
2345 1194 2573 1263 lapidem
2608 1194 2751 1247 hunc
2783 1192 2833 1247 vi
2861 1190 3165 1247 attrahendi
3193 1196 3431 1260 superat.

2031 1366 2099 1421 Et
2122 1380 2313 1421 omnes
2352 1374 2604 1434 tanquam
2636 1364 2690 1417 in
2726 1364 2990 1418 malorum
3015 1360 3265 1434 panegyri

2029 1458 2181 1512 Alius
2211 1471 2331 1511 cum
2357 1456 2460 1509 alia
2485 1454 2788 1509 calamitate
2808 1452 3240 1509 conﬂictabatur.

2036 1642 2273 1699 Vincens
2298 1642 2354 1696 in
2378 1641 2595 1712 praeliis,
2628 1650 2683 1696 et
2712 1640 2911 1695 milites
2940 1637 3160 1710 propria
3186 1652 3319 1691 voce
3348 1636 3404 1689 in
3451 1650 3593 1704 pra:-

3078 1728 3187 1802 [liis
3215 1729 3525 1784 adhortans.

1958 1821 2043 1882 B.
2090 1870 2103 1885 .
2148 1869 2161 1882 .
2208 1868 2220 1881 .
2266 1868 2280 1881 .
2327 1868 2339 1880 .
2384 1866 2399 1881 .
2445 1866 2459 1879 .
2500 1867 2513 1879 .
2565 1825 2764 1880 Rerum
2790 1822 3015 1878 omnino
3046 1823 3271 1876 duarum

2030 1920 2382 1976 Adulterinus
2409 1925 2493 1972 est
2517 1916 2855 1971 machinator
2893 1929 3055 1979 unus,
3079 1925 3137 1966 ut
3166 1928 3350 1966 rumor
3382 1918 3486 1965 est.

2032 2106 2102 2162 Ut
2128 2107 2395 2162 rationem
2421 2110 2628 2175 repetat
2656 2101 2725 2157 de
2746 2099 2942 2156 debitis
2961 2107 3019 2153 et
3040 2096 3230 2152 fenore

2032 2203 2103 2257 At
2128 2201 2276 2258 omni
2303 2216 2527 2271 prorsus
2562 2198 2756 2253 animae
2784 2195 3107 2253 ministerio.

2036 2388 2095 2442 In
2126 2386 2378 2457 paradiso
2406 2384 2635 2440 celebris
2660 2399 2851 2455 pugna:

2036 2478 2221 2534 Estote
2247 2478 2507 2532 latrones.

2034 2661 2430 2719 Obstetricatur
2451 2660 2545 2716 tibi
2570 2669 2741 2714 totum
2767 2672 2936 2730 genus
2960 2654 3353 2721 Romanorum,

2037 2754 2249 2810 Laudes
2277 2762 2416 2818 tuas,
2453 2760 2513 2807 ut
2540 2752 2619 2807 lac
2648 2749 2977 2821 exprimens.

2037 2943 2253 3012 Absque
2283 2940 2452 2994 multo
2478 2937 2661 2993 labore
2694 2936 3024 3006 Euphratem
3049 2932 3284 3003 trajecit.

2038 3102 2187 3156 lianc
2207 3111 2385 3155 autem
2416 3100 2735 3171 phalangem
2770 3113 2944 3168 nuper
2968 3096 3208 3151 avulsam

1866 3260 2094 3317 ΝΟΤᾸΞ.

438 3416 560 3486 103.
597 3413 673 3468 Ex
699 3414 836 3469 libro
864 3415 1125 3470 hactenus
1166 3417 1368 3486 ignoto.
1406 3417 1603 3470 Verum
1644 3430 1825 3471 sermo
1853 3425 1939 3469 est
1965 3419 2008 3477 (Ξ
2114 3414 2233 3486 112.
2266 3413 2339 3466 Ex
2367 3412 2557 3466 eodem
2579 3454 2593 3478 ,
2627 3421 2684 3466 ut
2712 3412 2944 3486 videtur,
2971 3411 3133 3486 _|ib_r_o
3160 3427 3175 3465 :
3206 3412 3454 3486 quamvis
3489 3429 3598 3467 non

367 3485 435 3541 de
464 3485 729 3540 ﬂerat-lio.

439 3555 561 3609 105.
591 3556 664 3609 Ex
691 3556 900 3615 eodem.
925 3567 982 3610 ut
1009 3556 1239 3613 videtur.
1274 3556 1423 3609 libro.
1459 3556 1566 3611 Nec
1586 3557 1939 3612 dubitandum

369 3626 441 3679 ita
476 3626 542 3678 de
579 3641 636 3678 se
676 3625 818 3695 loqui
867 3626 1123 3687 Pisidam,
1155 3626 1246 3695 qui
1287 3626 1516 3682 Heraclii
1542 3644 1724 3684 comes
1750 3629 1849 3683 fuit
1884 3628 1940 3681 in

369 3696 540 3766 prima
560 3697 907 3766 expeditione
930 3707 1116 3750 contra
1149 3696 1358 3751 Persas.

445 3765 560 3819 106.
594 3764 667 3817 Ex
688 3767 878 3838 eodem
903 3768 1059 3838 plane
1081 3767 1218 3838 libro
1251 3785 1265 3820 :
1294 3768 1470 3838 agitur
1491 3770 1635 3823 enim
1662 3769 1728 3822 de
1754 3769 1941 3822 huma-

370 3836 558 3898 nitate,
598 3851 701 3903 qua
749 3836 1023 3889 Heraclius
1073 3837 1301 3889 militum
1336 3836 1561 3891 animos
1617 3839 1717 3891 sibi
1751 3840 1940 3893 devin-

368 3905 566 3963 ciebat.
631 3906 774 3974 quod
847 3906 975 3960 alibi
1036 3906 1195 3959 etiam
1252 3906 1488 3961 declarat
1546 3906 1746 3962 Pisida.
1812 3908 1942 3961 Vide

369 3992 575 4029 acroas.
608 3992 666 4035 tt,
701 3976 801 4030 161
840 3975 913 4028 De
935 3976 1113 4043 exped.
1158 3985 1212 4028 et
1242 3991 1447 4031 acroas.
1482 3994 1539 4040 ιι,
1586 3995 1638 4031 v.
1672 3978 1793 4037 165,
1830 3976 1939 4029 He-

370 4045 595 4097 racliad.
630 4044 812 4117 Quare
838 4048 1146 4117 versionem
1179 4044 1323 4117 Porti
1358 4062 1466 4099 non
1490 4048 1668 4109 laudo,
1701 4048 1794 4117 qui
1818 4062 1940 4101 cum

372 4130 481 4168 non
516 4116 865 4170 intellexisset
888 4116 975 4170 hic
995 4116 1076 4183 agi
1102 4116 1169 4169 de
1198 4116 1464 4179 lleraclio,
1495 4118 1669 4171 lllillllS
1690 4116 1942 4172 accurate

371 4184 554 4259 verti_t_.
606 4184 794 4259 Omnes
834 4188 1055 4259 attrahit
1098 4185 1390 4259 nonaliter
1435 4204 1497 4241 ac
1529 4187 1738 4259 Magnes
1784 4189 1939 4255 lapis,

372 4266 464 4307 aut
496 4253 848 4310 Herculanus.
878 4257 925 4308 si
956 4272 1141 4309 vocare
1167 4257 1242 4310 sic
1263 4257 1387 4310 velis
1418 4274 1435 4311 :
1468 4253 1648 4325 nempe
1671 4253 1943 4312 attrahen-

372 4326 426 4377 di
472 4326 574 4378 vim
606 4326 941 4393 eﬂicaciorem
970 4327 1139 4397 hab_e_l.
1186 4326 1294 4397 Ego
1339 4343 1463 4381 vero
1495 4329 1569 4381 ita
1611 4329 1893 4384 redderem
1925 4346 1939 4382 :

376 4398 564 4449 Omnes
610 4398 900 4455 altrahens,
948 4406 1004 4448 ut
1051 4394 1269 4464 Magnes
1316 4398 1471 4465 lapis,
1525 4399 1605 4452 vel
1652 4408 1708 4452 ut
1760 4400 1943 4453 melius

374 4466 567 4537 dicam.
595 4475 650 4518 ut
698 4466 1000 4520 Ileraeleius
1045 4466 1197 4534 lapis.
1246 4483 1369 4520 nam
1401 4470 1529 4537 ipse,
1566 4469 1811 4523 videlicet
1838 4468 1944 4524 lle-

375 4536 597 4607 r_'aclius2
625 4538 923 4607 aur-aliendi
955 4537 1059 4589 vim
1087 4537 1238 4589 habet
1267 4536 1357 4590 illo
1391 4538 1564 4607 lapide
1587 4540 1942 4607 eﬂicaciorem.

378 4604 545 4658 Porro
576 4604 748 4659 Pisida
790 4607 943 4660 novit
977 4608 1121 4661 hunc
1172 4607 1404 4675 lapidem
1448 4604 1559 4663 non
1611 4604 1941 4673 Herculeum,

378 4690 552 4745 neque
577 4675 949 4739 Ilerculanum,
970 4677 1121 4745 quasi
1148 4679 1214 4730 ab
1237 4677 1481 4743 Hercule,
1505 4679 1598 4733 sed
1620 4679 1942 4743 Heracliam,

2041 3484 2173 3539 satis
2206 3493 2453 3553 apparet,
2491 3482 2763 3552 quomodo
2798 3483 2913 3537 hzec
2952 3482 3020 3536 de
3049 3482 3291 3535 Chosroa
3316 3483 3596 3553 dicantur.

2044 3554 2100 3607 In
2133 3551 2315 3608 Lectio
2346 3553 2416 3607 ita
2448 3551 2529 3607 est
2548 3552 2791 3608 redditus
2825 3553 2915 3607 hic
2936 3553 3179 3607 senarius
3214 3569 3227 3605 :
3264 3572 3282 3603 ‹
3313 3551 3601 3623 Utcunque

2041 3640 2129 3679 res
2154 3625 2313 3694 plane
2353 3624 2503 3685 duae,
2536 3624 2874 3678 adulterinus
2903 3639 3001 3678 ceu
3029 3623 3225 3677 artifex
3252 3638 3431 3694 sermo
3458 3639 3602 3679 unus

2041 3693 2208 3750 estji
2263 3695 2464 3749 Sensus
2503 3704 2623 3759 est,
2656 3703 2717 3749 ut
2756 3694 3002 3760 videtur,
3061 3714 3080 3745 ι
3112 3694 3167 3748 in
3200 3693 3367 3748 rebus
3392 3695 3601 3749 duabus

2042 3766 2268 3819 omnino
2296 3764 2527 3819 diversis
2553 3806 2568 3831 ,
2602 3765 2939 3820 adulterinus
2965 3773 3086 3830 est,
3121 3772 3181 3818 ut
3221 3764 3413 3830 fertur,
3457 3779 3600 3820 unus

2043 3844 2254 3889 tantum
2285 3836 2497 3889 artifex.
2541 3854 2558 3885 ι
3454 3900 3457 3903 _

2113 3904 2232 3976 114.
2258 3904 2400 3976 ξὶῃθ
2428 3904 2880 3976 interpretatione
2904 3905 3158 3976 leguntur
3190 3904 3245 3960 hi
3290 3904 3492 3976 senarii
3542 3905 3597 3961 in

2044 3972 2233 4027 Suida.
2256 3972 2595 4028 EtKusterus
2622 3974 2837 4042 quidem
2870 3972 2984 4029 haec
3010 3976 3311 4029 adnotavit:
3346 3994 3365 4027 ι
3396 3974 3597 4030 Locum

2043 4044 2191 4098 hunc
2227 4045 2628 4114 ἀνερμήνευτον
2671 4044 2897 4113 reliqui,
2949 4045 3203 4112 quoniam
3246 4060 3437 4099 sensus
3480 4046 3599 4114 ejus

2043 4062 2191 4098 nunc
2227 4062 2318 4096 ανε
2365 4062 2628 4113 μηνευτον
2671 4062 2897 4113 reuqui,
2949 4062 3203 4112 quoniam
3246 4062 3437 4099 sensus
3480 4062 3598 4114 ejus

2042 4129 2264 4184 prorsus
2289 4062 2555 4169 ogscurus
2585 4122 2689 4185 est,
2736 4130 2834 4168 nec
2861 4129 2925 4167 ex
2965 4124 3073 4168 tam
3118 4114 3264 4185 brevi
3296 4114 3598 4185 fragmento

2042 4183 2280 4239 auctoris
2311 4194 2544 4239 mentem
2574 4183 2817 4254 divinare
2853 4186 3145 4254 potuimus.
3181 4183 3470 4239 Sciendum
3497 4200 3598 4239 au-

2045 4263 2153 4308 tem
2207 4264 2290 4309 est
2346 4255 2602 4324 pleraque
2668 4252 2964 4322 fragmenta
3011 4254 3238 4318 Pisidas,
3286 4270 3406 4323 quae
3453 4255 3597 4324 apud

2044 4325 2267 4379 Suidam
2315 4325 2589 4395 leguntur,
2636 4333 2857 4393 propter
2889 4325 3205 4395 brevitatem
3234 4340 3369 4395 esse
3413 4324 3598 4379 admo-

2042 4396 2173 4449 dum
2220 4394 2471 4457 obscura,
2516 4396 2713 4464 quibus
2755 4396 2843 4448 lux
2874 4394 3052 4448 aﬂ‘erri
3084 4394 3301 4464 nequit;
3340 4395 3595 4463 quoniam

2044 4481 2183 4535 Opus
2215 4466 2359 4519 illius
2389 4463 2699 4535 scriptoris.
2732 4481 2809 4535 ex,
2835 4481 2943 4533 quo
2971 4480 3033 4518 ea
3062 4463 3256 4519 Suidas
3284 4464 3594 4533 descripsit,

2044 4537 2209 4590 hodie
2250 4534 2597 4590 intercidit.»
2656 4536 2724 4589 At
2774 4534 3035 4589 Kusterus
3082 4551 3187 4588 non
3252 4536 3383 4589 vidit
3433 4535 3596 4589 hosce

2044 4607 2254 4660 iambos
2297 4606 2691 4675 aliquantulum
2736 4604 3093 4673 interpolatos
3143 4621 3251 4659 non
3300 4605 3519 4659 diﬂerre
3564 4622 3597 4659 ιι

2045 4674 2437 4745 superioribus,
2480 4676 2572 4744 qui
2622 4675 2873 4742 leguntur
2916 4676 2973 4728 in
3012 4692 3132 4728 voce
3173 4676 3451 4745 ὲπείκτης.
3490 4674 3597 4730 Ha-

376 4745 462 4799 vel
497 4744 857 4826 Heracleium,
882 4744 1025 4815 quod
1057 4747 1124 4800 ab
1159 4746 1579 4826 urbe_Hera_clea
1607 4763 1816 4826 nomen
1848 4766 1941 4826 ac-
1974 4771 2017 4826 D
2045 4744 2243 4826 bentur
2288 4757 2467 4802 autem
2500 4747 2692 4826 inteng
2712 4786 2731 4826 _.
2751 4754 2838 4826 et
2864 4761 2974 4826 suo_
3001 4745 3204 4826 nulline
3247 4744 3492 4815 dispOsiti
3538 4747 3593 4801 in

376 4816 603 4883 ceperit,
670 4816 955 4871 dicendum
1006 4833 1147 4882 esse,
1208 4817 1351 4872 unde
1400 4820 1561 4873 etiam
1592 4826 1593 4829 “
1629 4819 1943 4873 Herocleolis
1976 4816 2013 4826 ’⁷
2046 4816 2394 4879 Ilexaemero,
2432 4834 2482 4868 v.
2518 4817 2675 4879 1481,
2707 4816 2841 4869 1482
2869 4824 2924 4869 et
2953 4816 3110 4871 M87.

377 4884 668 4957 aliquando
704 4896 944 4957 vocatur.
995 4886 1135 4952 Quin
1189 4897 1244 4943 et
1279 4904 1399 4957 quae
1450 4888 1593 4944 inter
1638 4888 1943 4943 Heracliam

379 4954 626 5025 lapidem,
672 4964 727 5008 et
756 4955 1050 5025 Magnetem
1079 4958 1219 5010 inest
1244 4954 1572 5025 dill'erentia,
1604 4960 1815 5014 videtur
1855 4960 1942 5013 Pi-

378 5024 493 5097 sida
521 5024 803 5097 indicasse,
829 5024 955 5097 eum
982 5027 1137 5088 dixit,
1163 5027 1195 5097 ἢ
1222 5027 1419 5087 μᾶλλον
1448 5033 1638 5097 είπεῖν,
1672 5040 1727 5083 ul
1758 5030 1941 5084 melius

380 5094 572 5154 dicam,
607 5095 835 5149 multum
875 5096 1018 5150 enim
1043 5094 1300 5151 dill‘erunt
1331 5098 1445 5153 lucc
1475 5094 1716 5163 inter’se,
1748 5109 1807 5153 ut
1843 5102 1941 5154 ad-

382 5166 583 5236 notavit
615 5166 802 5225 Soida,
844 5165 1161 5236 Hesychius,
1197 5177 1253 5221 et
1290 5167 1560 5223 Helladius
1597 5170 1651 5223 in
1692 5170 1941 5229 Chresto-

382 5235 606 5306 malitia.
635 5251 697 5290 ac
734 5235 986 5291 disertius
1030 5238 1336 5306 explanavit
1364 5240 1676 5303 Salmasius,
1718 5241 1948 5298 Exercil.

383 5302 525 5377 Plin.
563 5306 664 5377 T75
689 5317 751 5377 et
776 5307 896 5360 7'76.
930 5302 1190 5376 Apposite
1232 5318 1436 5373 autem,
1470 5319 1532 5363 ut
1560 5302 1727 5377 patet,
1773 5310 1951 5367 Pisida

395 5374 719 5447 Ἡρακλείαν
744 5376 889 5429 λίθον
922 5374 1242 5437 notitinavit.
1266 5377 1359 5447 qui
1391 5381 1537 5434 vocis
1561 5374 1948 5446 'similituuline,

384 5452 440 5523 et
466 5446 791 5523 proprietate
834 5459 1045 5501 servata
1074 5446 1357 5504 commode
1399 5449 1514 5505 haec
1541 5450 1607 5505 ad
1646 5450 1950 5506 Heracliam

386 5516 516 5581 imp.
548 5516 833 5571 referebat.

462 5584 578 5658 109.
606 5587 893 5658 Ex_eodem
928 5587 1100 5642 libro:
1133 5598 1292 5658 atque
1321 5588 1436 5645 haec
1467 5605 1535 5646 oe
1566 5591 1745 5646 Persis
1789 5593 1943 5647 caesis

387 5652 483 5717 ου’
484 5657 675 5727 agatis
690 5656 1025 5727 intelligenda
1060 5652 1243 5714 sunt..-

462 5726 578 5778 111.
639 5724 713 5780 Ex
766 5724 953 5782 eodem
1016 5730 1152 5783 libro
1208 5730 1441 5799 plurium
1503 5730 1805 5785 iamborum
1859 5748 1941 5786 sc-

387 5810 542 5863 gmen
551 5806 598 5849 ta
608 5836 619 5849 .

2112 4887 2231 4940 116.
2268 4886 2339 4941 Ex
2368 4887 2506 4940 libro
2529 4886 2686 4941 nobis
2713 4886 2915 4955 ignoto.
2952 4886 3026 4939 Ita
3057 4885 3283 4940 fortasse
3313 4886 3596 4943 Heraclius

2040 4957 2358 5011 hortabatur
2395 4972 2523 5011 suos
2556 4958 2773 5018 milites,
2802 4972 2926 5010 cum
2955 4957 3009 5010 in
3041 4971 3106 5011 eo
3135 4966 3338 5023 essent,
3375 4966 3433 5012 ut
3461 4974 3595 5013 con-

2041 5038 2120 5082 tra
2158 5028 2451 5082 Chosroam
2489 5027 2826 5082 dimicarent.

2112 5099 2233 5152 118.
2282 5098 2361 5152 Ex
2408 5098 2596 5152 eodem
2634 5098 2774 5166 libro
2808 5113 2821 5149 ε
2854 5112 2955 5151 nec
2987 5096 3211 5151 dubium
3240 5112 3364 5151 esse
3392 5106 3589 5166 potest,

2037 5169 2169 5237 quin
2202 5168 2288 5222 hic
2321 5183 2499 5222 sermo
2524 5167 2594 5221 sit
2622 5168 2691 5220 de
2717 5165 2962 5237 Heraclio
2988 5168 3273 5222 Persarum
3303 5165 3589 5237 domitore.

2119 5240 2239 5293 120.
2269 5239 2345 5291 Ex
2376 5238 2565 5292 eodem
2604 5237 2760 5303 libro.
2796 5236 2950 5303 Quod
2984 5237 3161 5293 Pisida
3188 5238 3365 5291 innuit
3392 5237 3459 5290 de
3489 5235 3593 5291 He-

2046 5309 2243 5371 raclio,
2276 5309 2350 5362 ita
2379 5317 2564 5361 narrat
2606 5299 2999 5375 Theophanes,
3032 5324 3149 5377 pag.
3178 5309 3272 5360 ‘26]
3309 5322 3323 5358 :
3359 5307 3467 5359 Καὶ
3493 5308 3593 5370 τὰς

2046 5378 2181 5449 πρὸς
2219 5379 2504 5461 ᾊνατοξιὴχ
2528 5378 2687 5461 auso;
2702 5377 2988 5461 ἐκδραμὼν
3008 5378 3270 5461 διεξόδους
3298 5377 3593 5461 ἀνειπράσ-

2046 5446 2195 5511 ωότος
2239 5448 2325 5519 ᾔει
2357 5449 2431 5517 τῷ
2462 5446 2734 5517 Βαρὸάρῳ
2757 5488 2771 5510 ,
2800 5446 2898 5501 ’καὶ
2941 5449 3182 5519 περάσας
3212 5448 3302 5500 τὸν
3343 5446 3593 5529 Νυμφίον

2045 5519 2290 5588 ποταμὸν
2310 5559 2324 5581 ,
2356 5518 2651 5588 κατέλαϐεν
2684 5518 2772 5571 τὸν
2802 5520 3111 5588 Εὐφράτην.
3154 5535 3172 5568 ‹
3207 5516 3325 5588 Ipse
3357 5533 3455 5586 per
3477 5532 3592 5570 ext-

2046 5598 2154 5651 tus,
2200 5590 2394 5657 quibus
2437 5589 2491 5641 in
2521 5587 2797 5658 Orientem
2827 5587 2953 5649 itur,
2987 5587 3238 5658 egressus
3278 5588 3592 5658 barbaroiin

2048 5656 2331 5730 adversum
2364 5659 2475 5713 ibat
2496 5699 2511 5722 ,
2532 5667 2598 5730 et
2642 5656 2909 5730 Nympbio
2932 5656 3093 5713 amne
3121 5669 3373 5730 superato
3396 5658 3462 5712 ad
3490 5657 3595 5712 Eu.

2036 5728 2309 5799 ’phratemi
2324 5729 2587 5799 pervenit.
2632 5746 2655 5799 ρ

2121 5798 2240 5853 121.
2275 5798 2351 5854 Ex
2375 5800 2563 5854 eodem
2589 5798 2743 5854 libro.
