  <div class='ocr_page' id='page_1' title='image "/cluster/home/n/w/nwhite01/storage/ocr_20150623/92/hvd.32044073502080/209.png"; bbox 0 0 3910 6336; ppageno 0'>
   <div class='ocr_carea' id='block_1_1' title="bbox 438 313 546 410">
    <p class='ocr_par' dir='ltr' id='par_1_1' title="bbox 438 313 546 410">
     <span class='ocr_line' id='line_1_1' title="bbox 438 313 546 410; baseline 0.019 -2"><span class='ocrx_word' id='word_1_1' title='bbox 438 313 546 410; x_wconf 76' lang='lat'><strong>295</strong></span> 
     </span>
    </p>
   </div>
   <div class='ocr_carea' id='block_1_2' title="bbox 1623 342 2516 406">
    <p class='ocr_par' dir='ltr' id='par_1_2' title="bbox 1623 342 2516 406">
     <span class='ocr_line' id='line_1_2' title="bbox 1623 342 2516 406; baseline -0.001 -2"><span class='ocrx_word' id='word_1_2' title='bbox 1623 343 2058 406; x_wconf 79' lang='lat' dir='ltr'><strong>CHRONICON</strong></span> <span class='ocrx_word' id='word_1_3' title='bbox 2111 342 2516 404; x_wconf 83' lang='lat' dir='ltr'><strong>PASCHALE.</strong></span> 
     </span>
    </p>
   </div>
   <div class='ocr_carea' id='block_1_3' title="bbox 3587 345 3690 406">
    <p class='ocr_par' dir='ltr' id='par_1_3' title="bbox 3587 345 3690 406">
     <span class='ocr_line' id='line_1_3' title="bbox 3587 345 3690 406; baseline 0 0"><span class='ocrx_word' id='word_1_4' title='bbox 3587 345 3690 406; x_wconf 76' lang='lat'><strong>296</strong></span> 
     </span>
    </p>
   </div>
   <div class='ocr_carea' id='block_1_4' title="bbox 441 447 2016 526">
    <p class='ocr_par' dir='ltr' id='par_1_4' title="bbox 441 451 2016 526">
     <span class='ocr_line' id='line_1_4' title="bbox 441 451 2016 526; baseline -0.003 -16"><span class='ocrx_word' id='word_1_5' title='bbox 441 455 649 526; x_wconf 78' lang='lat' dir='ltr'><strong>spatia,</strong></span> <span class='ocrx_word' id='word_1_6' title='bbox 696 467 914 512; x_wconf 81' lang='lat' dir='ltr'><strong>cursum</strong></span> <span class='ocrx_word' id='word_1_7' title='bbox 956 459 1012 505; x_wconf 92' lang='lat' dir='ltr'><strong>et</strong></span> <span class='ocrx_word' id='word_1_8' title='bbox 1053 459 1261 504; x_wconf 89' lang='lat' dir='ltr'><strong>motum</strong></span> <span class='ocrx_word' id='word_1_9' title='bbox 1306 458 1516 520; x_wconf 77' lang='lat' dir='ltr'><strong>septem</strong></span> <span class='ocrx_word' id='word_1_10' title='bbox 1563 451 1900 520; x_wconf 78' lang='lat' dir='ltr'><strong>planetarum</strong></span> <span class='ocrx_word' id='word_1_11' title='bbox 1957 465 2016 506; x_wconf 89' lang='lat' dir='ltr'><strong>ac</strong></span> 
     </span>
    </p>
   </div>
   <div class='ocr_carea' id='block_1_5' title="bbox 2118 447 3691 526">
    <p class='ocr_par' dir='ltr' id='par_1_5' title="bbox 2122 447 3691 524">
     <span class='ocr_line' id='line_1_5' title="bbox 2122 447 3691 524; baseline 0.003 -22"><span class='ocrx_word' id='word_1_12' title='bbox 2122 447 2396 502; x_wconf 80' lang='grc' dir='ltr'><strong>Θάλασσαν</strong></span> <span class='ocrx_word' id='word_1_13' title='bbox 2429 449 2537 502; x_wconf 86' lang='grc' dir='ltr'>ἀπὸ</span> <span class='ocrx_word' id='word_1_14' title='bbox 2573 451 2673 520; x_wconf 77' lang='grc' dir='ltr'>τῆς</span> <span class='ocrx_word' id='word_1_15' title='bbox 2698 447 2803 519; x_wconf 82' lang='grc' dir='ltr'>γῆς</span> <span class='ocrx_word' id='word_1_16' title='bbox 2834 451 3232 524; x_wconf 79' lang='grc' dir='ltr'>μεσαζομένην,</span> <span class='ocrx_word' id='word_1_17' title='bbox 3261 454 3352 508; x_wconf 84' lang='grc' dir='ltr'><strong>τδν</strong></span> <span class='ocrx_word' id='word_1_18' title='bbox 3379 454 3437 510; x_wconf 81' lang='grc' dir='ltr'><strong>δέ</strong></span> <span class='ocrx_word' id='word_1_19' title='bbox 3465 455 3558 511; x_wconf 80' lang='grc' dir='ltr'>ἐπὶ</span> <span class='ocrx_word' id='word_1_20' title='bbox 3595 458 3691 518; x_wconf 72' lang='grc' dir='ltr'>τὰς</span> 
     </span>
    </p>
   </div>
   <div class='ocr_carea' id='block_1_6' title="bbox 443 541 2018 616">
    <p class='ocr_par' dir='ltr' id='par_1_6' title="bbox 443 541 2018 616">
     <span class='ocr_line' id='line_1_6' title="bbox 443 541 2018 616; baseline -0.003 -15"><span class='ocrx_word' id='word_1_21' title='bbox 443 563 582 602; x_wconf 63' lang='lat' dir='ltr'><strong>ursae</strong></span> <span class='ocrx_word' id='word_1_22' title='bbox 614 546 860 616; x_wconf 81' lang='lat' dir='ltr'><strong>majoris.</strong></span> <span class='ocrx_word' id='word_1_23' title='bbox 901 543 1209 610; x_wconf 77' lang='lat' dir='ltr'><strong>Quinetiam</strong></span> <span class='ocrx_word' id='word_1_24' title='bbox 1259 541 1401 596; x_wconf 90' lang='lat' dir='ltr'><strong>idem</strong></span> <span class='ocrx_word' id='word_1_25' title='bbox 1435 541 1700 598; x_wconf 83' lang='lat' dir='ltr'><strong>Romulus</strong></span> <span class='ocrx_word' id='word_1_26' title='bbox 1745 543 1798 598; x_wconf 91' lang='lat' dir='ltr'><strong>in</strong></span> <span class='ocrx_word' id='word_1_27' title='bbox 1847 543 2018 613; x_wconf 90' lang='lat' dir='ltr'><strong>ipslus</strong></span> 
     </span>
    </p>
   </div>
   <div class='ocr_carea' id='block_1_7' title="bbox 439 633 2018 705">
    <p class='ocr_par' dir='ltr' id='par_1_7' title="bbox 439 633 2018 705">
     <span class='ocr_line' id='line_1_7' title="bbox 439 633 2018 705; baseline -0.003 -14"><span class='ocrx_word' id='word_1_28' title='bbox 439 638 583 692; x_wconf 81' lang='lat' dir='ltr'><strong>Solis</strong></span> <span class='ocrx_word' id='word_1_29' title='bbox 608 637 896 700; x_wconf 83' lang='lat' dir='ltr'><strong>honorem,</strong></span> <span class='ocrx_word' id='word_1_30' title='bbox 919 643 976 689; x_wconf 92' lang='lat' dir='ltr'><strong>et</strong></span> <span class='ocrx_word' id='word_1_31' title='bbox 1005 642 1240 702; x_wconf 91' lang='lat' dir='ltr'><strong>quatuor</strong></span> <span class='ocrx_word' id='word_1_32' title='bbox 1259 633 1653 688; x_wconf 78' lang='lat' dir='ltr'><strong>elementorum</strong></span> <span class='ocrx_word' id='word_1_33' title='bbox 1683 652 1713 688; x_wconf 91' lang='lat' dir='ltr'><strong>a</strong></span> <span class='ocrx_word' id='word_1_34' title='bbox 1744 649 1804 690; x_wconf 94' lang='lat' dir='ltr'><strong>se</strong></span> <span class='ocrx_word' id='word_1_35' title='bbox 1831 649 2018 705; x_wconf 91' lang='lat' dir='ltr'><strong>reper-</strong></span> 
     </span>
    </p>
   </div>
   <div class='ocr_carea' id='block_1_8' title="bbox 442 717 2016 796">
    <p class='ocr_par' dir='ltr' id='par_1_8' title="bbox 442 717 2016 796">
     <span class='ocr_line' id='line_1_8' title="bbox 442 717 2016 796; baseline 0 -16"><span class='ocrx_word' id='word_1_36' title='bbox 442 737 554 781; x_wconf 90' lang='lat' dir='ltr'><strong>tum</strong></span> <span class='ocrx_word' id='word_1_37' title='bbox 604 737 880 782; x_wconf 76' lang='lat' dir='ltr'><strong>certamen</strong></span> <span class='ocrx_word' id='word_1_38' title='bbox 915 717 1138 796; x_wconf 73' lang='lat' dir='ltr'><strong>primus</strong></span> <span class='ocrx_word' id='word_1_39' title='bbox 1172 723 1359 780; x_wconf 64' lang='lat' dir='ltr'><strong>Romae</strong></span> <span class='ocrx_word' id='word_1_40' title='bbox 1407 727 1702 781; x_wconf 85' lang='lat' dir='ltr'><strong>celebravit</strong></span> <span class='ocrx_word' id='word_1_41' title='bbox 1746 727 1804 780; x_wconf 95' lang='lat' dir='ltr'><strong>in</strong></span> <span class='ocrx_word' id='word_1_42' title='bbox 1827 727 2016 782; x_wconf 89' lang='lat' dir='ltr'><strong>eadem</strong></span> 
     </span>
    </p>
   </div>
   <div class='ocr_carea' id='block_1_9' title="bbox 441 816 2015 890">
    <p class='ocr_par' dir='ltr' id='par_1_9' title="bbox 441 816 2015 890">
     <span class='ocr_line' id='line_1_9' title="bbox 441 816 2015 890; baseline -0.001 -18"><span class='ocrx_word' id='word_1_43' title='bbox 441 818 755 874; x_wconf 86' lang='lat' dir='ltr'><strong>Occidentis</strong></span> <span class='ocrx_word' id='word_1_44' title='bbox 785 819 900 872; x_wconf 87' lang='lat' dir='ltr'><strong>sive</strong></span> <span class='ocrx_word' id='word_1_45' title='bbox 949 817 1118 871; x_wconf 71' lang='lat' dir='ltr'><strong>Italiae</strong></span> <span class='ocrx_word' id='word_1_46' title='bbox 1174 816 1394 886; x_wconf 79' lang='lat' dir='ltr'><strong>regione</strong></span> <span class='ocrx_word' id='word_1_47' title='bbox 1419 856 1435 882; x_wconf 93' lang='lat'><strong>,</strong></span> <span class='ocrx_word' id='word_1_48' title='bbox 1481 817 1804 890; x_wconf 86' lang='lat' dir='ltr'><strong>quadrijugo</strong></span> <span class='ocrx_word' id='word_1_49' title='bbox 1828 833 2015 884; x_wconf 92' lang='lat' dir='ltr'><strong>curru,</strong></span> 
     </span>
    </p>
   </div>
   <div class='ocr_carea' id='block_1_10' title="bbox 370 909 2018 982">
    <p class='ocr_par' dir='ltr' id='par_1_10' title="bbox 370 909 2018 982">
     <span class='ocr_line' id='line_1_10' title="bbox 370 909 2018 982; baseline 0.002 -20"><span class='ocrx_word' id='word_1_50' title='bbox 370 951 378 962; x_wconf 86' lang='lat'><strong>.</strong></span> <span class='ocrx_word' id='word_1_51' title='bbox 440 927 549 978; x_wconf 90' lang='lat' dir='ltr'><strong>quo</strong></span> <span class='ocrx_word' id='word_1_52' title='bbox 579 919 802 972; x_wconf 90' lang='lat' dir='ltr'><strong>terram,</strong></span> <span class='ocrx_word' id='word_1_53' title='bbox 834 924 983 964; x_wconf 90' lang='lat' dir='ltr'><strong>mare</strong></span> <span class='ocrx_word' id='word_1_54' title='bbox 1011 949 1026 972; x_wconf 94' lang='lat'><strong>,</strong></span> <span class='ocrx_word' id='word_1_55' title='bbox 1063 909 1243 979; x_wconf 82' lang='lat' dir='ltr'><strong>ignem</strong></span> <span class='ocrx_word' id='word_1_56' title='bbox 1275 918 1332 964; x_wconf 88' lang='lat' dir='ltr'><strong>et</strong></span> <span class='ocrx_word' id='word_1_57' title='bbox 1359 925 1541 964; x_wconf 89' lang='lat' dir='ltr'><strong>aerem</strong></span> <span class='ocrx_word' id='word_1_58' title='bbox 1569 911 1896 982; x_wconf 78' lang='lat' dir='ltr'><strong>designaret.</strong></span> <span class='ocrx_word' id='word_1_59' title='bbox 1922 909 2018 965; x_wconf 84' lang='lat' dir='ltr'><strong>His</strong></span> 
     </span>
    </p>
   </div>
   <div class='ocr_carea' id='block_1_11' title="bbox 397 988 2016 1073">
    <p class='ocr_par' dir='ltr' id='par_1_11' title="bbox 397 988 2016 1073">
     <span class='ocr_line' id='line_1_11' title="bbox 397 988 2016 1073; baseline 0 -17"><span class='ocrx_word' id='word_1_60' title='bbox 397 1024 399 1026; x_wconf 93' lang='grc'>·</span> <span class='ocrx_word' id='word_1_61' title='bbox 440 1018 602 1071; x_wconf 91' lang='lat' dir='ltr'><strong>porro</strong></span> <span class='ocrx_word' id='word_1_62' title='bbox 635 1013 870 1073; x_wconf 86' lang='lat' dir='ltr'><strong>quatuor</strong></span> <span class='ocrx_word' id='word_1_63' title='bbox 901 988 1186 1058; x_wconf 62' lang='lat' dir='ltr'><strong>elementis</strong></span> <span class='ocrx_word' id='word_1_64' title='bbox 1231 1017 1328 1056; x_wconf 90' lang='lat' dir='ltr'><strong>sua</strong></span> <span class='ocrx_word' id='word_1_65' title='bbox 1369 1002 1591 1057; x_wconf 91' lang='lat' dir='ltr'><strong>nomina</strong></span> <span class='ocrx_word' id='word_1_66' title='bbox 1617 1003 1881 1058; x_wconf 81' lang='lat' dir='ltr'><strong>Romulus</strong></span> <span class='ocrx_word' id='word_1_67' title='bbox 1911 1003 2016 1056; x_wconf 90' lang='lat' dir='ltr'><strong>im-</strong></span> 
     </span>
    </p>
   </div>
   <div class='ocr_carea' id='block_1_12' title="bbox 439 1090 2012 1161">
    <p class='ocr_par' dir='ltr' id='par_1_12' title="bbox 439 1090 2012 1161">
     <span class='ocr_line' id='line_1_12' title="bbox 439 1090 2012 1161; baseline 0.003 -18"><span class='ocrx_word' id='word_1_68' title='bbox 439 1093 640 1161; x_wconf 83' lang='lat' dir='ltr'><strong>posuit,</strong></span> <span class='ocrx_word' id='word_1_69' title='bbox 677 1101 858 1155; x_wconf 65' lang='lat' dir='ltr'><strong>terrae,</strong></span> <span class='ocrx_word' id='word_1_70' title='bbox 891 1091 1135 1155; x_wconf 86' lang='lat' dir='ltr'><strong>Prasina,</strong></span> <span class='ocrx_word' id='word_1_71' title='bbox 1170 1090 1224 1146; x_wconf 89' lang='lat' dir='ltr'><strong>id</strong></span> <span class='ocrx_word' id='word_1_72' title='bbox 1252 1100 1335 1146; x_wconf 88' lang='lat' dir='ltr'><strong>est</strong></span> <span class='ocrx_word' id='word_1_73' title='bbox 1369 1092 1658 1155; x_wconf 87' lang='lat' dir='ltr'><strong>herbacea,</strong></span> <span class='ocrx_word' id='word_1_74' title='bbox 1702 1093 1786 1148; x_wconf 90' lang='lat' dir='ltr'><strong>vel</strong></span> <span class='ocrx_word' id='word_1_75' title='bbox 1819 1092 2012 1148; x_wconf 86' lang='lat' dir='ltr'><strong>viridi:</strong></span> 
     </span>
    </p>
   </div>
   <div class='ocr_carea' id='block_1_13' title="bbox 439 1181 2017 1254">
    <p class='ocr_par' dir='ltr' id='par_1_13' title="bbox 439 1181 2017 1254">
     <span class='ocr_line' id='line_1_13' title="bbox 439 1181 2017 1254; baseline 0.002 -18"><span class='ocrx_word' id='word_1_76' title='bbox 439 1183 574 1237; x_wconf 87' lang='lat' dir='ltr'><strong>mari</strong></span> <span class='ocrx_word' id='word_1_77' title='bbox 606 1199 702 1238; x_wconf 86' lang='lat' dir='ltr'><strong>seu</strong></span> <span class='ocrx_word' id='word_1_78' title='bbox 728 1183 918 1253; x_wconf 83' lang='lat' dir='ltr'><strong>aquis,</strong></span> <span class='ocrx_word' id='word_1_79' title='bbox 969 1181 1177 1237; x_wconf 74' lang='lat' dir='ltr'><strong>Veneta</strong></span> <span class='ocrx_word' id='word_1_80' title='bbox 1219 1197 1314 1238; x_wconf 89' lang='lat' dir='ltr'><strong>seu</strong></span> <span class='ocrx_word' id='word_1_81' title='bbox 1347 1185 1609 1239; x_wconf 87' lang='lat' dir='ltr'><strong>caerulea:</strong></span> <span class='ocrx_word' id='word_1_82' title='bbox 1644 1184 1755 1239; x_wconf 91' lang='lat' dir='ltr'><strong>aeri</strong></span> <span class='ocrx_word' id='word_1_83' title='bbox 1781 1185 2017 1254; x_wconf 91' lang='lat' dir='ltr'><strong>denique</strong></span> 
     </span>
    </p>
   </div>
   <div class='ocr_carea' id='block_1_14' title="bbox 436 1264 2015 1344">
    <p class='ocr_par' dir='ltr' id='par_1_14' title="bbox 436 1264 2015 1344">
     <span class='ocr_line' id='line_1_14' title="bbox 436 1264 2015 1344; baseline -0.001 -15"><span class='ocrx_word' id='word_1_84' title='bbox 436 1275 572 1330; x_wconf 83' lang='lat' dir='ltr'><strong>Alba</strong></span> <span class='ocrx_word' id='word_1_85' title='bbox 611 1274 846 1329; x_wconf 87' lang='lat' dir='ltr'><strong>factione</strong></span> <span class='ocrx_word' id='word_1_86' title='bbox 890 1273 1181 1344; x_wconf 77' lang='lat' dir='ltr'><strong>assignate.</strong></span> <span class='ocrx_word' id='word_1_87' title='bbox 1211 1273 1490 1328; x_wconf 90' lang='lat' dir='ltr'><strong>Prasinam</strong></span> <span class='ocrx_word' id='word_1_88' title='bbox 1515 1284 1694 1328; x_wconf 86' lang='lat' dir='ltr'><strong>autem</strong></span> <span class='ocrx_word' id='word_1_89' title='bbox 1725 1264 2015 1330; x_wconf 86' lang='lat' dir='ltr'><strong>factionem</strong></span> 
     </span>
    </p>
   </div>
   <div class='ocr_carea' id='block_1_15' title="bbox 436 1365 2016 1436">
    <p class='ocr_par' dir='ltr' id='par_1_15' title="bbox 436 1365 2016 1436">
     <span class='ocr_line' id='line_1_15' title="bbox 436 1365 2016 1436; baseline 0 -16"><span class='ocrx_word' id='word_1_90' title='bbox 436 1367 768 1421; x_wconf 55' lang='lat' dir='ltr'><strong>Praesentem</strong></span> <span class='ocrx_word' id='word_1_91' title='bbox 797 1365 1126 1435; x_wconf 88' lang='lat' dir='ltr'><strong>appellavit,</strong></span> <span class='ocrx_word' id='word_1_92' title='bbox 1174 1380 1309 1420; x_wconf 93' lang='lat' dir='ltr'><strong>voce</strong></span> <span class='ocrx_word' id='word_1_93' title='bbox 1339 1381 1370 1418; x_wconf 88' lang='lat' dir='ltr'><strong>a</strong></span> <span class='ocrx_word' id='word_1_94' title='bbox 1401 1365 1599 1420; x_wconf 87' lang='lat' dir='ltr'><strong>Latino</strong></span> <span class='ocrx_word' id='word_1_95' title='bbox 1638 1366 1798 1420; x_wconf 90' lang='lat' dir='ltr'><strong>ducta</strong></span> <span class='ocrx_word' id='word_1_96' title='bbox 1823 1407 1838 1432; x_wconf 92' lang='lat'><strong>,</strong></span> <span class='ocrx_word' id='word_1_97' title='bbox 1895 1381 2016 1436; x_wconf 69' lang='lat' dir='ltr'><strong>quae</strong></span> 
     </span>
    </p>
   </div>
   <div class='ocr_carea' id='block_1_16' title="bbox 435 1455 2017 1526">
    <p class='ocr_par' dir='ltr' id='par_1_16' title="bbox 435 1455 2017 1526">
     <span class='ocr_line' id='line_1_16' title="bbox 435 1455 2017 1526; baseline 0.001 -16"><span class='ocrx_word' id='word_1_98' title='bbox 435 1455 772 1512; x_wconf 86' lang='lat' dir='ltr'><strong>Permanens</strong></span> <span class='ocrx_word' id='word_1_99' title='bbox 806 1457 1082 1526; x_wconf 89' lang='lat' dir='ltr'><strong>quidpiam</strong></span> <span class='ocrx_word' id='word_1_100' title='bbox 1114 1465 1304 1522; x_wconf 79' lang='lat' dir='ltr'><strong>sanat,</strong></span> <span class='ocrx_word' id='word_1_101' title='bbox 1355 1457 1497 1526; x_wconf 90' lang='lat' dir='ltr'><strong>quod</strong></span> <span class='ocrx_word' id='word_1_102' title='bbox 1529 1467 1674 1512; x_wconf 87' lang='lat' dir='ltr'><strong>terra</strong></span> <span class='ocrx_word' id='word_1_103' title='bbox 1703 1472 1826 1512; x_wconf 92' lang='lat' dir='ltr'><strong>cum</strong></span> <span class='ocrx_word' id='word_1_104' title='bbox 1867 1457 2017 1512; x_wconf 85' lang='lat' dir='ltr'><strong>silvis</strong></span> 
     </span>
    </p>
   </div>
   <div class='ocr_carea' id='block_1_17' title="bbox 437 1547 2014 1618">
    <p class='ocr_par' dir='ltr' id='par_1_17' title="bbox 437 1547 2014 1618">
     <span class='ocr_line' id='line_1_17' title="bbox 437 1547 2014 1618; baseline 0.001 -18"><span class='ocrx_word' id='word_1_105' title='bbox 437 1561 503 1600; x_wconf 90' lang='lat' dir='ltr'><strong>ac</strong></span> <span class='ocrx_word' id='word_1_106' title='bbox 532 1547 758 1602; x_wconf 84' lang='lat' dir='ltr'><strong>saltibus</strong></span> <span class='ocrx_word' id='word_1_107' title='bbox 786 1548 969 1601; x_wconf 87' lang='lat' dir='ltr'><strong>virens</strong></span> <span class='ocrx_word' id='word_1_108' title='bbox 1017 1562 1237 1617; x_wconf 88' lang='lat' dir='ltr'><strong>semper</strong></span> <span class='ocrx_word' id='word_1_109' title='bbox 1281 1549 1504 1602; x_wconf 71' lang='lat' dir='ltr'><strong>exsistat</strong></span> <span class='ocrx_word' id='word_1_110' title='bbox 1557 1563 1623 1602; x_wconf 88' lang='lat' dir='ltr'><strong>ac</strong></span> <span class='ocrx_word' id='word_1_111' title='bbox 1675 1556 2014 1618; x_wconf 90' lang='lat' dir='ltr'><strong>permaneat.</strong></span> 
     </span>
    </p>
   </div>
   <div class='ocr_carea' id='block_1_18' title="bbox 437 1638 2012 1708">
    <p class='ocr_par' dir='ltr' id='par_1_18' title="bbox 437 1638 2012 1708">
     <span class='ocr_line' id='line_1_18' title="bbox 437 1638 2012 1708; baseline -0.001 -14"><span class='ocrx_word' id='word_1_112' title='bbox 437 1638 701 1694; x_wconf 74' lang='lat' dir='ltr'><strong>Venetam</strong></span> <span class='ocrx_word' id='word_1_113' title='bbox 732 1639 946 1692; x_wconf 89' lang='lat' dir='ltr'><strong>vocavit</strong></span> <span class='ocrx_word' id='word_1_114' title='bbox 977 1655 1007 1692; x_wconf 91' lang='lat' dir='ltr'><strong>a</strong></span> <span class='ocrx_word' id='word_1_115' title='bbox 1040 1638 1341 1708; x_wconf 88' lang='lat' dir='ltr'><strong>provincia,</strong></span> <span class='ocrx_word' id='word_1_116' title='bbox 1382 1653 1503 1707; x_wconf 87' lang='lat' dir='ltr'><strong>quae</strong></span> <span class='ocrx_word' id='word_1_117' title='bbox 1533 1638 1759 1693; x_wconf 82' lang='lat' dir='ltr'><strong>Venetia</strong></span> <span class='ocrx_word' id='word_1_118' title='bbox 1789 1638 2012 1704; x_wconf 87' lang='lat' dir='ltr'><strong>dicitur,</strong></span> 
     </span>
    </p>
   </div>
   <div class='ocr_carea' id='block_1_19' title="bbox 435 1725 2013 1798">
    <p class='ocr_par' dir='ltr' id='par_1_19' title="bbox 435 1725 2013 1798">
     <span class='ocr_line' id='line_1_19' title="bbox 435 1725 2013 1798; baseline -0.001 -16"><span class='ocrx_word' id='word_1_119' title='bbox 435 1725 624 1782; x_wconf 65' lang='lat' dir='ltr'><strong>Romae</strong></span> <span class='ocrx_word' id='word_1_120' title='bbox 656 1727 904 1791; x_wconf 85' lang='lat' dir='ltr'><strong>subdita,</strong></span> <span class='ocrx_word' id='word_1_121' title='bbox 939 1727 1206 1796; x_wconf 91' lang='lat' dir='ltr'><strong>cujusque</strong></span> <span class='ocrx_word' id='word_1_122' title='bbox 1246 1726 1564 1796; x_wconf 86' lang='lat' dir='ltr'><strong>metropolis</strong></span> <span class='ocrx_word' id='word_1_123' title='bbox 1613 1737 1698 1782; x_wconf 92' lang='lat' dir='ltr'><strong>est</strong></span> <span class='ocrx_word' id='word_1_124' title='bbox 1744 1727 2013 1798; x_wconf 83' lang='lat' dir='ltr'><strong>Aquileia,</strong></span> 
     </span>
    </p>
   </div>
   <div class='ocr_carea' id='block_1_20' title="bbox 2120 539 3693 622">
    <p class='ocr_par' dir='ltr' id='par_1_20' title="bbox 2120 539 3693 622">
     <span class='ocr_line' id='line_1_20' title="bbox 2120 539 3693 622; baseline 0.008 -29"><span class='ocrx_word' id='word_1_125' title='bbox 2120 539 2288 611; x_wconf 89' lang='grc' dir='ltr'>θύρας</span> <span class='ocrx_word' id='word_1_126' title='bbox 2311 539 2562 612; x_wconf 83' lang='grc' dir='ltr'>καμπτδν</span> <span class='ocrx_word' id='word_1_127' title='bbox 2590 539 2689 612; x_wconf 79' lang='grc' dir='ltr'>τὴν</span> <span class='ocrx_word' id='word_1_128' title='bbox 2712 541 2994 613; x_wconf 78' lang='grc' dir='ltr'>ἀνατολὴν,</span> <span class='ocrx_word' id='word_1_129' title='bbox 3029 545 3124 598; x_wconf 69' lang='grc' dir='ltr'>καὶ</span> <span class='ocrx_word' id='word_1_130' title='bbox 3164 546 3258 600; x_wconf 71' lang='grc' dir='ltr'><strong>τὸν</strong></span> <span class='ocrx_word' id='word_1_131' title='bbox 3285 548 3380 600; x_wconf 80' lang='grc' dir='ltr'>ἐπὶ</span> <span class='ocrx_word' id='word_1_132' title='bbox 3403 549 3501 620; x_wconf 83' lang='grc' dir='ltr'>τὴν</span> <span class='ocrx_word' id='word_1_133' title='bbox 3533 567 3693 622; x_wconf 80' lang='grc' dir='ltr'>σφεν-</span> 
     </span>
    </p>
   </div>
   <div class='ocr_carea' id='block_1_21' title="bbox 2117 630 3694 712">
    <p class='ocr_par' dir='ltr' id='par_1_21' title="bbox 2117 630 3694 712">
     <span class='ocr_line' id='line_1_21' title="bbox 2117 630 3694 712; baseline 0.009 -28"><span class='ocrx_word' id='word_1_134' title='bbox 2117 630 2243 684; x_wconf 87' lang='grc' dir='ltr'>δόνα</span> <span class='ocrx_word' id='word_1_135' title='bbox 2267 631 2367 702; x_wconf 80' lang='grc' dir='ltr'>τὴν</span> <span class='ocrx_word' id='word_1_136' title='bbox 2390 631 2562 697; x_wconf 87' lang='grc' dir='ltr'>δύσιν,</span> <span class='ocrx_word' id='word_1_137' title='bbox 2591 631 2662 684; x_wconf 86' lang='grc' dir='ltr'>τὰ</span> <span class='ocrx_word' id='word_1_138' title='bbox 2695 631 2754 686; x_wconf 82' lang='grc' dir='ltr'>δὲ</span> <span class='ocrx_word' id='word_1_139' title='bbox 2777 633 2916 686; x_wconf 81' lang='grc' dir='ltr'><strong>ἐπτά</strong></span> <span class='ocrx_word' id='word_1_140' title='bbox 2953 636 3158 690; x_wconf 90' lang='grc' dir='ltr'>σπατία</span> <span class='ocrx_word' id='word_1_141' title='bbox 3173 637 3219 670; x_wconf 74' lang='grc' dir='ltr'><strong>’ί</strong></span> <span class='ocrx_word' id='word_1_142' title='bbox 3245 638 3336 691; x_wconf 81' lang='grc' dir='ltr'><strong>τὸν</strong></span> <span class='ocrx_word' id='word_1_143' title='bbox 3364 639 3561 712; x_wconf 81' lang='grc' dir='ltr'><strong>δρόμον</strong></span> <span class='ocrx_word' id='word_1_144' title='bbox 3597 646 3694 697; x_wconf 86' lang='grc' dir='ltr'>καὶ</span> 
     </span>
    </p>
   </div>
   <div class='ocr_carea' id='block_1_22' title="bbox 2115 719 3692 806">
    <p class='ocr_par' dir='ltr' id='par_1_22' title="bbox 2115 719 3692 806">
     <span class='ocr_line' id='line_1_22' title="bbox 2115 719 3692 806; baseline 0.01 -33"><span class='ocrx_word' id='word_1_145' title='bbox 2115 719 2214 792; x_wconf 78' lang='grc' dir='ltr'><strong>τὴν</strong></span> <span class='ocrx_word' id='word_1_146' title='bbox 2239 721 2468 792; x_wconf 77' lang='grc' dir='ltr'>κίνησιν</span> <span class='ocrx_word' id='word_1_147' title='bbox 2493 721 2595 792; x_wconf 86' lang='grc' dir='ltr'>τῆς</span> <span class='ocrx_word' id='word_1_148' title='bbox 2623 721 2879 793; x_wconf 81' lang='grc' dir='ltr'>ἀστρῴας</span> <span class='ocrx_word' id='word_1_149' title='bbox 2900 725 2944 756; x_wconf 79' lang='grc'>⁸⁸</span> <span class='ocrx_word' id='word_1_150' title='bbox 2975 724 3086 797; x_wconf 88' lang='lat'><strong>(99)</strong></span> <span class='ocrx_word' id='word_1_151' title='bbox 3110 725 3221 781; x_wconf 89' lang='grc' dir='ltr'><strong>τῶν</strong></span> <span class='ocrx_word' id='word_1_152' title='bbox 3256 729 3400 785; x_wconf 84' lang='grc' dir='ltr'><strong>ἐπτά</strong></span> <span class='ocrx_word' id='word_1_153' title='bbox 3448 735 3692 806; x_wconf 80' lang='grc' dir='ltr'>ἀστέρων</span> 
     </span>
    </p>
   </div>
   <div class='ocr_carea' id='block_1_23' title="bbox 2116 811 3696 894">
    <p class='ocr_par' dir='ltr' id='par_1_23' title="bbox 2116 811 3696 894">
     <span class='ocr_line' id='line_1_23' title="bbox 2116 811 3696 894; baseline 0.011 -30"><span class='ocrx_word' id='word_1_154' title='bbox 2116 811 2216 882; x_wconf 85' lang='grc' dir='ltr'>τῆς</span> <span class='ocrx_word' id='word_1_155' title='bbox 2228 811 2274 842; x_wconf 74' lang='grc'>⁸⁸</span> <span class='ocrx_word' id='word_1_156' title='bbox 2297 812 2602 882; x_wconf 70' lang='grc' dir='ltr'>μεγάληςίδ</span> <span class='ocrx_word' id='word_1_157' title='bbox 2619 814 2845 885; x_wconf 78' lang='grc' dir='ltr'><strong>ἄρκτου.</strong></span> <span class='ocrx_word' id='word_1_158' title='bbox 2875 815 2935 868; x_wconf 90' lang='lat'><strong>&#39;0</strong></span> <span class='ocrx_word' id='word_1_159' title='bbox 2951 815 3006 868; x_wconf 88' lang='grc' dir='ltr'><strong>δέ</strong></span> <span class='ocrx_word' id='word_1_160' title='bbox 3021 817 3185 882; x_wconf 85' lang='grc' dir='ltr'>αὑτδς</span> <span class='ocrx_word' id='word_1_161' title='bbox 3207 819 3418 891; x_wconf 85' lang='grc' dir='ltr'><strong>Ῥῶμος</strong></span> <span class='ocrx_word' id='word_1_162' title='bbox 3445 823 3696 894; x_wconf 72' lang='grc' dir='ltr'>βασιλεὺς</span> 
     </span>
    </p>
   </div>
   <div class='ocr_carea' id='block_1_24' title="bbox 2117 902 3692 973">
    <p class='ocr_par' dir='ltr' id='par_1_24' title="bbox 2117 902 3692 973">
     <span class='ocr_line' id='line_1_24' title="bbox 2117 902 3692 973; baseline 0.011 -19"><span class='ocrx_word' id='word_1_163' title='bbox 2117 902 2257 972; x_wconf 65' lang='grc' dir='ltr'>πρὸς</span> <span class='ocrx_word' id='word_1_164' title='bbox 2277 903 2444 973; x_wconf 82' lang='grc' dir='ltr'>τιμὴν</span> <span class='ocrx_word' id='word_1_165' title='bbox 2469 903 2565 960; x_wconf 73' lang='grc' dir='ltr'><strong>καὶ</strong></span> <span class='ocrx_word' id='word_1_166' title='bbox 2590 904 2752 968; x_wconf 83' lang='grc' dir='ltr'>αὐτὸς</span> <span class='ocrx_word' id='word_1_167' title='bbox 2777 904 2871 958; x_wconf 90' lang='grc' dir='ltr'><strong>τοῦ</strong></span> <span class='ocrx_word' id='word_1_168' title='bbox 2899 905 3081 959; x_wconf 82' lang='grc' dir='ltr'>Ἡλίου</span> <span class='ocrx_word' id='word_1_169' title='bbox 3105 910 3201 964; x_wconf 77' lang='grc' dir='ltr'>καὶ</span> <span class='ocrx_word' id='word_1_170' title='bbox 3225 911 3336 963; x_wconf 88' lang='grc' dir='ltr'><strong>τῶν</strong></span> <span class='ocrx_word' id='word_1_171' title='bbox 3357 913 3450 967; x_wconf 78' lang='grc' dir='ltr'>ὑπ’</span> <span class='ocrx_word' id='word_1_172' title='bbox 3475 917 3634 970; x_wconf 80' lang='grc' dir='ltr'>αὑτὸν</span> <span class='ocrx_word' id='word_1_173' title='bbox 3647 921 3692 951; x_wconf 76' lang='grc'><strong>’⁸</strong></span> 
     </span>
    </p>
   </div>
   <div class='ocr_carea' id='block_1_25' title="bbox 2117 995 3694 1080">
    <p class='ocr_par' dir='ltr' id='par_1_25' title="bbox 2117 995 3694 1080">
     <span class='ocr_line' id='line_1_25' title="bbox 2117 995 3694 1080; baseline 0.013 -36"><span class='ocrx_word' id='word_1_174' title='bbox 2117 995 2405 1065; x_wconf 81' lang='grc' dir='ltr'><strong>τεσσάρων</strong></span> <span class='ocrx_word' id='word_1_175' title='bbox 2435 995 2717 1066; x_wconf 85' lang='grc' dir='ltr'><strong>στοιχείων</strong></span> <span class='ocrx_word' id='word_1_176' title='bbox 2741 997 2832 1050; x_wconf 81' lang='grc' dir='ltr'><strong>τὸν</strong></span> <span class='ocrx_word' id='word_1_177' title='bbox 2859 997 3046 1066; x_wconf 88' lang='grc' dir='ltr'>ἀγῶνα</span> <span class='ocrx_word' id='word_1_178' title='bbox 3076 1001 3134 1054; x_wconf 85' lang='grc' dir='ltr'><strong>ἐν</strong></span> <span class='ocrx_word' id='word_1_179' title='bbox 3164 1003 3230 1072; x_wconf 80' lang='grc' dir='ltr'>τῇ</span> <span class='ocrx_word' id='word_1_180' title='bbox 3271 1001 3456 1078; x_wconf 79' lang='grc' dir='ltr'>Ῥώμῃ</span> <span class='ocrx_word' id='word_1_181' title='bbox 3482 1009 3694 1080; x_wconf 72' lang='grc' dir='ltr'>πρῶτος</span> 
     </span>
    </p>
   </div>
   <div class='ocr_carea' id='block_1_26' title="bbox 2117 1083 3692 1168">
    <p class='ocr_par' dir='ltr' id='par_1_26' title="bbox 2117 1083 3692 1168">
     <span class='ocr_line' id='line_1_26' title="bbox 2117 1083 3692 1168; baseline 0.012 -32"><span class='ocrx_word' id='word_1_182' title='bbox 2117 1083 2368 1156; x_wconf 81' lang='grc' dir='ltr'>ἐφευρὼν</span> <span class='ocrx_word' id='word_1_183' title='bbox 2401 1085 2716 1142; x_wconf 74' lang='grc' dir='ltr'><strong>ἐπετέλεσεν</strong></span> <span class='ocrx_word' id='word_1_184' title='bbox 2756 1090 2815 1141; x_wconf 89' lang='grc' dir='ltr'><strong>ἐν</strong></span> <span class='ocrx_word' id='word_1_185' title='bbox 2843 1092 2909 1160; x_wconf 81' lang='grc' dir='ltr'>τῇ</span> <span class='ocrx_word' id='word_1_186' title='bbox 2955 1092 3092 1162; x_wconf 76' lang='grc' dir='ltr'>αὐτῇ</span> <span class='ocrx_word' id='word_1_187' title='bbox 3127 1092 3282 1166; x_wconf 78' lang='grc' dir='ltr'>χώρᾳ</span> <span class='ocrx_word' id='word_1_188' title='bbox 3324 1096 3422 1168; x_wconf 84' lang='grc' dir='ltr'>τῆς</span> <span class='ocrx_word' id='word_1_189' title='bbox 3465 1098 3692 1166; x_wconf 84' lang='grc' dir='ltr'><strong>δύσεως,</strong></span> 
     </span>
    </p>
   </div>
   <div class='ocr_carea' id='block_1_27' title="bbox 2117 1176 3688 1268">
    <p class='ocr_par' dir='ltr' id='par_1_27' title="bbox 2117 1176 3688 1268">
     <span class='ocr_line' id='line_1_27' title="bbox 2117 1176 3688 1268; baseline 0.013 -40"><span class='ocrx_word' id='word_1_190' title='bbox 2117 1176 2239 1248; x_wconf 72' lang='grc' dir='ltr'>ἦτοι</span> <span class='ocrx_word' id='word_1_191' title='bbox 2262 1177 2360 1246; x_wconf 80' lang='grc' dir='ltr'>τῆς</span> <span class='ocrx_word' id='word_1_192' title='bbox 2387 1178 2644 1243; x_wconf 82' lang='grc' dir='ltr'>Ἰταλίας,</span> <span class='ocrx_word' id='word_1_193' title='bbox 2668 1178 2880 1252; x_wconf 75' lang='grc' dir='ltr'>ἅρμασι</span> <span class='ocrx_word' id='word_1_194' title='bbox 2905 1186 3300 1254; x_wconf 87' lang='grc' dir='ltr'>τετραπώλοις,</span> <span class='ocrx_word' id='word_1_195' title='bbox 3323 1193 3600 1248; x_wconf 83' lang='grc' dir='ltr'>τουτέστιν</span> <span class='ocrx_word' id='word_1_196' title='bbox 3621 1199 3688 1268; x_wconf 75' lang='grc' dir='ltr'>τῇ</span> 
     </span>
    </p>
   </div>
   <div class='ocr_carea' id='block_1_28' title="bbox 2117 1269 3693 1357">
    <p class='ocr_par' dir='ltr' id='par_1_28' title="bbox 2117 1269 3693 1357">
     <span class='ocr_line' id='line_1_28' title="bbox 2117 1269 3693 1357; baseline 0.015 -40"><span class='ocrx_word' id='word_1_197' title='bbox 2117 1270 2190 1340; x_wconf 77' lang='grc' dir='ltr'>γῇ</span> <span class='ocrx_word' id='word_1_198' title='bbox 2223 1269 2318 1322; x_wconf 75' lang='grc' dir='ltr'>καὶ</span> <span class='ocrx_word' id='word_1_199' title='bbox 2341 1272 2407 1340; x_wconf 78' lang='grc' dir='ltr'>τῇ</span> <span class='ocrx_word' id='word_1_200' title='bbox 2440 1269 2686 1344; x_wconf 81' lang='grc' dir='ltr'>θαλάσσῃ</span> <span class='ocrx_word' id='word_1_201' title='bbox 2717 1272 2811 1325; x_wconf 74' lang='grc' dir='ltr'><strong>καὶ</strong></span> <span class='ocrx_word' id='word_1_202' title='bbox 2832 1275 2965 1346; x_wconf 82' lang='grc' dir='ltr'>πυρὶ</span> <span class='ocrx_word' id='word_1_203' title='bbox 2997 1277 3091 1328; x_wconf 71' lang='grc' dir='ltr'><strong>καὶ</strong></span> <span class='ocrx_word' id='word_1_204' title='bbox 3121 1277 3265 1350; x_wconf 85' lang='grc' dir='ltr'>ἀέρι.</span> <span class='ocrx_word' id='word_1_205' title='bbox 3288 1281 3397 1334; x_wconf 84' lang='lat' dir='ltr'><strong>Kal</strong></span> <span class='ocrx_word' id='word_1_206' title='bbox 3423 1283 3693 1357; x_wconf 85' lang='grc' dir='ltr'>ἐπέθηκεν</span> 
     </span>
    </p>
   </div>
   <div class='ocr_carea' id='block_1_29' title="bbox 2117 1359 3695 1447">
    <p class='ocr_par' dir='ltr' id='par_1_29' title="bbox 2117 1359 3695 1447">
     <span class='ocr_line' id='line_1_29' title="bbox 2117 1359 3695 1447; baseline 0.014 -35"><span class='ocrx_word' id='word_1_207' title='bbox 2117 1361 2146 1412; x_wconf 86' lang='grc' dir='ltr'>ὁ</span> <span class='ocrx_word' id='word_1_208' title='bbox 2184 1359 2398 1432; x_wconf 85' lang='grc' dir='ltr'><strong>Ῥῶμος</strong></span> <span class='ocrx_word' id='word_1_209' title='bbox 2425 1364 2536 1426; x_wconf 83' lang='grc' dir='ltr'>τοῖς</span> <span class='ocrx_word' id='word_1_210' title='bbox 2569 1362 2754 1426; x_wconf 83' lang='grc' dir='ltr'>αὐτοῖς</span> <span class='ocrx_word' id='word_1_211' title='bbox 2782 1363 3008 1435; x_wconf 81' lang='grc' dir='ltr'>τέτρασι</span> <span class='ocrx_word' id='word_1_212' title='bbox 3046 1371 3332 1439; x_wconf 76' lang='grc' dir='ltr'>στοιχείοις</span> <span class='ocrx_word' id='word_1_213' title='bbox 3365 1374 3432 1428; x_wconf 79' lang='grc' dir='ltr'><strong>τά</strong></span> <span class='ocrx_word' id='word_1_214' title='bbox 3455 1375 3695 1447; x_wconf 83' lang='grc' dir='ltr'>ὀνόματα</span> 
     </span>
    </p>
   </div>
   <div class='ocr_carea' id='block_1_30' title="bbox 2116 1451 3689 1538">
    <p class='ocr_par' dir='ltr' id='par_1_30' title="bbox 2116 1451 3689 1538">
     <span class='ocr_line' id='line_1_30' title="bbox 2116 1451 3689 1538; baseline 0.012 -32"><span class='ocrx_word' id='word_1_215' title='bbox 2116 1451 2312 1519; x_wconf 91' lang='grc' dir='ltr'>ταῦτα,</span> <span class='ocrx_word' id='word_1_216' title='bbox 2342 1456 2407 1526; x_wconf 82' lang='grc' dir='ltr'>τῇ</span> <span class='ocrx_word' id='word_1_217' title='bbox 2439 1457 2511 1526; x_wconf 79' lang='grc' dir='ltr'>γῇ</span> <span class='ocrx_word' id='word_1_218' title='bbox 2535 1454 2596 1508; x_wconf 83' lang='grc' dir='ltr'><strong>τὸ</strong></span> <span class='ocrx_word' id='word_1_219' title='bbox 2623 1456 2891 1526; x_wconf 86' lang='grc' dir='ltr'>Πράσινον</span> <span class='ocrx_word' id='word_1_220' title='bbox 2917 1459 3102 1531; x_wconf 84' lang='grc' dir='ltr'>μέρος,</span> <span class='ocrx_word' id='word_1_221' title='bbox 3122 1461 3150 1514; x_wconf 83' lang='grc' dir='ltr'><strong>ὅ</strong></span> <span class='ocrx_word' id='word_1_222' title='bbox 3178 1464 3325 1517; x_wconf 88' lang='grc' dir='ltr'>ἐστιν</span> <span class='ocrx_word' id='word_1_223' title='bbox 3353 1467 3414 1519; x_wconf 83' lang='grc' dir='ltr'><strong>τὸ</strong></span> <span class='ocrx_word' id='word_1_224' title='bbox 3439 1467 3689 1538; x_wconf 78' lang='grc' dir='ltr'>χλοῶδες,</span> 
     </span>
    </p>
   </div>
   <div class='ocr_carea' id='block_1_31' title="bbox 2118 1543 3692 1632">
    <p class='ocr_par' dir='ltr' id='par_1_31' title="bbox 2118 1543 3692 1632">
     <span class='ocr_line' id='line_1_31' title="bbox 2118 1543 3692 1632; baseline 0.013 -38"><span class='ocrx_word' id='word_1_225' title='bbox 2118 1545 2184 1632; x_wconf 82' lang='grc' dir='ltr'>τῇ</span> <span class='ocrx_word' id='word_1_226' title='bbox 2205 1543 2260 1596; x_wconf 90' lang='grc' dir='ltr'><strong>δέ</strong></span> <span class='ocrx_word' id='word_1_227' title='bbox 2281 1543 2550 1617; x_wconf 80' lang='grc' dir='ltr'><strong>θαλάσσῃ,</strong></span> <span class='ocrx_word' id='word_1_228' title='bbox 2569 1547 2814 1603; x_wconf 77' lang='grc' dir='ltr'>τουτέστι</span> <span class='ocrx_word' id='word_1_229' title='bbox 2845 1550 2956 1612; x_wconf 76' lang='grc' dir='ltr'>τοῖς</span> <span class='ocrx_word' id='word_1_230' title='bbox 2974 1548 3150 1617; x_wconf 81' lang='grc' dir='ltr'>ῦδασι,</span> <span class='ocrx_word' id='word_1_231' title='bbox 3175 1554 3236 1606; x_wconf 80' lang='grc' dir='ltr'>τὸ</span> <span class='ocrx_word' id='word_1_232' title='bbox 3251 1555 3474 1610; x_wconf 81' lang='grc' dir='ltr'>Βένετον</span> <span class='ocrx_word' id='word_1_233' title='bbox 3505 1560 3692 1632; x_wconf 84' lang='grc' dir='ltr'>μέρος,</span> 
     </span>
    </p>
   </div>
   <div class='ocr_carea' id='block_1_32' title="bbox 2119 1631 3697 1717">
    <p class='ocr_par' dir='ltr' id='par_1_32' title="bbox 2119 1631 3697 1717">
     <span class='ocr_line' id='line_1_32' title="bbox 2119 1631 3697 1717; baseline 0.013 -33"><span class='ocrx_word' id='word_1_234' title='bbox 2119 1631 2194 1695; x_wconf 85' lang='grc' dir='ltr'><strong>ώς</strong></span> <span class='ocrx_word' id='word_1_235' title='bbox 2223 1633 2444 1696; x_wconf 82' lang='grc' dir='ltr'>κυανδν,</span> <span class='ocrx_word' id='word_1_236' title='bbox 2461 1634 2538 1706; x_wconf 78' lang='grc' dir='ltr'>τῷ</span> <span class='ocrx_word' id='word_1_237' title='bbox 2556 1635 2692 1705; x_wconf 87' lang='grc' dir='ltr'>πυρὶ</span> <span class='ocrx_word' id='word_1_238' title='bbox 2719 1636 2780 1689; x_wconf 79' lang='grc' dir='ltr'>τὸ</span> <span class='ocrx_word' id='word_1_239' title='bbox 2809 1637 3088 1693; x_wconf 86' lang='grc' dir='ltr'>Ῥουσαῖον</span> <span class='ocrx_word' id='word_1_240' title='bbox 3114 1641 3282 1713; x_wconf 83' lang='grc' dir='ltr'>μέρος</span> <span class='ocrx_word' id='word_1_241' title='bbox 3312 1631 3697 1717; x_wconf 78' lang='grc' dir='ltr'>πυρῶδες,καὶ</span> 
     </span>
    </p>
   </div>
   <div class='ocr_carea' id='block_1_33' title="bbox 2121 1722 3694 1812">
    <p class='ocr_par' dir='ltr' id='par_1_33' title="bbox 2121 1722 3694 1812">
     <span class='ocr_line' id='line_1_33' title="bbox 2121 1722 3694 1812; baseline 0.011 -37"><span class='ocrx_word' id='word_1_242' title='bbox 2121 1722 2199 1793; x_wconf 87' lang='grc' dir='ltr'><strong>τῷ</strong></span> <span class='ocrx_word' id='word_1_243' title='bbox 2223 1725 2350 1796; x_wconf 82' lang='grc' dir='ltr'>ἀέρι</span> <span class='ocrx_word' id='word_1_244' title='bbox 2376 1725 2436 1778; x_wconf 75' lang='grc' dir='ltr'>τὸ</span> <span class='ocrx_word' id='word_1_245' title='bbox 2465 1724 2675 1779; x_wconf 88' lang='grc' dir='ltr'>λευκόν.</span> <span class='ocrx_word' id='word_1_246' title='bbox 2696 1727 2968 1782; x_wconf 75' lang='grc' dir='ltr'>Κάκεῖθεν</span> <span class='ocrx_word' id='word_1_247' title='bbox 2995 1730 3265 1805; x_wconf 84' lang='grc' dir='ltr'>ἐπενοήθη</span> <span class='ocrx_word' id='word_1_248' title='bbox 3292 1735 3534 1808; x_wconf 87' lang='grc' dir='ltr'>τέσσαρα</span> <span class='ocrx_word' id='word_1_249' title='bbox 3554 1739 3694 1812; x_wconf 82' lang='grc' dir='ltr'>μέρη</span> 
     </span>
    </p>
   </div>
   <div class='ocr_carea' id='block_1_34' title="bbox 437 1794 2016 1898">
    <p class='ocr_par' dir='ltr' id='par_1_34' title="bbox 437 1817 2013 1888">
     <span class='ocr_line' id='line_1_34' title="bbox 437 1817 2013 1888; baseline 0.001 -16"><span class='ocrx_word' id='word_1_250' title='bbox 437 1818 583 1872; x_wconf 90' lang='lat' dir='ltr'><strong>unde</strong></span> <span class='ocrx_word' id='word_1_251' title='bbox 617 1833 814 1888; x_wconf 87' lang='lat' dir='ltr'><strong>nempe</strong></span> <span class='ocrx_word' id='word_1_252' title='bbox 847 1818 1057 1872; x_wconf 90' lang='lat' dir='ltr'><strong>colores</strong></span> <span class='ocrx_word' id='word_1_253' title='bbox 1091 1817 1328 1882; x_wconf 62' lang='lat' dir='ltr'><strong>caerulei,</strong></span> <span class='ocrx_word' id='word_1_254' title='bbox 1364 1833 1460 1872; x_wconf 88' lang='lat' dir='ltr'><strong>seu</strong></span> <span class='ocrx_word' id='word_1_255' title='bbox 1493 1819 1744 1874; x_wconf 73' lang='lat' dir='ltr'><strong>tinctura:</strong></span> <span class='ocrx_word' id='word_1_256' title='bbox 1769 1818 2013 1884; x_wconf 61' lang='lat' dir='ltr'><strong>Veneta,</strong></span> 
     </span>
    </p>
   </div>
   <div class='ocr_carea' id='block_1_35' title="bbox 2118 1794 3696 1898">
    <p class='ocr_par' dir='ltr' id='par_1_35' title="bbox 2118 1794 3696 1898">
     <span class='ocr_line' id='line_1_35' title="bbox 2118 1794 3696 1898; baseline 0.004 -31"><span class='ocrx_word' id='word_1_257' title='bbox 2118 1816 2177 1868; x_wconf 85' lang='grc' dir='ltr'><strong>ἐν</strong></span> <span class='ocrx_word' id='word_1_258' title='bbox 2214 1794 2422 1889; x_wconf 81' lang='grc' dir='ltr'>Ῥώμῃ.</span> <span class='ocrx_word' id='word_1_259' title='bbox 2451 1815 2711 1870; x_wconf 85' lang='grc' dir='ltr'>Ἐκὰλεσε</span> <span class='ocrx_word' id='word_1_260' title='bbox 2748 1817 2806 1872; x_wconf 82' lang='grc' dir='ltr'><strong>δέ</strong></span> <span class='ocrx_word' id='word_1_261' title='bbox 2835 1817 2898 1871; x_wconf 84' lang='grc' dir='ltr'><strong>τδ</strong></span> <span class='ocrx_word' id='word_1_262' title='bbox 2925 1794 3194 1891; x_wconf 77' lang='grc' dir='ltr'>Πράσινον</span> <span class='ocrx_word' id='word_1_263' title='bbox 3230 1794 3397 1894; x_wconf 80' lang='grc' dir='ltr'>μέρος</span> <span class='ocrx_word' id='word_1_264' title='bbox 3425 1794 3696 1898; x_wconf 37' lang='lat' dir='ltr'><strong>ligulae}:</strong></span> 
     </span>
    </p>
   </div>
   <div class='ocr_carea' id='block_1_36' title="bbox 434 1907 2017 1980">
    <p class='ocr_par' dir='ltr' id='par_1_36' title="bbox 434 1907 2017 1980">
     <span class='ocr_line' id='line_1_36' title="bbox 434 1907 2017 1980; baseline 0.002 -19"><span class='ocrx_word' id='word_1_265' title='bbox 434 1909 635 1977; x_wconf 85' lang='lat' dir='ltr'><strong>quibus</strong></span> <span class='ocrx_word' id='word_1_266' title='bbox 672 1909 989 1962; x_wconf 85' lang='lat' dir='ltr'><strong>inficiuntur</strong></span> <span class='ocrx_word' id='word_1_267' title='bbox 1024 1908 1230 1978; x_wconf 87' lang='lat' dir='ltr'><strong>panni,</strong></span> <span class='ocrx_word' id='word_1_268' title='bbox 1265 1907 1610 1964; x_wconf 72' lang='lat' dir='ltr'><strong>aﬂ‘eruntur:</strong></span> <span class='ocrx_word' id='word_1_269' title='bbox 1642 1924 1762 1979; x_wconf 65' lang='lat' dir='ltr'><strong>qua:</strong></span> <span class='ocrx_word' id='word_1_270' title='bbox 1795 1909 2017 1980; x_wconf 88' lang='lat' dir='ltr'><strong>quidem</strong></span> 
     </span>
    </p>
   </div>
   <div class='ocr_carea' id='block_1_37' title="bbox 434 1997 2018 2072">
    <p class='ocr_par' dir='ltr' id='par_1_37' title="bbox 434 1997 2018 2072">
     <span class='ocr_line' id='line_1_37' title="bbox 434 1997 2018 2072; baseline 0.002 -18"><span class='ocrx_word' id='word_1_271' title='bbox 434 1997 601 2054; x_wconf 90' lang='lat' dir='ltr'><strong>factio</strong></span> <span class='ocrx_word' id='word_1_272' title='bbox 629 1997 838 2054; x_wconf 80' lang='lat' dir='ltr'><strong>Veneta</strong></span> <span class='ocrx_word' id='word_1_273' title='bbox 888 1998 1128 2055; x_wconf 66' lang='lat' dir='ltr'><strong>Prasinaa</strong></span> <span class='ocrx_word' id='word_1_274' title='bbox 1150 2038 1166 2065; x_wconf 89' lang='lat'><strong>,</strong></span> <span class='ocrx_word' id='word_1_275' title='bbox 1193 2015 1299 2070; x_wconf 86' lang='lat' dir='ltr'><strong>qua</strong></span> <span class='ocrx_word' id='word_1_276' title='bbox 1334 2000 1650 2072; x_wconf 84' lang='lat' dir='ltr'><strong>designatur</strong></span> <span class='ocrx_word' id='word_1_277' title='bbox 1679 2011 1822 2056; x_wconf 89' lang='lat' dir='ltr'><strong>terra</strong></span> <span class='ocrx_word' id='word_1_278' title='bbox 1848 2041 1864 2067; x_wconf 90' lang='lat'><strong>,</strong></span> <span class='ocrx_word' id='word_1_279' title='bbox 1917 2001 2018 2057; x_wconf 89' lang='lat' dir='ltr'><strong>ad-</strong></span> 
     </span>
    </p>
   </div>
   <div class='ocr_carea' id='block_1_38' title="bbox 429 2093 2018 2164">
    <p class='ocr_par' dir='ltr' id='par_1_38' title="bbox 429 2093 2018 2164">
     <span class='ocr_line' id='line_1_38' title="bbox 429 2093 2018 2164; baseline 0.001 -18"><span class='ocrx_word' id='word_1_280' title='bbox 429 2093 695 2163; x_wconf 90' lang='lat' dir='ltr'><strong>jungitur.</strong></span> <span class='ocrx_word' id='word_1_281' title='bbox 726 2093 875 2148; x_wconf 74' lang='lat' dir='ltr'><strong>Albae</strong></span> <span class='ocrx_word' id='word_1_282' title='bbox 900 2093 1124 2148; x_wconf 90' lang='lat' dir='ltr'><strong>nomine</strong></span> <span class='ocrx_word' id='word_1_283' title='bbox 1157 2093 1382 2148; x_wconf 88' lang='lat' dir='ltr'><strong>donavit</strong></span> <span class='ocrx_word' id='word_1_284' title='bbox 1419 2109 1626 2159; x_wconf 89' lang='lat' dir='ltr'><strong>aerem,</strong></span> <span class='ocrx_word' id='word_1_285' title='bbox 1656 2095 1799 2164; x_wconf 91' lang='lat' dir='ltr'><strong>quod</strong></span> <span class='ocrx_word' id='word_1_286' title='bbox 1829 2094 1876 2149; x_wconf 92' lang='lat' dir='ltr'><strong>is</strong></span> <span class='ocrx_word' id='word_1_287' title='bbox 1905 2103 2018 2150; x_wconf 90' lang='lat' dir='ltr'><strong>ter-</strong></span> 
     </span>
    </p>
   </div>
   <div class='ocr_carea' id='block_1_39' title="bbox 433 2183 2018 2256">
    <p class='ocr_par' dir='ltr' id='par_1_39' title="bbox 433 2183 2018 2256">
     <span class='ocr_line' id='line_1_39' title="bbox 433 2183 2018 2256; baseline 0.003 -20"><span class='ocrx_word' id='word_1_288' title='bbox 433 2199 550 2236; x_wconf 86' lang='lat' dir='ltr'><strong>ram</strong></span> <span class='ocrx_word' id='word_1_289' title='bbox 578 2183 736 2252; x_wconf 81' lang='lat' dir='ltr'><strong>riget,</strong></span> <span class='ocrx_word' id='word_1_290' title='bbox 759 2185 1044 2254; x_wconf 89' lang='lat' dir='ltr'><strong>eidemque</strong></span> <span class='ocrx_word' id='word_1_291' title='bbox 1066 2185 1390 2251; x_wconf 88' lang='lat' dir='ltr'><strong>subserviat,</strong></span> <span class='ocrx_word' id='word_1_292' title='bbox 1421 2199 1484 2238; x_wconf 88' lang='lat' dir='ltr'><strong>ac</strong></span> <span class='ocrx_word' id='word_1_293' title='bbox 1507 2184 1852 2240; x_wconf 91' lang='lat' dir='ltr'><strong>commodum</strong></span> <span class='ocrx_word' id='word_1_294' title='bbox 1876 2200 2018 2256; x_wconf 69' lang='lat' dir='ltr'><strong>prte-</strong></span> 
     </span>
    </p>
   </div>
   <div class='ocr_carea' id='block_1_40' title="bbox 435 2276 2016 2347">
    <p class='ocr_par' dir='ltr' id='par_1_40' title="bbox 435 2276 2016 2347">
     <span class='ocr_line' id='line_1_40' title="bbox 435 2276 2016 2347; baseline 0.003 -18"><span class='ocrx_word' id='word_1_295' title='bbox 435 2285 560 2330; x_wconf 89' lang='lat' dir='ltr'><strong>stet.</strong></span> <span class='ocrx_word' id='word_1_296' title='bbox 601 2277 819 2331; x_wconf 77' lang='lat' dir='ltr'><strong>Venetae</strong></span> <span class='ocrx_word' id='word_1_297' title='bbox 848 2276 1089 2342; x_wconf 88' lang='lat' dir='ltr'><strong>factioni,</strong></span> <span class='ocrx_word' id='word_1_298' title='bbox 1111 2293 1232 2347; x_wconf 73' lang='lat' dir='ltr'><strong>qua:</strong></span> <span class='ocrx_word' id='word_1_299' title='bbox 1249 2292 1444 2347; x_wconf 89' lang='lat' dir='ltr'><strong>aquam</strong></span> <span class='ocrx_word' id='word_1_300' title='bbox 1463 2277 1704 2344; x_wconf 81' lang='lat' dir='ltr'><strong>exhibet,</strong></span> <span class='ocrx_word' id='word_1_301' title='bbox 1729 2277 2016 2334; x_wconf 77' lang='lat' dir='ltr'><strong>llussatam</strong></span> 
     </span>
    </p>
   </div>
   <div class='ocr_carea' id='block_1_41' title="bbox 433 2366 2013 2439">
    <p class='ocr_par' dir='ltr' id='par_1_41' title="bbox 433 2366 2013 2439">
     <span class='ocr_line' id='line_1_41' title="bbox 433 2366 2013 2439; baseline 0.003 -21"><span class='ocrx_word' id='word_1_302' title='bbox 433 2366 704 2434; x_wconf 72' lang='lat' dir='ltr'><strong>adjunxit,</strong></span> <span class='ocrx_word' id='word_1_303' title='bbox 739 2383 844 2438; x_wconf 87' lang='lat' dir='ltr'><strong>qua</strong></span> <span class='ocrx_word' id='word_1_304' title='bbox 872 2368 1012 2439; x_wconf 84' lang='lat' dir='ltr'><strong>ignis</strong></span> <span class='ocrx_word' id='word_1_305' title='bbox 1039 2367 1366 2434; x_wconf 85' lang='lat' dir='ltr'><strong>denotatur,</strong></span> <span class='ocrx_word' id='word_1_306' title='bbox 1397 2369 1542 2437; x_wconf 86' lang='lat' dir='ltr'><strong>quod</strong></span> <span class='ocrx_word' id='word_1_307' title='bbox 1579 2368 1670 2423; x_wconf 88' lang='lat' dir='ltr'><strong>illa</strong></span> <span class='ocrx_word' id='word_1_308' title='bbox 1712 2368 1878 2424; x_wconf 89' lang='lat' dir='ltr'><strong>veluti</strong></span> <span class='ocrx_word' id='word_1_309' title='bbox 1911 2369 2013 2425; x_wconf 90' lang='lat' dir='ltr'><strong>sibi</strong></span> 
     </span>
    </p>
   </div>
   <div class='ocr_carea' id='block_1_42' title="bbox 432 2458 2014 2531">
    <p class='ocr_par' dir='ltr' id='par_1_42' title="bbox 432 2458 2014 2531">
     <span class='ocr_line' id='line_1_42' title="bbox 432 2458 2014 2531; baseline 0.003 -19"><span class='ocrx_word' id='word_1_310' title='bbox 432 2458 710 2512; x_wconf 90' lang='lat' dir='ltr'><strong>subditum</strong></span> <span class='ocrx_word' id='word_1_311' title='bbox 740 2459 917 2530; x_wconf 82' lang='lat' dir='ltr'><strong>ignem</strong></span> <span class='ocrx_word' id='word_1_312' title='bbox 947 2459 1278 2531; x_wconf 78' lang='lat' dir='ltr'><strong>exstinguat.</strong></span> <span class='ocrx_word' id='word_1_313' title='bbox 1315 2459 1418 2526; x_wconf 79' lang='lat' dir='ltr'><strong>Qui</strong></span> <span class='ocrx_word' id='word_1_314' title='bbox 1441 2477 1606 2531; x_wconf 90' lang='lat' dir='ltr'><strong>porro</strong></span> <span class='ocrx_word' id='word_1_315' title='bbox 1639 2471 1752 2517; x_wconf 91' lang='lat' dir='ltr'><strong>tum</strong></span> <span class='ocrx_word' id='word_1_316' title='bbox 1785 2462 2014 2517; x_wconf 83' lang='lat' dir='ltr'><strong>Romam</strong></span> 
     </span>
    </p>
   </div>
   <div class='ocr_carea' id='block_1_43' title="bbox 433 2550 2016 2623">
    <p class='ocr_par' dir='ltr' id='par_1_43' title="bbox 433 2550 2016 2623">
     <span class='ocr_line' id='line_1_43' title="bbox 433 2550 2016 2623; baseline 0.001 -18"><span class='ocrx_word' id='word_1_317' title='bbox 433 2550 746 2606; x_wconf 89' lang='lat' dir='ltr'><strong>incolebant</strong></span> <span class='ocrx_word' id='word_1_318' title='bbox 780 2553 882 2608; x_wconf 87' lang='lat' dir='ltr'><strong>hac</strong></span> <span class='ocrx_word' id='word_1_319' title='bbox 921 2554 1132 2608; x_wconf 78' lang='lat' dir='ltr'><strong>ratione.</strong></span> <span class='ocrx_word' id='word_1_320' title='bbox 1155 2552 1213 2605; x_wconf 91' lang='lat' dir='ltr'><strong>in</strong></span> <span class='ocrx_word' id='word_1_321' title='bbox 1243 2551 1508 2607; x_wconf 88' lang='lat' dir='ltr'><strong>factiones</strong></span> <span class='ocrx_word' id='word_1_322' title='bbox 1533 2552 1716 2618; x_wconf 85' lang='lat' dir='ltr'><strong>divisi,</strong></span> <span class='ocrx_word' id='word_1_323' title='bbox 1743 2567 2016 2623; x_wconf 85' lang='lat' dir='ltr'><strong>nusquam</strong></span> 
     </span>
    </p>
   </div>
   <div class='ocr_carea' id='block_1_44' title="bbox 435 2641 2015 2713">
    <p class='ocr_par' dir='ltr' id='par_1_44' title="bbox 435 2641 2015 2713">
     <span class='ocr_line' id='line_1_44' title="bbox 435 2641 2015 2713; baseline 0.003 -17"><span class='ocrx_word' id='word_1_324' title='bbox 435 2641 694 2712; x_wconf 72' lang='lat' dir='ltr'><strong>deinreps</strong></span> <span class='ocrx_word' id='word_1_325' title='bbox 710 2643 940 2698; x_wconf 88' lang='lat' dir='ltr'><strong>invicem</strong></span> <span class='ocrx_word' id='word_1_326' title='bbox 965 2643 1308 2707; x_wconf 90' lang='lat' dir='ltr'><strong>coaluerunt,</strong></span> <span class='ocrx_word' id='word_1_327' title='bbox 1325 2643 1452 2697; x_wconf 93' lang='lat' dir='ltr'><strong>dum</strong></span> <span class='ocrx_word' id='word_1_328' title='bbox 1473 2643 1704 2713; x_wconf 90' lang='lat' dir='ltr'><strong>quisque</strong></span> <span class='ocrx_word' id='word_1_329' title='bbox 1720 2643 2015 2700; x_wconf 84' lang='lat' dir='ltr'><strong>factionem</strong></span> 
     </span>
    </p>
   </div>
   <div class='ocr_carea' id='block_1_45' title="bbox 433 2731 2011 2806">
    <p class='ocr_par' dir='ltr' id='par_1_45' title="bbox 433 2731 2011 2806">
     <span class='ocr_line' id='line_1_45' title="bbox 433 2731 2011 2806; baseline 0.003 -21"><span class='ocrx_word' id='word_1_330' title='bbox 433 2747 588 2785; x_wconf 89' lang='lat' dir='ltr'><strong>suam</strong></span> <span class='ocrx_word' id='word_1_331' title='bbox 619 2733 958 2802; x_wconf 86' lang='lat' dir='ltr'><strong>superiorem</strong></span> <span class='ocrx_word' id='word_1_332' title='bbox 989 2747 1108 2788; x_wconf 90' lang='lat' dir='ltr'><strong>esse</strong></span> <span class='ocrx_word' id='word_1_333' title='bbox 1140 2731 1328 2802; x_wconf 89' lang='lat' dir='ltr'><strong>cupit,</strong></span> <span class='ocrx_word' id='word_1_334' title='bbox 1362 2747 1427 2788; x_wconf 87' lang='lat' dir='ltr'><strong>ac</strong></span> <span class='ocrx_word' id='word_1_335' title='bbox 1456 2733 1740 2789; x_wconf 86' lang='lat' dir='ltr'><strong>victoriam</strong></span> <span class='ocrx_word' id='word_1_336' title='bbox 1765 2735 2011 2806; x_wconf 89' lang='lat' dir='ltr'><strong>adipisci,</strong></span> 
     </span>
    </p>
   </div>
   <div class='ocr_carea' id='block_1_46' title="bbox 433 2821 2016 2898">
    <p class='ocr_par' dir='ltr' id='par_1_46' title="bbox 433 2821 2016 2898">
     <span class='ocr_line' id='line_1_46' title="bbox 433 2821 2016 2898; baseline 0.004 -23"><span class='ocrx_word' id='word_1_337' title='bbox 433 2830 598 2891; x_wconf 87' lang='lat' dir='ltr'><strong>atque</strong></span> <span class='ocrx_word' id='word_1_338' title='bbox 627 2836 693 2876; x_wconf 84' lang='lat' dir='ltr'><strong>ex</strong></span> <span class='ocrx_word' id='word_1_339' title='bbox 724 2821 910 2876; x_wconf 90' lang='lat' dir='ltr'><strong>nescio</strong></span> <span class='ocrx_word' id='word_1_340' title='bbox 957 2838 1062 2892; x_wconf 92' lang='lat' dir='ltr'><strong>qua</strong></span> <span class='ocrx_word' id='word_1_341' title='bbox 1108 2822 1495 2893; x_wconf 87' lang='lat' dir='ltr'><strong>superstitione</strong></span> <span class='ocrx_word' id='word_1_342' title='bbox 1540 2825 1836 2898; x_wconf 88' lang='lat' dir='ltr'><strong>depugnat.</strong></span> <span class='ocrx_word' id='word_1_343' title='bbox 1876 2826 2016 2882; x_wconf 84' lang='lat' dir='ltr'><strong>Hinc</strong></span> 
     </span>
    </p>
   </div>
   <div class='ocr_carea' id='block_1_47' title="bbox 434 2913 2015 2980">
    <p class='ocr_par' dir='ltr' id='par_1_47' title="bbox 434 2913 2015 2980">
     <span class='ocr_line' id='line_1_47' title="bbox 434 2913 2015 2980; baseline 0.003 -13"><span class='ocrx_word' id='word_1_344' title='bbox 434 2922 623 2967; x_wconf 73' lang='lat' dir='ltr'><strong>exorta</strong></span> <span class='ocrx_word' id='word_1_345' title='bbox 659 2913 843 2968; x_wconf 82' lang='lat' dir='ltr'><strong>Romae</strong></span> <span class='ocrx_word' id='word_1_346' title='bbox 869 2913 1128 2968; x_wconf 88' lang='lat' dir='ltr'><strong>intestina</strong></span> <span class='ocrx_word' id='word_1_347' title='bbox 1179 2913 1435 2980; x_wconf 88' lang='lat' dir='ltr'><strong>dissidia,</strong></span> <span class='ocrx_word' id='word_1_348' title='bbox 1487 2924 1544 2970; x_wconf 91' lang='lat' dir='ltr'><strong>et</strong></span> <span class='ocrx_word' id='word_1_349' title='bbox 1579 2915 1723 2971; x_wconf 89' lang='lat' dir='ltr'><strong>inter</strong></span> <span class='ocrx_word' id='word_1_350' title='bbox 1751 2916 2015 2973; x_wconf 84' lang='lat' dir='ltr'><strong>factiones</strong></span> 
     </span>
    </p>
   </div>
   <div class='ocr_carea' id='block_1_48' title="bbox 434 3003 2014 3076">
    <p class='ocr_par' dir='ltr' id='par_1_48' title="bbox 434 3003 2014 3076">
     <span class='ocr_line' id='line_1_48' title="bbox 434 3003 2014 3076; baseline 0.002 -19"><span class='ocrx_word' id='word_1_351' title='bbox 434 3013 610 3058; x_wconf 65' lang='lat' dir='ltr'><strong>enata:</strong></span> <span class='ocrx_word' id='word_1_352' title='bbox 631 3019 824 3074; x_wconf 87' lang='lat' dir='ltr'><strong>graves</strong></span> <span class='ocrx_word' id='word_1_353' title='bbox 859 3003 926 3057; x_wconf 91' lang='lat' dir='ltr'><strong>ad</strong></span> <span class='ocrx_word' id='word_1_354' title='bbox 969 3003 1203 3058; x_wconf 89' lang='lat' dir='ltr'><strong>invicem</strong></span> <span class='ocrx_word' id='word_1_355' title='bbox 1236 3003 1556 3060; x_wconf 67' lang='lat' dir='ltr'><strong>inimicitiae.</strong></span> <span class='ocrx_word' id='word_1_356' title='bbox 1591 3005 1669 3060; x_wconf 80' lang='lat' dir='ltr'><strong>Ex</strong></span> <span class='ocrx_word' id='word_1_357' title='bbox 1703 3020 1810 3076; x_wconf 92' lang='lat' dir='ltr'><strong>quo</strong></span> <span class='ocrx_word' id='word_1_358' title='bbox 1850 3005 2014 3076; x_wconf 89' lang='lat' dir='ltr'><strong>igitur</strong></span> 
     </span>
    </p>
   </div>
   <div class='ocr_carea' id='block_1_49' title="bbox 433 3090 2007 3166">
    <p class='ocr_par' dir='ltr' id='par_1_49' title="bbox 433 3090 2007 3166">
     <span class='ocr_line' id='line_1_49' title="bbox 433 3090 2007 3166; baseline 0.001 -18"><span class='ocrx_word' id='word_1_359' title='bbox 433 3093 720 3148; x_wconf 86' lang='lat' dir='ltr'><strong>Circenses</strong></span> <span class='ocrx_word' id='word_1_360' title='bbox 759 3093 915 3147; x_wconf 92' lang='lat' dir='ltr'><strong>ludos</strong></span> <span class='ocrx_word' id='word_1_361' title='bbox 946 3093 1210 3150; x_wconf 80' lang='lat' dir='ltr'><strong>Romanis</strong></span> <span class='ocrx_word' id='word_1_362' title='bbox 1249 3094 1399 3150; x_wconf 90' lang='lat' dir='ltr'><strong>dedit</strong></span> <span class='ocrx_word' id='word_1_363' title='bbox 1435 3093 1700 3150; x_wconf 74' lang='lat' dir='ltr'><strong>ltotuulus</strong></span> <span class='ocrx_word' id='word_1_364' title='bbox 1724 3138 1738 3162; x_wconf 94' lang='lat'><strong>,</strong></span> <span class='ocrx_word' id='word_1_365' title='bbox 1767 3090 2007 3166; x_wconf 78' lang='lat' dir='ltr'><strong>quandiu</strong></span> 
     </span>
    </p>
   </div>
   <div class='ocr_carea' id='block_1_50' title="bbox 434 3185 2010 3258">
    <p class='ocr_par' dir='ltr' id='par_1_50' title="bbox 434 3185 2010 3258">
     <span class='ocr_line' id='line_1_50' title="bbox 434 3185 2010 3258; baseline 0 -18"><span class='ocrx_word' id='word_1_366' title='bbox 434 3185 481 3240; x_wconf 88' lang='lat' dir='ltr'><strong>is</strong></span> <span class='ocrx_word' id='word_1_367' title='bbox 513 3185 792 3256; x_wconf 89' lang='lat' dir='ltr'><strong>regnavit,</strong></span> <span class='ocrx_word' id='word_1_368' title='bbox 855 3201 918 3240; x_wconf 83' lang='lat' dir='ltr'><strong>ex</strong></span> <span class='ocrx_word' id='word_1_369' title='bbox 977 3185 1239 3241; x_wconf 88' lang='lat' dir='ltr'><strong>militibus</strong></span> <span class='ocrx_word' id='word_1_370' title='bbox 1288 3190 1567 3242; x_wconf 79' lang='lat' dir='ltr'><strong>extraneis</strong></span> <span class='ocrx_word' id='word_1_371' title='bbox 1606 3197 1667 3242; x_wconf 87' lang='lat' dir='ltr'><strong>ut</strong></span> <span class='ocrx_word' id='word_1_372' title='bbox 1716 3188 2010 3258; x_wconf 89' lang='lat' dir='ltr'><strong>plurimum</strong></span> 
     </span>
    </p>
   </div>
   <div class='ocr_carea' id='block_1_51' title="bbox 433 3276 2012 3349">
    <p class='ocr_par' dir='ltr' id='par_1_51' title="bbox 433 3276 2012 3349">
     <span class='ocr_line' id='line_1_51' title="bbox 433 3276 2012 3349; baseline 0 -18"><span class='ocrx_word' id='word_1_373' title='bbox 433 3276 700 3332; x_wconf 85' lang='lat' dir='ltr'><strong>conﬂatus</strong></span> <span class='ocrx_word' id='word_1_374' title='bbox 729 3287 849 3332; x_wconf 87' lang='lat' dir='ltr'><strong>erat</strong></span> <span class='ocrx_word' id='word_1_375' title='bbox 883 3277 1026 3332; x_wconf 90' lang='lat' dir='ltr'><strong>illius</strong></span> <span class='ocrx_word' id='word_1_376' title='bbox 1051 3278 1342 3344; x_wconf 85' lang='lat' dir='ltr'><strong>exercitus,</strong></span> <span class='ocrx_word' id='word_1_377' title='bbox 1375 3294 1500 3333; x_wconf 91' lang='lat' dir='ltr'><strong>cum</strong></span> <span class='ocrx_word' id='word_1_378' title='bbox 1532 3279 1676 3333; x_wconf 87' lang='lat' dir='ltr'><strong>haud</strong></span> <span class='ocrx_word' id='word_1_379' title='bbox 1707 3278 1864 3349; x_wconf 89' lang='lat' dir='ltr'><strong>pauci</strong></span> <span class='ocrx_word' id='word_1_380' title='bbox 1901 3277 2012 3331; x_wconf 74' lang='lat' dir='ltr'><strong>Ilo-</strong></span> 
     </span>
    </p>
   </div>
   <div class='ocr_carea' id='block_1_52' title="bbox 432 3369 2012 3440">
    <p class='ocr_par' dir='ltr' id='par_1_52' title="bbox 432 3369 2012 3440">
     <span class='ocr_line' id='line_1_52' title="bbox 432 3369 2012 3440; baseline 0.001 -18"><span class='ocrx_word' id='word_1_381' title='bbox 432 3383 577 3422; x_wconf 89' lang='lat' dir='ltr'><strong>mam</strong></span> <span class='ocrx_word' id='word_1_382' title='bbox 606 3384 672 3423; x_wconf 81' lang='lat' dir='ltr'><strong>ex</strong></span> <span class='ocrx_word' id='word_1_383' title='bbox 697 3369 843 3439; x_wconf 85' lang='lat' dir='ltr'><strong>agris</strong></span> <span class='ocrx_word' id='word_1_384' title='bbox 862 3369 1224 3434; x_wconf 88' lang='lat' dir='ltr'><strong>conﬂuerent,</strong></span> <span class='ocrx_word' id='word_1_385' title='bbox 1254 3371 1454 3440; x_wconf 90' lang='lat' dir='ltr'><strong>quibus</strong></span> <span class='ocrx_word' id='word_1_386' title='bbox 1479 3386 1577 3440; x_wconf 90' lang='lat' dir='ltr'><strong>pro</strong></span> <span class='ocrx_word' id='word_1_387' title='bbox 1611 3379 1760 3424; x_wconf 88' lang='lat' dir='ltr'><strong>tanto</strong></span> <span class='ocrx_word' id='word_1_388' title='bbox 1781 3384 2012 3424; x_wconf 89' lang='lat' dir='ltr'><strong>numero</strong></span> 
     </span>
    </p>
   </div>
   <div class='ocr_carea' id='block_1_53' title="bbox 434 3459 2014 3530">
    <p class='ocr_par' dir='ltr' id='par_1_53' title="bbox 434 3459 2014 3530">
     <span class='ocr_line' id='line_1_53' title="bbox 434 3459 2014 3530; baseline 0.001 -18"><span class='ocrx_word' id='word_1_389' title='bbox 434 3459 659 3513; x_wconf 87' lang='lat' dir='ltr'><strong>deerant</strong></span> <span class='ocrx_word' id='word_1_390' title='bbox 693 3475 910 3514; x_wconf 80' lang='lat' dir='ltr'><strong>uxores.</strong></span> <span class='ocrx_word' id='word_1_391' title='bbox 941 3459 1188 3530; x_wconf 89' lang='lat' dir='ltr'><strong>Cumque</strong></span> <span class='ocrx_word' id='word_1_392' title='bbox 1228 3461 1354 3516; x_wconf 71' lang='lat' dir='ltr'><strong>vita:</strong></span> <span class='ocrx_word' id='word_1_393' title='bbox 1389 3461 1684 3530; x_wconf 86' lang='lat' dir='ltr'><strong>voluptatis</strong></span> <span class='ocrx_word' id='word_1_394' title='bbox 1714 3460 2014 3530; x_wconf 87' lang='lat' dir='ltr'><strong>cupiditate</strong></span> 
     </span>
    </p>
   </div>
   <div class='ocr_carea' id='block_1_54' title="bbox 436 3549 2017 3621">
    <p class='ocr_par' dir='ltr' id='par_1_54' title="bbox 436 3549 2017 3621">
     <span class='ocr_line' id='line_1_54' title="bbox 436 3549 2017 3621; baseline 0.001 -19"><span class='ocrx_word' id='word_1_395' title='bbox 436 3549 686 3620; x_wconf 83' lang='lat' dir='ltr'><strong>flagraret</strong></span> <span class='ocrx_word' id='word_1_396' title='bbox 710 3551 977 3619; x_wconf 87' lang='lat' dir='ltr'><strong>ejusmodi</strong></span> <span class='ocrx_word' id='word_1_397' title='bbox 1009 3553 1271 3621; x_wconf 89' lang='lat' dir='ltr'><strong>juvenum</strong></span> <span class='ocrx_word' id='word_1_398' title='bbox 1301 3551 1611 3616; x_wconf 90' lang='lat' dir='ltr'><strong>multitudo,</strong></span> <span class='ocrx_word' id='word_1_399' title='bbox 1644 3552 1844 3620; x_wconf 90' lang='lat' dir='ltr'><strong>passim</strong></span> <span class='ocrx_word' id='word_1_400' title='bbox 1875 3551 1913 3606; x_wconf 95' lang='lat' dir='ltr'><strong>ii</strong></span> <span class='ocrx_word' id='word_1_401' title='bbox 1945 3549 2017 3604; x_wconf 86' lang='lat' dir='ltr'><strong>fe-</strong></span> 
     </span>
    </p>
   </div>
   <div class='ocr_carea' id='block_1_55' title="bbox 437 3642 2016 3708">
    <p class='ocr_par' dir='ltr' id='par_1_55' title="bbox 437 3642 2016 3708">
     <span class='ocr_line' id='line_1_55' title="bbox 437 3642 2016 3708; baseline 0 -12"><span class='ocrx_word' id='word_1_402' title='bbox 437 3642 619 3696; x_wconf 89' lang='lat' dir='ltr'><strong>minas</strong></span> <span class='ocrx_word' id='word_1_403' title='bbox 646 3642 699 3694; x_wconf 89' lang='lat' dir='ltr'><strong>in</strong></span> <span class='ocrx_word' id='word_1_404' title='bbox 740 3642 862 3696; x_wconf 88' lang='lat' dir='ltr'><strong>foro</strong></span> <span class='ocrx_word' id='word_1_405' title='bbox 896 3642 1286 3696; x_wconf 86' lang='lat' dir='ltr'><strong>adoriebantur</strong></span> <span class='ocrx_word' id='word_1_406' title='bbox 1311 3683 1326 3708; x_wconf 93' lang='lat'><strong>,</strong></span> <span class='ocrx_word' id='word_1_407' title='bbox 1374 3643 1520 3696; x_wconf 91' lang='lat' dir='ltr'><strong>unde</strong></span> <span class='ocrx_word' id='word_1_408' title='bbox 1561 3643 1735 3696; x_wconf 70' lang='lat' dir='ltr'><strong>turba:</strong></span> <span class='ocrx_word' id='word_1_409' title='bbox 1786 3657 2016 3696; x_wconf 84' lang='lat' dir='ltr'><strong>enasce-</strong></span> 
     </span>
    </p>
   </div>
   <div class='ocr_carea' id='block_1_56' title="bbox 435 3729 2018 3801">
    <p class='ocr_par' dir='ltr' id='par_1_56' title="bbox 435 3729 2018 3801">
     <span class='ocr_line' id='line_1_56' title="bbox 435 3729 2018 3801; baseline -0.001 -15"><span class='ocrx_word' id='word_1_410' title='bbox 435 3731 654 3791; x_wconf 87' lang='lat' dir='ltr'><strong>bantnr,</strong></span> <span class='ocrx_word' id='word_1_411' title='bbox 686 3746 750 3785; x_wconf 90' lang='lat' dir='ltr'><strong>ac</strong></span> <span class='ocrx_word' id='word_1_412' title='bbox 779 3731 967 3786; x_wconf 90' lang='lat' dir='ltr'><strong>civiles</strong></span> <span class='ocrx_word' id='word_1_413' title='bbox 1007 3731 1324 3786; x_wconf 87' lang='lat' dir='ltr'><strong>seditiones.</strong></span> <span class='ocrx_word' id='word_1_414' title='bbox 1356 3729 1566 3785; x_wconf 78' lang='lat' dir='ltr'><strong>Anxius</strong></span> <span class='ocrx_word' id='word_1_415' title='bbox 1595 3731 1760 3801; x_wconf 90' lang='lat' dir='ltr'><strong>igitur</strong></span> <span class='ocrx_word' id='word_1_416' title='bbox 1805 3731 2018 3785; x_wconf 79' lang='lat' dir='ltr'><strong>Romu-</strong></span> 
     </span>
    </p>
   </div>
   <div class='ocr_carea' id='block_1_57' title="bbox 437 3819 2017 3889">
    <p class='ocr_par' dir='ltr' id='par_1_57' title="bbox 437 3819 2017 3889">
     <span class='ocr_line' id='line_1_57' title="bbox 437 3819 2017 3889; baseline 0.003 -17"><span class='ocrx_word' id='word_1_417' title='bbox 437 3824 542 3882; x_wconf 85' lang='lat' dir='ltr'><strong>lus,</strong></span> <span class='ocrx_word' id='word_1_418' title='bbox 579 3820 775 3889; x_wconf 88' lang='lat' dir='ltr'><strong>quidve</strong></span> <span class='ocrx_word' id='word_1_419' title='bbox 808 3827 994 3888; x_wconf 83' lang='lat' dir='ltr'><strong>ageret</strong></span> <span class='ocrx_word' id='word_1_420' title='bbox 1020 3820 1283 3887; x_wconf 91' lang='lat' dir='ltr'><strong>incertus,</strong></span> <span class='ocrx_word' id='word_1_421' title='bbox 1318 3835 1442 3875; x_wconf 90' lang='lat' dir='ltr'><strong>cum</strong></span> <span class='ocrx_word' id='word_1_422' title='bbox 1469 3819 1616 3874; x_wconf 88' lang='lat' dir='ltr'><strong>nulla</strong></span> <span class='ocrx_word' id='word_1_423' title='bbox 1647 3827 1794 3874; x_wconf 91' lang='lat' dir='ltr'><strong>esset</strong></span> <span class='ocrx_word' id='word_1_424' title='bbox 1814 3819 2017 3876; x_wconf 83' lang='lat' dir='ltr'><strong>femina</strong></span> 
     </span>
    </p>
   </div>
   <div class='ocr_carea' id='block_1_58' title="bbox 437 3906 2015 3977">
    <p class='ocr_par' dir='ltr' id='par_1_58' title="bbox 437 3906 2015 3977">
     <span class='ocr_line' id='line_1_58' title="bbox 437 3906 2015 3977; baseline 0.001 -16"><span class='ocrx_word' id='word_1_425' title='bbox 437 3923 558 3977; x_wconf 64' lang='lat' dir='ltr'><strong>quae</strong></span> <span class='ocrx_word' id='word_1_426' title='bbox 589 3924 711 3961; x_wconf 88' lang='lat' dir='ltr'><strong>cum</strong></span> <span class='ocrx_word' id='word_1_427' title='bbox 743 3908 1009 3962; x_wconf 86' lang='lat' dir='ltr'><strong>militibus</strong></span> <span class='ocrx_word' id='word_1_428' title='bbox 1038 3907 1253 3962; x_wconf 88' lang='lat' dir='ltr'><strong>misceri</strong></span> <span class='ocrx_word' id='word_1_429' title='bbox 1280 3906 1460 3970; x_wconf 89' lang='lat' dir='ltr'><strong>vellet,</strong></span> <span class='ocrx_word' id='word_1_430' title='bbox 1489 3915 1678 3977; x_wconf 91' lang='lat' dir='ltr'><strong>utpote</strong></span> <span class='ocrx_word' id='word_1_431' title='bbox 1707 3907 2015 3977; x_wconf 88' lang='lat' dir='ltr'><strong>agrestibus</strong></span> 
     </span>
    </p>
   </div>
   <div class='ocr_carea' id='block_1_59' title="bbox 437 3996 2018 4069">
    <p class='ocr_par' dir='ltr' id='par_1_59' title="bbox 437 3996 2018 4069">
     <span class='ocr_line' id='line_1_59' title="bbox 437 3996 2018 4069; baseline 0 -17"><span class='ocrx_word' id='word_1_432' title='bbox 437 4007 492 4052; x_wconf 90' lang='lat' dir='ltr'><strong>et</strong></span> <span class='ocrx_word' id='word_1_433' title='bbox 523 3997 768 4052; x_wconf 88' lang='lat' dir='ltr'><strong>barbaris</strong></span> <span class='ocrx_word' id='word_1_434' title='bbox 793 4039 806 4060; x_wconf 89' lang='lat'><strong>,</strong></span> <span class='ocrx_word' id='word_1_435' title='bbox 847 3997 1019 4069; x_wconf 89' lang='lat' dir='ltr'><strong>legem</strong></span> <span class='ocrx_word' id='word_1_436' title='bbox 1049 3997 1433 4068; x_wconf 87' lang='lat' dir='ltr'><strong>promulgavit,</strong></span> <span class='ocrx_word' id='word_1_437' title='bbox 1473 4012 1579 4066; x_wconf 90' lang='lat' dir='ltr'><strong>qua</strong></span> <span class='ocrx_word' id='word_1_438' title='bbox 1625 3996 1828 4052; x_wconf 90' lang='lat' dir='ltr'><strong>milites</strong></span> <span class='ocrx_word' id='word_1_439' title='bbox 1851 3997 2018 4068; x_wconf 88' lang='lat' dir='ltr'><strong>jussit</strong></span> 
     </span>
    </p>
   </div>
   <div class='ocr_carea' id='block_1_60' title="bbox 438 4088 2014 4167">
    <p class='ocr_par' dir='ltr' id='par_1_60' title="bbox 438 4088 2014 4167">
     <span class='ocr_line' id='line_1_60' title="bbox 438 4088 2014 4167; baseline 0 -23"><span class='ocrx_word' id='word_1_440' title='bbox 438 4090 540 4144; x_wconf 90' lang='lat' dir='ltr'><strong>sibi</strong></span> <span class='ocrx_word' id='word_1_441' title='bbox 569 4090 622 4144; x_wconf 87' lang='lat' dir='ltr'><strong>in</strong></span> <span class='ocrx_word' id='word_1_442' title='bbox 647 4105 845 4144; x_wconf 75' lang='lat' dir='ltr'><strong>uxores</strong></span> <span class='ocrx_word' id='word_1_443' title='bbox 868 4093 1137 4167; x_wconf 84' lang='lat' dir='ltr'><strong>asciscere</strong></span> <span class='ocrx_word' id='word_1_444' title='bbox 1169 4089 1428 4160; x_wconf 89' lang='lat' dir='ltr'><strong>virgines,</strong></span> <span class='ocrx_word' id='word_1_445' title='bbox 1453 4104 1588 4158; x_wconf 90' lang='lat' dir='ltr'><strong>quas</strong></span> <span class='ocrx_word' id='word_1_446' title='bbox 1623 4088 1876 4145; x_wconf 86' lang='lat' dir='ltr'><strong>Brutides</strong></span> <span class='ocrx_word' id='word_1_447' title='bbox 1913 4105 2014 4161; x_wconf 90' lang='lat' dir='ltr'><strong>ap-</strong></span> 
     </span>
    </p>
   </div>
   <div class='ocr_carea' id='block_1_61' title="bbox 437 4180 2014 4252">
    <p class='ocr_par' dir='ltr' id='par_1_61' title="bbox 437 4180 2014 4252">
     <span class='ocr_line' id='line_1_61' title="bbox 437 4180 2014 4252; baseline 0.002 -18"><span class='ocrx_word' id='word_1_448' title='bbox 437 4183 730 4251; x_wconf 81' lang='lat' dir='ltr'><strong>pellabant.</strong></span> <span class='ocrx_word' id='word_1_449' title='bbox 775 4180 882 4235; x_wconf 88' lang='lat' dir='ltr'><strong>Sed</strong></span> <span class='ocrx_word' id='word_1_450' title='bbox 914 4197 1078 4236; x_wconf 92' lang='lat' dir='ltr'><strong>nemo</strong></span> <span class='ocrx_word' id='word_1_451' title='bbox 1103 4193 1222 4237; x_wconf 89' lang='lat' dir='ltr'><strong>erat</strong></span> <span class='ocrx_word' id='word_1_452' title='bbox 1247 4182 1341 4252; x_wconf 91' lang='lat' dir='ltr'><strong>qui</strong></span> <span class='ocrx_word' id='word_1_453' title='bbox 1383 4181 1547 4236; x_wconf 87' lang='lat' dir='ltr'><strong>filiam</strong></span> <span class='ocrx_word' id='word_1_454' title='bbox 1574 4197 1728 4236; x_wconf 90' lang='lat' dir='ltr'><strong>suam</strong></span> <span class='ocrx_word' id='word_1_455' title='bbox 1759 4182 1826 4238; x_wconf 92' lang='lat' dir='ltr'><strong>iis</strong></span> <span class='ocrx_word' id='word_1_456' title='bbox 1850 4183 2014 4239; x_wconf 91' lang='lat' dir='ltr'><strong>vellet</strong></span> 
     </span>
    </p>
   </div>
   <div class='ocr_carea' id='block_1_62' title="bbox 439 4270 2013 4341">
    <p class='ocr_par' dir='ltr' id='par_1_62' title="bbox 439 4270 2013 4341">
     <span class='ocr_line' id='line_1_62' title="bbox 439 4270 2013 4341; baseline 0.002 -17"><span class='ocrx_word' id='word_1_457' title='bbox 439 4271 674 4336; x_wconf 88' lang='lat' dir='ltr'><strong>tradere,</strong></span> <span class='ocrx_word' id='word_1_458' title='bbox 709 4285 832 4324; x_wconf 87' lang='lat' dir='ltr'><strong>cum</strong></span> <span class='ocrx_word' id='word_1_459' title='bbox 873 4270 1068 4325; x_wconf 88' lang='lat' dir='ltr'><strong>horum</strong></span> <span class='ocrx_word' id='word_1_460' title='bbox 1103 4271 1331 4341; x_wconf 89' lang='lat' dir='ltr'><strong>singulis</strong></span> <span class='ocrx_word' id='word_1_461' title='bbox 1375 4270 1520 4325; x_wconf 89' lang='lat' dir='ltr'><strong>haud</strong></span> <span class='ocrx_word' id='word_1_462' title='bbox 1569 4285 1858 4341; x_wconf 87' lang='lat' dir='ltr'><strong>superesse</strong></span> <span class='ocrx_word' id='word_1_463' title='bbox 1889 4271 2013 4327; x_wconf 73' lang='lat' dir='ltr'><strong>vita:</strong></span> 
     </span>
    </p>
   </div>
   <div class='ocr_carea' id='block_1_63' title="bbox 439 4359 2012 4429">
    <p class='ocr_par' dir='ltr' id='par_1_63' title="bbox 439 4359 2012 4429">
     <span class='ocr_line' id='line_1_63' title="bbox 439 4359 2012 4429; baseline 0.003 -19"><span class='ocrx_word' id='word_1_464' title='bbox 439 4373 590 4427; x_wconf 86' lang='lat' dir='ltr'><strong>spem</strong></span> <span class='ocrx_word' id='word_1_465' title='bbox 624 4371 846 4428; x_wconf 90' lang='lat' dir='ltr'><strong>propter</strong></span> <span class='ocrx_word' id='word_1_466' title='bbox 872 4359 1011 4412; x_wconf 89' lang='lat' dir='ltr'><strong>bella</strong></span> <span class='ocrx_word' id='word_1_467' title='bbox 1038 4359 1282 4414; x_wconf 90' lang='lat' dir='ltr'><strong>dicerent</strong></span> <span class='ocrx_word' id='word_1_468' title='bbox 1301 4398 1317 4424; x_wconf 92' lang='lat'><strong>,</strong></span> <span class='ocrx_word' id='word_1_469' title='bbox 1343 4359 1474 4428; x_wconf 93' lang='lat' dir='ltr'><strong>quin</strong></span> <span class='ocrx_word' id='word_1_470' title='bbox 1502 4359 1685 4429; x_wconf 87' lang='lat' dir='ltr'><strong>potius</strong></span> <span class='ocrx_word' id='word_1_471' title='bbox 1720 4375 1847 4415; x_wconf 90' lang='lat' dir='ltr'><strong>suas</strong></span> <span class='ocrx_word' id='word_1_472' title='bbox 1877 4359 2012 4416; x_wconf 88' lang='lat' dir='ltr'><strong>filias</strong></span> 
     </span>
    </p>
   </div>
   <div class='ocr_carea' id='block_1_64' title="bbox 438 4542 2013 4617">
    <p class='ocr_par' dir='ltr' id='par_1_64' title="bbox 438 4542 2013 4617">
     <span class='ocr_line' id='line_1_64' title="bbox 438 4542 2013 4617; baseline 0 -19"><span class='ocrx_word' id='word_1_473' title='bbox 438 4551 590 4599; x_wconf 87' lang='lat' dir='ltr'><strong>tutus</strong></span> <span class='ocrx_word' id='word_1_474' title='bbox 618 4544 684 4600; x_wconf 90' lang='lat' dir='ltr'><strong>ad</strong></span> <span class='ocrx_word' id='word_1_475' title='bbox 710 4545 990 4600; x_wconf 81' lang='lat' dir='ltr'><strong>oraculum</strong></span> <span class='ocrx_word' id='word_1_476' title='bbox 1018 4544 1379 4617; x_wconf 80' lang='lat' dir='ltr'><strong>proﬁciscitur</strong></span> <span class='ocrx_word' id='word_1_477' title='bbox 1406 4581 1420 4606; x_wconf 88' lang='lat'><strong>,</strong></span> <span class='ocrx_word' id='word_1_478' title='bbox 1473 4558 1504 4597; x_wconf 90' lang='lat' dir='ltr'><strong>a</strong></span> <span class='ocrx_word' id='word_1_479' title='bbox 1550 4557 1658 4612; x_wconf 95' lang='lat' dir='ltr'><strong>quo</strong></span> <span class='ocrx_word' id='word_1_480' title='bbox 1697 4542 1886 4597; x_wconf 87' lang='lat' dir='ltr'><strong>datum</strong></span> <span class='ocrx_word' id='word_1_481' title='bbox 1929 4552 2013 4598; x_wconf 87' lang='lat' dir='ltr'><strong>est</strong></span> 
     </span>
    </p>
   </div>
   <div class='ocr_carea' id='block_1_65' title="bbox 2116 1907 3697 1988">
    <p class='ocr_par' dir='ltr' id='par_1_65' title="bbox 2116 1907 3697 1988">
     <span class='ocr_line' id='line_1_65' title="bbox 2116 1907 3697 1988; baseline 0.008 -29"><span class='ocrx_word' id='word_1_482' title='bbox 2116 1921 2237 1970; x_wconf 88' lang='grc' dir='ltr'>τον,</span> <span class='ocrx_word' id='word_1_483' title='bbox 2269 1907 2296 1959; x_wconf 81' lang='grc' dir='ltr'><strong>ὃ</strong></span> <span class='ocrx_word' id='word_1_484' title='bbox 2323 1909 2470 1960; x_wconf 88' lang='grc' dir='ltr'>ἐστιν</span> <span class='ocrx_word' id='word_1_485' title='bbox 2504 1907 2788 1978; x_wconf 82' lang='grc' dir='ltr'>Ῥωμαῖκὴ</span> <span class='ocrx_word' id='word_1_486' title='bbox 2803 1907 2968 1975; x_wconf 81' lang='grc' dir='ltr'>λέξις,</span> <span class='ocrx_word' id='word_1_487' title='bbox 2991 1910 3114 1980; x_wconf 77' lang='grc' dir='ltr'>ἥτις</span> <span class='ocrx_word' id='word_1_488' title='bbox 3142 1912 3526 1982; x_wconf 84' lang='grc' dir='ltr'>ἑρμηνεύεται,</span> <span class='ocrx_word' id='word_1_489' title='bbox 3561 1918 3697 1988; x_wconf 83' lang='grc' dir='ltr'><strong>Ἐμ-</strong></span> 
     </span>
    </p>
   </div>
   <div class='ocr_carea' id='block_1_66' title="bbox 2118 1994 3699 2080">
    <p class='ocr_par' dir='ltr' id='par_1_66' title="bbox 2118 1994 3699 2080">
     <span class='ocr_line' id='line_1_66' title="bbox 2118 1994 3699 2080; baseline 0.006 -33"><span class='ocrx_word' id='word_1_490' title='bbox 2118 1994 2488 2066; x_wconf 77' lang='grc' dir='ltr'>παρὰμονον·</span> <span class='ocrx_word' id='word_1_491' title='bbox 2513 1999 2923 2069; x_wconf 88' lang='grc' dir='ltr'>πραισεντεύειν</span> <span class='ocrx_word' id='word_1_492' title='bbox 2955 2000 3030 2071; x_wconf 87' lang='grc'><strong>(1)</strong></span> <span class='ocrx_word' id='word_1_493' title='bbox 3053 2003 3165 2073; x_wconf 84' lang='grc' dir='ltr'>γὰρ</span> <span class='ocrx_word' id='word_1_494' title='bbox 3190 2002 3407 2072; x_wconf 88' lang='grc' dir='ltr'>λέγεται</span> <span class='ocrx_word' id='word_1_495' title='bbox 3430 2006 3490 2060; x_wconf 80' lang='grc' dir='ltr'><strong>τὸ</strong></span> <span class='ocrx_word' id='word_1_496' title='bbox 3519 2025 3699 2080; x_wconf 73' lang='grc' dir='ltr'>παρα.</span> 
     </span>
    </p>
   </div>
   <div class='ocr_carea' id='block_1_67' title="bbox 2123 2087 3694 2163">
    <p class='ocr_par' dir='ltr' id='par_1_67' title="bbox 2123 2087 3694 2163">
     <span class='ocr_line' id='line_1_67' title="bbox 2123 2087 3694 2163; baseline 0.009 -24"><span class='ocrx_word' id='word_1_497' title='bbox 2123 2087 2339 2158; x_wconf 87' lang='grc' dir='ltr'>μένειν,</span> <span class='ocrx_word' id='word_1_498' title='bbox 2373 2087 2508 2142; x_wconf 84' lang='grc' dir='ltr'>διότι</span> <span class='ocrx_word' id='word_1_499' title='bbox 2537 2091 2570 2160; x_wconf 83' lang='grc' dir='ltr'><strong>ἡ</strong></span> <span class='ocrx_word' id='word_1_500' title='bbox 2601 2088 2842 2163; x_wconf 88' lang='grc' dir='ltr'>χλοώδης</span> <span class='ocrx_word' id='word_1_501' title='bbox 2867 2094 2938 2163; x_wconf 81' lang='grc' dir='ltr'>γῆ</span> <span class='ocrx_word' id='word_1_502' title='bbox 2976 2093 3064 2147; x_wconf 77' lang='grc' dir='ltr'>διὰ</span> <span class='ocrx_word' id='word_1_503' title='bbox 3102 2095 3304 2160; x_wconf 81' lang='grc' dir='ltr'>παντὸς</span> <span class='ocrx_word' id='word_1_504' title='bbox 3342 2096 3557 2152; x_wconf 73' lang='grc' dir='ltr'>ἵσταται</span> <span class='ocrx_word' id='word_1_505' title='bbox 3597 2101 3694 2153; x_wconf 77' lang='grc' dir='ltr'><strong>σὺν</strong></span> 
     </span>
    </p>
   </div>
   <div class='ocr_carea' id='block_1_68' title="bbox 2116 2177 3696 2245">
    <p class='ocr_par' dir='ltr' id='par_1_68' title="bbox 2116 2177 3696 2245">
     <span class='ocr_line' id='line_1_68' title="bbox 2116 2177 3696 2245; baseline 0.009 -15"><span class='ocrx_word' id='word_1_506' title='bbox 2116 2180 2232 2243; x_wconf 84' lang='grc' dir='ltr'>τοῖς</span> <span class='ocrx_word' id='word_1_507' title='bbox 2256 2177 2467 2232; x_wconf 56' lang='grc' dir='ltr'>ἄλσεσι.</span> <span class='ocrx_word' id='word_1_508' title='bbox 2489 2179 2563 2233; x_wconf 86' lang='grc' dir='ltr'><strong>Τὸ</strong></span> <span class='ocrx_word' id='word_1_509' title='bbox 2589 2180 2647 2234; x_wconf 84' lang='grc' dir='ltr'>δὲ</span> <span class='ocrx_word' id='word_1_510' title='bbox 2669 2181 2894 2234; x_wconf 84' lang='grc' dir='ltr'>Βὲνετον</span> <span class='ocrx_word' id='word_1_511' title='bbox 2918 2182 3179 2237; x_wconf 83' lang='grc' dir='ltr'>ἐκάλεσεν</span> <span class='ocrx_word' id='word_1_512' title='bbox 3205 2185 3270 2239; x_wconf 89' lang='grc' dir='ltr'><strong>ἐκ</strong></span> <span class='ocrx_word' id='word_1_513' title='bbox 3299 2185 3394 2240; x_wconf 89' lang='grc' dir='ltr'><strong>τοῦ</strong></span> <span class='ocrx_word' id='word_1_514' title='bbox 3423 2185 3564 2243; x_wconf 81' lang='grc' dir='ltr'>εἶναι</span> <span class='ocrx_word' id='word_1_515' title='bbox 3589 2191 3696 2245; x_wconf 62' lang='lat' dir='ltr'><strong>dial:</strong></span> 
     </span>
    </p>
   </div>
   <div class='ocr_carea' id='block_1_69' title="bbox 2117 2262 3695 2350">
    <p class='ocr_par' dir='ltr' id='par_1_69' title="bbox 2117 2262 3695 2350">
     <span class='ocr_line' id='line_1_69' title="bbox 2117 2262 3695 2350; baseline 0.006 -28"><span class='ocrx_word' id='word_1_516' title='bbox 2117 2268 2217 2341; x_wconf 76' lang='grc' dir='ltr'>τὴν</span> <span class='ocrx_word' id='word_1_517' title='bbox 2252 2268 2473 2342; x_wconf 85' lang='grc' dir='ltr'>Ῥώμην</span> <span class='ocrx_word' id='word_1_518' title='bbox 2497 2271 2767 2342; x_wconf 79' lang='grc' dir='ltr'>ἐπαρχίαν</span> <span class='ocrx_word' id='word_1_519' title='bbox 2791 2271 2974 2344; x_wconf 92' lang='grc' dir='ltr'>χώραν</span> <span class='ocrx_word' id='word_1_520' title='bbox 3002 2272 3302 2347; x_wconf 83' lang='grc' dir='ltr'>λεγομένην</span> <span class='ocrx_word' id='word_1_521' title='bbox 3320 2262 3608 2345; x_wconf 74' lang='grc' dir='ltr'>Βενετζίαν</span> <span class='ocrx_word' id='word_1_522' title='bbox 3623 2284 3695 2350; x_wconf 75' lang='grc'><strong>’⁸,</strong></span> 
     </span>
    </p>
   </div>
   <div class='ocr_carea' id='block_1_70' title="bbox 2115 2357 3700 2440">
    <p class='ocr_par' dir='ltr' id='par_1_70' title="bbox 2115 2357 3700 2440">
     <span class='ocr_line' id='line_1_70' title="bbox 2115 2357 3700 2440; baseline 0.009 -27"><span class='ocrx_word' id='word_1_523' title='bbox 2115 2357 2339 2434; x_wconf 84' lang='grc' dir='ltr'>ἦστινος</span> <span class='ocrx_word' id='word_1_524' title='bbox 2393 2362 2731 2434; x_wconf 86' lang='grc' dir='ltr'>μητρόπολίς</span> <span class='ocrx_word' id='word_1_525' title='bbox 2778 2364 2926 2417; x_wconf 80' lang='grc' dir='ltr'>ἐστιν</span> <span class='ocrx_word' id='word_1_526' title='bbox 2961 2365 3226 2438; x_wconf 78' lang='grc' dir='ltr'>Ἀκυληῖα</span> <span class='ocrx_word' id='word_1_527' title='bbox 3250 2383 3265 2398; x_wconf 82' lang='grc'><strong><em>⁸</em></strong></span> <span class='ocrx_word' id='word_1_528' title='bbox 3309 2371 3563 2426; x_wconf 80' lang='grc' dir='ltr'>κάκεῖθεν</span> <span class='ocrx_word' id='word_1_529' title='bbox 3610 2374 3700 2440; x_wconf 80' lang='grc' dir='ltr'><strong>ἐξ·</strong></span> 
     </span>
    </p>
   </div>
   <div class='ocr_carea' id='block_1_71' title="bbox 2118 2451 3702 2536">
    <p class='ocr_par' dir='ltr' id='par_1_71' title="bbox 2118 2451 3702 2536">
     <span class='ocr_line' id='line_1_71' title="bbox 2118 2451 3702 2536; baseline 0.009 -33"><span class='ocrx_word' id='word_1_530' title='bbox 2118 2451 2369 2524; x_wconf 84' lang='grc' dir='ltr'>ἐρχονται</span> <span class='ocrx_word' id='word_1_531' title='bbox 2407 2451 2478 2505; x_wconf 81' lang='grc' dir='ltr'><strong>τά</strong></span> <span class='ocrx_word' id='word_1_532' title='bbox 2520 2455 2716 2520; x_wconf 81' lang='grc' dir='ltr'>κυανᾶ,</span> <span class='ocrx_word' id='word_1_533' title='bbox 2756 2454 3036 2510; x_wconf 77' lang='grc' dir='ltr'>τουτέστιν</span> <span class='ocrx_word' id='word_1_534' title='bbox 3090 2457 3162 2510; x_wconf 85' lang='grc' dir='ltr'><strong>τά</strong></span> <span class='ocrx_word' id='word_1_535' title='bbox 3203 2459 3461 2525; x_wconf 76' lang='grc' dir='ltr'>Βενέτζια</span> <span class='ocrx_word' id='word_1_536' title='bbox 3476 2464 3522 2496; x_wconf 79' lang='grc'><strong>⁸⁷</strong></span> <span class='ocrx_word' id='word_1_537' title='bbox 3556 2463 3702 2536; x_wconf 80' lang='grc' dir='ltr'>βάμρ</span> 
     </span>
    </p>
   </div>
   <div class='ocr_carea' id='block_1_72' title="bbox 2121 2543 3700 2626">
    <p class='ocr_par' dir='ltr' id='par_1_72' title="bbox 2121 2543 3700 2626">
     <span class='ocr_line' id='line_1_72' title="bbox 2121 2543 3700 2626; baseline 0.008 -31"><span class='ocrx_word' id='word_1_538' title='bbox 2121 2557 2273 2613; x_wconf 85' lang='grc' dir='ltr'>ματα</span> <span class='ocrx_word' id='word_1_539' title='bbox 2303 2543 2412 2597; x_wconf 89' lang='grc' dir='ltr'><strong>τῶν</strong></span> <span class='ocrx_word' id='word_1_540' title='bbox 2444 2543 2697 2613; x_wconf 80' lang='grc' dir='ltr'>ἱματίων,</span> <span class='ocrx_word' id='word_1_541' title='bbox 2733 2544 2828 2598; x_wconf 79' lang='grc' dir='ltr'>καὶ</span> <span class='ocrx_word' id='word_1_542' title='bbox 2859 2547 3299 2624; x_wconf 82' lang='grc' dir='ltr'>προσεκόλλησεν</span> <span class='ocrx_word' id='word_1_543' title='bbox 3325 2551 3403 2622; x_wconf 84' lang='grc' dir='ltr'>τῷ</span> <span class='ocrx_word' id='word_1_544' title='bbox 3437 2553 3700 2626; x_wconf 87' lang='grc' dir='ltr'>Πρασίνῳ</span> 
     </span>
    </p>
   </div>
   <div class='ocr_carea' id='block_1_73' title="bbox 2121 2632 3694 2716">
    <p class='ocr_par' dir='ltr' id='par_1_73' title="bbox 2121 2632 3694 2716">
     <span class='ocr_line' id='line_1_73' title="bbox 2121 2632 3694 2716; baseline 0.01 -32"><span class='ocrx_word' id='word_1_545' title='bbox 2121 2632 2314 2704; x_wconf 90' lang='grc' dir='ltr'>μέρει,</span> <span class='ocrx_word' id='word_1_546' title='bbox 2342 2633 2372 2686; x_wconf 81' lang='grc' dir='ltr'><strong>ὃ</strong></span> <span class='ocrx_word' id='word_1_547' title='bbox 2414 2635 2564 2688; x_wconf 87' lang='grc' dir='ltr'>ἐστιν</span> <span class='ocrx_word' id='word_1_548' title='bbox 2590 2637 2657 2706; x_wconf 79' lang='grc' dir='ltr'>τῇ</span> <span class='ocrx_word' id='word_1_549' title='bbox 2691 2638 2760 2707; x_wconf 80' lang='grc' dir='ltr'>γῇ</span> <span class='ocrx_word' id='word_1_550' title='bbox 2780 2676 2796 2702; x_wconf 92' lang='grc'><strong>,</strong></span> <span class='ocrx_word' id='word_1_551' title='bbox 2840 2637 2900 2690; x_wconf 84' lang='grc' dir='ltr'><strong>τὸ</strong></span> <span class='ocrx_word' id='word_1_552' title='bbox 2927 2637 3118 2692; x_wconf 81' lang='grc' dir='ltr'>λευκὸν</span> <span class='ocrx_word' id='word_1_553' title='bbox 3139 2679 3153 2705; x_wconf 90' lang='grc'><strong>,</strong></span> <span class='ocrx_word' id='word_1_554' title='bbox 3184 2640 3321 2711; x_wconf 77' lang='grc' dir='ltr'>φησὶ</span> <span class='ocrx_word' id='word_1_555' title='bbox 3336 2643 3382 2674; x_wconf 81' lang='grc'><strong><em>³⁸</em></strong></span> <span class='ocrx_word' id='word_1_556' title='bbox 3409 2643 3501 2698; x_wconf 78' lang='grc' dir='ltr'>τὸν</span> <span class='ocrx_word' id='word_1_557' title='bbox 3535 2647 3694 2716; x_wconf 84' lang='grc' dir='ltr'>ἀέρα,</span> 
     </span>
    </p>
   </div>
   <div class='ocr_carea' id='block_1_74' title="bbox 2119 2720 3694 2810">
    <p class='ocr_par' dir='ltr' id='par_1_74' title="bbox 2119 2720 3694 2810">
     <span class='ocr_line' id='line_1_74' title="bbox 2119 2720 3694 2810; baseline 0.01 -36"><span class='ocrx_word' id='word_1_558' title='bbox 2119 2720 2311 2776; x_wconf 84' lang='grc' dir='ltr'>καθότι</span> <span class='ocrx_word' id='word_1_559' title='bbox 2347 2721 2532 2794; x_wconf 81' lang='grc' dir='ltr'>βρέχει</span> <span class='ocrx_word' id='word_1_560' title='bbox 2566 2724 2661 2778; x_wconf 79' lang='grc' dir='ltr'>καὶ</span> <span class='ocrx_word' id='word_1_561' title='bbox 2696 2725 2964 2798; x_wconf 86' lang='grc' dir='ltr'>ὑπουργεῖ</span> <span class='ocrx_word' id='word_1_562' title='bbox 2991 2729 3084 2783; x_wconf 75' lang='grc' dir='ltr'><strong>καὶ</strong></span> <span class='ocrx_word' id='word_1_563' title='bbox 3111 2731 3372 2802; x_wconf 77' lang='grc' dir='ltr'>ἁρμόττει</span> <span class='ocrx_word' id='word_1_564' title='bbox 3400 2737 3466 2806; x_wconf 83' lang='grc' dir='ltr'>τῇ</span> <span class='ocrx_word' id='word_1_565' title='bbox 3497 2737 3585 2807; x_wconf 81' lang='grc' dir='ltr'><strong>γῇ.</strong></span> <span class='ocrx_word' id='word_1_566' title='bbox 3605 2738 3694 2810; x_wconf 85' lang='grc' dir='ltr'><strong>Τῷ</strong></span> 
     </span>
    </p>
   </div>
   <div class='ocr_carea' id='block_1_75' title="bbox 2117 2811 3698 2900">
    <p class='ocr_par' dir='ltr' id='par_1_75' title="bbox 2117 2811 3698 2900">
     <span class='ocr_line' id='line_1_75' title="bbox 2117 2811 3698 2900; baseline 0.011 -37"><span class='ocrx_word' id='word_1_567' title='bbox 2117 2811 2330 2884; x_wconf 86' lang='grc' dir='ltr'>Βενέτῳ</span> <span class='ocrx_word' id='word_1_568' title='bbox 2359 2813 2538 2885; x_wconf 86' lang='grc' dir='ltr'>μέρει,</span> <span class='ocrx_word' id='word_1_569' title='bbox 2567 2816 2596 2870; x_wconf 84' lang='grc' dir='ltr'><strong>ὃ</strong></span> <span class='ocrx_word' id='word_1_570' title='bbox 2619 2819 2736 2871; x_wconf 87' lang='grc' dir='ltr'>ἐστι</span> <span class='ocrx_word' id='word_1_571' title='bbox 2765 2820 2881 2882; x_wconf 81' lang='grc' dir='ltr'>τοῖς</span> <span class='ocrx_word' id='word_1_572' title='bbox 2911 2817 3090 2886; x_wconf 80' lang='grc' dir='ltr'>ὕδασι,</span> <span class='ocrx_word' id='word_1_573' title='bbox 3115 2823 3524 2896; x_wconf 85' lang='grc' dir='ltr'>προσεκόλλησε</span> <span class='ocrx_word' id='word_1_574' title='bbox 3558 2843 3698 2900; x_wconf 78' lang='grc' dir='ltr'>συμ-</span> 
     </span>
    </p>
   </div>
   <div class='ocr_carea' id='block_1_76' title="bbox 2119 2902 3691 2984">
    <p class='ocr_par' dir='ltr' id='par_1_76' title="bbox 2119 2902 3691 2984">
     <span class='ocr_line' id='line_1_76' title="bbox 2119 2902 3691 2984; baseline 0.012 -30"><span class='ocrx_word' id='word_1_575' title='bbox 2119 2902 2283 2974; x_wconf 81' lang='grc' dir='ltr'>μίξας</span> <span class='ocrx_word' id='word_1_576' title='bbox 2309 2903 2370 2958; x_wconf 87' lang='grc' dir='ltr'><strong>τὸ</strong></span> <span class='ocrx_word' id='word_1_577' title='bbox 2407 2904 2682 2960; x_wconf 82' lang='grc' dir='ltr'>Ῥουσαϊον</span> <span class='ocrx_word' id='word_1_578' title='bbox 2729 2907 2918 2980; x_wconf 83' lang='grc' dir='ltr'>μέρος,</span> <span class='ocrx_word' id='word_1_579' title='bbox 2962 2912 2990 2964; x_wconf 85' lang='grc' dir='ltr'><strong>δ</strong></span> <span class='ocrx_word' id='word_1_580' title='bbox 3021 2912 3170 2965; x_wconf 79' lang='grc' dir='ltr'>ἐστιν</span> <span class='ocrx_word' id='word_1_581' title='bbox 3201 2912 3264 2966; x_wconf 82' lang='grc' dir='ltr'>τὸ</span> <span class='ocrx_word' id='word_1_582' title='bbox 3306 2913 3452 2984; x_wconf 90' lang='grc' dir='ltr'>πῦρ,</span> <span class='ocrx_word' id='word_1_583' title='bbox 3501 2919 3691 2975; x_wconf 82' lang='grc' dir='ltr'>καθότι</span> 
     </span>
    </p>
   </div>
   <div class='ocr_carea' id='block_1_77' title="bbox 2119 2993 3695 3078">
    <p class='ocr_par' dir='ltr' id='par_1_77' title="bbox 2119 2993 3695 3078">
     <span class='ocr_line' id='line_1_77' title="bbox 2119 2993 3695 3078; baseline 0.013 -33"><span class='ocrx_word' id='word_1_584' title='bbox 2119 2993 2368 3048; x_wconf 75' lang='grc' dir='ltr'>σϐέννυσι</span> <span class='ocrx_word' id='word_1_585' title='bbox 2399 2995 2458 3047; x_wconf 83' lang='grc' dir='ltr'>τὸ</span> <span class='ocrx_word' id='word_1_586' title='bbox 2485 2995 2596 3069; x_wconf 92' lang='grc' dir='ltr'><strong>πῦρ</strong></span> <span class='ocrx_word' id='word_1_587' title='bbox 2617 2997 2694 3062; x_wconf 83' lang='grc' dir='ltr'>ὡς</span> <span class='ocrx_word' id='word_1_588' title='bbox 2717 3000 3157 3072; x_wconf 83' lang='grc' dir='ltr'>ὑποτεταγμένον</span> <span class='ocrx_word' id='word_1_589' title='bbox 3184 3005 3354 3078; x_wconf 84' lang='grc' dir='ltr'>αύτῷ.</span> <span class='ocrx_word' id='word_1_590' title='bbox 3377 3008 3487 3061; x_wconf 81' lang='grc' dir='ltr'><strong>Καὶ</strong></span> <span class='ocrx_word' id='word_1_591' title='bbox 3508 3009 3695 3067; x_wconf 77' lang='grc' dir='ltr'>λοιπὸν</span> 
     </span>
    </p>
   </div>
   <div class='ocr_carea' id='block_1_78' title="bbox 2055 3073 3696 3174">
    <p class='ocr_par' dir='ltr' id='par_1_78' title="bbox 2055 3073 3696 3174">
     <span class='ocr_line' id='line_1_78' title="bbox 2055 3073 3696 3174; baseline 0.011 -38"><span class='ocrx_word' id='word_1_592' title='bbox 2055 3073 2164 3174; x_wconf 32' lang='lat' dir='ltr'><strong>tot</strong></span> <span class='ocrx_word' id='word_1_593' title='bbox 2193 3084 2291 3156; x_wconf 80' lang='grc' dir='ltr'><strong>τὴν</strong></span> <span class='ocrx_word' id='word_1_594' title='bbox 2328 3084 2550 3157; x_wconf 80' lang='grc' dir='ltr'>Ῥώμην</span> <span class='ocrx_word' id='word_1_595' title='bbox 2583 3087 2864 3154; x_wconf 83' lang='grc' dir='ltr'>οἰκοῦντες</span> <span class='ocrx_word' id='word_1_596' title='bbox 2905 3073 3338 3167; x_wconf 71' lang='grc' dir='ltr'>διεμερίσθησαν</span> <span class='ocrx_word' id='word_1_597' title='bbox 3373 3098 3443 3153; x_wconf 85' lang='grc' dir='ltr'>τὰ</span> <span class='ocrx_word' id='word_1_598' title='bbox 3459 3101 3505 3132; x_wconf 84' lang='grc'><strong>¹⁹</strong></span> <span class='ocrx_word' id='word_1_599' title='bbox 3530 3103 3696 3174; x_wconf 89' lang='grc' dir='ltr'>μέρη,</span> 
     </span>
    </p>
   </div>
   <div class='ocr_carea' id='block_1_79' title="bbox 2113 3176 3699 3266">
    <p class='ocr_par' dir='ltr' id='par_1_79' title="bbox 2113 3176 3699 3266">
     <span class='ocr_line' id='line_1_79' title="bbox 2113 3176 3699 3266; baseline 0.012 -37"><span class='ocrx_word' id='word_1_600' title='bbox 2113 3176 2208 3229; x_wconf 70' lang='grc' dir='ltr'><strong>καὶ</strong></span> <span class='ocrx_word' id='word_1_601' title='bbox 2259 3177 2443 3230; x_wconf 80' lang='grc' dir='ltr'>οὐκέτι</span> <span class='ocrx_word' id='word_1_602' title='bbox 2484 3177 2808 3250; x_wconf 86' lang='grc' dir='ltr'>ώμονόησαν</span> <span class='ocrx_word' id='word_1_603' title='bbox 2847 3183 2986 3253; x_wconf 73' lang='grc' dir='ltr'>πρὸς</span> <span class='ocrx_word' id='word_1_604' title='bbox 3029 3183 3292 3256; x_wconf 78' lang='grc' dir='ltr'>ἀλλήλους</span> <span class='ocrx_word' id='word_1_605' title='bbox 3336 3187 3428 3243; x_wconf 80' lang='grc' dir='ltr'>διὰ</span> <span class='ocrx_word' id='word_1_606' title='bbox 3470 3191 3532 3244; x_wconf 78' lang='grc' dir='ltr'>τὸ</span> <span class='ocrx_word' id='word_1_607' title='bbox 3564 3195 3699 3266; x_wconf 72' lang='grc' dir='ltr'>ἐρᾷν</span> 
     </span>
    </p>
   </div>
   <div class='ocr_carea' id='block_1_80' title="bbox 2113 3266 3692 3342">
    <p class='ocr_par' dir='ltr' id='par_1_80' title="bbox 2113 3266 3692 3342">
     <span class='ocr_line' id='line_1_80' title="bbox 2113 3266 3692 3342; baseline 0.013 -24"><span class='ocrx_word' id='word_1_608' title='bbox 2113 3266 2344 3320; x_wconf 71' lang='grc' dir='ltr'>ἕκαστον</span> <span class='ocrx_word' id='word_1_609' title='bbox 2372 3268 2474 3338; x_wconf 69' lang='grc' dir='ltr'>τῆς</span> <span class='ocrx_word' id='word_1_610' title='bbox 2507 3269 2644 3335; x_wconf 83' lang='grc' dir='ltr'>ἰδίας</span> <span class='ocrx_word' id='word_1_611' title='bbox 2676 3270 2836 3342; x_wconf 84' lang='grc' dir='ltr'>νίκης</span> <span class='ocrx_word' id='word_1_612' title='bbox 2868 3273 2962 3327; x_wconf 78' lang='grc' dir='ltr'>καὶ</span> <span class='ocrx_word' id='word_1_613' title='bbox 3003 3275 3399 3334; x_wconf 84' lang='grc' dir='ltr'>ἀντιποιεῖσθαι</span> <span class='ocrx_word' id='word_1_614' title='bbox 3429 3281 3524 3336; x_wconf 90' lang='grc' dir='ltr'><strong>τοῦ</strong></span> <span class='ocrx_word' id='word_1_615' title='bbox 3558 3284 3692 3340; x_wconf 71' lang='grc' dir='ltr'>ἰδίου</span> 
     </span>
    </p>
   </div>
   <div class='ocr_carea' id='block_1_81' title="bbox 2116 3358 3696 3444">
    <p class='ocr_par' dir='ltr' id='par_1_81' title="bbox 2116 3358 3696 3444">
     <span class='ocr_line' id='line_1_81' title="bbox 2116 3358 3696 3444; baseline 0.013 -35"><span class='ocrx_word' id='word_1_616' title='bbox 2116 3358 2349 3428; x_wconf 83' lang='grc' dir='ltr'>μέρους,</span> <span class='ocrx_word' id='word_1_617' title='bbox 2381 3358 2570 3432; x_wconf 85' lang='grc' dir='ltr'>ὥσπερ</span> <span class='ocrx_word' id='word_1_618' title='bbox 2601 3361 2902 3433; x_wconf 84' lang='grc' dir='ltr'>θρησκείας</span> <span class='ocrx_word' id='word_1_619' title='bbox 2945 3365 3124 3430; x_wconf 80' lang='grc' dir='ltr'>τινός’</span> <span class='ocrx_word' id='word_1_620' title='bbox 3160 3370 3254 3422; x_wconf 72' lang='grc' dir='ltr'><strong>καὶ</strong></span> <span class='ocrx_word' id='word_1_621' title='bbox 3297 3370 3509 3442; x_wconf 78' lang='grc' dir='ltr'>ὑπῆρξε</span> <span class='ocrx_word' id='word_1_622' title='bbox 3549 3375 3696 3444; x_wconf 81' lang='grc' dir='ltr'>μέγα</span> 
     </span>
    </p>
   </div>
   <div class='ocr_carea' id='block_1_82' title="bbox 2116 3449 3695 3540">
    <p class='ocr_par' dir='ltr' id='par_1_82' title="bbox 2116 3449 3695 3540">
     <span class='ocr_line' id='line_1_82' title="bbox 2116 3449 3695 3540; baseline 0.014 -40"><span class='ocrx_word' id='word_1_623' title='bbox 2116 3449 2320 3520; x_wconf 86' lang='grc' dir='ltr'>σχίσμα</span> <span class='ocrx_word' id='word_1_624' title='bbox 2348 3451 2408 3505; x_wconf 89' lang='grc' dir='ltr'><strong>ἐν</strong></span> <span class='ocrx_word' id='word_1_625' title='bbox 2436 3455 2501 3524; x_wconf 74' lang='grc' dir='ltr'>τῇ</span> <span class='ocrx_word' id='word_1_626' title='bbox 2519 3452 2725 3526; x_wconf 81' lang='grc' dir='ltr'>Ῥώμῃ,</span> <span class='ocrx_word' id='word_1_627' title='bbox 2764 3456 2860 3508; x_wconf 75' lang='grc' dir='ltr'>καὶ</span> <span class='ocrx_word' id='word_1_628' title='bbox 2891 3456 3136 3530; x_wconf 81' lang='grc' dir='ltr'>μεγάλην</span> <span class='ocrx_word' id='word_1_629' title='bbox 3160 3459 3361 3532; x_wconf 75' lang='grc' dir='ltr'>ἔχθραν</span> <span class='ocrx_word' id='word_1_630' title='bbox 3387 3461 3532 3535; x_wconf 76' lang='grc' dir='ltr'>εἶχον</span> <span class='ocrx_word' id='word_1_631' title='bbox 3559 3473 3695 3540; x_wconf 76' lang='grc' dir='ltr'>πρὸς</span> 
     </span>
    </p>
   </div>
   <div class='ocr_carea' id='block_1_83' title="bbox 2114 3541 3697 3632">
    <p class='ocr_par' dir='ltr' id='par_1_83' title="bbox 2114 3541 3697 3632">
     <span class='ocr_line' id='line_1_83' title="bbox 2114 3541 3697 3632; baseline 0.012 -36"><span class='ocrx_word' id='word_1_632' title='bbox 2114 3541 2380 3632; x_wconf 56' lang='grc' dir='ltr'>ἀλλήλους</span> <span class='ocrx_word' id='word_1_633' title='bbox 2393 3545 2438 3576; x_wconf 77' lang='grc'><strong>³⁸</strong></span> <span class='ocrx_word' id='word_1_634' title='bbox 2461 3543 2552 3632; x_wconf 11' lang='grc' dir='ltr'><strong>γτά</strong></span> <span class='ocrx_word' id='word_1_635' title='bbox 2590 3547 2732 3618; x_wconf 89' lang='grc' dir='ltr'>μέρη</span> <span class='ocrx_word' id='word_1_636' title='bbox 2752 3586 2767 3610; x_wconf 87' lang='grc'><strong>,</strong></span> <span class='ocrx_word' id='word_1_637' title='bbox 2800 3549 2970 3603; x_wconf 89' lang='grc' dir='ltr'>ἀπότε</span> <span class='ocrx_word' id='word_1_638' title='bbox 2984 3551 3025 3582; x_wconf 74' lang='grc'><strong>³⁸</strong></span> <span class='ocrx_word' id='word_1_639' title='bbox 3050 3551 3350 3624; x_wconf 84' lang='grc' dir='ltr'>ἐπενόησεν</span> <span class='ocrx_word' id='word_1_640' title='bbox 3386 3557 3568 3622; x_wconf 82' lang='grc' dir='ltr'>αὐτοῖς</span> <span class='ocrx_word' id='word_1_641' title='bbox 3595 3561 3697 3632; x_wconf 75' lang='grc' dir='ltr'>τὴν</span> 
     </span>
    </p>
   </div>
   <div class='ocr_carea' id='block_1_84' title="bbox 2114 3630 3695 3719">
    <p class='ocr_par' dir='ltr' id='par_1_84' title="bbox 2114 3630 3695 3719">
     <span class='ocr_line' id='line_1_84' title="bbox 2114 3630 3695 3719; baseline 0.014 -37"><span class='ocrx_word' id='word_1_642' title='bbox 2114 3631 2208 3682; x_wconf 86' lang='grc' dir='ltr'><strong>τοῦ</strong></span> <span class='ocrx_word' id='word_1_643' title='bbox 2233 3630 2483 3686; x_wconf 85' lang='grc' dir='ltr'>Ἱππικοῦ</span> <span class='ocrx_word' id='word_1_644' title='bbox 2515 3633 2644 3688; x_wconf 91' lang='grc' dir='ltr'>θέαν</span> <span class='ocrx_word' id='word_1_645' title='bbox 2675 3637 2703 3688; x_wconf 89' lang='grc' dir='ltr'><strong>ό</strong></span> <span class='ocrx_word' id='word_1_646' title='bbox 2733 3635 2966 3708; x_wconf 73' lang='grc' dir='ltr'>Ῥῶμος.</span> <span class='ocrx_word' id='word_1_647' title='bbox 2993 3639 3083 3694; x_wconf 83' lang='grc' dir='ltr'>Ἐν</span> <span class='ocrx_word' id='word_1_648' title='bbox 3109 3641 3220 3695; x_wconf 80' lang='grc' dir='ltr'><strong>δέ³¹</strong></span> <span class='ocrx_word' id='word_1_649' title='bbox 3237 3647 3302 3715; x_wconf 79' lang='grc' dir='ltr'>τῇ</span> <span class='ocrx_word' id='word_1_650' title='bbox 3331 3645 3575 3719; x_wconf 74' lang='grc' dir='ltr'>βασιλείᾳ</span> <span class='ocrx_word' id='word_1_651' title='bbox 3598 3630 3695 3704; x_wconf 77' lang='grc' dir='ltr'><strong>τοῦ</strong></span> 
     </span>
    </p>
   </div>
   <div class='ocr_carea' id='block_1_85' title="bbox 2116 3721 3697 3803">
    <p class='ocr_par' dir='ltr' id='par_1_85' title="bbox 2116 3721 3697 3803">
     <span class='ocr_line' id='line_1_85' title="bbox 2116 3721 3697 3803; baseline 0.015 -31"><span class='ocrx_word' id='word_1_652' title='bbox 2116 3721 2285 3774; x_wconf 79' lang='grc' dir='ltr'>αὐτοῦ</span> <span class='ocrx_word' id='word_1_653' title='bbox 2316 3721 2533 3794; x_wconf 86' lang='grc' dir='ltr'>Ῥώμου</span> <span class='ocrx_word' id='word_1_654' title='bbox 2563 3727 2591 3778; x_wconf 85' lang='grc' dir='ltr'><strong>ό</strong></span> <span class='ocrx_word' id='word_1_655' title='bbox 2614 3727 2844 3797; x_wconf 80' lang='grc' dir='ltr'>στρατὸς</span> <span class='ocrx_word' id='word_1_656' title='bbox 2873 3727 3040 3783; x_wconf 81' lang='grc' dir='ltr'>αὑτοῦ</span> <span class='ocrx_word' id='word_1_657' title='bbox 3072 3732 3288 3800; x_wconf 84' lang='grc' dir='ltr'>ἐγένετο</span> <span class='ocrx_word' id='word_1_658' title='bbox 3316 3737 3482 3803; x_wconf 79' lang='grc' dir='ltr'>πολὺς</span> <span class='ocrx_word' id='word_1_659' title='bbox 3507 3741 3697 3794; x_wconf 83' lang='grc' dir='ltr'>ἐπείσ-</span> 
     </span>
    </p>
   </div>
   <div class='ocr_carea' id='block_1_86' title="bbox 2113 3814 3699 3904">
    <p class='ocr_par' dir='ltr' id='par_1_86' title="bbox 2113 3814 3699 3904">
     <span class='ocr_line' id='line_1_86' title="bbox 2113 3814 3699 3904; baseline 0.013 -38"><span class='ocrx_word' id='word_1_660' title='bbox 2113 3830 2302 3880; x_wconf 88' lang='grc' dir='ltr'>ακτος,</span> <span class='ocrx_word' id='word_1_661' title='bbox 2333 3815 2431 3868; x_wconf 77' lang='grc' dir='ltr'>καὶ</span> <span class='ocrx_word' id='word_1_662' title='bbox 2473 3815 2678 3886; x_wconf 82' lang='grc' dir='ltr'>πλῆθος</span> <span class='ocrx_word' id='word_1_663' title='bbox 2705 3814 2774 3889; x_wconf 85' lang='grc' dir='ltr'>ἦν</span> <span class='ocrx_word' id='word_1_664' title='bbox 2804 3820 2862 3874; x_wconf 84' lang='grc' dir='ltr'><strong>ἐν</strong></span> <span class='ocrx_word' id='word_1_665' title='bbox 2906 3823 2972 3893; x_wconf 78' lang='grc' dir='ltr'>τῇ</span> <span class='ocrx_word' id='word_1_666' title='bbox 3015 3821 3203 3898; x_wconf 81' lang='grc' dir='ltr'>Ῥώμῃ</span> <span class='ocrx_word' id='word_1_667' title='bbox 3237 3823 3444 3900; x_wconf 81' lang='grc' dir='ltr'>ἀγρίων</span> <span class='ocrx_word' id='word_1_668' title='bbox 3480 3831 3699 3904; x_wconf 63' lang='grc' dir='ltr'>ἀνθρώ-</span> 
     </span>
    </p>
   </div>
   <div class='ocr_carea' id='block_1_87' title="bbox 2117 3904 3700 3993">
    <p class='ocr_par' dir='ltr' id='par_1_87' title="bbox 2117 3904 3700 3993">
     <span class='ocr_line' id='line_1_87' title="bbox 2117 3904 3700 3993; baseline 0.01 -35"><span class='ocrx_word' id='word_1_669' title='bbox 2117 3922 2236 3960; x_wconf 89' lang='grc' dir='ltr'><strong>πων</strong></span> <span class='ocrx_word' id='word_1_670' title='bbox 2253 3907 2320 3972; x_wconf 88' lang='grc'><strong>⁸³,</strong></span> <span class='ocrx_word' id='word_1_671' title='bbox 2352 3907 2449 3960; x_wconf 74' lang='grc' dir='ltr'><strong>καὶ</strong></span> <span class='ocrx_word' id='word_1_672' title='bbox 2475 3909 2576 3962; x_wconf 87' lang='grc' dir='ltr'><strong>ούκ</strong></span> <span class='ocrx_word' id='word_1_673' title='bbox 2604 3904 2748 3981; x_wconf 78' lang='grc' dir='ltr'>ἦσαν</span> <span class='ocrx_word' id='word_1_674' title='bbox 2780 3911 2918 3982; x_wconf 72' lang='grc' dir='ltr'>πρὸς</span> <span class='ocrx_word' id='word_1_675' title='bbox 2943 3913 3014 3966; x_wconf 89' lang='grc' dir='ltr'><strong>τά</strong></span> <span class='ocrx_word' id='word_1_676' title='bbox 3048 3915 3227 3988; x_wconf 76' lang='grc' dir='ltr'>πλήθη</span> <span class='ocrx_word' id='word_1_677' title='bbox 3256 3918 3364 3971; x_wconf 87' lang='grc' dir='ltr'><strong>τῶν</strong></span> <span class='ocrx_word' id='word_1_678' title='bbox 3390 3920 3700 3993; x_wconf 81' lang='grc' dir='ltr'>ἀνθρώπων</span> 
     </span>
    </p>
   </div>
   <div class='ocr_carea' id='block_1_88' title="bbox 2115 3999 3704 4084">
    <p class='ocr_par' dir='ltr' id='par_1_88' title="bbox 2115 3999 3704 4084">
     <span class='ocr_line' id='line_1_88' title="bbox 2115 3999 3704 4084; baseline 0.014 -37"><span class='ocrx_word' id='word_1_679' title='bbox 2115 3999 2396 4066; x_wconf 80' lang='grc' dir='ltr'>γυναῖκες,</span> <span class='ocrx_word' id='word_1_680' title='bbox 2437 3999 2534 4053; x_wconf 77' lang='grc' dir='ltr'>καὶ</span> <span class='ocrx_word' id='word_1_681' title='bbox 2585 3999 2900 4072; x_wconf 75' lang='grc' dir='ltr'>ἐπεθύμουν</span> <span class='ocrx_word' id='word_1_682' title='bbox 2939 4005 3038 4076; x_wconf 83' lang='grc' dir='ltr'>τῆς</span> <span class='ocrx_word' id='word_1_683' title='bbox 3090 4007 3182 4061; x_wconf 90' lang='grc' dir='ltr'><strong>τοῦ</strong></span> <span class='ocrx_word' id='word_1_684' title='bbox 3231 4009 3348 4079; x_wconf 75' lang='grc' dir='ltr'>βίου</span> <span class='ocrx_word' id='word_1_685' title='bbox 3385 4013 3580 4084; x_wconf 70' lang='grc' dir='ltr'>ἡδονῆς</span> <span class='ocrx_word' id='word_1_686' title='bbox 3629 4016 3704 4069; x_wconf 75' lang='grc' dir='ltr'><strong>τά</strong></span> 
     </span>
    </p>
   </div>
   <div class='ocr_carea' id='block_1_89' title="bbox 2114 4088 3705 4176">
    <p class='ocr_par' dir='ltr' id='par_1_89' title="bbox 2114 4088 3705 4176">
     <span class='ocr_line' id='line_1_89' title="bbox 2114 4088 3705 4176; baseline 0.011 -34"><span class='ocrx_word' id='word_1_687' title='bbox 2114 4088 2224 4142; x_wconf 90' lang='grc' dir='ltr'><strong>τῶν</strong></span> <span class='ocrx_word' id='word_1_688' title='bbox 2240 4089 2289 4121; x_wconf 71' lang='grc'><strong><em>³⁵</em></strong></span> <span class='ocrx_word' id='word_1_689' title='bbox 2331 4091 2561 4144; x_wconf 86' lang='grc' dir='ltr'>νεανιῶν</span> <span class='ocrx_word' id='word_1_690' title='bbox 2605 4095 3026 4166; x_wconf 80' lang='grc' dir='ltr'>στρατεύματα,</span> <span class='ocrx_word' id='word_1_691' title='bbox 3065 4099 3221 4170; x_wconf 77' lang='lat'><strong>113</strong></span> <span class='ocrx_word' id='word_1_692' title='bbox 3263 4103 3359 4156; x_wconf 74' lang='grc' dir='ltr'>καὶ</span> <span class='ocrx_word' id='word_1_693' title='bbox 3393 4106 3705 4176; x_wconf 81' lang='grc' dir='ltr'>ἐπήρχοντο</span> 
     </span>
    </p>
   </div>
   <div class='ocr_carea' id='block_1_90' title="bbox 2114 4178 3701 4269">
    <p class='ocr_par' dir='ltr' id='par_1_90' title="bbox 2114 4178 3701 4269">
     <span class='ocr_line' id='line_1_90' title="bbox 2114 4178 3701 4269; baseline 0.013 -39"><span class='ocrx_word' id='word_1_694' title='bbox 2114 4178 2258 4233; x_wconf 85' lang='grc' dir='ltr'>κατὰ</span> <span class='ocrx_word' id='word_1_695' title='bbox 2298 4180 2400 4250; x_wconf 80' lang='grc' dir='ltr'><strong>τὴν</strong></span> <span class='ocrx_word' id='word_1_696' title='bbox 2429 4181 2638 4252; x_wconf 83' lang='grc' dir='ltr'>ἀγορὰν</span> <span class='ocrx_word' id='word_1_697' title='bbox 2670 4186 2791 4248; x_wconf 82' lang='grc' dir='ltr'>ταῖς</span> <span class='ocrx_word' id='word_1_698' title='bbox 2822 4187 3059 4254; x_wconf 76' lang='grc' dir='ltr'>γυναιξὶ,</span> <span class='ocrx_word' id='word_1_699' title='bbox 3101 4191 3196 4244; x_wconf 80' lang='grc' dir='ltr'>καὶ</span> <span class='ocrx_word' id='word_1_700' title='bbox 3226 4193 3445 4261; x_wconf 88' lang='grc' dir='ltr'>ἐγένετο</span> <span class='ocrx_word' id='word_1_701' title='bbox 3475 4197 3701 4269; x_wconf 76' lang='grc' dir='ltr'>ταραχὴ</span> 
     </span>
    </p>
   </div>
   <div class='ocr_carea' id='block_1_91' title="bbox 2115 4269 3706 4354">
    <p class='ocr_par' dir='ltr' id='par_1_91' title="bbox 2115 4269 3706 4354">
     <span class='ocr_line' id='line_1_91' title="bbox 2115 4269 3706 4354; baseline 0.011 -33"><span class='ocrx_word' id='word_1_702' title='bbox 2115 4269 2210 4322; x_wconf 74' lang='grc' dir='ltr'><strong>καὶ</strong></span> <span class='ocrx_word' id='word_1_703' title='bbox 2239 4269 2504 4339; x_wconf 80' lang='grc' dir='ltr'>ἐμφύλιος</span> <span class='ocrx_word' id='word_1_704' title='bbox 2535 4271 2793 4342; x_wconf 87' lang='grc' dir='ltr'>πόλεμος.</span> <span class='ocrx_word' id='word_1_705' title='bbox 2827 4275 2938 4328; x_wconf 80' lang='grc' dir='ltr'>Καὶ</span> <span class='ocrx_word' id='word_1_706' title='bbox 2964 4276 3166 4347; x_wconf 77' lang='grc' dir='ltr'>ἠθύμει</span> <span class='ocrx_word' id='word_1_707' title='bbox 3217 4282 3245 4334; x_wconf 88' lang='grc' dir='ltr'><strong>ό</strong></span> <span class='ocrx_word' id='word_1_708' title='bbox 3284 4281 3514 4352; x_wconf 78' lang='grc' dir='ltr'>Ῥῶμος,</span> <span class='ocrx_word' id='word_1_709' title='bbox 3546 4283 3706 4354; x_wconf 84' lang='grc' dir='ltr'>ἀμη-</span> 
     </span>
    </p>
   </div>
   <div class='ocr_carea' id='block_1_92' title="bbox 2116 4359 3710 4444">
    <p class='ocr_par' dir='ltr' id='par_1_92' title="bbox 2116 4359 3710 4444">
     <span class='ocr_line' id='line_1_92' title="bbox 2116 4359 3710 4444; baseline 0.013 -33"><span class='ocrx_word' id='word_1_710' title='bbox 2116 4359 2297 4429; x_wconf 90' lang='grc' dir='ltr'>χανῶν</span> <span class='ocrx_word' id='word_1_711' title='bbox 2317 4360 2369 4413; x_wconf 92' lang='grc' dir='ltr'><strong>τί</strong></span> <span class='ocrx_word' id='word_1_712' title='bbox 2402 4361 2598 4432; x_wconf 79' lang='grc' dir='ltr'>πράξει</span> <span class='ocrx_word' id='word_1_713' title='bbox 2618 4377 2634 4393; x_wconf 85' lang='grc'>⁶</span> <span class='ocrx_word' id='word_1_714' title='bbox 2659 4364 2889 4435; x_wconf 84' lang='grc' dir='ltr'>οὐδεμία</span> <span class='ocrx_word' id='word_1_715' title='bbox 2901 4366 2946 4398; x_wconf 87' lang='grc'><strong>³⁸</strong></span> <span class='ocrx_word' id='word_1_716' title='bbox 2975 4371 3085 4440; x_wconf 86' lang='grc' dir='ltr'>γὰρ</span> <span class='ocrx_word' id='word_1_717' title='bbox 3107 4371 3351 4442; x_wconf 75' lang='grc' dir='ltr'>ἠνείχετο</span> <span class='ocrx_word' id='word_1_718' title='bbox 3373 4374 3480 4428; x_wconf 88' lang='grc' dir='ltr'><strong>τῶν</strong></span> <span class='ocrx_word' id='word_1_719' title='bbox 3508 4391 3710 4444; x_wconf 80' lang='grc' dir='ltr'>γυναις</span> 
     </span>
    </p>
   </div>
   <div class='ocr_carea' id='block_1_93' title="bbox 336 4450 2016 4536">
    <p class='ocr_par' dir='ltr' id='par_1_93' title="bbox 336 4450 2016 4521">
     <span class='ocr_line' id='line_1_93' title="bbox 336 4450 2016 4521; baseline 0.003 -20"><span class='ocrx_word' id='word_1_720' title='bbox 336 4508 340 4512; x_wconf 55' lang='grc'><strong>,</strong></span> <span class='ocrx_word' id='word_1_721' title='bbox 440 4450 652 4505; x_wconf 85' lang='lat' dir='ltr'><strong>civibus</strong></span> <span class='ocrx_word' id='word_1_722' title='bbox 676 4451 1032 4506; x_wconf 87' lang='lat' dir='ltr'><strong>collocabant.</strong></span> <span class='ocrx_word' id='word_1_723' title='bbox 1072 4450 1335 4506; x_wconf 81' lang='lat' dir='ltr'><strong>Romulus</strong></span> <span class='ocrx_word' id='word_1_724' title='bbox 1373 4450 1538 4521; x_wconf 90' lang='lat' dir='ltr'><strong>igitur</strong></span> <span class='ocrx_word' id='word_1_725' title='bbox 1577 4450 1808 4506; x_wconf 90' lang='lat' dir='ltr'><strong>consilio</strong></span> <span class='ocrx_word' id='word_1_726' title='bbox 1843 4452 2016 4506; x_wconf 90' lang='lat' dir='ltr'><strong>desti-</strong></span> 
     </span>
    </p>
   </div>
   <div class='ocr_carea' id='block_1_94' title="bbox 2118 4450 3710 4536">
    <p class='ocr_par' dir='ltr' id='par_1_94' title="bbox 2121 4450 3710 4536">
     <span class='ocr_line' id='line_1_94' title="bbox 2121 4450 3710 4536; baseline 0.013 -33"><span class='ocrx_word' id='word_1_727' title='bbox 2121 4450 2235 4504; x_wconf 88' lang='grc' dir='ltr'><strong>κῶν</strong></span> <span class='ocrx_word' id='word_1_728' title='bbox 2280 4453 2581 4524; x_wconf 78' lang='grc' dir='ltr'>καταμῖξαι</span> <span class='ocrx_word' id='word_1_729' title='bbox 2627 4457 2744 4520; x_wconf 81' lang='grc' dir='ltr'>τοῖς</span> <span class='ocrx_word' id='word_1_730' title='bbox 2791 4460 3180 4529; x_wconf 88' lang='grc' dir='ltr'>στρατιώταις,</span> <span class='ocrx_word' id='word_1_731' title='bbox 3223 4464 3300 4528; x_wconf 88' lang='grc' dir='ltr'>ὡς</span> <span class='ocrx_word' id='word_1_732' title='bbox 3343 4467 3557 4536; x_wconf 81' lang='grc' dir='ltr'>ἀγρίοις</span> <span class='ocrx_word' id='word_1_733' title='bbox 3604 4471 3710 4523; x_wconf 70' lang='lat' dir='ltr'><strong>aut</strong></span> 
     </span>
    </p>
   </div>
   <div class='ocr_carea' id='block_1_95' title="bbox 2121 4543 3710 4631">
    <p class='ocr_par' dir='ltr' id='par_1_95' title="bbox 2121 4543 3710 4631">
     <span class='ocr_line' id='line_1_95' title="bbox 2121 4543 3710 4631; baseline 0.012 -34"><span class='ocrx_word' id='word_1_734' title='bbox 2121 4543 2420 4616; x_wconf 82' lang='grc' dir='ltr'>βαρϐάροις</span> <span class='ocrx_word' id='word_1_735' title='bbox 2444 4584 2460 4611; x_wconf 90' lang='grc'><strong>,</strong></span> <span class='ocrx_word' id='word_1_736' title='bbox 2497 4546 2595 4602; x_wconf 78' lang='grc' dir='ltr'>καὶ</span> <span class='ocrx_word' id='word_1_737' title='bbox 2645 4546 2954 4620; x_wconf 81' lang='grc' dir='ltr'>ἐξεφώνησε</span> <span class='ocrx_word' id='word_1_738' title='bbox 2999 4552 3163 4624; x_wconf 90' lang='grc' dir='ltr'>νόμον</span> <span class='ocrx_word' id='word_1_739' title='bbox 3213 4555 3354 4611; x_wconf 84' lang='grc' dir='ltr'>ὥστε</span> <span class='ocrx_word' id='word_1_740' title='bbox 3395 4559 3710 4631; x_wconf 77' lang='grc' dir='ltr'>λαμϐάνειν</span> 
     </span>
    </p>
   </div>
   <div class='ocr_carea' id='block_1_96' title="bbox 1711 4693 2314 4754">
    <p class='ocr_par' dir='ltr' id='par_1_96' title="bbox 1711 4693 2314 4754">
     <span class='ocr_line' id='line_1_96' title="bbox 1711 4693 2314 4754; baseline 0.007 -4"><span class='ocrx_word' id='word_1_741' title='bbox 1711 4693 2037 4752; x_wconf 75' lang='lat' dir='ltr'><strong>DUCANGII</strong></span> <span class='ocrx_word' id='word_1_742' title='bbox 2082 4695 2314 4754; x_wconf 72' lang='lat' dir='ltr'><strong>NOTAE.</strong></span> 
     </span>
    </p>
   </div>
   <div class='ocr_carea' id='block_1_97' title="bbox 513 4835 2086 4938">
    <p class='ocr_par' dir='ltr' id='par_1_97' title="bbox 513 4835 2086 4938">
     <span class='ocr_line' id='line_1_97' title="bbox 513 4835 2086 4938; baseline -0.002 -22"><span class='ocrx_word' id='word_1_743' title='bbox 513 4857 1100 4938; x_wconf 16' lang='lat' dir='ltr'><strong>(99)7&#39;A0&#39;t£0.0801a¢.</strong></span> <span class='ocrx_word' id='word_1_744' title='bbox 1153 4857 1246 4938; x_wconf 78' lang='lat' dir='ltr'><strong>Sic</strong></span> <span class='ocrx_word' id='word_1_745' title='bbox 1271 4857 1614 4938; x_wconf 76' lang='lat' dir='ltr'><strong>reposuimus</strong></span> <span class='ocrx_word' id='word_1_746' title='bbox 1650 4873 1718 4938; x_wconf 79' lang='lat' dir='ltr'><strong>ex</strong></span> <span class='ocrx_word' id='word_1_747' title='bbox 1747 4872 2018 4938; x_wconf 75' lang='lat' dir='ltr'><strong>anonymo</strong></span> <span class='ocrx_word' id='word_1_748' title='bbox 2065 4835 2086 4850; x_wconf 33' lang='grc' dir='ltr'>δ</span> 
     </span>
    </p>
   </div>
   <div class='ocr_carea' id='block_1_98' title="bbox 437 4927 2014 4994">
    <p class='ocr_par' dir='ltr' id='par_1_98' title="bbox 437 4927 2014 4994">
     <span class='ocr_line' id='line_1_98' title="bbox 437 4927 2014 4994; baseline -0.002 -10"><span class='ocrx_word' id='word_1_749' title='bbox 437 4927 544 4984; x_wconf 88' lang='lat' dir='ltr'><strong>ms.</strong></span> <span class='ocrx_word' id='word_1_750' title='bbox 593 4927 650 4983; x_wconf 87' lang='lat' dir='ltr'><strong>et</strong></span> <span class='ocrx_word' id='word_1_751' title='bbox 703 4943 768 4982; x_wconf 77' lang='lat' dir='ltr'><strong>ex</strong></span> <span class='ocrx_word' id='word_1_752' title='bbox 807 4927 1011 4982; x_wconf 86' lang='lat' dir='ltr'><strong>Chron.</strong></span> <span class='ocrx_word' id='word_1_753' title='bbox 1046 4944 1148 4984; x_wconf 91' lang='lat' dir='ltr'><strong>ms.</strong></span> <span class='ocrx_word' id='word_1_754' title='bbox 1198 4929 1267 4982; x_wconf 89' lang='lat' dir='ltr'><strong>ab</strong></span> <span class='ocrx_word' id='word_1_755' title='bbox 1298 4927 1504 4984; x_wconf 39' lang='lat' dir='ltr'><strong>A’damo</strong></span> <span class='ocrx_word' id='word_1_756' title='bbox 1550 4927 1616 4984; x_wconf 87' lang='lat' dir='ltr'><strong>ad</strong></span> <span class='ocrx_word' id='word_1_757' title='bbox 1641 4927 2014 4994; x_wconf 78' lang='lat' dir='ltr'><strong>Anastasium,</strong></span> 
     </span>
    </p>
   </div>
   <div class='ocr_carea' id='block_1_99' title="bbox 441 4997 1363 5070">
    <p class='ocr_par' dir='ltr' id='par_1_99' title="bbox 441 4997 1363 5070">
     <span class='ocr_line' id='line_1_99' title="bbox 441 4997 1363 5070; baseline 0.001 -17"><span class='ocrx_word' id='word_1_758' title='bbox 441 5014 564 5053; x_wconf 84' lang='lat' dir='ltr'><strong>cum</strong></span> <span class='ocrx_word' id='word_1_759' title='bbox 587 4998 754 5054; x_wconf 88' lang='lat' dir='ltr'><strong>editio</strong></span> <span class='ocrx_word' id='word_1_760' title='bbox 785 4997 1066 5068; x_wconf 64' lang='lat' dir='ltr'><strong>praeferret</strong></span> <span class='ocrx_word' id='word_1_761' title='bbox 1091 4997 1363 5070; x_wconf 78' lang='grc' dir='ltr'>ἀπρῴας.</span> 
     </span>
    </p>
   </div>
   <div class='ocr_carea' id='block_1_100' title="bbox 2189 4831 3714 4946">
    <p class='ocr_par' dir='ltr' id='par_1_100' title="bbox 2189 4831 3714 4946">
     <span class='ocr_line' id='line_1_100' title="bbox 2189 4831 3714 4946; baseline 0.005 -24"><span class='ocrx_word' id='word_1_762' title='bbox 2189 4860 2264 4931; x_wconf 77' lang='grc' dir='ltr'><strong>(ι)</strong></span> <span class='ocrx_word' id='word_1_763' title='bbox 2289 4862 2768 4946; x_wconf 66' lang='grc' dir='ltr'>Πραισειςτεὺειν.</span> <span class='ocrx_word' id='word_1_764' title='bbox 2802 4869 3006 4946; x_wconf 85' lang='lat' dir='ltr'><strong>E_c10ge</strong></span> <span class='ocrx_word' id='word_1_765' title='bbox 3043 4831 3145 4946; x_wconf 76' lang='lat' dir='ltr'><strong>ms.</strong></span> <span class='ocrx_word' id='word_1_766' title='bbox 3173 4871 3230 4946; x_wconf 27' lang='lat'><strong>‘6‘</strong></span> <span class='ocrx_word' id='word_1_767' title='bbox 3267 4873 3384 4927; x_wconf 83' lang='grc' dir='ltr'>ἐστι</span> <span class='ocrx_word' id='word_1_768' title='bbox 3441 4873 3714 4946; x_wconf 68' lang='grc' dir='ltr'>ἐμπαρα-</span> 
     </span>
    </p>
   </div>
   <div class='ocr_carea' id='block_1_101' title="bbox 2117 4934 3716 5016">
    <p class='ocr_par' dir='ltr' id='par_1_101' title="bbox 2117 4934 3716 5016">
     <span class='ocr_line' id='line_1_101' title="bbox 2117 4934 3716 5016; baseline 0.01 -35"><span class='ocrx_word' id='word_1_769' title='bbox 2117 4947 2297 5016; x_wconf 69' lang='grc' dir='ltr'>μονον,</span> <span class='ocrx_word' id='word_1_770' title='bbox 2347 4934 2413 5016; x_wconf 67' lang='grc' dir='ltr'><strong>ἐκ</strong></span> <span class='ocrx_word' id='word_1_771' title='bbox 2463 4937 2556 5016; x_wconf 81' lang='grc' dir='ltr'><strong>τοῦ</strong></span> <span class='ocrx_word' id='word_1_772' title='bbox 2606 4934 3068 5016; x_wconf 67' lang='grc' dir='ltr'>παραυσέντᾷυῖν,</span> <span class='ocrx_word' id='word_1_773' title='bbox 3099 4939 3128 4994; x_wconf 82' lang='grc' dir='ltr'><strong>δ</strong></span> <span class='ocrx_word' id='word_1_774' title='bbox 3173 4940 3392 5016; x_wconf 79' lang='grc' dir='ltr'>λέγεται</span> <span class='ocrx_word' id='word_1_775' title='bbox 3430 4934 3492 4995; x_wconf 77' lang='grc' dir='ltr'><strong>τὸ</strong></span> <span class='ocrx_word' id='word_1_776' title='bbox 3514 4934 3716 5016; x_wconf 67' lang='grc' dir='ltr'>παρα-</span> 
     </span>
    </p>
   </div>
   <div class='ocr_carea' id='block_1_102' title="bbox 2116 5002 3715 5073">
    <p class='ocr_par' dir='ltr' id='par_1_102' title="bbox 2116 5002 3715 5073">
     <span class='ocr_line' id='line_1_102' title="bbox 2116 5002 3715 5073; baseline 0.012 -19"><span class='ocrx_word' id='word_1_777' title='bbox 2116 5003 2326 5072; x_wconf 84' lang='grc' dir='ltr'>μένειν.</span> <span class='ocrx_word' id='word_1_778' title='bbox 2358 5002 2438 5058; x_wconf 85' lang='lat' dir='ltr'><strong>ita</strong></span> <span class='ocrx_word' id='word_1_779' title='bbox 2467 5006 2633 5060; x_wconf 80' lang='lat' dir='ltr'><strong>etiam</strong></span> <span class='ocrx_word' id='word_1_780' title='bbox 2661 5002 2868 5064; x_wconf 88' lang='lat' dir='ltr'><strong>Chron.</strong></span> <span class='ocrx_word' id='word_1_781' title='bbox 2891 5011 2961 5066; x_wconf 89' lang='lat' dir='ltr'><strong>ab</strong></span> <span class='ocrx_word' id='word_1_782' title='bbox 2990 5002 3198 5068; x_wconf 82' lang='lat' dir='ltr'><strong>Adamo</strong></span> <span class='ocrx_word' id='word_1_783' title='bbox 3224 5002 3293 5068; x_wconf 69' lang='lat' dir='ltr'><strong>ad</strong></span> <span class='ocrx_word' id='word_1_784' title='bbox 3322 5002 3715 5073; x_wconf 78' lang='lat' dir='ltr'><strong>Anastasium.</strong></span> 
     </span>
    </p>
   </div>
   <div class='ocr_carea' id='block_1_103' title="bbox 1731 5159 2410 5223">
    <p class='ocr_par' dir='ltr' id='par_1_103' title="bbox 1731 5159 2410 5223">
     <span class='ocr_line' id='line_1_103' title="bbox 1731 5159 2410 5223; baseline 0.01 -7"><span class='ocrx_word' id='word_1_785' title='bbox 1731 5159 1966 5216; x_wconf 75' lang='lat' dir='ltr'><strong>VARUE</strong></span> <span class='ocrx_word' id='word_1_786' title='bbox 1999 5159 2410 5223; x_wconf 82' lang='lat' dir='ltr'><strong>LECTIONES.</strong></span> 
     </span>
    </p>
   </div>
   <div class='ocr_carea' id='block_1_104' title="bbox 501 5295 3722 5387">
    <p class='ocr_par' dir='ltr' id='par_1_104' title="bbox 501 5295 3722 5387">
     <span class='ocr_line' id='line_1_104' title="bbox 501 5295 3722 5387; baseline 0.008 -40"><span class='ocrx_word' id='word_1_787' title='bbox 501 5297 564 5387; x_wconf 40' lang='grc' dir='ltr'><strong>ἶι-</strong></span> <span class='ocrx_word' id='word_1_788' title='bbox 579 5295 791 5387; x_wconf 44' lang='lat' dir='ltr'><strong>arcadia</strong></span> <span class='ocrx_word' id='word_1_789' title='bbox 812 5295 1178 5387; x_wconf 43' lang='lat' dir='ltr'><strong>l’IY.&#39;,Jq11-:ar,ta</strong></span> <span class='ocrx_word' id='word_1_790' title='bbox 1204 5314 1328 5387; x_wconf 66' lang='lat' dir='ltr'><strong>cum</strong></span> <span class='ocrx_word' id='word_1_791' title='bbox 1343 5300 1592 5387; x_wconf 57' lang='grc' dir='ltr'>ϐρύτεῃο</span> <span class='ocrx_word' id='word_1_792' title='bbox 1609 5300 1958 5387; x_wconf 72' lang='lat' dir='ltr'><strong>Chilmeadus</strong></span> <span class='ocrx_word' id='word_1_793' title='bbox 1977 5305 2312 5387; x_wconf 79' lang='lat' dir='ltr'><strong>ad_Mala_lam</strong></span> <span class='ocrx_word' id='word_1_794' title='bbox 2337 5309 2720 5387; x_wconf 63' lang='lat' dir='ltr'><strong>etpucangius</strong></span> <span class='ocrx_word' id='word_1_795' title='bbox 2744 5311 2997 5387; x_wconf 86' lang='lat' dir='ltr'><strong>Gl_oss_._v_.</strong></span> <span class='ocrx_word' id='word_1_796' title='bbox 3018 5314 3287 5387; x_wconf 44' lang='lat' dir='ltr'><strong>quamcf),</strong></span> <span class='ocrx_word' id='word_1_797' title='bbox 3339 5317 3386 5348; x_wconf 81' lang='grc'><strong>⁸¹</strong></span> <span class='ocrx_word' id='word_1_798' title='bbox 3417 5315 3722 5387; x_wconf 81' lang='grc' dir='ltr'>ἀστρῴας.</span> 
     </span>
    </p>
   </div>
   <div class='ocr_carea' id='block_1_105' title="bbox 431 5365 3694 5459">
    <p class='ocr_par' dir='ltr' id='par_1_105' title="bbox 431 5365 3694 5459">
     <span class='ocr_line' id='line_1_105' title="bbox 431 5365 3694 5459; baseline -0 0"><span class='ocrx_word' id='word_1_799' title='bbox 431 5365 1837 5459; x_wconf 48' lang='grc' dir='ltr'><strong>ἑὲἳρξέξιξξξὲπίίὲἓὲνιἕσ-ῖξοθεσίας,υξ¹εεηείυξν</strong></span> <span class='ocrx_word' id='word_1_800' title='bbox 1890 5375 2312 5459; x_wconf 64' lang='grc' dir='ltr'><strong>τῆνᾸισΞριίισξν.</strong></span> <span class='ocrx_word' id='word_1_801' title='bbox 2348 5365 2708 5459; x_wconf 56' lang='lat' dir='ltr'><strong>Sillim-iequ</strong></span> <span class='ocrx_word' id='word_1_802' title='bbox 2757 5365 3346 5459; x_wconf 52' lang='grc' dir='ltr'><strong>ἐειέιίειὲέιιθῆἱὲξξιῆῐηι</strong></span> <span class='ocrx_word' id='word_1_803' title='bbox 3375 5365 3694 5459; x_wconf 62' lang='grc' dir='ltr'>ι)ῗᾷἱῖῗῦ</span> 
     </span>
    </p>
   </div>
   <div class='ocr_carea' id='block_1_106' title="bbox 432 5436 1430 5510">
    <p class='ocr_par' dir='ltr' id='par_1_106' title="bbox 432 5436 1430 5510">
     <span class='ocr_line' id='line_1_106' title="bbox 432 5436 1430 5510; baseline 0.003 -18"><span class='ocrx_word' id='word_1_804' title='bbox 432 5436 622 5510; x_wconf 60' lang='grc' dir='ltr'>ἐπειδὴ</span> <span class='ocrx_word' id='word_1_805' title='bbox 651 5437 877 5510; x_wconf 55' lang='grc' dir='ltr'>μηδξτῇ</span> <span class='ocrx_word' id='word_1_806' title='bbox 911 5437 1134 5510; x_wconf 57' lang='grc' dir='ltr'>ἀστριξῃ,</span> <span class='ocrx_word' id='word_1_807' title='bbox 1162 5436 1320 5494; x_wconf 85' lang='grc' dir='ltr'>τοῦτο</span> <span class='ocrx_word' id='word_1_808' title='bbox 1366 5458 1430 5494; x_wconf 86' lang='grc' dir='ltr'><strong>συ</strong></span> 
     </span>
    </p>
   </div>
   <div class='ocr_carea' id='block_1_107' title="bbox 1437 5441 3730 5524">
    <p class='ocr_par' dir='ltr' id='par_1_107' title="bbox 1437 5441 3730 5524">
     <span class='ocr_line' id='line_1_107' title="bbox 1437 5441 3730 5524; baseline 0.008 -30"><span class='ocrx_word' id='word_1_809' title='bbox 1437 5441 1656 5524; x_wconf 51' lang='lat' dir='ltr'><strong>Mal-vat</strong></span> <span class='ocrx_word' id='word_1_810' title='bbox 1693 5441 1958 5524; x_wconf 51' lang='grc' dir='ltr'>κινήσειί</span> <span class='ocrx_word' id='word_1_811' title='bbox 2007 5445 2052 5477; x_wconf 77' lang='grc'><em>³³</em></span> <span class='ocrx_word' id='word_1_812' title='bbox 2079 5441 2451 5524; x_wconf 34' lang='lat' dir='ltr'><strong>‘tﬁ&#39;cA&#39;Malalas,</strong></span> <span class='ocrx_word' id='word_1_813' title='bbox 2487 5450 2583 5524; x_wconf 66' lang='grc' dir='ltr'><strong>καὶ</strong></span> <span class='ocrx_word' id='word_1_814' title='bbox 2635 5450 2756 5524; x_wconf 73' lang='grc' dir='ltr'><strong>τῆς</strong></span> <span class='ocrx_word' id='word_1_815' title='bbox 2780 5449 2890 5505; x_wconf 81' lang='lat' dir='ltr'><strong>PV.</strong></span> <span class='ocrx_word' id='word_1_816' title='bbox 2967 5453 3013 5524; x_wconf 51' lang='grc' dir='ltr'><strong>ξι</strong></span> <span class='ocrx_word' id='word_1_817' title='bbox 3034 5454 3288 5524; x_wconf 83' lang='grc' dir='ltr'>μεγάλης</span> <span class='ocrx_word' id='word_1_818' title='bbox 3316 5441 3426 5510; x_wconf 78' lang='lat' dir='ltr'><strong>om.</strong></span> <span class='ocrx_word' id='word_1_819' title='bbox 3455 5441 3730 5512; x_wconf 42' lang='grc' dir='ltr'>ΡΜάῦξ</span> 
     </span>
    </p>
   </div>
   <div class='ocr_carea' id='block_1_108' title="bbox 431 5506 3726 5598">
    <p class='ocr_par' dir='ltr' id='par_1_108' title="bbox 431 5506 3726 5598">
     <span class='ocr_line' id='line_1_108' title="bbox 431 5506 3726 5598; baseline 0.008 -42"><span class='ocrx_word' id='word_1_820' title='bbox 431 5506 624 5598; x_wconf 40' lang='lat' dir='ltr'><strong>ﬁeri</strong></span> <span class='ocrx_word' id='word_1_821' title='bbox 653 5507 738 5598; x_wconf 47' lang='grc' dir='ltr'>νη</span> <span class='ocrx_word' id='word_1_822' title='bbox 767 5506 1546 5598; x_wconf 37' lang='lat' dir='ltr'><strong>[inﬁgi—avg.Lf’nlisxéi&#39;tta</strong></span> <span class='ocrx_word' id='word_1_823' title='bbox 1569 5513 1630 5568; x_wconf 69' lang='grc' dir='ltr'><strong>ι».</strong></span> <span class='ocrx_word' id='word_1_824' title='bbox 1675 5506 2286 5598; x_wconf 36' lang='grc' dir='ltr'>ἠ’ῴησίιροειίκᾶθότι</span> <span class='ocrx_word' id='word_1_825' title='bbox 2312 5506 2557 5598; x_wconf 54' lang='grc' dir='ltr'>ρρῃίιρ.</span> <span class='ocrx_word' id='word_1_826' title='bbox 2622 5506 3088 5598; x_wconf 37' lang='grc' dir='ltr'>βξξτάιείς-τ-ά-ιδ.</span> <span class='ocrx_word' id='word_1_827' title='bbox 3121 5506 3726 5598; x_wconf 40' lang='grc' dir='ltr'><strong>ἐόιξΞζ-ῐῖᾷὶίήλοῐξ.</strong></span> 
     </span>
    </p>
   </div>
   <div class='ocr_carea' id='block_1_109' title="bbox 433 5575 3734 5665">
    <p class='ocr_par' dir='ltr' id='par_1_109' title="bbox 433 5575 3734 5665">
     <span class='ocr_line' id='line_1_109' title="bbox 433 5575 3734 5665; baseline 0.007 -36"><span class='ocrx_word' id='word_1_828' title='bbox 433 5575 717 5665; x_wconf 36' lang='lat' dir='ltr'><strong>alioue“</strong></span> <span class='ocrx_word' id='word_1_829' title='bbox 785 5576 1048 5665; x_wconf 44' lang='lat' dir='ltr'><strong>sagae.</strong></span> <span class='ocrx_word' id='word_1_830' title='bbox 1068 5579 1241 5665; x_wconf 67' lang='grc' dir='ltr'>ἀφότε</span> <span class='ocrx_word' id='word_1_831' title='bbox 1266 5579 1638 5665; x_wconf 54' lang='grc' dir='ltr'>ςυίιερρεάυε,</span> <span class='ocrx_word' id='word_1_832' title='bbox 1666 5575 1858 5665; x_wconf 50' lang='lat' dir='ltr'><strong>suam;</strong></span> <span class='ocrx_word' id='word_1_833' title='bbox 1892 5575 2048 5665; x_wconf 41' lang='lat' dir='ltr'><strong>afui.</strong></span> <span class='ocrx_word' id='word_1_834' title='bbox 2078 5585 2142 5640; x_wconf 78' lang='grc' dir='ltr'>ιι.</span> <span class='ocrx_word' id='word_1_835' title='bbox 2175 5587 2241 5665; x_wconf 90' lang='lat' dir='ltr'><strong>v_.</strong></span> <span class='ocrx_word' id='word_1_836' title='bbox 2267 5575 2456 5665; x_wconf 69' lang='grc' dir='ltr'>ρῖερε</span> <span class='ocrx_word' id='word_1_837' title='bbox 2480 5589 2556 5665; x_wconf 88' lang='lat' dir='ltr'><strong>B_._</strong></span> <span class='ocrx_word' id='word_1_838' title='bbox 2620 5590 2824 5665; x_wconf 55' lang='lat' dir='ltr'><strong>utve:</strong></span> <span class='ocrx_word' id='word_1_839' title='bbox 2863 5575 3326 5665; x_wconf 33' lang='lat' dir='ltr'><strong>inlatae—.813“</strong></span> <span class='ocrx_word' id='word_1_840' title='bbox 3405 5575 3734 5665; x_wconf 48' lang='lat' dir='ltr'><strong>“EH-:3;</strong></span> 
     </span>
    </p>
   </div>
   <div class='ocr_carea' id='block_1_110' title="bbox 432 5645 3734 5730">
    <p class='ocr_par' dir='ltr' id='par_1_110' title="bbox 432 5645 3734 5730">
     <span class='ocr_line' id='line_1_110' title="bbox 432 5645 3734 5730; baseline 0.004 -20"><span class='ocrx_word' id='word_1_841' title='bbox 432 5645 736 5730; x_wconf 57' lang='grc' dir='ltr'>ἐνθρώῖξευχ</span> <span class='ocrx_word' id='word_1_842' title='bbox 785 5645 1022 5730; x_wconf 50' lang='lat' dir='ltr'><strong>Halanis.</strong></span> <span class='ocrx_word' id='word_1_843' title='bbox 1055 5645 1509 5730; x_wconf 43' lang='grc' dir='ltr'><strong>ῥεγριαχιὲνιΡΥε.</strong></span> <span class='ocrx_word' id='word_1_844' title='bbox 1539 5645 1685 5723; x_wconf 84' lang='lat' dir='ltr'><strong>quod</strong></span> <span class='ocrx_word' id='word_1_845' title='bbox 1737 5653 1952 5727; x_wconf 87' lang='lat' dir='ltr'><strong>decepit</strong></span> <span class='ocrx_word' id='word_1_846' title='bbox 1995 5645 2332 5730; x_wconf 62' lang='lat' dir='ltr'><strong>Ducangiu&#39;m</strong></span> <span class='ocrx_word' id='word_1_847' title='bbox 2383 5658 2440 5716; x_wconf 91' lang='lat' dir='ltr'><strong>in</strong></span> <span class='ocrx_word' id='word_1_848' title='bbox 2494 5659 2669 5719; x_wconf 80' lang='lat' dir='ltr'><strong>Gloss.</strong></span> <span class='ocrx_word' id='word_1_849' title='bbox 2748 5661 2794 5694; x_wconf 67' lang='grc'><strong>³⁸</strong></span> <span class='ocrx_word' id='word_1_850' title='bbox 2819 5661 2888 5716; x_wconf 76' lang='grc' dir='ltr'>τὰ</span> <span class='ocrx_word' id='word_1_851' title='bbox 2923 5645 3446 5722; x_wconf 47' lang='grc' dir='ltr'><strong>τῶνΐὶὸιτξυφρν.</strong></span> <span class='ocrx_word' id='word_1_852' title='bbox 3482 5645 3734 5724; x_wconf 65' lang='grc' dir='ltr'><strong>Ἢὸῐέ</strong></span> 
     </span>
    </p>
   </div>
   <div class='ocr_carea' id='block_1_111' title="bbox 432 5717 1571 5788">
    <p class='ocr_par' dir='ltr' id='par_1_111' title="bbox 432 5717 1571 5788">
     <span class='ocr_line' id='line_1_111' title="bbox 432 5717 1571 5788; baseline 0.005 -17"><span class='ocrx_word' id='word_1_853' title='bbox 432 5717 592 5788; x_wconf 79' lang='grc' dir='ltr'>δεμία</span> <span class='ocrx_word' id='word_1_854' title='bbox 619 5717 991 5785; x_wconf 78' lang='lat' dir='ltr'><strong>Chilmeadus,</strong></span> <span class='ocrx_word' id='word_1_855' title='bbox 1017 5717 1191 5784; x_wconf 80' lang='grc' dir='ltr'>οὐδείς</span> <span class='ocrx_word' id='word_1_856' title='bbox 1217 5718 1303 5776; x_wconf 80' lang='lat' dir='ltr'><strong>PV</strong></span> <span class='ocrx_word' id='word_1_857' title='bbox 1339 5717 1571 5785; x_wconf 47' lang='lat' dir='ltr'><strong>Malalasi</strong></span> 
     </span>
    </p>
   </div>
  </div>
