3910 6336
399 313 507 406 295

1583 342 1838 403 CHRON
1845 341 2018 403 ICON
2071 340 2477 401 PASCHALE.

3550 342 3655 404 296

402 453 610 523 spatia,
657 465 875 510 cursum
917 457 973 503 et
1013 457 1221 502 motum
1267 456 1476 517 septem
1522 448 1861 518 planetarum
1917 463 1976 503 ac

2083 445 2356 500 θάλασσαν
2389 447 2498 500 ἀπὸ
2534 448 2633 518 τῆς
2659 446 2763 517 γῆς
2794 447 3191 520 μεσαζομένην,
3220 452 3312 506 τδν
3338 452 3396 507 δὲ
3426 453 3520 509 ἐπὶ
3558 455 3654 516 τὰς

405 560 542 600 ursae
575 543 820 612 majoris.
861 541 1169 608 Quinetiam
1219 539 1362 594 idem
1396 539 1660 595 Romulus
1706 541 1758 595 in
1807 541 1978 611 ipsius

400 635 543 690 Solis
569 635 856 698 honorem,
880 641 937 687 et
965 639 1200 700 quatuor
1219 631 1614 686 elementorum
1644 649 1673 686 a
1705 646 1764 687 se
1791 645 1978 703 reper-

403 734 514 778 tum
565 734 840 780 certamen
875 715 1098 794 primus‘
1132 721 1320 778 Romae
1368 723 1663 779 celebravit
1707 724 1764 778 in
1788 724 1977 780 eadem

401 815 715 874 Occidentis
745 816 859 870 sive
910 814 1078 868 [taliae
1134 814 1354 884 regione
1380 854 1395 879 ,
1442 815 1764 887 quadriju'go
1789 830 1976 882 curru,

331 949 338 959 .
400 923 509 976 quo
540 917 762 969 terram,
795 921 944 961 mare
972 947 987 970 ,
1024 907 1203 976 ignem
1235 915 1292 961 et
1319 921 1502 962 aerem
1529 909 1857 979 designaret.
1883 907 1978 962 llis

357 1023 360 1025 ·
399 1016 563 1068 porro
596 1010 830 1070 quatuor
861 985 1146 1055 elementis
1192 1014 1288 1053 sua
1328 999 1551 1054 nomina
1577 1000 1842 1055 Romulus
1872 1001 1978 1054 im-

400 1090 600 1158 posuit.
639 1098 818 1153 terrae,
851 1089 1096 1152 Prasina,
1131 1088 1185 1143 id
1212 1098 1296 1143 est
1329 1089 1619 1153 herbacea,
1662 1090 1747 1146 vel
1781 1090 1932 1145 viridi
1960 1108 1972 1144 :

400 1180 534 1235 mari
567 1196 663 1235 seu
689 1181 878 1250 aquis,
930 1178 1138 1234 Veneta
1180 1195 1274 1235 seu
1307 1182 1570 1236 caerulea:
1605 1181 1715 1236 aeri
1741 1183 1977 1252 denique

397 1272 532 1327 Alba
571 1271 807 1326 factione
850 1270 1142 1342 assignata.
1173 1270 1450 1325 Prasinam
1475 1281 1655 1326 autem
1686 1263 1976 1327 factionem

397 1364 729 1418 Pt‘aesentem
757 1363 1086 1433 appellavit,
1133 1378 1269 1417 voce
1299 1379 1330 1416 a
1362 1363 1559 1418 Latino
1597 1364 1758 1417 ducta
1785 1405 1798 1429 ,
1855 1379 1977 1434 qua:

396 1452 732 1509 Permanens
766 1454 1043 1524 quidpiam
1074 1463 1264 1519 sonat,
1315 1455 1458 1524 quod
1489 1464 1633 1509 terra
1663 1469 1787 1510 cum
1827 1455 1977 1510 silvis

397 1557 463 1597 ac
493 1545 717 1600 saltibus
746 1545 929 1598 virens
977 1559 1197 1614 semper
1241 1546 1465 1599 exsistat
1517 1560 1583 1600 ac
1635 1554 1975 1616 permaneat.

398 1635 661 1691 Venetam
693 1637 906 1690 vocavit
937 1651 968 1690 a
999 1635 1301 1706 provincia,
1341 1651 1463 1704 quae
1492 1636 1720 1691 Venetia
1749 1635 1972 1701 dicitur,

397 1723 584 1779 Romae
616 1725 864 1790 subdita,
899 1725 1166 1794 cujusque
1207 1724 1525 1794 metropolis
1573 1734 1658 1779 est
1704 1724 1974 1795 Aquileia,

2081 537 2248 609 θύρας
2271 538 2523 610 καμπτδν
2551 537 2649 610 τὴν
2672 539 2954 611 ἀνατολὴν,
2989 543 3083 596 καὶ
3123 543 3218 597 τὸν
3245 545 3339 598 ἐπὶ
3362 547 3462 619 τὴν
3495 565 3656 620 σφεν-

2077 628 2204 682 δόνα
2227 629 2328 700 τὴν
2350 629 2522 695 δύσιν,
2550 629 2622 683 τά
2657 629 2714 684 δὲ
2737 631 2876 684 ἑπτά
2912 633 3117 687 σπατία
3133 635 3178 668 ’ί
3205 635 3295 689 τὸν
3323 637 3524 709 δρόμον
3561 643 3656 695 καὶ

2075 717 2175 790 τὴν
2199 719 2429 790 κίνησιν
2454 719 2556 790 τῆς
2583 719 2838 792 ἀστρῴας
2859 723 2904 754 ⁸⁸
2934 723 3046 795 (99)
3070 723 3180 780 τῶν
3215 727 3358 783 έπτά
3408 733 3654 804 ἀστέρων

2076 809 2176 880 τῆς
2188 809 2235 841 "
2257 810 2562 880 μεγάληςίδ
2580 811 2806 883 ἀρκτου.
2835 813 2895 866 '0
2911 813 2966 866 δὲ
2981 815 3145 880 αὐτὸς
3166 817 3378 888 Ῥῶμος
3405 821 3658 892 βασιλεὺς

2077 899 2217 970 πρὸς
2237 901 2404 972 τιμὴν
2430 901 2525 958 καὶ
2551 901 2712 966 αὐτὸς
2737 902 2831 956 τοῦ
2860 902 3040 957 Ἡλίου
3065 907 3161 961 καὶ
3185 909 3294 961 τῶν
3316 910 3409 966 ὑπ’
3435 914 3596 968 αὑτὸν
3611 918 3656 949 ³⁵

2077 992 2365 1062 τεσσάρων
2396 992 2678 1063 στοιχείων
2701 994 2792 1048 τὸν
2818 995 3006 1064 ἀγῶνα
3036 999 3094 1051 ὲν
3124 1001 3190 1071 τῇ
3230 999 3416 1076 Ῥώμῃ
3443 1007 3659 1078 πρῶτος

2077 1081 2328 1154 ὲφευρὼν
2361 1083 2676 1139 ἐπετέλεσεν
2716 1087 2774 1139 ὲν
2804 1089 2869 1158 τῇ
2915 1089 3052 1161 αὐτῇ
3087 1090 3242 1164 χώρᾳ
3283 1095 3384 1165 τῆς
3426 1097 3657 1165 δύσεως,

2078 1173 2199 1245 ἤτοι
2222 1175 2321 1244 τῆς
2347 1176 2604 1241 Ἰταλίας,
2629 1176 2840 1249 ἅρμασι
2866 1183 3260 1252 τετραπώλοις,
3284 1191 3562 1246 τουτέστιν
3583 1197 3653 1266 τῇ

2077 1267 2150 1337 γῇ
2182 1266 2278 1320 καὶ
2302 1269 2368 1338 τῇ
2400 1267 2646 1342 θαλάσσῃ
2677 1270 2771 1322 καὶ
2793 1272 2926 1343 πυρὶ
2958 1275 3051 1326 καὶ
3080 1276 3225 1348 ἀέρι.
3247 1279 3358 1332 Καὶ
3384 1281 3658 1354 ἐπέθηκεν

2077 1359 2107 1410 ό
2144 1357 2358 1430 Ῥῶμος
2385 1362 2496 1423 τοῖς
2529 1359 2714 1424 αὐτοῖς
2742 1362 2969 1433 τέτρασι
3007 1367 3292 1437 στοιχείοις
3325 1371 3393 1425 τὰ
3417 1373 3660 1445 ὀνόματα

2076 1449 2272 1518 ταῦτα,
2302 1454 2368 1523 τῇ
2399 1455 2471 1524 γῇ
2496 1452 2556 1506 τὸ
2585 1454 2851 1524 Πράσινον
2877 1457 3063 1529 μέρος,
3082 1459 3110 1510 ὃ
3138 1461 3285 1516 ἐστιν
3313 1465 3375 1517 τὸ
3401 1465 3656 1536 χλοῶδες,

2078 1543 2144 1630 τῇ
2165 1541 2220 1594 δὲ
2241 1541 2510 1615 θαλάσσῃ,
2530 1545 2774 1602 τουτέστι
2805 1549 2916 1610 τοῖς
2934 1546 3110 1614 ὕδασι,
3135 1551 3196 1604 τὸ
3212 1553 3435 1608 Βένετον
3466 1557 3658 1630 μέρος,

2079 1629 2154 1693 ώς
2183 1631 2404 1694 κυανδν,
2421 1632 2498 1703 τῷ
2516 1633 2652 1703 πυρὶ
2679 1634 2740 1687 τὸ
2769 1635 3048 1691 Ῥουσαῖον
3074 1639 3241 1712 μέρος
3272 1644 3538 1715 πυρῶδες,
3563 1651 3662 1703 καὶ

2081 1719 2159 1791 τῷ
2183 1722 2311 1794 ἀέρι
2337 1722 2397 1776 τὸ
2425 1722 2635 1776 λευκόν.
2656 1725 2928 1780 Κάκεῖθεν
2955 1728 3225 1803 ἐπενοήθη
3252 1733 3496 1806 τέσσαρα
3515 1737 3660 1810 μέρη

396 1816 543 1870 unde
577 1831 774 1885 nempe
806 1815 1018 1869 colores
1051 1815 1288 1879 caerulei,
1325 1830 1421 1870 seu
1454 1817 1704 1871 tinctura:
1730 1815 1974 1881 Veneta),

2079 1813 2137 1865 ὲν
2174 1791 2382 1887 Ῥώμῃ.
2412 1813 2671 1868 Ἐκάλεσε
2709 1815 2766 1869 δὲ
2795 1815 2859 1869 τδ
2885 1791 3154 1888 Πράσινον
3190 1791 3357 1892 μέρος
3386 1791 3661 1896 litanias;

394 1907 595 1975 quibus
633 1907 949 1960 inficiuutur
985 1905 1190 1975 panni,
1225 1905 1570 1960 afferuntur:
1602 1923 1723 1977 quae
1755 1907 1978 1977 quidem

395 1995 560 2052 factio
587 1995 799 2051 Veneta
848 1996 1088 2052 Prasinze
1110 2036 1126 2062 ,
1153 2013 1259 2067 qua
1295 1997 1611 2070 designatur
1639 2008 1782 2054 terra
1809 2039 1824 2064 ,
1877 1999 1979 2055 ad-

389 2090 656 2160 jungitur.
686 2090 835 2145 Alba:
860 2091 1084 2145 nomine
1117 2091 1342 2146 donavit
1379 2106 1586 2157 aerem,
1617 2093 1759 2162 quod
1789 2092 1836 2146 is
1866 2100 1978 2148 ter-

394 2197 510 2234 ram
539 2181 696 2250 riget,
719 2181 1004 2252 eidemque
1026 2183 1351 2248 subserviat,
1381 2197 1444 2236 ac
1467 2182 1812 2237 commodum
1835 2198 1978 2253 prae-

395 2283 520 2328 stet.
560 2274 779 2328 Venetae
808 2273 1049 2341 factioni,
1071 2289 1192 2344 quae
1209 2289 1404 2345 aquam
1423 2274 1664 2342 exhibet,
1689 2274 1977 2331 llussatam

394 2363 664 2432 adjunxit,
699 2381 804 2435 qua
833 2366 972 2437 ignis
1000 2364 1326 2432 denotatur,
1357 2366 1503 2434 quod
1539 2366 1630 2421 illa
1673 2366 1839 2421 veluti
1871 2367 1973 2423 sibi

393 2455 670 2510 subditum
700 2456 878 2528 ignem
908 2456 1238 2528 exstinguat.
1275 2456 1379 2524 Qui
1402 2474 1567 2528 porro
1601 2468 1712 2514 tum
1745 2459 1974 2514 Romam

393 2547 706 2603 incolebant
739 2551 842 2604 bac
880 2549 1172 2605 rationein
1203 2548 1469 2604 factiones
1493 2549 1676 2616 divisi,
1703 2565 1976 2620 nusquam

395 2639 654 2710 deinreps
669 2640 900 2695 invicem
925 2641 1268 2704 coaluerunt,
1285 2640 1412 2694 dum
1433 2641 1664 2710 quisque
1679 2641 1975 2698 factionem

392 2744 547 2783 suam
579 2731 918 2800 superiorem
949 2746 1068 2785 esse
1100 2729 1289 2800 cupit,
1322 2745 1386 2785 ac
1417 2730 1700 2786 victoriam
1724 2732 1972 2803 adipisci,

393 2829 558 2888 atque
587 2833 653 2874 ex
684 2819 870 2874 nescio
916 2835 1022 2890 qua
1067 2819 1455 2890 superstitione
1499 2822 1795 2895 depugnat.
1836 2823 1976 2879 Hinc

393 2919 583 2964 exorta
618 2910 802 2965 Romae
828 2911 1088 2966 intestina
1138 2911 1395 2977 dissidia,
1447 2923 1503 2967 et
1539 2913 1682 2968 inter
1710 2913 1976 2970 factiones

393 3011 569 3056 enataa
591 3017 784 3071 graves
819 3000 886 3054 ad
929 3001 1164 3056 invicem
1196 3001 1516 3056 inimicitiae.
1550 3003 1628 3057 Ex
1663 3017 1771 3073 quo
1809 3003 1974 3074 igitur

392 3090 680 3146 Circenses
719 3089 875 3144 ludos
906 3090 1170 3146 Romanis
1208 3091 1358 3148 dedit
1395 3090 1660 3147 Romulus
1684 3135 1698 3160 ,
1727 3087 1967 3163 quandiu

394 3182 440 3237 is
473 3182 752 3253 regnavit,
814 3199 879 3238 ex
937 3181 1198 3238 militibus
1248 3187 1526 3240 extraneis
1567 3195 1627 3239 ut
1676 3185 1970 3255 plurimum

393 3273 660 3329 conﬂatus
689 3284 808 3329 erat
843 3275 986 3330 illius
1011 3275 1302 3340 exercitus,
1335 3291 1460 3330 cum
1493 3275 1637 3331 haud
1667 3275 1826 3346 pauci
1861 3275 1972 3329 Ro-

393 3381 537 3419 mam
567 3381 633 3420 ex
658 3366 803 3436 agris
823 3365 1184 3431 conﬂuerent,
1213 3367 1414 3438 quibus
1439 3383 1537 3437 pro
1570 3376 1720 3422 tanto
1743 3381 1973 3421 numero

394 3456 620 3510 deerant
654 3471 870 3511 uxores.
901 3455 1148 3527 Cumque
1188 3458 1314 3512 vita:
1349 3458 1644 3528 voluptatis
1674 3457 1974 3528 cupiditate

397 3547 647 3618 flagraret
671 3548 936 3616 ejusmodi
968 3549 1231 3618 juvenum
1261 3549 1571 3613 multitudo,
1604 3549 1804 3618 passim
1834 3549 1872 3603 ii
1905 3547 1976 3602 fe-

397 3639 579 3694 minas
606 3639 659 3691 in
699 3638 821 3692 foro
855 3639 1246 3693 adoriebantur
1270 3680 1286 3704 ,
1335 3640 1480 3694 unde
1521 3640 1695 3694 turbae
1747 3655 1976 3694 enasce-

395 3729 614 3788 bantur,
646 3743 709 3781 ac
739 3728 926 3783 civiles
966 3729 1283 3784 seditiones.
1316 3727 1526 3782 Anxius
1554 3727 1720 3798 igitur
1765 3729 1978 3782 Romu-

398 3822 502 3880 lus,
538 3817 736 3886 quidve
767 3823 952 3885 ageret
979 3817 1242 3884 incertus,
1277 3832 1402 3872 cum
1428 3817 1576 3871 nulla
1607 3825 1755 3872 esset
1774 3817 1977 3873 femina

397 3921 518 3974 quae
550 3921 671 3958 cum
703 3905 968 3959 militibus
998 3904 1213 3960 misceri
1239 3903 1420 3967 vellet,
1449 3912 1638 3974 utpote
1667 3905 1975 3975 agrestibus

397 4004 452 4050 et
484 3995 729 4049 barbaris
753 4036 766 4058 ,
807 3995 979 4066 legem
1010 3994 1392 4065 promulgavit,
1433 4009 1540 4064 qua
1585 3994 1788 4049 milites
1811 3995 1978 4066 jussit

398 4087 501 4142 sibi
530 4087 582 4141 in
607 4102 806 4142 uxores
828 4090 1096 4165 asciscere
1129 4085 1388 4157 virgines,
1413 4101 1548 4156 quas
1584 4085 1836 4142 Brutides
1873 4103 1974 4158 ap-

398 4179 690 4248 pellabant.
735 4177 843 4232 Sed
875 4194 1038 4234 nemo
1063 4190 1182 4234 erat
1208 4179 1301 4248 qui
1343 4178 1507 4233 filiam
1535 4194 1688 4234 suam
1719 4179 1786 4236 iis
1811 4181 1975 4236 vellet

400 4269 634 4333 tradere,
669 4282 793 4321 cum
833 4267 1028 4322 horum
1063 4267 1291 4338 singulis
1337 4267 1481 4322 haud
1529 4283 1819 4338 superesse
1849 4269 1973 4324 vita:

399 4357 551 4424 spem
585 4367 806 4426 propter
832 4356 971 4410 bella
999 4356 1243 4411 dicerent
1262 4395 1278 4421 ,
1303 4356 1434 4425 quin
1462 4356 1646 4426 potius
1680 4373 1807 4412 suas
1837 4358 1973 4414 filias

399 4548 550 4596 tutus
579 4541 645 4596 ad
671 4543 950 4597 oraculum
979 4541 1339 4614 proficiscitur
1366 4579 1381 4602 ,
1433 4555 1464 4594 a
1509 4553 1618 4609 quo
1657 4539 1846 4594 datum
1889 4548 1973 4595 est

2077 1919 2198 1968 τον,
2229 1904 2257 1957 ὅ
2283 1906 2431 1958 ἐστιν
2465 1904 2748 1976 Ῥωμαῖκὴ
2762 1905 2928 1972 λέξις,
2952 1908 3075 1978 ἥτις
3102 1910 3485 1980 ἑρμηνεύεται,
3521 1915 3663 1986 Ἐμ-

2079 1992 2448 2064 παρὰμονον·
2474 1997 2883 2066 πραισεντεύειν
2915 1998 2991 2069 (1)
3013 2000 3125 2071 γάρ
3150 1999 3367 2069 λέγεται
3391 2004 3450 2058 τὸ
3479 2022 3664 2078 παρα.

2083 2084 2299 2156 μένειν,
2333 2085 2468 2140 διότι
2497 2089 2530 2157 ή
2561 2086 2801 2160 χλοώδης
2827 2091 2898 2160 γῆ
2936 2090 3024 2144 διὰ
3063 2092 3265 2158 παντὸς
3302 2094 3518 2150 ἵσταται
3558 2098 3659 2150 σὺν

2077 2177 2192 2240 τοῖς
2217 2175 2427 2230 άλυεσι.
2449 2177 2523 2230 Τὸ
2549 2177 2607 2231 δὲ
2630 2179 2854 2232 Βένετον
2879 2179 3139 2234 ἐκάλεσεν
3166 2183 3230 2237 ὲκ
3259 2183 3353 2237 τοῦ
3383 2182 3524 2240 εἶναι
3549 2188 3660 2242 {mh

2078 2266 2177 2338 τὴν
2213 2265 2432 2340 Ῥώμην
2456 2268 2727 2339 ἐπαρχίαν
2751 2269 2934 2342 χώραν
2963 2270 3262 2345 λεγομένην
3281 2259 3570 2343 Βενετζίαν
3585 2281 3659 2348 ⁸⁸,

2076 2355 2299 2432 ἧστινος
2352 2359 2691 2432 μητρόπολίς
2738 2361 2886 2414 ἐστιν
2921 2362 3186 2436 ’Δκυληῖα
3211 2380 3226 2396 ⁸
3268 2367 3522 2424 κάκεῖθεν
3572 2371 3665 2438 EE-

2078 2449 2329 2521 ἔρχονται
2367 2449 2438 2503 τὰ
2480 2452 2677 2519 κυανᾶ,
2716 2451 2996 2508 τουτέστιν
3051 2454 3122 2508 τὰ
3162 2457 3421 2522 Βενέτζια
3436 2461 3482 2493 ³⁷
3517 2459 3667 2534 βάμρ

2081 2555 2233 2610 ματα
2263 2541 2372 2594 τῶν
2404 2541 2656 2611 ἱματίων,
2693 2541 2788 2596 καὶ
2819 2545 3259 2616 προσεκόλλησεν
3285 2549 3362 2620 τῷ
3397 2551 3664 2624 Πρασίνῳ

2081 2629 2274 2701 μέρει,
2302 2630 2332 2684 ὃ
2374 2632 2524 2686 ἐστιν
2550 2635 2618 2704 τῇ
2651 2635 2720 2704 γῇ
2740 2673 2755 2699 ,
2801 2634 2860 2688 τὺ
2887 2634 3078 2689 λευκὸν
3099 2677 3113 2702 ,
3145 2639 3282 2708 φησὶ
3297 2639 3342 2672 ⁸⁸
3369 2640 3461 2696 τδν
3496 2643 3661 2713 ἀέρα,

2079 2717 2270 2772 καθότι
2305 2719 2492 2791 βρέχει
2526 2721 2621 2775 καὶ
2656 2722 2924 2796 ὑπουργεῖ
2950 2727 3044 2780 καὶ
3070 2728 3333 2799 ἁρμόττει
3360 2735 3426 2804 τῇ
3457 2735 3546 2805 γῇ.
3567 2735 3663 2807 Τῷ

2077 2808 2290 2881 Βενέτῳ
2319 2811 2498 2882 μέρει,
2527 2813 2556 2867 ὃ
2579 2815 2696 2868 ἐστι
2725 2817 2841 2880 τοῖς
2871 2814 3050 2883 ὕδασι,
3075 2821 3485 2893 προσεκόλλησε
3517 2840 3666 2897 συμ-

2078 2899 2243 2971 μίξας
2270 2900 2330 2955 τὸ
2367 2901 2642 2958 Ῥουσαϊον
2688 2904 2878 2978 μέρος,
2921 2909 2950 2962 ὃ
2981 2909 3130 2963 ἐστιν
3161 2909 3224 2963 τὸ
3266 2911 3412 2982 πῦρ,
3461 2916 3659 2972 καθότι

2079 2990 2328 3052 σϐέννυσι
2359 2992 2418 3045 τὸ
2445 2992 2555 3066 πῦρ
2578 2995 2654 3059 ὡς
2677 2997 3117 3070 ὑποτεταγμένον
3145 3003 3314 3076 αὐτῷ.
3336 3005 3447 3058 Καὶ
3468 3007 3664 3064 λοιπὸν

2015 3069 2124 3172 ,οἱ
2153 3081 2252 3153 τὴν
2288 3081 2510 3155 Ῥώμην
2543 3084 2824 3152 οἰκοῦντες
2865 3069 3298 3164 διεμερίσθησαν
3333 3095 3403 3150 τὰ
3419 3098 3467 3129 "
3491 3101 3663 3172 μέρη,

2074 3173 2168 3226 καὶ
2219 3173 2404 3228 οὐκέτι
2444 3174 2767 3247 ώμονόησαν
2806 3180 2946 3250 πρὸς
2989 3180 3253 3254 ἀλλήλους
3296 3185 3388 3241 διὰ
3431 3188 3492 3242 τὸ
3525 3192 3667 3263 ὲρᾷν

2073 3263 2305 3318 ἕκαστον
2333 3266 2434 3336 τῆς
2467 3267 2604 3332 ίόίας
2636 3268 2796 3339 νίκης
2827 3270 2922 3324 καὶ
2963 3272 3360 3331 ἀντιποιεῖσθαι
3389 3279 3485 3334 τοῦ
3519 3281 3658 3338 ίόίου

2077 3355 2310 3426 μέρους,
2341 3355 2531 3430 ῶσπερ
2560 3357 2861 3430 θρησκείας
2905 3363 3084 3427 τινός·
3119 3367 3214 3420 καὶ
3257 3368 3470 3439 ὑπῆρξε
3511 3372 3664 3442 μέγα

2076 3447 2280 3518 σχίσμα
2309 3449 2368 3503 ὲν
2396 3452 2462 3522 τῇ
2480 3449 2685 3524 Ῥώμῃ,
2724 3453 2820 3506 καὶ
2851 3453 3096 3527 μεγάλην
3120 3456 3321 3530 ἔχθραν
3347 3458 3492 3532 εῐχον
3520 3469 3662 3538 πρὸς

2074 3539 2339 3629 ἀλλήλους
2353 3542 2399 3574 ³⁸
2441 3541 2512 3596 τά
2550 3543 2692 3616 μέρη
2711 3584 2727 3608 ,
2759 3545 2930 3600 ἀπότε
2944 3548 2984 3580 ³¹
3011 3549 3309 3622 ἐπενόησεν
3346 3555 3529 3620 αὐτοῖς
3556 3558 3662 3629 τὴν

2074 3629 2168 3680 τοῦ
2193 3627 2443 3683 Ἱππικοῦ
2475 3631 2604 3686 θέαν
2635 3634 2663 3686 ό
2692 3633 2926 3706 Ῥῶμος.
2952 3636 3042 3692 Ἐν
3069 3639 3125 3692 δὲ
3137 3641 3180 3673 ³³
3197 3644 3262 3712 τῇ
3291 3642 3536 3716 βασιλείᾳ
3557 3627 3659 3702 τοῦ

2076 3719 2245 3771 αὑτοῦ
2276 3718 2492 3790 Ῥώμου
2523 3723 2551 3775 ό
2574 3724 2804 3794 στρατὸς
2833 3725 3000 3781 αὐτοῦ
3031 3729 3249 3797 ἐγένετο
3276 3735 3442 3800 πολὺς
3467 3738 3662 3792 ἐπείσ-

2073 3827 2262 3878 ακτος,
2294 3811 2390 3865 καὶ
2433 3812 2638 3884 πλῆθος
2665 3811 2734 3887 ἦν
2764 3817 2822 3871 ὲν
2866 3821 2932 3891 τῇ
2975 3819 3163 3896 Ῥώμῃ
3197 3821 3404 3896 ἀγρίων
3440 3828 3662 3901 ἀνθρώ-

2077 3919 2197 3957 πων
2213 3904 2280 3969 ³³,
2312 3903 2408 3957 καὶ
2435 3907 2536 3959 οὐκ
2564 3901 2708 3978 ἦσαν
2740 3909 2878 3980 πρὸς
2903 3911 2974 3964 τά
3007 3912 3187 3986 πλήθη
3216 3916 3323 3969 τῶν
3351 3917 3663 3990 ἀνθρώπων

2075 3996 2356 4062 γυναῖκες,
2397 3997 2494 4050 καὶ
2545 3997 2859 4068 ἐπεθύμουν
2899 4002 2998 4074 τῆς
3049 4005 3142 4058 τοῦ
3191 4005 3308 4077 βίου
3345 4009 3539 4081 ἡδονῆς
3587 4014 3665 4066 τά

2074 4086 2184 4140 τῶν
2199 4087 2249 4118 ³⁵
2291 4088 2521 4142 νεανιῶν
2565 4092 2948 4163 στρατεύματα
2970 4135 2986 4160 ,
3024 4097 3181 4168 113
3223 4100 3319 4154 καὶ
3353 4103 3664 4174 ὲπήρχοντο

2075 4176 2218 4230 κατά
2258 4177 2360 4248 τὴν
2389 4178 2598 4250 ἀγορὰν
2629 4183 2750 4245 ταῖς
2781 4185 3019 4252 γυναιξὶ,
3061 4189 3155 4242 καὶ
3185 4191 3406 4258 ἐγένετο
3435 4195 3659 4266 ταραχὴ

2075 4267 2171 4320 καὶ
2199 4265 2464 4336 ἐμφύλιος
2496 4267 2753 4340 πόλεμος.
2787 4272 2898 4325 Καὶ
2924 4273 3126 4344 ἠθύμει
3177 4280 3206 4331 ὁ
3244 4278 3474 4350 Ῥῶμος,
3506 4265 3664 4351 ἀμηὲ

2076 4357 2257 4426 χανῶν
2277 4357 2330 4410 τί
2363 4358 2559 4430 πράξει
2578 4374 2594 4390 ο
2618 4361 2848 4432 οὐδεμία
2860 4363 2906 4395 ³⁵
2935 4367 3044 4437 γὰρ
3067 4368 3311 4440 ἠνείχετο
3332 4371 3440 4426 τῶν
3468 4389 3666 4440 γυναις

297 4505 300 4510 ,
401 4447 612 4502 civibus
637 4448 993 4503 collocabant.
1033 4447 1295 4502 Romulus
1333 4447 1498 4518 igitur
1537 4448 1768 4502 consilio
1803 4449 1976 4504 desti-

2081 4447 2195 4501 κῶν
2240 4451 2540 4522 καταμῖξαι
2587 4454 2703 4516 τοῖς
2750 4457 3140 4526 στρατιώταις,
3183 4461 3260 4526 ώς
3304 4464 3516 4534 ἀγρίοις
3561 4468 3665 4521 καὶ

2081 4539 2420 4614 βαρϐάροις,
2457 4543 2555 4598 καὶ
2605 4543 2914 4617 ὲξεφώνησε
2959 4550 3123 4620 νόμον
3173 4553 3314 4609 ὥστε
3355 4556 3664 4628 λαμϐάνειν

1670 4690 1998 4748 DUCANGII
2042 4692 2274 4750 NOTIE.

473 4853 1060 4934 (99))Αστροθεσίας.
1113 4854 1206 4934 Sic_
1231 4854 1575 4934 reposuimus
1611 4869 1678 4934 ex
1707 4869 1978 4934 anonymo
2025 4831 2046 4846 ‘

398 4923 504 4981 ms.
553 4923 610 4980 et
663 4940 729 4978 ex
768 4925 972 4979 Chron.
1006 4941 1109 4980 ms.
1158 4925 1228 4979 ab
1258 4923 1464 4980 A’damo
1510 4923 1576 4980 ad
1601 4923 1974 4991 Anastasium,

401 5010 524 5050 cum
547 4995 714 5051 editio
744 4993 1026 5064 praeferret
1051 4993 1323 5066 ἀστρῴας.

2149 4857 2224 4944 (l)
2249 4859 2728 4944 Πραισειςτεὺειν.
2762 4865 2968 4944 Eclogei
3003 4829 3105 4944 ms.
3133 4869 3190 4944 _6_
3226 4870 3344 4924 ἐστι
3402 4871 3664 4944 ὲ-μπαρά-

2077 4943 2257 4999 μονον,
2306 4931 2373 4982 ὲκ
2423 4933 2516 5015 τοᾷ
2567 4931 3019 5059 πιέραυσέντᾶοῖν,
3059 4937 3088 4991 ὃ
3133 4938 3352 5008 λέγεται
3391 4931 3452 4993 τό
3475 4931 3664 5014 παρα-

2077 4999 2286 5059 μένειν.
2318 4999 2397 5055 lta
2427 5013 2593 5058 etiam
2669 5005 2828 5059 hron.
2851 5008 2920 5059 ab
2950 5009 3158 5059 Adamo
3185 5009 3253 5059 ad
3283 5011 3660 5059 Anastasium-

2076 4999 2286 5069 μένειν.
2318 4999 2397 5055 Ita
2427 5003 2593 5058 etiam
2621 4999 2828 5061 Chron.
2851 5008 2920 5063 ab
2950 4999 3158 5066 Adamo
3185 4999 3254 5065 ad
3283 4999 3661 5070 Anastasitim.

1691 5155 1926 5214 VARUE
1959 5155 2370 5219 LECTIONES.

461 5294 524 5384 ξι-
538 5291 751 5384 σπειρία
771 5291 922 5384 Ιζξιξλ.Δ
934 5295 1138 5384 Erratis
1153 5311 1290 5384 cum
1304 5296 1552 5384 (ἐξότε-προ
1568 5297 1918 5384 Chilmeadus
1937 5301 2272 5384 adMalalam
2297 5307 2679 5384 etpucangius
2703 5307 2956 5384 Glpss_._v_.
2977 5310 3248 5384 qndctoy,
3299 5313 3348 5346 "
3377 5313 3664 5384 ἀστρῲας.

391 5362 1042 5454 ἀστρξξσμίξξὲιυίιμυε,
1067 5367 1797 5454 ἀστροθεσίαςΡςιοεηῄιιξ,
1851 5371 1952 5441 τὴν
1967 5373 2272 5454 ,ἀστρώαν-
2307 5362 2668 5454 flbilmeadus
2717 5362 3306 5454 ερξθίείείιιιῆξξιιίίη
3336 5362 3662 5454 p.w

393 5433 582 5503 ἐπειδὴ
611 5434 746 5502 μηδὲ
771 5436 837 5504 τῇ
871 5433 1094 5506 ἀστρῲᾳ
1122 5433 1280 5490 τοῦτο
1326 5454 1391 5490 συ

393 5504 485 5558 τοῦ
519 5503 578 5558 Ρ.
654 5505 698 5535 ’⁸
728 5503 1012 5557 Βενεττίαν
1039 5503 1099 5558 Ρ.
1175 5508 1220 5540 ⁸⁷
1250 5507 1391 5558 Βενέ·

391 5522 485 5558 του
519 5522 578 5558 ι’.

1397 5437 1616 5522 μμόαίχει
1653 5437 1918 5522 κινήσει..⁷
1967 5437 2412 5522 ’³τῆςξῌιιῐοιεε,
2447 5447 2543 5522 καὶ
2594 5447 2716 5522 τῆς⁸
2740 5447 2850 5503 PV.
2927 5451 2974 5522 τι
2993 5451 3250 5522 μεγάλης
3277 5437 3388 5508 διῦζ
3415 5437 3669 5510 [Sf—"aii;

654 5505 698 5580 f'
1123 5503 1506 5595 tlinllsgvétsta.
1529 5509 1590 5564 Ρ.
1635 5509 1723 5595 ﬁ"
1743 5503 2246 5595 ῴησξροει-κᾶθρτι
2273 5503 2427 5595 ponit
2581 5503 2754 5595 ξ’ξιῖἀ1
2771 5503 3048 5595 stiva)".
3080 5503 3664 5595 33"ai2Iﬁxo3}.

393 5571 677 5662 salsus}.
745 5573 1200 5662 refugam;
1225 5575 1598 5662 ςιιίιρεριειυε,
1626 5571 1818 5662 όπότεν
1852 5571 2007 5662 sing.
2038 5582 2102 5637 ιι.
2136 5583 2201 5662 v_.
2227 5571 2416 5662 pisse
2441 5586 2515 5662 1;,
2580 5571 3288 5662 aura*_sia§sg,z;"év.
3365 5571 3670 5662 525$;

393 5642 697 5727 ἀνθρώπωχ
745 5641 981 5727 Malalas,
1015 5641 1470 5727 ἀλγριαχίὲνᾹὟΖ,
1500 5641 1645 5720 ιιυὸᾶ
1697 5651 1912 5723 decepit
1955 5641 2292 5727 Ducangiu'm
2343 5641 2402 5712 ill
2454 5655 2630 5716 Gloss.
2709 5641 3406 5720 κάὰὲὗὺῗέἇότῐυῖνν.
3441 5641 3667 5720 “ut

393 5713 552 5785 ὃεμία
579 5713 951 5783 Chilmeadus,
977 5713 1150 5782 οὐδείς
1177 5716 1263 5774 PV
1298 5713 1532 5774 Malalasi
