  <div class='ocr_page' id='page_1' title='image "/cluster/home/n/w/nwhite01/storage/ocr_20150623/92/hvd.32044073502080/223.png"; bbox 0 0 3910 6336; ppageno 0'>
   <div class='ocr_carea' id='block_1_1' title="bbox 467 361 573 425">
    <p class='ocr_par' dir='ltr' id='par_1_1' title="bbox 467 361 573 425">
     <span class='ocr_line' id='line_1_1' title="bbox 467 361 573 425; baseline 0.019 -2"><span class='ocrx_word' id='word_1_1' title='bbox 467 361 573 425; x_wconf 70' lang='grc'><strong>299</strong></span> 
     </span>
    </p>
   </div>
   <div class='ocr_carea' id='block_1_2' title="bbox 1654 364 2532 430">
    <p class='ocr_par' dir='ltr' id='par_1_2' title="bbox 1654 364 2532 430">
     <span class='ocr_line' id='line_1_2' title="bbox 1654 364 2532 430; baseline 0 -4"><span class='ocrx_word' id='word_1_2' title='bbox 1654 364 2088 427; x_wconf 79' lang='lat' dir='ltr'><strong>CIIRONICON</strong></span> <span class='ocrx_word' id='word_1_3' title='bbox 2133 364 2532 430; x_wconf 73' lang='lat' dir='ltr'><strong>PASCIIALE.</strong></span> 
     </span>
    </p>
   </div>
   <div class='ocr_carea' id='block_1_3' title="bbox 2704 310 2776 319">
    <p class='ocr_par' dir='ltr' id='par_1_3' title="bbox 2704 310 2776 319">
     <span class='ocr_line' id='line_1_3' title="bbox 2704 310 2776 319; baseline -0.014 0"><span class='ocrx_word' id='word_1_4' title='bbox 2704 310 2776 319; x_wconf 61' lang='grc' dir='ltr'><strong>-.ς</strong></span> 
     </span>
    </p>
   </div>
   <div class='ocr_carea' id='block_1_4' title="bbox 3594 378 3711 442">
    <p class='ocr_par' dir='ltr' id='par_1_4' title="bbox 3594 378 3711 442">
     <span class='ocr_line' id='line_1_4' title="bbox 3594 378 3711 442; baseline 0.009 -1"><span class='ocrx_word' id='word_1_5' title='bbox 3594 378 3711 442; x_wconf 73' lang='lat'><strong>309</strong></span> 
     </span>
    </p>
   </div>
   <div class='ocr_carea' id='block_1_5' title="bbox 465 470 3707 554">
    <p class='ocr_par' dir='ltr' id='par_1_5' title="bbox 465 470 3707 554">
     <span class='ocr_line' id='line_1_5' title="bbox 465 470 3707 554; baseline 0.005 -27"><span class='ocrx_word' id='word_1_6' title='bbox 465 474 706 545; x_wconf 75' lang='grc' dir='ltr'>χωρικὰς</span> <span class='ocrx_word' id='word_1_7' title='bbox 729 472 828 538; x_wconf 72' lang='grc' dir='ltr'><strong>τὰς</strong></span> <span class='ocrx_word' id='word_1_8' title='bbox 857 473 1154 545; x_wconf 83' lang='grc' dir='ltr'>βοσκούσας</span> <span class='ocrx_word' id='word_1_9' title='bbox 1182 475 1250 528; x_wconf 75' lang='grc' dir='ltr'>τὰ</span> <span class='ocrx_word' id='word_1_10' title='bbox 1287 474 1551 549; x_wconf 79' lang='grc' dir='ltr'>πρόϐατα,</span> <span class='ocrx_word' id='word_1_11' title='bbox 1578 474 1652 539; x_wconf 81' lang='grc' dir='ltr'><strong>ὡς</strong></span> <span class='ocrx_word' id='word_1_12' title='bbox 1678 478 1766 533; x_wconf 73' lang='grc' dir='ltr'>ἀεὶ</span> <span class='ocrx_word' id='word_1_13' title='bbox 1794 477 1883 531; x_wconf 82' lang='grc' dir='ltr'>τὸν</span> <span class='ocrx_word' id='word_1_14' title='bbox 1916 477 2028 548; x_wconf 82' lang='grc' dir='ltr'>βίον</span> <span class='ocrx_word' id='word_1_15' title='bbox 2059 478 2152 531; x_wconf 80' lang='grc' dir='ltr'>καὶ</span> <span class='ocrx_word' id='word_1_16' title='bbox 2206 479 2307 549; x_wconf 68' lang='grc' dir='ltr'>τὴν</span> <span class='ocrx_word' id='word_1_17' title='bbox 2340 478 2614 548; x_wconf 79' lang='grc' dir='ltr'>διαγωγὴν</span> <span class='ocrx_word' id='word_1_18' title='bbox 2646 470 2874 548; x_wconf 75' lang='grc' dir='ltr'>ἐχούσας</span> <span class='ocrx_word' id='word_1_19' title='bbox 2906 477 3043 549; x_wconf 76' lang='grc' dir='ltr'>μετὰ</span> <span class='ocrx_word' id='word_1_20' title='bbox 3065 477 3171 536; x_wconf 81' lang='grc' dir='ltr'><strong>τῶν</strong></span> <span class='ocrx_word' id='word_1_21' title='bbox 3220 481 3433 554; x_wconf 80' lang='grc' dir='ltr'><strong>ἀλόγων</strong></span> <span class='ocrx_word' id='word_1_22' title='bbox 3457 490 3550 541; x_wconf 77' lang='grc' dir='ltr'><strong>καὶ</strong></span> <span class='ocrx_word' id='word_1_23' title='bbox 3595 489 3707 543; x_wconf 80' lang='grc' dir='ltr'><strong>τῶν</strong></span> 
     </span>
    </p>
   </div>
   <div class='ocr_carea' id='block_1_6' title="bbox 466 566 666 620">
    <p class='ocr_par' dir='ltr' id='par_1_6' title="bbox 466 566 666 620">
     <span class='ocr_line' id='line_1_6' title="bbox 466 566 666 620; baseline 0.01 -2"><span class='ocrx_word' id='word_1_24' title='bbox 466 566 666 620; x_wconf 76' lang='grc' dir='ltr'>λύκων.</span> 
     </span>
    </p>
   </div>
   <div class='ocr_carea' id='block_1_7' title="bbox 533 622 2006 739">
    <p class='ocr_par' dir='ltr' id='par_1_7' title="bbox 533 622 2006 726">
     <span class='ocr_line' id='line_1_7' title="bbox 533 622 2006 726; baseline 0.001 -16"><span class='ocrx_word' id='word_1_25' title='bbox 533 654 800 710; x_wconf 76' lang='lat' dir='ltr'><strong>Romulus</strong></span> <span class='ocrx_word' id='word_1_26' title='bbox 820 622 983 725; x_wconf 79' lang='lat' dir='ltr'><strong>porro</strong></span> <span class='ocrx_word' id='word_1_27' title='bbox 1012 655 1281 710; x_wconf 84' lang='lat' dir='ltr'><strong>Brumalia</strong></span> <span class='ocrx_word' id='word_1_28' title='bbox 1301 695 1316 723; x_wconf 89' lang='lat'><strong>,</strong></span> <span class='ocrx_word' id='word_1_29' title='bbox 1356 655 1438 710; x_wconf 93' lang='lat' dir='ltr'><strong>uti</strong></span> <span class='ocrx_word' id='word_1_30' title='bbox 1466 655 1807 726; x_wconf 76' lang='lat' dir='ltr'><strong>appellantur</strong></span> <span class='ocrx_word' id='word_1_31' title='bbox 1830 696 1844 722; x_wconf 93' lang='lat'><strong>,</strong></span> <span class='ocrx_word' id='word_1_32' title='bbox 1873 672 1935 711; x_wconf 92' lang='lat' dir='ltr'><strong>ea</strong></span> <span class='ocrx_word' id='word_1_33' title='bbox 1969 657 2006 711; x_wconf 87' lang='lat' dir='ltr'><strong>d</strong></span> 
     </span>
    </p>
   </div>
   <div class='ocr_carea' id='block_1_8' title="bbox 2115 622 3706 739">
    <p class='ocr_par' dir='ltr' id='par_1_8' title="bbox 2207 622 3706 739">
     <span class='ocr_line' id='line_1_8' title="bbox 2207 622 3706 739; baseline 0.009 -33"><span class='ocrx_word' id='word_1_34' title='bbox 2207 654 2410 707; x_wconf 85' lang='grc' dir='ltr'>Τούτου</span> <span class='ocrx_word' id='word_1_35' title='bbox 2445 653 2633 708; x_wconf 75' lang='grc' dir='ltr'>ἕνεκεν</span> <span class='ocrx_word' id='word_1_36' title='bbox 2665 654 2693 708; x_wconf 99' lang='lat'><strong>6</strong></span> <span class='ocrx_word' id='word_1_37' title='bbox 2728 654 2935 725; x_wconf 81' lang='grc' dir='ltr'>Ῥῶμος</span> <span class='ocrx_word' id='word_1_38' title='bbox 2983 656 3278 728; x_wconf 82' lang='grc' dir='ltr'>ἐπενόησεν</span> <span class='ocrx_word' id='word_1_39' title='bbox 3322 622 3391 715; x_wconf 75' lang='grc' dir='ltr'><strong>τά</strong></span> <span class='ocrx_word' id='word_1_40' title='bbox 3435 663 3706 739; x_wconf 66' lang='grc' dir='ltr'>λεγόμενα</span> 
     </span>
    </p>
   </div>
   <div class='ocr_carea' id='block_1_9' title="bbox 463 745 2006 829">
    <p class='ocr_par' dir='ltr' id='par_1_9' title="bbox 463 745 2002 804">
     <span class='ocr_line' id='line_1_9' title="bbox 463 745 2002 804; baseline 0.003 -5"><span class='ocrx_word' id='word_1_41' title='bbox 463 760 625 800; x_wconf 86' lang='lat' dir='ltr'><strong>causa</strong></span> <span class='ocrx_word' id='word_1_42' title='bbox 654 745 910 800; x_wconf 74' lang='lat' dir='ltr'><strong>instituit.</strong></span> <span class='ocrx_word' id='word_1_43' title='bbox 950 746 1084 801; x_wconf 83' lang='lat' dir='ltr'><strong>Cum</strong></span> <span class='ocrx_word' id='word_1_44' title='bbox 1120 746 1266 800; x_wconf 89' lang='lat' dir='ltr'><strong>enim</strong></span> <span class='ocrx_word' id='word_1_45' title='bbox 1296 761 1521 801; x_wconf 88' lang='lat' dir='ltr'><strong>necesse</strong></span> <span class='ocrx_word' id='word_1_46' title='bbox 1549 762 1673 803; x_wconf 90' lang='lat' dir='ltr'><strong>esse</strong></span> <span class='ocrx_word' id='word_1_47' title='bbox 1721 748 1928 804; x_wconf 86' lang='lat' dir='ltr'><strong>diceret</strong></span> <span class='ocrx_word' id='word_1_48' title='bbox 1970 767 2002 804; x_wconf 90' lang='grc' dir='ltr'><strong>ιι</strong></span> 
     </span>
    </p>
   </div>
   <div class='ocr_carea' id='block_1_10' title="bbox 2115 745 3701 829">
    <p class='ocr_par' dir='ltr' id='par_1_10' title="bbox 2129 745 3701 829">
     <span class='ocr_line' id='line_1_10' title="bbox 2129 745 3701 829; baseline 0.01 -31"><span class='ocrx_word' id='word_1_49' title='bbox 2129 745 2466 817; x_wconf 86' lang='grc' dir='ltr'>Βρουμάλια,</span> <span class='ocrx_word' id='word_1_50' title='bbox 2497 745 2753 817; x_wconf 74' lang='grc' dir='ltr'>εἰρηκὼς,</span> <span class='ocrx_word' id='word_1_51' title='bbox 2787 748 2950 817; x_wconf 73' lang='grc' dir='ltr'>φησὶν</span> <span class='ocrx_word' id='word_1_52' title='bbox 2966 748 3034 813; x_wconf 76' lang='grc'><strong>⁸⁸,</strong></span> <span class='ocrx_word' id='word_1_53' title='bbox 3066 749 3366 819; x_wconf 85' lang='grc' dir='ltr'>ἀναγκαῖον</span> <span class='ocrx_word' id='word_1_54' title='bbox 3400 751 3539 811; x_wconf 85' lang='grc' dir='ltr'>εἶναι</span> <span class='ocrx_word' id='word_1_55' title='bbox 3572 762 3701 829; x_wconf 82' lang='grc' dir='ltr'>τρέ-</span> 
     </span>
    </p>
   </div>
   <div class='ocr_carea' id='block_1_11' title="bbox 462 839 2027 910">
    <p class='ocr_par' dir='ltr' id='par_1_11' title="bbox 462 839 2027 910">
     <span class='ocr_line' id='line_1_11' title="bbox 462 839 2027 910; baseline 0.004 -21"><span class='ocrx_word' id='word_1_56' title='bbox 462 842 667 891; x_wconf 85' lang='lat' dir='ltr'><strong>statuto</strong></span> <span class='ocrx_word' id='word_1_57' title='bbox 695 845 941 906; x_wconf 86' lang='lat' dir='ltr'><strong>tempore</strong></span> <span class='ocrx_word' id='word_1_58' title='bbox 965 846 1245 892; x_wconf 88' lang='lat' dir='ltr'><strong>senatores</strong></span> <span class='ocrx_word' id='word_1_59' title='bbox 1275 852 1403 892; x_wconf 89' lang='lat' dir='ltr'><strong>suos</strong></span> <span class='ocrx_word' id='word_1_60' title='bbox 1432 853 1623 893; x_wconf 88' lang='lat' dir='ltr'><strong>onmes</strong></span> <span class='ocrx_word' id='word_1_61' title='bbox 1650 880 1665 905; x_wconf 94' lang='lat'><strong>,</strong></span> <span class='ocrx_word' id='word_1_62' title='bbox 1695 839 1782 893; x_wconf 88' lang='lat' dir='ltr'><strong>vel</strong></span> <span class='ocrx_word' id='word_1_63' title='bbox 1826 840 1918 910; x_wconf 88' lang='lat' dir='ltr'><strong>qui</strong></span> <span class='ocrx_word' id='word_1_64' title='bbox 1971 842 2027 895; x_wconf 91' lang='lat' dir='ltr'><strong>in</strong></span> 
     </span>
    </p>
   </div>
   <div class='ocr_carea' id='block_1_12' title="bbox 2130 835 3701 920">
    <p class='ocr_par' dir='ltr' id='par_1_12' title="bbox 2130 835 3701 920">
     <span class='ocr_line' id='line_1_12' title="bbox 2130 835 3701 920; baseline 0.011 -31"><span class='ocrx_word' id='word_1_65' title='bbox 2130 854 2250 905; x_wconf 84' lang='grc' dir='ltr'>φειν</span> <span class='ocrx_word' id='word_1_66' title='bbox 2284 836 2376 890; x_wconf 76' lang='grc' dir='ltr'><strong>τὸν</strong></span> <span class='ocrx_word' id='word_1_67' title='bbox 2398 835 2540 890; x_wconf 89' lang='grc' dir='ltr'><strong>κατά</strong></span> <span class='ocrx_word' id='word_1_68' title='bbox 2561 837 2753 911; x_wconf 74' lang='grc' dir='ltr'>καιρὸν</span> <span class='ocrx_word' id='word_1_69' title='bbox 2780 837 3007 908; x_wconf 83' lang='grc' dir='ltr'><strong>βασιλέα</strong></span> <span class='ocrx_word' id='word_1_70' title='bbox 3038 840 3139 913; x_wconf 80' lang='grc' dir='ltr'>τὴν</span> <span class='ocrx_word' id='word_1_71' title='bbox 3170 843 3367 898; x_wconf 84' lang='grc' dir='ltr'>ἑαυτοῦ</span> <span class='ocrx_word' id='word_1_72' title='bbox 3393 846 3701 920; x_wconf 77' lang='grc' dir='ltr'>σύγκλητον</span> 
     </span>
    </p>
   </div>
   <div class='ocr_carea' id='block_1_13' title="bbox 461 919 2006 1000">
    <p class='ocr_par' dir='ltr' id='par_1_13' title="bbox 461 919 2000 997">
     <span class='ocr_line' id='line_1_13' title="bbox 461 919 2000 997; baseline 0.005 -19"><span class='ocrx_word' id='word_1_73' title='bbox 461 926 814 997; x_wconf 78' lang='lat' dir='ltr'><strong>dignitatibus</strong></span> <span class='ocrx_word' id='word_1_74' title='bbox 843 932 1019 992; x_wconf 88' lang='lat' dir='ltr'><strong>erant,</strong></span> <span class='ocrx_word' id='word_1_75' title='bbox 1050 919 1427 996; x_wconf 71' lang='lat' dir='ltr'><strong>Palatinasque</strong></span> <span class='ocrx_word' id='word_1_76' title='bbox 1474 927 1613 983; x_wconf 86' lang='lat' dir='ltr'><strong>adeo</strong></span> <span class='ocrx_word' id='word_1_77' title='bbox 1650 929 1908 993; x_wconf 86' lang='lat' dir='ltr'><strong>militias,</strong></span> <span class='ocrx_word' id='word_1_78' title='bbox 1968 948 2000 985; x_wconf 90' lang='grc' dir='ltr'><strong>ιι</strong></span> 
     </span>
    </p>
   </div>
   <div class='ocr_carea' id='block_1_14' title="bbox 2115 919 3700 1000">
    <p class='ocr_par' dir='ltr' id='par_1_14' title="bbox 2127 919 3700 1000">
     <span class='ocr_line' id='line_1_14' title="bbox 2127 919 3700 1000; baseline 0.011 -21"><span class='ocrx_word' id='word_1_79' title='bbox 2127 927 2307 979; x_wconf 79' lang='grc' dir='ltr'>πᾶσαν</span> <span class='ocrx_word' id='word_1_80' title='bbox 2344 927 2439 980; x_wconf 75' lang='grc' dir='ltr'>καὶ</span> <span class='ocrx_word' id='word_1_81' title='bbox 2483 928 2609 1000; x_wconf 75' lang='grc' dir='ltr'>τοὺς</span> <span class='ocrx_word' id='word_1_82' title='bbox 2642 931 2699 981; x_wconf 84' lang='grc' dir='ltr'>ὲν</span> <span class='ocrx_word' id='word_1_83' title='bbox 2741 927 2918 992; x_wconf 80' lang='grc' dir='ltr'>ἀξίαις</span> <span class='ocrx_word' id='word_1_84' title='bbox 2949 930 3045 984; x_wconf 77' lang='grc' dir='ltr'>καὶ</span> <span class='ocrx_word' id='word_1_85' title='bbox 3072 932 3252 996; x_wconf 79' lang='grc' dir='ltr'>πάσας</span> <span class='ocrx_word' id='word_1_86' title='bbox 3280 935 3380 998; x_wconf 84' lang='grc' dir='ltr'><strong>τὰς</strong></span> <span class='ocrx_word' id='word_1_87' title='bbox 3418 937 3567 994; x_wconf 76' lang='grc' dir='ltr'>ἔνδον</span> <span class='ocrx_word' id='word_1_88' title='bbox 3593 919 3700 996; x_wconf 80' lang='grc' dir='ltr'><strong>τοῦ</strong></span> 
     </span>
    </p>
   </div>
   <div class='ocr_carea' id='block_1_15' title="bbox 460 1016 2006 1102">
    <p class='ocr_par' dir='ltr' id='par_1_15' title="bbox 460 1016 2001 1088">
     <span class='ocr_line' id='line_1_15' title="bbox 460 1016 2001 1088; baseline 0.005 -18"><span class='ocrx_word' id='word_1_89' title='bbox 460 1017 836 1071; x_wconf 79' lang='lat' dir='ltr'><strong>honoratiores</strong></span> <span class='ocrx_word' id='word_1_90' title='bbox 857 1057 873 1083; x_wconf 90' lang='lat'><strong>,</strong></span> <span class='ocrx_word' id='word_1_91' title='bbox 907 1016 1132 1072; x_wconf 85' lang='lat' dir='ltr'><strong>hiberna</strong></span> <span class='ocrx_word' id='word_1_92' title='bbox 1165 1025 1486 1088; x_wconf 85' lang='lat' dir='ltr'><strong>tempestate</strong></span> <span class='ocrx_word' id='word_1_93' title='bbox 1510 1060 1526 1084; x_wconf 91' lang='lat'><strong>,</strong></span> <span class='ocrx_word' id='word_1_94' title='bbox 1558 1020 1777 1088; x_wconf 80' lang='lat' dir='ltr'><strong>quando</strong></span> <span class='ocrx_word' id='word_1_95' title='bbox 1820 1021 2001 1077; x_wconf 90' lang='lat' dir='ltr'><strong>scilice</strong></span> 
     </span>
    </p>
   </div>
   <div class='ocr_carea' id='block_1_16' title="bbox 2115 1016 3700 1102">
    <p class='ocr_par' dir='ltr' id='par_1_16' title="bbox 2125 1017 3700 1102">
     <span class='ocr_line' id='line_1_16' title="bbox 2125 1017 3700 1102; baseline 0.008 -31"><span class='ocrx_word' id='word_1_96' title='bbox 2125 1018 2394 1080; x_wconf 75' lang='grc' dir='ltr'>Παλατίου</span> <span class='ocrx_word' id='word_1_97' title='bbox 2440 1017 2605 1082; x_wconf 80' lang='grc' dir='ltr'>οὔσας</span> <span class='ocrx_word' id='word_1_98' title='bbox 2639 1019 2895 1088; x_wconf 72' lang='grc' dir='ltr'>στρατιὰς</span> <span class='ocrx_word' id='word_1_99' title='bbox 2923 1019 2997 1082; x_wconf 80' lang='grc' dir='ltr'>ὡς</span> <span class='ocrx_word' id='word_1_100' title='bbox 3043 1021 3293 1091; x_wconf 75' lang='grc' dir='ltr'><strong>ἐντίμους</strong></span> <span class='ocrx_word' id='word_1_101' title='bbox 3322 1025 3382 1078; x_wconf 84' lang='grc' dir='ltr'>ἐν</span> <span class='ocrx_word' id='word_1_102' title='bbox 3409 1027 3487 1097; x_wconf 83' lang='grc' dir='ltr'><strong>τῷ</strong></span> <span class='ocrx_word' id='word_1_103' title='bbox 3521 1033 3700 1102; x_wconf 82' lang='grc' dir='ltr'>καιρῷ</span> 
     </span>
    </p>
   </div>
   <div class='ocr_carea' id='block_1_17' title="bbox 456 1107 2024 1181">
    <p class='ocr_par' dir='ltr' id='par_1_17' title="bbox 456 1107 2024 1181">
     <span class='ocr_line' id='line_1_17' title="bbox 456 1107 2024 1181; baseline 0.004 -20"><span class='ocrx_word' id='word_1_104' title='bbox 456 1115 650 1162; x_wconf 86' lang='lat' dir='ltr'><strong>vacant</strong></span> <span class='ocrx_word' id='word_1_105' title='bbox 683 1122 774 1162; x_wconf 87' lang='lat' dir='ltr'><strong>res</strong></span> <span class='ocrx_word' id='word_1_106' title='bbox 798 1107 1022 1174; x_wconf 67' lang='lat' dir='ltr'><strong>bellicae,</strong></span> <span class='ocrx_word' id='word_1_107' title='bbox 1065 1124 1159 1163; x_wconf 81' lang='lat' dir='ltr'><strong>rex</strong></span> <span class='ocrx_word' id='word_1_108' title='bbox 1196 1110 1373 1180; x_wconf 84' lang='lat' dir='ltr'><strong>epulis</strong></span> <span class='ocrx_word' id='word_1_109' title='bbox 1394 1110 1705 1180; x_wconf 82' lang='lat' dir='ltr'><strong>exciperet,</strong></span> <span class='ocrx_word' id='word_1_110' title='bbox 1736 1111 1940 1181; x_wconf 90' lang='lat' dir='ltr'><strong>primos</strong></span> <span class='ocrx_word' id='word_1_111' title='bbox 1966 1113 2024 1167; x_wconf 86' lang='lat' dir='ltr'><strong>in</strong></span> 
     </span>
    </p>
   </div>
   <div class='ocr_carea' id='block_1_18' title="bbox 454 1199 2023 1272">
    <p class='ocr_par' dir='ltr' id='par_1_18' title="bbox 454 1199 2023 1272">
     <span class='ocr_line' id='line_1_18' title="bbox 454 1199 2023 1272; baseline 0.003 -20"><span class='ocrx_word' id='word_1_112' title='bbox 454 1199 764 1255; x_wconf 81' lang='lat' dir='ltr'><strong>convivium</strong></span> <span class='ocrx_word' id='word_1_113' title='bbox 791 1200 969 1256; x_wconf 86' lang='lat' dir='ltr'><strong>accire</strong></span> <span class='ocrx_word' id='word_1_114' title='bbox 993 1201 1178 1270; x_wconf 65' lang='lat' dir='ltr'><strong>coepit,</strong></span> <span class='ocrx_word' id='word_1_115' title='bbox 1216 1201 1503 1272; x_wconf 88' lang='lat' dir='ltr'><strong>epulisque</strong></span> <span class='ocrx_word' id='word_1_116' title='bbox 1547 1217 1770 1272; x_wconf 87' lang='lat' dir='ltr'><strong>pascere</strong></span> <span class='ocrx_word' id='word_1_117' title='bbox 1788 1244 1803 1269; x_wconf 87' lang='lat'><strong>,</strong></span> <span class='ocrx_word' id='word_1_118' title='bbox 1828 1203 1920 1272; x_wconf 91' lang='lat' dir='ltr'><strong>qui</strong></span> <span class='ocrx_word' id='word_1_119' title='bbox 1953 1202 2023 1256; x_wconf 87' lang='lat' dir='ltr'><strong>ad</strong></span> 
     </span>
    </p>
   </div>
   <div class='ocr_carea' id='block_1_19' title="bbox 453 1292 2023 1364">
    <p class='ocr_par' dir='ltr' id='par_1_19' title="bbox 453 1292 2023 1364">
     <span class='ocr_line' id='line_1_19' title="bbox 453 1292 2023 1364; baseline 0.003 -20"><span class='ocrx_word' id='word_1_120' title='bbox 453 1306 653 1346; x_wconf 85' lang='lat' dir='ltr'><strong>nomen</strong></span> <span class='ocrx_word' id='word_1_121' title='bbox 700 1292 998 1358; x_wconf 82' lang='lat' dir='ltr'><strong>ducerent,</strong></span> <span class='ocrx_word' id='word_1_122' title='bbox 1045 1301 1102 1347; x_wconf 75' lang='lat' dir='ltr'><strong>et</strong></span> <span class='ocrx_word' id='word_1_123' title='bbox 1151 1294 1230 1348; x_wconf 88' lang='lat' dir='ltr'><strong>sic</strong></span> <span class='ocrx_word' id='word_1_124' title='bbox 1281 1293 1536 1363; x_wconf 84' lang='lat' dir='ltr'><strong>deinceps</strong></span> <span class='ocrx_word' id='word_1_125' title='bbox 1588 1310 1758 1364; x_wconf 86' lang='lat' dir='ltr'><strong>usque</strong></span> <span class='ocrx_word' id='word_1_126' title='bbox 1812 1294 1879 1349; x_wconf 90' lang='lat' dir='ltr'><strong>ad</strong></span> <span class='ocrx_word' id='word_1_127' title='bbox 1927 1310 2023 1364; x_wconf 86' lang='lat' dir='ltr'><strong>po-</strong></span> 
     </span>
    </p>
   </div>
   <div class='ocr_carea' id='block_1_20' title="bbox 453 1382 2023 1455">
    <p class='ocr_par' dir='ltr' id='par_1_20' title="bbox 453 1382 2023 1455">
     <span class='ocr_line' id='line_1_20' title="bbox 453 1382 2023 1455; baseline 0.002 -18"><span class='ocrx_word' id='word_1_128' title='bbox 453 1391 711 1437; x_wconf 87' lang='lat' dir='ltr'><strong>stremam</strong></span> <span class='ocrx_word' id='word_1_129' title='bbox 736 1383 1006 1448; x_wconf 83' lang='lat' dir='ltr'><strong>litteram,</strong></span> <span class='ocrx_word' id='word_1_130' title='bbox 1038 1382 1208 1453; x_wconf 83' lang='lat' dir='ltr'><strong>jussis</strong></span> <span class='ocrx_word' id='word_1_131' title='bbox 1241 1385 1582 1439; x_wconf 82' lang='lat' dir='ltr'><strong>senatoribus</strong></span> <span class='ocrx_word' id='word_1_132' title='bbox 1611 1393 1670 1438; x_wconf 90' lang='lat' dir='ltr'><strong>ut</strong></span> <span class='ocrx_word' id='word_1_133' title='bbox 1701 1385 1888 1441; x_wconf 87' lang='lat' dir='ltr'><strong>eadem</strong></span> <span class='ocrx_word' id='word_1_134' title='bbox 1922 1400 2023 1455; x_wconf 89' lang='lat' dir='ltr'><strong>pa-</strong></span> 
     </span>
    </p>
   </div>
   <div class='ocr_carea' id='block_1_21' title="bbox 452 1471 2021 1543">
    <p class='ocr_par' dir='ltr' id='par_1_21' title="bbox 452 1471 2021 1543">
     <span class='ocr_line' id='line_1_21' title="bbox 452 1471 2021 1543; baseline 0.003 -18"><span class='ocrx_word' id='word_1_135' title='bbox 452 1472 586 1527; x_wconf 86' lang='lat' dir='ltr'><strong>riter</strong></span> <span class='ocrx_word' id='word_1_136' title='bbox 640 1472 850 1527; x_wconf 86' lang='lat' dir='ltr'><strong>ratione</strong></span> <span class='ocrx_word' id='word_1_137' title='bbox 895 1471 1141 1528; x_wconf 88' lang='lat' dir='ltr'><strong>convivia</strong></span> <span class='ocrx_word' id='word_1_138' title='bbox 1176 1472 1499 1527; x_wconf 80' lang='lat' dir='ltr'><strong>exbiberent</strong></span> <span class='ocrx_word' id='word_1_139' title='bbox 1529 1510 1544 1535; x_wconf 92' lang='lat'><strong>,</strong></span> <span class='ocrx_word' id='word_1_140' title='bbox 1592 1471 1893 1543; x_wconf 80' lang='lat' dir='ltr'><strong>singulique</strong></span> <span class='ocrx_word' id='word_1_141' title='bbox 1922 1488 2021 1543; x_wconf 90' lang='lat' dir='ltr'><strong>pro</strong></span> 
     </span>
    </p>
   </div>
   <div class='ocr_carea' id='block_1_22' title="bbox 450 1562 2019 1635">
    <p class='ocr_par' dir='ltr' id='par_1_22' title="bbox 450 1562 2019 1635">
     <span class='ocr_line' id='line_1_22' title="bbox 450 1562 2019 1635; baseline 0.002 -19"><span class='ocrx_word' id='word_1_142' title='bbox 450 1562 604 1618; x_wconf 85' lang='lat' dir='ltr'><strong>libito</strong></span> <span class='ocrx_word' id='word_1_143' title='bbox 631 1564 841 1633; x_wconf 89' lang='lat' dir='ltr'><strong>plebem</strong></span> <span class='ocrx_word' id='word_1_144' title='bbox 873 1578 1091 1618; x_wconf 90' lang='lat' dir='ltr'><strong>omnem</strong></span> <span class='ocrx_word' id='word_1_145' title='bbox 1122 1563 1454 1631; x_wconf 79' lang='lat' dir='ltr'><strong>invitarent;</strong></span> <span class='ocrx_word' id='word_1_146' title='bbox 1490 1563 1635 1633; x_wconf 90' lang='lat' dir='ltr'><strong>quod</strong></span> <span class='ocrx_word' id='word_1_147' title='bbox 1678 1563 1753 1617; x_wconf 90' lang='lat' dir='ltr'><strong>ita</strong></span> <span class='ocrx_word' id='word_1_148' title='bbox 1793 1579 2019 1635; x_wconf 80' lang='lat' dir='ltr'><strong>perage-</strong></span> 
     </span>
    </p>
   </div>
   <div class='ocr_carea' id='block_1_23' title="bbox 447 1652 2017 1726">
    <p class='ocr_par' dir='ltr' id='par_1_23' title="bbox 447 1652 2017 1726">
     <span class='ocr_line' id='line_1_23' title="bbox 447 1652 2017 1726; baseline 0.001 -19"><span class='ocrx_word' id='word_1_149' title='bbox 447 1652 649 1708; x_wconf 88' lang='lat' dir='ltr'><strong>batur:</strong></span> <span class='ocrx_word' id='word_1_150' title='bbox 679 1653 1023 1726; x_wconf 78' lang='lat' dir='ltr'><strong>Singularum</strong></span> <span class='ocrx_word' id='word_1_151' title='bbox 1070 1664 1369 1709; x_wconf 91' lang='lat' dir='ltr'><strong>turmarum</strong></span> <span class='ocrx_word' id='word_1_152' title='bbox 1413 1654 1680 1709; x_wconf 87' lang='lat' dir='ltr'><strong>tubicines</strong></span> <span class='ocrx_word' id='word_1_153' title='bbox 1724 1654 1788 1708; x_wconf 89' lang='lat' dir='ltr'><strong>ad</strong></span> <span class='ocrx_word' id='word_1_154' title='bbox 1829 1670 2017 1709; x_wconf 91' lang='lat' dir='ltr'><strong>eorum</strong></span> 
     </span>
    </p>
   </div>
   <div class='ocr_carea' id='block_1_24' title="bbox 446 1743 2016 1815">
    <p class='ocr_par' dir='ltr' id='par_1_24' title="bbox 446 1743 2016 1815">
     <span class='ocr_line' id='line_1_24' title="bbox 446 1743 2016 1815; baseline 0.001 -17"><span class='ocrx_word' id='word_1_155' title='bbox 446 1744 593 1798; x_wconf 69' lang='lat' dir='ltr'><strong>mdes</strong></span> <span class='ocrx_word' id='word_1_156' title='bbox 618 1743 846 1813; x_wconf 78' lang='lat' dir='ltr'><strong>profecti</strong></span> <span class='ocrx_word' id='word_1_157' title='bbox 876 1746 967 1815; x_wconf 90' lang='lat' dir='ltr'><strong>qui</strong></span> <span class='ocrx_word' id='word_1_158' title='bbox 997 1746 1063 1801; x_wconf 91' lang='lat' dir='ltr'><strong>ad</strong></span> <span class='ocrx_word' id='word_1_159' title='bbox 1090 1745 1398 1801; x_wconf 84' lang='lat' dir='ltr'><strong>convivium</strong></span> <span class='ocrx_word' id='word_1_160' title='bbox 1422 1745 1808 1808; x_wconf 88' lang='lat' dir='ltr'><strong>invitabantur,</strong></span> <span class='ocrx_word' id='word_1_161' title='bbox 1827 1761 1936 1815; x_wconf 91' lang='lat' dir='ltr'><strong>quo</strong></span> <span class='ocrx_word' id='word_1_162' title='bbox 1956 1760 2016 1800; x_wconf 91' lang='lat' dir='ltr'><strong>se</strong></span> 
     </span>
    </p>
   </div>
   <div class='ocr_carea' id='block_1_25' title="bbox 446 1836 2014 1907">
    <p class='ocr_par' dir='ltr' id='par_1_25' title="bbox 446 1836 2014 1907">
     <span class='ocr_line' id='line_1_25' title="bbox 446 1836 2014 1907; baseline 0.001 -16"><span class='ocrx_word' id='word_1_163' title='bbox 446 1836 502 1892; x_wconf 88' lang='lat' dir='ltr'><strong>in</strong></span> <span class='ocrx_word' id='word_1_164' title='bbox 544 1845 861 1907; x_wconf 86' lang='lat' dir='ltr'><strong>sequentem</strong></span> <span class='ocrx_word' id='word_1_165' title='bbox 914 1838 1058 1892; x_wconf 87' lang='lat' dir='ltr'><strong>diem</strong></span> <span class='ocrx_word' id='word_1_166' title='bbox 1102 1837 1357 1893; x_wconf 74' lang='lat' dir='ltr'><strong>invitatos</strong></span> <span class='ocrx_word' id='word_1_167' title='bbox 1403 1837 1645 1903; x_wconf 87' lang='lat' dir='ltr'><strong>scirent,</strong></span> <span class='ocrx_word' id='word_1_168' title='bbox 1698 1837 1875 1907; x_wconf 83' lang='lat' dir='ltr'><strong>pridie</strong></span> <span class='ocrx_word' id='word_1_169' title='bbox 1909 1837 2014 1892; x_wconf 89' lang='lat' dir='ltr'><strong>sub</strong></span> 
     </span>
    </p>
   </div>
   <div class='ocr_carea' id='block_1_26' title="bbox 447 1925 2010 1998">
    <p class='ocr_par' dir='ltr' id='par_1_26' title="bbox 447 1925 2010 1998">
     <span class='ocr_line' id='line_1_26' title="bbox 447 1925 2010 1998; baseline -0.003 -15"><span class='ocrx_word' id='word_1_170' title='bbox 447 1943 723 1998; x_wconf 73' lang='lat' dir='ltr'><strong>vesperam</strong></span> <span class='ocrx_word' id='word_1_171' title='bbox 741 1928 897 1983; x_wconf 71' lang='lat' dir='ltr'><strong>.tubac</strong></span> <span class='ocrx_word' id='word_1_172' title='bbox 917 1934 1087 1982; x_wconf 78' lang='lat' dir='ltr'><strong>cantu</strong></span> <span class='ocrx_word' id='word_1_173' title='bbox 1114 1926 1453 1982; x_wconf 87' lang='lat' dir='ltr'><strong>indicabant:</strong></span> <span class='ocrx_word' id='word_1_174' title='bbox 1479 1927 1631 1996; x_wconf 89' lang='lat' dir='ltr'><strong>isque</strong></span> <span class='ocrx_word' id='word_1_175' title='bbox 1658 1926 1854 1981; x_wconf 79' lang='lat' dir='ltr'><strong>exinde</strong></span> <span class='ocrx_word' id='word_1_176' title='bbox 1877 1925 2010 1980; x_wconf 84' lang='lat' dir='ltr'><strong>Bru-</strong></span> 
     </span>
    </p>
   </div>
   <div class='ocr_carea' id='block_1_27' title="bbox 2122 1108 3701 1190">
    <p class='ocr_par' dir='ltr' id='par_1_27' title="bbox 2122 1108 3701 1190">
     <span class='ocr_line' id='line_1_27' title="bbox 2122 1108 3701 1190; baseline 0.006 -29"><span class='ocrx_word' id='word_1_177' title='bbox 2122 1108 2215 1162; x_wconf 84' lang='grc' dir='ltr'><strong>τοῦ</strong></span> <span class='ocrx_word' id='word_1_178' title='bbox 2241 1109 2529 1181; x_wconf 84' lang='grc' dir='ltr'>χειμῶνος,</span> <span class='ocrx_word' id='word_1_179' title='bbox 2553 1110 2643 1162; x_wconf 80' lang='grc' dir='ltr'>ὅτε</span> <span class='ocrx_word' id='word_1_180' title='bbox 2674 1109 2741 1162; x_wconf 79' lang='grc' dir='ltr'><strong>τὰ</strong></span> <span class='ocrx_word' id='word_1_181' title='bbox 2775 1109 3046 1181; x_wconf 80' lang='grc' dir='ltr'>πολεμικὰ</span> <span class='ocrx_word' id='word_1_182' title='bbox 3072 1111 3275 1167; x_wconf 76' lang='grc' dir='ltr'><strong>ἔνδοσιν</strong></span> <span class='ocrx_word' id='word_1_183' title='bbox 3307 1114 3441 1185; x_wconf 74' lang='grc' dir='ltr'>ἔχει,</span> <span class='ocrx_word' id='word_1_184' title='bbox 3470 1119 3564 1172; x_wconf 73' lang='grc' dir='ltr'>καὶ</span> <span class='ocrx_word' id='word_1_185' title='bbox 3593 1122 3701 1190; x_wconf 68' lang='grc' dir='ltr'><strong>ἦρ-</strong></span> 
     </span>
    </p>
   </div>
   <div class='ocr_carea' id='block_1_28' title="bbox 2125 1198 3695 1277">
    <p class='ocr_par' dir='ltr' id='par_1_28' title="bbox 2125 1198 3695 1277">
     <span class='ocr_line' id='line_1_28' title="bbox 2125 1198 3695 1277; baseline 0.01 -25"><span class='ocrx_word' id='word_1_186' title='bbox 2125 1198 2250 1264; x_wconf 78' lang='grc' dir='ltr'>ξατο</span> <span class='ocrx_word' id='word_1_187' title='bbox 2307 1200 2556 1272; x_wconf 83' lang='grc' dir='ltr'><strong>πρώτους</strong></span> <span class='ocrx_word' id='word_1_188' title='bbox 2599 1203 2785 1257; x_wconf 86' lang='grc' dir='ltr'><strong>καλεῖν</strong></span> <span class='ocrx_word' id='word_1_189' title='bbox 2827 1206 2922 1258; x_wconf 71' lang='grc' dir='ltr'>καὶ</span> <span class='ocrx_word' id='word_1_190' title='bbox 2970 1206 3193 1277; x_wconf 78' lang='grc' dir='ltr'><strong>τρέφειν</strong></span> <span class='ocrx_word' id='word_1_191' title='bbox 3240 1209 3364 1272; x_wconf 78' lang='grc' dir='ltr'>τοὺς</span> <span class='ocrx_word' id='word_1_192' title='bbox 3429 1212 3537 1265; x_wconf 79' lang='grc' dir='ltr'>ἀπὸ</span> <span class='ocrx_word' id='word_1_193' title='bbox 3597 1214 3695 1268; x_wconf 81' lang='grc' dir='ltr'><strong>τοῦ</strong></span> 
     </span>
    </p>
   </div>
   <div class='ocr_carea' id='block_1_29' title="bbox 2121 1291 3692 1368">
    <p class='ocr_par' dir='ltr' id='par_1_29' title="bbox 2121 1291 3692 1368">
     <span class='ocr_line' id='line_1_29' title="bbox 2121 1291 3692 1368; baseline 0.01 -25"><span class='ocrx_word' id='word_1_194' title='bbox 2121 1293 2166 1343; x_wconf 82' lang='grc' dir='ltr'><strong>Δ</strong></span> <span class='ocrx_word' id='word_1_195' title='bbox 2195 1291 2414 1361; x_wconf 82' lang='grc' dir='ltr'>ἔχοντας</span> <span class='ocrx_word' id='word_1_196' title='bbox 2442 1293 2503 1345; x_wconf 82' lang='grc' dir='ltr'>τὸ</span> <span class='ocrx_word' id='word_1_197' title='bbox 2529 1291 2719 1364; x_wconf 76' lang='grc' dir='ltr'>δνομα,</span> <span class='ocrx_word' id='word_1_198' title='bbox 2738 1294 2831 1366; x_wconf 71' lang='grc' dir='ltr'>καὶ</span> <span class='ocrx_word' id='word_1_199' title='bbox 2855 1293 3037 1349; x_wconf 67' lang='grc' dir='ltr'>λοιπὸν</span> <span class='ocrx_word' id='word_1_200' title='bbox 3059 1296 3363 1362; x_wconf 79' lang='grc' dir='ltr'><strong>ἀκολούθως</strong></span> <span class='ocrx_word' id='word_1_201' title='bbox 3379 1299 3484 1364; x_wconf 76' lang='grc' dir='ltr'>ἕως</span> <span class='ocrx_word' id='word_1_202' title='bbox 3504 1303 3597 1356; x_wconf 69' lang='grc' dir='ltr'><strong>τοῦ</strong></span> <span class='ocrx_word' id='word_1_203' title='bbox 3625 1306 3692 1368; x_wconf 79' lang='grc' dir='ltr'>Ω,</span> 
     </span>
    </p>
   </div>
   <div class='ocr_carea' id='block_1_30' title="bbox 2121 1383 3694 1465">
    <p class='ocr_par' dir='ltr' id='par_1_30' title="bbox 2121 1383 3694 1465">
     <span class='ocr_line' id='line_1_30' title="bbox 2121 1383 3694 1465; baseline 0.008 -29"><span class='ocrx_word' id='word_1_204' title='bbox 2121 1383 2385 1449; x_wconf 87' lang='grc' dir='ltr'>κελεύσας</span> <span class='ocrx_word' id='word_1_205' title='bbox 2414 1385 2508 1438; x_wconf 77' lang='grc' dir='ltr'>καὶ</span> <span class='ocrx_word' id='word_1_206' title='bbox 2528 1387 2626 1454; x_wconf 76' lang='grc' dir='ltr'>τὴν</span> <span class='ocrx_word' id='word_1_207' title='bbox 2660 1385 2854 1439; x_wconf 78' lang='grc' dir='ltr'>ἑαυτοῦ</span> <span class='ocrx_word' id='word_1_208' title='bbox 2886 1386 3187 1457; x_wconf 79' lang='grc' dir='ltr'>σύγκλητον</span> <span class='ocrx_word' id='word_1_209' title='bbox 3221 1388 3414 1460; x_wconf 74' lang='grc' dir='ltr'>θρέψαι</span> <span class='ocrx_word' id='word_1_210' title='bbox 3440 1393 3517 1464; x_wconf 80' lang='grc' dir='ltr'>τῷ</span> <span class='ocrx_word' id='word_1_211' title='bbox 3542 1394 3694 1465; x_wconf 76' lang='grc' dir='ltr'>αὑτῷ</span> 
     </span>
    </p>
   </div>
   <div class='ocr_carea' id='block_1_31' title="bbox 2122 1475 3685 1551">
    <p class='ocr_par' dir='ltr' id='par_1_31' title="bbox 2122 1475 3685 1551">
     <span class='ocr_line' id='line_1_31' title="bbox 2122 1475 3685 1551; baseline 0.007 -24"><span class='ocrx_word' id='word_1_212' title='bbox 2122 1477 2391 1546; x_wconf 83' lang='grc' dir='ltr'>σχήματι’</span> <span class='ocrx_word' id='word_1_213' title='bbox 2418 1476 2514 1529; x_wconf 73' lang='grc' dir='ltr'>καὶ</span> <span class='ocrx_word' id='word_1_214' title='bbox 2551 1475 2784 1548; x_wconf 75' lang='grc' dir='ltr'>ἔθρεψαν</span> <span class='ocrx_word' id='word_1_215' title='bbox 2826 1478 2918 1530; x_wconf 76' lang='grc' dir='ltr'>καὶ</span> <span class='ocrx_word' id='word_1_216' title='bbox 2945 1479 3099 1531; x_wconf 75' lang='grc' dir='ltr'>αὐτοὶ</span> <span class='ocrx_word' id='word_1_217' title='bbox 3131 1479 3225 1532; x_wconf 80' lang='grc' dir='ltr'>τὸν</span> <span class='ocrx_word' id='word_1_218' title='bbox 3257 1480 3411 1551; x_wconf 72' lang='grc' dir='ltr'>ὄχλον</span> <span class='ocrx_word' id='word_1_219' title='bbox 3450 1483 3685 1549; x_wconf 76' lang='grc' dir='ltr'>ἅπαντα,</span> 
     </span>
    </p>
   </div>
   <div class='ocr_carea' id='block_1_32' title="bbox 2117 1564 3688 1644">
    <p class='ocr_par' dir='ltr' id='par_1_32' title="bbox 2117 1564 3688 1644">
     <span class='ocr_line' id='line_1_32' title="bbox 2117 1564 3688 1644; baseline 0.006 -27"><span class='ocrx_word' id='word_1_220' title='bbox 2117 1565 2347 1629; x_wconf 74' lang='grc' dir='ltr'>ἕκαστος</span> <span class='ocrx_word' id='word_1_221' title='bbox 2377 1565 2525 1629; x_wconf 81' lang='grc' dir='ltr'>οὓς³²</span> <span class='ocrx_word' id='word_1_222' title='bbox 2557 1566 2817 1637; x_wconf 74' lang='grc' dir='ltr'>ἠϐούλετο</span> <span class='ocrx_word' id='word_1_223' title='bbox 2834 1567 2899 1620; x_wconf 84' lang='grc'><strong>⁵³.</strong></span> <span class='ocrx_word' id='word_1_224' title='bbox 2943 1568 3006 1620; x_wconf 88' lang='grc' dir='ltr'><strong>Οἱ</strong></span> <span class='ocrx_word' id='word_1_225' title='bbox 3034 1564 3127 1622; x_wconf 72' lang='grc' dir='ltr'>οὖν</span> <span class='ocrx_word' id='word_1_226' title='bbox 3172 1572 3404 1626; x_wconf 81' lang='grc' dir='ltr'><strong>ἑκάστου</strong></span> <span class='ocrx_word' id='word_1_227' title='bbox 3448 1574 3688 1644; x_wconf 85' lang='grc' dir='ltr'>ἀριθμοῦ</span> 
     </span>
    </p>
   </div>
   <div class='ocr_carea' id='block_1_33' title="bbox 2118 1653 3689 1727">
    <p class='ocr_par' dir='ltr' id='par_1_33' title="bbox 2118 1653 3689 1727">
     <span class='ocr_line' id='line_1_33' title="bbox 2118 1653 3689 1727; baseline 0.006 -22"><span class='ocrx_word' id='word_1_228' title='bbox 2118 1653 2405 1724; x_wconf 68' lang='grc' dir='ltr'>πάνδουροι</span> <span class='ocrx_word' id='word_1_229' title='bbox 2446 1654 2554 1708; x_wconf 85' lang='grc' dir='ltr'>ἀπὸ</span> <span class='ocrx_word' id='word_1_230' title='bbox 2594 1654 2893 1727; x_wconf 69' lang='grc' dir='ltr'>ἐσπέρας⁸³</span> <span class='ocrx_word' id='word_1_231' title='bbox 2921 1656 3003 1718; x_wconf 78' lang='grc' dir='ltr'><strong>εἰς</strong></span> <span class='ocrx_word' id='word_1_232' title='bbox 3045 1657 3169 1721; x_wconf 74' lang='grc' dir='ltr'>τοὺς</span> <span class='ocrx_word' id='word_1_233' title='bbox 3205 1660 3382 1722; x_wconf 78' lang='grc' dir='ltr'>οἴκους</span> <span class='ocrx_word' id='word_1_234' title='bbox 3428 1661 3689 1726; x_wconf 79' lang='grc' dir='ltr'><strong>ἀπιόντες</strong></span> 
     </span>
    </p>
   </div>
   <div class='ocr_carea' id='block_1_34' title="bbox 2114 1743 3686 1823">
    <p class='ocr_par' dir='ltr' id='par_1_34' title="bbox 2114 1743 3686 1823">
     <span class='ocr_line' id='line_1_34' title="bbox 2114 1743 3686 1823; baseline 0.015 -27"><span class='ocrx_word' id='word_1_235' title='bbox 2114 1743 2223 1796; x_wconf 88' lang='grc' dir='ltr'><strong>τῶν</strong></span> <span class='ocrx_word' id='word_1_236' title='bbox 2255 1744 2561 1799; x_wconf 81' lang='grc' dir='ltr'>καλούντων</span> <span class='ocrx_word' id='word_1_237' title='bbox 2589 1744 2681 1808; x_wconf 78' lang='grc' dir='ltr'>οὓς</span> <span class='ocrx_word' id='word_1_238' title='bbox 2697 1747 2743 1780; x_wconf 83' lang='grc'><strong>⁵⁸</strong></span> <span class='ocrx_word' id='word_1_239' title='bbox 2765 1744 2954 1815; x_wconf 72' lang='grc' dir='ltr'>ἦθελον</span> <span class='ocrx_word' id='word_1_240' title='bbox 2991 1746 3076 1799; x_wconf 78' lang='grc' dir='ltr'><strong>ἐπ’</strong></span> <span class='ocrx_word' id='word_1_241' title='bbox 3099 1748 3306 1819; x_wconf 82' lang='grc' dir='ltr'><strong>ἀρίστῳ</strong></span> <span class='ocrx_word' id='word_1_242' title='bbox 3330 1750 3411 1814; x_wconf 72' lang='grc' dir='ltr'><strong>εἷς</strong></span> <span class='ocrx_word' id='word_1_243' title='bbox 3436 1750 3537 1821; x_wconf 77' lang='grc' dir='ltr'>τὴν</span> <span class='ocrx_word' id='word_1_244' title='bbox 3556 1751 3686 1823; x_wconf 67' lang='grc' dir='ltr'><strong>ἑξῆς</strong></span> 
     </span>
    </p>
   </div>
   <div class='ocr_carea' id='block_1_35' title="bbox 2114 1833 3689 1914">
    <p class='ocr_par' dir='ltr' id='par_1_35' title="bbox 2114 1833 3689 1914">
     <span class='ocr_line' id='line_1_35' title="bbox 2114 1833 3689 1914; baseline 0.006 -27"><span class='ocrx_word' id='word_1_245' title='bbox 2114 1833 2309 1906; x_wconf 68' lang='grc' dir='ltr'>ηὔλουν</span> <span class='ocrx_word' id='word_1_246' title='bbox 2343 1836 2479 1906; x_wconf 76' lang='grc' dir='ltr'>πρὸς</span> <span class='ocrx_word' id='word_1_247' title='bbox 2521 1836 2583 1888; x_wconf 81' lang='grc' dir='ltr'>τὸ</span> <span class='ocrx_word' id='word_1_248' title='bbox 2613 1835 2815 1905; x_wconf 82' lang='grc' dir='ltr'>γνῶναι</span> <span class='ocrx_word' id='word_1_249' title='bbox 2852 1838 3059 1890; x_wconf 79' lang='grc' dir='ltr'>ἐκεῖνον</span> <span class='ocrx_word' id='word_1_250' title='bbox 3099 1838 3180 1892; x_wconf 85' lang='grc' dir='ltr'>ὅτι</span> <span class='ocrx_word' id='word_1_251' title='bbox 3210 1840 3343 1910; x_wconf 82' lang='grc' dir='ltr'>παρ’</span> <span class='ocrx_word' id='word_1_252' title='bbox 3371 1838 3521 1912; x_wconf 79' lang='grc' dir='ltr'><strong>αῦτῷ</strong></span> <span class='ocrx_word' id='word_1_253' title='bbox 3557 1845 3689 1914; x_wconf 82' lang='grc' dir='ltr'>τρέ-</span> 
     </span>
    </p>
   </div>
   <div class='ocr_carea' id='block_1_36' title="bbox 2116 1925 3686 2003">
    <p class='ocr_par' dir='ltr' id='par_1_36' title="bbox 2116 1925 3686 2003">
     <span class='ocr_line' id='line_1_36' title="bbox 2116 1925 3686 2003; baseline 0.005 -24"><span class='ocrx_word' id='word_1_254' title='bbox 2116 1942 2308 1995; x_wconf 70' lang='grc' dir='ltr'>φονται.</span> <span class='ocrx_word' id='word_1_255' title='bbox 2350 1925 2557 1995; x_wconf 72' lang='grc' dir='ltr'>αὔριον.</span> <span class='ocrx_word' id='word_1_256' title='bbox 2602 1925 2714 1980; x_wconf 81' lang='grc' dir='ltr'><strong>Καὶ</strong></span> <span class='ocrx_word' id='word_1_257' title='bbox 2744 1929 3006 1996; x_wconf 82' lang='grc' dir='ltr'>κατέσχεν</span> <span class='ocrx_word' id='word_1_258' title='bbox 3032 1927 3094 1981; x_wconf 77' lang='grc' dir='ltr'>τὸ</span> <span class='ocrx_word' id='word_1_259' title='bbox 3126 1927 3248 1992; x_wconf 72' lang='grc' dir='ltr'>ἔθος</span> <span class='ocrx_word' id='word_1_260' title='bbox 3280 1931 3388 1983; x_wconf 82' lang='grc' dir='ltr'>τῶν</span> <span class='ocrx_word' id='word_1_261' title='bbox 3430 1931 3686 2003; x_wconf 76' lang='grc' dir='ltr'>Βρουμά-</span> 
     </span>
    </p>
   </div>
   <div class='ocr_carea' id='block_1_37' title="bbox 444 2008 2006 2089">
    <p class='ocr_par' dir='ltr' id='par_1_37' title="bbox 444 2016 2006 2087">
     <span class='ocr_line' id='line_1_37' title="bbox 444 2016 2006 2087; baseline -0.002 -13"><span class='ocrx_word' id='word_1_262' title='bbox 444 2020 732 2074; x_wconf 87' lang='lat' dir='ltr'><strong>maliorum</strong></span> <span class='ocrx_word' id='word_1_263' title='bbox 787 2019 843 2073; x_wconf 92' lang='lat' dir='ltr'><strong>in</strong></span> <span class='ocrx_word' id='word_1_264' title='bbox 882 2018 1138 2073; x_wconf 63' lang='lat' dir='ltr'><strong>Romana</strong></span> <span class='ocrx_word' id='word_1_265' title='bbox 1198 2016 1471 2087; x_wconf 86' lang='lat' dir='ltr'><strong>republica</strong></span> <span class='ocrx_word' id='word_1_266' title='bbox 1506 2032 1677 2087; x_wconf 90' lang='lat' dir='ltr'><strong>usque</strong></span> <span class='ocrx_word' id='word_1_267' title='bbox 1719 2018 1786 2072; x_wconf 77' lang='lat' dir='ltr'><strong>ad</strong></span> <span class='ocrx_word' id='word_1_268' title='bbox 1831 2018 2006 2073; x_wconf 70' lang='lat' dir='ltr'><strong>baeccc</strong></span> 
     </span>
    </p>
   </div>
   <div class='ocr_carea' id='block_1_38' title="bbox 2115 2008 3682 2089">
    <p class='ocr_par' dir='ltr' id='par_1_38' title="bbox 2115 2008 3682 2089">
     <span class='ocr_line' id='line_1_38' title="bbox 2115 2008 3682 2089; baseline 0.006 -20"><span class='ocrx_word' id='word_1_269' title='bbox 2115 2016 2241 2070; x_wconf 84' lang='grc' dir='ltr'>λίων</span> <span class='ocrx_word' id='word_1_270' title='bbox 2286 2008 2438 2087; x_wconf 79' lang='grc' dir='ltr'>παρὰ</span> <span class='ocrx_word' id='word_1_271' title='bbox 2471 2018 2537 2087; x_wconf 77' lang='grc' dir='ltr'>τῇ</span> <span class='ocrx_word' id='word_1_272' title='bbox 2583 2015 2869 2087; x_wconf 83' lang='grc' dir='ltr'>Ῥωμαίων</span> <span class='ocrx_word' id='word_1_273' title='bbox 2886 2016 2935 2050; x_wconf 77' lang='grc'><strong><em>⁸⁸</em></strong></span> <span class='ocrx_word' id='word_1_274' title='bbox 2984 2016 3233 2089; x_wconf 72' lang='grc' dir='ltr'>πολιτείᾳ</span> <span class='ocrx_word' id='word_1_275' title='bbox 3280 2018 3386 2083; x_wconf 74' lang='grc' dir='ltr'>ἕως</span> <span class='ocrx_word' id='word_1_276' title='bbox 3420 2021 3516 2074; x_wconf 86' lang='grc' dir='ltr'><strong>τοῦ</strong></span> <span class='ocrx_word' id='word_1_277' title='bbox 3562 2022 3682 2079; x_wconf 89' lang='grc' dir='ltr'>νῦν.</span> 
     </span>
    </p>
   </div>
   <div class='ocr_carea' id='block_1_39' title="bbox 444 2108 2010 2182">
    <p class='ocr_par' dir='ltr' id='par_1_39' title="bbox 444 2108 2010 2182">
     <span class='ocr_line' id='line_1_39' title="bbox 444 2108 2010 2182; baseline -0.001 -17"><span class='ocrx_word' id='word_1_278' title='bbox 444 2123 685 2182; x_wconf 88' lang='lat' dir='ltr'><strong>tempora</strong></span> <span class='ocrx_word' id='word_1_279' title='bbox 712 2125 831 2167; x_wconf 90' lang='lat' dir='ltr'><strong>mos</strong></span> <span class='ocrx_word' id='word_1_280' title='bbox 858 2110 1112 2166; x_wconf 88' lang='lat' dir='ltr'><strong>obtinuit.</strong></span> <span class='ocrx_word' id='word_1_281' title='bbox 1162 2109 1290 2165; x_wconf 83' lang='lat' dir='ltr'><strong>Ideo</strong></span> <span class='ocrx_word' id='word_1_282' title='bbox 1315 2120 1494 2163; x_wconf 88' lang='lat' dir='ltr'><strong>autem</strong></span> <span class='ocrx_word' id='word_1_283' title='bbox 1521 2109 1627 2164; x_wconf 92' lang='lat' dir='ltr'><strong>boe</strong></span> <span class='ocrx_word' id='word_1_284' title='bbox 1666 2108 1776 2180; x_wconf 78' lang='lat' dir='ltr'><strong>egit</strong></span> <span class='ocrx_word' id='word_1_285' title='bbox 1807 2108 2010 2164; x_wconf 83' lang='lat' dir='ltr'><strong>Romu-</strong></span> 
     </span>
    </p>
   </div>
   <div class='ocr_carea' id='block_1_40' title="bbox 442 2198 2005 2271">
    <p class='ocr_par' dir='ltr' id='par_1_40' title="bbox 442 2198 2005 2271">
     <span class='ocr_line' id='line_1_40' title="bbox 442 2198 2005 2271; baseline 0 -18"><span class='ocrx_word' id='word_1_286' title='bbox 442 2200 528 2254; x_wconf 88' lang='lat' dir='ltr'><strong>lus</strong></span> <span class='ocrx_word' id='word_1_287' title='bbox 551 2240 566 2266; x_wconf 95' lang='lat'><strong>,</strong></span> <span class='ocrx_word' id='word_1_288' title='bbox 605 2216 715 2271; x_wconf 92' lang='lat' dir='ltr'><strong>quo</strong></span> <span class='ocrx_word' id='word_1_289' title='bbox 743 2200 969 2256; x_wconf 61' lang='lat' dir='ltr'><strong>macula:</strong></span> <span class='ocrx_word' id='word_1_290' title='bbox 996 2198 1099 2255; x_wconf 88' lang='lat' dir='ltr'><strong>sibi</strong></span> <span class='ocrx_word' id='word_1_291' title='bbox 1129 2199 1356 2271; x_wconf 67' lang='lat' dir='ltr'><strong>objecta;</strong></span> <span class='ocrx_word' id='word_1_292' title='bbox 1384 2198 1699 2254; x_wconf 88' lang='lat' dir='ltr'><strong>memoriam</strong></span> <span class='ocrx_word' id='word_1_293' title='bbox 1728 2199 2005 2255; x_wconf 87' lang='lat' dir='ltr'><strong>aboleret:</strong></span> 
     </span>
    </p>
   </div>
   <div class='ocr_carea' id='block_1_41' title="bbox 438 2279 2008 2359">
    <p class='ocr_par' dir='ltr' id='par_1_41' title="bbox 438 2279 2008 2359">
     <span class='ocr_line' id='line_1_41' title="bbox 438 2279 2008 2359; baseline 0 -15"><span class='ocrx_word' id='word_1_294' title='bbox 438 2304 563 2344; x_wconf 85' lang='lat' dir='ltr'><strong>cum</strong></span> <span class='ocrx_word' id='word_1_295' title='bbox 611 2290 885 2354; x_wconf 82' lang='lat' dir='ltr'><strong>Romani,</strong></span> <span class='ocrx_word' id='word_1_296' title='bbox 956 2279 1153 2359; x_wconf 74' lang='lat' dir='ltr'><strong>quibus</strong></span> <span class='ocrx_word' id='word_1_297' title='bbox 1217 2287 1341 2343; x_wconf 89' lang='lat' dir='ltr'><strong>odio</strong></span> <span class='ocrx_word' id='word_1_298' title='bbox 1412 2296 1576 2354; x_wconf 82' lang='lat' dir='ltr'><strong>erat,</strong></span> <span class='ocrx_word' id='word_1_299' title='bbox 1641 2287 1865 2343; x_wconf 90' lang='lat' dir='ltr'><strong>minime</strong></span> <span class='ocrx_word' id='word_1_300' title='bbox 1922 2290 2008 2344; x_wconf 83' lang='lat' dir='ltr'><strong>di-</strong></span> 
     </span>
    </p>
   </div>
   <div class='ocr_carea' id='block_1_42' title="bbox 438 2376 2008 2455">
    <p class='ocr_par' dir='ltr' id='par_1_42' title="bbox 438 2376 2008 2455">
     <span class='ocr_line' id='line_1_42' title="bbox 438 2376 2008 2455; baseline 0 -20"><span class='ocrx_word' id='word_1_301' title='bbox 438 2397 604 2452; x_wconf 79' lang='lat' dir='ltr'><strong>gnum</strong></span> <span class='ocrx_word' id='word_1_302' title='bbox 638 2396 757 2437; x_wconf 90' lang='lat' dir='ltr'><strong>esse</strong></span> <span class='ocrx_word' id='word_1_303' title='bbox 789 2381 882 2451; x_wconf 89' lang='lat' dir='ltr'><strong>qui</strong></span> <span class='ocrx_word' id='word_1_304' title='bbox 930 2387 1224 2455; x_wconf 73' lang='lat' dir='ltr'><strong>regnaret,</strong></span> <span class='ocrx_word' id='word_1_305' title='bbox 1266 2376 1636 2450; x_wconf 70' lang='lat' dir='ltr'><strong>gemellosque</strong></span> <span class='ocrx_word' id='word_1_306' title='bbox 1711 2378 1846 2435; x_wconf 90' lang='lat' dir='ltr'><strong>istos</strong></span> <span class='ocrx_word' id='word_1_307' title='bbox 1893 2379 2008 2435; x_wconf 80' lang='lat' dir='ltr'><strong>fra-</strong></span> 
     </span>
    </p>
   </div>
   <div class='ocr_carea' id='block_1_43' title="bbox 443 2468 2008 2541">
    <p class='ocr_par' dir='ltr' id='par_1_43' title="bbox 443 2468 2008 2541">
     <span class='ocr_line' id='line_1_43' title="bbox 443 2468 2008 2541; baseline -0.001 -15"><span class='ocrx_word' id='word_1_308' title='bbox 443 2482 553 2528; x_wconf 86' lang='lat' dir='ltr'><strong>tres</strong></span> <span class='ocrx_word' id='word_1_309' title='bbox 594 2487 660 2527; x_wconf 81' lang='lat' dir='ltr'><strong>ex</strong></span> <span class='ocrx_word' id='word_1_310' title='bbox 721 2471 900 2526; x_wconf 91' lang='lat' dir='ltr'><strong>alieno</strong></span> <span class='ocrx_word' id='word_1_311' title='bbox 953 2470 1020 2525; x_wconf 88' lang='lat' dir='ltr'><strong>ad</strong></span> <span class='ocrx_word' id='word_1_312' title='bbox 1060 2468 1356 2541; x_wconf 77' lang='lat' dir='ltr'><strong>perfectam</strong></span> <span class='ocrx_word' id='word_1_313' title='bbox 1408 2484 1581 2538; x_wconf 90' lang='lat' dir='ltr'><strong>usque</strong></span> <span class='ocrx_word' id='word_1_314' title='bbox 1626 2477 1842 2524; x_wconf 67' lang='lat' dir='ltr'><strong>artatcm</strong></span> <span class='ocrx_word' id='word_1_315' title='bbox 1874 2470 2008 2525; x_wconf 84' lang='lat' dir='ltr'><strong>edu-</strong></span> 
     </span>
    </p>
   </div>
   <div class='ocr_carea' id='block_1_44' title="bbox 437 2562 2006 2636">
    <p class='ocr_par' dir='ltr' id='par_1_44' title="bbox 437 2562 2006 2636">
     <span class='ocr_line' id='line_1_44' title="bbox 437 2562 2006 2636; baseline -0.001 -18"><span class='ocrx_word' id='word_1_316' title='bbox 437 2575 587 2620; x_wconf 86' lang='lat' dir='ltr'><strong>catos</strong></span> <span class='ocrx_word' id='word_1_317' title='bbox 612 2579 838 2636; x_wconf 79' lang='lat' dir='ltr'><strong>regnum</strong></span> <span class='ocrx_word' id='word_1_318' title='bbox 855 2562 1138 2628; x_wconf 86' lang='lat' dir='ltr'><strong>invasisse,</strong></span> <span class='ocrx_word' id='word_1_319' title='bbox 1158 2562 1389 2617; x_wconf 90' lang='lat' dir='ltr'><strong>subinde</strong></span> <span class='ocrx_word' id='word_1_320' title='bbox 1404 2577 1513 2616; x_wconf 84' lang='lat' dir='ltr'><strong>non</strong></span> <span class='ocrx_word' id='word_1_321' title='bbox 1541 2562 1660 2617; x_wconf 86' lang='lat' dir='ltr'><strong>sine</strong></span> <span class='ocrx_word' id='word_1_322' title='bbox 1678 2563 2006 2618; x_wconf 88' lang='lat' dir='ltr'><strong>contumelia</strong></span> 
     </span>
    </p>
   </div>
   <div class='ocr_carea' id='block_1_45' title="bbox 436 2653 2006 2726">
    <p class='ocr_par' dir='ltr' id='par_1_45' title="bbox 436 2653 2006 2726">
     <span class='ocr_line' id='line_1_45' title="bbox 436 2653 2006 2726; baseline 0 -17"><span class='ocrx_word' id='word_1_323' title='bbox 436 2656 811 2726; x_wconf 71' lang='lat' dir='ltr'><strong>obiectarent,</strong></span> <span class='ocrx_word' id='word_1_324' title='bbox 845 2655 1058 2724; x_wconf 82' lang='lat' dir='ltr'><strong>hacque</strong></span> <span class='ocrx_word' id='word_1_325' title='bbox 1086 2654 1295 2708; x_wconf 85' lang='lat' dir='ltr'><strong>ratione</strong></span> <span class='ocrx_word' id='word_1_326' title='bbox 1324 2653 1627 2708; x_wconf 84' lang='lat' dir='ltr'><strong>indicarent</strong></span> <span class='ocrx_word' id='word_1_327' title='bbox 1655 2654 2006 2709; x_wconf 73' lang='lat' dir='ltr'><strong>abFaUStulo</strong></span> 
     </span>
    </p>
   </div>
   <div class='ocr_carea' id='block_1_46' title="bbox 384 2743 2006 2817">
    <p class='ocr_par' dir='ltr' id='par_1_46' title="bbox 384 2743 2006 2817">
     <span class='ocr_line' id='line_1_46' title="bbox 384 2743 2006 2817; baseline 0.002 -19"><span class='ocrx_word' id='word_1_328' title='bbox 384 2793 389 2798; x_wconf 89' lang='lat'><strong>.</strong></span> <span class='ocrx_word' id='word_1_329' title='bbox 435 2745 929 2817; x_wconf 60' lang='lat' dir='ltr'><strong>agricolaeiusque</strong></span> <span class='ocrx_word' id='word_1_330' title='bbox 970 2760 1147 2799; x_wconf 77' lang='lat' dir='ltr'><strong>uxore</strong></span> <span class='ocrx_word' id='word_1_331' title='bbox 1188 2743 1338 2814; x_wconf 85' lang='lat' dir='ltr'><strong>Lupa</strong></span> <span class='ocrx_word' id='word_1_332' title='bbox 1384 2744 1678 2811; x_wconf 85' lang='lat' dir='ltr'><strong>enutritos,</strong></span> <span class='ocrx_word' id='word_1_333' title='bbox 1722 2760 1788 2799; x_wconf 78' lang='lat' dir='ltr'><strong>ex</strong></span> <span class='ocrx_word' id='word_1_334' title='bbox 1828 2746 2006 2802; x_wconf 87' lang='lat' dir='ltr'><strong>alieno</strong></span> 
     </span>
    </p>
   </div>
   <div class='ocr_carea' id='block_1_47' title="bbox 320 2835 2006 2906">
    <p class='ocr_par' dir='ltr' id='par_1_47' title="bbox 320 2835 2006 2906">
     <span class='ocr_line' id='line_1_47' title="bbox 320 2835 2006 2906; baseline -0.002 -12"><span class='ocrx_word' id='word_1_335' title='bbox 320 2893 328 2902; x_wconf 78' lang='grc'><strong>,</strong></span> <span class='ocrx_word' id='word_1_336' title='bbox 436 2836 924 2906; x_wconf 79' lang='lat' dir='ltr'><strong>victitasse.-Apud</strong></span> <span class='ocrx_word' id='word_1_337' title='bbox 944 2835 1220 2891; x_wconf 84' lang='lat' dir='ltr'><strong>Romanos</strong></span> <span class='ocrx_word' id='word_1_338' title='bbox 1244 2835 1442 2905; x_wconf 85' lang='lat' dir='ltr'><strong>quippe</strong></span> <span class='ocrx_word' id='word_1_339' title='bbox 1470 2844 1795 2905; x_wconf 68' lang='lat' dir='ltr'><strong>veteresque</strong></span> <span class='ocrx_word' id='word_1_340' title='bbox 1812 2851 2006 2892; x_wconf 90' lang='lat' dir='ltr'><strong>omnes</strong></span> 
     </span>
    </p>
   </div>
   <div class='ocr_carea' id='block_1_48' title="bbox 434 2927 2006 3001">
    <p class='ocr_par' dir='ltr' id='par_1_48' title="bbox 434 2927 2006 3001">
     <span class='ocr_line' id='line_1_48' title="bbox 434 2927 2006 3001; baseline -0.002 -16"><span class='ocrx_word' id='word_1_341' title='bbox 434 2945 760 3001; x_wconf 88' lang='lat' dir='ltr'><strong>quemquam</strong></span> <span class='ocrx_word' id='word_1_342' title='bbox 807 2928 1000 2984; x_wconf 89' lang='lat' dir='ltr'><strong>alienis</strong></span> <span class='ocrx_word' id='word_1_343' title='bbox 1045 2927 1270 2982; x_wconf 91' lang='lat' dir='ltr'><strong>enutriri</strong></span> <span class='ocrx_word' id='word_1_344' title='bbox 1316 2941 1415 2997; x_wconf 91' lang='lat' dir='ltr'><strong>pro</strong></span> <span class='ocrx_word' id='word_1_345' title='bbox 1459 2927 1751 2997; x_wconf 88' lang='lat' dir='ltr'><strong>opprobrio</strong></span> <span class='ocrx_word' id='word_1_346' title='bbox 1791 2942 2006 2997; x_wconf 85' lang='lat' dir='ltr'><strong>semper</strong></span> 
     </span>
    </p>
   </div>
   <div class='ocr_carea' id='block_1_49' title="bbox 436 3017 2000 3088">
    <p class='ocr_par' dir='ltr' id='par_1_49' title="bbox 436 3017 2000 3088">
     <span class='ocr_line' id='line_1_49' title="bbox 436 3017 2000 3088; baseline -0.001 -13"><span class='ocrx_word' id='word_1_347' title='bbox 436 3021 678 3076; x_wconf 80' lang='lat' dir='ltr'><strong>habitum</strong></span> <span class='ocrx_word' id='word_1_348' title='bbox 707 3018 971 3074; x_wconf 87' lang='lat' dir='ltr'><strong>est.Unde</strong></span> <span class='ocrx_word' id='word_1_349' title='bbox 1004 3019 1060 3072; x_wconf 91' lang='lat' dir='ltr'><strong>in</strong></span> <span class='ocrx_word' id='word_1_350' title='bbox 1078 3017 1340 3073; x_wconf 84' lang='lat' dir='ltr'><strong>conviviis</strong></span> <span class='ocrx_word' id='word_1_351' title='bbox 1360 3033 1480 3087; x_wconf 73' lang='lat' dir='ltr'><strong>qua:</strong></span> <span class='ocrx_word' id='word_1_352' title='bbox 1501 3032 1624 3072; x_wconf 90' lang='lat' dir='ltr'><strong>cara</strong></span> <span class='ocrx_word' id='word_1_353' title='bbox 1644 3018 2000 3088; x_wconf 85' lang='lat' dir='ltr'><strong>appellantur,</strong></span> 
     </span>
    </p>
   </div>
   <div class='ocr_carea' id='block_1_50' title="bbox 404 3099 2004 3183">
    <p class='ocr_par' dir='ltr' id='par_1_50' title="bbox 404 3099 2004 3183">
     <span class='ocr_line' id='line_1_50' title="bbox 404 3099 2004 3183; baseline -0.002 -16"><span class='ocrx_word' id='word_1_354' title='bbox 404 3099 631 3183; x_wconf 43' lang='lat' dir='ltr'><strong>&#39;singuli</strong></span> <span class='ocrx_word' id='word_1_355' title='bbox 652 3111 755 3181; x_wconf 41' lang='lat' dir='ltr'><strong>qui.</strong></span> <span class='ocrx_word' id='word_1_356' title='bbox 773 3111 841 3167; x_wconf 89' lang='lat' dir='ltr'><strong>ad</strong></span> <span class='ocrx_word' id='word_1_357' title='bbox 881 3109 1188 3166; x_wconf 89' lang='lat' dir='ltr'><strong>convivium</strong></span> <span class='ocrx_word' id='word_1_358' title='bbox 1218 3109 1573 3175; x_wconf 87' lang='lat' dir='ltr'><strong>conveniunt,</strong></span> <span class='ocrx_word' id='word_1_359' title='bbox 1605 3109 1788 3164; x_wconf 86' lang='lat' dir='ltr'><strong>cibum</strong></span> <span class='ocrx_word' id='word_1_360' title='bbox 1819 3118 1873 3165; x_wconf 94' lang='lat' dir='ltr'><strong>et</strong></span> <span class='ocrx_word' id='word_1_361' title='bbox 1903 3127 2004 3181; x_wconf 86' lang='lat' dir='ltr'><strong>po-</strong></span> 
     </span>
    </p>
   </div>
   <div class='ocr_carea' id='block_1_51' title="bbox 434 3201 2001 3263">
    <p class='ocr_par' dir='ltr' id='par_1_51' title="bbox 434 3201 2001 3263">
     <span class='ocr_line' id='line_1_51' title="bbox 434 3201 2001 3263; baseline -0.001 -4"><span class='ocrx_word' id='word_1_362' title='bbox 434 3215 548 3259; x_wconf 88' lang='lat' dir='ltr'><strong>tum</strong></span> <span class='ocrx_word' id='word_1_363' title='bbox 580 3219 738 3259; x_wconf 91' lang='lat' dir='ltr'><strong>suum</strong></span> <span class='ocrx_word' id='word_1_364' title='bbox 771 3218 957 3258; x_wconf 80' lang='lat' dir='ltr'><strong>secum</strong></span> <span class='ocrx_word' id='word_1_365' title='bbox 991 3201 1281 3263; x_wconf 77' lang='lat' dir='ltr'><strong>deferunt,</strong></span> <span class='ocrx_word' id='word_1_366' title='bbox 1325 3209 1382 3255; x_wconf 92' lang='lat' dir='ltr'><strong>et</strong></span> <span class='ocrx_word' id='word_1_367' title='bbox 1417 3202 1472 3254; x_wconf 93' lang='lat' dir='ltr'><strong>in</strong></span> <span class='ocrx_word' id='word_1_368' title='bbox 1503 3215 1793 3256; x_wconf 86' lang='lat' dir='ltr'><strong>commune</strong></span> <span class='ocrx_word' id='word_1_369' title='bbox 1819 3203 2001 3258; x_wconf 89' lang='lat' dir='ltr'><strong>omnia</strong></span> 
     </span>
    </p>
   </div>
   <div class='ocr_carea' id='block_1_52' title="bbox 430 3291 1999 3366">
    <p class='ocr_par' dir='ltr' id='par_1_52' title="bbox 430 3291 1999 3366">
     <span class='ocr_line' id='line_1_52' title="bbox 430 3291 1999 3366; baseline -0.002 -16"><span class='ocrx_word' id='word_1_370' title='bbox 430 3303 732 3366; x_wconf 84' lang='lat' dir='ltr'><strong>apponunt,</strong></span> <span class='ocrx_word' id='word_1_371' title='bbox 767 3293 954 3364; x_wconf 90' lang='lat' dir='ltr'><strong>sicque</strong></span> <span class='ocrx_word' id='word_1_372' title='bbox 981 3294 1291 3364; x_wconf 85' lang='lat' dir='ltr'><strong>epulantur,</strong></span> <span class='ocrx_word' id='word_1_373' title='bbox 1320 3305 1473 3346; x_wconf 85' lang='lat' dir='ltr'><strong>more</strong></span> <span class='ocrx_word' id='word_1_374' title='bbox 1496 3291 1669 3347; x_wconf 84' lang='lat' dir='ltr'><strong>veteri</strong></span> <span class='ocrx_word' id='word_1_375' title='bbox 1694 3292 1999 3348; x_wconf 88' lang='lat' dir='ltr'><strong>observato.</strong></span> 
     </span>
    </p>
   </div>
   <div class='ocr_carea' id='block_1_53' title="bbox 500 3476 1999 3553">
    <p class='ocr_par' dir='ltr' id='par_1_53' title="bbox 500 3476 1999 3553">
     <span class='ocr_line' id='line_1_53' title="bbox 500 3476 1999 3553; baseline -0.003 -18"><span class='ocrx_word' id='word_1_376' title='bbox 500 3481 673 3551; x_wconf 86' lang='lat' dir='ltr'><strong>llujus</strong></span> <span class='ocrx_word' id='word_1_377' title='bbox 700 3480 778 3537; x_wconf 90' lang='lat' dir='ltr'><strong>rei</strong></span> <span class='ocrx_word' id='word_1_378' title='bbox 816 3480 985 3553; x_wconf 77' lang='lat' dir='ltr'><strong>gratia</strong></span> <span class='ocrx_word' id='word_1_379' title='bbox 1010 3479 1294 3544; x_wconf 82' lang='lat' dir='ltr'><strong>Romulus,</strong></span> <span class='ocrx_word' id='word_1_380' title='bbox 1326 3493 1434 3548; x_wconf 89' lang='lat' dir='ltr'><strong>quo</strong></span> <span class='ocrx_word' id='word_1_381' title='bbox 1469 3491 1667 3547; x_wconf 91' lang='lat' dir='ltr'><strong>nempe</strong></span> <span class='ocrx_word' id='word_1_382' title='bbox 1691 3476 1869 3532; x_wconf 85' lang='lat' dir='ltr'><strong>deleta</strong></span> <span class='ocrx_word' id='word_1_383' title='bbox 1892 3476 1999 3532; x_wconf 88' lang='lat' dir='ltr'><strong>ob-</strong></span> 
     </span>
    </p>
   </div>
   <div class='ocr_carea' id='block_1_54' title="bbox 424 3568 2000 3640">
    <p class='ocr_par' dir='ltr' id='par_1_54' title="bbox 424 3568 2000 3640">
     <span class='ocr_line' id='line_1_54' title="bbox 424 3568 2000 3640; baseline -0.003 -14"><span class='ocrx_word' id='word_1_384' title='bbox 424 3572 569 3638; x_wconf 75' lang='lat' dir='ltr'><strong>jecta</strong></span> <span class='ocrx_word' id='word_1_385' title='bbox 593 3570 802 3626; x_wconf 83' lang='lat' dir='ltr'><strong>macula</strong></span> <span class='ocrx_word' id='word_1_386' title='bbox 828 3571 1041 3640; x_wconf 88' lang='lat' dir='ltr'><strong>plebem</strong></span> <span class='ocrx_word' id='word_1_387' title='bbox 1070 3569 1172 3625; x_wconf 90' lang='lat' dir='ltr'><strong>sibi</strong></span> <span class='ocrx_word' id='word_1_388' title='bbox 1204 3569 1554 3636; x_wconf 85' lang='lat' dir='ltr'><strong>conciliaret,</strong></span> <span class='ocrx_word' id='word_1_389' title='bbox 1604 3568 1852 3624; x_wconf 88' lang='lat' dir='ltr'><strong>convivia</strong></span> <span class='ocrx_word' id='word_1_390' title='bbox 1896 3568 2000 3623; x_wconf 86' lang='lat' dir='ltr'><strong>ista</strong></span> 
     </span>
    </p>
   </div>
   <div class='ocr_carea' id='block_1_55' title="bbox 430 3658 1999 3731">
    <p class='ocr_par' dir='ltr' id='par_1_55' title="bbox 430 3658 1999 3731">
     <span class='ocr_line' id='line_1_55' title="bbox 430 3658 1999 3731; baseline -0.001 -17"><span class='ocrx_word' id='word_1_391' title='bbox 430 3661 683 3726; x_wconf 89' lang='lat' dir='ltr'><strong>instituit,</strong></span> <span class='ocrx_word' id='word_1_392' title='bbox 720 3660 919 3731; x_wconf 85' lang='lat' dir='ltr'><strong>quibus</strong></span> <span class='ocrx_word' id='word_1_393' title='bbox 942 3658 1338 3713; x_wconf 81' lang='lat' dir='ltr'><strong>Brumaliorum</strong></span> <span class='ocrx_word' id='word_1_394' title='bbox 1374 3672 1573 3712; x_wconf 89' lang='lat' dir='ltr'><strong>nomen</strong></span> <span class='ocrx_word' id='word_1_395' title='bbox 1607 3658 1834 3725; x_wconf 86' lang='lat' dir='ltr'><strong>indidit,</strong></span> <span class='ocrx_word' id='word_1_396' title='bbox 1865 3673 1999 3713; x_wconf 86' lang='lat' dir='ltr'><strong>voce</strong></span> 
     </span>
    </p>
   </div>
   <div class='ocr_carea' id='block_1_56' title="bbox 430 3748 2002 3821">
    <p class='ocr_par' dir='ltr' id='par_1_56' title="bbox 430 3748 2002 3821">
     <span class='ocr_line' id='line_1_56' title="bbox 430 3748 2002 3821; baseline -0.004 -12"><span class='ocrx_word' id='word_1_397' title='bbox 430 3751 647 3821; x_wconf 70' lang='lat' dir='ltr'><strong>Latina,</strong></span> <span class='ocrx_word' id='word_1_398' title='bbox 668 3766 789 3821; x_wconf 72' lang='lat' dir='ltr'><strong>qua:</strong></span> <span class='ocrx_word' id='word_1_399' title='bbox 818 3750 960 3805; x_wconf 88' lang='lat' dir='ltr'><strong>idem</strong></span> <span class='ocrx_word' id='word_1_400' title='bbox 990 3757 1147 3804; x_wconf 90' lang='lat' dir='ltr'><strong>sonat</strong></span> <span class='ocrx_word' id='word_1_401' title='bbox 1173 3748 1314 3818; x_wconf 90' lang='lat' dir='ltr'><strong>quod</strong></span> <span class='ocrx_word' id='word_1_402' title='bbox 1330 3748 1521 3803; x_wconf 90' lang='lat' dir='ltr'><strong>alienis</strong></span> <span class='ocrx_word' id='word_1_403' title='bbox 1536 3748 1786 3812; x_wconf 89' lang='lat' dir='ltr'><strong>enutriri,</strong></span> <span class='ocrx_word' id='word_1_404' title='bbox 1810 3763 2002 3818; x_wconf 88' lang='lat' dir='ltr'><strong>quem-</strong></span> 
     </span>
    </p>
   </div>
   <div class='ocr_carea' id='block_1_57' title="bbox 432 3838 1997 3897">
    <p class='ocr_par' dir='ltr' id='par_1_57' title="bbox 432 3838 1997 3897">
     <span class='ocr_line' id='line_1_57' title="bbox 432 3838 1997 3897; baseline 0 -1"><span class='ocrx_word' id='word_1_405' title='bbox 432 3842 724 3897; x_wconf 85' lang='lat' dir='ltr'><strong>admodum</strong></span> <span class='ocrx_word' id='word_1_406' title='bbox 794 3841 1013 3897; x_wconf 84' lang='lat' dir='ltr'><strong>tradidit</strong></span> <span class='ocrx_word' id='word_1_407' title='bbox 1046 3839 1392 3897; x_wconf 87' lang='lat' dir='ltr'><strong>doctissimus</strong></span> <span class='ocrx_word' id='word_1_408' title='bbox 1440 3839 1681 3896; x_wconf 85' lang='lat' dir='ltr'><strong>Licinius</strong></span> <span class='ocrx_word' id='word_1_409' title='bbox 1714 3838 1997 3896; x_wconf 82' lang='lat' dir='ltr'><strong>Romanus</strong></span> 
     </span>
    </p>
   </div>
   <div class='ocr_carea' id='block_1_58' title="bbox 428 3933 742 3988">
    <p class='ocr_par' dir='ltr' id='par_1_58' title="bbox 428 3933 742 3988">
     <span class='ocr_line' id='line_1_58' title="bbox 428 3933 742 3988; baseline -0.006 0"><span class='ocrx_word' id='word_1_410' title='bbox 428 3933 742 3988; x_wconf 80' lang='lat' dir='ltr'><strong>historicus.</strong></span> 
     </span>
    </p>
   </div>
   <div class='ocr_carea' id='block_1_59' title="bbox 982 4021 1435 4099">
    <p class='ocr_par' dir='ltr' id='par_1_59' title="bbox 982 4021 1435 4099">
     <span class='ocr_line' id='line_1_59' title="bbox 982 4021 1435 4099; baseline -0.007 -21"><span class='ocrx_word' id='word_1_411' title='bbox 982 4022 1111 4078; x_wconf 69' lang='grc' dir='ltr'><strong>ΠΙ]</strong></span> <span class='ocrx_word' id='word_1_412' title='bbox 1147 4021 1435 4099; x_wconf 72' lang='lat' dir='ltr'><strong>Olyntpiqs.</strong></span> 
     </span>
    </p>
   </div>
   <div class='ocr_carea' id='block_1_60' title="bbox 1126 4129 1330 4179">
    <p class='ocr_par' dir='ltr' id='par_1_60' title="bbox 1126 4129 1330 4179">
     <span class='ocr_line' id='line_1_60' title="bbox 1126 4129 1330 4179; baseline 0 -11"><span class='ocrx_word' id='word_1_413' title='bbox 1126 4129 1201 4179; x_wconf 78' lang='grc' dir='ltr'>ιι,</span> <span class='ocrx_word' id='word_1_414' title='bbox 1233 4129 1330 4169; x_wconf 81' lang='lat' dir='ltr'><strong>xu.</strong></span> 
     </span>
    </p>
   </div>
   <div class='ocr_carea' id='block_1_61' title="bbox 454 4202 1850 4275">
    <p class='ocr_par' dir='ltr' id='par_1_61' title="bbox 454 4202 1850 4275">
     <span class='ocr_line' id='line_1_61' title="bbox 454 4202 1850 4275; baseline 0.002 -19"><span class='ocrx_word' id='word_1_415' title='bbox 454 4244 459 4255; x_wconf 93' lang='lat'><strong>.</strong></span> <span class='ocrx_word' id='word_1_416' title='bbox 497 4204 609 4260; x_wconf 86' lang='lat' dir='ltr'><strong>lloc</strong></span> <span class='ocrx_word' id='word_1_417' title='bbox 635 4220 780 4260; x_wconf 86' lang='lat' dir='ltr'><strong>anno</strong></span> <span class='ocrx_word' id='word_1_418' title='bbox 803 4205 975 4261; x_wconf 85' lang='lat' dir='ltr'><strong>Isaias</strong></span> <span class='ocrx_word' id='word_1_419' title='bbox 1010 4205 1277 4261; x_wconf 85' lang='lat' dir='ltr'><strong>visionem</strong></span> <span class='ocrx_word' id='word_1_420' title='bbox 1304 4203 1374 4260; x_wconf 90' lang='lat' dir='ltr'><strong>de</strong></span> <span class='ocrx_word' id='word_1_421' title='bbox 1397 4203 1667 4275; x_wconf 78' lang='lat' dir='ltr'><strong>Babylone</strong></span> <span class='ocrx_word' id='word_1_422' title='bbox 1695 4202 1850 4260; x_wconf 77' lang='lat' dir='ltr'><strong>vidit.</strong></span> 
     </span>
    </p>
   </div>
   <div class='ocr_carea' id='block_1_62' title="bbox 1090 4405 1356 4454">
    <p class='ocr_par' dir='ltr' id='par_1_62' title="bbox 1090 4405 1356 4454">
     <span class='ocr_line' id='line_1_62' title="bbox 1090 4405 1356 4454; baseline -0.004 -12"><span class='ocrx_word' id='word_1_423' title='bbox 1090 4405 1208 4454; x_wconf 81' lang='lat' dir='ltr'><strong>xm,</strong></span> <span class='ocrx_word' id='word_1_424' title='bbox 1244 4405 1356 4446; x_wconf 73' lang='lat' dir='ltr'><strong>xxv.</strong></span> 
     </span>
    </p>
   </div>
   <div class='ocr_carea' id='block_1_63' title="bbox 494 4475 1998 4547">
    <p class='ocr_par' dir='ltr' id='par_1_63' title="bbox 494 4475 1998 4547">
     <span class='ocr_line' id='line_1_63' title="bbox 494 4475 1998 4547; baseline -0.001 -14"><span class='ocrx_word' id='word_1_425' title='bbox 494 4480 675 4535; x_wconf 71' lang='lat' dir='ltr'><strong>Achar.</strong></span> <span class='ocrx_word' id='word_1_426' title='bbox 714 4494 806 4534; x_wconf 81' lang='lat' dir='ltr'><strong>rex</strong></span> <span class='ocrx_word' id='word_1_427' title='bbox 836 4478 975 4534; x_wconf 84' lang='lat' dir='ltr'><strong>Juda</strong></span> <span class='ocrx_word' id='word_1_428' title='bbox 1009 4479 1154 4533; x_wconf 87' lang='lat' dir='ltr'><strong>aliud</strong></span> <span class='ocrx_word' id='word_1_429' title='bbox 1192 4478 1397 4541; x_wconf 85' lang='lat' dir='ltr'><strong>altare,</strong></span> <span class='ocrx_word' id='word_1_430' title='bbox 1427 4477 1476 4532; x_wconf 91' lang='lat' dir='ltr'><strong>ei</strong></span> <span class='ocrx_word' id='word_1_431' title='bbox 1506 4475 1683 4532; x_wconf 91' lang='lat' dir='ltr'><strong>simile</strong></span> <span class='ocrx_word' id='word_1_432' title='bbox 1711 4477 1856 4547; x_wconf 89' lang='lat' dir='ltr'><strong>quod</strong></span> <span class='ocrx_word' id='word_1_433' title='bbox 1890 4475 1998 4532; x_wconf 89' lang='lat' dir='ltr'><strong>Da-</strong></span> 
     </span>
    </p>
   </div>
   <div class='ocr_carea' id='block_1_64' title="bbox 424 4567 1999 4640">
    <p class='ocr_par' dir='ltr' id='par_1_64' title="bbox 424 4567 1999 4640">
     <span class='ocr_line' id='line_1_64' title="bbox 424 4567 1999 4640; baseline -0.001 -16"><span class='ocrx_word' id='word_1_434' title='bbox 424 4572 592 4625; x_wconf 72' lang='lat' dir='ltr'><strong>tnasci</strong></span> <span class='ocrx_word' id='word_1_435' title='bbox 638 4580 757 4625; x_wconf 85' lang='lat' dir='ltr'><strong>erat</strong></span> <span class='ocrx_word' id='word_1_436' title='bbox 787 4613 802 4638; x_wconf 91' lang='lat'><strong>,</strong></span> <span class='ocrx_word' id='word_1_437' title='bbox 856 4572 930 4626; x_wconf 88' lang='lat' dir='ltr'><strong>ab</strong></span> <span class='ocrx_word' id='word_1_438' title='bbox 978 4570 1104 4626; x_wconf 89' lang='lat' dir='ltr'><strong>Uria</strong></span> <span class='ocrx_word' id='word_1_439' title='bbox 1154 4569 1435 4625; x_wconf 84' lang='lat' dir='ltr'><strong>sacerdote</strong></span> <span class='ocrx_word' id='word_1_440' title='bbox 1464 4567 1849 4640; x_wconf 76' lang='lat' dir='ltr'><strong>Hierosolymis</strong></span> <span class='ocrx_word' id='word_1_441' title='bbox 1882 4568 1999 4624; x_wconf 85' lang='lat' dir='ltr'><strong>ﬁeri</strong></span> 
     </span>
    </p>
   </div>
   <div class='ocr_carea' id='block_1_65' title="bbox 424 4662 698 4734">
    <p class='ocr_par' dir='ltr' id='par_1_65' title="bbox 424 4662 698 4734">
     <span class='ocr_line' id='line_1_65' title="bbox 424 4662 698 4734; baseline 0 -17"><span class='ocrx_word' id='word_1_442' title='bbox 424 4662 698 4734; x_wconf 65' lang='lat' dir='ltr'><strong>prseccpit.</strong></span> 
     </span>
    </p>
   </div>
   <div class='ocr_carea' id='block_1_66' title="bbox 2110 2107 3682 2183">
    <p class='ocr_par' dir='ltr' id='par_1_66' title="bbox 2110 2107 3682 2183">
     <span class='ocr_line' id='line_1_66' title="bbox 2110 2107 3682 2183; baseline 0.005 -23"><span class='ocrx_word' id='word_1_443' title='bbox 2110 2107 2281 2161; x_wconf 85' lang='grc' dir='ltr'>Τοῦτο</span> <span class='ocrx_word' id='word_1_444' title='bbox 2315 2107 2373 2160; x_wconf 80' lang='grc' dir='ltr'>δὲ</span> <span class='ocrx_word' id='word_1_445' title='bbox 2403 2107 2657 2178; x_wconf 81' lang='grc' dir='ltr'>ἐποίησεν</span> <span class='ocrx_word' id='word_1_446' title='bbox 2693 2107 2722 2160; x_wconf 89' lang='lat'><strong>6</strong></span> <span class='ocrx_word' id='word_1_447' title='bbox 2761 2108 2924 2173; x_wconf 80' lang='grc' dir='ltr'>αὐτὸς</span> <span class='ocrx_word' id='word_1_448' title='bbox 2958 2108 3168 2180; x_wconf 83' lang='grc' dir='ltr'>Ῥῶμος</span> <span class='ocrx_word' id='word_1_449' title='bbox 3198 2108 3367 2164; x_wconf 83' lang='grc' dir='ltr'>θέλων</span> <span class='ocrx_word' id='word_1_450' title='bbox 3396 2112 3682 2183; x_wconf 71' lang='grc' dir='ltr'>ἐξαλεῖψαι</span> 
     </span>
    </p>
   </div>
   <div class='ocr_carea' id='block_1_67' title="bbox 2112 2198 3685 2274">
    <p class='ocr_par' dir='ltr' id='par_1_67' title="bbox 2112 2198 3685 2274">
     <span class='ocr_line' id='line_1_67' title="bbox 2112 2198 3685 2274; baseline 0.005 -22"><span class='ocrx_word' id='word_1_451' title='bbox 2112 2199 2207 2270; x_wconf 82' lang='grc' dir='ltr'>τὴν</span> <span class='ocrx_word' id='word_1_452' title='bbox 2235 2199 2430 2253; x_wconf 78' lang='grc' dir='ltr'>ἑαυτοῦ</span> <span class='ocrx_word' id='word_1_453' title='bbox 2465 2198 2643 2271; x_wconf 76' lang='grc' dir='ltr'>ὓϐριν,</span> <span class='ocrx_word' id='word_1_454' title='bbox 2670 2201 2752 2255; x_wconf 78' lang='grc' dir='ltr'>ὅτι</span> <span class='ocrx_word' id='word_1_455' title='bbox 2802 2203 2853 2254; x_wconf 83' lang='grc' dir='ltr'>οἱ</span> <span class='ocrx_word' id='word_1_456' title='bbox 2905 2200 3166 2271; x_wconf 81' lang='grc' dir='ltr'>Ῥωμαῖοι</span> <span class='ocrx_word' id='word_1_457' title='bbox 3199 2202 3381 2274; x_wconf 69' lang='grc' dir='ltr'>ἐχθροὶ</span> <span class='ocrx_word' id='word_1_458' title='bbox 3404 2204 3556 2269; x_wconf 70' lang='grc' dir='ltr'>ὄντες</span> <span class='ocrx_word' id='word_1_459' title='bbox 3578 2208 3685 2260; x_wconf 82' lang='grc' dir='ltr'><strong>αὐ-</strong></span> 
     </span>
    </p>
   </div>
   <div class='ocr_carea' id='block_1_68' title="bbox 2105 2290 3683 2363">
    <p class='ocr_par' dir='ltr' id='par_1_68' title="bbox 2105 2290 3683 2363">
     <span class='ocr_line' id='line_1_68' title="bbox 2105 2290 3683 2363; baseline 0.004 -20"><span class='ocrx_word' id='word_1_460' title='bbox 2105 2290 2200 2344; x_wconf 86' lang='grc' dir='ltr'><strong>τοῦ</strong></span> <span class='ocrx_word' id='word_1_461' title='bbox 2240 2291 2334 2344; x_wconf 80' lang='grc' dir='ltr'>καὶ</span> <span class='ocrx_word' id='word_1_462' title='bbox 2360 2290 2645 2362; x_wconf 81' lang='grc' dir='ltr'>μισοῦντες</span> <span class='ocrx_word' id='word_1_463' title='bbox 2671 2291 2834 2345; x_wconf 81' lang='grc' dir='ltr'>αὐτὸν</span> <span class='ocrx_word' id='word_1_464' title='bbox 2858 2291 3224 2362; x_wconf 77' lang='grc' dir='ltr'>λοιδοροῦντες</span> <span class='ocrx_word' id='word_1_465' title='bbox 3255 2293 3440 2363; x_wconf 76' lang='grc' dir='ltr'>ἔλεγον</span> <span class='ocrx_word' id='word_1_466' title='bbox 3467 2296 3551 2349; x_wconf 80' lang='grc' dir='ltr'>ὃτι</span> <span class='ocrx_word' id='word_1_467' title='bbox 3575 2298 3683 2351; x_wconf 77' lang='grc' dir='ltr'><strong>οὐκ</strong></span> 
     </span>
    </p>
   </div>
   <div class='ocr_carea' id='block_1_69' title="bbox 2108 2367 3684 2458">
    <p class='ocr_par' dir='ltr' id='par_1_69' title="bbox 2108 2367 3684 2458">
     <span class='ocr_line' id='line_1_69' title="bbox 2108 2367 3684 2458; baseline 0.003 -24"><span class='ocrx_word' id='word_1_468' title='bbox 2108 2382 2275 2453; x_wconf 76' lang='grc' dir='ltr'>ἐχρῆν</span> <span class='ocrx_word' id='word_1_469' title='bbox 2298 2382 2463 2435; x_wconf 74' lang='grc' dir='ltr'>αὐτὸν</span> <span class='ocrx_word' id='word_1_470' title='bbox 2494 2381 2822 2452; x_wconf 82' lang='grc' dir='ltr'>βασιλεύειν,</span> <span class='ocrx_word' id='word_1_471' title='bbox 2858 2381 2992 2435; x_wconf 82' lang='grc' dir='ltr'>διότι</span> <span class='ocrx_word' id='word_1_472' title='bbox 3025 2381 3085 2447; x_wconf 72' lang='grc' dir='ltr'><strong>ἐξ</strong></span> <span class='ocrx_word' id='word_1_473' title='bbox 3109 2382 3407 2455; x_wconf 79' lang='grc' dir='ltr'>ἀλλοτρίων</span> <span class='ocrx_word' id='word_1_474' title='bbox 3432 2367 3684 2458; x_wconf 66' lang='grc' dir='ltr'>ὲτράφη-</span> 
     </span>
    </p>
   </div>
   <div class='ocr_carea' id='block_1_70' title="bbox 2108 2473 3684 2549">
    <p class='ocr_par' dir='ltr' id='par_1_70' title="bbox 2108 2473 3684 2549">
     <span class='ocr_line' id='line_1_70' title="bbox 2108 2473 3684 2549; baseline 0.004 -23"><span class='ocrx_word' id='word_1_475' title='bbox 2108 2490 2206 2527; x_wconf 89' lang='grc' dir='ltr'><strong>σαν</strong></span> <span class='ocrx_word' id='word_1_476' title='bbox 2237 2474 2284 2527; x_wconf 79' lang='grc' dir='ltr'>οἱ</span> <span class='ocrx_word' id='word_1_477' title='bbox 2313 2473 2407 2528; x_wconf 88' lang='grc' dir='ltr'><strong>δύο</strong></span> <span class='ocrx_word' id='word_1_478' title='bbox 2435 2473 2654 2544; x_wconf 75' lang='grc' dir='ltr'>ἀδελφοὶ</span> <span class='ocrx_word' id='word_1_479' title='bbox 2695 2474 2799 2537; x_wconf 82' lang='grc' dir='ltr'>ἓως</span> <span class='ocrx_word' id='word_1_480' title='bbox 2828 2475 2951 2527; x_wconf 84' lang='grc' dir='ltr'>ὅτου</span> <span class='ocrx_word' id='word_1_481' title='bbox 2994 2473 3204 2538; x_wconf 81' lang='grc' dir='ltr'>τελείας</span> <span class='ocrx_word' id='word_1_482' title='bbox 3235 2476 3525 2544; x_wconf 86' lang='grc' dir='ltr'>γεγόνασιν</span> <span class='ocrx_word' id='word_1_483' title='bbox 3560 2479 3684 2549; x_wconf 80' lang='grc' dir='ltr'>ἡλι·</span> 
     </span>
    </p>
   </div>
   <div class='ocr_carea' id='block_1_71' title="bbox 2105 2563 3681 2636">
    <p class='ocr_par' dir='ltr' id='par_1_71' title="bbox 2105 2563 3681 2636">
     <span class='ocr_line' id='line_1_71' title="bbox 2105 2563 3681 2636; baseline 0.005 -21"><span class='ocrx_word' id='word_1_484' title='bbox 2105 2563 2230 2627; x_wconf 85' lang='grc' dir='ltr'>κίας</span> <span class='ocrx_word' id='word_1_485' title='bbox 2279 2563 2375 2618; x_wconf 73' lang='grc' dir='ltr'>καὶ</span> <span class='ocrx_word' id='word_1_486' title='bbox 2448 2563 2844 2630; x_wconf 76' lang='grc' dir='ltr'>ἐϐασίλευσαν,</span> <span class='ocrx_word' id='word_1_487' title='bbox 2896 2565 3252 2636; x_wconf 81' lang='grc' dir='ltr'>σημαίνοντες</span> <span class='ocrx_word' id='word_1_488' title='bbox 3299 2567 3382 2619; x_wconf 85' lang='grc' dir='ltr'>ὅτι</span> <span class='ocrx_word' id='word_1_489' title='bbox 3425 2569 3535 2622; x_wconf 81' lang='grc' dir='ltr'>ἀπὸ</span> <span class='ocrx_word' id='word_1_490' title='bbox 3582 2570 3681 2623; x_wconf 86' lang='grc' dir='ltr'><strong>τοῦ</strong></span> 
     </span>
    </p>
   </div>
   <div class='ocr_carea' id='block_1_72' title="bbox 2102 2652 3675 2728">
    <p class='ocr_par' dir='ltr' id='par_1_72' title="bbox 2102 2652 3675 2728">
     <span class='ocr_line' id='line_1_72' title="bbox 2102 2652 3675 2728; baseline 0.006 -23"><span class='ocrx_word' id='word_1_491' title='bbox 2102 2652 2407 2707; x_wconf 79' lang='grc' dir='ltr'>Φαυστόλου</span> <span class='ocrx_word' id='word_1_492' title='bbox 2439 2653 2515 2724; x_wconf 84' lang='lat'><strong>(7)</strong></span> <span class='ocrx_word' id='word_1_493' title='bbox 2546 2652 2642 2707; x_wconf 88' lang='grc' dir='ltr'><strong>τοῦ</strong></span> <span class='ocrx_word' id='word_1_494' title='bbox 2664 2654 2710 2686; x_wconf 79' lang='grc'><strong>⁸⁷</strong></span> <span class='ocrx_word' id='word_1_495' title='bbox 2751 2655 3002 2727; x_wconf 79' lang='grc' dir='ltr'>γεωργοῦ</span> <span class='ocrx_word' id='word_1_496' title='bbox 3041 2656 3260 2728; x_wconf 74' lang='grc' dir='ltr'>καὶτῆς</span> <span class='ocrx_word' id='word_1_497' title='bbox 3288 2658 3546 2725; x_wconf 75' lang='grc' dir='ltr'>γυναικὸς</span> <span class='ocrx_word' id='word_1_498' title='bbox 3574 2662 3675 2714; x_wconf 82' lang='grc' dir='ltr'><strong>αὺ-</strong></span> 
     </span>
    </p>
   </div>
   <div class='ocr_carea' id='block_1_73' title="bbox 2103 2743 3679 2818">
    <p class='ocr_par' dir='ltr' id='par_1_73' title="bbox 2103 2743 3679 2818">
     <span class='ocr_line' id='line_1_73' title="bbox 2103 2743 3679 2818; baseline 0.004 -21"><span class='ocrx_word' id='word_1_499' title='bbox 2103 2743 2197 2797; x_wconf 89' lang='grc' dir='ltr'><strong>τοῦ</strong></span> <span class='ocrx_word' id='word_1_500' title='bbox 2244 2745 2523 2815; x_wconf 80' lang='grc' dir='ltr'>Λυκαίνης</span> <span class='ocrx_word' id='word_1_501' title='bbox 2550 2745 2866 2816; x_wconf 80' lang='grc' dir='ltr'>ἐτράφησαν</span> <span class='ocrx_word' id='word_1_502' title='bbox 2904 2747 2967 2799; x_wconf 82' lang='grc' dir='ltr'>ὲκ</span> <span class='ocrx_word' id='word_1_503' title='bbox 2992 2744 3099 2799; x_wconf 81' lang='grc' dir='ltr'><strong>τῶν</strong></span> <span class='ocrx_word' id='word_1_504' title='bbox 3133 2746 3430 2818; x_wconf 81' lang='grc' dir='ltr'>ἀλλοτρίων</span> <span class='ocrx_word' id='word_1_505' title='bbox 3463 2749 3679 2804; x_wconf 75' lang='grc' dir='ltr'>ἐσθίον-</span> 
     </span>
    </p>
   </div>
   <div class='ocr_carea' id='block_1_74' title="bbox 2102 2823 3677 2907">
    <p class='ocr_par' dir='ltr' id='par_1_74' title="bbox 2102 2823 3677 2907">
     <span class='ocr_line' id='line_1_74' title="bbox 2102 2823 3677 2907; baseline 0.003 -18"><span class='ocrx_word' id='word_1_506' title='bbox 2102 2852 2213 2899; x_wconf 87' lang='grc' dir='ltr'>τες.</span> <span class='ocrx_word' id='word_1_507' title='bbox 2253 2837 2491 2899; x_wconf 87' lang='grc' dir='ltr'>Ὀνειδος</span> <span class='ocrx_word' id='word_1_508' title='bbox 2522 2836 2630 2906; x_wconf 82' lang='grc' dir='ltr'><strong>γὰρ</strong></span> <span class='ocrx_word' id='word_1_509' title='bbox 2656 2836 2868 2907; x_wconf 81' lang='grc' dir='ltr'>ὑπῆρχε</span> <span class='ocrx_word' id='word_1_510' title='bbox 2895 2836 3046 2906; x_wconf 83' lang='grc' dir='ltr'>παρὰ</span> <span class='ocrx_word' id='word_1_511' title='bbox 3078 2823 3371 2907; x_wconf 82' lang='grc' dir='ltr'>Ῥωμαίοις</span> <span class='ocrx_word' id='word_1_512' title='bbox 3411 2840 3505 2891; x_wconf 67' lang='grc' dir='ltr'><strong>καλ⁸</strong></span> <span class='ocrx_word' id='word_1_513' title='bbox 3536 2841 3677 2894; x_wconf 83' lang='grc' dir='ltr'>πᾶσι</span> 
     </span>
    </p>
   </div>
   <div class='ocr_carea' id='block_1_75' title="bbox 2102 2926 3789 2999">
    <p class='ocr_par' dir='ltr' id='par_1_75' title="bbox 2102 2926 3789 2999">
     <span class='ocr_line' id='line_1_75' title="bbox 2102 2926 3789 2999; baseline 0.004 -21"><span class='ocrx_word' id='word_1_514' title='bbox 2102 2929 2215 2989; x_wconf 87' lang='grc' dir='ltr'>τοῖς</span> <span class='ocrx_word' id='word_1_515' title='bbox 2246 2926 2494 2997; x_wconf 77' lang='grc' dir='ltr'>ἀρχαίοις</span> <span class='ocrx_word' id='word_1_516' title='bbox 2526 2926 2585 2980; x_wconf 84' lang='grc' dir='ltr'>τὸ</span> <span class='ocrx_word' id='word_1_517' title='bbox 2621 2927 2685 2981; x_wconf 80' lang='grc' dir='ltr'>ὲκ</span> <span class='ocrx_word' id='word_1_518' title='bbox 2712 2928 2821 2980; x_wconf 85' lang='grc' dir='ltr'><strong>τῶν</strong></span> <span class='ocrx_word' id='word_1_519' title='bbox 2850 2926 3145 2999; x_wconf 84' lang='grc' dir='ltr'>ἀλλοτρίων</span> <span class='ocrx_word' id='word_1_520' title='bbox 3183 2927 3483 2998; x_wconf 82' lang='grc' dir='ltr'>τρέφεσθαί</span> <span class='ocrx_word' id='word_1_521' title='bbox 3512 2946 3639 2985; x_wconf 77' lang='grc' dir='ltr'>τινα</span> <span class='ocrx_word' id='word_1_522' title='bbox 3658 2949 3675 2963; x_wconf 74' lang='grc' dir='ltr'><strong>ο</strong></span> <span class='ocrx_word' id='word_1_523' title='bbox 3776 2936 3789 2948; x_wconf 93' lang='grc'><em>’</em></span> 
     </span>
    </p>
   </div>
   <div class='ocr_carea' id='block_1_76' title="bbox 2102 3010 3679 3088">
    <p class='ocr_par' dir='ltr' id='par_1_76' title="bbox 2102 3010 3679 3088">
     <span class='ocr_line' id='line_1_76' title="bbox 2102 3010 3679 3088; baseline 0.003 -19"><span class='ocrx_word' id='word_1_524' title='bbox 2102 3017 2225 3069; x_wconf 83' lang='grc' dir='ltr'>ὅθεν</span> <span class='ocrx_word' id='word_1_525' title='bbox 2261 3018 2357 3070; x_wconf 75' lang='grc' dir='ltr'>καὶ</span> <span class='ocrx_word' id='word_1_526' title='bbox 2396 3017 2458 3069; x_wconf 73' lang='grc' dir='ltr'>ἐν</span> <span class='ocrx_word' id='word_1_527' title='bbox 2499 3019 2612 3080; x_wconf 84' lang='grc' dir='ltr'>τοῖς</span> <span class='ocrx_word' id='word_1_528' title='bbox 2657 3010 2980 3088; x_wconf 60' lang='grc' dir='ltr'>συμποσίοις</span> <span class='ocrx_word' id='word_1_529' title='bbox 3018 3019 3132 3080; x_wconf 84' lang='grc' dir='ltr'>τοῖς</span> <span class='ocrx_word' id='word_1_530' title='bbox 3179 3017 3492 3087; x_wconf 84' lang='grc' dir='ltr'>λεγομένοις</span> <span class='ocrx_word' id='word_1_531' title='bbox 3532 3020 3679 3087; x_wconf 82' lang='grc' dir='ltr'>φιλι-</span> 
     </span>
    </p>
   </div>
   <div class='ocr_carea' id='block_1_77' title="bbox 2090 3106 3679 3179">
    <p class='ocr_par' dir='ltr' id='par_1_77' title="bbox 2090 3106 3679 3179">
     <span class='ocr_line' id='line_1_77' title="bbox 2090 3106 3679 3179; baseline 0.004 -23"><span class='ocrx_word' id='word_1_532' title='bbox 2090 3110 2217 3171; x_wconf 83' lang='grc' dir='ltr'>κοῖς</span> <span class='ocrx_word' id='word_1_533' title='bbox 2246 3107 2320 3179; x_wconf 89' lang='grc'><strong>(8)</strong></span> <span class='ocrx_word' id='word_1_534' title='bbox 2346 3107 2576 3171; x_wconf 77' lang='grc' dir='ltr'>ἕκαστος</span> <span class='ocrx_word' id='word_1_535' title='bbox 2599 3106 2708 3160; x_wconf 86' lang='grc' dir='ltr'><strong>τῶν</strong></span> <span class='ocrx_word' id='word_1_536' title='bbox 2736 3108 3143 3179; x_wconf 86' lang='grc' dir='ltr'>συνερχομένων</span> <span class='ocrx_word' id='word_1_537' title='bbox 3176 3108 3257 3169; x_wconf 83' lang='grc' dir='ltr'><strong>είς</strong></span> <span class='ocrx_word' id='word_1_538' title='bbox 3281 3106 3342 3158; x_wconf 79' lang='grc' dir='ltr'>τὸ</span> <span class='ocrx_word' id='word_1_539' title='bbox 3372 3109 3679 3176; x_wconf 81' lang='grc' dir='ltr'>συμπόσιον</span> 
     </span>
    </p>
   </div>
   <div class='ocr_carea' id='block_1_78' title="bbox 2101 3195 3676 3268">
    <p class='ocr_par' dir='ltr' id='par_1_78' title="bbox 2101 3195 3676 3268">
     <span class='ocr_line' id='line_1_78' title="bbox 2101 3195 3676 3268; baseline 0.001 -19"><span class='ocrx_word' id='word_1_540' title='bbox 2101 3196 2164 3249; x_wconf 80' lang='grc' dir='ltr'>τὸ</span> <span class='ocrx_word' id='word_1_541' title='bbox 2203 3196 2333 3249; x_wconf 84' lang='grc' dir='ltr'>ῐδιον</span> <span class='ocrx_word' id='word_1_542' title='bbox 2361 3195 2557 3267; x_wconf 82' lang='grc' dir='ltr'>βρῶμα</span> <span class='ocrx_word' id='word_1_543' title='bbox 2590 3197 2686 3250; x_wconf 71' lang='grc' dir='ltr'>καὶ</span> <span class='ocrx_word' id='word_1_544' title='bbox 2716 3197 2866 3268; x_wconf 87' lang='grc' dir='ltr'>πόμα</span> <span class='ocrx_word' id='word_1_545' title='bbox 2907 3195 3026 3267; x_wconf 82' lang='grc' dir='ltr'>μεθ’</span> <span class='ocrx_word' id='word_1_546' title='bbox 3066 3195 3260 3249; x_wconf 80' lang='grc' dir='ltr'>ἑαυτοῦ</span> <span class='ocrx_word' id='word_1_547' title='bbox 3290 3195 3530 3266; x_wconf 76' lang='grc' dir='ltr'>κομίζει,</span> <span class='ocrx_word' id='word_1_548' title='bbox 3574 3200 3676 3253; x_wconf 75' lang='grc' dir='ltr'>καὶ</span> 
     </span>
    </p>
   </div>
   <div class='ocr_carea' id='block_1_79' title="bbox 2102 3281 3677 3354">
    <p class='ocr_par' dir='ltr' id='par_1_79' title="bbox 2102 3281 3677 3354">
     <span class='ocr_line' id='line_1_79' title="bbox 2102 3281 3677 3354; baseline -0.002 -15"><span class='ocrx_word' id='word_1_549' title='bbox 2102 3287 2182 3349; x_wconf 74' lang='grc' dir='ltr'>εἰς</span> <span class='ocrx_word' id='word_1_550' title='bbox 2216 3285 2275 3338; x_wconf 72' lang='grc' dir='ltr'>τὸ</span> <span class='ocrx_word' id='word_1_551' title='bbox 2312 3285 2491 3338; x_wconf 86' lang='grc' dir='ltr'>κοινὸν</span> <span class='ocrx_word' id='word_1_552' title='bbox 2539 3284 2607 3337; x_wconf 83' lang='grc' dir='ltr'>τὰ</span> <span class='ocrx_word' id='word_1_553' title='bbox 2651 3284 2830 3338; x_wconf 83' lang='grc' dir='ltr'>πάντα</span> <span class='ocrx_word' id='word_1_554' title='bbox 2873 3281 3255 3354; x_wconf 87' lang='grc' dir='ltr'>παρατίθεται,</span> <span class='ocrx_word' id='word_1_555' title='bbox 3299 3281 3396 3334; x_wconf 62' lang='grc' dir='ltr'><strong>καὶ⁵</strong></span> <span class='ocrx_word' id='word_1_556' title='bbox 3431 3281 3677 3336; x_wconf 76' lang='grc' dir='ltr'>ἐσθίουσι</span> 
     </span>
    </p>
   </div>
   <div class='ocr_carea' id='block_1_80' title="bbox 2102 3374 2950 3448">
    <p class='ocr_par' dir='ltr' id='par_1_80' title="bbox 2102 3374 2950 3448">
     <span class='ocr_line' id='line_1_80' title="bbox 2102 3374 2950 3448; baseline -0.005 -16"><span class='ocrx_word' id='word_1_557' title='bbox 2102 3377 2430 3448; x_wconf 84' lang='grc' dir='ltr'>κρατοῦντες</span> <span class='ocrx_word' id='word_1_558' title='bbox 2464 3375 2526 3429; x_wconf 77' lang='grc' dir='ltr'><strong>τὸ</strong></span> <span class='ocrx_word' id='word_1_559' title='bbox 2551 3377 2776 3448; x_wconf 85' lang='grc' dir='ltr'>ἀρχαῖον</span> <span class='ocrx_word' id='word_1_560' title='bbox 2807 3374 2950 3438; x_wconf 77' lang='grc' dir='ltr'>ἔθος.</span> 
     </span>
    </p>
   </div>
   <div class='ocr_carea' id='block_1_81' title="bbox 2171 3461 3674 3538">
    <p class='ocr_par' dir='ltr' id='par_1_81' title="bbox 2171 3461 3674 3538">
     <span class='ocr_line' id='line_1_81' title="bbox 2171 3461 3674 3538; baseline -0.005 -18"><span class='ocrx_word' id='word_1_561' title='bbox 2171 3467 2373 3520; x_wconf 83' lang='grc' dir='ltr'>Τούτου</span> <span class='ocrx_word' id='word_1_562' title='bbox 2399 3462 2492 3520; x_wconf 83' lang='grc' dir='ltr'><strong>οῦν</strong></span> <span class='ocrx_word' id='word_1_563' title='bbox 2514 3467 2675 3538; x_wconf 71' lang='grc' dir='ltr'>χάριν</span> <span class='ocrx_word' id='word_1_564' title='bbox 2703 3465 2998 3535; x_wconf 72' lang='grc' dir='ltr'>ἐπενόησεν</span> <span class='ocrx_word' id='word_1_565' title='bbox 3019 3462 3180 3516; x_wconf 84' lang='grc' dir='ltr'>τοῦτο</span> <span class='ocrx_word' id='word_1_566' title='bbox 3206 3463 3234 3515; x_wconf 89' lang='lat'><strong>6</strong></span> <span class='ocrx_word' id='word_1_567' title='bbox 3261 3461 3424 3525; x_wconf 76' lang='grc' dir='ltr'>αὐτὸς</span> <span class='ocrx_word' id='word_1_568' title='bbox 3456 3461 3674 3529; x_wconf 72' lang='grc' dir='ltr'>Ῥῶμος</span> 
     </span>
    </p>
   </div>
   <div class='ocr_carea' id='block_1_82' title="bbox 2101 3544 3677 3632">
    <p class='ocr_par' dir='ltr' id='par_1_82' title="bbox 2101 3544 3677 3632">
     <span class='ocr_line' id='line_1_82' title="bbox 2101 3544 3677 3632; baseline -0.007 -18"><span class='ocrx_word' id='word_1_569' title='bbox 2101 3560 2238 3632; x_wconf 80' lang='grc' dir='ltr'>πρὸς</span> <span class='ocrx_word' id='word_1_570' title='bbox 2264 3559 2324 3612; x_wconf 83' lang='grc' dir='ltr'>τὸ</span> <span class='ocrx_word' id='word_1_571' title='bbox 2345 3544 2730 3625; x_wconf 81' lang='grc' dir='ltr'>ὲξιλεώσασθαι</span> <span class='ocrx_word' id='word_1_572' title='bbox 2754 3557 2851 3627; x_wconf 78' lang='grc' dir='ltr'>τὴν</span> <span class='ocrx_word' id='word_1_573' title='bbox 2873 3554 3030 3625; x_wconf 75' lang='grc' dir='ltr'>ὓϐριν</span> <span class='ocrx_word' id='word_1_574' title='bbox 3052 3552 3276 3616; x_wconf 73' lang='grc' dir='ltr'>ἑαυτοῦ,</span> <span class='ocrx_word' id='word_1_575' title='bbox 3313 3551 3552 3615; x_wconf 87' lang='grc' dir='ltr'>καλέσας</span> <span class='ocrx_word' id='word_1_576' title='bbox 3574 3552 3677 3604; x_wconf 72' lang='grc' dir='ltr'>καὶ</span> 
     </span>
    </p>
   </div>
   <div class='ocr_carea' id='block_1_83' title="bbox 2107 3642 3673 3721">
    <p class='ocr_par' dir='ltr' id='par_1_83' title="bbox 2107 3642 3673 3721">
     <span class='ocr_line' id='line_1_83' title="bbox 2107 3642 3673 3721; baseline -0.006 -17"><span class='ocrx_word' id='word_1_577' title='bbox 2107 3651 2171 3705; x_wconf 82' lang='grc' dir='ltr'>τὸ</span> <span class='ocrx_word' id='word_1_578' title='bbox 2199 3651 2371 3721; x_wconf 75' lang='grc' dir='ltr'>ὄνομα</span> <span class='ocrx_word' id='word_1_579' title='bbox 2403 3649 2504 3720; x_wconf 76' lang='grc' dir='ltr'>τῆς</span> <span class='ocrx_word' id='word_1_580' title='bbox 2530 3649 2774 3720; x_wconf 78' lang='grc' dir='ltr'>κλήσεως</span> <span class='ocrx_word' id='word_1_581' title='bbox 2798 3645 2964 3700; x_wconf 81' lang='grc' dir='ltr'>αὑτοῦ</span> <span class='ocrx_word' id='word_1_582' title='bbox 2998 3642 3297 3715; x_wconf 81' lang='grc' dir='ltr'>Ῥωμαϊστὶ</span> <span class='ocrx_word' id='word_1_583' title='bbox 3333 3642 3673 3714; x_wconf 83' lang='grc' dir='ltr'>Βρουμάλια,</span> 
     </span>
    </p>
   </div>
   <div class='ocr_carea' id='block_1_84' title="bbox 2095 3732 3672 3812">
    <p class='ocr_par' dir='ltr' id='par_1_84' title="bbox 2095 3732 3672 3812">
     <span class='ocr_line' id='line_1_84' title="bbox 2095 3732 3672 3812; baseline -0.006 -18"><span class='ocrx_word' id='word_1_584' title='bbox 2095 3734 2128 3794; x_wconf 73' lang='grc' dir='ltr'><strong>’ὃ</strong></span> <span class='ocrx_word' id='word_1_585' title='bbox 2159 3742 2307 3794; x_wconf 78' lang='grc' dir='ltr'>ἐστιν</span> <span class='ocrx_word' id='word_1_586' title='bbox 2344 3740 2617 3812; x_wconf 76' lang='grc' dir='ltr'>τραφῆναι</span> <span class='ocrx_word' id='word_1_587' title='bbox 2652 3741 2714 3793; x_wconf 81' lang='grc' dir='ltr'>ὲκ</span> <span class='ocrx_word' id='word_1_588' title='bbox 2741 3739 2848 3792; x_wconf 82' lang='grc' dir='ltr'><strong>τῶν</strong></span> <span class='ocrx_word' id='word_1_589' title='bbox 2883 3736 3203 3806; x_wconf 82' lang='grc' dir='ltr'>ἀλλοτρίων,</span> <span class='ocrx_word' id='word_1_590' title='bbox 3228 3733 3410 3797; x_wconf 85' lang='grc' dir='ltr'>καθὼς</span> <span class='ocrx_word' id='word_1_591' title='bbox 3435 3735 3465 3787; x_wconf 90' lang='lat'><strong>6</strong></span> <span class='ocrx_word' id='word_1_592' title='bbox 3493 3732 3672 3802; x_wconf 61' lang='grc' dir='ltr'>σοφῶ-</span> 
     </span>
    </p>
   </div>
   <div class='ocr_carea' id='block_1_85' title="bbox 2100 3826 3673 3903">
    <p class='ocr_par' dir='ltr' id='par_1_85' title="bbox 2100 3826 3673 3903">
     <span class='ocr_line' id='line_1_85' title="bbox 2100 3826 3673 3903; baseline -0.003 -17"><span class='ocrx_word' id='word_1_593' title='bbox 2100 3849 2261 3896; x_wconf 81' lang='grc' dir='ltr'>τατος</span> <span class='ocrx_word' id='word_1_594' title='bbox 2312 3833 2610 3896; x_wconf 80' lang='grc' dir='ltr'>Λικίνιος⁵⁸</span> <span class='ocrx_word' id='word_1_595' title='bbox 2645 3831 2719 3903; x_wconf 83' lang='lat'><strong>(9)</strong></span> <span class='ocrx_word' id='word_1_596' title='bbox 2772 3832 3040 3901; x_wconf 84' lang='grc' dir='ltr'>Ῥωμαῖος</span> <span class='ocrx_word' id='word_1_597' title='bbox 3093 3827 3538 3900; x_wconf 75' lang='grc' dir='ltr'>ἱστοριογράφος,</span> <span class='ocrx_word' id='word_1_598' title='bbox 3574 3826 3673 3895; x_wconf 63' lang='grc' dir='ltr'><strong>ἐξ-</strong></span> 
     </span>
    </p>
   </div>
   <div class='ocr_carea' id='block_1_86' title="bbox 2109 3923 2280 3979">
    <p class='ocr_par' dir='ltr' id='par_1_86' title="bbox 2109 3923 2280 3979">
     <span class='ocr_line' id='line_1_86' title="bbox 2109 3923 2280 3979; baseline -0.006 0"><span class='ocrx_word' id='word_1_599' title='bbox 2109 3923 2280 3979; x_wconf 84' lang='grc' dir='ltr'>έθετο.</span> 
     </span>
    </p>
   </div>
   <div class='ocr_carea' id='block_1_87' title="bbox 2644 4010 3092 4085">
    <p class='ocr_par' dir='ltr' id='par_1_87' title="bbox 2644 4010 3092 4085">
     <span class='ocr_line' id='line_1_87' title="bbox 2644 4010 3092 4085; baseline 0.002 -20"><span class='ocrx_word' id='word_1_600' title='bbox 2644 4012 2700 4085; x_wconf 72' lang='grc' dir='ltr'><strong>η’</strong></span> <span class='ocrx_word' id='word_1_601' title='bbox 2753 4010 3092 4080; x_wconf 73' lang='grc' dir='ltr'>Ὀλυμπιάς.</span> 
     </span>
    </p>
   </div>
   <div class='ocr_carea' id='block_1_88' title="bbox 2771 4101 2995 4174">
    <p class='ocr_par' dir='ltr' id='par_1_88' title="bbox 2771 4101 2995 4174">
     <span class='ocr_line' id='line_1_88' title="bbox 2771 4101 2995 4174; baseline 0.004 -18"><span class='ocrx_word' id='word_1_602' title='bbox 2771 4110 2861 4169; x_wconf 82' lang='grc' dir='ltr'>ια’,</span> <span class='ocrx_word' id='word_1_603' title='bbox 2907 4101 2995 4174; x_wconf 80' lang='grc' dir='ltr'><strong>ιβ’.</strong></span> 
     </span>
    </p>
   </div>
   <div class='ocr_carea' id='block_1_89' title="bbox 2170 4192 3687 4269">
    <p class='ocr_par' dir='ltr' id='par_1_89' title="bbox 2170 4192 3687 4269">
     <span class='ocr_line' id='line_1_89' title="bbox 2170 4192 3687 4269; baseline 0 -18"><span class='ocrx_word' id='word_1_604' title='bbox 2170 4197 2360 4268; x_wconf 71' lang='grc' dir='ltr'>Τούτῳ</span> <span class='ocrx_word' id='word_1_605' title='bbox 2376 4195 2455 4269; x_wconf 80' lang='grc' dir='ltr'><strong>τῷ</strong></span> <span class='ocrx_word' id='word_1_606' title='bbox 2479 4195 2590 4250; x_wconf 70' lang='grc' dir='ltr'>ἔτει</span> <span class='ocrx_word' id='word_1_607' title='bbox 2612 4196 2839 4259; x_wconf 82' lang='grc' dir='ltr'>Ἡσαΐας</span> <span class='ocrx_word' id='word_1_608' title='bbox 2861 4195 2958 4267; x_wconf 78' lang='grc' dir='ltr'>τὴν</span> <span class='ocrx_word' id='word_1_609' title='bbox 2987 4192 3461 4257; x_wconf 68' lang='grc' dir='ltr'>κατὰΒαϐυλῶνος</span> <span class='ocrx_word' id='word_1_610' title='bbox 3480 4193 3687 4265; x_wconf 81' lang='grc' dir='ltr'>ὅρασιν</span> 
     </span>
    </p>
   </div>
   <div class='ocr_carea' id='block_1_90' title="bbox 2102 4285 3413 4344">
    <p class='ocr_par' dir='ltr' id='par_1_90' title="bbox 2102 4285 3413 4344">
     <span class='ocr_line' id='line_1_90' title="bbox 2102 4285 3413 4344; baseline -0.001 -1"><span class='ocrx_word' id='word_1_611' title='bbox 2102 4285 2241 4344; x_wconf 72' lang='grc' dir='ltr'>εἶδεν</span> <span class='ocrx_word' id='word_1_612' title='bbox 2258 4291 2328 4343; x_wconf 64' lang='grc'><strong>⁸⁸.</strong></span> <span class='ocrx_word' id='word_1_613' title='bbox 3391 4306 3413 4323; x_wconf 78' lang='grc' dir='ltr'><strong>ο</strong></span> 
     </span>
    </p>
   </div>
   <div class='ocr_carea' id='block_1_91' title="bbox 2784 4374 3001 4446">
    <p class='ocr_par' dir='ltr' id='par_1_91' title="bbox 2784 4374 3001 4446">
     <span class='ocr_line' id='line_1_91' title="bbox 2784 4374 3001 4446; baseline -0.005 -15"><span class='ocrx_word' id='word_1_614' title='bbox 2784 4376 2877 4446; x_wconf 75' lang='grc' dir='ltr'>ιγ⁷,</span> <span class='ocrx_word' id='word_1_615' title='bbox 2917 4374 3001 4431; x_wconf 74' lang='grc' dir='ltr'>ιδ’.</span> 
     </span>
    </p>
   </div>
   <div class='ocr_carea' id='block_1_92' title="bbox 2175 4466 3685 4545">
    <p class='ocr_par' dir='ltr' id='par_1_92' title="bbox 2175 4466 3685 4545">
     <span class='ocr_line' id='line_1_92' title="bbox 2175 4466 3685 4545; baseline -0.01 -15"><span class='ocrx_word' id='word_1_616' title='bbox 2175 4473 2333 4545; x_wconf 78' lang='lat'><strong>115</strong></span> <span class='ocrx_word' id='word_1_617' title='bbox 2377 4472 2546 4543; x_wconf 79' lang='grc' dir='ltr'><strong>’Ᾱχὰζ</strong></span> <span class='ocrx_word' id='word_1_618' title='bbox 2577 4473 2605 4525; x_wconf 92' lang='lat'><strong>6</strong></span> <span class='ocrx_word' id='word_1_619' title='bbox 2636 4469 2888 4542; x_wconf 82' lang='grc' dir='ltr'>βασιλεὺς</span> <span class='ocrx_word' id='word_1_620' title='bbox 2924 4468 3096 4522; x_wconf 86' lang='grc' dir='ltr'>Ἰούδα</span> <span class='ocrx_word' id='word_1_621' title='bbox 3141 4469 3326 4534; x_wconf 76' lang='grc' dir='ltr'>ἕτερον</span> <span class='ocrx_word' id='word_1_622' title='bbox 3379 4466 3685 4539; x_wconf 76' lang='grc' dir='ltr'>θυσιαστή-</span> 
     </span>
    </p>
   </div>
   <div class='ocr_carea' id='block_1_93' title="bbox 2103 4559 3683 4639">
    <p class='ocr_par' dir='ltr' id='par_1_93' title="bbox 2103 4559 3683 4639">
     <span class='ocr_line' id='line_1_93' title="bbox 2103 4559 3683 4639; baseline -0.004 -20"><span class='ocrx_word' id='word_1_623' title='bbox 2103 4583 2218 4639; x_wconf 85' lang='grc' dir='ltr'>ριον</span> <span class='ocrx_word' id='word_1_624' title='bbox 2249 4564 2583 4637; x_wconf 79' lang='grc' dir='ltr'>προσέταξεν</span> <span class='ocrx_word' id='word_1_625' title='bbox 2609 4561 2784 4632; x_wconf 78' lang='grc' dir='ltr'>Οὐρίᾳ</span> <span class='ocrx_word' id='word_1_626' title='bbox 2817 4559 2895 4629; x_wconf 79' lang='grc' dir='ltr'><strong>τῷ</strong></span> <span class='ocrx_word' id='word_1_627' title='bbox 2941 4562 3078 4630; x_wconf 84' lang='grc' dir='ltr'>ἱερεῖ</span> <span class='ocrx_word' id='word_1_628' title='bbox 3111 4560 3331 4630; x_wconf 82' lang='grc' dir='ltr'>ποιῆσαι</span> <span class='ocrx_word' id='word_1_629' title='bbox 3356 4560 3544 4629; x_wconf 78' lang='grc' dir='ltr'>ὅμοιον</span> <span class='ocrx_word' id='word_1_630' title='bbox 3574 4560 3683 4613; x_wconf 82' lang='grc' dir='ltr'><strong>τοῦ</strong></span> 
     </span>
    </p>
   </div>
   <div class='ocr_carea' id='block_1_94' title="bbox 2100 4650 3126 4729">
    <p class='ocr_par' dir='ltr' id='par_1_94' title="bbox 2100 4650 3126 4729">
     <span class='ocr_line' id='line_1_94' title="bbox 2100 4650 3126 4729; baseline -0.012 -17"><span class='ocrx_word' id='word_1_631' title='bbox 2100 4661 2159 4713; x_wconf 80' lang='grc' dir='ltr'>ὲν</span> <span class='ocrx_word' id='word_1_632' title='bbox 2193 4655 2473 4729; x_wconf 81' lang='grc' dir='ltr'>Δαμασκῷ</span> <span class='ocrx_word' id='word_1_633' title='bbox 2498 4655 2577 4716; x_wconf 79' lang='grc' dir='ltr'><strong>εἰς</strong></span> <span class='ocrx_word' id='word_1_634' title='bbox 2610 4651 2709 4721; x_wconf 74' lang='grc' dir='ltr'>τὴν</span> <span class='ocrx_word' id='word_1_635' title='bbox 2748 4650 3126 4721; x_wconf 74' lang='grc' dir='ltr'>Ἰερουσαλήμ.</span> 
     </span>
    </p>
   </div>
   <div class='ocr_carea' id='block_1_95' title="bbox 1754 4813 2355 4874">
    <p class='ocr_par' dir='ltr' id='par_1_95' title="bbox 1754 4813 2355 4874">
     <span class='ocr_line' id='line_1_95' title="bbox 1754 4813 2355 4874; baseline -0.005 -3"><span class='ocrx_word' id='word_1_636' title='bbox 1754 4813 2083 4874; x_wconf 77' lang='lat' dir='ltr'><strong>DUCANGII</strong></span> <span class='ocrx_word' id='word_1_637' title='bbox 2131 4813 2355 4871; x_wconf 65' lang='lat' dir='ltr'><strong>NOTAE.</strong></span> 
     </span>
    </p>
   </div>
   <div class='ocr_carea' id='block_1_96' title="bbox 494 4939 2006 5050">
    <p class='ocr_par' dir='ltr' id='par_1_96' title="bbox 494 4939 1989 5050">
     <span class='ocr_line' id='line_1_96' title="bbox 494 4939 1989 5050; baseline -0.007 -11"><span class='ocrx_word' id='word_1_638' title='bbox 494 4982 570 5046; x_wconf 81' lang='lat' dir='ltr'><strong>l7)</strong></span> <span class='ocrx_word' id='word_1_639' title='bbox 624 4980 1073 5050; x_wconf 71' lang='grc' dir='ltr'>Φαυστολόγρυ.</span> <span class='ocrx_word' id='word_1_640' title='bbox 1117 4977 1243 5050; x_wconf 71' lang='lat' dir='ltr'><strong>Leg.</strong></span> <span class='ocrx_word' id='word_1_641' title='bbox 1302 4939 1658 5042; x_wconf 76' lang='grc' dir='ltr'>Φαυστούλου,</span> <span class='ocrx_word' id='word_1_642' title='bbox 1707 4975 1794 5033; x_wconf 74' lang='lat' dir='ltr'><strong>vel</strong></span> <span class='ocrx_word' id='word_1_643' title='bbox 1844 4977 1989 5030; x_wconf 72' lang='grc' dir='ltr'>Φαυ-</span> 
     </span>
    </p>
   </div>
   <div class='ocr_carea' id='block_1_97' title="bbox 2115 4939 3695 5050">
    <p class='ocr_par' dir='ltr' id='par_1_97' title="bbox 2115 4944 3695 5050">
     <span class='ocr_line' id='line_1_97' title="bbox 2115 4944 3695 5050; baseline -0.005 -23"><span class='ocrx_word' id='word_1_644' title='bbox 2115 4993 2147 5030; x_wconf 72' lang='lat' dir='ltr'><strong>r.</strong></span> <span class='ocrx_word' id='word_1_645' title='bbox 2183 4968 2685 5050; x_wconf 17' lang='lat' dir='ltr'><strong>estum_S_.v_Petri</strong></span> <span class='ocrx_word' id='word_1_646' title='bbox 2724 4969 3015 5050; x_wconf 65' lang='lat' dir='ltr'><strong>Epulqrum</strong></span> <span class='ocrx_word' id='word_1_647' title='bbox 3047 4983 3073 5050; x_wconf 77' lang='lat'><strong>;_</strong></span> <span class='ocrx_word' id='word_1_648' title='bbox 3106 4967 3176 5021; x_wconf 85' lang='lat' dir='ltr'><strong>de</strong></span> <span class='ocrx_word' id='word_1_649' title='bbox 3200 4944 3399 5050; x_wconf 56' lang='lat' dir='ltr'><strong>quibus</strong></span> <span class='ocrx_word' id='word_1_650' title='bbox 3424 4977 3535 5034; x_wconf 61' lang='lat' dir='ltr'><strong>pra</strong></span> <span class='ocrx_word' id='word_1_651' title='bbox 3572 4977 3695 5019; x_wconf 75' lang='lat' dir='ltr'><strong>cae-</strong></span> 
     </span>
    </p>
   </div>
   <div class='ocr_carea' id='block_1_98' title="bbox 423 5048 1524 5119">
    <p class='ocr_par' dir='ltr' id='par_1_98' title="bbox 423 5048 1524 5119">
     <span class='ocr_line' id='line_1_98' title="bbox 423 5048 1524 5119; baseline 0.001 -17"><span class='ocrx_word' id='word_1_652' title='bbox 423 5050 633 5119; x_wconf 80' lang='grc' dir='ltr'>στύλου,</span> <span class='ocrx_word' id='word_1_653' title='bbox 674 5059 735 5105; x_wconf 83' lang='grc' dir='ltr'><strong>ιιι</strong></span> <span class='ocrx_word' id='word_1_654' title='bbox 761 5050 926 5105; x_wconf 88' lang='lat' dir='ltr'><strong>habet</strong></span> <span class='ocrx_word' id='word_1_655' title='bbox 949 5048 1088 5104; x_wconf 85' lang='lat' dir='ltr'><strong>idem</strong></span> <span class='ocrx_word' id='word_1_656' title='bbox 1120 5048 1423 5119; x_wconf 80' lang='lat' dir='ltr'><strong>Dionysius.</strong></span> <span class='ocrx_word' id='word_1_657' title='bbox 1513 5059 1524 5119; x_wconf 75' lang='lat'><strong>_‘</strong></span> 
     </span>
    </p>
   </div>
   <div class='ocr_carea' id='block_1_99' title="bbox 492 5115 1984 5188">
    <p class='ocr_par' dir='ltr' id='par_1_99' title="bbox 492 5115 1984 5188">
     <span class='ocr_line' id='line_1_99' title="bbox 492 5115 1984 5188; baseline -0.001 -17"><span class='ocrx_word' id='word_1_658' title='bbox 492 5118 567 5188; x_wconf 80' lang='grc'><strong>(8)</strong></span> <span class='ocrx_word' id='word_1_659' title='bbox 599 5118 704 5172; x_wconf 80' lang='grc' dir='ltr'><strong>Ἐν</strong></span> <span class='ocrx_word' id='word_1_660' title='bbox 743 5119 866 5183; x_wconf 84' lang='grc' dir='ltr'>τοῖς</span> <span class='ocrx_word' id='word_1_661' title='bbox 916 5115 1282 5186; x_wconf 74' lang='grc' dir='ltr'>συμποσίοιᾲ</span> <span class='ocrx_word' id='word_1_662' title='bbox 1308 5117 1655 5188; x_wconf 72' lang='grc' dir='ltr'>λεγομένοις</span> <span class='ocrx_word' id='word_1_663' title='bbox 1695 5115 1984 5188; x_wconf 68' lang='grc' dir='ltr'>ψιλικοῖς.</span> 
     </span>
    </p>
   </div>
   <div class='ocr_carea' id='block_1_100' title="bbox 359 5185 1989 5257">
    <p class='ocr_par' dir='ltr' id='par_1_100' title="bbox 359 5185 1989 5257">
     <span class='ocr_line' id='line_1_100' title="bbox 359 5185 1989 5257; baseline -0.003 -16"><span class='ocrx_word' id='word_1_664' title='bbox 359 5216 371 5226; x_wconf 78' lang='grc' dir='ltr'><strong><em>ο</em></strong></span> <span class='ocrx_word' id='word_1_665' title='bbox 418 5185 626 5253; x_wconf 85' lang='lat' dir='ltr'><strong>Quibus</strong></span> <span class='ocrx_word' id='word_1_666' title='bbox 643 5189 823 5242; x_wconf 84' lang='lat' dir='ltr'><strong>verbis</strong></span> <span class='ocrx_word' id='word_1_667' title='bbox 851 5185 1222 5257; x_wconf 74' lang='lat' dir='ltr'><strong>intelliguntur</strong></span> <span class='ocrx_word' id='word_1_668' title='bbox 1245 5203 1309 5242; x_wconf 91' lang='lat' dir='ltr'><strong>ea</strong></span> <span class='ocrx_word' id='word_1_669' title='bbox 1326 5185 1572 5243; x_wconf 84' lang='lat' dir='ltr'><strong>convivia</strong></span> <span class='ocrx_word' id='word_1_670' title='bbox 1589 5201 1711 5257; x_wconf 71' lang='lat' dir='ltr'><strong>qua:</strong></span> <span class='ocrx_word' id='word_1_671' title='bbox 1729 5185 1989 5257; x_wconf 73' lang='lat' dir='ltr'><strong>Caristia,</strong></span> 
     </span>
    </p>
   </div>
   <div class='ocr_carea' id='block_1_101' title="bbox 416 5255 1989 5328">
    <p class='ocr_par' dir='ltr' id='par_1_101' title="bbox 416 5255 1989 5328">
     <span class='ocr_line' id='line_1_101' title="bbox 416 5255 1989 5328; baseline -0.003 -19"><span class='ocrx_word' id='word_1_672' title='bbox 416 5269 471 5313; x_wconf 66' lang='lat' dir='ltr'><strong>(rt</strong></span> <span class='ocrx_word' id='word_1_673' title='bbox 495 5257 637 5312; x_wconf 85' lang='lat' dir='ltr'><strong>Cara</strong></span> <span class='ocrx_word' id='word_1_674' title='bbox 668 5255 1199 5328; x_wconf 9' lang='lat' dir='ltr'><strong>eognatiopdic&#39;untur</strong></span> <span class='ocrx_word' id='word_1_675' title='bbox 1226 5256 1452 5322; x_wconf 90' lang='lat' dir='ltr'><strong>Latinis,</strong></span> <span class='ocrx_word' id='word_1_676' title='bbox 1501 5255 1623 5327; x_wconf 66' lang='lat' dir='ltr'><strong>quae</strong></span> <span class='ocrx_word' id='word_1_677' title='bbox 1671 5255 1890 5328; x_wconf 80' lang='lat' dir='ltr'><strong>quidem</strong></span> <span class='ocrx_word' id='word_1_678' title='bbox 1922 5255 1989 5307; x_wconf 87' lang='lat' dir='ltr'><strong>ad</strong></span> 
     </span>
    </p>
   </div>
   <div class='ocr_carea' id='block_1_102' title="bbox 418 5326 1994 5397">
    <p class='ocr_par' dir='ltr' id='par_1_102' title="bbox 418 5326 1994 5397">
     <span class='ocr_line' id='line_1_102' title="bbox 418 5326 1994 5397; baseline -0.003 -16"><span class='ocrx_word' id='word_1_679' title='bbox 418 5335 702 5397; x_wconf 81' lang='lat' dir='ltr'><strong>parentum</strong></span> <span class='ocrx_word' id='word_1_680' title='bbox 730 5326 801 5381; x_wconf 55' lang='lat' dir='ltr'><strong>&#39;et</strong></span> <span class='ocrx_word' id='word_1_681' title='bbox 854 5326 1093 5381; x_wconf 78' lang='lat' dir='ltr'><strong>aliinium</strong></span> <span class='ocrx_word' id='word_1_682' title='bbox 1149 5329 1394 5397; x_wconf 86' lang='lat' dir='ltr'><strong>sepulcra</strong></span> <span class='ocrx_word' id='word_1_683' title='bbox 1455 5327 1571 5381; x_wconf 81' lang='lat' dir='ltr'><strong>ﬁeri</strong></span> <span class='ocrx_word' id='word_1_684' title='bbox 1619 5326 1889 5397; x_wconf 75' lang='lat' dir='ltr'><strong>solebant,</strong></span> <span class='ocrx_word' id='word_1_685' title='bbox 1933 5332 1994 5397; x_wconf 87' lang='lat' dir='ltr'><strong>ut</strong></span> 
     </span>
    </p>
   </div>
   <div class='ocr_carea' id='block_1_103' title="bbox 416 5394 1990 5469">
    <p class='ocr_par' dir='ltr' id='par_1_103' title="bbox 416 5394 1990 5469">
     <span class='ocr_line' id='line_1_103' title="bbox 416 5394 1990 5469; baseline -0.003 -18"><span class='ocrx_word' id='word_1_686' title='bbox 416 5394 625 5469; x_wconf 73' lang='lat' dir='ltr'><strong>pridem</strong></span> <span class='ocrx_word' id='word_1_687' title='bbox 655 5414 683 5452; x_wconf 88' lang='lat' dir='ltr'><strong>a</strong></span> <span class='ocrx_word' id='word_1_688' title='bbox 717 5397 879 5452; x_wconf 89' lang='lat' dir='ltr'><strong>nobis</strong></span> <span class='ocrx_word' id='word_1_689' title='bbox 903 5394 1247 5452; x_wconf 80' lang='lat' dir='ltr'><strong>observatum</strong></span> <span class='ocrx_word' id='word_1_690' title='bbox 1290 5398 1344 5450; x_wconf 91' lang='lat' dir='ltr'><strong>in</strong></span> <span class='ocrx_word' id='word_1_691' title='bbox 1368 5398 1547 5452; x_wconf 87' lang='lat' dir='ltr'><strong>Gloss.</strong></span> <span class='ocrx_word' id='word_1_692' title='bbox 1600 5395 1745 5450; x_wconf 89' lang='lat' dir='ltr'><strong>med.</strong></span> <span class='ocrx_word' id='word_1_693' title='bbox 1784 5394 1900 5448; x_wconf 88' lang='lat' dir='ltr'><strong>Lat.</strong></span> <span class='ocrx_word' id='word_1_694' title='bbox 1935 5394 1990 5446; x_wconf 91' lang='lat' dir='ltr'><strong>in</strong></span> 
     </span>
    </p>
   </div>
   <div class='ocr_carea' id='block_1_104' title="bbox 2094 5033 3391 5116">
    <p class='ocr_par' dir='ltr' id='par_1_104' title="bbox 2094 5033 3391 5116">
     <span class='ocr_line' id='line_1_104' title="bbox 2094 5033 3391 5116; baseline -0.012 -15"><span class='ocrx_word' id='word_1_695' title='bbox 2094 5044 2234 5116; x_wconf 81' lang='lat' dir='ltr'><strong>teris</strong></span> <span class='ocrx_word' id='word_1_696' title='bbox 2253 5043 2364 5113; x_wconf 76' lang='lat' dir='ltr'><strong>agit</strong></span> <span class='ocrx_word' id='word_1_697' title='bbox 2385 5033 2735 5116; x_wconf 73' lang='lat' dir='ltr'><strong>Epiphanius</strong></span> <span class='ocrx_word' id='word_1_698' title='bbox 2757 5033 2811 5116; x_wconf 80' lang='lat' dir='ltr'><strong>in</strong></span> <span class='ocrx_word' id='word_1_699' title='bbox 2845 5038 3126 5116; x_wconf 53' lang='lat' dir='ltr'><strong>Ancorato,</strong></span> <span class='ocrx_word' id='word_1_700' title='bbox 3159 5033 3278 5099; x_wconf 79' lang='lat' dir='ltr'><strong>cap.</strong></span> <span class='ocrx_word' id='word_1_701' title='bbox 3304 5033 3391 5116; x_wconf 56' lang='lat'><strong>8:7.</strong></span> 
     </span>
    </p>
   </div>
   <div class='ocr_carea' id='block_1_105' title="bbox 2164 5107 3697 5184">
    <p class='ocr_par' dir='ltr' id='par_1_105' title="bbox 2164 5107 3697 5184">
     <span class='ocr_line' id='line_1_105' title="bbox 2164 5107 3697 5184; baseline -0.01 -14"><span class='ocrx_word' id='word_1_702' title='bbox 2164 5113 2242 5184; x_wconf 91' lang='lat'><strong>(9)</strong></span> <span class='ocrx_word' id='word_1_703' title='bbox 2275 5107 2604 5184; x_wconf 51' lang='lat' dir='ltr'><strong>titubet-ioc.</strong></span> <span class='ocrx_word' id='word_1_704' title='bbox 2626 5111 2898 5184; x_wconf 53' lang='lat' dir='ltr'><strong>Licinius</strong></span> <span class='ocrx_word' id='word_1_705' title='bbox 2920 5107 3116 5184; x_wconf 76' lang='lat' dir='ltr'><strong>Macer,</strong></span> <span class='ocrx_word' id='word_1_706' title='bbox 3145 5119 3307 5184; x_wconf 53' lang='lat' dir='ltr'><strong>(litem</strong></span> <span class='ocrx_word' id='word_1_707' title='bbox 3336 5107 3477 5157; x_wconf 87' lang='lat' dir='ltr'><strong>inter</strong></span> <span class='ocrx_word' id='word_1_708' title='bbox 3499 5116 3697 5155; x_wconf 86' lang='lat' dir='ltr'><strong>anna-</strong></span> 
     </span>
    </p>
   </div>
   <div class='ocr_carea' id='block_1_106' title="bbox 2092 5173 3705 5250">
    <p class='ocr_par' dir='ltr' id='par_1_106' title="bbox 2092 5173 3705 5250">
     <span class='ocr_line' id='line_1_106' title="bbox 2092 5173 3705 5250; baseline -0.008 -12"><span class='ocrx_word' id='word_1_709' title='bbox 2092 5173 2235 5239; x_wconf 62' lang='lat' dir='ltr'><strong>liuin&#39;</strong></span> <span class='ocrx_word' id='word_1_710' title='bbox 2252 5183 2547 5250; x_wconf 87' lang='lat' dir='ltr'><strong>scriptores</strong></span> <span class='ocrx_word' id='word_1_711' title='bbox 2559 5173 2815 5235; x_wconf 72' lang='lat' dir='ltr'><strong>recenset</strong></span> <span class='ocrx_word' id='word_1_712' title='bbox 2835 5175 3128 5250; x_wconf 74' lang='lat' dir='ltr'><strong>Dionysius</strong></span> <span class='ocrx_word' id='word_1_713' title='bbox 3158 5173 3430 5250; x_wconf 40' lang='lat' dir='ltr'><strong>llal_icar._.</strong></span> <span class='ocrx_word' id='word_1_714' title='bbox 3444 5184 3663 5250; x_wconf 69' lang='lat' dir='ltr'><strong>non_§e</strong></span> <span class='ocrx_word' id='word_1_715' title='bbox 3676 5203 3705 5214; x_wconf 62' lang='grc' dir='ltr'><strong>ο</strong></span> 
     </span>
    </p>
   </div>
   <div class='ocr_carea' id='block_1_107' title="bbox 2092 5240 3705 5317">
    <p class='ocr_par' dir='ltr' id='par_1_107' title="bbox 2092 5240 3705 5317">
     <span class='ocr_line' id='line_1_107' title="bbox 2092 5240 3705 5317; baseline -0.009 -8"><span class='ocrx_word' id='word_1_716' title='bbox 2092 5253 2222 5317; x_wconf 89' lang='lat' dir='ltr'><strong>mel,</strong></span> <span class='ocrx_word' id='word_1_717' title='bbox 2255 5267 2318 5306; x_wconf 87' lang='lat' dir='ltr'><strong>ac</strong></span> <span class='ocrx_word' id='word_1_718' title='bbox 2343 5240 2567 5305; x_wconf 73' lang='lat' dir='ltr'><strong>laudant</strong></span> <span class='ocrx_word' id='word_1_719' title='bbox 2596 5250 2799 5304; x_wconf 81' lang='lat' dir='ltr'><strong>Plinius</strong></span> <span class='ocrx_word' id='word_1_720' title='bbox 2831 5248 2943 5317; x_wconf 70' lang='lat' dir='ltr'><strong>lib.</strong></span> <span class='ocrx_word' id='word_1_721' title='bbox 2968 5240 3042 5310; x_wconf 71' lang='grc' dir='ltr'><strong>ιν,</strong></span> <span class='ocrx_word' id='word_1_722' title='bbox 3076 5255 3212 5298; x_wconf 89' lang='lat' dir='ltr'><strong>sect.</strong></span> <span class='ocrx_word' id='word_1_723' title='bbox 3243 5244 3277 5297; x_wconf 78' lang='grc'><strong>5</strong></span> <span class='ocrx_word' id='word_1_724' title='bbox 3320 5252 3375 5297; x_wconf 91' lang='lat' dir='ltr'><strong>et</strong></span> <span class='ocrx_word' id='word_1_725' title='bbox 3400 5241 3452 5304; x_wconf 84' lang='lat'><strong>5,</strong></span> <span class='ocrx_word' id='word_1_726' title='bbox 3484 5248 3541 5294; x_wconf 82' lang='lat' dir='ltr'><strong>et</strong></span> <span class='ocrx_word' id='word_1_727' title='bbox 3564 5240 3705 5296; x_wconf 73' lang='lat' dir='ltr'><strong>Ma-</strong></span> 
     </span>
    </p>
   </div>
   <div class='ocr_carea' id='block_1_108' title="bbox 2093 5316 2969 5390">
    <p class='ocr_par' dir='ltr' id='par_1_108' title="bbox 2093 5316 2969 5390">
     <span class='ocr_line' id='line_1_108' title="bbox 2093 5316 2969 5390; baseline -0.013 -11"><span class='ocrx_word' id='word_1_728' title='bbox 2093 5316 2312 5379; x_wconf 81' lang='lat' dir='ltr'><strong>crobius</strong></span> <span class='ocrx_word' id='word_1_729' title='bbox 2340 5320 2435 5375; x_wconf 92' lang='lat' dir='ltr'><strong>lib.</strong></span> <span class='ocrx_word' id='word_1_730' title='bbox 2472 5336 2509 5385; x_wconf 91' lang='grc' dir='ltr'><strong>ι,</strong></span> <span class='ocrx_word' id='word_1_731' title='bbox 2548 5335 2669 5390; x_wconf 88' lang='lat' dir='ltr'><strong>cap.</strong></span> <span class='ocrx_word' id='word_1_732' title='bbox 2699 5320 2765 5375; x_wconf 78' lang='grc'><strong>10</strong></span> <span class='ocrx_word' id='word_1_733' title='bbox 2794 5327 2851 5373; x_wconf 86' lang='lat' dir='ltr'><strong>et</strong></span> <span class='ocrx_word' id='word_1_734' title='bbox 2886 5316 2969 5369; x_wconf 71' lang='lat'><strong>1&#39;5.</strong></span> 
     </span>
    </p>
   </div>
   <div class='ocr_carea' id='block_1_109' title="bbox 1718 5541 2397 5601">
    <p class='ocr_par' dir='ltr' id='par_1_109' title="bbox 1718 5541 2397 5601">
     <span class='ocr_line' id='line_1_109' title="bbox 1718 5541 2397 5601; baseline -0.009 0"><span class='ocrx_word' id='word_1_735' title='bbox 1718 5544 1952 5601; x_wconf 71' lang='lat' dir='ltr'><strong>VARUE</strong></span> <span class='ocrx_word' id='word_1_736' title='bbox 1990 5541 2397 5598; x_wconf 83' lang='lat' dir='ltr'><strong>LECTIONES.</strong></span> 
     </span>
    </p>
   </div>
   <div class='ocr_carea' id='block_1_110' title="bbox 485 5671 3715 5762">
    <p class='ocr_par' dir='ltr' id='par_1_110' title="bbox 485 5671 3715 5762">
     <span class='ocr_line' id='line_1_110' title="bbox 485 5671 3715 5762; baseline -0.003 -18"><span class='ocrx_word' id='word_1_737' title='bbox 485 5694 529 5726; x_wconf 77' lang='grc' dir='ltr'>ιι</span> <span class='ocrx_word' id='word_1_738' title='bbox 564 5692 726 5762; x_wconf 81' lang='grc' dir='ltr'>φησίν</span> <span class='ocrx_word' id='word_1_739' title='bbox 746 5706 855 5747; x_wconf 85' lang='lat' dir='ltr'><strong>om.</strong></span> <span class='ocrx_word' id='word_1_740' title='bbox 879 5685 1069 5762; x_wconf 75' lang='lat' dir='ltr'><strong>P_sol_a.</strong></span> <span class='ocrx_word' id='word_1_741' title='bbox 1143 5681 1328 5762; x_wconf 46' lang='lat' dir='ltr'><strong>&quot;habe.</strong></span> <span class='ocrx_word' id='word_1_742' title='bbox 1356 5680 1430 5760; x_wconf 52' lang='lat' dir='ltr'><strong>d3;</strong></span> <span class='ocrx_word' id='word_1_743' title='bbox 1459 5697 1530 5762; x_wconf 62' lang='grc' dir='ltr'>ιιι.</span> <span class='ocrx_word' id='word_1_744' title='bbox 1550 5679 1809 5762; x_wconf 75' lang='lat' dir='ltr'><strong>P.solitts.</strong></span> <span class='ocrx_word' id='word_1_745' title='bbox 1857 5677 2208 5762; x_wconf 32' lang='lat' dir='ltr'><strong>“tegendam</strong></span> <span class='ocrx_word' id='word_1_746' title='bbox 2221 5677 2278 5731; x_wconf 88' lang='lat' dir='ltr'><strong>P.</strong></span> <span class='ocrx_word' id='word_1_747' title='bbox 2323 5676 2657 5762; x_wconf 50' lang='lat' dir='ltr'><strong>~“uéq1t‘épav</strong></span> <span class='ocrx_word' id='word_1_748' title='bbox 2683 5676 2983 5762; x_wconf 42' lang='lat' dir='ltr'><strong>[secunda</strong></span> <span class='ocrx_word' id='word_1_749' title='bbox 3008 5690 3191 5762; x_wconf 41' lang='lat' dir='ltr'><strong>manu.</strong></span> <span class='ocrx_word' id='word_1_750' title='bbox 3257 5671 3546 5762; x_wconf 43' lang='lat' dir='ltr'><strong>refigit»;</strong></span> <span class='ocrx_word' id='word_1_751' title='bbox 3578 5673 3715 5736; x_wconf 74' lang='lat' dir='ltr'><strong>PV.</strong></span> 
     </span>
    </p>
   </div>
   <div class='ocr_carea' id='block_1_111' title="bbox 417 5739 3579 5836">
    <p class='ocr_par' dir='ltr' id='par_1_111' title="bbox 417 5739 3579 5836">
     <span class='ocr_line' id='line_1_111' title="bbox 417 5739 3579 5836; baseline -0.004 -25"><span class='ocrx_word' id='word_1_752' title='bbox 417 5764 464 5796; x_wconf 73' lang='grc'><strong>³⁸</strong></span> <span class='ocrx_word' id='word_1_753' title='bbox 884 5739 1429 5811; x_wconf 40' lang='grc' dir='ltr'>-ἠ-Φαυστόλουτοῦξ</span> <span class='ocrx_word' id='word_1_754' title='bbox 1459 5749 1828 5820; x_wconf 78' lang='grc' dir='ltr'>Φαυστολόγου</span> <span class='ocrx_word' id='word_1_755' title='bbox 1856 5747 1964 5803; x_wconf 82' lang='lat' dir='ltr'><strong>PV.</strong></span> <span class='ocrx_word' id='word_1_756' title='bbox 1995 5748 2238 5803; x_wconf 78' lang='grc' dir='ltr'>Φαύστου</span> <span class='ocrx_word' id='word_1_757' title='bbox 2257 5748 2349 5803; x_wconf 86' lang='grc' dir='ltr'><strong>τοῦ</strong></span> <span class='ocrx_word' id='word_1_758' title='bbox 2381 5739 2619 5805; x_wconf 69' lang='grc' dir='ltr'>ΜίιιιιΙεὶε.</span> <span class='ocrx_word' id='word_1_759' title='bbox 2698 5748 2743 5781; x_wconf 84' lang='grc'><strong>⁸⁸</strong></span> <span class='ocrx_word' id='word_1_760' title='bbox 2779 5746 3051 5811; x_wconf 82' lang='grc' dir='ltr'>Λικίννιος</span> <span class='ocrx_word' id='word_1_761' title='bbox 3069 5743 3179 5801; x_wconf 85' lang='lat' dir='ltr'><strong>PV.</strong></span> <span class='ocrx_word' id='word_1_762' title='bbox 3255 5745 3302 5777; x_wconf 84' lang='lat'><strong>&quot;</strong></span> <span class='ocrx_word' id='word_1_763' title='bbox 3329 5740 3481 5797; x_wconf 71' lang='grc' dir='ltr'>εἶπεν</span> <span class='ocrx_word' id='word_1_764' title='bbox 3502 5739 3579 5797; x_wconf 74' lang='lat' dir='ltr'><strong>ﬂ.</strong></span> 
     </span>
    </p>
   </div>
  </div>
