3910 6336
408 328 512 390 335

1596 327 2030 388 CHRONICON
2065 328 2468 390 PASCHALE.

3550 338 3648 401 336

406 456 550 505 rum,
591 450 644 494 et
677 441 786 512 regi
819 441 1003 511 iniquo
1059 451 1114 496 et
1161 440 1397 511 pessimo
1439 440 1576 493 ultra
1610 455 1830 492 onmem
1872 449 1979 492 ter-

2086 457 2256 511 σαμεν
2287 441 2332 471 ⁸⁸
2363 441 2545 506 καθὼς
2581 443 2831 498 ἐνετείλω
2858 443 3012 516 ἡμῖν,
3045 447 3132 502 ῐνα
3156 431 3214 502 εὖ
3239 449 3374 520 ήμῖν
3406 451 3642 522 γένηται.

406 545 542 583 ram.
582 527 646 584 Et
674 545 819 583 nunc
849 544 954 583 non
1000 544 1288 599 possumus
1326 528 1538 597 aperire
1585 542 1680 581 os:
1727 527 1975 581 confusio

404 629 459 675 et
479 621 829 690 approbrium
859 620 984 674 facti
1015 635 1202 674 sumus
1229 619 1401 673 servis
1425 619 1552 684 tuis,
1573 627 1628 671 et
1657 619 1739 670 his
1765 618 1857 686 qui
1881 633 1976 672 co-

406 714 524 766 lunt
548 722 620 766 te.
660 713 740 767 Ne
770 713 948 766 tradas
983 727 1083 766 nos
1113 712 1166 765 in
1215 721 1538 780 perpetuum
1561 753 1574 775 ,
1622 719 1844 780 propter
1877 726 1978 764 no-

405 818 530 857 men
559 813 708 857 tuum
739 821 752 856 :
781 813 836 857 et
867 817 934 857 ne
972 802 1203 870 dissipes
1247 809 1629 856 testamentum
1653 810 1815 855 tuum
1838 841 1852 866 ,
1884 816 1980 854 ne-

403 909 510 964 que
553 894 770 948 auferas
811 893 1240 948 misericordiam
1274 902 1418 946 tuam
1455 909 1485 947 a
1533 893 1712 957 nobis,
1761 902 1981 962 propter

403 984 676 1038 Abraham
709 983 963 1038 dilectum
993 993 1167 1049 tuum,
1203 992 1256 1036 et
1286 983 1436 1037 Isaac
1471 997 1687 1036 servum
1726 991 1900 1047 tuum,
1928 991 1983 1036 et

405 1076 566 1130 Israel
611 1089 858 1130 sanctum
919 1083 1093 1129 tuum.
1143 1074 1353 1139 Quibus
1399 1074 1613 1128 locutus
1651 1089 1740 1138 es,
1780 1073 1847 1127 ad
1889 1088 1983 1126 eos

401 1167 609 1222 dicens:
640 1166 766 1234 quia
796 1165 1184 1236 multiplicares
1207 1180 1393 1220 semen
1418 1179 1607 1219 eorum
1637 1165 1777 1219 sicut
1798 1164 1981 1219 stellas

400 1258 546 1322 cceli,
596 1265 652 1312 et
688 1257 832 1311 sicut
885 1273 1132 1324 arenam,
1181 1273 1302 1328 qua:
1347 1265 1432 1312 est
1484 1257 1537 1310 in
1571 1256 1752 1312 littore
1795 1257 1981 1311 maris.

399 1345 556 1413 Quia,
589 1346 835 1412 Domine,
890 1347 1164 1401 imminuti
1222 1362 1413 1401 sumus
1453 1347 1576 1417 plus
1605 1361 1766 1415 quam
1796 1359 1985 1400 omnes

399 1449 611 1510 gentes,
641 1455 942 1504 sumasque
974 1439 1212 1493 humiles
1253 1439 1310 1492 in
1352 1439 1605 1494 universa
1645 1449 1788 1492 terra
1823 1437 1986 1491 hodie

399 1542 622 1603 propter
649 1544 873 1604 peccata
903 1544 1109 1588 nostra.
1153 1533 1221 1587 Et.
1260 1548 1384 1586 non-
1410 1543 1493 1587 est
1518 1532 1572 1586 in
1605 1542 1849 1602 tempore
1883 1531 1987 1585 isto

400 1626 656 1696 princeps
686 1635 737 1681 et
777 1628 1061 1697 prepheta,
1102 1634 1157 1680 et
1194 1624 1323 1692 dux,
1360 1641 1538 1694 neque
1583 1625 1982 1689 holocaustum,

400 1733 578 1788 neque
609 1721 960 1784 sacrificium,
993 1734 1172 1790 neque
1205 1718 1424 1782 oblatio,
1457 1733 1634 1787 neque
1666 1718 1946 1771 incensum
1969 1755 1983 1779 ,

2078 534 2186 586 Kal
2245 535 2424 587 πάντα
2480 535 2581 588 ὅσα
2630 537 2760 606 ήμῖν
2820 538 3122 608 ἐπήγαγες,
3175 543 3273 594 καὶ
3322 543 3498 596 πάντα
3556 545 3648 598 ὅσα

2079 624 2506 696 ἐποίησαςήμῑν,
2528 628 2586 679 ἐν
2615 626 2840 700 ἀληθινῇ
2871 630 3050 700 κρίσει
3079 633 3362 703 ἐποίησας,
3394 635 3488 686 καὶ
3510 652 3649 706 παρ-

2079 714 2292 778 έδωκας
2335 717 2485 784 ἡμᾶς
2523 719 2602 780 είς
2656 720 2845 789 χεῖρας
2875 721 3088 791 ἐχθρῶν
3118 723 3382 792 ἐχθίστων
3415 727 3650 780 ἀποστα-

2078 803 2208 868 τῶν,
2240 805 2333 857 καὶ
2357 806 2569 874 βασιλεῖ
2595 807 2764 878 ἀδίκῳ
2787 809 2882 862 καὶ
2908 826 3044 881 πονη
3055 813 3263 882 ροτάτῳ
3292 815 3442 886 παρὰ
3473 818 3650 869 πᾶσαν

2079 895 2178 964 τὴν
2206 895 2330 966 γῆν.
2356 898 2462 950 Καὶ
2492 898 2587 951 νῦν
2625 899 2724 952 οὑκ
2777 899 2927 953 ἐστιν
2954 902 3086 972 ἡμῖν
3117 904 3330 971 ἀνοῖξαι
3363 906 3424 958 τὸ
3479 907 3651 975 στόμα

2081 983 2238 1054 ήμῶν
2263 1000 2277 1016 ·
2313 985 2544 1056 αίσχύνη
2593 988 2688 1041 καὶ
2727 988 2926 1052 ὄνειδος
2965 991 3214 1061 ,ἐγενήθη
3275 996 3387 1056 τοῖς
3448 993 3651 1058 δούλοις

2084 1092 2176 1128 σου
2206 1077 2300 1129 καὶ
2346 1081 2459 1141 τοῖς
2502 1079 2816 1150 σεϐομένοις
2861 1099 2941 1137 σε.
2977 1084 3066 1155 Μὴ
3095 1084 3160 1154 δὴ
3195 1085 3448 1156 παραδῷς
3506 1087 3651 1157 ήμᾶς

2083 1169 2163 1230 είς
2191 1167 2343 1230 τέλος
2371 1168 2458 1223 διὰ
2491 1170 2552 1222 τὸ
2585 1170 2758 1241 ὄνομα
2793 1189 2908 1236 σου,
2943 1174 3038 1228 καὶ
3071 1177 3146 1244 μὴ
3167 1157 3525 1246 διασκεδάστξς
3556 1175 3653 1245 τὴν

2081 1257 2344 1328 διαθήκην
2363 1276 2477 1324 σου,
2497 1265 2589 1314 καὶ
2613 1261 2686 1332 μὴ
2702 1264 3017 1338 ἀποστήσῃς
3033 1266 3092 1318 τὸ
3108 1265 3254 1329 ἔλεός
3275 1283 3369 1318 σου
3387 1267 3479 1334 ἀφ’
3498 1268 3529 1336 ή
3538 1266 3652 1336 μῶν

2082 1346 2170 1400 διὰ
2205 1349 2455 1420 ’Δϐραὰμ
2483 1351 2574 1404 τὸν
2603 1353 2958 1424 ἠγαπημένον
2985 1356 3090 1408 ὑπό
3110 1373 3204 1408 σου
3225 1358 3317 1410 καὶ
3340 1355 3429 1408 διὰ
3468 1357 3652 1408 Ἰσαὰκ

2082 1440 2173 1493 τὸν
2186 1439 2369 1495 δοῦλόν
2395 1459 2488 1496 σου
2507 1445 2599 1497 καὶ
2615 1445 2831 1516 Ἰσραὴλ
2846 1447 2937 1499 τὸν
2955 1447 3110 1516 ἅγιόν
3131 1464 3246 1511 σου,
3284 1442 3366 1510 οἷς
3385 1447 3650 1516 ἐλάλησας

2085 1526 2222 1596 πρὸς
2264 1529 2461 1594 αὐτοὺς
2488 1530 2682 1598 λέγων·
2719 1532 2989 1603 πληθῦναι
3026 1534 3088 1586 τὸ
3107 1536 3347 1606 -σπέρμα
3374 1535 3551 1587 αὐτῶν
3578 1534 3652 1596 ὡς

2084 1619 2152 1672 τὰ
2170 1619 2344 1688 ἄστρα
2370 1621 2462 1674 τοῦ
2487 1622 2738 1692 οὐρανοῦ,
2774 1625 2866 1678 καὶ
2887 1625 2962 1688 ώς
2985 1625 3084 1688 τὴν
3102 1627 3284 1696 ἄμμον
3307 1625 3404 1698 τὴν
3424 1625 3576 1697 παρὰ
3593 1625 3654 1680 τὸ

2077 1713 2260 1782 -χεῖλος
2282 1713 2380 1782 τῆς
2418 1712 2710 1784 θαλάσσης.
2734 1715 2878 1781 Ὅτι,
2915 1717 3178 1781 Δέσποτα,
3210 1717 3654 1788 ἐσμικρύνθημεν

401 1825 508 1864 non
547 1812 698 1866 locus
732 1813 1092 1882 primitiarum
1121 1828 1301 1867 coram
1336 1821 1406 1874 te,
1433 1821 1493 1864 ut
1525 1812 1798 1880 possimus
1829 1811 1981 1864 inve-

2086 1805 2238 1873 παρὰ
2260 1805 2436 1858 πάντα
2449 1805 2518 1858 τὰ
2533 1804 2682 1875 ἐθνη,
2697 1807 2790 1859 καὶ
2813 1807 2980 1877 ἐσμέν
2997 1810 3242 1862 ταπεινοὶ
3260 1811 3318 1862 ἐν
3335 1811 3483 1882 πάσῃ
3499 1812 3563 1879 τῇ
3580 1812 3651 1878 γῇ

400 1901 521 1955 nire
549 1903 976 1958 misericordiam
1019 1912 1189 1965 tuam,
1217 1903 1311 1957 sed
1348 1903 1402 1956 in
1441 1902 1619 1955 anima
1645 1901 1896 1965 contrita,
1925 1908 1982 1954 et

401 1989 594 2058 spiritu
629 1989 953 2045 humilitatis
975 1991 1358 2060 suscipiantur,
1394 1990 1536 2044 sicut
1561 1990 1614 2042 in
1650 1989 1982 2043 holocaustis

400 2080 632 2133 arietum
668 2090 724 2133 et
759 2090 1058 2143 taurorum,
1091 2090 1146 2134 et
1181 2081 1320 2134 sicut
1357 2080 1412 2132 in
1451 2078 1690 2132 millibus
1715 2092 1980 2148 agnorum

401 2171 707 2242 pinguium,
733 2171 811 2225 sic
834 2172 924 2226 fiat
950 2171 1274 2226 sacrificium
1311 2179 1554 2225 nostrum
1597 2169 1649 2222 in
1685 2171 1980 2237 conspectu

401 2273 498 2317 tuo
524 2262 704 2325 hodie,
731 2271 786 2317 et
816 2262 1036 2332 impleat
1067 2271 1189 2330 post
1221 2270 1292 2324 te,
1326 2261 1455 2331 quia
1487 2275 1596 2314 non
1621 2268 1706 2312 est
1731 2257 1981 2311 confusio

399 2351 799 2408 conlidentibus
824 2353 878 2406 in
907 2361 984 2407 te.
1019 2352 1171 2406 Nunc
1203 2353 1368 2424 igitur
1393 2351 1672 2422 sequimur
1702 2358 1754 2404 te
1784 2349 1838 2402 in
1866 2357 1978 2404 toto

399 2445 592 2507 corde,
635 2452 690 2497 et
739 2445 992 2498 timemus
1025 2454 1112 2508 te,
1155 2452 1208 2498 et
1249 2444 1542 2514 quaerimus
1583 2443 1776 2498 faciem
1807 2452 1974 2496 tuam.

399 2535 478 2590 Ne
513 2535 822 2591 confundas
852 2553 974 2601 nos,
1009 2537 1104 2591 sed
1145 2536 1311 2590 facias
1342 2535 1628 2588 nobiscum
1675 2533 1980 2588 secundum

399 2628 879 2681 mansuetudinem
923 2636 1098 2689 tuam,
1134 2638 1185 2680 et
1226 2626 1524 2680 secundum
1578 2623 1981 2678 multitudinem

398 2718 787 2774 misericordia:
815 2727 959 2772 tuae:
1001 2727 1056 2771 et
1083 2733 1214 2770 erue
1243 2732 1342 2769 nos
1374 2715 1672 2769 secundum
1719 2713 1981 2768 mirabilia

399 2819 513 2872 tua,
545 2816 602 2862 et
638 2807 705 2862 da
732 2807 954 2876 gloriam
996 2807 1204 2872 nomini
1239 2817 1352 2872 tuo,
1386 2806 1634 2861 Domine.
1666 2805 1730 2859 Et
1757 2803 1983 2858 confun-

399 2898 603 2952 dantur
634 2912 826 2952 omnes
873 2898 963 2966 qui
1011 2896 1308 2950 ostendunt
1359 2897 1532 2951 servis
1583 2896 1689 2950 tuis
1736 2894 1893 2958 mala,
1929 2901 1984 2947 et

397 2991 815 3046 confundantur
879 2991 932 3043 in
983 2989 1130 3044 omni
1184 2989 1426 3059 potentia
1487 2997 1542 3042 et
1595 2994 1893 3057 potestate;
1928 2992 1983 3039 et

399 3081 567 3134 robur
599 3095 786 3134 eorum
819 3087 1151 3134 conteratur.
1185 3077 1439 3132 Etsciant
1465 3077 1590 3147 quia
1617 3086 1670 3130 tu
1697 3093 1756 3130 es
1797 3075 1980 3130 Dorul-

2082 1896 2148 1966 σή
2159 1913 2223 1964 με
2233 1912 2322 1966 ρον
2349 1896 2436 1950 διὰ
2465 1896 2562 1960 τὰς
2587 1898 2861 1968 ἁμαρτίας
2880 1900 3057 1970 ήμῶν.
3075 1902 3186 1954 Καὶ
3203 1903 3304 1954 οὐκ
3325 1902 3471 1956 ἐστιν
3494 1905 3552 1954 ἐν
3573 1902 3655 1972 τῷ

2079 1986 2258 2058 καιρῷ
2285 1986 2458 2058 τούτῳ
2481 1987 2686 2058 ἄρχων,
2724 1991 2818 2043 καὶ
2859 1994 3166 2061 προφήτης,
3208 1993 3302 2045 καὶ
3332 1993 3652 2062 ἡγούμενος,

2079 2077 2197 2131 οὐδέ
2219 2077 2606 2146 ὁλοκαύτωσις,
2637 2081 2761 2133 οὺδέ
2791 2080 2950 2134 θυσία
2984 2083 3028 2115 ⁸⁸
3061 2084 3182 2136 ούδέ
3211 2085 3498 2155 προσφορὰ
3533 2086 3656 2139 οὐδὲ

2081 2167 2351 2238 θυμίαμα,
2373 2169 2432 2221 οὗ
2457 2169 2623 2232 τόπος
2641 2169 2734 2224 τοῦ
2761 2170 3148 2243 όλοκαρπῶσαι
3173 2174 3413 2227 ἐναντίον
3439 2191 3532 2227 σου
3560 2175 3656 2228 καὶ⁵

2081 2259 2257 2329 εὑρεῖν
2291 2261 2438 2323 ἔλεος
2464 2274 2476 2286 ·
2506 2260 2622 2314 ἀλλ’
2657 2263 2714 2316 ἐν
2744 2262 2888 2334 ψυχῇ
2917 2266 3350 2337 συντετριμμένῃ
3379 2267 3469 2320 καὶ
3495 2266 3659 2320 πνεύ-

2085 2366 2214 2420 ματι
2244 2353 2626 2416 ταπεινώσεως
2657 2353 3140 2426 προσδεχθείημεν,
3174 2356 3249 2416 ώς
3269 2359 3326 2409 ἐν
3355 2356 3658 2410 ὁλοκαυτῶν

2083 2456 2218 2508 μασι
2248 2440 2415 2511 κριῶν
2446 2441 2540 2493 καὶ
2577 2441 2816 2512 ταύρων,
2847 2444 2944 2496 καὶ
2973 2443 3046 2506 ὡς
3077 2445 3138 2496 ἐν.
3167 2446 3424 2516 μυριάσιν
3460 2445 3649 2515 ἀρνῶν

2081 2531 2300 2594 πιόνων,
2345 2532 2518 2594 οὕτως
2547 2533 2790 2602 γενέσθω
2823 2537 2854 2606 ή
2887 2535 3048 2589 θυσία
3075 2535 3233 2606 ήμῶν
3281 2537 3510 2591 ἐνώπιόν
3557 2555 3657 2591 σου

2083 2623 2339 2694 σήμερον,
2373 2624 2465 2676 καὶ
2509 2625 2792 2679 ἐκτελέσαι
2841 2627 3064 2682 ὄπισθέν
3099 2644 3212 2692 σου,
3249 2629 3330 2681 ὅτι
3379 2629 3479 2682 οὐκ
3505 2627 3658 2681 ἐστιν

2079 2711 2308 2781 αἰσχύνη
2339 2715 2450 2774 τοις
2482 2713 2795 2767 πεποιθόσιν
2824 2715 2917 2768 ἐπὶ
2946 2716 3047 2772 σοί.
3079 2716 3193 2770 Νῦν
3219 2713 3310 2770 οὖν
3334 2717 3662 2772 ἀκολουθοῦ-

2084 2805 2276 2874 μενηέν
2304 2804 2402 2877 ὅλῃ
2426 2804 2644 2876 καρδίᾳ,
2681 2808 2777 2859 καὶ
2810 2807 3127 2878 φοϐούμεθά
3156 2825 3214 2861 σε
3252 2810 3345 2863 καὶ
3380 2809 3658 2878 ζητοῦμεν

2079 2891 2140 2943 τὸ
2156 2891 2444 2961 πρόσωπόν
2468 2910 2581 2960 σου,
2609 2895 2683 2965 μὴ
2701 2897 3070 2970 καταισχύνῃς
3095 2900 3260 2968 ἡμᾶς,
3284 2899 3418 2952 ἀλλὰ
3435 2899 3663 2967 ποίησον

2083 2984 2202 3055 μεθ’
2229 2983 2383 3054 ήμῶν
2405 2985 2547 3038 κατὰ
2576 2987 2673 3056 τὴν
2701 2987 3002 3042 ἐπιείκειάν
3035 3006 3128 3042 σου
3158 2991 3253 3043 καὶ
3277 2992 3418 3044 κατὰ
3437 2991 3495 3044 τὸ
3517 2991 3663 3059 πλῆο

2086 3075 2176 3138 θος
2208 3074 2301 3128 τοῦ
2335 3075 2518 3139 ἐλέους
2550 3093 2666 3142 σου,
2707 3079 2802 3131 καὶ
2825 3079 3009 3146 ἐξελοῦ
3041 3082 3190 3150 ήμᾶς
3241 3083 3385 3136 κατὰ
3418 3083 3485 3135 τὰ
3531 3081 3665 3134 θαυ-

395 3188 505 3226 nus
528 3171 668 3226 Deus
683 3171 920 3234 solus,et
944 3172 1211 3242 gloriosus
1235 3185 1397 3239 super
1423 3170 1610 3224 orbem
1645 3177 1931 3222 terrarum.
1959 3185 1976 3218 ι

2091 3166 2261 3237 μάσιὰ
2290 3183 2404 3228 σου,
2446 3167 2540 3220 καὶ
2573 3167 2659 3230 δὸς
2712 3143 2878 3233 δόξαν⁷
2917 3168 2994 3240 τῷ
3041 3143 3266 3240 όνόματί
3319 3188 3432 3234 σου,
3459 3171 3660 3239 Κύριε.

401 3265 510 3318 Kal
543 3265 945 3337 ἐντραπείησαν
971 3264 1171 3327 πάντες
1203 3264 1254 3316 οἱ
1293 3263 1692 3332 ἐνδεικνύμενοι
1725 3263 1835 3324 τοῖς
1861 3258 2072 3322 δούλοις
2099 3276 2193 3312 σου
2243 3257 2390 3310 κακὰ
2412 3298 2426 3322 ,
2458 3259 2554 3312 καὶ
2609 3258 3131 3332 καταισχυνθείησαν
3184 3261 3292 3315 ἀπὸ
3343 3261 3520 3331 πάσης
3568 3261 3668 3313 δυ-

397 3359 617 3427 νάμεως
675 3358 769 3410 καὶ
802 3355 1142 3419 δυναστείας,
1184 3356 1277 3408 καὶ
1322 3357 1354 3426 ἡ
1397 3355 1551 3424 ἰσχὺς
1606 3353 1786 3408 αὐτῶν
1856 3351 2189 3424 συντριϐείη,
2235 3351 2323 3405 καὶ
2351 3350 2646 3420 γνώτωσαν
2679 3353 2760 3405 ὅτι
2795 3354 2860 3406 σὺ
2895 3353 2944 3405 ει
2993 3353 3195 3424 Κύριος
3243 3354 3272 3406 ὁ
3321 3353 3450 3418 Θεὸς
3499 3354 3668 3425 μόνος

395 3451 497 3504 ικαὶ
523 3449 731 3514 ἔνδοξος
760 3449 844 3516 ἐφ’
868 3449 994 3518 ὃλην
1028 3449 1125 3519 τήν
1150 3449 1496 3519 οἰκουμένην.
1537 3467 1556 3500 ι

471 3544 539 3596 Et
570 3558 679 3596 non
707 3541 1016 3602 cessabant,
1041 3539 1133 3608 qui
1169 3539 1427 3593 miserant
1449 3554 1543 3593 eos
1577 3537 1810 3592 ministri
1843 3534 1983 3607 regis
2053 3576 2056 3580 .

395 3634 800 3689 succendentes
832 3632 1106 3684 fornacem
1123 3631 1388 3699 naphtha,
1407 3640 1461 3684 et
1487 3630 1626 3700 pice,
1649 3638 1704 3684 et
1729 3638 1905 3698 stupa,
1930 3636 1986 3680 et

409 3726 717 3788 malleolis;
755 3734 808 3778 et
851 3723 1236 3777 effundebatur
1264 3721 1475 3774 tlainma
1515 3735 1680 3790 super
1709 3719 1982 3773 fornacem

405 3819 460 3870 in
488 3816 706 3872 cubitus
739 3815 1090 3884 quadraginta
1136 3828 1352 3876 novem,
1392 3822 1445 3866 et
1472 3810 1683 3880 erupit,
1711 3818 1766 3863 et
1796 3809 1985 3862 incen-‘

403 3910 486 3964 dit
518 3925 656 3979 quos
695 3908 905 3962 invenit
931 3909 1074 3961 circa
1115 3906 1390 3960 fornacem
1436 3904 1836 3958 Chaldaeorum.
1869 3899 1983 3954 An-

397 4003 559 4074 gelus
589 4009 770 4054 autem
811 3999 1022 4052 Domini
1052 3998 1330 4054 descendit
1361 4011 1483 4050 cum
1514 3994 1707 4048 Azaria
1731 4002 1786 4047 et
1823 3990 1986 4046 sociis

395 4093 525 4159 ejus
575 4090 627 4142 in
669 4088 973 4150 fornacem,
1028 4097 1081 4140 et
1125 4087 1368 4140 excussit
1419 4085 1688 4138 flammam
1735 4081 1875 4153 ignis
1918 4080 1985 4135 de

395 4182 646 4238 fornace.
699 4187 752 4231 et
795 4178 923 4232 fecit
979 4178 1220 4230 medium
1278 4176 1533 4239 fornacis,
1563 4173 1714 4243 quasi
1762 4181 1984 4226 ventum

395 4269 550 4322 roris
606 4266 850 4320 flautem.
902 4265 968 4318 Et
1015 4281 1123 4318 non
1170 4265 1346 4335 tetigit
1401 4281 1496 4318 eos
1553 4262 1778 4317 omnino
1824 4260 1980 4330 ignis,

2151 3529 2262 3582 Kal
2288 3529 2346 3581 οὐ
2374 3529 2610 3582 διέλιπον
2638 3530 2687 3583 οί
2716 3530 3043 3601 ἐμϐαλόντες
3075 3533 3120 3564 ⁷⁸
3152 3533 3347 3598 αὐτοὺς
3391 3539 3664 3609 ὑπηρέται

2081 3621 2175 3674 τοῦ
2194 3620 2454 3691 βασιλέως
2472 3621 2513 3650 ⁷⁸
2541 3621 2786 3685 καίοντες
2803 3622 2897 3693 τὴν
2916 3624 3144 3693 κάμινον
3161 3625 3391 3694 νάφθαν,
3416 3630 3510 3681 καὶ
3531 3645 3663 3684 πισ-

2086 3728 2206 3774 σαν,
2238 3711 2330 3764 καὶ
2363 3714 2612 3762 οτυπεῖον
2632 3712 2698 3774 ⁷³,
2727 3716 2822 3764 καὶ
2853 3711 3157 3783 κληματίδα
3189 3732 3202 3745 ·
3235 3718 3326 3770 καὶ
3365 3719 3598 3788 διεχεῖτο
3628 3725 3662 3792 ή

2085 3800 2214 3870 φλὸξ
2237 3802 2422 3854 ἐπάνω
2451 3800 2550 3869 τῆς
2575 3803 2807 3870 καμίνου
2842 3804 2937 3856 ἐπὶ¹
2979 3806 3170 3874 πήχεις
3208 3808 3364 3880 134
3391 3815 3664 3882 τεσσαρά-

2085 3909 2248 3945 κοντα
2279 3894 2454 3959 ἐννέα,
2483 3895 2578 3946 xal.
2606 3895 2890 3950 διώδευσεν
2919 3898 3011 3950 καὶ
3045 3899 3363 3970 ἐνεπύρισεν
3399 3901 3488 3966 οὓς
3524 3900 3664 3976 ηὖρι

2085 3999 2151 4033 πε
2162 3982 2214 4052 pl
2236 3983 2334 4052 τὴν
2364 3983 2407 4013 ⁷⁸
2434 3986 2662 4053 κάμινον
2682 3985 2786 4038 τῶν
2813 3987 3117 4043 Χαλδαίων.
3158 3988 3214 4042 '0
3237 3990 3292 4044 δέ
3313 3991 3544 4060 ἄγγελος
3561 3995 3664 4049 τοῦ

2085 4074 2290 4144 Κυρίου
2317 4077 2625 4146 συγκατέϐη
2647 4077 2761 4145 ἅμα
2781 4081 2890 4141 τοῖς
2919 4080 3045 4150 περὶ
3062 4078 3152 4132 τδν
3185 4079 3442 4152 Ἀζαρίαν
3457 4084 3540 4145 είς
3559 4085 3665 4155 τὴν

2085 4166 2336 4236 κάμινον,
2370 4169 2461 4220 καὶ
2493 4168 2798 4234 ἐξετίναξεν
2826 4173 2921 4241 τὴν
2944 4173 3118 4240 φλόγα
3150 4174 3245 4227 τοῦ
3277 4176 3444 4245 πυρὸς
3471 4178 3535 4228 ἐκ
3560 4178 3668 4247 τῆς

2087 4258 2340 4327 καμίνου,
2396 4258 2490 4310 καὶ
2543 4261 2797 4331 ἐποίησεν
2844 4263 2904 4315 τὺ
2952 4263 3116 4332 μέσον
3165 4265 3266 4336 τῆς
3306 4269 3537 4336 καμίνου
3587 4270 3669 4333 ὡς

395 4375 586 4428 neque
615 4358 977 4419 contristavit,
1015 4373 1112 4409 nec
1152 4323 1444 4425 quidquam
1483 4354 1744 4408 molestia:
1779 4352 1978 4406 intulit.

2088 4323 2304 4420 πνεῦμα
2349 4350 2544 4421 δρόσου
2603 4323 3073 4422 δια.συ’ρίζον.’Καὶ
3124 4323 3436 4428 ούχνῆψατο
3481 4323 3670 4414 αὐτῶν

405 4446 649 4502 Tunc-.hi
673 4455 793 4501 (tres
819 4445 971 4515 quasi
1000 4459 1066 4498 ex
1098 4460 1206 4498 uno
1245 4459 1338 4498 ore
1366 4443 1656 4496 laudabant
1681 4449 1734 4494 et
1773 4439 1979 4510 glorifi-

407 4538 624 4604 cahant,
647 4549 708 4591 et
735 4536 1132 4591 benedicebant
1165 4535 1332 4589 Deum
1366 4533 1419 4586 in
1452 4531 1665 4586 camino
1695 4531 1939 4584 dicentes
1967 4549 1978 4582 :

397 4649 434 4681 -ι
473 4628 802 4682 Benedictus
835 4642 912 4690 es,
951 4626 1175 4680 Domine
1215 4623 1357 4679 Deus
1396 4632 1607 4691 patrum
1649 4630 1982 4686 nostrorum,

408 4731 465 4776 ut
499 4719 784 4772 laudabilis
821 4727 876 4772 et
909 4717 1342 4786 supercxaltatus
1387 4714 1442 4768 in
1472 4713 1666 4767 szecula
1689 4753 1702 4776 ,
1737 4721 1792 4764 et
1819 4712 1990 4764 bene-

415 4812 622 4866 dictum
659 4825 861 4865 nomen
897 4823 1050 4865 tuum
1086 4819 1356 4869 sanctum,
1390 4819 1446 4862 et
1479 4805 1914 4876 superlaudabile
1938 4815 1992 4857 et

411 4903 875 4973 super-exaltatum
907 4904 960 4956 in
991 4900 1208 4956 Stimula.
1255 4899 1580 4979 Benedictus
1609 4915 1669 4953 es
1703 4898 1757 4952 in
1791 4897 1992 4966 templo

412 5005 614 5052 sancta:
642 4995 825 5064 gloriae
862 5003 1002 5058 tuae,
1051 5002 1104 5048 et
1139 4992 1589 5062 superlaudabilis
1628 4999 1683 5045 et
1712 4990 1992 5060 superglo-

405 5084 592 5139 .riosus
630 5084 682 5137 in
717 5083 932 5137 saecula.
971 5101 990 5132 ι
1028 5083 1093 5136 Et
1141 5093 1265 5151 post
1314 5096 1482 5152 pauca
1528 5099 1542 5136 :
1593 5099 1610 5130 ι
1653 5079 1985 5143 Benedicite,

413 5177 646 5238 Anania,
704 5175 895 5229 Azaria
946 5183 1001 5228 et
1066 5174 1284 5238 Misael,
1337 5173 1592 5236 Domino,
1659 5171 1876 5224 laudate
1934 5178 1989 5226 et

415 5265 814 5336 superexaltate
899 5280 1021 5319 cum
1099 5264 1152 5317 in
1226 5263 1462 5326 sarcula,
1535 5261 1662 5330 quia
1736 5259 1985 5313 liberavit

416 5372 518 5412 nos
563 5357 628 5409 de
689 5357 921 5416 inferno,
977 5365 1030 5407 et
1093 5356 1316 5408 salvavit
1371 5368 1469 5406 nos
1509 5352 1576 5405 de
1628 5365 1791 5406 manu
1837 5364 1983 5402 mor-

2090 4439 2318 4494 καθόλου
2344 4441 2404 4494 τὸ
2444 4441 2555 4512 πῦρ
2580 4458 2592 4472 ·
2619 4443 2713 4494 καὶ
2744 4444 2846 4496 οὐκ
2888 4445 3158 4516 ἐλύπησεν
3195 4449 3314 4502 ουδέ
3348 4449 3670 4522 ἠνώχλησεν

2092 4529 2310 4594 αὐτούς.
2342 4531 2476 4584 Τότε
2507 4533 2554 4584 οί
2589 4536 2735 4603 τρεῖς
2773 4535 2850 4596 ώς
2898 4535 2956 4600 ἐξ
2991 4537 3108 4600 ἐνὸς
3139 4539 3405 4608 στόματος
3434 4539 3669 4609 ὕμνουν,

2092 4623 2186 4676 καὶ
2224 4621 2490 4689 ἐδόξαζον.
2521 4627 2612 4678 καὶ
2635 4627 2890 4695 εύλόγουν
2926 4629 3017 4683 τὸν
3046 4629 3178 4684 Θεὸν
3221 4634 3280 4684 ἐν
3323 4637 3387 4703 τῇ
3423 4635 3668 4705 καμίνῳ,

2089 4712 2338 4780 λέγοντες
2364 4732 2380 4747 ο
2413 4735 2430 4765 ι
2467 4715 2770 4784 Εὐλογητὸς
2798 4715 2869 4782 εἶ,
2910 4721 3080 4792 Κύριε
3114 4725 3142 4774 ό
3172 4722 3302 4784 Θεὸς
3354 4723 3462 4776 τῶν
3497 4727 3675 4778 πατέ-

2091 4820 2199 4873 ρων
2235 4806 2414 4874 ήμῶν,
2450 4809 2542 4860 καὶ
2574 4809 2804 4872 αἱνετὺς,
2834 4812 2926 4863 καὶ
2961 4813 3403 4884 όπερυψούμενος
3431 4817 3513 4880 είς
3536 4819 3671 4881 τοὺς

2090 4899 2310 4964 αίῶνας,
2341 4901 2434 4953 καὶ
2467 4901 2830 4973 εύλογημένον
2862 4904 2922 4957 τδ
2945 4905 3116 4975 ὄνομα
3142 4924 3234 4959 σου
3264 4908 3326 4960 τὸ
3365 4909 3542 4977 ἅγιον,
3569 4910 3670 4963 καὶ

2093 4989 2495 5061 ὑπερύμνητον,
2551 4995 2642 5046 xal
2675 4995 3120 5066 ύπερυψούμενον
3162 4999 3240 5063 είς
3286 5001 3412 5064 τοὺς
3437 5000 3671 5064 αἰῶνας.

2099 5079 2478 5151 Εὐλογημένος
2505 5078 2556 5136 εἴ
2585 5085 2642 5137 ἐν
2680 5084 2758 5154 τῷ
2785 5087 2898 5154 ναῷ
2930 5090 3031 5157 τῆς
3054 5089 3217 5156 ἁγίας
3238 5090 3396 5161 δόξης
3429 5107 3547 5153 σου,
3571 5094 3675 5145 καὶ

2099 5171 2502 5242 ὑπερύμνητος,
2550 5177 2644 5228 καὶ
2691 5175 3045 5247 ὑπερένδοξος
3091 5181 3174 5243 είς
3201 5182 3326 5243 τοὺς
3373 5183 3597 5245 αἰῶνας.
3643 5204 3666 5235 ι

2095 5263 2204 5315 Καὶ
2241 5265 2377 5333 μετὰ
2420 5264 2657 5336 βραχέα·
2723 5287 2742 5320 ι
2800 5271 3100 5338 Εὑλογεῖτε,
3149 5274 3387 5338 Ἀνανία,
3436 5275 3678 5344 Ἀζαρία

2092 5354 2186 5406 καὶ
2223 5356 2460 5428 Μισαὴλ,
2513 5359 2604 5412 τὸν
2653 5360 2874 5430 Κύριον,
2913 5362 3129 5433 ὑμνεῖτε
3190 5366 3282 5416 καὶ
3324 5365 3678 5439 ὑπερυψοῦτε

1700 5507 1936 5564 VARUS
1971 5509 2376 5567 LECTIONES.

488 5628 531 5658 “
561 5625 680 5679 οὑδέ
723 5625 1058 5695 ἐποιήσαμεν
1086 5640 1194 5695 om.
1219 5625 1284 5695 Β.
1363 5627 1406 5657 ⁶’
1438 5626 1556 5678 οὐδὲ
1600 5625 1650 5680 θ.
1681 5629 1773 5680 καὶ
1805 5628 1854 5683 θ.
1901 5629 1958 5682 Ρ.

422 5695 466 5728 ⁷“
503 5695 767 5750 στυππίον
803 5692 863 5758 Ρ,
911 5692 1174 5748 «immo»
1219 5693 1282 5750 V.
1362 5695 1406 5727 ⁷³
1441 5695 1538 5766 τήν
1589 5711 1696 5750 om.
1727 5697 1785 5750 P.

2057 5630 2102 5659 "°
2131 5628 2488 5697 ἐμϐάλλοντες
2517 5630 2624 5686 PV.

2728 5635 2771 5666 “
2811 5633 2904 5687 τοῦ
2936 5633 3248 5694 Βαϐυλῶνος
3293 5634 3560 5705 βασιλέως
3605 5637 3679 5697 Ρ.
