3910 6336
191 375 314 441 345
1411 379 1664 439 CHRON
1673 378 1778 439 lCG

1889 381 2273 440 PASCHALE.
3362 380 3466 444 346

717 486 795 551 δ’,
854 493 924 552 ε’,
982 485 1068 551 ς’,
1126 484 1268 549 C'".

715 576 814 645 yC’
859 576 1186 646 Ὀλυμπιάς
1199 577 1264 631 ³¹.

274 671 435 725 Μετὰ
489 666 720 720 saeuas
776 666 1038 737 Μαροδὰχ
1093 666 1368 736 βασιλεύει
1429 667 1708 723 Χαλδαίων
1755 673 1779 720 ι

199 761 438 829 ἁδελφὸς
459 757 628 812 αὑτοῦ
661 757 950 826 Βαλτασὰρ
984 756 1080 827 ἐτη
1109 756 1174 812 δ’.
1334 757 1470 826 ὁμοῦ
1495 757 1676 827 grate.

845 949 918 1006 α’,
959 942 1026 1012 β’,
1068 940 1137 1010 γ’.

275 1031 532 1097 κ’ἐτος³³
567 1033 906 1104 προφητείας
954 1034 1215 1104 Ἰεζεκιὴλ
1251 1035 1345 1088 καὶ
1370 1033 1418 1086 λ’
1448 1034 1785 1105 προφητείας

209 1125 407 1196 Δανιὴλ
435 1127 494 1179 ὲν
519 1123 822 1179 Βαϐυλῶνι.

971 1217 1034 1270 δ’.

274 1305 572 1378 Βαλτάσαρ
609 1310 638 1361 6
685 1307 939 1377 βασιλεὺς
981 1306 1206 1376 ἐποίησε
1243 1307 1457 1360 δεῖπνον
1502 1308 1646 1379 μέγα
1673 1311 1784 1372 τοῖς

209 1398 534 1463 μεγιστᾶσιν
553 1397 599 1428 ³⁵
640 1396 808 1450 αὑτοῦ
836 1397 1063 1467 ἀνδράσι
1099 1415 1166 1468 ,a.
1224 1399 1529 1452 Κατέναντι
1558 1399 1666 1450 τῶν
1695 1416 1782 1468 χιο

203 1486 332 1538 λίων
366 1488 546 1540 πίνων
570 1486 876 1558 Βαλτάσαρ,
912 1484 1066 1541 εἶπεν
1096 1489 1153 1541 ὲν
1196 1491 1262 1558 τῇ
1298 1488 1482 1556 γεύσει
1513 1488 1606 1542 τοῦ
1642 1491 1783 1542 οῐνου

207 1576 515 1646 ἐξενεγκεῖν
540 1579 610 1630 τὰ
643 1580 814 1648 σκεύη
843 1580 911 1633 τὰ
935 1581 1112 1650 χρυσᾶ
1138 1583 1232 1634 καὶ⁵
1265 1581 1331 1634 τὰ
1365 1581 1605 1652 ἀργυρᾶ,
1629 1580 1665 1634 ἃ
1691 1581 1781 1645 ἐξ-

207 1669 408 1738 ήνεγκε
431 1668 909 1740 Ναϐουχοδονόσορ
945 1671 973 1722 6
1019 1671 1198 1741 πατὴρ
1229 1671 1394 1725 αὑτοῦ
1437 1673 1507 1747 ἐκ.
1525 1667 1621 1724 τοῦ
1653 1669 1782 1725 ναοῦ

205 1757 299 1810 τοῦ
331 1759 396 1811 ἐν
439 1759 820 1829 Ἰερουσαλὴμ,
866 1761 959 1812 καὶ
998 1761 1299 1814 πινέτωσαν
1331 1765 1387 1814 ὲν
1416 1763 1598 1824 αὐτοῖς
1622 1764 1649 1814 6
1684 1762 1781 1832 βα-

1813 494 1861 548 Α

2481 505 2557 552 ιν,
2584 507 2637 552 v,
2671 506 2744 554 vt,
2770 505 2866 543 vit.

2404 578 2491 632 XL
2503 577 2598 632 VII
2635 577 2940 647 Olympias.

1954 669 2084 723 Post
2119 666 2305 742 Evilad
2344 665 2665 728 Marodach,
2696 680 2860 733 super
2901 663 3182 719 Chaldaeos
3223 664 3464 734 regnavit

1888 759 2058 816 frater
2113 760 2234 828 ejus
2297 757 2542 812 Baltasar
2595 770 2770 810 annos
2823 771 2897 809 IV.
2945 754 3282 826 Colliguntur
3335 755 3463 808 anni

1889 861 2272 904 IVJIDCCCCIIX.

2545 956 2583 1001 ι,
2619 954 2679 1004 It,
2711 955 2790 994 tu.

1957 1031 2262 1100 Prophetia:
2307 1029 2628 1091 Ezechielis,
2675 1046 2741 1083 xx
2773 1044 2970 1094 annus,
3007 1036 3061 1082 et
3125 1045 3233 1082 xxx
3289 1043 3464 1084 annus

1885 1121 2187 1194 prophetiae
2221 1119 2458 1176 Danielis
2487 1119 2780 1189 Babylone.

2631 1227 2706 1265 ιν.

1958 1304 2199 1358 Baltasar
2230 1302 2359 1357 fecit
2388 1301 2592 1372 grande
2623 1299 2940 1355 convivium
2971 1298 3326 1368 optimatibus
3351 1299 3464 1354 suis

1886 1397 2053 1460 mille;
2085 1405 2140 1449 et
2169 1409 2352 1448 coram
2384 1392 2530 1446 mille
2552 1392 2746 1446 bibens
2776 1391 3040 1453 Baltasar,
3067 1389 3327 1459 praecepit
3351 1388 3462 1456 jam

1887 1487 2242 1548 temulentus,
2281 1494 2340 1538 ut
2389 1484 2719 1537 aﬂ'errentur
2747 1497 2878 1536 vasa
2917 1497 3082 1535 aurea
3119 1491 3176 1535 et
3209 1487 3462 1549 argentea

1884 1595 2005 1648 quae
2036 1587 2410 1647 asportaverat
2436 1585 2591 1645 pater
2629 1575 2749 1643 ejus
2776 1575 2844 1630 de
2885 1576 3084 1644 templo
3109 1573 3250 1642 quod
3277 1571 3378 1626 fuit
3409 1571 3460 1624 in

1882 1669 2208 1731 Jerusalem,
2238 1677 2297 1722 ut
2325 1668 2576 1722 biberent
2609 1667 2663 1718 in
2694 1667 2774 1720 eis
2796 1681 2886 1720 rex
2921 1673 2978 1719 et
3008 1665 3296 1733 Optimates
3324 1663 3460 1732 ejus,

1887 1775 2197 1828 uxoresque
2219 1760 2341 1828 ejus
2373 1767 2428 1812 et
2454 1756 2793 1811 concubinae.
2827 1757 2981 1810 Tunc
2999 1755 3155 1808 allata
3189 1761 3314 1808 sunt
3339 1767 3463 1806 vasa

207 1849 414 1912 σιλεῦς,
447 1851 548 1902 καὶ
589 1851 638 1902 οί
688 1853 1012 1920 μεγιστᾶνες
1055 1850 1239 1913 αὑτοῦ,
1271 1852 1367 1904 καὶ
1409 1855 1464 1905 at
1509 1851 1778 1907 παλλακαὶ

1889 1867 2005 1920 qua:
2036 1857 2414 1919 asportaverat
2444 1847 2510 1899 de
2535 1845 2758 1915 templo,
2782 1845 2926 1914 quod
2955 1844 3128 1898 fuerat
3156 1843 3210 1895 in
3245 1841 3463 1896 Jerusa-

205 1934 403 1998 αὑτοῦ,
436 1937 532 1988 καὶ
563 1937 619 1989 al
653 1939 978 2007 παράκοποι
1012 1938 1346 1992 αὑτοῦ.-Κα“ι
1372 1940 1678 2010 ἠνέχθησαν
1714 1943 1783 1995 τὰ

205 2026 376 2096 σκεύη
411 2026 480 2080 τὰ
509 2031 690 2097 χρυσᾶ
712 2028 808 2080 καὶ
832 2027 899 2082 τὰ
924 2029 1163 2099 ἀργυρᾶ,
1202 2029 1238 2084 ἃ
1269 2032 1560 2101 ἐξήνεγκεν
1599 2035 1663 2084 ἐκ
1687 2032 1780 2086 τοῦ

207 2117 333 2170 ναοῦ
363 2117 463 2170 τοῦ
495 2118 634 2170 Θεοῦ
655 2120 700 2158 ³⁸
727 2118 820 2172 τοῦ
854 2120 912 2173 ὲν
957 2119 1336 2191 Ἰερουσαλήμ.
1375 2122 1482 2174 Ka‘t
1515 2121 1696 2174 ἔπινον
1725 2123 1783 2174 έν

204 2210 390 2272 αὐτοῖς
432 2211 461 2261 6
508 2209 782 2278 βασιλεὺς,
812 2212 907 2262 καὶ
928 2212 980 2261 ot
1018 2213 1342 2279 μεγιστᾶνες
1372 2211 1568 2276 αὐτοῦ,
1605 2212 1699 2264 καὶ
1727 2213 1781 2264 αί

207 2302 486 2354 παλλακαὶ
510 2299 697 2366 αὐτοῦ,
725 2303 818 2353 καὶ
850 2303 906 2354 at
941 2302 1260 2372 παράκοιτοι
1289 2301 1454 2354 αὑτοῦ
1486 2302 1670 2356 ἔπινον
1710 2298 1785 2357 οῖ-

205 2407 313 2456 νον,
346 2391 445 2444 καὶ
491 2393 694 2462 ᾔνεσαν
733 2393 860 2455 τοὺς
893 2391 1048 2455 θεοὺς
1093 2394 1216 2455 τοὺς
1261 2392 1515 2463 χρυσοῦς,
1555 2394 1650 2447 καὶ
1691 2394 1790 2465 ἀρ-

203 2483 428 2553 γυροῦς,
480 2486 578 2537 καὶ
615 2485 848 2554 χαλκοῦς
873 2525 888 2548 ,
927 2485 1020 2537 καὶ
1066 2484 1338 2554 σιδηροῦς,
1387 2485 1482 2539 καὶ
1525 2484 1788 2549 ξυλίνους,

203 2577 296 2626 καὶ
323 2572 586 2638 λιθίνους,
616 2573 711 2626 καὶ
739 2573 830 2627 τὸν
851 2573 983 2627 Θεὸν
1007 2573 1103 2626 τοῦ
1125 2574 1320 2637 αἰῶνος
1351 2575 1451 2626 ούκ
1485 2573 1788 2643 εὐλόγησαν

200 2664 292 2715 τὸν
319 2664 521 2733 ἔχοντα
563 2664 662 2734 τὴν
697 2663 947 2728 ἐξουσίαν
977 2649 1069 2717 τοῦ
1109 2664 1417 2734 πνεύματος
1443 2664 1639 2717 αὐτῶν.
1695 2665 1782 2716 Ἐν

198 2755 340 2826 αὑτῇ
383 2757 450 2825 τῇ
483 2755 606 2827 ὥρᾳ
647 2755 870 2827 ἐξῆλθον
904 2756 1156 2812 δάκτυλοι
1205 2755 1442 2826 χειρδς³⁶
1471 2755 1777 2827 ἀνθρώπου,

201 2845 297 2896 καὶ
347 2846 598 2916 ἔγραφον
639 2846 928 2900 κατέναντι
973 2847 1072 2916 τῆς
1109 2846 1390 2916 λαμπάδος
1437 2845 1529 2898 ἐπὶ
1560 2846 1654 2899 τοῦ
1691 2863 1780 2898 κο-

200 2931 466 2997 νιάματος
503 2934 600 2988 τοῦ
631 2937 812 3007 τοίχου
852 2935 948 2989 τοῦ
981 2936 1132 2989 οἴκου
1162 2935 1255 2989 τοῦ
1289 2936 1577 3006 βασιλέως.
1609 2937 1722 2990 Καὶ
1753 2937 1782 2990 6

1884 1942 1988 1996 lem
2018 1960 2030 1994 :
2059 1949 2116 1996 et
2155 1939 2412 1992 biberunt
2447 1936 2502 1990 in
2533 1935 2612 1989 eis
2641 1951 2732 1988 rex
2763 1941 2818 1988 et
2847 1934 3132 2002 Optimatcs
3153 1932 3294 2001 ejus,
3331 1947 3466 1986 uxo-

1885 2049 1972 2088 res
1995 2041 2052 2086 et
2081 2030 2401 2085 concubinae
2434 2028 2574 2097 ejus.
2624 2027 2892 2082 Bibehant
2928 2027 3114 2080 vinum
3134 2065 3148 2089 ,
3180 2034 3236 2080 et
3277 2025 3466 2079 lauda-

1890 2125 2024 2177 bant
2053 2122 2184 2176 deos
2217 2135 2348 2174 suos
2375 2134 2572 2173 aureos
2600 2128 2656 2172 et
2687 2127 2994 2186 argenteos,
3017 2131 3207 2179 aareos,
3239 2115 3464 2181 ferreos,

1887 2213 2204 2284 ligneosque
2231 2219 2287 2264 et
2319 2209 2584 2278 lapideos,
2619 2219 2676 2263 et
2705 2225 2815 2262 non
2853 2207 3148 2261 laudabant
3177 2207 3342 2260 Deum
3365 2220 3467 2260 sa:-

1889 2302 1996 2357 euli
2027 2304 2117 2370 qui
2148 2300 2308 2354 habet
2343 2305 2668 2368 potestatem
2701 2298 2924 2367 spiritus
2955 2311 3161 2350 eorum.
3191 2295 3248 2349 ln
3277 2295 3464 2348 eadem

1889 2396 2022 2450 hora
2077 2389 2698 2464 apparuerunt-digiti,
2767 2389 2921 2458 quasi
2973 2403 3167 2442 manus
3221 2385 3462 2440 hominis

1887 2485 2178 2543 scribentis
2217 2493 2408 2539 contra
2456 2481 2839 2536 candelabrum
2874 2481 2926 2533 in
2961 2478 3248 2555 superficie
3289 2475 3466 2546 parie-

1888 2577 1956 2632 tis
1987 2575 2124 2630 aula:
2170 2573 2350 2642 regiae.
2384 2572 2451 2625 Et
2483 2585 2576 2624 rex
2626 2567 2929 2638 aspiciebat
2973 2567 3229 2621 articulos
3271 2580 3467 2619 manus

1887 2665 2198 2722 scribentis.
2238 2663 2392 2718 Tunc
2425 2662 2592 2716 facies
2623 2661 2768 2729 regis
2795 2667 3124 2714 commutata
3156 2665 3258 2722 est,
3295 2665 3350 2710 et
3373 2671 3466 2711 co-

1888 2759 2177 2830 gitationes
2189 2755 2309 2824 ejus
2322 2753 2721 2808 conturbabant
2736 2766 2859 2805 eum
2877 2769 2888 2804 :
2903 2759 2956 2804 et
2972 2763 3260 2818 compages
3273 2762 3464 2802 renum

1887 2845 2009 2915 ejus
2035 2843 2408 2908 solvebantur,
2437 2851 2492 2896 et
2531 2855 2703 2912 genua
2731 2841 2852 2910 ejus
2882 2839 2956 2895 ad
3001 2853 3058 2894 se
3094 2837 3323 2892 invicem
3354 2835 3466 2892 col-

1887 2934 2216 2990 lidebantur.

199 3024 458 3092 βασιλεὺς
491 3027 718 3099 ἐθεώρει
779 3031 906 3092 τοὺς
944 3029 1323 3100 ἀστραγάλους
1355 3031 1452 3101 τῆς
1483 3032 1666 3103 χειρὸς
1705 3033 1801 3102 τῆς
1836 3030 2175 3101 γραφούσης.
2205 3029 2340 3080 Τότε
2387 3025 2480 3081 τοῦ
2542 3024 2808 3092 βασιλέως
2851 3027 2882 3094 ὴ
2933 3025 3114 3096 μορφὴ
3174 3020 3462 3094 ἠλλοιώθη.

201 3117 296 3168 καὶ
321 3121 370 3170 οἱ
401 3119 746 3190 διαλογισμοὶ
777 3121 935 3191 1.39
963 3122 1127 3176 αὐτοῦ
1158 3123 1560 3194 συνετάρασσον
1590 3124 1775 3187 αὑτὸν,
1810 3123 1905 3177 καὶ
1961 3123 2011 3175 οι
2059 3120 2252 3190 δεσμοὶ
2297 3119 2398 3188 τῆς
2438 3119 2637 3186 ὀσφύος
2681 3117 2846 3172 αὑτοῦ
2880 3117 3187 3181 διελύοντο,
3242 3116 3334 3168 καί¹
3395 3114 3465 3166 τὰ

199 3209 404 3279 γόνατα
434 3210 605 3263 αὐτοῦ
635 3213 1047 3284 συνεκρούοντο.

273 3301 385 3354 Καὶ
430 3300 662 3368 ἐϐόησεν
691 3305 719 3354 6
749 3301 1002 3372 βασιλεὺς
1044 3306 1101 3358 ὲν
1139 3306 1286 3376 ίσχύῖ
1321 3306 1414 3360 τοῦ
1465 3309 1778 3375 εἰσαγαγεῖν

1957 3299 2286 3355 Exclamavit
2326 3297 2505 3365 itaque
2544 3311 2636 3349 rex
2681 3295 2916 3359 fortiter,
2956 3304 3014 3348 ut
3053 3294 3464 3354 introducerent

207 3393 455 3462 μάγους,
500 3393 836 3460 Χαλδαίους,
883 3395 1264 3468 Γαζαρηνούς·
1313 3399 1406 3451 καὶ
1449 3397 1723 3469 ἀπεκρίθη
1753 3401 1782 3451 6

207 3484 460 3555 βασιλεὺς
502 3485 597 3537 καὶ
629 3480 754 3538 εἷπε
791 3489 902 3550 τοῖς
934 3491 1119 3556 σοφοῖς
1151 3488 1500 3552 Βαϐυλῶνος·
1536 3508 1557 3542 ι
1591 3493 1686 3553 Ὃς
1715 3493 1781 3544 ἂν

203 3574 422 3644 ἀναγνῷ
445 3573 545 3645 τὴν
568 3575 786 3646 γραφὴν
811 3577 1135 3647 ταύτην,καὶ
1169 3580 1266 3650 τὴν
1299 3581 1583 3651 σύγκρισιν
1611 3581 1781 3652 αὐτῆς

205 3667 451 3737 γνωρίσῃ
485 3684 598 3736 μοι,
632 3669 920 3739 πορφύραν
950 3670 1264 3736 ἐνδύσεται,
1306 3673 1400 3726 καὶ
1432 3676 1459 3726 6
1485 3669 1781 3744 μανιάκης

205 3760 234 3809 ὁ
263 3757 500 3827 χρυσοῦς
529 3759 622 3811 ἐπὶ
652 3759 744 3811 τὸν
773 3760 1044 3831 τράχηλον
1067 3762 1254 3826 αὐτοῦ,
1287 3765 1378 3817 καὶ
1405 3765 1586 3836 τρίτος
1625 3769 1684 3819 ὲν
1712 3769 1777 3838 τῇ

209 3849 459 3920 βασιλείᾳ
503 3867 607 3919 μου
641 3851 818 3920 ἄρξει.
860 3871 878 3903 ι
915 3853 1025 3907 Καὶ
1053 3856 1460 3926 εἰσεπορεύοντο
1503 3859 1701 3922 πάντες
1730 3861 1779 3912 οί

209 3943 363 4007 σοφοὶ
398 3939 492 3991 τοῦ
537 3939 820 4008 βασιλέως.
870 3943 960 3996 καὶ
1009 3945 1108 3997 ούκ
1148 3945 1406 4014 ἠδύναντο
1439 3947 1537 4018 τὴν
1563 3949 1780 4020 γραφὴν

205 4031 544 4097 ἀναγνῶναι,
568 4031 689 4084 οὐδὲ
708 4031 806 4099 τὴν
841 4032 1128 4104 σύγκρισιν
1157 4034 1234 4104 τῷ
1266 4035 1474 4105 βασιλεῖ
1496 4039 1775 4108 γνωρίσαι.

207 4123 316 4174 Καὶ
357 4125 390 4174 6
432 4122 686 4190 βασιλεὺς
721 4123 1010 4190 Βαλτάσαρ
1035 4127 1333 4197 ἐταράχθη,
1378 4129 1470 4180 καὶ
1514 4131 1546 4197 ἡ
1599 4131 1779 4200 μορφὴ

206 4211 378 4262 αὑτοῦ
411 4211 674 4281 ἠλλοιώθη
705 4213 791 4264 ἐπ’
826 4211 996 4282 αύτῷ,
1030 4216 1124 4266 καὶ
1165 4217 1213 4266 oi
1258 4219 1584 4285 μεγιστᾶνες
1613 4217 1778 4271 αὐτοῦ

209 4305 699 4372 συνεταράσσοντο.
733 4305 843 4356 Καὶ
880 4307 914 4376 ἡ
955 4305 1242 4375 βασίλισσα
1282 4309 1529 4378 εἰσῆλθεν
1571 4310 1652 4372 είς
1689 4309 1779 4362 τὸν

203 4390 356 4448 οἷκον
393 4394 486 4446 τοῦ
518 4395 702 4459 πότου,
738 4397 832 4448 καὶ
870 4383 1146 4467 ἀπεκρίθη
1191 4399 1224 4466 ἠ
1271 4397 1554 4466 βασίλισσα
1585 4401 1678 4453 καὶ
1712 4396 1781 4453 εί-

205 4503 339 4539 πεν·
391 4505 410 4536 ι
445 4485 677 4538 Βασιλεῦ
694 4488 761 4549 ³⁷,
791 4489 871 4550 είς
899 4489 1025 4561 τοὺς
1053 4488 1254 4550 αἰῶνας
1281 4488 1435 4558 ζῆθι·
1469 4490 1542 4561 μὴ
1570 4507 1774 4561 rapac-

205 4578 458 4630 σέτωσάν
489 4594 546 4630 σε
575 4580 624 4631 oi
649 4578 990 4648 διαλογισμοί
1016 4596 1134 4639 σου,
1169 4580 1263 4632 καὶ
1297 4581 1328 4650 η
1369 4583 1549 4651 μορφή
1581 4599 1673 4633 σου
1705 4583 1778 4652 μὴ

201 4669 560 4722 ἀλλοιοῦσθαι).
601 4671 792 4722 Ἔστιν
832 4671 973 4739 ἀνὴρ
1019 4670 1080 4723 ὲν
1120 4673 1186 4742 τῇ
1235 4670 1480 4742 βασιλείᾳ
1507 4688 1621 4734 σου,
1651 4672 1709 4724 ὲν
1737 4667 1780 4740 ᾧ

205 4759 442 4829 Πνεῦμα
472 4759 608 4813 Θεοῦ
637 4761 814 4834 ἅγιον,
836 4763 932 4816 καὶ
954 4763 1012 4814 ὲν
1032 4763 1152 4824 ταῖς
1177 4763 1414 4832 ἡμέραις
1443 4762 1536 4816 τοῦ
1573 4766 1778 4834 πατρὸς

201 4867 300 4904 σου
335 4852 677 4921 γρηγόρησις
714 4852 808 4906 καὶ
839 4852 1056 4915 σύνεσις
1086 4853 1294 4924 ηὑρέθη
1320 4857 1377 4906 ὲν
1407 4855 1556 4922 αύτῷ
1577 4871 1588 4884 ·
1626 4858 1718 4908 καὶ
1751 4857 1780 4908 6

203 4942 461 5011 βασιλεὺς
519 4942 990 5014 Ναϐουχοδονόσορ
1053 4946 1081 4996 ὁ
1141 4947 1322 5015 πατήρ
1395 4959 1490 4996 σου
1542 4945 1778 5014 ἄρχοντα

201 5032 471 5086 itam-5413‘:
491 5034 557 5095 ⁸⁵,
585 5033 802 5103 μάγων,
819 5033 1124 5099 Χαλδαίων,
1145 5035 1479 5106 Γαζαρηνῶν
1509 5037 1776 5108 κατέστης

205 5143 294 5178 σεν
327 5125 514 5188 αὑτὸν,
543 5127 627 5192 ὅτι
659 5125 879 5196 πνεῦμα
925 5125 1185 5196 περισσὸν
1212 5128 1270 5179 ὲν
1301 5126 1450 5195 αύτῷ
1473 5169 1487 5194 ,
1519 5128 1612 5179 καὶ
1645 5128 1776 5198 φρό-

201 5233 388 5283 νησις,
429 5216 524 5268 καὶ
569 5215 804 5284 σύνεσις,
851 5219 1156 5286 συγκρίνων
1193 5219 1443 5281 ἐνύπνια,
1483 5220 1576 5272 καὶ
1609 5221 1777 5288 ἀναγ-

199 5307 414 5376 γέλλων
439 5306 816 5379 κρυπτόμενα,
848 5309 942 5360 καὶ
984 5309 1125 5364 λύων
1157 5311 1511 5382 συνδέσμους,
1552 5313 1774 5382 Δανιὴλ,

1884 3407 2087 3463 magos,
2125 3389 2406 3444 Chaldaeos
2444 3395 2500 3441 et
2543 3386 2838 3455 aruSpices.
2881 3385 2944 3440 Et
2981 3385 3310 3454 proloquens
3348 3403 3460 3454 rex,

1881 3484 1958 3538 ait
1983 3481 2316 3551 sapientibus
2345 3477 2631 3549 Babylonis
2661 3495 2674 3531 :
2712 3498 2728 3529 ι
2763 3478 3084 3545 Quicunque
3113 3477 3302 3548 legerit
3325 3479 3462 3533 scri-

1883 3584 2094 3646 pturam
2134 3573 2294 3635 hanc,
2331 3580 2385 3626 et
2424 3569 2930 3640 interpretationem
2968 3569 3087 3639 ejus
3121 3569 3462 3626 manifestam

1882 3669 2014 3722 mihi
2048 3665 2262 3728 fecerit,
2297 3679 2535 3734 purpura
2565 3663 2851 3727 vestietur,
2880 3669 2935 3716 et
2965 3672 3209 3731 torquem
3239 3677 3464 3718 auream

1883 3757 2107 3812 habebit
2131 3756 2186 3809 in
2210 3755 2370 3820 collo,
2395 3761 2451 3808 et
2478 3755 2670 3808 tertius
2696 3753 2747 3806 in
2775 3768 2942 3822 regno
2966 3767 3087 3806 meo
3111 3752 3232 3806 erit.
3266 3771 3284 3803 ι
3311 3751 3464 3807 Tunc

1883 3848 2107 3918 ingressi
2149 3861 2338 3900 omnes
2375 3845 2651 3914 sapientes
2695 3843 2836 3914 regis
2878 3859 2987 3896 non
3031 3852 3326 3912 potuerunt
3363 3858 3464 3897 nec

1882 3939 2202 4008 scripturam
2237 3937 2445 4007 legere,
2485 3952 2586 3990 nec
2629 3937 3131 4006 interpretationem
3167 3937 3286 4004 ejus
3321 3937 3464 3991 indi—

1882 4045 2006 4085 care
2041 4030 2172 4100 regi.
2208 4030 2364 4086 Unde
2401 4045 2494 4083 rex
2529 4030 2769 4083 Baltasar
2804 4029 2934 4084 satis
2967 4030 3320 4083 conturbatus
3351 4039 3461 4094 est,

1881 4132 1936 4176 et
1957 4123 2136 4176 vultus
2162 4122 2305 4175 illius
2331 4122 2651 4175 immutatus
2678 4130 2762 4174 est
2790 4140 2802 4174 :
2834 4120 2926 4174 sed
2954 4131 3008 4174 et
3033 4121 3320 4189 optimates
3343 4121 3464 4190 ejus

1882 4211 2256 4266 turbabantur.
2302 4210 2506 4277 Regina
2554 4219 2734 4263 autem
2784 4224 2882 4279 pro
2927 4227 2983 4264 re
3028 4226 3148 4279 quae
3195 4211 3465 4266 acciderat

1881 4299 1992 4368 regi
2028 4307 2083 4352 et
2117 4297 2467 4367 optimatibus
2505 4298 2653 4367 ejus,
2692 4297 2912 4351 domum
2951 4299 3184 4354 convivii
3223 4299 3462 4369 ingressa

1881 4399 1992 4454 est;
2019 4398 2071 4444 et
2097 4389 2424 4459 proloquens
2449 4390 2524 4443 ait
2548 4408 2560 4444 :
2591 4408 2608 4439 ι
2639 4388 2774 4454 Rex,
2800 4389 2852 4442 in
2879 4400 3141 4444 mternnm
3167 4391 3285 4444 vive
3313 4409 3324 4443 :
3354 4407 3460 4444 non

1882 4492 1934 4538 te
1961 4483 2290 4536 conturbent
2316 4481 2670 4551 cogitationes
2700 4490 2821 4544 luat,
2847 4498 3025 4551 neque.
3051 4482 3216 4536 facies
3244 4493 3332 4536 tua
3361 4483 3464 4535 int-

1885 4581 2144 4627 mutetur.
2173 4574 2265 4626 Est
2297 4573 2377 4626 vir
2407 4573 2458 4625 in
2493 4588 2658 4643 regno
2689 4581 2802 4636 tuo,
2831 4573 2921 4642 qui
2954 4572 3204 4642 spiritum
3236 4573 3462 4627 deorum

1886 4673 2194 4720 sanctorum
2221 4665 2384 4719 habet
2407 4665 2460 4718 in
2485 4681 2543 4718 se
2572 4684 2584 4719 :
2610 4675 2665 4720 et
2689 4666 2744 4719 in
2769 4667 2962 4720 diebus
2987 4665 3156 4736 patris
3173 4646 3259 4720 tui
3283 4666 3463 4720 scien-

1888 4757 1959 4810 tia
1987 4769 2041 4812 ct
2069 4758 2332 4826 sapientia
2365 4757 2601 4811 inventae
2628 4767 2755 4810 sunt
2786 4758 2838 4811 in
2871 4773 2954 4812 eo.
2985 4757 3122 4811 Nam
3150 4767 3204 4812 et
3230 4773 3320 4811 rex
3349 4757 3463 4813 Na-

1883 4850 2298 4904 buchodonosor
2333 4860 2486 4920 pater
2527 4860 2652 4905 tuus
2696 4852 2995 4921 principem
3038 4867 3338 4924 magorum,
3376 4850 3464 4905 in-

1882 4951 2255 5006 cantatorum,
2293 4940 2700 5006 Chaldaeorum,
2749 4951 2804 4995 et
2839 4943 3148 5012 aruspicum
3182 4943 3464 4998 constituit

1883 5049 2042 5100 cum;
2075 5043 2248 5103 pater,
2279 5034 2520 5103 inquam,
2554 5043 2698 5098 tuus,
2730 5049 2762 5088 ο
2795 5050 2910 5100 rex,
2940 5035 3063 5104 quia
3086 5035 3309 5105 spiritus
3343 5052 3461 5090 am-

1879 5127 2016 5197 plior
2049 5136 2104 5181 et
2137 5127 2455 5197 prudentia,
2495 5127 2963 5198 intelligentiaque
2997 5137 3052 5182 et
3087 5128 3462 5197 interpretatio

1881 5219 2238 5284 somniorum.
2267 5229 2322 5274 et
2349 5219 2594 5276 ostensio
2622 5231 2979 5288 secretorum,
3007 5237 3070 5276 ac
3098 5222 3296 5278 solutio
3327 5222 3460 5292 liga-

1888 5319 2062 5366 torum
2102 5311 2337 5368 inventae
2372 5322 2499 5370 sunt
2534 5313 2588 5368 in
2625 5330 2711 5377 eo,
2753 5315 2856 5370 hoc
2890 5327 2973 5370 est
3005 5316 3057 5370 in
3098 5316 3336 5381 Daniele,
3373 5314 3461 5370 cui

1480 5489 1716 5546 VARUS
1756 5491 2165 5551 LECTIONES.

303 5645 390 5722 ξδ’
414 5675 482 5686 —
513 5645 556 5709 ζ’
589 5657 717 5722 ante
770 5653 869 5716 μς¹
905 5644 1214 5722 Ὀλυμπιὰς
1241 5643 1600 5722 ponunt‘ltY,
1657 5647 1993 5722 transposuit
2029 5647 2092 5722 P_,
2140 5659 2328 5722 secuta
2387 5663 2460 5722 In.
2499 5649 2564 5714 ft,
2589 5652 2678 5717 qui
2714 5652 3018 5720 Ὀλυμπιὰς
3050 5651 3170 5722 pg’,
3204 5650 3263 5713 ε’,
3300 5647 3374 5722 ς’,
3406 5651 3472 5712 ζ’,

199 5723 276 5786 η’,
303 5718 350 5770 θ’
387 5733 400 5774 :
434 5732 573 5784 quas
596 5714 809 5772 lilteras
829 5719 977 5786 ponit
1006 5714 1170 5771 etiam
1204 5714 1277 5786 ut.
1310 5715 1368 5769 Ρ.
1407 5717 1486 5786 7“
1516 5716 1892 5785 αἰχμαλωσίας
1931 5717 1982 5781 ι’,
2016 5716 2108 5778 ια’,
2139 5714 2225 5785 ιβ’,
2257 5717 2347 5784 ιγ’,
2381 5718 2463 5782 ιδ’,
2498 5736 2570 5774 tu.
2599 5714 2656 5777 Ρ.
2728 5725 2771 5753 ³³
2797 5714 3126 5783 κ”ἔτοςνοῖιιξ
3158 5714 3222 5774 Ρ.
3305 5721 3351 5750 ³⁵
3381 5738 3474 5784 με·

2341 5789 2436 5820 ³79

199 5767 476 5854 ἐπίστασιν
505 5819 570 5829 -
595 5767 936 5859 μεγαστᾶνες
970 5786 1034 5840 R.
1109 5786 1154 5818 ⁸⁵
1179 5784 1270 5839 τοῦ
1291 5785 1450 5840 Θεοῦ.
1483 5767 1704 5842 Θεοῖίδ.
1777 5787 1819 5816 ³⁵
1845 5767 2024 5859 χὲιρὶς
2060 5767 2173 5843 om:
2203 5786 2263 5840 Ρ.
2291 5767 2300 5784 ’
2334 5767 2381 5820 ³⁷
2411 5767 2630 5858 βασιλεῦ
2675 5810 2782 5847 oni.
2815 5791 2876 5847 Ρ.
2951 5767 2994 5823 ἦ
3020 5793 3109 5844 ἐπ’
3139 5789 3332 5845 ἁοςδῶν
3362 5767 3471 5845 ι”γς
