3910 6336
427 364 546 428 ’323

1618 361 2063 424 CHRONICON
2118 366 2527 428 PASCIIALE.

3600 372 3707 437 3Ξὶ

441 474 620 546 pulvis
693 470 762 526 a'b
811 486 935 527 area
986 470 1214 539 aestiva,
1255 480 1312 527 et
1363 471 1559 527 extulit
1617 488 1683 528 ea
1737 476 2020 532 multitude

2132 477 2385 547 σιδηροῦς
2422 478 2517 532 καὶ
2548 477 2923 549 όστρακίνους,
2945 479 3045 533 ’καὶ
3080 479 3369 534 ὲλέπτυνεν
3404 484 3598 547 αὐτοὺς
3626 489 3710 547 είς

440 565 614 631 venti,
647 570 703 618 et
747 563 898 617 locus
936 578 1044 617 non
1092 570 1178 618 est
1219 562 1477 617 inventus
1509 563 1634 618 illis.
1665 564 1733 619 Et
1765 565 1900 635 lapis
1926 569 2019 636 qui

440 652 714 724 percussit
743 651 1029 723 imaginem
1074 653 1250 707 factus
1278 661 1361 707 est
1406 652 1461 705 in
1486 662 1723 708 montem
1765 670 2019 726 magnum

442 756 500 802 et
527 745 774 816 implevit
820 759 1038 800 omnem
1087 751 1309 799 terram.
1347 744 1463 799 Hoc
1486 754 1575 800 est
1620 747 1930 816 somnium;
1967 760 2022 805 et

442 838 815 908 conjecturam
843 837 962 905 ejus
991 835 1237 891 dicemus
1266 851 1452 891 coram
1478 852 1630 907 rege.

2128 568 2300 631 τέλος.
2356 570 2492 621 Τότε
2540 569 2946 639 ὲλεπτύνθησαν
2995 572 3075 635 εἰς
3103 571 3253 636 ἅπαξ
3276 574 3339 626 τὸ
3368 573 3657 643 ὄστρακον,
3678 576 3711 628 6

2130 658 2375 729 σίδηρος·
2401 660 2429 712 6
2451 659 2670 729 χαλκὸς,
2694 662 2722 713 6
2750 659 3008 731 ἄργυρος,
3025 663 3053 714 6
3078 663 3298 733 χρυσὸς,
3331 664 3426 717 καὶ
3457 663 3712 733 ἐγένοντο

2127 752 2174 783 ⁷³
2220 752 2351 804 ὡσεὶ
2384 752 2660 823 κονιορτὸς
2692 754 2800 805 ἀπὸ
2848 754 3055 818 ἅλωνος
3084 756 3327 826 θερινῆς,
3365 759 3459 810 καὶ
3489 758 3714 829 ἐστήρι-

2130 840 2219 906 ξεν
2245 844 2293 875 ’δ
2319 845 2456 898 αὐτὰ
2482 845 2544 897 τὸ
2575 844 2781 915 πλῆθος
2810 845 2904 899 τοῦ
2934 848 3266 918 πνεύματος,
3300 850 3394 917 καὶ
3420 851 3586 914 τόπος
3608 851 3713 921 οὐχ

442 930 656 1002 ηὑρέθη
715 930 921 993 αὐτοῖς,
966 929 1059 981 καὶ
1091 930 1119 982 6
1158 927 1304 992 λίθος
1348 930 1376 982 6
1422 929 1666 993 πατάξας
1711 928 1809 1000 τὴν
1839 923 2030 984 ἐἰκόνα
2088 935 2319 1006 ἐγενήθη
2361 934 2445 999 είς
2492 936 2617 1007 ὅρος
2666 937 2829 1007 μέγα,
2882 938 2977 991 κα)⁸
3018 940 3340 1012 ἐπλήρωσεν
3396 943 3577 997 πᾶσαν
3608 940 3715 1014 τὴν

441 1025 565 1094 γῆν.
622 1021 793 1076 Τοῦτό
842 1023 990 1074 ἐστιν
1037 1020 1098 1072 τὸ
1148 1020 1399 1075 ἐνύπνιον
1429 1036 1443 1051 ⁸
1478 1022 1573 1075 καὶ
1597 1023 1697 1093 τὴν
1724 1021 2014 1093 σύγκρισιν
2044 1025 2207 1078 αὑτοῦ
2238 1027 2471 1096 ἐροῦμεν
2502 1027 2730 1081 ἐνώπιον
2756 1028 2849 1083 τοῦ
2877 1018 3161 1100 βασιλέως.

512 1115 618 1181 Tu,
652 1129 770 1181 rex,
803 1129 897 1168 rex
930 1130 1142 1183 regum,
1176 1113 1263 1168 cui
1288 1114 1432 1167 Deus
1460 1114 1582 1168 cceli
1606 1129 1828 1184 regnum
1860 1114 2045 1180 forte,.

439 1214 496 1261 et
528 1206 762 1261 validum
795 1214 851 1260 et
880 1206 1176 1277 gloriosum
1208 1204 1359 1259 dedit
1388 1204 1445 1258 in
1474 1205 1624 1259 omni
1652 1205 1794 1272 loco,
1827 1205 1882 1258 in
1913 1220 2022 1274 quo

440 1300 690 1356 habitant
727 1299 820 1353 ﬁlii
857 1298 1156 1365 hominum,
1191 1298 1500 1367 bestiasque
1530 1297 1667 1368 agri,
1704 1305 1761 1351 et
1784 1296 2023 1352 volatilia

427 1393 563 1448 coeli
591 1391 740 1447 dedit
785 1391 840 1445 in
888 1405 1052 1443 manu
1081 1398 1192 1454 tua,
1228 1399 1284 1442 et
1329 1390 1611 1443 constituit
1661 1398 1714 1443 te
1739 1389 2021 1443 dominum

440 1483 682 1537 omnium
706 1500 720 1549 ;
753 1491 809 1536 tu
839 1497 899 1535 es
922 1490 1086 1550 caput
1113 1496 1358 1534 aureum.
1392 1482 1458 1533 Et
1500 1489 1625 1550 post
1653 1488 1705 1534 te
1726 1489 1910 1549 surget
1935 1497 2022 1536 re-

440 1590 607 1645 gnum
634 1574 781 1629 aliud
811 1574 991 1627 minus
1016 1582 1089 1637 te,
1145 1572 1291 1642 quod
1334 1580 1419 1625 est
1479 1582 1802 1642 argentum:
1830 1581 1884 1626 et
1934 1588 2024 1626 re-

440 1681 605 1737 gnum
635 1666 875 1730 tertium,
902 1665 1047 1735 quod
1074 1673 1157 1718 est
1182 1680 1276 1729 aes,
1304 1664 1449 1734 quod
1480 1664 1849 1719 dominabitur
1873 1666 2021 1720 omni

441 1765 622 1809 terrae.
651 1755 719 1808 Et
751 1770 976 1825 regnum
1005 1763 1257 1824 quartum
1292 1754 1396 1808 erit
1421 1754 1561 1808 forte
1596 1754 1748 1822 quasi
1776 1753 1977 1808 ferrum
2008 1773 2021 1808 :

438 1846 895 1915 quemadmodum
922 1845 1126 1899 ferrum
1175 1847 1499 1901 comminuit
1529 1854 1583 1900 et
1629 1847 1815 1900 domat
1843 1849 2023 1900 omnia

424 1953 559 2007 quae
584 1945 711 1992 sunt
736 1938 797 1990 in
824 1947 989 2003 terra,
1041 1938 1114 1990 ita
1160 1952 1353 1992 omnes
1409 1938 1766 1992 comminuet.
1804 1939 1872 1991 Et
1900 1939 2025 2007 quia

428 2030 623 2085 vidisti
675 2029 841 2100 pedes
894 2036 951 2084 et
999 2028 1200 2099 digitos
1225 2038 1434 2100 partem
1459 2029 1680 2099 quidem
1728 2030 2023 2099 quamdam

440 2139 672 2187 testeam
700 2139 757 2185 et
794 2131 1018 2200 luteam,
1043 2141 1253 2200 partem
1285 2142 1467 2186 autem
1501 2132 1737 2200 aliquam
1768 2131 2022 2196 ferream,

440 2239 669 2294 regnum
696 2224 931 2278 divisum
971 2223 1098 2284 erit,
1123 2232 1177 2277 et
1202 2239 1233 2276 a
1268 2223 1451 2277 radice
1482 2223 1660 2277 ferrea
1691 2222 1795 2277 erit
1825 2222 1879 2276 in
1914 2238 1980 2278 eo
2008 2244 2021 2277 :

355 2362 363 2369 .
439 2315 898 2385 quemadmodum
940 2314 1123 2368 vidisti
1166 2314 1370 2368 ferrum
1412 2314 1632 2368 mistum
1667 2324 1821 2368 testae
1860 2322 1916 2368 et
1943 2313 2027 2368 di-

424 2407 531 2478 giti
560 2408 758 2477 pedum
802 2422 930 2476 pars
968 2406 1188 2475 quidem
1245 2406 1490 2475 qumdam
1542 2405 1737 2468 ferrea,
1768 2421 1892 2474 pars
1923 2422 2023 2459 au-

430 2506 551 2552 tem
578 2498 825 2568 quaedam
859 2506 1059 2562 testea;
1082 2512 1216 2566 pars
1242 2497 1490 2566 quaedam
1525 2497 1680 2567 regni
1712 2496 1816 2551 erit
1845 2497 2021 2563 fortis,

428 2596 494 2643 'et
523 2604 587 2642 cx
620 2604 682 2643 ea
716 2588 819 2642 erit
843 2588 1160 2643 contritum.
1191 2586 1329 2654 Quia
1354 2588 1534 2643 vidisti
1565 2588 1768 2641 ferrum
1800 2588 2024 2642 mistum

436 2690 632 2748 testae;
666 2681 937 2736 commisti
969 2689 1131 2736 erunt
1158 2681 1211 2734 in
1250 2681 1459 2736 semine
1508 2681 1812 2749 hominum,
1838 2692 2023 2738 etnon

378 2784 407 2797 ί
438 2788 603 2834 erunt
651 2779 992 2833 adhaerentes
1048 2777 1137 2832 hic
1186 2793 1310 2832 cum
1350 2778 1477 2843 hoc,
1508 2778 1646 2833 sicut
1676 2778 1883 2833 ferrum
1914 2795 2024 2834 non

434 2872 704 2925 miscetur
733 2886 857 2925 cum
912 2879 1073 2924 testa.
1126 2870 1195 2924 Et
1228 2870 1284 2924 in
1331 2871 1524 2925 diebus
1568 2887 1755 2942 regum
1785 2871 2021 2937 illorum,

441 2968 729 3025 suscitabit
758 2967 902 3022 Deus
935 2968 1056 3023 cmli
1087 2983 1332 3038 regnum,
1357 2969 1500 3039 quod
1536 2969 1590 3022 in
1624 2978 1890 3023 aeternum
1915 2986 2023 3024 non

432 3065 819 3127 corrumpetur
856 3074 869 3110 :
902 3066 957 3111 et
1011 3071 1236 3126 regnum
1282 3056 1402 3126 ejus
1452 3057 1653 3128 populo
1701 3058 1859 3112 alteri
1911 3072 2020 3113 non

2198 1119 2294 1185 Σὺ,
2341 1119 2583 1190 βασιλεῦ,
2625 1120 2877 1191 βασιλεὺς
2908 1122 3191 1192 βασιλέων,
3306 1125 3353 1157 ⁷⁸
3390 1128 3418 1179 6
3445 1125 3579 1191 Θεὸς
3611 1129 3713 1184 τοῦ

2129 1207 2358 1276 ούρανοῦ
2381 1208 2663 1279 βασιλείαν
2702 1210 2951 1281 ἰσχυρὰν,
2984 1211 3079 1265 καὶ
3117 1213 3407 1281 κραταιὰν,
3456 1217 3549 1269 καὶ
3572 1217 3717 1271 ἔντι-

2132 1314 2232 1367 μον
2264 1298 2464 1352 ἔδωκεν
2496 1301 2557 1352 ὲν
2588 1301 2752 1352 παντὶ
2780 1300 2953 1371 τόπῳ,
2987 1303 3044 1355 ἐν
3069 1294 3113 1369 ᾧ
3152 1303 3498 1358 κατοικοῦσιν
3527 1308 3575 1359 οἱ
3601 1308 3717 1361 υἱοὶ

2127 1389 2237 1442 τῶν
2291 1390 2614 1461 ἀνθρώπων,
2663 1391 2828 1462 θηρία
2876 1409 2933 1445 τε
2965 1393 3136 1463 ἀγροῦ
3170 1395 3265 1447 καὶ
3297 1395 3515 1449 πετεινά
3540 1398 3718 1467 obpa-

2130 1477 2222 1531 νοῦ
2275 1480 2366 1532 καὶ
2410 1479 2599 1550 ἰχθύας
2645 1480 2920 1552 θαλάσσης
2976 1483 3177 1535 ἔδωκεν
3222 1485 3281 1536 ὲν
3316 1487 3381 1556 τῇ
3430 1487 3574 1559 χειρί
3603 1504 3707 1541 σου

2129 1570 2223 1624 καὶ
2272 1571 2604 1645 κατέστησεν
2655 1590 2713 1626 σε
2746 1574 2791 1649 7f
2836 1573 3025 1645 κύριον
3075 1576 3293 1629 πάντων
3319 1593 3333 1608 ’
3376 1577 3439 1629 σὺ
3468 1574 3517 1630 εἷ
3550 1580 3583 1649 ἡ
3617 1595 3717 1632 κε-

2130 1661 2272 1733 φαλὴ
2307 1664 2339 1732 ή
2368 1665 2561 1735 χρυσῆ.
2595 1667 2701 1718 Καὶ
2730 1666 2908 1718 ὀπίσω
2939 1683 3033 1719 σου
3062 1668 3426 1739 ἀναστήσεται
3457 1668 3716 1738 βασιλεία

2132 1754 2296 1823 ἑτέρα
2346 1755 2524 1825 ἥττων
2580 1773 2696 1820 σου,
2731 1757 2766 1827 ἦ
2806 1759 2955 1810 ἐστιν
3004 1759 3035 1810 6
3072 1758 3311 1829 ἄργυρος
3347 1759 3390 1791 ’⁷
3426 1761 3519 1813 καὶ
3550 1760 3717 1831 βασις-

2056 1821 2097 1875 B
2124 1821 2244 1900 λεία
2280 1821 2458 1919 τρίτη,
2488 1848 2526 1918 ἦ
2550 1851 2696 1902 ἐστιν
2720 1821 2994 1921 ὁηξαλκὺς,
3027 1852 3061 1922 ἢ
3096 1821 3375 1923 κύριἐύσει
3404 1821 3580 1926 πάσης
3610 1855 3718 1926 τῆς

2127 1940 2230 2009 γῆς
2256 1955 2268 1970 ·
2304 1942 2397 1994 καὶ
2430 1942 2677 2010 βασιλεία
2703 1944 2940 2013 τετάρτη
2981 1945 3134 1996 ἔσται
3170 1944 3362 2014 ἰσχυρά
3398 1944 3472 2008 ὡς
3496 1946 3524 1997 6
3555 1946 3717 2015 σίδηο

2129 2047 2221 2101 ρος
2248 2046 2262 2060 ·
2291 2031 2351 2085 ὃν
2384 2033 2542 2102 127
2571 2034 2771 2105 τρόπον
2809 2036 2837 2087 6
2866 2035 3086 2106 σίδηρος
3118 2026 3375 2088 λεπτύνει
3417 2037 3461 2069 ⁷⁸
3487 2038 3582 2090 καὶ
3610 2040 3714 2092 δα-

2130 2123 2292 2194 μάζει
2323 2126 2500 2178 πάντα
2532 2127 2598 2179 τὰ
2635 2128 2726 2180 ἐπὶ
2759 2129 2858 2197 τῆς
2884 2128 2983 2198 γῆς
3011 2143 3024 2157 ·
3049 2127 3194 2182 οὕτω
3222 2134 3428 2193 πάντας
3455 2130 3723 2185 λεπτυνεί

2126 2219 2221 2269 καὶ
2258 2217 2496 2287 δαμάσει
2525 2220 2596 2274 ⁷ο.
2626 2206 2736 2271 Καὶ
2770 2220 2851 2272 ὅτι
2884 2216 3024 2284 εἶδες
3077 2221 3203 2285 τοὺς
3244 2221 3409 2285 πόδας
3448 2223 3539 2276 καὶ
3582 2224 3721 2288 τοὺς

2126 2306 2425 2372 δακτύλους
2474 2308 2640 2380 μέρος
2681 2308 2781 2379 μέν
2821 2327 2875 2363 τι
2904 2311 3229 2381 όστράκιεσον
3266 2312 3363 2364 καὶ
3397 2313 3722 2383 κεραμεοῦν

2128 2400 2196 2465 ⁸ο,
2232 2400 2397 2471 μέρος
2431 2400 2487 2453 δέ
2526 2419 2577 2454 τι
2606 2402 2880 2474 σιδηροῦν,
2910 2401 3157 2472 βασιλεία
3187 2404 3490 2477 διῃρημένη
3529 2405 3718 2471 ἔσται,

2127 2494 2223 2546 καὶ⁵
2272 2494 2382 2546 ἀπὸ
2418 2496 2516 2565 τῆς
2566 2494 2723 2567 ῥίζης
2765 2496 2863 2565 τῆς
2896 2496 3121 2567 σιδηρᾶς
3168 2495 3319 2550 ἔσται
3358 2500 3415 2551 ὲν
3457 2499 3621 2569 αὐτῇ,
3656 2500 3722 2553 δν

2126 2585 2328 2655 τρόπον
2352 2580 2489 2649 εἶδες
2512 2585 2602 2638 τὸν
2632 2586 2845 2656 σίδηρον
2867 2587 3313 2658 ἀναμεμιγμένον
3332 2587 3409 2658 τῷ
3429 2589 3717 2662 ὀστράκῳ.

2127 2677 2238 2731 Καὶ
2277 2680 2325 2730 οἱ
2368 2678 2619 2732 δάκτυλοι
2671 2678 2779 2731 τῶν
2829 2680 3005 2732 ποδῶν
3030 2680 3223 2750 ,μέρος
3264 2681 3365 2750 μέν
3391 2699 3442 2734 τι
3472 2682 3514 2714 ⁸³
3554 2683 3723 2757 σιδη-

2130 2771 2280 2845 ροῦν,
2320 2774 2566 2845 μέροςδέ
2599 2792 2663 2853 τι.
2689 2775 3031 2845 ὀστράκινον,
3064 2775 3156 2829 καὶ
3193 2778 3357 2846 μέρος
3390 2794 3442 2830 τι
3481 2777 3583 2847 τῆς
3618 2778 3726 2849 βαρ

2130 2866 2335 2931 σιλείας
2380 2867 2533 2929 ἔσται
2593 2868 2959 2940 ἰσχυρότερον,
3002 2872 3096 2922 καὶ
3153 2869 3249 2923 ἀπ’
3286 2870 3332 2900 θ’
3359 2870 3524 2942 αὐτῆς
3551 2870 3723 2926 ἔσται

2131 2960 2568 3031 συντριϐόμενον.
2607 2961 2730 3013 Ὅτι
2762 2961 2817 3015 δὲ
2850 2957 2986 3025 εἶδες
3016 2961 3107 3015 τὸν
3140 2960 3358 3034 σίδηρον
3396 2964 3722 3035 ἀναμεμιγ-

2131 3054 2290 3124 μένον
2326 3053 2403 3124 τῷ
2437 3054 2709 3124 ὀστράκῳ,
2754 3057 3049 3133 συμμιγεῖς
3103 3054 3315 3109 ἔσονται
3344 3057 3401 3108 ὲν
3433 3057 3724 3126 σπέρματι

434 3147 799 3216 relinquetur,
833 3145 1187 3209 comminuet,
1219 3154 1275 3199 et
1299 3146 1584 3200 ventilabit
1615 3146 1800 3201 omnia
1836 3162 2020 3217 regna;

2131 3144 2452 3216 ἀνθρώπων,
2506 3145 2599 3197 καὶ
2629 3146 2730 3198 οὐκ
2784 3145 2993 3198 ἔσονται
3035 3144 3504 3217 προσκολλώμενοι
3537 3148 3727 3212 οὓτως

440 3243 495 3287 et
554 3233 655 3287 hoc
718 3231 1070 3287 suscitabitur
1110 3231 1172 3286 'in
1224 3240 1489 3288 mternum
1520 3251 1533 3288 :
1567 3233 2020 3303 quemadmodum

2136 3234 2275 3306 μετὰ
2307 3236 2519 3303 τούτου,
2547 3235 2727 3303 καθὼς
2754 3239 2781 3291 6
2809 3236 3027 3309 σίδηρος
3049 3239 3147 3291 ούκ
3172 3239 3537 3309 ἀναμίγνυται
3573 3239 3726 3310 μετᾶ

439 3328 645 3394 vidisti,
678 3327 804 3397 quia
834 3327 902 3382 de
946 3336 1133 3381 monte
1172 3328 1450 3383 abscissus
1500 3336 1585 3383 est
1607 3329 1747 3399 lapis
1773 3329 1892 3383 sine
1918 3344 2020 3381 ma-

2131 3328 2225 3381 τοῦ
2274 3329 2567 3400 ὀστράκου.
2614 3328 2723 3382 Καὶ
2780 3332 2839 3383 ἐν
2871 3332 2985 3393 ταῖς
3015 3330 3248 3401 ἡμέραις
3298 3332 3405 3385 τῶν
3445 3330 3729 3401 βασιλέων

436 3428 623 3491 nibus,
656 3436 712 3482 et
736 3427 1061 3482 comminuit
1087 3427 1554 3494 testam,ferrum,
1588 3445 1684 3494 aes,
1718 3436 2020 3500 argentum,

2131 3419 2177 3451 ⁸³
2215 3420 2444 3473 ἐκείνων
2483 3421 2776 3491 ἀναστήσει
2817 3407 2856 3473 δ’
2877 3421 3008 3484 Θεὸς
3030 3420 3124 3473 τοῦ
3150 3420 3379 3491 οὐρανοῦ
3409 3419 3723 3492 βασιλείαν,

436 3532 652 3571 aurum.
693 3514 836 3568 Deus
890 3530 1120 3585 magnus
1156 3524 1287 3570 nota
1336 3514 1465 3570 fecit
1524 3516 1634 3587 regi
1666 3532 1788 3586 quae
1815 3522 2020 3585 oportet

2131 3514 2251 3583 ἣτις
2281 3515 2361 3577 εἰς
2395 3514 2521 3576 τοὺς
2560 3513 2763 3577 αἰῶνας
2795 3514 2855 3567 οὺ
2890 3512 3346 3585 διαφθαρήσεται,
3380 3514 3529 3583 καὶὴ
3558 3512 3729 3584 βασι⁴

442 3617 559 3670 tieri
599 3627 725 3686 post
777 3615 915 3683 haec,
952 3624 1007 3669 et
1054 3630 1244 3670 verum
1273 3617 1571 3683 somnium,
1605 3626 1659 3673 et
1690 3617 1864 3672 ﬁdelis
1892 3629 2020 3669 con-

2131 3605 2251 3659 λεία
2298 3604 2464 3659 αὐτοῦ
2512 3604 2626 3676 λαῷ
2677 3605 2851 3677 ἑτέρῳ
2897 3605 2997 3675 οὐχ
3025 3605 3073 3637 ⁸⁸
3106 3606 3588 3677 ὑπολειφθήσεται,
3620 3607 3728 3661 καὶ

434 3704 646 3773 jcetura
673 3704 813 3773 ejus.

2137 3701 2392 3754 λεπτυνεῐ
2421 3698 2514 3751 καὶ
2541 3699 2801 3768 λικμήσει
2837 3697 3016 3761 πάσας
3046 3698 3143 3761 τὰς
3174 3696 3470 3767 βασιλείας,
3500 3700 3598 3752 καὶ
3620 3696 3729 3751 αύ-

437 3796 506 3867 τὴ
535 3795 899 3865 ἀναστήσεται
925 3796 1003 3858 είς
1041 3793 1167 3856 τοὺς
1196 3791 1424 3859 αἰῶνας,
1459 3792 1518 3847 δν
1546 3794 1747 3864 τρόπον
1774 3791 1912 3861 εἶδες
1938 3798 2019 3851 ὅτι
2048 3795 2157 3850 ἀπὸ
2204 3791 2364 3863 ὅρους
2409 3787 2619 3859 ἐτμήθη
2648 3785 2794 3850 λίθος
2850 3787 2979 3840 ἄνευ
3035 3787 3254 3857 χειρῶν,
3300 3789 3395 3842 καὶ
3453 3787 3727 3844 ἔλέπτυνε

392 3916 396 3920 ·
435 3891 497 3943 τὸ
560 3890 847 3959 ὄστρακον,
883 3889 975 3941 τὸν
1008 3887 1247 3958 σίδηρον,
1292 3887 1384 3941 τὸν
1416 3888 1635 3957 χαλκὸν,
1656 3888 1748 3942 τὸν
1774 3891 2013 3964 ἄργυρον
2051 3892 2120 3958 ⁸⁵,
2145 3890 2236 3943 τὸν
2269 3886 2487 3959 χρυσόν.
2525 3884 2582 3936 Ὀ
2609 3881 2741 3945 Θεὸς
2768 3882 2796 3933 6
2829 3881 2877 3913 ⁸⁸
2911 3881 3082 3951 μέγας
3133 3880 3427 3957 ἐγνώρισεν
3477 3884 3556 3955 τῷ
3613 3884 3729 3956 βα-

438 3983 577 4035 σιλεῖ
624 3981 658 4034 ἂ
692 3982 771 4034 δεῖ
800 3979 1054 4049 γενέσθαι
1104 3980 1245 4050 μετά
1296 3979 1469 4033 ταῦτα
1495 3996 1507 4009 ·
1547 3980 1642 4033 καὶ
1680 3977 1933 4054 ἀληθινὸν
1960 3985 2021 4038 τὸ
2050 3984 2321 4045 ἐνύπνιον,
2352 3980 2447 4034 καλ¹
2479 3975 2641 4046 πιστὴ
2677 3977 2707 4045 ὴ
2739 3973 3027 4043 σύγκρισις
3051 3973 3236 4028 αὐτοῦ.

507 4076 662 4131 Tunc
731 4090 826 4129 rex
873 4074 1379 4130 Nabuchodonosor
1446 4075 1646 4130 cecidit
1723 4077 1780 4130 in
1819 4078 2014 4134 faciem

436 4184 614 4229 suam,
645 4173 699 4219 et
744 4164 1021 4218 Dauielem
1069 4165 1335 4230 adoravit,
1375 4172 1429 4219 et
1456 4181 1684 4221 munera
1724 4176 1779 4221 et
1819 4168 2017 4224 odores

434 4258 573 4313 dixit
597 4258 765 4310 libare
791 4255 861 4309 ei.
896 4255 962 4308 Et
988 4255 1325 4326 respondens
1353 4272 1469 4319 rex,
1507 4257 1643 4312 dixit
1682 4257 1889 4313 Danicli
1915 4278 1929 4314 :
1955 4260 2017 4314 in

434 4347 664 4403 veritate
704 4345 847 4399 Deus
890 4352 1071 4398 vester
1128 4346 1270 4399 Deus
1327 4346 1594 4412 deorum,
1653 4362 1704 4401 et
1756 4340 2017 4404 Dominus

2196 4038 2332 4128 Τότε
2365 4074 2394 4126 6
2419 4038 2667 4143 βασιλεῦς
2695 4038 3162 4154 Ναδουγοδονόσορ
3189 4067 3384 4123 ἔπεσεν
3414 4068 3508 4122 ἐπὶ
3533 4038 3721 4142 πρόσ-

2124 4187 2295 4233 ωπον,
2348 4168 2442 4220 καὶ
2483 4165 2561 4235 τῷ
2597 4162 2798 4233 Δανιὴλ
2840 4162 3237 4234 προσεκύνησε,
3278 4163 3373 4216 καὶ
3405 4164 3588 4233 μαναά
3616 4167 3727 4221 καὶ

2125 4263 2355 4317 εὐωδίαν
2396 4255 2516 4312 εἷπε
2543 4260 2762 4312 σπεῖσαι
2795 4254 2964 4325 αὐτῷ.
3010 4256 3122 4309 Καὶ
3147 4255 3464 4327 ἀποκριθεὶς
3495 4259 3522 4310 6
3555 4256 3733 4327 βασι-
3798 4262 3809 4271 ’

2123 4355 2254 4420 λεὺς
2299 4351 2418 4407 εἷπε
2467 4350 2546 4422 τῷ
2590 4349 2791 4420 Δανιὴλ
2822 4364 2837 4379 ·
2891 4347 3007 4401 Ἐπ’
3033 4346 3292 4419 ἀληθείας
3337 4349 3366 4401 6
3396 4347 3529 4411 Θεὸς
3556 4349 3728 4418 ὑμῶν

438 4437 817 4500 dominorum,
864 4443 919 4488 et
959 4433 1071 4488 Rex
1111 4449 1336 4504 regum,
1364 4443 1419 4488 et
1444 4435 1692 4490 revelans
1726 4439 2017 4507 mysteria;

2131 4447 2293 4510 αὑτός
2319 4448 2468 4499 ὲστιν
2494 4443 2623 4507 Θεδς
2654 4441 2793 4496 θεῶν
2827 4442 2920 4495 καὶ
2952 4441 3156 4511 Κύριος
3187 4442 3395 4513 κυρίων
3424 4443 3518 4496 καὶ
3543 4443 3729 4498 Βασι-

432 4530 557 4601 quia
584 4527 808 4600 potuisti
832 4527 1075 4581 revelare
1110 4525 1426 4597 mysterium
1453 4527 1578 4582 hoc.

502 4732 571 4786 Et
616 4727 981 4801 magniﬁeavit
1048 4741 1145 4780 rex
1196 4723 1387 4779 Daniel
1427 4733 1483 4779 et
1522 4724 1665 4780 dona
1716 4741 1912 4797 magna
1961 4736 2017 4781 et

432 4824 604 4879 multa
632 4822 781 4878 dedit
811 4821 887 4883 ei,
931 4828 987 4875 et
1016 4818 1301 4874 constituit
1329 4833 1453 4872 eum
1480 4819 1664 4887 super
1704 4833 1896 4873 omnes
1929 4834 2018 4872 re-

431 4917 621 4987 giones
644 4913 930 4985 Babylonis
960 4910 1331 4981 etprincipem
1355 4918 1690 4977 satraparum
1708 4925 1875 4979 super
1898 4924 2018 4964 om-

432 5021 534 5060 nes
564 5005 837 5074 sapientes
857 5000 1162 5073 Babylonis.
1183 5001 1249 5055 Et
1280 5000 1467 5055 Daniel
1491 4999 1779 5069 postulavit
1806 4998 1837 5054 a
1867 5016 2014 5071 rege,

438 5102 495 5148 et
524 5092 808 5147 constituit
862 5107 1027 5162 super
1066 5106 1232 5161 Opera
1281 5090 1524 5161 regionis
1566 5090 1857 5162 Babylonis
1890 5092 2013 5146 Sid-

430 5187 585 5248 rach,
618 5192 674 5240 et
707 5184 891 5249 Misac,
925 5192 979 5240 et
1006 5183 1321 5253 Abdenago.
1354 5181 1420 5235 Et
1446 5181 1633 5237 Daniel
1660 5192 1775 5237 erat
1798 5184 1848 5238 in
1874 5183 2016 5239 atrio

432 5293 596 5350 regis.

2117 4541 2246 4602 λεὺς
2284 4537 2393 4591 τῶν
2431 4533 2701 4606 βασιλέων
2727 4533 2822 4587 καὶ
2847 4532 3249 4587 ἀποκαλύπτων
3284 4533 3591 4605 μυστήρια,
3626 4536 3725 4590 ὅτι

2120 4629 2392 4702 ἡδυνήθης
2420 4624 2769 4695 ἀποκαλύψαι
2803 4625 2865 4679 τὸ
2895 4626 3197 4696 μυστήριον
3226 4624 3402 4681 τοῦτο.

2127 4784 2136 4791 ,
2196 4724 2305 4777 Καὶ
2355 4722 2687 4793 ἐμεγάλυνεν
2733 4720 2761 4772 ὁ
2794 4719 3049 4790 βασιλεὺς
3093 4719 3185 4772 τὸν
3228 4719 3446 4791 Δανιὴλ,
3479 4722 3575 4775 καὶ
3604 4721 3724 4775 δὼ-

2132 4830 2278 4883 ματα
2308 4811 2520 4882 μεγαλα
2552 4811 2645 4864 καὶ
2682 4809 2854 4863 πολλά
2880 4809 3079 4863 ἔδωκεν
3107 4809 3277 4880 αὐτῷ,
3310 4812 3405 4863 καὶ
3426 4813 3724 4884 κατέστη-

2128 4923 2219 4960 σεν
2237 4905 2399 4958 αὑτὸν
2424 4905 2515 4958 ἐπὶ
2536 4904 2715 4973 πάσης
2736 4903 2778 4933 ⁸⁷
2805 4901 2988 4974 χώρας
3011 4901 3348 4967 Βαϐυλῶνος,
3368 4905 3728 4975 καὶᾶρχοντσι

2128 4995 2427 5069 σατραπῶν
2457 4994 2551 5050 καὶ
2594 4995 2687 5048 ἐπὶ
2721 4993 2929 5057 πάντας
2963 4994 3087 5059 τοὺς
3114 4994 3311 5064 σοφοὺς
3340 4994 3663 5060 Βαϐυλῶνος
3702 5017 3724 5030 -

2122 5089 2220 5155 καὶ
2262 5088 2461 5160 Δανιὴλ
2518 5088 2759 5161 ᾐτήσατο
2793 5088 2944 5158 παρά
2985 5087 3079 5140 τοῦ
3115 5086 3399 5157 βασιλέως,
3433 5089 3529 5142 καὶ
3580 5106 3731 5147 κατ-

2125 5180 2352 5249 έστησεν
2382 5179 2474 5232 ἐπὶ
2512 5181 2581 5231 τὰ
2610 5178 2747 5248 ἔργα
2788 5177 2885 5247 τῆς
2915 5174 3098 5247 χώρας
3121 5176 3441 5240 Βαϐυλῶνος
3474 5178 3564 5230 τὸν
3594 5179 3665 5229 Σε
3688 5209 3721 5220 -

2122 5270 2283 5340 δράκ,
2313 5270 2409 5323 καὶ
2441 5270 2648 5334 Βὶισάκ,
2680 5269 2775 5323 καὶ
2822 5267 3125 5336 Ἀϐδεναγώ
3155 5284 3167 5296 ·
3201 5269 3295 5321 καὶ
3325 5267 3525 5340 Δανιὴλ
3570 5265 3642 5347 ἦν
3668 5271 3734 5304 ⁸⁸

2128 5368 2185 5420 ὲν
2230 5369 2296 5437 τῇ
2348 5365 2483 5437 αὐλῇ
2515 5364 2609 5419 τοῦ
2641 5367 2685 5398 “9
2718 5364 2996 5434 βασιλέως.

706 5552 727 5573 κ
1728 5486 1964 5542 VARUE
2006 5484 2417 5542 LECTIONES.

498 5605 545 5636 ⁷³
574 5603 789 5671 ἐγένετο
819 5603 876 5657 P.
955 5602 1000 5631 ⁷⁸
1042 5599 1232 5671 ἐξῆρεν
1266 5598 1327 5663 Ρ,
1354 5615 1463 5655 om.
1493 5600 1536 5671 Β
1558 5640 1572 5665 ,
1605 5600 1753 5655 addit
1791 5617 1866 5655 m.
1943 5601 1989 5633 ⁷⁵
2023 5594 2088 5668 ᾧ.
2115 5603 2191 5666 ὡς
2225 5600 2336 5655 ην.
2414 5600 2461 5671 if
2497 5617 2555 5653 σε
2590 5615 2697 5654 om.
2738 5600 2795 5654 P.
2874 5601 2915 5629 ’⁷⁷
2950 5601 3097 5651 ἐστιν
3141 5596 3477 5671 ἐιξιργυροςνῐδἶ
3532 5596 3737 5671 λη’-λε-

432 5670 625 5728 πτυνεῖ
652 5673 713 5728 Ρ.
810 5675 855 5707 ⁷³
900 5671 993 5725 καὶ
1036 5670 1269 5739 δαμασει
1326 5689 1437 5727 οιιι.
1470 5670 1532 5725 ν.

432 5744 615 5818 ῦᾴπζν.
719 5744 774 5818 δέ
800 5735 1331 5818 ἡμέραις-βασιλέων
1370 5742 1430 5798 Ρ.

430 5814 487 5887 ⁸⁸,
511 5810 577 5882 ἢν
604 5830 716 5872 om.
747 5810 853 5871 lt."
890 5810 934 5846 δί’
968 5810 1198 5869 τοῦοω.
1232 5811 1293 5868 Ρ.

1536 5742 1581 5774 ⁸⁵
1610 5742 1710 5794 οὐκ
1736 5740 1800 5796 VL

1637 5672 1682 5744 ‘f’
1712 5673 1987 5744 z_epap.éou
2037 5666 2097 5739 Ὗ,
2127 5672 2400 5744 ,κεράμιον
2436 5666 2497 5724 Ρ.

1905 5743 1950 5775 ⁸⁸
1986 5744 2078 5798 τὸν
2117 5740 2357 5813 ἄργυρον
2401 5755 2512 5797 om.
2539 5740 2598 5795 P.

2594 5670 2638 5701 ⁸³
2679 5672 2776 5741 μέν
2816 5689 2888 5723 τι.
2939 5671 3120 5741 μέντοι
3150 5666 3208 5723 Ρ.
3236 5738 3259 5741 Δ
3304 5668 3348 5700 ⁸⁸
3384 5666 3616 5741 ᾀπῖμὲτέ
3648 5668 3732 5741 ῐξ,

2703 5742 2750 5774 ⁸⁸
2776 5741 2804 5793 6
2830 5734 3061 5796 alterum
3090 5756 3199 5794 om.
3232 5738 3288 5794 Ρ.
3366 5738 3411 5773 θ’
3443 5737 3628 5801 πάσας
3650 5734 3733 5794 PL
3760 5808 3775 5830 ι
