3910 6336
417 325 522 389 335

1605 325 1860 386 CHRON
1868 325 2040 387 ICON
2074 325 2477 388 PASCHALE.

3558 335 3664 400 336

414 454 560 504 rum,
600 447 655 493 et
686 438 796 510 regi
829 438 1013 509 iniquo
1068 448 1127 495 et
1170 437 1408 509 pessimo
1447 437 1586 492 ultra
1619 452 1840 491 omnem
1881 446 1990 491 ter-

2094 454 2266 509 σαμεν
2295 439 2342 470 ⁸⁸
2372 438 2554 503 καθὼς
2589 438 2841 496 ἐνετείλω
2866 438 3021 515 ἡμῖν,
3054 444 3142 501 (va
3164 428 3224 501 εὖ
3240 446 3384 518 ἡμῖν
3414 448 3658 519 γένηται.

415 542 552 582 ram.
590 526 656 582 Et
683 542 830 582 nunc
857 540 964 582 non
1008 541 1299 597 possumus
1336 525 1548 596 aperire
1593 539 1690 580 os:
1736 524 1985 580 confusio

412 626 469 675 et
487 618 840 689 approbrium
868 617 994 673 facti
1023 632 1213 673 sumus
1239 616 1412 672 servis
1434 615 1563 682 tuis,
1582 624 1639 670 et
1665 615 1749 669 his
1774 615 1868 685 qui
1890 630 1986 670 co-

413 711 535 766 lunt
556 720 633 765 te.
668 710 750 766 Ne
779 710 958 765 tradas
992 725 1094 767 nos
1122 709 1176 764 in
1224 717 1548 780 perpetuum
1570 750 1584 774 ,
1630 716 1855 779 propter
1886 724 1989 762 no-

413 816 540 856 men
567 810 718 856 tuum
748 819 762 855 :
790 810 847 856 et
876 815 945 855 ne
980 799 1214 869 dissipes
1256 806 1640 855 testamentum
1662 807 1826 854 tuum
1847 839 1862 864 ,
1893 813 1991 852 ne-

411 907 520 964 que
562 892 780 947 auferas
820 890 1250 947 misericordiam
1283 899 1429 945 tnam
1464 906 1495 945 a
1543 890 1724 956 nobis,
1770 898 1991 960 propter

412 981 688 1038 Abraham
717 981 973 1037 dilectum
1001 990 1177 1048 tuum,
1211 989 1267 1035 et
1296 980 1446 1036 Isaac
1480 995 1697 1036 servum
1736 988 1910 1046 tuum,
1936 988 1994 1034 et

412 1074 576 1129 Israel
620 1086 869 1129 sanctum
928 1081 1104 1128 tuum.
1152 1071 1364 1138 Quibus
1409 1071 1624 1127 locutus
1661 1086 1751 1136 es,
1788 1070 1857 1125 ad
1898 1084 1993 1125 eos

410 1164 619 1221 dicens:
649 1164 777 1233 quia
804 1162 1195 1235 multiplicares
1217 1177 1404 1218 semen
1427 1176 1618 1217 eorum
1646 1161 1788 1217 sicut
1808 1161 1991 1217 stellas

409 1256 557 1321 caeli,
604 1262 662 1311 et
697 1255 842 1310 sicut
892 1270 1143 1322 arenam,
1190 1270 1312 1326 qua:
1357 1263 1443 1311 est
1492 1255 1547 1309 in
1579 1253 1763 1309 littore
1804 1253 1991 1308 maris.

408 1342 567 1412 Quia,
597 1343 845 1410 Domine,
900 1344 1175 1400 imminuti
1231 1359 1423 1400 sumus
1462 1343 1587 1414 plus
1614 1334 1776 1413 quam
1804 1356 1995 1398 omnes

408 1446 621 1508 gentes,
651 1452 952 1503 sumasque
983 1436 1223 1492 humiles
1263 1436 1319 1491 in
1362 1436 1615 1492 universa
1652 1445 1799 1490 terra
1833 1434 1997 1489 hodie

408 1540 632 1602 propter
658 1541 883 1602 peccata
911 1541 1119 1587 nostra.
1162 1530 1231 1585 Et
1269 1545 1395 1585 non-
1419 1540 1504 1585 est
1527 1529 1582 1584 in
1615 1538 1860 1600 tempore
1880 1527 1998 1582 isto

409 1623 667 1694 princeps
695 1632 748 1680 et
786 1625 1072 1696 pr0pheta,
1112 1631 1167 1678 et
1202 1621 1334 1691 dux,
1369 1638 1549 1693 neque
1593 1621 1993 1686 holocaustum,

409 1730 590 1786 neque
617 1717 970 1783 sacrificium,
1001 1731 1182 1788 neque
1213 1715 1435 1779 oblatio,
1465 1730 1645 1785 neque
1675 1715 1957 1769 incensum
1979 1751 1994 1778 ,

2087 531 2196 584 Kal
2253 531 2434 586 πάντα
2489 532 2592 586 όσα
2638 534 2770 604 ἡμῖν
2828 535 3133 606 ἐπήγαγες,
3184 540 3283 592 καὶ
3330 541 3508 594 πάντα
3564 541 3663 596 ὃσα

2089 621 2346 693 ἐποίησας
2362 624 2515 693 ἡμῖν,
2537 625 2596 678 ἐν
2623 623 2850 698 ἀληθινῇ
2879 627 3060 699 κρίσει
3086 629 3373 701 ἐποίησας,
3403 631 3498 685 καλ⁸
3518 649 3664 704 παρ-

2089 711 2302 776 έδωκας
2344 714 2495 782 ἡμᾶς
2531 715 2612 778 είς
2664 717 2856 787 χεῖρας
2884 719 3098 790 ἐχθρῶν
3126 720 3392 791 ἐχθίστων
3423 724 3666 777 άποσταυ

2087 800 2218 867 τῶν,
2248 802 2343 855 καὶ
2366 802 2579 872 βασιλεῖ
2603 803 2775 876 ἀδίκῳ
2795 806 2891 860 καὶ
2916 823 3054 879 πονη
3064 810 3273 880 ροτάτῳ
3300 811 3453 883 παρὰ
3482 814 3666 866 πᾶσαν

2088 891 2187 963 τὴν
2214 892 2340 964 γῆν.
2364 895 2473 949 Καὶ
2500 895 2598 951 νῦν
2634 896 2735 950 οὐκ
2786 896 2937 951 ἔστιν
2962 899 3096 969 ήμῖν
3126 901 3340 968 ἀνοῖξαι
3372 903 3434 956 τὸ
3488 904 3666 973 στόμα

2089 980 2248 1052 ¹ἡμῶν
2272 997 2288 1015 ο
2322 982 2554 1055 αίσχύνη
2602 985 2699 1039 καὶ
2736 984 2936 1050 δνειδος
2974 987 3224 1059 ,ἐγενήθη
3284 993 3397 1054 τοῖς
3456 989 3667 1056 δούλοις

2093 1089 2187 1126 σου
2215 1073 2311 1127 καὶ
2354 1078 2469 1139 τοῖς
2511 1075 2826 1148 σεϐομένοις
2870 1096 2951 1134 σε.
2985 1080 3076 1152 Μὴ
3103 1080 3169 1152 δὴ
3204 1082 3459 1153 παραδῷς
3496 1084 3667 1155 Αήμᾶς

2092 1166 2173 1228 είς
2200 1164 2353 1228 τέλος
2380 1164 2468 1221 διὰ
2500 1167 2562 1221 τὸ
2594 1167 2768 1239 ϐνομά
2802 1186 2918 1234 σου,
2952 1170 3048 1225 καὶ
3076 1173 3155 1242 μὴ
3176 1153 3546 1243 διασκεδάσης
3566 1172 3669 1243 τὴν

2090 1253 2354 1325 διαθήκην
2372 1272 2487 1322 σου,
2506 1262 2599 1312 καὶ
2621 1258 2695 1330 μὴ
2711 1260 3027 1335 ἁποστήσῃς
3041 1262 3102 1316 τὸ
3116 1262 3264 1327 ἔλεός
3284 1280 3379 1317 σου
3396 1264 3489 1332 ἀφ’
3508 1263 3668 1335 ἡμῶν

2091 1342 2181 1398 διὰ
2214 1345 2466 1418 ’Δϐραὰμ
2492 1348 2584 1403 τὸν
2612 1349 2969 1421 ἠγαπημένον
2994 1352 3101 1406 ὑπό
3118 1370 3214 1406 σου
3233 1354 3327 1407 καὶ
3348 1352 3440 1406 διὰ
3478 1353 3669 1407 Ἰσαὰκ

2091 1436 2184 1491 τὸν
2195 1436 2379 1493 δοῦλόν
2403 1456 2498 1493 σου
2515 1442 2609 1495 xal
2624 1442 2842 1513 Ἰσραὴλ
2854 1443 2947 1496 τὸν
2963 1443 3120 1514 ἅγιόν
3140 1461 3256 1510 σου,
3293 1439 3375 1508 οἷς
3393 1444 3666 1514 ἐλάλησας

2095 1523 2233 1594 πρδς
2272 1524 2472 1591 ἂύτοὺς
2497 1527 2692 1595 λέγων·
2727 1528 3000 1600 πληθῦναι
3035 1530 3099 1584 τὸ
3117 1532 3357 1603 οσπέρμα
3382 1531 3562 1585 αὐτῶν
3587 1530 3669 1594 ώς

2093 1616 2163 1670 τὰ
2179 1615 2355 1685 ἄστρα
2379 1617 2473 1672 τοῦ
2496 1618 2749 1689 ούρανοῦ,
2783 1621 2877 1675 καὶ
2896 1621 2973 1685 ώς
2994 1622 3094 1685 τὴν
3111 1623 3295 1694 ἅμμον
3316 1622 3414 1696 τὴν
3433 1622 3586 1696 παρὰ
3603 1623 3670 1678 τὸ

2086 1709 2271 1779 χεῖλος
2291 1708 2391 1779 τῆς
2427 1708 2721 1782 θαλάσσης.
2743 1711 2889 1779 Ὅτι,
2923 1714 3189 1780 Δέσποτα,
3219 1714 3669 1785 ἐσμικρύνθημεν

410 1822 518 1863 non
555 1809 708 1864 locus
742 1810 1103 1881 primitiarum
1131 1825 1312 1866 coram
1345 1818 1417 1872 te,
1440 1818 1504 1863 ut
1534 1808 1809 1879 possimus
1839 1808 1992 1861 inve-

2096 1801 2249 1871 παρὰ
2269 1801 2446 1856 πάντα
2458 1801 2528 1856 τὰ
2543 1800 2693 1874 ἔθνη.
2706 1803 2801 1859 καὶ
2822 1803 2990 1875 ἐσμέν
3006 1806 3252 1863 ταπεινοὶ
3269 1808 3329 1859 ἐν
3342 1807 3493 1880 πάσῃ
3508 1808 3573 1877 τῇ
3590 1808 3667 1876 γῇ

409 1899 532 1953 nire
558 1900 987 1956 misericordiam
1028 1908 1200 1962 tuam,
1226 1899 1323 1955 sed
1357 1900 1413 1954 in
1450 1899 1630 1953 anima
1654 1898 1908 1963 contrita,
1935 1904 1993 1951 et

410 1986 604 2057 spiritu
638 1987 964 2043 humilitatis
984 1988 1369 2059 suscipiamur,
1403 1987 1547 2042 sicut
1570 1987 1624 2040 in
1660 1985 1992 2041 holocaustis

409 2078 643 2132 arietum
677 2087 735 2133 et
769 2088 1069 2141 taurorum,
1101 2087 1157 2133 et
1190 2078 1331 2133 sicut
1366 2077 1422 2131 in
1460 2075 1701 2130 millibus
1725 2089 1991 2146 agnorum

409 2170 717 2242 pinguium,
743 2169 823 2224 sic
843 2169 935 2224 fiat
960 2168 1284 2225 sacrificium
1320 2175 1566 2224 nostrum
1606 2166 1660 2221 in
1694 2168 1990 2235 conspectu

411 2271 508 2316 tuo
532 2260 714 2325 hodie,
739 2268 797 2316 et
825 2259 1048 2331 impleat
1076 2268 1200 2329 post
1230 2267 1302 2322 te,
1336 2257 1467 2330 quia
1496 2271 1609 2311 non
1631 2264 1717 2310 est
1740 2254 1992 2309 confusio

409 2349 809 2406 conlidentibus
832 2351 889 2405 in
916 2358 996 2405 te.
1028 2350 1182 2405 Nunc
1210 2350 1379 2422 igitur
1403 2348 1683 2420 sequimur
1711 2355 1765 2402 te
1793 2345 1849 2400 in
1875 2354 1989 2402 toto

408 2443 602 2506 corde,
645 2450 701 2496 et
748 2442 1003 2497 timemus
1035 2452 1123 2506 te,
1164 2450 1219 2497 et
1258 2441 1553 2512 querimus
1592 2439 1787 2496 faciem
1816 2449 1985 2494 tuam.

408 2533 489 2588 Ne
523 2533 834 2590 confundas
860 2549 985 2600 nos,
1019 2534 1116 2589 sed
1154 2533 1322 2588 facias
1351 2532 1638 2586 nobiscum
1685 2530 1992 2586 secundum

408 2625 890 2680 mansuetudinem
932 2634 1110 2687 tuam,
1143 2635 1197 2679 et
1235 2623 1535 2679 secundum
1588 2620 1992 2677 multitudinem

408 2715 798 2771 misericordia
824 2723 970 2770 tuae:
1010 2724 1068 2769 et
1093 2729 1227 2768 erue
1253 2728 1354 2767 nos
1383 2711 1684 2769 secundum
1729 2710 1992 2766 mirabilia

408 2817 524 2871 tua,
555 2813 615 2860 et
648 2804 716 2860 da
742 2805 966 2875 gloriam
1006 2803 1216 2871 nomini
1246 2813 1363 2869 tuo,
1397 2803 1646 2859 Domine.
1676 2801 1741 2857 Et
1767 2800 1995 2857 confun-

408 2894 615 2951 dantur
643 2909 838 2951 omnes
882 2894 975 2964 qui
1020 2892 1320 2948 ostendunt
1369 2894 1544 2949 servis
1593 2893 1700 2948 tuis
1745 2891 1905 2957 mala,
1939 2898 1996 2945 et

2092 1892 2334 1964 σήμερον
2358 1892 2447 1948 διὰ
2474 1893 2572 1958 τὰς
2597 1894 2872 1966 ἁμαρτίας
2889 1896 3067 1967 ἡμῶν.
3084 1897 3198 1952 Καὶ
3212 1898 3314 1951 οὐκ
3332 1898 3482 1953 ἐστιν
3502 1900 3562 1952 ἐν
3582 1898 3670 1971 τῷ

2089 1982 2269 2055 καιρῷ
2294 1983 2469 2055 τούτῳ
2490 1983 2697 2056 ἄρχων,
2734 1987 2829 2041 καὶ
2868 1990 3177 2059 προφήτης,
3217 1989 3313 2043 θοαὶ
3341 1989 3668 2060 ἡγούμενος,

2089 2073 2209 2128 οὐδὲ
2230 2073 2617 2143 όλοκαύτωσις,
2647 2077 2771 2131 οὐδὲ
2799 2076 2961 2132 θυσία
2993 2080 3038 2112 ⁶⁹
3070 2080 3193 2133 ούδέ
3221 2081 3509 2153 προσφορὰ
3542 2083 3672 2137 οὐδὲ

2090 2163 2362 2236 θυμίαμα,
2382 2166 2443 2218 οὗ
2467 2166 2633 2230 τόπος
2651 2165 2745 2221 τοῦ
2770 2166 3159 2240 όλοκαρπῶσαι
3183 2170 3424 2224 ἐναντίον
3450 2187 3543 2225 σου
3568 2172 3670 2225 καὶ

2091 2256 2269 2327 εὑρεῖν
2302 2256 2450 2321 ἔλεος
2474 2271 2486 2285 ·
2516 2256 2632 2312 ἀλλ’
2666 2259 2724 2313 ἐν
2752 2258 2898 2331 ψυχῇ
2926 2262 3361 2334 συντετριμμένῃ
3387 2263 3480 2317 καὶ
3504 2263 3670 2318 πνεύο

2094 2363 2226 2418 ματι
2254 2348 2636 2413 ταπεινώσεως
2666 2350 3150 2423 προσδεχθείημεν,
3183 2352 3261 2413 ώς
3278 2356 3338 2407 ἐν
3365 2353 3671 2407 όλοκαυτώ·

2092 2453 2229 2506 μασι
2257 2436 2427 2509 κριῶν
2456 2437 2551 2491 καὶ
2587 2437 2827 2510 ταύρων,
2856 2441 2954 2493 καὶ
2981 2440 3057 2504 ώς
3086 2441 3146 2494 ἐν
3176 2442 3435 2512 μυριάσιν
3470 2441 3660 2512 ἀρνῶν

2090 2528 2311 2592 πιόνων,
2355 2529 2528 2592 οὕτως
2556 2529 2802 2599 γενέσθω
2831 2533 2865 2603 ἡ
2896 2532 3057 2586 θυσία
3083 2532 3244 2604 ήμῶν
3291 2533 3521 2588 ἐνώπιόν
3567 2551 3667 2588 σου

2092 2620 2350 2692 σήμερον,
2382 2620 2476 2674 καὶ
2518 2621 2802 2677 ἐκτελέσαι
2840 2623 3075 2687 ,ὄπισθέν
3109 2639 3223 2689 σου,
3259 2625 3341 2678 ότι
3389 2625 3490 2679 οὐκ
3515 2624 3670 2678 ἐστιν

2089 2707 2320 2779 αἰσχύνη
2349 2711 2462 2772 τοῖς
2492 2710 2805 2765 πεποιθόσιν
2833 2711 2928 2765 ἐπὶ
2954 2712 3058 2769 σοί.
3089 2712 3203 2767 Νῦν
3228 2709 3321 2767 οὖν
3344 2713 3673 2770 ἀκολουθοῶ

2093 2801 2287 2873 μενκέν
2314 2800 2413 2875 ὅλῃ
2435 2800 2655 2874 καρδία,
2691 2804 2787 2857 καὶ
2819 2802 3137 2875 φοϐούμεθα
3165 2820 3225 2859 σε
3261 2806 3356 2860 καὶ
3389 2792 3669 2876 ζητοῦμεν

2089 2888 2152 2941 τὸ
2166 2888 2455 2960 πρόσωπόν
2477 2906 2592 2956 σου,
2619 2891 2694 2963 μὴ
2710 2893 3081 2968 καταισχύνῃς
3104 2896 3271 2965 ἡμᾶς,
3290 2895 3429 2950 ἀλλὰ
3445 2895 3673 2965 ποίησον

405 2988 826 3044 confundantur
888 2987 944 3041 in
993 2986 1143 3042 omni
1195 2985 1437 3056 potentia
1497 2993 1554 3040 et
1604 2990 1905 3055 potestate;
1938 2988 1994 3036 et

2094 2981 2213 3052 μεθ’
2239 2980 2394 3052 ἡμῶν
2415 2981 2558 3036 κατὰ
2585 2983 2683 3053 τὴν
2710 2984 3012 3041 ἐπιείκειάν
3044 3002 3139 3040 σου
3167 2988 3263 3041 καὶ
3284 2987 3429 3042 κατὰ
3445 2987 3507 3041 τὸ
3527 2987 3672 3058 πλῆο

408 3078 579 3133 robur
610 3092 798 3131 eorum
828 3084 1163 3131 conteratur.
1195 3073 1261 3129 Et
1276 3074 1451 3129 sciant
1475 3074 1601 3145 quia
1627 3083 1682 3128 tu
1707 3089 1767 3128 es
1808 3071 1992 3128 Domi-

2096 3072 2188 3136 00;
2218 3071 2312 3125 τοῦ
2344 3071 2528 3137 ἐλέους
2560 3070 2817 3140 damnat
2835 3075 3020 3143 ἐξελοῦ
3051 3078 3201 3148 ἡμᾶς
3249 3078 3397 3133 κατὰ
3428 3079 3496 3133 τὰ
3538 3077 3674 3133 θαυ-

404 3184 517 3224 nus
538 3167 680 3224 Deus
693 3168 932 3231 solus,et
954 3168 1222 3240 gloriosus
1246 3181 1408 3236 super
1433 3139 1621 3221 orbem
1654 3174 1942 3221 terrarum.
1969 3181 1988 3216 ι

2102 3162 2272 3235 μάσιά
2300 3179 2415 3226 σου,
2456 3163 2550 3218 καὶ
2583 3139 2669 3229 δὺς
2720 3139 2891 3231 δόξαν
2926 3165 3005 3238 τῷ
3051 3139 3277 3237 όνόματί
3328 3185 3443 3233 σου,
3470 3168 3670 3237 Κύριε.

410 3261 521 3316 Kal
553 3262 956 3334 ἐντραπείησαν
980 3259 1183 3324 πάντες
1214 3260 1265 3314 οἱ
1302 3259 1704 3331 ἐνδεικνύμενοι
1735 3260 1847 3321 τοῖς
1871 3255 2078 3320 δούλοις
2110 3272 2205 3310 σου
2253 3253 2401 3308 κακά
2422 3294 2437 3319 ,
2468 3255 2566 3309 καὶ
2618 3255 3142 3329 καταισχυνθείησαν
3194 3258 3303 3312 ἀπὸ
3351 3258 3531 3330 πάσης
3580 3258 3677 3312 δυ-

406 3355 628 3424 νάμεως
685 3354 780 3407 καὶ
812 3350 1154 3417 δυναστείας,
1194 3352 1289 3406 καὶ
1333 3353 1366 3424 ὴ
1407 3351 1562 3422 ἰσχὺς
1617 3349 1799 3406 αὐτῶν
1866 3347 2201 3422 συντριϐείη,
2244 3348 2335 3405 καὶ
2361 3346 2657 3417 γνώτωσαν
2688 3349 2771 3403 ὅτι
2805 3350 2870 3404 σὺ
2904 3349 2955 3402 sl
3001 3349 3206 3421 Κύριος
3253 3351 3284 3404 ὁ
3330 3349 3462 3416 Θεὸς
3509 3351 3676 3424 μόνος

405 3447 508 3502 καὶ
533 3445 742 3511 ἔνδοξος
769 3445 854 3514 ἐφ’
877 3445 1006 3516 ὅλην
1038 3445 1136 3516 τήν
1160 3444 1508 3517 οἰκουμένην.
1547 3464 1568 3498 ι

480 3540 550 3594 Et
580 3555 689 3593 non
716 3537 1027 3601 cessabant,
1050 3536 1144 3607 qui
1179 3536 1438 3591 miserant
1459 3550 1554 3592 eos
1587 3533 1821 3591 ministri
1852 3530 1994 3604 regis
2062 3572 2069 3579 .

406 3620 810 3687 succendentes
841 3629 1116 3684 fornacem
1132 3628 1399 3698 naphtha,
1418 3636 1473 3682 et
1497 3627 1637 3698 pice,
1659 3634 1715 3682 et
1739 3635 1915 3696 stupa,
1940 3633 1997 3678 et

418 3724 727 3788 malleolis;
763 3732 818 3777 et
860 3721 1247 3777 effundebatur
1274 3718 1487 3773 flamma
1524 3732 1691 3787 super
1718 3716 1993 3770 fornacem

414 3817 471 3870 in
497 3814 716 3871 cubitos
748 3813 1102 3884 quadraginta
1146 3826 1364 3875 novem,
1402 3819 1457 3865 et
1482 3807 1693 3878 erupit,
1720 3815 1777 3861 et
1805 3805 1997 3861 incen-l

413 3908 497 3963 dit
526 3923 667 3978 quos
704 3906 916 3961 invenit
940 3907 1085 3960 circa
1124 3903 1401 3961 fornacem
1446 3901 1847 3957 Chaldaeorum.
1876 3895 1995 3951 An-

406 4000 571 4072 gelus
599 4008 782 4054 autem
820 3996 1033 4051 Domini
1061 3996 1342 4055 descendit
1371 4009 1494 4049 cum
1524 3991 1717 4046 Λεία-ἑο
1741 3998 1797 4045 et
1832 3987 1997 4044 sociis

406 4090 537 4158 ejus
585 4088 639 4141 in
678 4085 984 4149 fornacem,
1037 4094 1092 4139 et
1135 4083 1380 4140 excussit
1429 4082 1700 4136 flammam
1744 4078 1886 4151 ignis
1928 4077 1996 4132 de

405 4179 658 4237 fornace,
708 4184 765 4230 et
805 4175 935 4231 fecit
988 4175 1232 4230 medium
1288 4173 1547 4239 fornacis,
1573 4170 1726 4241 quasi
1772 4177 1996 4225 ventum

404 4266 562 4321 roris
617 4263 862 4319 flantem.
912 4261 981 4316 Et
1020 4278 1135 4317 nou
1180 4263 1358 4334 tetigit
1411 4277 1508 4317 eos
1562 4259 1789 4315 omnino
1834 4257 1993 4328 ignis,

2162 3525 2357 3615 Καὶιού
2383 3525 2621 3580 διέλιπον
2648 3526 2698 3581 οῖ
2726 3527 3055 3599 ἐμϐαλόντες
3084 3530 3131 3562 ⁷⁸
3162 3530 3359 3596 αὐτοὺς
3401 3535 3672 3607 ὑπηρέται

2091 3617 2186 3672 τοῦ
2204 3617 2465 3689 βασιλέως
2482 3618 2525 3648 ⁷⁸
2550 3617 2797 3682 καίοντες
2812 3618 2909 3691 τὴν
2925 3620 3155 3691 κάμινον
3171 3622 3403 3692 νάφθαν,
3427 3626 3521 3678 καὶ
3540 3641 3672 3682 πισ-

2096 3724 2217 3771 σαν,
2248 3707 2341 3761 καὶ
2372 3709 2623 3760 στυπεῖον
2642 3708 2709 3772 ⁷³,
2737 3713 2833 3761 καὶ
2862 3706 3168 3780 κληματίδα
3198 3729 3213 3742 ο
3245 3714 3338 3767 καὶ
3377 3715 3608 3786 διεχεῖτο
3634 3721 3671 3790 ἡ

2095 3796 2225 3868 φλὸξ
2247 3798 2433 3852 ἐπάνω
2460 3796 2561 3867 τῆς
2585 3799 2819 3868 καμίνου
2852 3800 2948 3853 ἐπὶ
2988 3803 3181 3872 πήχεις
3217 3804 3376 3878 134
3402 3811 3674 3880 τεσσαρά-

2094 3905 2259 3943 κοντα
2288 3891 2465 3957 ἐννέα,
2493 3891 2588 3944 καὶ
2616 3890 2902 3948 διώδευσεν
2929 3894 3022 3947 καὶ
3056 3896 3376 3968 ἐνεπύρισεν
3408 3898 3501 3964 οὓς
3533 3896 3673 3974 ηὗρε

2096 3995 2163 4031 πε
2172 3977 2226 4049 pl
2246 3979 2344 4050 τὴν
2373 3980 2418 4012 ⁷⁸
2443 3982 2673 4051 κάμινον
2692 3982 2798 4036 τῶν
2823 3982 3129 4040 Χαλδαίων.
3169 3984 3225 4041 '0
3247 3987 3304 4041 δέ
3323 3987 3556 4058 ἄγγελος
3572 3991 3675 4047 τοῦ

2096 4070 2300 4141 Κυρίου
2327 4073 2636 4159 συγκατέϐη
2657 4073 2772 4142 ἅμα
2790 4076 2902 4137 τοῖς
2929 4076 3058 4147 περὶ
3073 4074 3163 4129 τὸν
3196 4075 3454 4150 Ἀζαρίαν
3469 4080 3551 4143 είς
3570 4081 3675 4152 τήν

2095 4162 2349 4234 κάμινον,
2380 4165 2473 4217 καὶ
2503 4163 2809 4230 ἐξετίναξεν
2836 4169 2933 4238 τὴν
2955 4169 3131 4238 φλόγα
3161 4170 3257 4224 τοῦ
3287 4173 3456 4243 πυρὸς
3481 4174 3548 4227 ἐκ
3570 4174 3678 4245 τῆς

2097 4253 2351 4325 καμίνου,
2406 4255 2502 4308 καὶ
2552 4257 2809 4329 ἐποίησεν
2855 4259 2916 4312 τὸ
2962 4259 3128 4330 μέσον
3176 4261 3277 4332 τῆς
3316 4265 3549 4334 καμίνου
3595 4265 3678 4331 ώς

406 4371 598 4427 neque
625 4355 989 4417 contristavit,
1025 4370 1125 4408 nec
1162 4319 1456 4424 quidjluam
1490 4351 1756 4406 molestia:
1789 4349 1989 4404 intulit.

2099 4319 2317 4417 πνεῦμα
2359 4347 2554 4419 δρόσου
2613 4319 3085 4420 ὄψ’συρίζον.’Καὶ
3135 4319 3448 4425 οὑχ-γηψατο
3492 4319 3679 4411 αὐτῶν

414 4444 661 4501 Τυιιοτιιί
694 4452 805 4499 tres
826 4441 983 4513 quasi
1010 4456 1078 4497 ex
1109 4457 1217 4496 uno
1255 4456 1349 4496 ore
1376 4440 1668 4497 laudabant
1690 4446 1746 4492 et
1782 4436 1991 4508 gloriti-

417 4536 635 4603 cabant,
656 4546 719 4590 et
746 4533 1144 4589 benedicebant
1175 4532 1345 4587 Deum
1376 4529 1431 4584 in
1462 4528 1676 4584 camino
1706 4528 1951 4583 dicentes
1977 4545 1990 4580 :

2100 4435 2330 4491 καθόλου
2355 4437 2416 4491 τὸ
2454 4437 2566 4509 πῦρ
2590 4454 2604 4469 ·
2630 4439 2725 4492 καὶ
2755 4440 2857 4494 οὐκ
2899 4441 3170 4513 ἐλύπησεν
3206 4446 3326 4499 ούδέ
3359 4442 3679 4519 ἠνώχλησεν

2103 4525 2322 4591 αὐτούς.
2353 4527 2487 4581 Τότε
2517 4529 2565 4581 oi
2599 4532 2747 4600 τρεῖς
2784 4531 2862 4594 ώς
2909 4530 2968 4597 ἐξ
3002 4533 3121 4597 ἐνὸς
3150 4535 3416 4605 στόματος
3445 4535 3678 4606 ὕμνουν,

405 4647 445 4679 -ε
483 4625 814 4681 Benedictus
845 4639 925 4689 es,
961 4623 1186 4678 Domine
1224 4619 1369 4677 Deus
1407 4629 1619 4690 patrum
1660 4626 1994 4685 nostrorum,

418 4728 476 4775 et
508 4716 796 4771 laudabilis
831 4724 888 4771 et
919 4714 1354 4785 superexaltatus
1397 4711 1455 4766 in
1482 4710 1678 4766 saecula
1699 4751 1714 4775 ,
1748 4717 1804 4762 et
1829 4708 2002 4762 bene-

2103 4619 2199 4674 καὶ
2234 4617 2502 4686 ἐδόξαζον.
2532 4622 2625 4675 καὶ
2646 4623 2902 4693 εύλόγουν
2936 4624 3030 4680 τὸν
3057 4625 3190 4681 θεὸν
3230 4629 3292 4681 ἐν
3333 4632 3399 4700 τῇ
3433 4630 3676 4703 καμίνῳ,

2099 4708 2350 4778 λέγοντες
2375 4728 2391 4743 ο
2424 4730 2443 4762 ι
2478 4710 2781 4781 Εὐλογητὸς
2808 4710 2881 4780 εἴ,
2920 4716 3092 4789 Κύριε
3125 4720 3155 4771 ό
3183 4717 3315 4781 Θεὸς
3364 4719 3475 4775 τῶν
3506 4722 3682 4776 πατέ-

424 4810 633 4866 dictum
669 4823 873 4865 nomen
907 4820 1061 4864 tuum
1096 4815 1368 4868 sanetum,
1400 4816 1459 4860 et
1490 4801 1926 4874 superlaudabile
1949 4811 1994 4855 el

2102 4817 2211 4871 ρων
2245 4802 2426 4872 ἡμῶν,
2460 4805 2555 4857 καὶ
2585 4805 2817 4870 αίνετὸς,
2845 4807 2939 4860 καὶ
2972 4808 3416 4880 ὑπερυψούμενος
3442 4813 3524 4876 εἰς
3548 4814 3680 4878 τοὺς

418 4901 886 4972 super-exaltatum
918 4901 972 4955 in
1002 4898 1220 4955 amcitia.
1265 4897 1593 4977 Benedictus
1620 4912 1681 4951 es
1714 4895 1770 4950 in
1801 4894 1994 4963 temple

2100 4895 2322 4960 αἰῶνας,
2351 4897 2446 4950 καὶ
2477 4896 2843 4970 εύλογημένον
2872 4900 2933 4955 τὸ
2956 4901 3129 4972 όνομά
3152 4920 3246 4956 σου
3276 4904 3339 4958 τὺ
3376 4904 3554 4975 ἅγιον,
3580 4906 3679 4961 καὶ

423 5002 626 5050 sanctae
653 4992 837 5064 gloriae
873 5001 1014 5057 tua},
1061 5001 1117 5047 et
1149 4989 1602 5061 superlandabilis
1639 4995 1696 5042 et
1723 4987 1994 5057 supr-rgio-

2103 4985 2507 5058 ὑπερύμνητον,
2562 4989 2656 5043 καὶ
2687 4991 3133 5071 ύπτρυψούμενον
3173 4995 3253 5060 εἰς
3297 4997 3425 5061 τοὺς
3448 4996 3679 5062 αἰῶνας.

415 5082 604 5138 riosus
640 5082 696 5136 in
728 5081 944 5136 saecula.
982 5080 1106 5134 »ςΕι
1152 5090 1278 5150 post
1325 5094 1495 5150 pauca
1539 5096 1554 5135 :
1604 5096 1623 5129 ι
1663 5075 1994 5140 Bcnedicite,

2109 5073 2569 5149 Εὐλογημένοςεῐ
2597 5081 2655 5134 ἐν
2692 5080 2771 5152 τῷ
2797 5083 2910 5151 ναῷ
2941 5086 3043 5155 τῆς
3065 5085 3230 5154 ἁγίας
3249 5086 3407 5158 δόξης
3440 5104 3560 5150 σου,
3580 5090 3683 5143 καὶ

423 5173 659 5236 Anania,
715 5172 907 5228 Azaria
956 5181 1014 5227 et
1077 5171 1297 5237 Misael,
1348 5170 1605 5235 Domino,
1669 5167 1888 5223 laudate
1945 5174 1994 5227 et

2110 5166 2514 5240 ὐπερύμνητος,
2561 5173 2658 5226 καὶ
2703 5171 3057 5244 ὑπερένδοξος
3102 5177 3191 5241 sl;
3212 5178 3339 5241 τοὺς
3383 5178 3609 5242 αἰῶνας.
3652 5199 3675 5231 ι

425 5262 827 5334 superexaltate
909 5277 1033 5317 eum
1110 5262 1165 5316 in
1236 5260 1505 5325 smcula,‘
1545 5258 1674 5328 quia
1746 5256 1994 5311 liberavit

2106 5259 2217 5313 Καὶ
2252 5261 2390 5331 μετὰ
2432 5261 2670 5334 βραχέαο
2735 5283 2755 5317 ι
2811 5267 3112 5336 Εὑλογεῖτε,
3161 5269 3399 5336 Ἁνανία,
3448 5271 3686 5341 Ἀζαρία

426 5368 530 5410 nos
574 5353 641 5406 de
701 5352 934 5413 inferno,
988 5361 1044 5405 et
1104 5352 1329 5406 saltavit
1381 5366 1481 5404 nos
1520 5349 1588 5403 de
1640 5361 1803 5404 manu
1849 5361 1994 5401 mor-

2103 5351 2198 5404 καὶ
2234 5352 2473 5425 Μισαὴλ,
2524 5356 2617 5411 τὸν
2664 5356 2888 5428 Κύριον,
2924 5358 3141 5430 ὑμνεῖτε
3201 5362 3295 5414 καὶ
3335 5361 3686 5437 smmis:

1710 5504 1948 5562 VM!le
1982 5506 2391 5566 LECTIONES.

499 5624 545 5656 "
573 5622 1206 5705 οὑδέιέποιήσαμενοοω.
1374 5624 1419 5705 ξξ
1449 5622 1569 5705 abst
1611 5622 1663 5678 0.
1692 5625 1785 5705 tta}
1816 5625 1866 5681 0.
1912 5626 1971 5680 Ρ.
2069 5627 2116 5658 ⁷⁸
2143 5624 2501 5695 ἐμϐάλλοντες
2528 5626 2637 5684 PV.

432 5692 479 5727 η
499 5629 545 5656 ⁸³
573 5629 694 5677 οὐδὲ
735 5629 1206 5705 ἐποιήσαμενοοω.
1240 5629 1297 5677 Ρ.
1374 5629 1419 5655 ⁸³
1449 5629 1569 5676 οὐδὲ
1611 5629 1663 5678 0.
1692 5629 1785 5679 καὶ
1816 5629 1866 5681 θ.
1912 5629 1971 5680 Ρ.
2069 5629 2116 5658 ⁷⁸
2143 5629 2501 5695 ἐμϐάλλοντες
2528 5629 2637 5684 PV.
2739 5630 2784 5664 "
2822 5629 2917 5684 τοῦ
2947 5629 3261 5690 Βαϐυλῶνος
3302 5629 3570 5703 ﬁamus);
3618 5632 3689 5693 P.

514 5692 780 5749 στυππεῖον
813 5689 875 5757 Ρ,
923 5707 1187 5747 στιππυον
1229 5690 1295 5749 ν.
1374 5692 1419 5726 ⁷³
1452 5692 1551 5765 τήν
1601 5708 1709 5749 om.
1739 5693 1798 5750 P.
