3910 6336
199 375 310 441 345

711 487 787 552 δ’,
846 495 918 553 ε’,
975 486 1062 552 ς’,
1120 486 1261 550 ζ’³¹.

711 577 806 646 In?
851 577 1180 647 Ὀλυμπιάς
1194 579 1258 633 ³¹.

272 671 430 724 Μετὰ
487 666 714 720 Εῦειλάδ
769 667 1032 738 Μαῳδάχ
1087 667 1362 737 βασιλεύει
1425 669 1703 725 Χαλδαίων
1751 674 1774 721 ι

203 761 434 829 ἀδελφὸς
455 758 623 812 αὑτοῦ
655 758 943 827 Βαλτασάρ
978 757 1074 828 ἐτη
1103 757 1167 814 δ’.
1329 758 1465 828 ὁμοῦ
1491 758 1671 829 ,εθιοκ

835 950 910 1006 α’,
953 943 1020 1013 β’,
1062 941 1130 1011 γ’.

273 1031 325 1085 κ’
343 1033 528 1097 hoc”
561 1034 898 1104 προφητείας
947 1035 1210 1106 ἰεζεκιηλ
1245 1035 1339 1089 καὶ
1365 1035 1412 1087 λ’
1443 1035 1780 1107 προφητείας

211 1125 403 1196 Δανιὴλ
429 1127 489 1178 ἐν
515 1124 815 1180 Βαϐυλῶνι.

965 1218 1029 1271 δ’.

274 1305 565 1379 Βαλτάσαρ
602 1309 632 1361 6
678 1307 933 1378 βασιλεὺς
975 1307 1199 1377 ἐποίησε
1237 1307 1451 1362 δεῖπνον
1496 1309 1640 1380 μέγα
1667 1312 1779 1373 τοῖς

211 1399 526 1463 μεγιστᾶσιν
546 1397 591 1428 ³⁸
632 1397 801 1450 αὐτοῦ
829 1397 1057 1468 ἀνδράσι
1093 1417 1160 1469 Ια.
1219 1400 1523 1453 Κατέναντι
1553 1399 1660 1451 τῶν
1689 1417 1777 1470 χι-

205 1485 330 1538 λίων
363 1487 537 1539 πίνων
561 1486 869 1558 Βαλτάσαρ,
906 1485 1060 1541 εἶπεν
1091 1490 1148 1542 ὲν
1191 1493 1256 1558 τῇ
1292 1489 1476 1556 γεύσει
1507 1489 1600 1544 τοῦ
1637 1492 1778 1544 οίνου

207 1575 507 1646 ἐξενεγκεῖν
531 1579 602 1631 τά
635 1580 807 1649 σκεύη
836 1581 904 1633 τὰ
928 1583 1106 1651 χρυσᾶ
1133 1584 1226 1635 καὶ
1260 1582 1325 1635 τὰ
1359 1583 1599 1652 ἀργυρᾶ,
1623 1582 1660 1635 ὃ.
1686 1582 1776 1646 ἐξ·

207 1668 404 1737 ήνεγκε
423 1669 902 1741 Ναϐουχοδονόσορ
939 1673 967 1723 6
1013 1672 1192 1742 πατὴρ
1223 1672 1388 1726 αὑτοῦ
1409 1663 1495 1726 ’ὲκ
1518 1669 1616 1725 ’τοῦ
1647 1671 1776 1726 ναοῦ

203 1757 298 1810 τοῦ
329 1759 390 1811 ὲν
432 1759 814 1831 Ἰερουσαλὴμ,
859 1761 952 1814 καὶ
993 1763 1293 1816 πινέτωσαν
1325 1766 1381 1816 ὲν
1410 1765 1593 1826 αὐτοῖς
1616 1766 1643 1816 6
1679 1763 1776 1834 βα-

207 1849 407 1912 σιλεὺς,
442 1851 540 1903 καὶ
582 1852 632 1902 οί
682 1854 1006 1920 μεγιστᾶνες
1048 1851 1233 1914 αὑτοῦ,
1265 1854 1360 1905 καὶ
1403 1856 1458 1906 αί
1503 1833 1777 1908 παλλακαὶ
1808 1833 1847 1886 Β

205 1935 396 1998 αὐτοῦ,
429 1937 524 1989 καὶ
554 1937 612 1990 αί
647 1940 971 2008 παράκοποι
1006 1939 1190 1994 αὑτοῦ.
1233 1941 1340 1993 Καὶ
1366 1942 1672 2012 ἠνέχθησαν
1708 1944 1778 1997 τὰ

205 2026 370 2096 σκεύη
404 2027 473 2080 τὰ
502 2031 684 2098 χρυσᾶ
706 2029 802 2082 καὶ
826 2029 892 2082 τὰ
917 2031 1156 2100 ἀργυρᾶ,
1196 2031 1232 2085 ἃ
1263 2033 1554 2102 ἐξήνεγκεν
1593 2036 1656 2086 ὲκ
1681 2034 1774 2088 τοῦ

204 2117 328 2170 ναοῦ
357 2117 457 2170 τοῦ
489 2119 628 2172 Θεοῦ
649 2121 694 2159 ³⁸
721 2119 814 2173 τοῦ
847 2122 906 2174 ὲν
951 2121 1329 2192 Ἰερουσαλήμ.
1369 2123 1477 2175 Καὶ
1509 2123 1690 2176 ἔπινον
1720 2125 1777 2176 ὲν

201 2209 383 2273 αὐτοῖς
423 2212 455 2262 6
501 2210 776 2279 βασιλεὺς,
805 2213 900 2264 καὶ
922 2214 973 2263 oi.
1012 2215 1334 2280 μεγιστᾶνες
1365 2213 1561 2278 αὐτοῦ,
1599 2214 1692 2266 καὶ
1721 2216 1775 2266 αί

203 2303 480 2354 παλλακαὶ
503 2301 691 2367 αὐτοῦ,
718 2304 812 2354 καὶ
843 2305 899 2356 αἱ
933 2304 1253 2374 παράκοιτοι
1282 2303 1448 2356 αὑτοῦ
1479 2303 1664 2358 ἔπινον
1704 2300 1779 2358 ol-

201 2408 306 2454 νον,
339 2393 440 2445 καὶ
485 2394 688 2462 ᾔνεσαν
727 2395 854 2456 τοὺς
887 2393 1041 2456 θεοὺς
1085 2396 1210 2457 τοὺς
1254 2394 1509 2465 χρυσοῦς,
1549 2396 1644 2448 καὶ
1685 2396 1784 2466 ἀρ-

199 2484 420 2554 γυροῦς,
473 2487 572 2538 καὶ
607 2485 881 2555 χαλκοῦς,
920 2487 1012 2539 καὶ
1059 2486 1330 2556 σιδηροῦς,
1381 2486 1475 2540 καὶ
1519 2485 1782 2550 ξυλίνους,

198 2577 288 2627 καί
315 2574 580 2640 λιθίνους,
609 2575 705 2628 καὶ
733 2574 824 2628 τὸν
844 2575 976 2628 Θεὸν
1000 2574 1096 2628 τοῦ
1118 2575 1312 2638 αίῶνος
1345 2577 1444 2628 οὐκ
1478 2575 1782 2646 εὐλόγησαν

195 2664 282 2716 τὸν
311 2665 513 2734 ἔχοντα
556 2665 655 2735 τὴν
690 2664 939 2729 ἐξουσίαν
970 2665 1062 2718 τοῦ
1101 2665 1410 2735 πνεύματος
1435 2666 1633 2719 αὐτῶν.
1689 2667 1775 2719 Ἐν

193 2757 330 2827 αὐτῇ
373 2759 444 2826 τῇ
474 2757 598 2829 ὥρα
640 2756 863 2827 ἐξῆλθον
897 2757 1149 2812 δάκτυλοι
1198 2757 1377 2827 χειρὸς
1391 2757 1436 2789 ³⁸
1463 2756 1770 2828 ἀνθρώπου,

196 2847 288 2896 καὶ
338 2846 590 2917 ἔγραφον
632 2847 921 2900 κατέναντι
966 2849 1065 2917 τῆς
1101 2847 1383 2918 λαμπάδος
1429 2847 1522 2899 ἐπὶ
1553 2847 1646 2900 τοῦ
1685 2864 1774 2900 κο-

195 2933 458 2999 νιάματος
495 2936 592 2989 τοῦ
622 2937 804 3008 τοίχου
844 2937 939 2990 τοῦ
973 2937 1124 2990 οίκου
1154 2936 1248 2990 τοῦ
1281 2937 1570 3007 βασιλέως.
1602 2938 1716 2991 Καὶ
1746 2939 1775 2992 6

1406 381 1658 441 CHRON
1669 380 1838 440 [ΕΘΝ
1869 382 2269 442 PASCHALE.

1808 495 1856 550 Λ

3356 382 3460 446 346

2477 507 2552 553 ιν,
2580 509 2632 554 v,
2666 507 2740 555 vi,
2765 507 2860 544 vn.

2400 579 2486 633 XL
2499 579 2593 634 VII
2630 579 2934 648 Olympias.

1949 671 2080 724 Post
2114 667 2300 722 Evilad
2339 665 2660 730 Marodach,
2691 681 2855 735 super
2895 665 3177 721 Chaldaeos
3217 666 3458 735 regnavit

1883 761 2054 817 frater
2109 762 2230 829 ejus
2291 759 2537 812 Baltasar
2590 771 2765 812 annos
2818 773 2892 811 tv.
2939 757 3276 829 Colliguntur
3329 757 3458 810 anni

1884 863 2268 906 ιν.ιίι›ε‹;(;(;ιικ.

2540 958 2578 1002 ι,
2613 955 2674 1006 ιι,
2707 956 2785 994 ιιι.

1952 1032 2257 1102 Prophetize
2303 1031 2623 1093 Ezechielis,
2669 1047 2736 1085 xx
2768 1045 2964 1096 annus,
3001 1039 3056 1084 et
3119 1047 3228 1084 xxx
3283 1046 3459 1086 annus

1879 1123 2182 1196 prophetiae
2216 1121 2453 1177 Danielis
2482 1121 2774 1191 Babylone.

2627 1230 2702 1267 ιν.
2993 1265 2998 1270 .

1953 1306 2195 1360 Baltasar
2225 1304 2354 1359 fecit
2382 1304 2587 1374 grande
2619 1301 2934 1357 convivium
2966 1301 3320 1370 optimatibus
3345 1302 3459 1356 suis

1881 1398 2049 1462 mille;
2080 1407 2135 1451 et
2165 1411 2346 1450 coram
2378 1395 2525 1449 mille
2547 1394 2740 1449 bibens
2770 1393 3035 1455 Baltasar,
3061 1391 3322 1461 praecepit
3345 1391 3456 1460 jam

1883 1488 2238 1549 temulentus,
2276 1496 2334 1540 ut
2384 1486 2713 1540 aﬂ‘errentur
2742 1499 2872 1538 vasa
2913 1499 3076 1537 aurea
3113 1493 3171 1538 et
3203 1490 3456 1552 argentea

1879 1597 2000 1650 quas
2031 1588 2405 1649 asportaverat
2431 1587 2586 1647 pater
2623 1577 2744 1645 ejus
2771 1577 2838 1632 de
2879 1578 3079 1646 templo
3103 1576 3245 1645 quod
3271 1575 3372 1629 fuit
3405 1575 3455 1627 in

1877 1671 2204 1733 Jerusalem,
2233 1679 2292 1723 ut
2320 1669 2571 1723 biberent
2603 1669 2658 1720 in
2689 1669 2768 1724 eis
2790 1683 2881 1722 rex
2916 1676 2972 1721 et
3003 1668 3290 1736 optimates
3318 1667 3455 1734 ejus,

1882 1777 2192 1830 uxoresque
2214 1761 2336 1830 ejus
2367 1769 2422 1814 et
2449 1758 2787 1814 concubinae.
2821 1759 2976 1812 Tunc
2993 1758 3149 1811 allata
3183 1764 3308 1810 sunt
3335 1770 3458 1809 vasa

1879 1869 2000 1922 quae
2031 1859 2409 1920 asportavcrat
2439 1849 2506 1901 de
2529 1848 2752 1917 templo,
2777 1847 2921 1916 quod
2949 1847 3123 1900 fueiat
3151 1845 3204 1898 in
3239 1843 3458 1898 Jerusa-

1879 1944 1983 1997 lem
2013 1963 2024 1996 :
2055 1951 2110 1997 et
2151 1941 2407 1994 biberunt
2443 1937 2496 1992 in
2527 1937 2606 1991 eis
2634 1953 2726 1990 rex
2757 1943 2812 1990 et
2841 1937 3126 2005 Optimatcs
3149 1935 3288 2004 ejus,
3326 1949 3461 1988 uxo-

1879 2051 1968 2090 res
1990 2043 2046 2088 et
2075 2031 2396 2087 concubinae
2429 2030 2569 2099 ejus.
2619 2029 2886 2084 Bibebant
2922 2029 3108 2082 vinum
3129 2067 3143 2092 ,
3175 2037 3230 2082 et
3271 2027 3460 2082 lauda-

1885 2126 2018 2179 bant.
2047 2123 2180 2178 deos
2211 2136 2342 2176 suos
2369 2136 2566 2175 aureos
2595 2131 2651 2174 et
2681 2129 2988 2188 argenteos,
3011 2134 3202 2181 aareos,
3233 2117 3458 2184 ferreos,

1880 2215 2198 2285 ligneosque
2227 2222 2281 2266 et
2314 2211 2579 2280 lapideos,
2613 2221 2670 2265 et
2700 2227 2809 2264 non
2847 2210 3142 2264 laudabant
3172 2210 3337 2262 Deum
3360 2223 3462 2263 sa:-

1883 2304 1990 2359 culi
2021 2305 2112 2372 qui
2141 2302 2303 2356 habet
2337 2307 2663 2370 potestatem
2695 2300 2918 2370 spiritus
2949 2314 3156 2352 eorum.
3184 2298 3242 2351 ln
3272 2298 3459 2352 eadem

1883 2399 2016 2451 hora
2071 2391 2692 2466 apparueruntdigiti,
2761 2391 2915 2460 quasi
2967 2406 3162 2445 manus
3216 2388 3456 2443 hominis

1881 2487 2172 2545 scribentis
2211 2495 2402 2541 contra
2450 2483 2833 2538 candelabrum
2868 2483 2920 2536 in
2955 2481 3242 2558 superficie
3284 2479 3460 2550 parie-

1882 2579 1950 2633 tis
1981 2577 2118 2632 aula:
2164 2575 2344 2644 regiae.
2378 2574 2445 2628 Et
2477 2587 2570 2626 rex
2619 2570 2923 2640 aspiciebat
2967 2570 3223 2624 articulos
3265 2583 3461 2622 manus

1881 2667 2192 2724 scribentis.
2232 2665 2386 2719 Tunc
2419 2664 2586 2719 facies
2617 2663 2762 2731 regis
2789 2670 3119 2717 commutata
3151 2669 3253 2724 est,
3289 2668 3344 2714 et
3367 2674 3460 2714 co-

1881 2760 2172 2832 gitationes
2183 2757 2303 2826 ejus
2316 2755 2715 2810 conturbabant
2729 2769 2853 2808 cum
2871 2772 2882 2807 :
2897 2762 2950 2807 et
2967 2766 3254 2822 compages
3267 2766 3458 2804 renum

1881 2847 2003 2916 ejus
2029 2845 2402 2910 solvebantur,
2431 2853 2486 2898 et
2524 2858 2698 2914 genua
2725 2844 2846 2912 ejus
2882 2843 2950 2897 ad
2995 2857 3053 2896 se
3089 2841 3318 2895 invicem
3348 2839 3461 2895 col-

1881 2936 2210 2991 lidcbantur.

193 3025 450 3094 βασιλεὺς
482 3028 709 3101 ἐθεώρει
771 3033 899 3094 τοὺς
936 3030 1315 3102 ἀστραγάλους
1347 3032 1444 3103 τῆς
1475 3033 1660 3104 χειρὸς
1698 3034 1794 3103 τῆς
1829 3031 2169 3102 γραφούσης.
2199 3030 2335 3082 Τότε
2380 3027 2474 3084 τοῦ
2536 3026 2802 3094 βασιλέως
2845 3030 2877 3096 ή
2927 3029 3108 3098 μορφὴ
3167 3024 3456 3098 ἠλλοιώθη.

193 3119 284 3171 καὶ
310 3122 359 3173 οἱ
390 3121 738 3192 διαλογισμοί⁸
769 3122 927 3193 139
955 3123 1118 3178 αὐτοῦ
1150 3125 1553 3197 συνετάρασσον
1583 3125 1768 3189 αὐτὸν,
1803 3125 1899 3179 καὶ
1955 3125 2004 3176 οί
2053 3122 2245 3192 δεσμοὶ
2291 3120 2392 3190 τῆς
2432 3121 2631 3188 ὀσφύος
2675 3120 2840 3175 αὑτοῦ
2874 3119 3181 3184 διελύοντο,
3237 3119 3328 3172 καὶ
3389 3117 3458 3169 τὰ

191 3212 392 3280 γόνατα
425 3213 596 3266 αὑτοῦ
625 3215 1039 3286 συνεκρούοντο.

260 3305 374 3356 Καὶ
422 3303 652 3371 ἐϐόησεν
683 3308 710 3357 6
741 3305 994 3374 βασιλεὺς
1035 3309 1092 3360 ἐν
1131 3309 1278 3378 ίσχύῖ
1312 3308 1406 3362 τοῦ
1457 3311 1771 3377 εἰσαγαγεῖν

1950 3300 2279 3356 Exclamavit
2319 3299 2499 3367 itaque
2537 3313 2630 3352 rex
2675 3297 2910 3361 fortiter,
2949 3307 3008 3351 ut
3047 3297 3457 3357 introducerent

199 3396 406 3463 μάγους
431 3433 446 3456 ,
490 3395 829 3461 Χαλδαίους,
876 3398 1256 3470 Γαζαρηνούςο
1304 3403 1398 3454 καὶ
1440 3399 1716 3471 ἀπεκρίθη
1747 3403 1775 3452 6

197 3486 450 3556 βασιλεὺς
492 3486 590 3538 καὶ
621 3482 745 3540 εἷπε
784 3491 894 3552 τοῖς
926 3493 1110 3559 σοφοῖς
1143 3491 1490 3555 Βαϐυλῶνος·
1527 3510 1546 3544 ι
1583 3494 1680 3554 Ὃς
1708 3495 1774 3546 ἂν

197 3575 414 3645 αναγνῷ
436 3575 536 3646 τὴν
561 3577 778 3647 γραφὴν
802 3578 1128 3648 ταύτην,καὶ
1160 3583 1257 3652 τὴν
1289 3583 1574 3654 σύγκρισιν
1603 3583 1774 3654 αὐτῆς

196 3669 440 3739 γνωρίσῃ
477 3685 590 3738 μοι.
624 3671 912 3741 πορφύραν
941 3672 1255 3738 ἐνδύσεται,
1297 3675 1390 3727 καὶ
1422 3678 1449 3728 ὁ
1476 3671 1774 3746 ¹μανιάκης

197 3761 225 3810 6
254 3759 489 3828 χρυσοῦς
519 3761 614 3812 ἐπὶ
643 3760 736 3812 τὸν
767 3761 1036 3832 τράχηλον
1059 3764 1244 3828 αὑτοῦ,
1277 3767 1369 3818 καὶ
1396 3767 1576 3838 τρίτος
1617 3770 1675 3821 ὲν
1705 3771 1769 3839 τῇ

199 3850 447 3922 βασιλείᾳ
491 3868 598 3920 μου
633 3852 810 3922 ἄρξει.
852 3872 870 3904 ι
907 3855 1017 3908 Καὶ
1045 3857 1451 3928 εἰσεπορεύοντο
1493 3861 1692 3924 πάντες
1722 3863 1772 3914 οί

199 3944 350 4009 σοφοὶ
385 3941 480 3993 τοῦ
526 3941 812 4010 βασιλέως,
862 3944 952 3996 καὶ
1001 3946 1100 3999 οῦκ
1140 3946 1397 4016 ἠδύναντο
1431 3948 1527 4020 τὴν
1554 3951 1772 4022 γραφὴν

196 4033 532 4099 ἀναγνιῖιναι,
559 4032 680 4085 οὐδὲ
701 4031 798 4100 τὴν
833 4033 1120 4104 σύγκρισιν
1147 4036 1226 4105 τῷ
1257 4037 1464 4107 βασιλεί
1487 4041 1766 4110 γνωρίσαι.

197 4124 304 4175 Καὶ
344 4126 375 4175 6
419 4123 678 4192 βασιλεὺς
713 4124 1002 4191 Βαλτάσαρ
1027 4128 1324 4198 ἐταράχθη,
1369 4131 1462 4182 καὶ
1506 4133 1538 4198 ἠ
1591 4133 1770 4202 μορφὴ

198 4213 363 4264 αὐτοῦ
397 4211 667 4281 ἠλλοιώθη
696 4214 782 4266 ἐπ’
817 4213 988 4283 αὐτῷ,
1021 4217 1116 4267 καὶ
1157 4218 1205 4268 οί
1249 4220 1576 4286 μεγιστᾶνες
1605 4219 1769 4273 αὑτοῦ

199 4307 692 4373 συνεταράσσοντο.
725 4305 834 4357 Καὶ
870 4308 904 4376 ἡ
947 4306 1233 4376 βασίλισσα
1273 4309 1520 4380 εἰσῆλθεν
1562 4311 1643 4374 είς
1681 4311 1771 4364 τὸν

195 4391 342 4449 οἷκον
375 4395 472 4447 τοῦ
505 4396 694 4459 τούτου,
728 4397 823 4460 καὶ
861 4397 1138 4468 ἀπεκρίθη
1183 4400 1215 4467 ἡ
1262 4399 1546 4468 βασίλισσα
1576 4403 1669 4455 καὶ
1703 4398 1774 4455 εἷο

197 4505 324 4540 πεν⁹
374 4506 395 4538 ι
433 4487 753 4550 Βασιλεῦ³⁷,
784 4489 862 4551 είς
890 4490 1016 4560 τοὺς
1045 4489 1246 4552 αἰῶνας
1273 4490 1426 4559 ζῆθι·
1459 4492 1533 4563 μὴ
1562 4507 1764 4562 ταρασ-

1877 3408 2080 3466 magos,
2119 3391 2400 3446 Chaldzeos
2438 3398 2494 3443 et
2536 3389 2831 3458 aruspices.
2875 3387 2938 3442 Et
2975 3388 3304 3457 proloquens
3341 3406 3454 3458 rex,

1875 3485 1952 3540 ait
1976 3483 2310 3553 sapientibus
2338 3480 2625 3551 Babylonis
2656 3498 2667 3534 :
2705 3500 2722 3531 ι
2757 3480 3078 3548 Quicunque
3106 3479 3295 3551 legerit
3319 3482 3456 3535 scri-

1875 3585 2088 3647 pturam
2127 3575 2287 3637 hanc,
2324 3582 2379 3628 et
2419 3573 2924 3642 interpretationem
2961 3571 3080 3640 ejus
3114 3572 3455 3628 manifestam

1875 3670 2006 3723 mihi
2042 3667 2256 3730 fecerit,
2291 3681 2529 3736 purpura
2560 3666 2844 3729 vestietur,
2873 3671 2929 3717 el.
2959 3673 3203 3733 torquem
3233 3679 3458 3720 auream

1875 3759 2100 3814 habebit
2124 3758 2178 3811 in
2203 3757 2364 3820 collo,
2389 3764 2445 3810 et
2472 3757 2663 3810 tertius
2690 3755 2740 3808 in
2769 3771 2935 3824 regno
2960 3769 3080 3808 meo
3104 3754 3226 3808 erit.
3259 3773 3277 3805 ι
3304 3753 3458 3808 Tunc

1875 3849 2100 3920 ingressi
2143 3863 2332 3901 omnes
2369 3847 2645 3915 sapientes
2689 3845 2829 3915 regis
2873 3860 2981 3898 non
3024 3854 3318 3914 potuerunt
3356 3861 3457 3900 nec

1875 3941 2195 4009 scripturam
2231 3939 2438 4008 legere,
2478 3953 2579 3992 nec
2622 3939 3124 4008 interpretationem
3160 3939 3279 4006 ejus
3314 3939 3457 3994 indi-

1874 4047 1999 4086 care
2034 4032 2165 4102 regi.
2202 4031 2358 4087 Unde
2395 4047 2488 4085 rex
2521 4031 2763 4084 Baltasar
2798 4031 2927 4085 satis
2961 4031 3312 4085 conturbatus
3343 4042 3454 4097 est,

1873 4134 1928 4179 et
1949 4124 2130 4178 vultus
2154 4123 2298 4177 illius
2325 4124 2645 4177 immutatus
2672 4131 2755 4176 est
2784 4142 2796 4176 :
2828 4122 2919 4176 sed
2947 4132 3001 4176 et
3027 4123 3313 4192 nptimates
3337 4124 3457 4194 ejus

1873 4214 2249 4268 turbabantur.
2295 4212 2500 4279 Regina
2547 4221 2728 4266 autem
2777 4227 2876 4281 pro
2921 4229 2976 4266 re
3022 4229 3141 4282 qua:
3188 4213 3458 4268 acciderat

1873 4301 1984 4370 regi
2020 4309 2074 4354 et
2109 4299 2460 4370 optimatibus
2497 4300 2646 4369 ejus,
2685 4299 2906 4353 domum
2945 4301 3177 4356 convivii
3216 4302 3454 4372 ingressa

1872 4401 1984 4457 est;
2011 4401 2063 4446 et
2089 4391 2418 4462 proloquens
2442 4393 2517 4445 ait
2541 4410 2554 4446 :
2585 4410 2602 4441 ι
2634 4390 2768 4455 Bex,
2794 4392 2846 4445 in
2873 4402 3134 4446 aeternum
3160 4393 3278 4446 vive
3306 4412 3317 4446 :
3346 4410 3454 4448 non

1875 4494 1926 4539 te
1953 4485 2282 4538 conturbent
2309 4483 2664 4554 cogitationes
2693 4493 2814 4546 tua},
2842 4500 3018 4553 neque
3044 4485 3208 4539 facies
3236 4495 3326 4539 tua
3354 4486 3456 4538 im-

195 4579 445 4631 σέτωσάν
477 4595 535 4632 σε
565 4581 615 4632 οἱ
641 4579 980 4649 διαλογισμοί
1008 4597 1125 4640 σου.
1160 4582 1254 4634 καὶ
1288 4583 1319 4652 ὴ
1360 4584 1540 4653 μορφή
1572 4600 1664 4635 σου
1696 4585 1769 4654 μὴ

1882 4583 2136 4629 mutetur.
2166 4576 2258 4628 list
2289 4575 2370 4628 vir
2400 4575 2451 4627 in
2486 4591 2651 4646 regno
2682 4584 2796 4639 tuo,
2825 4576 2915 4644 qui
2947 4575 3197 4645 spiritum
3229 4577 3455 4630 deorum

193 4670 551 4723 ἀλλοιοῦσθαι.
592 4671 782 4724 ἐστιν
823 4672 965 4740 ἀνὴρ
1011 4671 1071 4726 ὲν
1112 4674 1177 4742 τῇ
1226 4671 1472 4742 βασιλείᾳ
1497 4689 1612 4736 σου,
1643 4674 1699 4725 ὲν
1727 4668 1770 4742 ᾧ

1882 4675 2186 4722 sanctorum
2214 4668 2377 4721 habet
2400 4668 2453 4721 in
2479 4684 2536 4722 se
2566 4687 2577 4721 :
2604 4678 2658 4723 et
2683 4669 2736 4722 in
2762 4669 2955 4724 diebus
2980 4669 3150 4738 patris
3175 4669 3252 4722 tui
3277 4670 3456 4724 scien-

196 4760 428 4830 Πνεῦμα
461 4761 600 4815 Θεοῦ
629 4762 804 4836 ἅγιον,
826 4765 922 4817 καὶ
945 4765 1004 4815 ὲν
1024 4765 1144 4825 ταῖς
1169 4764 1404 4834 ἡμέραις
1433 4763 1528 4817 τοῦ
1563 4767 1769 4835 πατρὸς

193 4869 288 4906 σου
321 4854 669 4924 γρηγόρησις
704 4855 799 4907 καὶ
830 4854 1047 4918 σύνεσις
1078 4855 1284 4926 ηὑρέθη
1311 4858 1368 4908 ἐν
1398 4855 1546 4922 αύτῷ
1568 4873 1579 4885 ·
1617 4859 1710 4910 καὶ
1741 4859 1770 4909 6

195 4943 450 5012 βασιλεὺς
509 4944 981 5015 Ναϐουχοδονόσορ
1044 4949 1072 4998 6
1131 4948 1313 5016 πατήρ
1385 4961 1480 4997 σου
1532 4946 1769 5016 ἄρχοντα

193 5034 461 5087 imbris
481 5035 548 5096 “,
577 5035 792 5104 μάγων,
809 5035 1115 5100 Χαλδαίων,
1136 5036 1470 5106 Γαζαρηνῶν
1500 5038 1767 5109 κατέστη-

195 5144 283 5180 σεν
315 5127 504 5189 αὑτὸν,
535 5128 618 5180 ὅτι
650 5126 870 5197 πνεῦμα
915 5127 1176 5197 περισσὸν
1203 5129 1260 5180 ὲν
1291 5127 1440 5197 αὐτῷ
1463 5170 1478 5194 ,
1510 5129 1603 5180 καὶ
1636 5129 1768 5200 φρό-

193 5235 374 5284 νησις,
419 5219 515 5270 καὶ
559 5217 794 5285 σύνεσις,
841 5220 1147 5288 συγκρίνων
1183 5220 1433 5282 ἐνύπνια,
1474 5221 1566 5273 καὶ
1601 5222 1768 5290 ἀναγ-

194 5307 404 5374 filim:
429 5307 806 5380 κρυπτόμενα,
838 5310 933 5362 καὶ
975 5310 1115 5364 λύων
1146 5311 1502 5382 συνδέσμους,
1543 5315 1765 5384 Δανιὴλ,

1879 4759 1950 4812 tia
1978 4771 2032 4814 et
2061 4759 2324 4828 sapientia
2358 4759 2594 4814 inventrc
2621 4769 2748 4813 sunt
2779 4760 2831 4814 in
2864 4777 2947 4815 eo.
2980 4760 3116 4814 Nam
3143 4770 3198 4816 et
3224 4776 3314 4814 rex
3343 4761 3456 4816 Na-

1875 4851 2291 4906 buchodonosor
2327 4862 2479 4922 pater
2520 4863 2644 4908 tuus
2689 4854 2988 4924 principem
3032 4870 3331 4927 magorum,
3369 4853 3456 4908 in-

1873 4953 2212 4998 cantatorum
2234 4985 2248 5008 ,
2285 4943 2693 5008 Chaldaeorum,
2742 4953 2797 4998 et
2832 4945 3141 5016 aruspicum
3176 4946 3457 5001 constituit

1873 5051 2033 5102 eum;
2067 5045 2240 5106 pater,
2272 5036 2512 5106 inquam,
2548 5045 2690 5100 tuus,
2723 5052 2756 5090 o
2789 5053 2904 5103 rex,
2934 5038 3056 5108 quia
3079 5037 3302 5107 spiritus
3335 5054 3454 5092 am-

1871 5128 2008 5198 plior
2041 5138 2096 5183 et
2128 5129 2447 5198 prudentia,
2489 5129 2956 5200 intelligentiaque
2991 5139 3045 5184 et
3081 5131 3454 5199 interpretatio

1872 5221 2229 5286 somniorum,
2259 5231 2314 5276 et
2341 5221 2586 5278 ostensio
2615 5233 2972 5291 secretorum,
3001 5240 3063 5280 ac
3091 5224 3289 5279 solutio
3319 5224 3452 5296 liga-

1879 5321 2054 5368 torum
2095 5313 2329 5370 inventae
2364 5324 2491 5371 sunt
2527 5315 2580 5370 in
2617 5333 2703 5380 eo,
2746 5317 2848 5372 hoc
2883 5329 2966 5373 est
2997 5319 3050 5373 in
3090 5318 3328 5384 Daniele,
3365 5317 3454 5373 cui

1470 5490 1707 5548 VARUS
1748 5493 2157 5553 LECTIONES.

295 5645 381 5725 ξδ’
405 5676 472 5688 —-
503 5647 547 5710 ζ’
579 5659 706 5725 ante
759 5653 858 5717 μς¹
893 5645 1205 5725 ’φλυμπιάς
1232 5644 1591 5725 ροξιυηιριὶγ,
1648 5649 1985 5725 transposuit
2021 5649 2083 5725 P_,
2131 5661 2320 5725 secuta
2379 5666 2452 5725 ιιι.
2491 5651 2556 5716 Β,
2581 5655 2671 5719 qui
2707 5654 3010 5725 Ὀλυμπιὰς
3042 5654 3162 5725 μς’,
3197 5653 3255 5716 ε’,
3292 5650 3365 5725 ς’,
3398 5653 3464 5715 ξ’.

197 5725 268 5784 ις’,
295 5719 342 5770 ον
378 5735 392 5774 ;
425 5734 563 5785 quas
587 5716 796 5772 litteras
816 5720 966 5787 ponit
995 5721 1160 5772 etiam
1195 5732 1267 5787 ιιι.
1301 5716 1358 5770 P.
1407 5718 1476 5787 ,³⁸
1507 5719 1644 5786 αῑχμ

197 5793 465 5854 τιστάσιν
495 5819 560 5829 -
585 5785 925 5858 μεγαστᾶνες
961 5787 1024 5840 Η.
1099 5787 1144 5819 ³³
1170 5785 1261 5839 τοῦ
1281 5786 1441 5841 Θεοῦ.
1475 5785 1616 5842 Θεοῦ
1638 5787 1695 5843 l‘.

1648 5719 1884 5780 αλωσίας
1921 5719 1974 5781 ι’,
2008 5718 2099 5778 ια’,
2132 5716 2217 5786 ιβ’,
2249 5718 2338 5785 ιγ’,
2373 5721 2455 5784 ιδ’,
2489 5739 2562 5776 ttt.
2591 5716 2648 5779 Ρ.

1769 5789 1810 5818 ³⁸
1836 5792 2016 5860 χειρὸς
2052 5806 2159 5843 υιιι.
2195 5787 2255 5841 ι’.

2720 5727 2763 5755 ⁸³
2789 5723 2834 5775 κ’
2863 5726 2980 5786 ἔτος
3012 5723 3119 5779 om.
3158 5727 3214 5777 l’.
3297 5724 3343 5752 “
3373 5741 3466 5787 με-

2333 5791 2374 5821 ³⁷
2403 5791 2622 5860 βασιλεῦ
2667 5812 2773 5849 om.
2806 5793 2868 5848 Ρ.
2943 5793 2986 5825 ³⁸
3012 5795 3102 5846 ἐπ’
3130 5792 3323 5848 ἀηδῶν
3355 5793 3462 5848 ΡΥ.
