3910 6336
435 362 539 428 347

1621 371 2058 436 CHRONICON
2092 377 2495 440 PASCHALE.

3583 381 3678 442 3l8

438 491 532 530 rex
560 489 755 528 nomen
786 475 965 546 posuit
993 475 1290 534 Balthasar.
1314 479 1469 534 Nunc
1498 479 1678 549 itaque
1709 479 1892 536 Daniel
1921 498 2015 538 vo—

2127 484 2215 538 »ιαῖ⁹
2258 487 2286 538 ὁ
2331 485 2585 556 βασιλεὺς
2633 485 2904 558 ἐπέθηκεν
2951 486 3100 557 αὐτῷ
3143 487 3315 557 ὄνομα
3379 485 3678 557 Βαλτάσαρ.

437 576 612 629 cetur,
649 576 704 621 et
739 569 1240 636 interpretationem
1276 572 1534 626 narrabit.
1583 592 1600 623 ι
1643 571 1810 643 Igitur
1847 572 2018 627 intro-

437 659 634 713 ductus
670 669 754 714 est
795 660 978 714 Daniel
1019 674 1200 715 coram
1240 676 1367 732 rege
1405 683 1418 717 :
1458 665 1524 732 ad
1565 679 1726 733 quem
1763 663 2021 733 praefatus

438 763 532 803 rex
567 749 644 803 ait
677 767 691 803 :
729 769 747 802 ι
787 750 866 804 Tu
903 760 963 804 es
999 750 1289 807 Daniel'de
1324 753 1447 808 ﬁliis
1485 754 1816 823 captivitatis
1849 752 2014 819 Juda,

438 856 599 909 quem
638 841 936 895 adduxerat
973 852 1124 912 pater
1161 861 1314 898 meus
1350 861 1442 899 rex
1475 845 1543 900 de
1575 844 2017 902 Judzea?Audivi

441 932 509 984 de
539 941 590 986 te
619 933 872 1001 quoniam
905 935 1150 1002 spiritqu
1181 935 1407 990 deorum
1443 937 1674 1001 habeas,
1708 946 1762 992 et
1793 939 2020 993 scientia

442 1023 901 1092 intelligentiaque
927 1039 992 1078 ac
1015 1026 1278 1094 sapientia
1309 1026 1602 1096 ampliores
1631 1028 1865 1083 inventa:
1891 1037 2021 1082 sunt

438 1114 495 1168 in
538 1124 606 1169 te.
652 1115 718 1168 Et
759 1131 905 1169 nunc
943 1116 1257 1186 introgressi
1296 1128 1426 1173 sunt
1465 1118 1518 1172 in
1559 1129 1856 1188 conspectu
1900 1135 2019 1174 meo

438 1205 710 1275 sapientes
739 1207 908 1278 magi,
937 1217 995 1262 ut
1025 1210 1347 1278 scripturam
1380 1211 1520 1265 hanc
1549 1212 1818 1282 legerent,
1848 1221 1903 1266 et
1933 1213 2018 1266 in-

441 1298 880 1366 terpretationem
911 1299 1031 1368 ejus
1061 1299 1364 1356 indicarent
1393 1302 1548 1364 mihi,
1576 1311 1631 1357 et
1661 1303 2022 1372 nequiverunt

441 1403 660 1442 sensum
700 1391 861 1459 hujus
901 1391 1172 1446 sermonis
1212 1391 1448 1446 edicere.
1488 1393 1658 1448 Porro
1699 1410 1800 1464 ego
1842 1395 2020 1449 audivi

441 1481 506 1532 de
534 1489 588 1534 te
609 1481 753 1550 quod
779 1483 956 1551 possis
981 1483 1210 1537 obscura
1241 1485 1610 1553 interpretari,
1638 1494 1695 1540 et
1725 1485 1880 1556 ligata
1910 1487 2021 1540 dis-

439 1571 649 1626 solvere
687 1591 700 1625 :
738 1573 783 1626 si
817 1589 946 1645 ergo
981 1575 1129 1629 vales
1163 1576 1488 1645 scripturam
1521 1577 1724 1647 legere,
1760 1588 1817 1632 et
1851 1578 2022 1631 inter-

442 1664 802 1732 pretationem
839 1667 958 1735 ejus
994 1666 1234 1722 indicare
1271 1668 1435 1732 mihi,
1472 1683 1710 1738 purpura
1741 1669 2018 1734 vestieris,

440 1763 497 1808 et
531 1763 774 1824 torquem
815 1772 1032 1812 auream
1073 1761 1214 1813 circa
1254 1760 1453 1814 collum
1491 1772 1644 1815 tuum
1687 1761 1930 1826 habebis,
1967 1769 2023 1814 et

443 1847 636 1901 tertius
673 1849 728 1901 in
771 1865 936 1919 regno
973 1865 1094 1904 meo
1133 1850 1388 1920 princeps
1423 1850 1550 1906 eris.
1598 1871 1617 1903 ι
1659 1851 1742 1906 Ad
1776 1867 1898 1922 qua:
1935 1867 2022 1906 re-

442 1940 716 2008 spondens
745 1940 952 2004 Daniel,
977 1943 1053 1996 ait
1081 1957 1264 1998 coram
1293 1959 1418 2014 rege
1448 1962 1462 1998 :
1493 1961 1512 1995 ι
1543 1943 1888 2024 Munera'tua
1916 1943 2024 1998 sint

441 2031 559 2093 tibi,
581 2042 636 2086 et
659 2031 802 2087 dona
827 2035 1022 2088 domus
1049 2042 1156 2089 tuae
1183 2035 1337 2089 alteri
1363 2037 1428 2089 da
1454 2053 1467 2090 :
1490 2035 1821 2105 scripturam
1845 2042 2022 2088 autem

440 2121 610 2183 legam
650 2123 774 2186 tibi,
809 2139 934 2185 rex,
968 2133 1021 2178 et
1055 2125 1555 2194 interpretationem
1591 2128 1710 2196 ejus
1741 2126 2022 2180 ostendam

437 2213 558 2266 "tibi.
590 2211 635 2267 Ο
666 2228 778 2278 rex,
813 2213 956 2269 Deus
989 2214 1284 2270 altissimus
1319 2225 1634 2287 regnum-et
1668 2215 2022 2286 magniﬁcen-

441 2303 600 2367 tiam,
646 2304 872 2372 gloriam
919 2315 973 2359 et
1021 2306 1283 2360 honorem
1329 2308 1478 2362 dedit
1522 2307 2025 2361 Nabuchodonosor

439 2395 578 2462 patri
617 2405 732 2460 tuo,
765 2403 820 2449 et
853 2398 1562 2468 proptermagniﬁcentiam
1600 2413 1762 2468 quam
1799 2398 2026 2452 dederat

438 2487 509 2549 ei,
544 2486 778 2540 universi
815 2488 1020 2556 populi,
1058 2490 1232 2544 tribus
1265 2498 1318 2543 et
1352 2489 1549 2559 linguae
1615 2491 1941 2554 tremebant,
1971 2497 2026 2543 et

437 2577 751 2629 metuebant
781 2592 926 2631 eum.
959 2575 1108 2644 Quos
1140 2580 1356 2634 volebat
1390 2579 1764 2638 interticiebat.
1797 2589 1852 2634 et
1885 2595 2024 2650 quos

439 2665 653 2720 volebat
701 2669 1060 2736 percutiehat,
1105 2679 1160 2723 et
1201 2685 1340 2739 quos
1381 2669 1596 2724 volebat
1639 2670 1930 2732 exaltabat.
1971 2681 2026 2726 et

439 2773 576 2828 quos
617 2759 830 2812 volebat
875 2761 1216 2816 humiliabat.
1259 2760 1488 2826 Quando
1530 2771 1711 2815 autem
1755 2762 2023 2816 elevatum

440 2862 521 2905 est
555 2868 648 2905 cur
678 2853 816 2922 ejus,
847 2862 902 2907 et
935 2853 1158 2922 spiritus
1192 2853 1344 2908 illius
1367 2855 1686 2908 oblirmatus
1718 2863 1802 2909 est
1833 2853 1900 2908 ad
1933 2870 2024 2908 su-

443 2943 708 3013 perbiam,
745 2945 1030 3014 depositus
1063 2956 1147 3000 est
1179 2947 1246 3000 de
1281 2947 1417 3000 solio
1450 2947 1601 3016 regni
1635 2945 1738 3010 sui,
1771 2954 1824 3001 et
1857 2946 2025 3018 gloria

441 3034 560 3102 ejus
587 3036 762 3090 ablata
793 3045 908 3101 est,
939 3051 992 3092 et
1019 3053 1049 3091 a
1084 3036 1206 3092 ﬁliis
1240 3038 1522 3092 hominum
1551 3039 1758 3107 ejectus
1787 3047 1898 3102 est,
1929 3040 2025 3093 sed

442 3137 498 3181 et
529 3143 622 3181 cor
649 3129 766 3198 ejus
796 3143 918 3182 eum
951 3129 1137 3186 bestiis
1166 3130 1402 3200 positum
1437 3137 1538 3194 est,
1571 3139 1627 3184 et
1657 3147 1779 3184 cum
1810 3131 2027 3200 onagris

443 3231 558 3274 erat
585 3221 844 3275 habitatio
869 3222 1007 3290 ejus.
1034 3221 1217 3276 fenum
1244 3237 1460 3292 quoque
1485 3231 1544 3277 ut
1567 3223 1664 3276 bos
1689 3223 2025 3286 comedebat,

441 3321 496 3365 et
525 3327 646 3367 rore
674 3315 792 3368 coeli
826 3318 1024 3384 co’rpus
1053 3315 1172 3383 ejus
1201 3313 1461 3369 infectant
1490 3321 1594 3379 est,
1622 3314 1798 3368 donec
1827 3330 2028 3386 cogno-

441 3413 620 3458 sceret
648 3407 788 3475 quod
825 3415 1148 3475 potestatem
1173 3407 1396 3483 haberet
1429 3405 1744 3462 Altissimus
1777 3406 1830 3460 in
1863 3421 2030 3474 regno

443 3495 760 3563 hominum,
797 3507 852 3551 et
893 3513 1234 3568 quaecunque
1269 3499 1498 3553 voluerit
1543 3498 1828 3553 suscitabit
1868 3514 2031 3567 super

443 3584 596 3639 illud.
627 3585 706 3639 Tu
735 3603 951 3656 quoque
981 3587 1120 3640 ﬁlius
1149 3589 1267 3657 ejus
1296 3587 1557 3654 Baltasar,
1587 3603 1695 3642 non
1731 3589 2028 3643 humiliasti

443 3691 539 3730 cor
579 3685 750 3742 tuum,
789 3693 910 3733 cum
954 3679 1123 3734 scires
1167 3681 1281 3735 haec
1323 3675 1505 3735 omnia
1547 3698 1560 3734 :
1602 3681 1696 3734 sed
1743 3681 2029 3734 adversum

447 3766 842 3823 Dotninatorem
877 3771 995 3824 cmli
1031 3771 1272 3824 elevatus
1305 3788 1363 3825 es
1384 3810 1397 3826 .
1435 3779 1486 3824 et
1523 3785 1648 3826 vasa
1684 3771 1878 3825 domus
1913 3771 2031 3836 ejus

445 3855 604 3911 allata
633 3867 760 3912 sunt
784 3873 964 3912 coram
997 3867 1068 3923 te,
1099 3870 1149 3912 et
1181 3868 1258 3922 tu,
1287 3868 1337 3912 et
1370 3857 1660 3928 optimates
1687 3858 1784 3924 tui,
1815 3865 1868 3912 et
1897 3875 2028 3913 uxo-

450 3964 534 4003 res
578 3959 702 4015 tuze,
741 3959 794 4004 et
839 3951 1160 4005 concubium
1207 3960 1311 4005 tuae
1349 3946 1531 4004 viuum
1575 3949 1790 4004 bibistis
1832 3950 1884 4003 in
1928 3951 2024 4015 eis,

445 4041 576 4096 deos
612 4058 827 4112 quoque
859 4058 1054 4097 aureus
1086 4053 1140 4097 et
1174 4055 1458 4114 argenteos
1491 4051 1544 4096 et
1575 4058 1767 4107 aereos,
1804 4043 2027 4108 ferreos,

447 4135 760 4204 ligneosque
798 4145 853 4189 et
892 4135 1154 4205 lapideos,
1192 4137 1280 4205 qui
1322 4151 1432 4189 non
1471 4125 1675 4199 rident,
1715 4150 1892 4204 neque
1931 4151 2030 4189 au»

447 4229 622 4290 diunt,
663 4244 840 4296 neque
885 4229 1149 4292 sentiunt,
1190 4231 1415 4285 laudasti
1463 4249 1476 4286 :
1521 4246 1684 4300 porro
1729 4229 1896 4286 Deum
1939 4232 2030 4300 qui

448 4320 610 4373 habet
636 4319 820 4374 llatuut
847 4331 997 4375 tuum
1025 4323 1078 4375 in
1108 4339 1268 4377 tnanu
1298 4339 1416 4387 sua,
1445 4334 1498 4377 et
1528 4339 1719 4380 onmes
1746 4326 1861 4378 vias
1889 4335 2026 4386 tuas,

449 4427 555 4465 nun
593 4412 930 4482 glorificasti;
973 4414 1176 4467 ideirco
1215 4416 1281 4467 ab
1318 4431 1384 4468 eo
1422 4415 1619 4470 missus
1654 4424 1739 4470 est
1773 4416 2030 4469 articulus

2120 574 2234 627 Νῦν
2259 571 2352 629 οὖν
2378 575 2658 647 κληθήτω,
2677 577 2772 630 καὶ
2794 575 2892 648 τὴν
2925 577 3212 648 σύγκρισιν
3238 567 3526 644 ἀναγγελεῖ
3551 592 3677 630 σοι.»

2121 665 2254 732 Τότε
2297 666 2495 736 Δανιὴλ
2525 665 2755 738 εἰσήχθη
2800 668 2921 721 κατ’
2949 666 3180 721 ἐνώπιον
3193 668 3237 700 ’⁸
3267 667 3362 720 τοῦ
3395 664 3679 737 βασιλέως·

2121 757 2216 809 καὶ
2271 753 2424 811 εἶπεν
2451 759 2481 810 ὁ
2524 757 2778 827 βασιλεὺς,
2825 758 2902 829 τῷ
2944 759 3174 830 Δανιήλο
3212 777 3232 810 ι
3261 758 3334 812 Σὺ
3367 752 3418 810 εἶ
3443 756 3685 825 Δανιὴλό

2119 845 2227 899 ἀπὸ
2267 847 2376 900 τῶν
2425 847 2557 901 υἱῶν
2605 849 2705 918 τῆς
2751 849 3131 919 αίχμαλωσίας
3179 850 3277 919 τῆς
3321 847 3577 911 Ἰουδαίας
3622 842 3684 920 ἧς

2120 937 2326 1007 ἢγαγεν
2350 941 2377 991 ὁ
2405 938 2656 1008 βασιλεὺς
2678 942 2706 993 6
2737 943 2922 1012 πατὴρ
2952 959 3093 1011 μους
3118 960 3135 992 ι
3169 942 3280 995 Kal.
3305 936 3480 993 εἶπεν·
3516 960 3534 992 ι
3559 939 3684 1004 Ναὶ,

2123 1026 2342 1096 βασιλεῦ
2359 1029 2426 1081 ⁸ο.
2466 1047 2485 1081 ι
2502 1059 2572 1070 -
2595 1048 2617 1082 ι
2643 1030 2888 1083 Ἤκουσα
2923 1032 3054 1102 περὶ
3083 1030 3177 1083 σοῦ
3206 1031 3288 1083 ὅτι
3311 1029 3530 1100 πνεῦμα
3557 1028 3686 1082 Θεοῦ

2122 1119 2179 1170 ὲν
2211 1119 2312 1182 σοὶ,
2345 1119 2438 1172 καὶ
2470 1121 2828 1192 γρηγόρησις,
2856 1122 2950 1174 καὶ
2975 1121 3212 1184 σύνεσις,
3250 1121 3342 1174 καὶ
3399 1120 3558 1190 σοφία
3593 1135 3688 1172 πε-

2123 1208 2285 1279 ρισσὴ
2317 1208 2524 1279 ηὑρέθη
2560 1209 2620 1262 ὲν
2655 1211 2758 1274 σοὶ,
2797 1211 2890 1264 καὶ
2919 1210 3016 1264 νῦν
3045 1210 3294 1281 εἰσῆλθον
3324 1209 3556 1263 ἐνώπιόν
3592 1227 3689 1279 μου

2121 1299 2170 1350 ol
2202 1300 2376 1366 σοφοὶ,
2402 1301 2596 1372 μάγοι,
2630 1300 2908 1366 Χαλδαῖοι,
2945 1301 3272 1372 Γαζαρηνοὶ,
3304 1301 3391 1354 ἵνα
3427 1301 3531 1371 τὴν
3559 1315 3689 1370 γρα-

2124 1389 2230 1460 φὴν
2262 1388 2466 1460 ταύτην
2489 1389 2764 1458 ἀναγνῶσι
2795 1391 2888 1445 καὶ
2916 1391 3014 1462 τὴν
3043 1377 3336 1461 σύγκρισιν
3361 1390 3533 1460 αὐτῆς
3553 1407 3690 1456 γνω-

2127 1480 2320 1548 ρίσωσί
2363 1497 2453 1551 μοι
2473 1497 2488 1513 ο
2523 1482 2677 1534 καὶδί
2705 1483 2806 1536 οὐκ
2835 1483 3182 1555 ἠδυνήθησαν
3211 1483 3544 1552 ἀπαγγεῖλαί
3583 1499 3688 1553 μοι.

2125 1573 2233 1626 Kal.
2254 1571 2366 1641 ἐγὼ
2396 1573 2606 1643 ἥκουσα
2641 1575 2767 1644 περὶ
2798 1573 2891 1628 σοῦ
2916 1575 2998 1627 ὅτι
3031 1574 3259 1629 δύνασαι
3287 1577 3532 1647 κρίματα
3561 1591 3690 1645 συγ-

2123 1665 2330 1734 κρῖναι.
2361 1663 2476 1716 Νῦν
2504 1661 2597 1717 οὖν
2629 1666 2726 1718 ἐὰν
2754 1665 2989 1738 δυνηθῇς
3023 1667 3122 1738 τὴν
3149 1667 3368 1738 γραφὴν
3389 1665 3694 1734 ἀναγνῶναι

2126 1755 2220 1807 καὶ
2266 1753 2366 1823 τὴν
2411 1753 2701 1826 σύγκρισιν
2730 1757 2900 1827 αὐτῆς
2944 1757 3209 1826 γνωρίσαι
3250 1774 3363 1828 μοι,
3411 1756 3697 1828 πορφύραν

2057 1812 2098 1868 Β
2127 1812 2361 1922 ἑνδύσῃΙ,
2392 1812 2539 1903 καὶυὸ
2559 1812 2900 1919 ’μανιάκηςιδ
2927 1812 3164 1918 iptio-05c
3195 1812 3290 1902 £er
3315 1812 3408 1902 τδν
3425 1812 3696 1918 τράᾷηλόν

2127 1955 2242 2004 σου,
2286 1941 2382 1994 καὶ
2413 1940 2595 2010 τρίτος
2623 1941 2682 1992 ὲν
2729 1939 2798 2010 τῇ
2840 1938 3090 2009 βασιλείᾳ
3125 1955 3226 2010 μου
3269 1938 3474 2009 ἄρξεις.
3509 1957 3528 1990 ι
3565 1937 3696 1992 Τότε

2123 2031 2394 2103 ἀπεκρίθη
2425 2031 2625 2103 Δανιὴλ
2667 2032 2765 2086 καὶ
2791 2028 2944 2084 εἶπεν
2979 2030 3212 2084 ἐνώπιον
3252 2035 3348 2084 τοῦ
3394 2029 3694 2101 βασιλέως·

2131 2123 2243 2176 ιΤὰ
2271 2121 2484 2193 δόματά
2508 2138 2602 2174 σου
2633 2121 2716 2173 σοὶ
2739 2120 2878 2173 εστω
2903 2119 3001 2174 καὶ
3035 2120 3135 2190 τὴν
3161 2119 3370 2190 δωρεὰν
3393 2120 3494 2190 τῆς
3521 2120 3698 2184 alata:

2123 2229 2220 2266 σου
2259 2212 2430 2283 ἑτέρῳ
2459 2211 2548 2274 δός
2565 2226 2579 2242 ·
2608 2209 2720 2279 ἐγὼ
2745 2211 2801 2265 δὲ
2829 2210 2929 2281 τὴν
2955 2211 3174 2283 γραφὴν
3199 2211 3592 2281 ἀναγνώσομαι
3622 2209 3698 2281 τῷ

2127 2295 2337 2376 βασιλεῖ
2365 2305 2460 2357 καὶ
2487 2303 2583 2374 τὴν
2627 2301 2914 2375 σύγκρισιν
2947 2303 3120 2373 αὐτῆς
3155 2301 3408 2374 γνωρίσω
3451 2313 3560 2358 σοι.
3591 2301 3698 2358 Ba-

2125 2395 2296 2463 σιλεῦ,
2329 2398 2357 2450 ὀ
2391 2397 2525 2462 Θεὸς
2551 2398 2580 2450 6
2614 2397 2838 2467 ὕψιστος
2879 2396 2977 2468 τὴν
3011 2395 3306 2467 βασιλείαν,
3342 2397 3437 2450 καὶ
3467 2395 3570 2466 τὴν
3602 2410 3700 2468 με·

2124 2489 2464 2559 γαλωσὲνην,
2501 2489 2597 2542 καὶ
2639 2488 2738 2560 τὴν
2785 2489 2942 2556 δόξαν
2975 2490 3176 2543 ἔδωκεν
3223 2489 3700 2560 Ναϐουχοδονόσορ

2129 2582 2286 2654 ιω
2311 2581 2389 2652 τῷ
2425 2581 2589 2652 πατρί
2616 2598 2710 2634 σου
2732 2598 2746 2611 ·
2797 2580 2891 2634 καὶ
2923 2581 3030 2635 ἀπὸ
3073 2579 3175 2650 τῆς
3211 2581 3607 2652 μεγαλωσύνης
3635 2575 3704 2653 ἧς

2125 2677 2323 2729 ἔδωκεν
2353 2673 2502 2744 αὑτῷ
2533 2675 2731 2737 πάντες
2767 2675 2820 2726 οἱ
2849 2673 2970 2726 λαοὶ
2989 2715 3004 2740 ,
3053 2673 3250 2741 φυλαὶ,
3277 2673 3523 2740 γλῶσσαι
3562 2668 3704 2743 ἦσαν

2123 2767 2418 2840 τρέμοντες
2444 2768 2537 2821 καὶ
2572 2765 2896 2835 φοϐούμενοι
2921 2765 3028 2818 ἀπὸ
3054 2763 3346 2835 προσώπου
3374 2763 3568 2820 αὐτοῦ.
3598 2763 3706 2828 οὓς

2125 2856 2384 2927 ¹ησούλετο
2419 2856 2581 2920 αὐτὸς
2623 2854 2878 2925 ἀνῄρει⁶¹
2905 2893 2919 2920 ,
2965 2855 3060 2907 καὶ
3095 2854 3188 2916 οὓς
3235 2853 3494 2922 ἠϐούλετο
3545 2853 3706 2917 αὐτὸς

2125 2951 2375 3011 ἔτυπτεν,
2405 2949 2501 3002 καὶ
2527 2947 2620 3012 οὓς
2641 2947 2902 3018 ἠϐούλετο
2926 2947 3087 3010 αὐτὸς
3116 2946 3276 3016 ὕψου,
3295 2947 3388 2999 καὶ
3413 2946 3507 3010 οὓς
3538 2945 3706 3016 ἠϐού-

2125 3043 2246 3096 λετο
2273 3042 2434 3104 αὐτὸς
2453 3040 2758 3094 ὲταπείνου.
2789 3041 2897 3092 Ka‘t
2924 3039 3013 3092 ὅτε
3039 3038 3228 3108 ὑψώθη
3252 3039 3285 3108 ἠ
3317 3038 3512 3108 καρδία
3539 3036 3706 3092 αὐτοῦ

2057 3161 2099 3220 C
2132 3135 2223 3188 καὶ
2259 3133 2319 3186 τὸ
2357 3131 2572 3201 πνεῦμα
2602 3129 2767 3185 αὑτοῦ
2797 3129 3142 3200 ὲκραταιώθη
3171 3130 3265 3183 τοῦ
3295 3129 3712 3200 ὑπερηφανεύε-

2133 3224 2289 3288 σθαι,
2328 3223 2637 3295 κατηνέχθη
2664 3223 2772 3276 ἀπὸ
2799 3221 2890 3276 τοῦ
2927 3221 3118 3294 θρόνου
3155 3223 3252 3292 τῆς
3281 3222 3583 3292 βασιλείας,
3615 3219 3710 3273 καὶ

2129 3317 2162 3382 ή
2205 3315 2337 3384 τιμὴ
2383 3313 2632 3385 ἀφῃρέθη
2663 3309 2760 3366 ἀπ’
2789 3313 2976 3375 αὑτοῦ,
3006 3314 3099 3366 καὶ
3128 3311 3236 3366 ἀπὸ
3265 3313 3376 3364 τῶν
3400 3311 3711 3382 ἀνθρώπων

2127 3402 2459 3473 ἐξεδιώχθη,
2493 3403 2586 3456 καὶ
2637 3404 2672 3472 ἠ
2719 3402 2917 3475 καρδία
2957 3401 3124 3455 αὑτοῦ
3167 3403 3306 3471 μετὰ
3349 3401 3456 3454 τῶν
3499 3400 3713 3472 θηρίων

2131 3494 2286 3566 ἐδόθη
2317 3495 2412 3547 καὶ
2447 3493 2583 3564 μετὰ
2611 3494 2860 3566 ὀνάγρων
2892 3496 2925 3566 ἡ
2956 3494 3212 3548 κατοικία
3239 3492 3425 3557 αὐτοῦ,
3463 3493 3565 3546 καὶ
3594 3492 3717 3563 χόρο

2129 3602 2221 3638 τον
2247 3585 2322 3648 ὡς
2348 3585 2474 3656 βοῦν
2491 3583 2766 3655 ὲψώμιξον
2789 3586 2974 3646 αὐτὸν,
3007 3587 3099 3639 καὶ
3123 3587 3234 3640 ἀπὸ
3258 3586 3357 3657 τῆς
3388 3585 3590 3654 δρόσου
3617 3584 3714 3638 τοῦ

2130 3674 2361 3746 ούρανοῦ
2391 3675 2452 3728 τὸ
2483 3675 2644 3744 σῶμα
2675 3673 2844 3728 αὑτοῦ
2873 3675 3050 3746 ἐδάφη
3091 3675 3196 3738 ἕως
3229 3670 3289 3728 οὗ
3316 3675 3458 3742 ἔγνω
3489 3676 3580 3728 ὅτι
3615 3691 3715 3728 κυ-

2133 3766 2300 3838 ριεύει
2331 3767 2359 3818 ὁ
2382 3765 2642 3835 ’Υψιστος
2673 3766 2770 3837 τῆς
2799 3765 3074 3836 βασιλείας
3099 3765 3214 3818 τῶν.
3235 3765 3448 3819 αἰώνων
3463 3765 3512 3797 ⁸³
3541 3765 3642 3818 καὶ
3673 3755 3718 3831 ᾧ

2131 3858 2228 3912 ἐὰν
2259 3857 2386 3930 δόξῃ
2419 3857 2578 3912 δώσει
2609 3859 2802 3928 αὑτήν.
2824 3857 2932 3910 Καὶ
2960 3857 3024 3909 σὺ
3057 3853 3148 3910 οὖν
3173 3859 3201 3908 ὁ
3228 3857 3344 3920 υίὸς
3379 3855 3551 3910 αὐτοῦ
3587 3855 3721 3910 Βαλ-

2129 3951 2306 4022 τάσαρ
2338 3951 2436 4004 οὐκ
2465 3949 2729 4021 ἐποίησας
2757 3949 2854 4020 τὴν
2881 3949 3112 4019 καρδίαν
3159 3966 3252 4002 σου
3303 3950 3425 4003 κατ’
3473 3946 3723 4000 ἐνώπιον

2139 4043 2234 4096 τοῦ
2262 4042 2421 4096 Θεοῦσ
2449 4042 2628 4095 πάντα
2658 4039 2831 4094 ταῦτα
2859 4040 3051 4108 ἔγνως,
3077 4041 3170 4095 καὶ
3202 4042 3292 4092 ἐπὶ
3319 4040 3412 4093 τὸν
3441 4035 3724 4108 Κύριον“

2130 4135 2262 4188 Θεὸν
2287 4131 2378 4188 τοῦ
2407 4132 2636 4205 ούρανοῦ
2663 4131 2884 4202 senon;
2903 4133 2970 4197 “,
3003 4132 3097 4184 καὶ
3137 4133 3205 4184 τὰ
3236 4131 3404 4199 σκεύη
3430 4130 3529 4182 τοῦ
3563 4130 3725 4182 οἴκου

2129 4227 2294 4280 αὕτοῦ
2337 4227 2576 4297 ἧνεγκας
2624 4224 2858 4279 ἐνώπιόν
2889 4241 3017 4287 σου,
3071 4225 3168 4277 καὶ
3204 4225 3289 4286 σὺ,
3337 4224 3430 4276 καὶ
3463 4225 3516 4276 οξ
3556 4239 3725 4292 μεγι-

2133 4318 2323 4382 στᾶνές
2348 4333 2462 4383 σου,
2487 4319 2581 4371 καὶ
2603 4318 2661 4370 αἱ
2677 4317 2722 4350 ’⁵⁸
2755 4314 3025 4369 παλλακαί
3056 4314 3283 4377 σου,καὶ
3305 4315 3361 4366 αἱ
3387 4313 3729 4384 παράκοιτοί

2135 4429 2228 4464 σου
2275 4406 2418 4465 οἶνον
2467 4410 2712 4464 έπινανδτ
2752 4411 2810 4462 ἓν
2853 4411 3040 4470 αὐτοῖς
3063 4448 3077 4471 ,
3117 4407 3362 4469 καὶτοὺς
3395 4405 3559 4470 θεοὺς
3591 4408 3726 4468 τοὺς

448 4519 640 4558 manus
668 4507 757 4574 qui
786 4505 1004 4575 scripsit
1033 4507 1133 4559 hoc
1165 4508 1307 4576 quod
1337 4517 1616 4561 exaratum
1647 4517 1748 4562 est.
1781 4507 1902 4561 llarc
1928 4525 2025 4561 au-

2134 4503 2390 4574 χρυσοῦς,
2429 4504 2525 4556 καὶ
2561 4499 2858 4573 ἀργυροῦς,
2891 4502 2985 4552 καὶ
3022 4496 3273 4568 χαλκοῦς,
3309 4496 3401 4548 καὶ
3431 4494 3726 4566 σιδηροῦς,

452 4608 556 4648 tetu
597 4596 880 4666 scriptura,
917 4613 1036 4667 qua:
1073 4598 1278 4668 digesta
1317 4606 1420 4662 est,
1457 4592 2030 4663 Matte,1‘ltecel,l’ha-

449 4701 564 4750 res,
596 4695 651 4742 et
686 4689 800 4743 h;ec
831 4698 914 4744 est
949 4690 1325 4759 interpretatio
1357 4690 1626 4744 sermonis
1659 4707 1672 4744 :
1708 4689 1891 4753 Mane,
1928 4705 2030 4744 nu-

449 4781 676 4834 tneravit
723 4779 867 4836 Deus
916 4799 1142 4854 regnum
1197 4791 1383 4847 tuum,
1437 4795 1490 4838 et
1536 4783 1830 4852 complevit
1880 4783 2030 4836 illud.

447 4869 668 4934 Ttnecel,
706 4889 979 4944 appeusus
1013 4890 1073 4930 es
1109 4875 1162 4929 in
1202 4883 1423 4936 statera.
1458 4884 1514 4931 et
1546 4875 1801 4929 inventus
1835 4889 1894 4929 es
1931 4876 2032 4928 mi-

451 4981 550 5020 nus
589 4967 814 5021 habens.
852 4966 1070 5033 Phares,
1108 4967 1342 5021 divisum
1384 4976 1468 5020 est
1503 4981 1726 5035 regnum
1767 4977 1940 5028 tuum,
1978 4975 2033 5019 et

447 5058 634 5110 datum
666 5069 751 5112 est
781 5060 947 5114 Medis
976 5069 1029 5114 et
1059 5057 1270 5114 Persis;
1299 5079 1315 5110 ι
1355 5059 1509 5112 Tunc
1534 5058 1760 5128 jubeute
1790 5073 1912 5127 rege
1945 5057 1996 5110 iu
2017 5087 2030 5094 -

448 5149 615 5202 alutus
640 5157 722 5202 est
755 5148 938 5204 Daniel
965 5165 1203 5219 purpura
1224 5191 1237 5210 ,
1267 5158 1322 5202 et
1350 5147 1678 5202 circumdata
1705 5157 1788 5200 est
1815 5155 2032 5214 torques

449 5253 613 5293 aurea
643 5239 780 5294 collo
811 5243 959 5309 ejus,
991 5251 1044 5295 et
1078 5241 1424 5311 praedicatum
1457 5252 1538 5294 est
1568 5241 1634 5294 de
1662 5255 1728 5293 eo
1756 5239 1898 5309 quod
1933 5239 2030 5292 ba-

2130 4595 2223 4647 καὶ
2252 4593 2518 4659 ξυλίνους,
2569 4591 2662 4644 καὶ
2699 4591 2954 4653 λιθίνους,
2985 4589 3035 4642 οἳ
3079 4589 3141 4640 ού
3175 4587 3449 4657 βλέπουσι,
3487 4590 3592 4640 καὶ
3621 4589 3730 4640 οὐκ

2121 4669 2570 4746 -ἁκούουσύξκαὶ
2598 4681 2660 4735 ού
2682 4681 3060 4750 γινώσκουσιν.
3087 4679 3307 4749 ᾔνεσας·
3346 4677 3437 4729 καὶ
3459 4677 3561 4730 τὸν
3581 4677 3730 4730 Θεὸν

2129 4776 2224 4829 τοῦ
2253 4774 2503 4845 οὐρανοῦ,
2539 4766 2603 4826 οὗ
2636 4775 2668 4844 ἡ
2703 4774 2840 4843 πνοή
2901 4787 2996 4823 σου
3039 4771 3097 4822 εν
3127 4773 3194 4839 τῇ
3237 4771 3382 4840 χειρὶ
3410 4767 3590 4820 αὑτοῦ
3633 4769 3735 4821 καὶ

2133 4869 2304 4921 πᾶσαι
2336 4868 2390 4920 αἱ
2415 4867 2523 4919 ὁδοί
2555 4883 2669 4928 σου,
2704 4865 2866 4917 αὑτὸν
2897 4865 2996 4917 οὐκ
3029 4864 3306 4930 ὲδόξασας.
3336 4863 3434 4915 Διὰ
3455 4860 3635 4914 τοῦτο
3667 4862 3738 4914 ὲκ

2132 4960 2429 5031 προσώπου
2464 4958 2631 5012 αὑτοῦ
2672 4957 2950 5027 ἀπεστάλη
2995 4956 3338 5026 ἀστράγαλος
3371 4954 3601 5025 χειρὸς,
3637 4957 3737 5007 καὶ

2130 5054 2228 5124 τὴν
2259 5052 2477 5124 γραφὴν
2507 5052 2712 5122 ταύτην
2757 5051 3027 5116 ἐνέταξεν.
3059 5051 3172 5104 Καὶ
3205 5049 3346 5118 αὕτη
3378 5049 3410 5119 ἡ
3453 5049 3666 5119 γραφὴ
3696 5050 3734 5116 ἡ

2132 5145 2501 5215 ὲντεταγμένη
2523 5189 2536 5207 ,
2573 5145 2767 5212 Μανῆ,
2798 5143 2968 5198 Θεκὲλ
2989 5185 3004 5210 ,
3031 5144 3232 5215 Φαρές.
3267 5142 3435 5194 Τοῦτο
3485 5143 3552 5194 τὸ
3596 5143 3739 5208 αὐγ-

2131 5257 2306 5310 κριμα
2344 5239 2435 5292 τοῦ
2488 5240 2764 5310 ῥήματος·
2807 5234 3006 5305 Μανῆ,
3057 5237 3362 5305 ἐμέτρησεν
3394 5237 3423 5286 ὀ
3447 5234 3598 5296 Θεὸς
3633 5235 3739 5303 τὴν

1723 5443 1810 5498 VA
1823 5443 1958 5498 lihE
2001 5443 2399 5502 LECTIONES.

522 5618 568 5654 ³⁹
598 5619 720 5700 κατ’
742 5619 990 5700 ἐνώπιον.
1024 5621 1351 5700 ιὶνιὶνπιονί)ζ
1418 5627 1460 5700 ξ⁰
1489 5627 1598 5686 val,
1647 5624 1887 5700 βασιλεῦ.
1924 5628 1952 5679 ὁ
1995 5626 2246 5696 βασιλεὺς
2285 5624 2346 5680 1³.
2424 5627 2464 5656 ⁸¹
2507 5625 2740 5700 καὶῇοιιι.
2863 5695 2873 5700 _
2903 5625 2948 5700 ξ’
2977 5621 3387 5700 αύτὺς-ἱάνῂρξι.
3423 5619 3643 5700 ᾁνῄριι

451 5692 500 5778 ξς
533 5690 768 5774 ’,αἰώνων
811 5691 1110 5777 ανθρώπων
1167 5693 1224 5756 ι»,
1261 5694 1560 5763 ἀνθρώπων
1617 5690 1889 5778 llani‘eLv,
1944 5690 2033 5751 20.
2114 5700 2158 5730 ⁸⁸
2212 5697 2414 5778 Κύριον
2455 5713 2563 5778 (ηιξ.
2607 5694 2664 5748 l‘.

452 5759 495 5794 ⁸⁷
530 5762 738 5816 ἕπιναν.
785 5759 1186 5818 Conl'erettdutu
1228 5759 1615 5830 ἐγκατέλειπας
1651 5782 1702 5832 ν.
1729 5764 1852 5828 ⁸26⁵.
1880 5759 1883 5760 ν
1907 5766 1985 5820 ‘2-

2764 5697 2805 5726 ιε
2855 5694 3088 5762 semesa,-
3137 5689 3197 5744 ι).
3382 5689 3438 5740 αι
3505 5687 3634 5745 ain.
3681 5687 3741 5748 P.

2069 5770 2110 5801 "3
2146 5768 2236 5820 καὶ
2269 5764 2364 5820 οὒκ
2418 5766 2668 5819 ἀκούουσι
2713 5785 2819 5819 um.
2855 5764 2912 5816 l’.
