3910 6336
211 365 319 430 357

776 481 868 546 ξα⁹
899 480 1247 548 Ὀλυμπιάς.

913 568 973 635 ε’,
1010 569 1060 635 η’
1084 573 1124 623 ⁵-

296 661 520 731 Περσῶν
564 661 740 734 τρίτοι
784 598 1138 714 ὲϐασῖἶὶῖευισαν
1183 659 1276 713 δύο
1303 659 1540 729 ἀδελφοὶ,
1573 663 1803 732 Μέρὸιος

226 755 321 806 καὶ
350 750 660 821 Πατξάτης,
695 751 873 822 μῆνας
906 749 969 816 ζ’.

295 845 520 916 Περσῶν
545 846 806 914 τέταρτος
834 843 1182 898 ἐϐασίλευσεν
1231 843 1454 914 Δαρεῖος
1493 843 1800 897 Ὑστάσπου

225 937 319 1004 ιτη
345 934 455 1000 λς’.
1385 935 1413 987 6
1420 932 1522 1004 p.06
1554 933 1661 998 ,εΘ’.

927 1126 997 1186 α’,
1039 1117 1105 1186 β’.

301 1212 500 1274 Ἕτους
545 1209 798 1282 δευτέρου
846 1212 1075 1284 Δαρείου
1105 1211 1218 1281 (36)
1241 1212 1348 1268 ’τοῦ
1385 1212 1686 1268 Ὑστάσπου
1711 1213 1805 1270 τοῦ

231 1303 456 1374 Περσῶν
481 1305 582 1356 καὶ
613 1303 919 1374 Ἀσσυρίων
946 1303 1042 1358 καὶ
1061 1303 1375 1371 Αἰγυπτίων
1401 1304 1687 1374 βασιλέως,
1712 1306 1809 1376 ἐφ’

233 1391 290 1448 οὗ
331 1397 448 1464 ἅμα
479 1393 756 1462 Ἀγγαῖος,
795 1393 887 1446 καὶ
937 1393 1236 1464 Ζαχαρίας,
1266 1394 1363 1447 καὶ
1413 1397 1441 1447 6
1484 1396 1546 1447 ἐκ
1593 1396 1700 1448 τῶν
1742 1395 1806 1465 ιβι

237 1485 504 1553 Ἀγγελος
549 1483 1008 1555 προφητεύουσιν,
1054 1483 1350 1556 ἐπληρώθη
1401 1485 1471 1538 τὰ
1496 1483 1538 1538 ο¹
1564 1485 1659 1557 ἔτη
1708 1487 1810 1557 τῆς

235 1576 466 1646 ἐρημίας
510 1575 604 1628 τοῦ
639 1575 786 1644 ίεροῦ
811 1592 825 1606 ο
869 1576 962 1628 καὶ
1002 1576 1210 1645 μάρτυς
1243 1575 1505 1644 ἐχέγγυος
1537 1577 1566 1629 6
1593 1579 1810 1648 προφή-

1409 367 1842 430 CZ'iRONICON
1883 372 2285 434 PASCHALE.

1832 491 1880 546 Α

3362 381 3466 444 358

2475 486 2593 542 ιλί
2620 487 2909 560 Olympias.

1974 657 2129 726 Apud
2163 657 2352 716 Persas
2378 662 2520 716 tertii
2553 679 2847 734 regnarunt
2885 669 3084 738 gemini
3108 670 3323 738 fratres,
3340 673 3484 734 Mer-

1905 747 2030 803 dius
2053 759 2107 803 et
2137 750 2388 807 l’atzates
2413 769 2629 809 menses
2667 773 2763 813 vu.

1973 839 2131 907 Apud
2195 839 2386 898 Persas
2435 854 2660 912 quartus
2715 850 2958 918 regnavit
2989 848 3213 918 Darius,
3284 854 3477 926 Hysta-

1904 930 2017 999 spis
2093 931 2268 998 ﬁlius,
2337 949 2510 992 annos
2579 953 2762 992 xxxvr.
2832 939 3168 1012 Colliguntur
3236 948 3366 1002 anni
3423 966 3474 1004 ν.

1904 1035 2017 1073 III.

1978 1207 2136 1260 Anno
2163 1221 2202 1261 ιι
2267 1205 2431 1271 Darii,
2465 1205 2739 1280 Hystaspis
2784 1211 2896 1276 lilii,
2951 1213 3256 1281 Persarum,
3308 1217 3477 1290 Assy-

1909 1293 2111 1350 riorum
2145 1303 2200 1348 et
2231 1293 2602 1365 Egyptiorum
2626 1300 2781 1370 regis,
2834 1302 2934 1355 sub
2969 1318 3076 1370 quo
3127 1305 3352 1375 Aggzeus
3403 1309 3480 1362 si-

1909 1385 2020 1438 mul
2047 1393 2101 1439 et
2132 1385 2438 1450 Zacharias,
2469 1398 2524 1442 et
2568 1392 2658 1457 qui
2685 1405 2749 1444 ex
2780 1408 2854 1446 xu
2907 1393 3083 1449 dictus
3111 1406 3194 1450 est
3220 1399 3479 1468 Angelus,

1909 1477 2530 1547 prophetaut,eompleti
2582 1489 2709 1536 sunt
2751 1499 2852 1538 ιλιι
2905 1485 3031 1539 anni
3095 1487 3482 1545 destructionis

1910 1565 2116 1634 templi,
2153 1575 2210 1620 ut
2232 1565 2334 1622 [ide
2360 1567 2555 1636 dignus
2591 1570 2742 1624 testis
2778 1571 3064 1632 Zacharias
3095 1590 3238 1629 anno
3272 1593 3308 1632 ιι
3339 1576 3483 1634 Darii

235 1677 330 1736 της
350 1666 650 1736 Ζαχαρίας,
674 1665 827 1729 ἔτους
851 1665 1105 1736 δευτέρου
1127 1665 1354 1736 Δαρείου
1382 1665 1554 1719 εἰπών
1570 1667 1592 1698 ⁸
1613 1684 1626 1697 ο
1657 1686 1674 1717 ι
1701 1665 1814 1719 Κύ-

1926 1655 1986 1707 ιίῑ
2022 1671 2033 1706 :
2068 1673 2084 1704 ι
2115 1654 2470 1724 Omnipotens
2500 1657 2743 1719 Domine,
2801 1677 3084 1732 quousque
3130 1665 3343 1724 tandem
3369 1683 3479 1724 non

239 1775 318 1829 ριε
370 1756 813 1826 παντοκράτορτ,
867 1756 970 1818 ἕως
1015 1756 1159 1818 τίνος
1201 1755 1262 1807 οὐ
1301 1755 1377 1826 μὴ
1425 1757 1670 1827 ὲλεήσεις
1712 1757 1811 1828 τὴν

1926 1743 2258 1798 misereberis
2284 1747 2450 1800 nostri
2492 1763 2654 1816 super
2710 1749 3030 1818 Jerusalem,
3073 1764 3128 1809 et
3176 1758 3485 1815 civitatibus

249 1819 606 1918 Ἶερουσαλὴ
641 1819 737 1900 καί
756 1849 854 1910 τὰς
881 1847 1063 1910 πόλεις
1086 1848 1278 1909 Ἰούδα,
1404 1819 1682 1919 ὑπερεῖδες
1700 1850 1721 1882 ⁸
1741 1819 1803 1915 ς’»

1926 1833 2047 1890 Iuda
2066 1851 2200 1906 quas
2225 1837 2554 1906 despexisti?
2583 1857 2601 1890 ι
2635 1841 2808 1910 Atque
2837 1845 2923 1899 hic
2937 1854 3020 1900 est
3048 1864 3224 1904 annus
3253 1867 3377 1906 ιιι.
3416 1854 3484 1908 Et

237 1939 441 1992 Τοῦτο⁹
472 1937 514 1990 ο¹
553 1939 692 2001 ἔτος.
731 1939 841 1990 Καὶ
885 1937 1028 1989 κατὰ
1065 1937 1162 2007 μὲν
1194 1936 1374 2006 Κῦρον
1407 1939 1440 2007 ἠ
1477 1937 1809 2007 τῆς-αἰχμα-

240 2029 437 2090 λωσίας
461 2027 560 2080 τοῦ
583 2027 855 2080 Ἰουδαίων
885 2026 1071 2086 ἔθνους
1096 2026 1378 2100 ἐλευθερία
1405 2029 1616 2096 γίνεται
1646 2029 1740 2083 καὶ
1773 2031 1806 2101 ἢ

242 2119 591 2190 συγχώρησις
617 2119 717 2187 τῆς
753 2118 844 2170 τοῦ
890 2117 1046 2190 145
1085 2119 1237 2190 ίεροῦ
1271 2120 1581 2191 οἰκοδομῆς,
1610 2123 1688 2184 εἰς
1721 2123 1812 2193 ἔρ-

239 2229 331 2280 γον
357 2213 416 2264 δὲ
446 2214 618 2282 χωρεῖ
663 2211 758 2264 καὶ
803 2211 1103 2266 τελειοῦται
1131 2213 1159 2265 6
1189 2215 1314 2275 ναδς
1351 2214 1492 2266 κατά
1520 2214 1582 2266 τὸ
1615 2213 1663 2286 η’
1691 2213 1811 2278 ἔτος

239 2304 460 2374 Δαρείου
513 2303 608 2356 τοῦ
643 2303 974 2367 Ὑστάσπου,
1008 2304 1132 2358 καθ’
1163 2303 1192 2356 ὃ
1233 2304 1508 2374 ἰεράτευεν
1533 2306 1739 2376 Ἰησοῦς
1783 2308 1813 2360 6

239 2396 328 2447 τοῦ
363 2391 612 2448 Ἰωσεδὲκ
641 2394 755 2464 ἅμα
787 2393 1093 2464 Ζοροϐάϐελ
1135 2394 1228 2452 τοῦ
1261 2394 1550 2467 Σαλαθιὴλ,
1577 2395 1686 2448 τῶν
1717 2414 1814 2449 πε-

240 2490 460 2555 ριοίκων
491 2487 552 2538 ὲν
577 2485 655 2555 τῷ
688 2485 893 2555 μεταξὺ
921 2486 1099 2557 χρόνῳ
1126 2488 1224 2556 τὴν
1246 2487 1534 2558 οἰκοδομὴν
1566 2488 1812 2558 ἐπισχόν-

239 2594 364 2631 των.
403 2577 833 2647 Παρατηρητέον
867 2576 924 2630 δὲ
967 2578 1042 2640 ὡς
1094 2577 1233 2647 μετὰ
1275 2578 1374 2648 τὴν
1425 2579 1684 2632 ἐπάνοδον
1713 2579 1811 2648 τῆς

240 2668 617 2737 αἰχμαὶωσίας
639 2667 822 2720 οὐκέτι
846 2667 1094 2737 βασιλεὺς
1122 2669 1517 2738 μνημονεύεται
1539 2669 1634 2722 τοῦ
1658 2670 1808 2734 λαοῦ,

242 2759 429 2826 ἐπειδὴ
483 2757 708 2827 ἤγγιζεν
761 2757 856 2810 τοῦ
914 2757 1236 2826 ἐπουρανίου
1309 2757 1572 2827 βασιλέως
1636 2759 1809 2829 Ἰησοῦ

243 2847 478 2918 Χριστοῦ
523 2847 618 2900 τοῦ
649 2847 777 2901 Υἰοῦ
802 2849 845 2880 ¹⁶
875 2846 966 2900 τοῦ
986 2847 1121 2900 Θεοῦ
1149 2851 1178 2917 ἡ
1216 2849 1359 2902 κατὰ
1392 2849 1570 2919 σάρκα
1599 2849 1811 2903 ἀνάδει-

245 2941 340 3004 ξς.
371 2941 593 3010 Συνᾴδει
619 2941 674 2994 δὲ
701 2940 912 3004 τούτοις
938 2941 1031 2993 καὶ
1063 2942 1092 2992 6
1123 2941 1409 3010 Κλήμης¹¹
1434 2942 1546 3012 (57)
1578 2942 1636 2993 tv
1659 2943 1701 2972 "
1734 2940 1812 3012 τῷ

254 3031 456 3102 πρώτῳ
499 3031 607 3100 (38)
646 3029 943 3098 Στρὼματι
973 3029 1201 3100 γράφων
1230 3029 1402 3094 οὕτως
1423 3047 1437 3062 ·
1473 3049 1492 3081 ι
1526 3031 1636 3085 Καὶ
1661 3031 1812 3101 ἐμει-

245 3138 333 3172 νεν
369 3121 404 3189 ἡ
436 3119 783 3190 αἰχμαλωσίσ.
830 3119 922 3189 ἐτη
952 3115 1014 3183 0',
1046 3117 1392 3187 καταλήξασα
1422 3119 1500 3180 εἰς
1527 3119 1586 3169 τὸ
1615 3115 1659 3186 β’
1693 3119 1812 3182 ἔτος

245 3211 472 3282 Δαρείου
497 3210 590 3262 τοῦ
615 3209 921 3262 Ὑστάσπου
951 3207 1048 3270 τοῦ,
1065 3208 1108 3240 ’³
1142 3207 1366 3277 Περσῶν
1393 3208 1486 3261 καί¹
1512 3209 1813 3281 Ἀσσυρίων

246 3307 340 3358 καὶ
372 3305 684 3368 Αἰγυπτῖων
711 3301 1003 3371 γενομένου
1037 3299 1326 3370 βασιλέως.
1357 3299 1440 3367 ἐφ’
1461 3294 1522 3354 οὗ
1566 3299 1816 3368 Ἀγγαῖος

247 3397 344 3448 καὶ
399 3394 672 3463 Ζαχαρίας
730 3395 824 3444 καὶ
880 3394 908 3446 6
955 3393 1019 3446 ὲκ
1066 3391 1176 3444 τῶν
1229 3389 1298 3460 ιβ’
1329 3390 1556 3458 ἄγγελος
1605 3407 1818 3461 προφηο

248 3485 486 3538 τεὺουσι.
521 3503 539 3534 ι
574 3484 679 3535 Καὶ
711 3481 885 3536 ταῦτα
917 3481 1016 3552 μὲν
1045 3485 1072 3536 6
1101 3480 1361 3553 δηλωθείς
1391 3483 1550 3553 ἁνήρ.
1586 3483 1719 3550 Περί⁸
1761 3482 1818 3534 δὲ

250 3575 347 3628 τοῦ
366 3576 412 3607 ³⁸
448 3574 608 3643 μέχρι
638 3573 894 3643 δευτέρου
925 3573 1078 3636 ἔτους
1110 3572 1340 3643 Δαρείου
1387 3572 1449 3626 τδ
1495 3570 1536 3626 0'
1567 3573 1664 3643 τῆς
1693 3574 1822 3644 ἐρη-

255 3667 390 3737 μίας
435 3662 530 3716 τοῦ
578 3663 722 3733 ἱεροῦ
746 3664 788 3740 ‘f
820 3663 935 3725 ἔτος
967 3665 1290 3733 παρατεῖναι
1331 3663 1539 3732 μάρτυς
1563 3661 1821 3732 ἐχέγγυος

252 3761 282 3810 6
305 3758 588 3826 προφήτης
611 3754 904 3824 Ζαχαρίας,
930 3754 1080 3817 ἔτους
1103 3753 1355 3822 δευτέρου
1378 3753 1604 3824 Δαρείου
1627 3752 1817 3805 εἰπών·

260 3868 278 3898 ι
311 3850 488 3918 Κύριε
517 3848 906 3916 παντὸκρατορ,
951 3846 1056 3907 ἓως
1085 3846 1227 3906 τίνος
1259 3845 1318 3898 οὐ
1350 3845 1424 3914 μὴ
1455 3843 1692 3915 ἐλεήσεις
1721 3843 1822 3914 τὴν

262 3937 622 4010 Ἰερουσαλὴμ
649 3939 742 3991 καὶ
771 3939 866 4000 τὰς
899 3937 1079 4000 πόλεις
1101 3936 1292 3997 Ἰούδα,
1324 3935 1388 3991 ἃς
1408 3934 1684 4006 ὑπερεῖδες
1705 3935 1776 3999 ¹⁶;
1801 3953 1819 3986 ι

324 4031 504 4084 Τοῦτο
528 4029 566 4082 0'
597 4031 734 4091 ἔτος.
763 4030 874 4080 Καὶ
915 4029 1056 4081 κατὰ
1100 4027 1199 4098 μὲν
1225 4027 1404 4094 Κῦρον
1433 4028 1466 4097 ἠ
1493 4028 1590 4096 τῆς
1625 4028 1825 4095 αἰχμα-

251 4123 459 4185 λωσίας
487 4121 590 4173 τῶν
615 4119 886 4173 Ἰουδαίων
911 4118 1194 4188 ἐλευθερία
1222 4120 1430 4185 γίνεται
1465 4117 1559 4170 καὶ
1607 4117 1640 4186 ἡ
1692 4131 1824 4183 συγ-

255 4215 500 4282 χώρησις
527 4209 625 4278 τῆς
657 4208 750 4262 τοῦ
784 4207 930 4279 ἱεροῦ
961 4207 1267 4279 οἰκοδομῆς,
1293 4209 1373 4270 είς
1400 4206 1557 4278 ἔργον
1575 4205 1632 4259 δὲ
1660 4205 1827 4275 χωρεῖ

255 4305 354 4356 καὶ
383 4300 676 4354 τελειοῦται
709 4303 737 4352 6
763 4299 896 4362 νεὼς
931 4299 1071 4352 κατὰ
1099 4299 1161 4351 τὸ
1185 4297 1232 4369 η’
1265 4297 1381 4361 ἔτος
1402 4299 1442 4328 ¹⁷
1473 4296 1698 4367 Δαρείου
1725 4295 1824 4366 βα-

256 4393 483 4451 σιλείας.
859 4431 868 4438 .

800 4480 894 4546 ξβ⁹
941 4479 1284 4550 Ὀλυμπιάς.

1009 4569 1075 4638 γ’.

330 4665 527 4724 Ἕτους
555 4663 740 4734 τρίτου
775 4660 1002 4732 Δαρείου
1033 4658 1128 4713 τοῦ
1172 4657 1480 4712 Ὑστάσπου
1509 4659 1538 4710 ὁ
1570 4658 1627 4709 ὲν
1665 4657 1826 4727 Ἰερο-

257 4753 514 4822 σολύμοις
545 4753 679 4814 νεὼς
707 4752 1072 4820 οἰκοδομεῖται
1106 4749 1212 4802 ὑπὸ
1242 4748 1565 4820 Ζοροϐάϐελ,
1596 4747 1828 4800 τελειοῦ-

254 4862 346 4895 ται
372 4845 431 4896 δὲ
461 4845 522 4895 tv
553 4849 604 4908 ς’
634 4843 830 4896 ἔτεσιν.

1914 1937 2173 1997 regnante
2195 1927 2335 1998 Cyro
2355 1931 2496 1998 genti
2525 1929 2833 1987 Judzeorum
2856 1946 2977 2004 post
3023 1941 3385 2008 captivitatem
3417 1944 3486 1998 li-

1913 2015 2096 2072 bertas
2130 2025 2212 2072 est
2249 2018 2471 2082 reddita,
2492 2031 2547 2074 et
2571 2023 2753 2092 templi
2778 2025 3113 2083 instaurandi
3137 2030 3365 2086 facultas
3391 2034 3485 2088 da-

1915 2118 1987 2162 ta.
2015 2107 2189 2177 Opere
2215 2125 2344 2164 vero
2381 2113 2727 2179 procedente,
2771 2117 3068 2186 perfectum
3099 2131 3182 2175 est
3223 2123 3485 2192 templum

1912 2210 2058 2251 anno
2101 2214 2196 2252 vtu
2239 2197 2380 2254 Darii
2413 2199 2502 2254 ﬁlii
2537 2201 2834 2274 Hystaspis.
2879 2223 2986 2278 quo
3042 2219 3285 2280 tempore
3341 2229 3489 2268 sum-

1913 2303 2060 2342 mum
2085 2290 2451 2358 pontiﬁcatum
2486 2295 2650 2362 gessit
2693 2293 2822 2351 Jesu
2882 2299 3022 2353 [ilius
3075 2300 3323 2365 Josedec,
3381 2319 3488 2358 una

1914 2392 2038 2434 cum
2063 2379 2362 2435 Zorobabel
2392 2383 2500 2436 lilio
2549 2383 2829 2450 Salathiel,
2888 2389 3487 2457 circumbabitantibus,

1914 2485 2012 2538 per
2042 2470 2094 2526 id
2143 2473 2402 2541 temporis
2465 2475 2806 2532 mdilicationi
2867 2479 3322 2536 incumbentibus.
3379 2482 3490 2538 0b-

1913 2556 2238 2610 servandum
2289 2575 2450 2628 porro
2491 2572 2609 2632 post
2651 2564 2880 2619 reditum
2907 2582 2970 2620 ex
2999 2569 3313 2636 captivitate
3367 2571 3492 2624 ttul-

1912 2645 2024 2697 lum
2054 2647 2234 2715 populi
2287 2660 2464 2719 regem
2513 2656 2818 2717 memorari,
2861 2658 2986 2725 quia
3041 2660 3277 2714 caelestis
3332 2660 3493 2732 Regis

1912 2732 2042 2788 Jesu
2071 2737 2272 2792 Christi
2305 2740 2396 2794 Dei
2452 2743 2916 2814 appropinquabat
2951 2751 3245 2805 secundum
3276 2765 3492 2805 carnem

1913 2823 2200 2878 adventus.
2255 2825 2411 2880 Hisce
2467 2842 2704 2883 consona
2729 2832 2920 2886 scribit
2975 2829 3226 2890 Clemens
3278 2835 3416 2890 libro
3474 2852 3492 2890 ι

1914 2910 2256 2978 Stromatum,
2293 2915 2382 2968 ubi
2402 2915 2478 2968 sic
2509 2914 2585 2968 ait
2617 2932 2629 2968 :
2673 2935 2691 2968 ι
2724 2918 2790 2971 Et
2848 2922 3216 2988 perseveravit
3261 2923 3494 2992 captivi-

1915 3013 1998 3058 tas
2022 3005 2178 3058 annis
2202 3004 2606 3076 Lxx,desiitque
2638 3007 2692 3060 in
2721 3024 2848 3064 ann.
2879 3027 2917 3064 ιι
2944 3010 3083 3065 Darii
3112 3012 3387 3084 Hystaspis
3401 3013 3493 3068 ﬁlii

1915 3093 2220 3160 Persarum,
2239 3096 2574 3166 Assyriorum
2593 3107 2646 3152 et
2661 3097 3028 3169 IEgyptiorum
3050 3104 3188 3173 regis
3215 3121 3226 3156 :
3251 3105 3352 3158 sub
3364 3119 3470 3174 quo
3486 3139 3502 3166 ,

1915 3189 2142 3258 Aggteus
2157 3187 2526 3252 thacharias,
2546 3197 2600 3242 et
2616 3206 2756 3244 unus
2769 3207 2836 3246 ex
2863 3193 3047 3262 xtthui
3067 3193 3300 3262 Angelus
3318 3196 3495 3250 dictus

1916 3284 2000 3330 est
2031 3275 2439 3344 prephetabant.
2475 3277 2646 3345 Atque
2668 3277 2781 3331 hzec
2807 3279 3022 3347 quidem
3047 3281 3332 3348 praedictus
3358 3283 3494 3337 scri-

1919 3377 2059 3438 ptor.
2091 3367 2172 3421 Ab
2199 3367 2288 3420 illo
2311 3382 2437 3421 vero
2469 3376 2709 3437 tempore
2747 3384 2917 3437 usque
2965 3370 3034 3423 ad
3063 3386 3102 3424 ιι
3137 3386 3337 3424 annum
3385 3373 3492 3426 Da-

1920 3457 2015 3518 rii,
2045 3456 2435 3511 destructionis
2502 3457 2686 3526 templi
2725 3474 2926 3511 annum
2969 3475 3072 3514 tu
3119 3461 3366 3529 protendi
3410 3470 3494 3516 te-

1921 3549 2019 3602 stis
2054 3534 2139 3602 est
2159 3547 2305 3602 omni
2347 3547 2664 3618 exceptione
2690 3549 2858 3620 major
2885 3549 3174 3605 Zacharias
3203 3553 3488 3621 propheta,

1921 3639 2049 3695 dum
2077 3640 2178 3694 sub
2193 3653 2398 3696 annum
2425 3654 2464 3692 ιι
2488 3638 2627 3692 Darii
2658 3638 2732 3692 ait
2761 3656 2773 3691 :
2804 3657 2823 3689 ι
2857 3639 3080 3693 Domine
3126 3641 3495 3711 omnipotens,

1923 3745 2204 3800 quousque
2238 3745 2346 3784 non
2397 3730 2740 3785 misereberis
2770 3728 3067 3796 Jerusalem
3106 3741 3160 3784 et
3188 3730 3497 3786 civitatibus

1923 3820 2081 3887 Juda,
2108 3835 2242 3892 quas
2270 3819 2563 3889 despexisti
2589 3819 2612 3872 ?
2649 3837 2668 3871 ι

1997 4042 2097 4097 Hic
2124 4051 2208 4098 est
2237 4057 2415 4098 annus
2451 4059 2578 4108 an,
2611 4059 2738 4113 quo,
2769 4041 2907 4114 Cyro
2961 4055 3235 4116 regnante,
3291 4044 3494 4104 ludatis

1927 4143 2049 4204 post
2077 4135 2442 4202 captivitatem
2469 4134 2610 4188 facta
2629 4143 2713 4187 est
2733 4135 2975 4199 libertas,
3009 4144 3063 4190 et
3097 4134 3321 4191 facultas
3370 4137 3494 4192 data

1927 4223 2330 4278 instaurationis
2389 4224 2594 4292 templi.
2663 4223 2994 4281 Procedente
3075 4235 3254 4280 autem
3307 4243 3493 4296 opere,

1929 4315 2189 4384 templum
2227 4313 2446 4368 tandem
2475 4314 2776 4369 absolvitur
2800 4315 2944 4370 circa
3002 4333 3098 4371 vm
3157 4332 3362 4372 annum
3408 4333 3497 4372 re~

1929 4405 2019 4475 gni
2043 4404 2206 4459 Darii.
3363 4423 3366 4426 λ

2191 4495 2272 4563 (Α.
2303 4508 2332 4547 a
2384 4491 2453 4546 Μ.
2477 4492 2539 4548 C.
2563 4491 2745 4563 4976).
2790 4492 2942 4550 LXII
2966 4493 3250 4564 Olympias.

2000 4673 2159 4728 Anno
2188 4691 2246 4728 ιιι
2271 4673 2416 4730 Darii
2449 4673 2731 4748 Hystaspis
2761 4673 2877 4739 lilii,
2901 4673 3160 4742 templum
3192 4673 3500 4745 Hierosoly-

1931 4764 2192 4818 mitanum
2220 4781 2248 4819 a
2293 4765 2589 4820 Zorobabel
2640 4763 2960 4829 aediﬁcatur,
3029 4764 3326 4820 absolvitur
3369 4779 3504 4821 vero

1931 4871 2092 4910 annis
2129 4874 2204 4911 γι.

1587 4983 1914 5042 DUCANGII
1961 4989 2193 5048 ΝΟΤιΕ.

328 5107 444 5176 (σε)
501 5107 720 5168 Ἕτους
769 5063 1051 5172 δευτέρου
1110 5101 1371 5171 Δαρείου.
1431 5101 1506 5156 Ex
1561 5101 1799 5158 Eusebio

328 5194 377 5232 ιι.
415 5175 536 5232 Ιίθ.
573 5175 662 5226 ubi
691 5173 949 5232 Scalitter.

2008 5110 2118 5181 (58)
2161 5110 2226 5163 '0
2264 5110 2334 5163 ἐν
2358 5107 2438 5174 τῷ
2470 5109 2694 5174 πρώτῳ.
2735 5117 2843 5164 etc.
2873 5107 3071 5232 Scalig.
3106 5108 3249 5164 delet
3273 5109 3322 5170 6,
3355 5109 3502 5163 delet

1937 5181 2100 5232 etiam
2129 5195 2313 5232 vocem
2347 5179 2440 5230 καὶ
2466 5178 2795 5232 Αἰγυπτίων.
2825 5193 2988 5232 uuam
3057 5179 3180 5232 abet
3210 5178 3500 5232 Eusebius.

249 5173 377 5248 pug.
415 5175 536 5233 ην.
573 5175 662 5248 ubi

325 5241 443 5315 (379
487 5245 751 5315 Κλήμηςἶ
781 5241 860 5296 Ei
885 5242 1116 5297 Eusebio
1143 5241 1322 5315 lib.__l,
1372 5241 1555 5315 p.311,
1589 5242 1680 5315 ubi
1711 5241 1832 5297 Cle-

249 5310 459 5371 mentis
483 5310 628 5370 locus
650 5312 958 5376 adducitur,
981 5327 1046 5366 ex
1071 5327 1194 5382 pag.
1225 5310 1322 5367 551
1353 5311 1488 5366 edit.
1520 5310 1692 5366 Paris.

1937 5178 2107 5234 etiam
2129 5179 2440 5248 vecemixai.
2466 5178 2795 5245 Αἰγυπτίων,
2825 5193 2988 5248 quam
3019 5178 3180 5233 habet
3210 5178 3500 5234 Eusebius.

1938 5249 2103 5316 Infra,
2129 5250 2230 5302 καὶ
2253 5247 2426 5302 ταῦτα
2455 5248 2574 5319 μέν.
2599 5248 2794 5320 Scalig.
2826 5247 2968 5301 κατὰ
2991 5248 3184 5302 ταῦτα.

1541 5447 1776 5503 ῩΑΒΙΕ
1818 5444 2223 5502 LECTIONES.

322 5573 344 5601 ⁸
379 5571 446 5634 ζ’,
479 5570 527 5638 η’
555 5584 662 5638 om.
711 5566 769 5620 P.
789 5564 1077 5638 ηξ-είπὼυε
1112 5562 1339 5638 Zachlt,
1509 5563 1557 5638 _"
1594 5562 1992 5638 παντοὲράτωρ
2023 5561 2086 5638 V_.
2154 5560 2186 5638 _'
2207 5557 2455 5628 ὑπερίδες
2483 5556 2594 5638 Py.
2667 5557 2890 5638 τοῦτο.
2915 5556 3074 5638 τοῦτο
3103 5553 3251 5638 το-Ρε
3325 5552 3380 5638 ’Ἰ
3406 5549 3504 5638 τξξῗ

250 5631 513 5695 υιοῦδηιί
557 5637 616 5691 Ρ.
710 5639 751 5668 ⁸⁸
787 5634 1001 5702 Κλήμις
1037 5631 1100 5696 ν,
1135 5648 1186 5701 p.
1227 5631 1350 5702 395.

1432 5633 1472 5662 "
1507 5634 1584 5687 tv.
1618 5635 1646 5684 ὁ
1678 5635 1736 5685 tv
1769 5627 1830 5686 P'.
1912 5627 1971 5662 ’³⁷
1995 5631 2087 5684 τοῦ
2120 5627 2350 5683 alterum
2387 5644 2497 5683 om.
2531 5627 2587 5681 P.

250 5641 370 5695 υἰοῦ
401 5635 513 5692 om;
557 5637 616 5691 P.
710 5639 751 5668 “
787 5635 1001 5756 Κλῖιμις
1037 5635 1100 5696 ν,
1135 5648 1186 5701 p.
1227 5635 1350 5686 595.
1432 5635 1472 5662 "
1507 5635 1584 5687 tv.
1618 5635 1646 5684 ὁ
1678 5635 1736 5685 tv
1770 5635 1830 5686 Ρ.
1912 5635 1956 5662 ’⁸
1995 5635 2087 5684 τοῦ
2120 5635 2350 5683 alterum
2387 5644 2497 5683 om.
2531 5635 2587 5681 I’.
2667 5635 2710 5663 η
2743 5635 2834 5679 τοῦ
2859 5641 2968 5680 om.
3014 5635 3073 5678 l'.
3153 5635 3181 5655 "

249 5713 296 5745 ³⁸
331 5707 586 5778 ὕπερίδες
619 5707 726 5761 PV.
758 5705 870 5761 Con
902 5744 914 5757 .
945 5712 1128 5757 autem
1163 5702 1233 5755 de
1281 5701 1364 5754 his
1402 5702 1468 5755 ad
1505 5717 1560 5770 p.
1599 5700 1668 5754 94
1705 5701 1764 5755 D.
1842 5704 1885 5734 "
1930 5701 1991 5753 τι
2017 5707 2066 5770 η’
2096 5700 2214 5778 ἔτος
2242 5699 2468 5768 Δαρείου
2511 5698 2804 5767 βασιλείας.
2852 5697 3074 5765 Δάριιον
3117 5692 3181 5745 ν.

2667 5630 2710 5663 ¹¹ι
2743 5627 2834 5679 τοῦ
2859 5641 2968 5680 om.
3014 5625 3073 5678 P.
3153 5623 3195 5655 ¹¹
3234 5620 3402 5691 ίερίου
3431 5618 3499 5674 ν.
