3910 6336
210 390 315 464 37':

1427 396 1581 462 CHR
1592 394 1871 463 ONICON
1927 400 2329 465 PASCHALE.

3383 400 3487 464 378

211 512 339 568 νέος
358 505 434 560 ὢν
464 502 769 576 προσετέθη
793 501 929 575 πρὸς
957 501 1081 567 τοὺς
1099 486 1341 575 πατέρας
1365 506 1530 560 αὑτοῦ
1559 509 1619 561 ὲν
1650 508 1798 580 ἁγρῷ

1907 509 2167 580 scriptum
2199 523 2283 566 est
2322 511 2374 565 in
2407 508 2821 582 Spheretclliin,
2858 510 2960 565 hoc
2995 520 3079 565 est
3112 510 3165 567 in
3211 511 3348 567 lihro
3392 514 3489 568 ιιι-
3556 562 3571 579 κ

212 597 410 653 αὐτοῦ.

280 780 332 812 ἰ
368 779 568 834 Λοιπὸν
596 780 694 834 ἐπὶ
727 778 807 851 (4)
856 781 978 844 τοὺς
1012 781 1288 850 τέσσαρας
1339 781 1609 851 μεγάλους
1628 783 1674 814 ’⁸
1706 781 1803 852 βα-

208 868 460 939 διοῦμεν,
492 868 884 940 πληρώσαντες
909 869 1007 923 σὺν
1032 867 1154 939 Θεῷ
1180 868 1307 933 τοὺς
1343 869 1429 938 ιβ’.
1458 866 1671 928 Πάντες
1702 872 1791 941 μὲι

211 962 263 1013 οί
302 960 586 1031 προῆται
643 960 1021 1032 προεφήτευον
1059 961 1156 1014 καὶ
1206 960 1627 1032 ὑπεμίμνησκον
1673 963 1801 1026 τοὺς

227 1052 523 1114 Ἰουδαίους
554 1052 683 1121 περὶ
712 1050 825 1104 τῶν
854 1051 1199 1121 ἐπαγγελιῶν
1226 1052 1322 1106 τοῦ
1354 1052 1490 1107 Θεοῦ
1544 1048 1620 1108 ὧν
1665 1055 1803 1125 πρὸς

213 1143 349 1206 τοὺς
388 1143 627 1214 πατέρας
660 1145 976 1211 ἐποιήσατο,
999 1144 1151 1207 ὅπως
1178 1144 1355 1199 πάντα
1384 1145 1453 1199 τὰ
1482 1144 1609 1215 ἔθνη
1651 1145 1800 1197 εὐλοι

214 1239 339 1300 γεῑν
372 1234 639 1303 ὑπέσχετο
664 1235 721 1285 ὲν
749 1235 827 1303 τῷ
862 1235 1139 1305 σπέρματι
1168 1234 1264 1288 τοῦ
1307 1234 1560 1307 Ἀϐραὰμ
1591 1234 1680 1288 διὰ
1702 1238 1802 1306 τῆς

215 1321 371 1375 κατὰ
425 1322 519 1375 τὸν
573 1324 854 1391 Δεσπότην
896 1323 1133 1394 Χριστὸν
1167 1323 1503 1394 οἰκονομίας,
1528 1310 1628 1376 ’καὶ
1654 1325 1802 1387 ὅπως

216 1414 569 1485 ἑλυτρὼσατο
614 1415 812 1477 αὐτοὺς
849 1415 879 1465 ό
926 1414 1059 1478 Θεὸς
1102 1415 1294 1487 πρώην
1330 1417 1402 1469 ἑκ
1432 1415 1535 1485 τῆς
1562 1416 1803 1479 δουλείας

215 1504 337 1557 τῶν
364 1505 676 1572 Αἰγυπτίων
703 1504 841 1574 μετὰ
873 1503 1156 1576 βραχίονος
1183 1504 1412 1575 ὑψηλοῦ·
1451 1507 1546 1559 καὶ
1573 1504 1803 1557 δέδωκεν

217 1592 413 1654 αὐτοῖς
448 1591 547 1661 τὴν
574 1595 677 1662 γῆν
706 1592 807 1661 τῆς
825 1593 1181 1661 ἐπαγγελίας,
1220 1596 1317 1648 καὶ
1345 1595 1494 1657 ὅπως
1517 1593 1798 1664 αἰχμάλω-

218 1698 305 1734 τοι
337 1682 418 1744 είς
454 1680 748 1735 Βαϐυλῶνα
777 1681 885 1735 ὑπὸ
934 1682 1406 1754 Ναϐουχοδονόσορ
1454 1684 1801 1754 ἀπαχθήσον-

216 1788 341 1834 ται,
378 1773 477 1825 καὶ
502 1771 663 1826 πάλιν
708 1771 937 1839 ἐνδόξως
972 1774 1325 1845 ὲπανήξουσι,
1357 1777 1451 1830 καὶ
1485 1776 1647 1831 πάλιν
1679 1776 1797 1829 πεί-

220 1879 413 1917 mat
466 1863 611 1918 κακὰ
656 1865 762 1918 ὑπὸ
797 1865 1079 1941 Ἀντιόχου
1111 1868 1207 1920 καὶ
1252 1867 1362 1919 τῶν
1411 1866 1575 1938 πέριξ
1604 1866 1793 1932 ἑθνῶν,

219 1956 321 2007 καὶ
358 1955 508 2018 ὅπως
554 1956 648 2008 καὶ
684 1955 893 2009 τούτων
945 1957 1176 2028 δυνάμει
1225 1957 1345 2030 θείᾳ
1375 1959 1795 2031 περιγένωνται,

219 2047 318 2099 καὶ
348 2047 468 2101 τότε
491 2046 980 2119 ὀπροσδοκώμενος
1007 2052 1071 2102 ἐκ
1097 2049 1191 2102 τοῦ
1214 2050 1527 2121 σπέρματος
1548 2049 1798 2122 Ἀϐραὰμ

214 2137 349 2206 ἥξει
373 2138 468 2190 ἐπὶ
495 2137 738 2211 σωτηρίᾳ
772 2139 975 2214 παντὸς
998 2140 1092 2193 τοῦ
1124 2140 1330 2211 κόσμου
1365 2142 1504 2195 κατὰ
1532 2141 1631 2205 τὰς
1660 2142 1797 2196 ἄνων

216 2228 312 2282 Θεν
344 2230 702 2298 ἐπαγγελίας.
738 2230 912 2285 Τοῦτο
940 2232 1001 2285 τὸ
1030 2233 1190 2305 ἔργον
1219 2235 1331 2287 τῶν
1351 2235 1667 2305 προφητῶν.
1701 2234 1796 2288 Τι-

214 2323 305 2383 νὲς
357 2320 462 2388 μὲν
498 2317 592 2375 οὖν
619 2322 665 2353 ’³
694 2322 754 2387 ἑξ
801 2324 981 2379 αὐτῶν
1034 2326 1249 2389 ἑαυτοῖς
1303 2326 1647 2398 συνέγραψαν
1699 2327 1798 2391 τὰς

214 2414 358 2477 ἰδίας
396 2414 635 2485 βίϐλους,
689 2411 801 2470 οἷον
834 2419 863 2471 ό
895 2416 943 2450 ⁸⁸
975 2416 1157 2479 Δαὸὶδ,
1205 2418 1418 2481 συνθεὶς
1468 2418 1568 2489 τὴν
1618 2417 1796 2489 βίϐλον

212 2506 327 2556 τῶν
374 2505 641 2575 Ψαλμῶν,
674 2506 769 2560 καὶ
796 2507 1014 2579 Δανιὴλ,
1040 2508 1099 2559 ἑν
1137 2510 1201 2579 τῇ
1234 2509 1579 2581 αἰχμαλωσίᾳ
1606 2509 1797 2562 κελευ-

216 2594 371 2657 σθεὶς
410 2596 623 2666 γράψαι
666 2596 816 2666 ἆπερ
864 2597 1013 2669 αὐτῷ
1042 2598 1110 2652 δι’
1138 2599 1381 2670 ὁράσεων
1410 2599 1795 2670 ἀπεκαλύφθη,

207 2687 241 2754 ἦ
273 2689 377 2739 καὶ
398 2687 551 2740 ἄλλοι
584 2689 749 2751 τινες.
782 2690 846 2741 Οί
885 2689 941 2742 δὲ
965 2689 1143 2744 λοιποὶ
1166 2692 1264 2762 οὐχ
1291 2692 1504 2753 ἑαυτοῖς
1534 2692 1798 2763 συνέγρα-

211 2793 343 2844 φον.
370 2777 509 2831 ἀλλὰ
533 2783 886 2850 γραμματεῖς
913 2779 1056 2850 ἦσαν
1083 2784 1142 2835 ὲν
1167 2781 1249 2852 τῷ
1282 2782 1434 2854 ἱερῷ,
1473 2783 1523 2836 οἳ
1559 2783 1797 2855 ἔγραφον

214 2866 454 2918 ἑκάστου
502 2870 786 2938 προφήτου
829 2869 905 2932 ὡς
945 2870 1040 2922 ἐπὶ
1070 2871 1426 2940 ἡμερολογίου
1474 2871 1652 2941 λόγον.
1690 2872 1800 2925 Καὶ

212 2957 385 3026 ἡνίκα
424 2958 786 3012 ἀπεστέλλετο
812 2960 917 3013 ὑπὸ
945 2960 1040 3014 τοῦ
1069 2960 1206 3014 Θεοῦ
1238 2963 1524 3033 προφήτης
1562 2961 1799 3035 κηρῦξαι

213 3050 250 3117 ἢ
288 3050 422 3119 περὶ
471 3049 829 3121 Ἰερουσαλὴμ
861 3052 943 3105 ὅτι
993 3052 1175 3122 μέλλει
1208 3053 1730 3122 αίχμαλωτίξεσθαι,
1763 3053 1797 3124 ἦ

218 3139 352 3208 περὶ
388 3139 722 3210 Εμαρείας,
756 3141 788 3211 ἥ
834 3143 961 3213 περὶ
1004 3144 1209 3211 ἑτέρων
1239 3143 1440 3207 τόπων,
1471 3142 1503 3212 ἢ
1534 3145 1666 3214 περ)⁸
1699 3144 1799 3215 τῆς
1825 3185 1869 3242 c

216 3228 501 3290 ἐπανόδου,
526 3229 561 3298 ἢ
581 3231 711 3300 περὶ
743 3230 1038 3300 Ἀντιόχου,
1058 3232 1091 3301 ἢ
1114 3231 1242 3302 περὶ
1270 3230 1379 3284 τῶν
1410 3231 1571 3303 πέριξ
1601 3231 1796 3297 ἐθνῶν,

214 3318 251 3386 ἦ
280 3318 413 3386 περὶ
430 3318 600 3371 αὐτοῦ
626 3317 722 3372 τοῦ
749 3320 1020 3373 Agenoreo
1043 3320 1301 3391 Χριστοῦ,
1323 3319 1447 3374 καθ’
1475 3324 1544 3391 ἢν
1576 3323 1795 3394 ἡμέραν

218 3402 596 3480 προεφήτευεν
616 3413 663 3443 ’⁵
723 3411 959 3484 ἔγραφον
995 3415 1054 3466 ἑν
1082 3414 1325 3484 τῷλόγῳ
1374 3413 1470 3467 τοῦ
1518 3417 1799 3486 προφήτου

218 3502 435 3554 ἐκείνου
466 3502 496 3554 ὅ
523 3503 822 3572 ἐκήρυττεν
845 3503 973 3574 περὶ
992 3504 1109 3568 ἑνὸς
1128 3506 1473 3576 πράγματος.
1503 3507 1614 3559 Καὶ
1640 3505 1799 3560 πάλιν

222 3591 361 3658 μετὰ
393 3592 608 3662 καιρὸν,
625 3593 676 3644 εί
704 3593 749 3624 ³⁸
768 3593 1039 3665 ἐκήρυξεν
1066 3597 1194 3666 περὶ
1224 3597 1410 3668 ἑτέρου
1448 3597 1796 3668 πράγματος,

219 3680 387 3733 πάλιν
412 3681 659 3753 ἔγραφον
680 3683 1079 3748 ὕποτάσσοντες
1114 3685 1272 3758 154
1296 3689 1376 3751 εἰς
1404 3687 1496 3741 τὸν
1525 3688 1690 3743 αὐτοῦ
1709 3690 1799 3743 λό-

220 3788 339 3837 γον.
362 3773 439 3836 ὡς
468 3773 648 3844 ἀρχὴν
677 3774 974 3844 κεφαλαίου
995 3778 1306 3848 ποιούμενοι
1333 3779 1657 3850 ἑκὴριττον.
1682 3782 1796 3835 Καὶ

222 3862 363 3915 οὕτω
396 3866 584 3917 πᾶσαν
630 3866 731 3936 τὴν
783 3866 965 3936 βίϐλον
1015 3866 1180 3920 αὐτοῦ
1231 3869 1599 3924 συνετίθεσαν.
1635 3870 1799 3923 Ὅοεν

222 3954 365 4007 ἐστιν
397 3956 585 4026 εὑρεῖν
610 3958 669 4009 ὲν
696 3960 815 4019 ταῖς
842 3956 1024 4021 αὐτῶν
1052 3958 1256 4028 βίϐλοις
1295 3958 1589 4027 κεφάλαιον
1628 3961 1799 4030 ἁρμό-

224 4048 315 4109 ζον
344 4050 427 4111 εἰς
452 4047 553 4118 τὴν
582 4034 959 4118 αἰχμαλωσίαν
980 4049 1318 4115 Βαϐυλῶνος,
1339 4050 1372 4120 ἢ
1391 4053 1470 4115 είς
1498 4052 1598 4122 τὴν
1628 4053 1798 4105 ἐπάν-

220 4137 359 4201 οδον,
406 4138 509 4190 καὶ
556 4138 758 4202 εὐθέως
814 4140 941 4207 περὶ
999 4138 1237 4208 Χριστοῦ
1265 4139 1472 4209 ἕτερον,
1506 4142 1601 4193 καὶ
1643 4137 1798 4206 αὖθις

225 4228 349 4295 περὶ
401 4226 505 4293 τῆς
535 4227 935 4297 αἰχμαλωσίας,
964 4228 1060 4281 καὶ
1106 4229 1204 4297 τῆς
1244 4229 1504 4283 ἐπανόδου
1543 4230 1793 4300 λέγοντα·

224 4316 313 4369 καὶ
342 4316 535 4380 ἁπλῶς
569 4319 767 4383 εἰπεῖν,
818 4319 914 4371 ἑὰν
970 4320 1046 4389 μὴ
1100 4322 1641 4392 παρατετηρημένως
1668 4324 1797 4375 ἅνα-

223 4408 382 4476 γνῴς,
417 4407 804 4476 συγκεχυμένα
832 4410 901 4462 τὰ
934 4412 1111 4464 πάντα
1146 4413 1398 4482 εὑρήσεις
1427 4412 1495 4469 ⁸⁷.
1521 4412 1597 4468 Οὐ
1636 4414 1796 4484 μόνον

1904 600 2117 666 dicum,
2166 602 2414 675 contigit.
2465 600 2695 658 Juvenis
2742 601 2926 665 adhuc
2973 603 3253 672 appositus
3294 612 3375 658 est
3422 607 3488 660 ad

1903 701 2086 761 patres
2115 707 2246 747 suos
2276 694 2331 747 in
2361 708 2494 765 agro
2524 708 2647 748 suo.

2258 784 2334 839 De
2363 793 2590 852 quatuor
2611 785 2817 855 magnis
2846 785 3131 854 prophetis.

1976 874 2268 931 Duodecim
2331 876 2667 948 (prophetis)
2711 876 2938 947 juvante
3002 875 3113 930 Deo
3171 874 3483 946 explicitis,

1902 977 2147 1036 superest
2206 977 2266 1022 ut
2324 969 2392 1024 de
2430 979 2663 1040 quatuor
2700 968 2912 1041 magnis
2972 983 3214 1039 agamus.
3263 967 3468 1023 Omnes

1901 1057 2119 1128 quidem
2178 1060 2460 1129 propheta:
2526 1058 2958 1130 prophetarunt,
3034 1066 3091 1113 et
3136 1056 3352 1114 Iudaeos
3415 1060 3483 1114 de

1901 1147 2351 1217 promissionibus
2404 1148 2637 1203 subinde
2709 1155 3042 1229 monuerunt
3071 1188 3087 1212 ,
3139 1161 3274 1216 quas
3340 1147 3482 1201 Deus

1901 1254 2088 1294 eorum
2119 1239 2365 1309 patribus
2414 1240 2646 1305 fecerat,
2694 1254 2873 1309 quove
2913 1244 3072 1308 pacto
3118 1244 3307 1308 gentes
3357 1237 3482 1292 uni-

1902 1338 2088 1383 versas
2130 1330 2511 1386 benedictione
2559 1347 2656 1385 sua
2706 1331 2912 1386 donare
2963 1338 3081 1385 erat
3122 1330 3395 1400 pollicitus
3424 1331 3481 1385 in

1901 1417 2114 1472 semine
2162 1417 2436 1473 Abraham
2472 1412 2569 1488 per
2612 1418 2827 1472 Domini
2877 1417 3079 1474 Christi
3124 1418 3484 1488 dispensatio-

1900 1524 2066 1564 nem:
2098 1518 2155 1564 et
2181 1510 2454 1579 quomodo
2492 1510 2636 1565 Deus
2679 1525 2746 1565 ex
2804 1509 3181 1581 {Egyptiorum
3220 1510 3482 1564 servitute

1901 1600 2052 1669 prius
2079 1599 2201 1655 illos
2246 1616 2370 1656 eum
2400 1599 2634 1657 brachio
2666 1599 2886 1655 excelso
2935 1600 3271 1666 liberaverit,
3303 1611 3357 1654 et
3383 1600 3480 1654 de-

1901 1687 2042 1743 derit
2098 1689 2179 1744 cis
2238 1697 2437 1743 terram
2493 1688 2935 1758 repromissionis
2979 1702 2993 1742 τ
3040 1702 3214 1756 quave
3274 1687 3483 1743 ratione

1900 1777 2100 1846 captivi
2164 1778 2492 1848 Babylonem
2572 1793 2603 1832 a
2664 1776 3165 1834 Nabuchodonosor
3228 1779 3479 1843 abducti,

1902 1884 2118 1923 rursum
2174 1868 2407 1941 gloriose
2446 1868 2651 1923 reversi
2700 1877 2866 1922 sunt:
2909 1876 3049 1923 etut
3100 1868 3239 1923 mala
3286 1870 3480 1925 iterum

1896 1959 2174 2028 patientur
2214 1959 2284 2014 ab
2326 1959 2599 2013 Antiocho
2631 1959 2991 2029 gentibusque
3024 1958 3429 2029 circumvicinis
3463 1978 3477 2016 :

1897 2062 2006 2117 quo
2059 2036 2227 2101 etiam
2279 2054 2441 2118 pacto
2506 2047 2691 2103 divina
2751 2048 2996 2118 potentia
3049 2048 3117 2104 iis
3171 2051 3482 2121 superiores

1896 2140 2229 2207 evaserint,
2286 2149 2341 2195 et
2414 2149 2475 2195 nt
2522 2150 2654 2195 tunc
2739 2149 3088 2212 exspectatus
3150 2157 3218 2198 ex
3274 2143 3482 2197 semine

1895 2232 2167 2287 Abraham
2226 2241 2489 2287 venturus
2532 2241 2651 2287 erat
2691 2247 2789 2302 pro
2831 2234 3004 2289 salute
3046 2233 3234 2288 mundi
3271 2235 3478 2299 totius,

1896 2321 2195 2377 secundum
2232 2322 2522 2392 praedictas
2572 2324 3047 2393 repromissiones.
3086 2323 3202 2395 Hoc
3242 2326 3480 2395 prophe-

1897 2422 2075 2467 tarum
2116 2428 2256 2482 opus
2303 2411 2429 2469 fuit.
2492 2413 2670 2484 Atque
2717 2429 2785 2469 ex
2832 2414 2898 2468 iis
2928 2414 3147 2485 quidam
3195 2430 3324 2470 suos
3377 2416 3477 2470 sibi

1894 2505 2029 2574 ipsis
2087 2504 2257 2559 libros
2312 2507 2686 2575 conscripsere
2714 2547 2730 2571 ,
2779 2498 3239 2576 quemadmodum
3306 2504 3479 2563 David

1898 2595 2238 2650 Psalmorum
2272 2595 2473 2651 librum
2508 2597 2849 2668 composuit,
2879 2605 2937 2652 et
2975 2596 3160 2651 Daniel
3221 2598 3276 2652 in
3306 2594 3480 2667 capti-

1898 2684 2064 2740 vitate
2098 2683 2343 2741 scribere
2378 2686 2565 2756 jussus
2594 2696 2680 2742 est
2726 2702 3067 2757 quaecunque
3114 2688 3215 2742 sibi
3270 2704 3367 2758 per
3394 2688 3479 2741 vi-

1898 2774 2080 2831 siones
2106 2776 2347 2831 revelata
2378 2776 2593 2833 fuerant
2627 2795 2642 2830 :
2690 2778 2766 2833 ita
2801 2788 2858 2832 et
2917 2778 3005 2833 alii
3048 2776 3288 2849 quidam.
3333 2777 3481 2834 Beli-

1898 2866 1989 2937 qui
2025 2882 2157 2922 vero
2204 2882 2317 2922 non
2355 2868 2458 2922 sibi
2505 2868 2874 2940 scripserunt,
2919 2869 3014 2925 scd
3041 2878 3197 2924 erant
3238 2869 3293 2923 in
3343 2878 3481 2924 tem-

1899 2955 1990 3026 pto
2018 2955 2213 3011 scribae
2258 2955 2352 3026 qui
2384 2956 2812 3026 uniuscujusque
2856 2958 3138 3027 propheta:
3175 2957 3368 3017 verba.
3424 2956 3480 3012 in

1906 3046 2129 3102 modum
2178 3045 2510 3111 kalendarii,
2564 3047 2963 3102 describerent.
3012 3048 3079 3101 Et
3123 3048 3246 3102 cuin
3289 3063 3319 3102 a
3371 3049 3482 3103 Deo

1905 3136 2222 3193 mittebatur
2270 3138 2570 3208 propheta,
2618 3146 2680 3192 ut
2725 3138 3002 3207 quidpiam
3053 3138 3361 3200 nuntiaret,
3394 3136 3478 3193 vel

1902 3229 1971 3284 de
2025 3229 2328 3285 Jerusalem
2351 3270 2367 3293 ,
2406 3229 2552 3300 quod
2609 3228 2843 3286 scilicet.
2875 3235 3022 3283 esset
3074 3229 3473 3300 expugnanda:

1900 3320 1987 3375 vel
2015 3321 2084 3375 de
2115 3319 2358 3374 Samaria
2380 3361 2394 3385 ,
2426 3325 2523 3373 aut
2568 3317 2637 3373 de
2682 3317 2819 3372 locis
2875 3317 2996 3372 aliis
3018 3359 3033 3383 ,
3064 3318 3152 3373 vel
3197 3318 3265 3372 de
3294 3332 3479 3372 rever-

1901 3410 2088 3474 sione,
2129 3419 2226 3465 aut
2271 3410 2341 3466 de
2377 3410 2688 3472 Antiocho,
2723 3420 2817 3464 aut
2842 3410 2919 3465 .de
2953 3408 3352 3463 circumvicinis
3379 3424 3480 3462 na-

1902 3503 2182 3567 tionibus,
2235 3508 2330 3556 ant
2377 3500 2446 3556 de
2502 3500 2626 3570 ipso
2668 3499 2899 3555 Domino
2939 3499 3190 3567 Christo,
3244 3515 3353 3570 quo
3392 3499 3482 3555 die

1899 3594 2334 3663 prophetabant,
2409 3591 2466 3645 in
2530 3591 2690 3645 istius
2763 3592 3046 3662 propheta:
3100 3606 3353 3647 sermone
3416 3606 3480 3645 ea

1899 3686 2284 3741 describebant
2329 3701 2443 3755 quae
2479 3686 2549 3743 de
2578 3701 2638 3742 re
2686 3684 2865 3755 aliqua
2913 3683 3277 3738 nuntiaverat.
3338 3680 3480 3736 Rur-

1900 3790 2020 3829 sum
2067 3775 2112 3829 si
2146 3782 2270 3843 post
2304 3774 2526 3845 aliquod
2572 3784 2792 3845 tempus
2843 3774 2910 3829 de
2940 3789 2997 3829 re
3034 3773 3137 3828 alia
3207 3772 3481 3844 quidpiam

1901 3867 2272 3937 praedixisset,
2328 3875 2443 3921 tum
2490 3867 2544 3921 in
2606 3867 2749 3921 illius
2802 3880 3054 3920 sermone
3110 3864 3481 3934 superioribus

1900 3957 2292 4027 subjiciebant,
2348 3956 2492 4011 facto
2529 3955 2723 4025 capitis
2780 3953 2959 4008 initio.
3014 3952 3191 4020 Atque
3245 3951 3346 4005 hac
3388 3966 3478 4004 ra-

1901 4047 2048 4101 tione
2084 4056 2271 4125 .totum
2316 4046 2462 4100 illius
2495 4045 2693 4099 librum
2736 4057 3076 4113 compegere.
3126 4039 3280 4095 Unde
3323 4054 3483 4107 rcpc—

1903 4138 2008 4193 rire
2036 4148 2122 4194 est
2170 4139 2226 4192 in
2286 4137 2507 4191 illorum
2559 4135 2713 4191 libris
2768 4143 2931 4203 caput
2980 4132 3124 4203 quod
3178 4132 3480 4201 captivitati

1898 4229 2185 4301 Babylonis
2211 4228 2500 4293 convenit,
2535 4228 2618 4281 vel
2656 4224 2953 4282 reversioni
2975 4266 2990 4290 ,
3037 4231 3093 4278 et
3120 4223 3302 4278 statim
3334 4222 3481 4276 aliud

1898 4322 2042 4390 quod
2095 4320 2163 4375 de
2231 4318 2486 4383 Christo,
2542 4333 2605 4372 ac
2641 4331 2858 4371 rursum
2917 4314 2985 4370 de
3044 4312 3355 4383 captivitate
3400 4311 3482 4364 vcl

1899 4412 2075 4467 reditu
2112 4411 2239 4482 agit.
2283 4409 2459 4480 Atque
2498 4418 2557 4463 ut
2598 4423 2711 4463 uno
2757 4406 2926 4463 verbo
2967 4406 3181 4466 dicam.
3224 4403 3331 4458 nisi
3370 4403 3486 4456 ha-c

223 4498 299 4560 δὲ,
340 4498 484 4550 ἀλλὰ
538 4500 633 4551 καὶ
680 4501 738 4553 αί
765 4499 813 4530 ⁸⁸
861 4500 1137 4554 Βασιλεῖαι
1192 4502 1366 4574 τούτῷ
1416 4503 1496 4571 τῷ
1528 4505 1575 4537 ¹⁹
1610 4504 1798 4577 τρόπῳ

1903 4511 2113 4558 attente
2176 4501 2408 4573 legeris,
2458 4502 2641 4556 omnia
2695 4497 2924 4554 confusa
2981 4496 3243 4567 reperies.
3298 4494 3486 4563 Neque

226 4590 543 4658 ἐγράφησαν
579 4590 637 4641 ὲν
672 4592 751 4660 τῷ
778 4591 909 4661 ἱερῷ
938 4591 1080 4669 κατὰ
1110 4592 1275 4664 μέρος
1302 4595 1360 4646 ὲν
1386 4592 1465 4664 τῷ
1496 4595 1674 4667 καιρῷ
1704 4597 1799 4649 τοῦ

226 4678 396 4731 Σαοὺλ
432 4678 505 4731 τὰ
529 4679 635 4742 ἕως
654 4680 748 4733 τοῦ
780 4680 973 4745 Σαοὺλ,
995 4684 1090 4736 καὶ
1121 4684 1180 4736 ἑν
1206 4682 1285 4753 τῷ
1314 4683 1487 4754 καιρῷ
1515 4685 1609 4738 τοῦ
1637 4685 1801 4740 Δαὸὶδ

227 4767 287 4819 τὲ
309 4769 352 4798 ’⁸
381 4768 491 4829 ing
527 4768 694 4822 Δαὸίδ
719 4768 787 4801 ³¹⁶
815 4770 1016 4839 ὁμοίιος
1044 4773 1140 4825 καὶ
1167 4771 1236 4824 τὰ
1271 4773 1502 4825 ἑκάστου
1532 4772 1794 4843 βασιλέως

232 4858 366 4910 κατὰ
410 4857 505 4910 τὸν
545 4859 677 4912 ἴδιον
708 4862 900 4931 καιρὸν
925 4861 1248 4933 ἐγράφοντο.
1302 4862 1532 4933 ὐμοὶως
1559 4864 1799 4934 ἔγραφον

231 4949 323 5001 καὶ
346 4949 393 4981 δ’
418 4950 481 5001 ἑν
512 4953 628 5015 τοῖς
670 4952 933 5022 σκρινίοις
964 4952 1075 5007 τῶν
1119 4953 1405 5024 βασιλέων,
1436 4954 1501 5018 ἃς
1526 4955 1801 5026 καλοῦμεν

1902 4593 2203 4665 prophetiae
2231 4592 2531 4658 duntaxat,
2568 4591 2662 4646 sed
2690 4600 2747 4645 et
2790 4589 2915 4645 libri
2954 4586 3260 4658 Regnorum
3294 4583 3484 4638 eadem

1901 4687 2111 4742 ratione
2177 4686 2233 4739 in
2290 4684 2494 4754 templo
2551 4683 2921 4755 particulatim
2983 4677 3277 4747 conscripti
3327 4684 3481 4749 sunt,

1898 4777 2065 4832 veluti
2119 4764 2291 4831 Saule’
2335 4784 2622 4847 regnante,
2663 4790 2784 4844 qua:
2823 4772 3076 4834 Saulem,
3109 4784 3229 4839 qua:
3273 4766 3486 4821 Davidis

1905 4876 2264 4938 tempestate,
2295 4882 2416 4938 quae
2467 4865 2723 4921 Davidem
2771 4863 3111 4935 spectabant.
3159 4861 3333 4928 Atque
3386 4873 3484 4913 eo-

1911 4959 2052 5014 dem‘
2082 4961 2243 5039 modo
2273 4959 2700 5030 uniuscujusque
2740 4958 2883 5027 regis
2931 4966 3084 5021 acta,
3125 4970 3224 5008 suo
3268 4960 3484 5021 Quoque

1562 5134 1885 5193 DUCANGII
1920 5135 2151 5193 NOTAE.

301 5288 373 5358 (ι)
416 5292 641 5346 Λοιπὸν
678 5293 799 5347 ἐπὶ.
831 5292 907 5347 Ex
938 5292 1231 5347 Dorothco.
1274 5260 1278 5264 '

1496 5466 1727 5525 VARUS
1756 5467 2156 5527 LECTIONES.

307 5623 347 5654 “
384 5627 461 5688 ei;
496 5624 621 5687 τοὺς
651 5622 920 5691 τέσσαρας
952 5620 1217 5692 μεγάλους
1264 5623 1545 5689 προφήτας
1591 5624 1855 5692 praeponit
1890 5614 1964 5677 ~P.
2045 5626 2089 5656 ”
2131 5624 2398 5693 μεγάλους
2445 5639 2554 5676 oni.
2603 5624 2665 5677 ιι.

368 5696 411 5726 ⁷⁸
445 5695 816 5747 ποοεωήτευον
847 5693 903 5746 ι».
981 5695 1025 5724 ’⁸
1055 5695 1122 5746 εί.
1156 5692 1187 5747 ἢ
1219 5691 1324 5744 I’V.
1402 5694 1442 5722 "
1480 5694 1698 5747 εὑοῆοει
1747 5694 1805 5745 ν.
1884 5695 1931 5724 ³⁸
1966 5696 2020 5747 αί
2086 5711 2195 5747 om.
2265 5694 2323 5747 Ρ.
2402 5696 2445 5726 ²⁹
2481 5693 2558 5747 τῶ
2591 5712 2665 5746 on

1794 5734 1805 5745 .
1886 5711 1931 5724 "
1966 5711 2020 5747 αι
2086 5711 2195 5749 Olli.
2265 5711 2323 5747 ι’.

981 5695 1025 5724 ’⁸
1055 5695 1122 5762 εί.
1156 5692 1187 5759 ῆ
1219 5691 1324 5762 I’Y.
1402 5691 1698 5762 ²⁷γεῦρῆαει

238 5695 298 5749 Ρ.
368 5696 411 5726 ⁷⁸
445 5695 816 5763 προειρήτευον
847 5693 903 5746 ι».
981 5695 1025 5724 ’⁸
1055 5695 1122 5746 εί.
1156 5693 1187 5759 ῆ
1219 5693 1324 5744 I’V.
1402 5694 1442 5722 "
1480 5694 1557 5760 eo;

238 5766 336 5813 im:
377 5765 557 5813 Δαδίδ-
605 5765 710 5813 ἕως
742 5761 836 5813 τοῦ
877 5760 1036 5813 Δαδῖδ
1070 5761 1127 5813 Ρ.
1206 5762 1253 5792 ³²
1284 5761 1336 5813 δὲ
1388 5761 1477 5813 κῆ
1515 5760 1551 5813 ι’

1284 5778 1336 5814 οε
1388 5778 1477 5815 κ)ι
1515 5778 1571 5814 I'.

238 5766 336 5825 ἱως
377 5760 557 5820 Δαδίδ.
598 5760 710 5826 ἕως
742 5761 836 5815 τοῦ
877 5760 1036 5815 Δαδῖδ
1070 5761 1127 5816 Ρ.

2748 5624 2792 5653 ’τ
2824 5619 2913 5687 οἷν
2963 5639 3047 5675 mu
3117 5622 3156 5687 Ρ
3228 5621 3271 5653 ’³
3303 5620 3330 5672 ὁ
3364 5632 3474 5669 ain.

2402 5696 2445 5726 ⁸⁵
2481 5693 2558 5764 τῷ
2591 5712 2698 5746 oin.
2754 5690 2814 5746 Ρ.
2888 5682 2935 5724 ’³ο
2970 5694 3033 5745 τὺ
3066 5682 3238 5745 oinJ‘.
3317 5690 3355 5720 ³⁸
3398 5687 3473 5740 ιδ.
