3910 6336
462 325 576 394 379
1653 327 2084 390 CHRONICON
2122 326 2521 390 PASCHALE.
3597 327 3686 384 380

464 446 742 505 tempore,
793 432 1186 489 scribebantur.
1236 432 1344 490 Sed
1385 443 1440 488 et
1487 432 1689 503 pariter
1730 435 2008 489 seribeban

2145 435 2682 503 Παραλειπομὲνας.
2714 433 2825 505 Τὴν
2871 438 2927 491 δὲ
2985 426 3355 504 Πεντάτευχον
3401 433 3432 487 ὁ
3475 433 3689 499 Maliaci};

464 527 522 581 in
565 528 751 596 regum
804 525 1023 579 scriniis
1068 541 1189 596 quae
1226 525 1638 594 Paralipomena
1687 525 2008 594 appellamu:

2145 525 2383 596 ἔγραψεν
2439 522 2679 596 ἱστορίαν
2722 525 3133 594 προγεγονότων
3161 525 3256 578 καί¹
3283 523 3578 594 γινομένων
3606 522 3688 578 καὶ

463 616 899 671 Pentateuchum
944 631 1077 670 vero
1124 616 1332 687 Moyses
1373 617 1726 686 conscripsit,
1760 617 2002 671 historian

2144 616 2437 687 ἐσομένων.
2482 614 2689 687 Ἰησοῦς
2710 615 2869 669 πάλιν
2897 616 2996 686 τὴν
3028 615 3163 668 ίδίαν
3194 613 3394 685 βίϐλον,
3430 616 3553 678 τοὺς
3572 616 3687 684 Κρι·

466 707 677 764 scilicet
720 722 903 762 rerum
950 708 1378 777 prmteritarum,
1429 710 1775 778 praesentium
1822 716 1879 763 et
1954 709 2009 762 l‘u

2143 710 2241 775 τὰς
2291 709 2451 765 πάλιν
2488 711 2545 763 ἐν
2596 708 2674 779 τῷ
2713 707 2864 778 ἱερῷ,
2919 709 3087 779 ῆγουν
3117 711 3183 778 τῇ
3217 712 3389 780 σκηνῇ
3419 708 3486 774 ³⁸,
3515 708 3687 779 ὁμοίως

469 808 735 853 turarum.
784 795 944 852 Jesus
978 798 1138 852 etiam
1186 798 1516 869 singularem
1546 799 1742 853 librum
1773 799 2008 854 confecit

2145 803 2238 855 καὶ
2265 801 2363 872 τὴν
2407 800 2585 854 Ῥούθ.
2617 799 2869 868 Σολομὼν
2902 799 3064 854 πάλιν
3092 799 3163 853 τὰ
3195 799 3300 852 [δια
3328 799 3579 870 ἔγραψεν,
3606 798 3689 862 τὰς

465 888 685 945 Judices
740 904 956 942 rursum
1010 888 1064 942 in
1115 889 1480 958 templo,seu
1511 872 1922 955 Tabern‘aculo,
1971 890 2009 944 si

2146 911 2203 948 τε
2236 892 2543 964 Παροιμίας
2590 896 2686 945 καὶ
2721 891 2790 944 τὰ
2827 891 3097 962 ’ᾼσματα
3116 891 3211 943 καὶ
3249 891 3341 943 τὸν
3396 891 3690 965 Ἐκκλησια;

468 979 667 1034 militer
716 988 771 1034 et
829 979 1024 1033 librum
1083 977 1254 1033 Ruth.
1315 978 1577 1035 Solomon
1634 980 1764 1035 suos
1817 980 2008 1050 perind

2148 987 2296 1055 στήν.
2329 982 2528 1051 Σοφίας
2557 984 2667 1054 γὰρ
2696 982 2743 1014 ³⁸⁵
2770 982 2932 1053 χάριν
2985 979 3222 1051 εἰληφὼι⁵
3256 980 3408 1052 παρὰ
3434 979 3584 1045 Θεοῦ,
3608 975 3692 1039 καὶ

466 1070 789 1140 conscripsit
842 1070 1040 1137 libros,
1074 1071 1393 1135 Proverbia,
1440 1080 1496 1126 et
1541 1070 1801 1137 Cantica,
1843 1083 1898 1127 et
1940 1070 2010 1126 Ec

2151 1075 2324 1129 πάντα
2366 1073 2651 1144 ἄνθρωπον
2680 1070 2946 1125 νουθετῶν
2980 1070 3161 1140 σοφῶς
3193 1069 3619 1140 ἀναστρέφεσθαι
3642 1071 3695 1122 ὲν

469 1161 798 1216 clesiastem.
836 1161 1079 1217 Donatus
1105 1163 1251 1218 enim
1303 1179 1332 1218 a
1371 1162 1484 1218 Deo
1524 1164 1801 1234 sapientiae
1838 1164 2008 1233 gratia

2147 1165 2277 1235 τῷδε
2308 1164 2387 1234 τῷ
2417 1163 2516 1235 βίῳ
2546 1180 2561 1195 ·
2591 1162 2931 1234 προφητείας
2979 1162 3089 1231 γὰρ
3129 1161 3292 1231 χάριν
3343 1162 3444 1214 οὐκ
3481 1160 3691 1230 εἰλήφει.

468 1260 701 1307 cunctos
758 1253 1011 1309 homines
1069 1254 1390 1309 adhortatus
1440 1262 1525 1309 est
1576 1263 1637 1308 ut
1689 1253 1746 1308 in
1790 1254 1892 1308 hac
1938 1254 2012 1308 vit

2152 1254 2346 1316 Ὅσους
2397 1249 2490 1305 οῦν
2526 1251 2771 1322 ηὕρομεν
2821 1252 3109 1322 προφήτας
3155 1248 3487 1316 ἀξιωθέντας
3537 1251 3696 1301 εἰπεῖν

470 1342 748 1411 sapienter
775 1358 897 1399 sese
934 1353 1221 1415 gererent,
1264 1345 1565 1414 prophetia:
1613 1353 1789 1400 tamen
1820 1345 2014 1416 gratiar

2154 1346 2277 1417 περὶ
2301 1343 2396 1397 τοῦ
2422 1345 2694 1397 Δεσπότου
2740 1341 2979 1414 Χριστοῦ
3008 1340 3300 1411 ἐτάξαμεν.
3334 1341 3457 1394 Ἔτι
3488 1340 3544 1393 δὲ
3571 1340 3698 1410 γρα-

438 1446 582 1486 ἠοη
612 1433 866 1503 adeptus.
896 1432 1177 1504 Quotquot
1231 1436 1393 1506 igitur
1444 1435 1756 1491 invenimus
1807 1438 1981 1506 proph

2155 1453 2334 1508 φωμεν
2385 1436 2479 1490 καὶ
2526 1435 2655 1505 περὶ
2709 1434 2819 1491 τῶν
2860 1433 3037 1488 ἄλλων
3086 1434 3369 1503 τεσσάρων
3399 1430 3699 1502 προφητῶν.

473 1531 590 1584 tas,
623 1523 714 1592 qui
765 1524 969 1596 dignati
1008 1535 1137 1581 sunt
1191 1526 1258 1582 de
1303 1527 1533 1582 Domino
1584 1527 1801 1583 Christo
1851 1527 2017 1598 przedi

2156 1529 2244 1582 ὅσα
2271 1525 2581 1597 ἠξιώθησαν
2607 1527 2782 1579 είπεϊν
2807 1525 2936 1593 περὶ
2979 1524 3079 1592 τῆς
3125 1523 3269 1578 κατὰ
3304 1524 3398 1577 τὸν
3436 1522 3700 1593 Δεσπότην

472 1627 631 1679 cere,
700 1615 966 1672 hactenus
1015 1632 1206 1689 sumus
1254 1618 1519 1674 exsecuti.
1546 1618 1701 1674 Nunc
1756 1634 1923 1689 porro
1963 1618 2016 1674 vi

2153 1618 2379 1690 Χριστὸν
2405 1617 2450 1649 ⁸⁸
2481 1615 2813 1686 οἰκονομίας,
2845 1608 2958 1686 ὲνῇ
2989 1615 3167 1684 ἀφορᾷ
3197 1616 3307 1677 πᾶς
3334 1616 3363 1667 ό
3393 1612 3588 1677 σκοπὸς
3610 1612 3697 1682 τῆς

475 1703 638 1769 detur
673 1719 852 1774 operae
881 1707 1113 1778 pretium
1152 1718 1213 1763 ut
1243 1710 1311 1765 de
1348 1720 1580 1780 quatuor
1616 1710 1737 1765 aliis
1768 1710 2017 1780 propheti

2162 1708 2301 1772 ista;
2329 1707 2574 1778 Γραφῆς.
2623 1706 2995 1777 Προφέρωμεν
3019 1705 3201 1773 τοίνυν
3230 1705 3445 1775 πρῶτον
3472 1705 3562 1758 τὸν
3612 1721 3706 1775 με·

472 1794 819 1861 scribamus,
908 1806 964 1853 et
1038 1815 1377 1870 quaecunque
1433 1802 1502 1857 de
1560 1801 1762 1857 Christi
1829 1801 2016 1857 Domin

2163 1795 2594 1866 (αλοφωνότατον
2639 1794 2887 1857 Ἡσαΐαν,
2927 1793 2985 1857 ὃς
3010 1794 3056 1826 ³⁸
3089 1793 3187 1847 καὶ
3220 1792 3380 1865 τύπῳ
3427 1794 3524 1847 καὶ
3571 1792 3707 1863 λόγῳ

471 1884 810 1941 humanitate
854 1887 1040 1943 dicere
1095 1889 1296 1961 dignati
1324 1900 1482 1954 sunt,
1514 1906 1623 1961 quo
1671 1891 1868 1946 divinae
1897 1889 2010 1944 Seri

2165 1886 2355 1958 ἠξιώθη
2387 1885 2518 1940 ἰδεῖν
2564 1886 2662 1939 καὶ
2702 1887 2990 1956 προειπεῖν
3029 1883 3279 1956 περὶτοῦ
3316 1887 3459 1938 κατὰ
3482 1884 3709 1955 Χριστὸν

471 1985 645 2046 pturaa
698 1989 896 2048 scop‘us
949 1978 1130 2035 omnis
1185 1986 1414 2050 spectat.
1466 1982 1837 2038 l‘roducamus
1886 1981 2014 2052 igitu

949 1978 1130 2035 omnis
1185 1986 1414 2050 spectat.
1466 1982 1837 2038 l‘roducamus
1886 1981 2047 2052 igitur
2155 1977 2474 2050 μυστηρίου.

471 2072 876 2143 magniloquum
917 2074 1068 2129 illum
1133 2073 1366 2143 Isaiam,
1430 2075 1523 2147 qui
1562 2085 1618 2132 et
1664 2076 1834 2150 ﬁgura
1879 2084 1938 2131 et
1984 2088 2237 2133 sermone
2290 2072 2543 2144 dignatus
2585 2080 2671 2130 est
2710 2072 2934 2142 videre,
2998 2082 3057 2130 et
3112 2073 3409 2152 pradicere
3443 2076 3713 2141 peractum

470 2157 528 2213 in
544 2159 778 2217 'Christo
807 2172 1232 2220 sacramentum.

1120 2256 1199 2312 De
1227 2256 1394 2312 Isaia.
2351 2316 2365 2336 ι
2639 2256 2664 2308 1

2351 2316 2365 2336 ι
2639 2255 2749 2318 Εις
2780 2251 2886 2306 τὸν
2919 2251 3184 2306 Ἡσαΐαν.

540 2339 642 2396 llic
689 2349 773 2396 est
816 2357 1047 2415 magnus
1078 2345 1168 2401 ille
1209 2346 1395 2413 Isaias,
1427 2347 1572 2403 ﬁlius
1600 2347 1806 2413 Amos,
1853 2349 1945 2420 qui
1984 2348 2043 2404 in

2209 2338 2377 2406 Οὗτος
2399 2341 2430 2393 ὁ
2462 2340 2635 2411 μέγας
2670 2341 2901 2402 Ἡσαΐας
2925 2341 2955 2390 ὁ
2976 2340 3091 2402 υίὸς
3117 2338 3213 2392 τοῦ
3238 2336 3445 2408 Ἀμὼς,
3479 2336 3541 2400 ὃς
3562 2336 3717 2407 τύπῳ

469 2427 639 2499 figura
668 2429 884 2500 quidem
913 2432 1050 2487 vidit
1078 2436 1390 2506 mysterium
1410 2436 1636 2503 Christi,
1677 2454 1802 2494 cum
1835 2439 2013 2495 scilice

2174 2430 2241 2486 ,ὲν
2268 2427 2407 2484 εἶδεν
2453 2428 2525 2482 τὰ
2565 2428 2706 2482 κατὰ
2746 2428 2805 2480 τὸ
2841 2426 3139 2497 μυστήριον
3184 2424 3280 2478 τοῦ
3321 2424 3584 2494 Χριστοῦ,
3625 2426 3718 2479 ὅτε

468 2510 760 2575 Dominum
799 2526 1082 2593 conspexit
1106 2525 1387 2581 sedentem
1422 2527 1476 2581 in
1512 2529 1710 2583 throno
1737 2530 1951 2585 excelso
1980 2546 2009 2584 a

2178 2521 2282 2577 ῐδεν
2317 2522 2411 2575 τὸν
2443 2520 2649 2589 Κύριον
2704 2518 3014 2589 καθήμενον
3044 2517 3137 2570 ἐπὶ
3179 2515 3372 2586 θρόνου
3395 2515 3598 2586 ὑψηλοῦ
3624 2518 3722 2569 καὶ

469 2611 725 2675 sublimi,
755 2627 916 2682 quem
950 2613 1236 2684 Seraphim
1281 2616 1336 2672 in
1376 2617 1565 2674 orbem
1596 2619 2013 2677 circumstabant

2177 2614 2474 2686 πηρμὲνου,
2506 2611 2602 2664 καὶ
2629 2610 2911 2680 Σεραφεὶμ
2936 2610 3283 2677 είστήκεισαν
3311 2606 3497 2677 κύκλῳ
3531 2606 3721 2661 αὑτοῦ·

469 2699 708 2769 Singulis
729 2712 885 2757 erant
916 2718 1009 2757 sex
1038 2704 1136 2759 ala:
1162 2706 1360 2776 quibus
1387 2723 1444 2764 se
1466 2718 1728 2780 tegerent,
1756 2720 1813 2766 ct
1843 2711 2013 2767 clama

2185 2708 2202 2773 ξ
2227 2707 2494 2778 πτέρυγες
2524 2704 2602 2773 τῷ
2623 2705 2722 2768 tvt,
2756 2703 2853 2757 καὶ
2887 2701 2945 2768 ἓξ
2977 2701 3252 2771 πτέρυγες
3271 2699 3350 2770 τῷ
3372 2700 3455 2753 ἑνὶ
3485 2699 3529 2731 ’τ
3554 2700 3729 2755 ἑαυτὰ

469 2792 562 2848 hat
590 2794 729 2849 alter
763 2795 831 2850 ad
859 2795 1121 2852 alterum:
1160 2815 1178 2848 ι
1207 2797 1473 2866 Sanctus,
1502 2797 1755 2866 Sanctus,
1788 2801 2013 2858 Sanctus

2188 2796 2652 2859 ατακαλύπτοντα,
2672 2795 2766 2849 καὶ
2797 2791 3031 2864 ἔκραζον
3061 2792 3248 2862 ἕτερος
3272 2791 3410 2861 πρὸς
3428 2791 3521 2845 τὸν
3545 2791 3591 2823 ³⁸
3607 2792 3732 2845 ἐτει-

470 2884 734 2941 Dotninus
769 2886 1016 2949 sabaoth,
1043 2889 1202 2959 plena
1226 2898 1310 2945 est
1323 2890 1501 2945 omnis
1522 2898 1664 2945 terra
1679 2891 1847 2961 gloria
1863 2893 2003 2961 ejus.

2189 2906 2277 2954 sv;
2310 2908 2329 2940 ι
2352 2888 2563 2956 Ἄγιος,
2585 2886 2759 2956 ἅγιος,
2792 2885 2968 2953 ἅγιος.
3004 2883 3478 2955 Κύριοςσαὸαὼθ.
3510 2884 3733 2957 πλήρης

471 2972 681 3030 Deinde
708 2977 907 3032 missus
935 2987 1020 3034 est
1045 2994 1188 3034 unus
1213 2995 1280 3035 ex
1298 2978 1606 3051 Seraphim,
1623 2990 1680 3037 et
1698 2983 1907 3053 accepit
1934 2984 2015 3039 for

2193 2981 2296 3033 ᾶσα
2353 2979 2489 3050 ήγῆ
2544 2981 2644 3049 τῆς
2694 2977 2855 3047 δόξης
2908 2976 3074 3031 αὐτοῦ
3109 2995 3127 3027 ι
3190 2976 3314 3029 Ἐπὶ
3358 2978 3571 3040 τούτοις
3620 2978 3735 3030 ἀπ·-

472 3065 593 3136 cipe
631 3068 921 3121 carbonem
968 3084 1032 3123 ex
1065 3071 1260 3133 altari,
1293 3080 1349 3127 et
1395 3072 1573 3143 tetigit
1611 3073 1752 3128 labia
1784 3075 1924 3143 eius,
1955 3075 2016 3130 di

2194 3069 2346 3141 πάλη
2373 3068 2484 3121 ἓν³⁹
2513 3069 2621 3121 τῶν
2668 3068 2968 3138 Σεραφεὶμ,
2999 3067 3094 3121 καὶ
3121 3066 3319 3120 ἐλαϐεν
3332 3070 3398 3138 τῇ
3428 3066 3605 3121 λαὸίδι
3637 3068 3738 3122 ἄν·

471 3171 604 3211 cens
638 3174 651 3210 :
714 3176 734 3209 ι
763 3157 877 3214 Ηοο
921 3159 1133 3216 auferet
1174 3171 1397 3233 peccata
1436 3172 1548 3218 tua.
1589 3180 1609 3213 ι
1643 3163 1748 3219 Ροι·
1780 3165 2015 3220 visionen

2194 3176 2328 3230 ρακα
2358 3160 2465 3213 ἀπὸ
2487 3159 2583 3212 τοῦ
2611 3157 3021 3231 θυσιαστηρίου,
3051 3158 3147 3212 καὶ
3174 3158 3352 3230 ἥψατο
3376 3157 3487 3211 τῶν
3505 3157 3738 3229 χειλέων

470 3249 845 3316 verecundia,
877 3255 935 3306 et
970 3250 1180 3323 hymni.
1203 3268 1267 3309 ac
1296 3254 1481 3326 ﬁgurae
1514 3255 1799 3326 perspicue
1822 3257 2014 3312 edoctu

2190 3250 2313 3304 ὺτοῦ
2354 3249 2530 3318 λέγων
2552 3265 2568 3282 ⁶
2606 3268 2625 3302 ι
2666 3250 2838 3303 Τοῦτο
2865 3250 3057 3318 ἀφελεῖ
3101 3249 3201 3313 τὰς
3228 3249 3506 3321 ἁμαρτίας
3541 3266 3663 3313 σου,
3714 3267 3734 3301 ι

472 3348 557 3396 est
582 3341 950 3410 praanuntiare
989 3355 1270 3415 peractum
1299 3345 1355 3400 in
1375 3344 1593 3401 Christo
1623 3356 2016 3402 sacramentum

2198 3341 2338 3410 ιφῶς
2372 3341 2460 3395 διὰ
2505 3340 2603 3410 τῆς
2636 3339 2813 3409 ὅψεως
2858 3341 2957 3411 τῆς
3015 3340 3322 3410 δειχθείσης
3373 3339 3420 3372 ⁸⁸
3472 3340 3567 3393 καὶ
3634 3340 3742 3393 τοῦ

473 3429 580 3486 Sed
609 3440 666 3486 et
694 3447 907 3487 rursum
946 3432 1021 3488 ita
1049 3434 1290 3504 loquitur
1314 3453 1327 3490 :
1365 3455 1384 3489 ι
1408 3434 1687 3508 Tanquam
1716 3438 1835 3493 ovis
1861 3439 1929 3494 ad
1959 3454 2017 3494 oc

2196 3448 2323 3502 μνου
2360 3432 2454 3485 καὶ
2484 3430 2577 3485 τοῦ
2608 3428 2778 3484 τύπου
2803 3429 3073 3500 διδαχθεὶς
3099 3430 3255 3500 155
3283 3430 3635 3501 προμηνῦσαι
3668 3430 3740 3484 τδ

473 3521 737 3577 cisionem
768 3522 963 3577 (luctus
996 3532 1100 3589 est,
1128 3534 1186 3580 et
1204 3526 1345 3581 sicut
1365 3543 1541 3598 agnus
1560 3544 1740 3583 coram
1788 3529 2017 3584 tondent

2205 3524 2297 3578 ιτὰ
2336 3524 2574 3594 Χριστὸν
2616 3523 2938 3594 μυστήριον.
2975 3521 3100 3575 Ἔτι
3139 3523 3196 3576 δὲ
3250 3523 3413 3576 πάλιν
3460 3522 3555 3576 καὶ
3588 3522 3749 3593 λόγῳ

474 3626 534 3667 se
562 3612 851 3667 obmutuit.
876 3630 895 3664 ι
937 3614 1094 3670 Hunc
1121 3615 1299 3672 locum
1326 3619 1611 3675 eunuchus
1640 3618 1895 3691 Ethiops
1925 3635 2018 3675 cur

2203 3617 2318 3686 ησὶν
2356 3614 2528 3679 οὕτως
2566 3615 2609 3646 ⁸⁸
2645 3631 2659 3646 ·
2700 3631 2720 3666 ι
2759 3615 2851 3678 Ὠς
2891 3613 3165 3686 πρόϐατον
3201 3615 3294 3668 ἐπὶ
3322 3614 3537 3685 σφαγὴν
3567 3613 3747 3685 ἢχθη,

475 3700 715 3772 legisset,
746 3703 955 3773 rogavit
993 3703 1304 3775 Philippum
1331 3716 1394 3762 ut
1420 3709 1565 3765 hunc
1589 3710 1691 3766 sibi
1722 3710 2019 3780 interpreta

2208 3711 2248 3762 t‘t
2293 3709 2368 3772 ὠς
2402 3707 2574 3779 ἀμνὸς
2625 3707 2868 3762 ἐναντίον
2919 3704 3016 3760 τοῦ
3065 3705 3350 3777 κείραντος
3394 3706 3558 3759 αὑτὸν
3583 3709 3752 3777 ἄφω-

477 3800 646 3857 retur,
679 3793 771 3863 qui
803 3794 983 3848 statim
1013 3795 1081 3850 de
1105 3795 1335 3854 Domino
1361 3799 1582 3857 Christo
1607 3816 1639 3856 a
1679 3803 1944 3871 prOpheta
1978 3803 2021 3858 di

2216 3817 2263 3863 ς.
2294 3818 2313 3852 ι
2363 3798 2583 3867 Ταύτην
2611 3797 2710 3868 τὴν
2738 3800 2936 3868 χρῆσιν
2965 3798 2995 3850 ὁ
3021 3795 3219 3867 Αἰθίοψ
3245 3797 3291 3829 δ’
3310 3797 3569 3869 εὐνοῦχος
3616 3800 3759 3852 ἀνα-

478 3893 628 3939 ctum
659 3884 959 3955 respondit.
1012 3885 1216 3943 lterum
1264 3899 1527 3960 praeterea
1583 3892 1697 3946 ait:
1741 3910 1758 3944 ι
1795 3892 1970 3948 Homo
1997 3894 2022 3948 ἰ]

2214 3890 2330 3953 νοῦς
2379 3888 2473 3942 τὸν
2518 3888 2785 3941 Φίλιππον
2816 3885 3116 3959 παρεκάλει
3156 3886 3560 3957 ἑρμηνευθῆναι
3591 3886 3758 3957 αὐτῷ

478 3976 633 4047 plaga
663 3976 960 4041 exsistens,
995 3984 1051 4033 et
1088 3979 1268 4035 sciens
1304 3979 1445 4036 ferre
1494 3981 1885 4038 inﬁrmitatem.
1921 4002 1940 4035 ι
1986 3984 2022 4039 Ε

2214 3981 2327 4051 δτὴν
2351 3996 2364 4008 ·
2398 3978 2459 4044 ὃς
2502 3979 2738 4049 τάχιστα
2774 3978 2902 4048 περὶ
2939 3977 3032 4031 τοῦ
3062 3977 3333 4031 Δεσπότου
3364 3977 3613 4049 Χριστοῦ
3640 3979 3758 4031 αύ-

478 4083 698 4122 rursum
728 4086 742 4124 :
778 4088 795 4121 ι
820 4067 1088 4135 Quoniam
1111 4080 1394 4141 peccatum
1421 4088 1531 4129 non
1555 4072 1705 4139 fecit,
1731 4090 1834 4131 nec
1860 4075 2022 4130 inven

2218 4086 2254 4140 ιν
2293 4068 2634 4140 ὲρμήνευσεν
2676 4066 2931 4138 εἰρῆσθαι
2978 4067 3084 4121 ὑπὸ
3133 4066 3229 4121 τοῦ
3275 4070 3580 4140 προφήτου.
3620 4069 3762 4122 Ἔτι

480 4167 570 4212 tus
586 4167 669 4212 est
683 4158 840 4213 dolus
870 4160 923 4214 in
953 4175 1048 4216 ore
1070 4161 1211 4231 ejus.
1237 4181 1254 4215 ι
1290 4162 1387 4217 Et:
1429 4182 1447 4214 ο
1474 4164 1735 4220 Dominus
1754 4164 1869 4220 vult
1893 4180 2023 4219 mun

2219 4157 2321 4210 ἱλιν
2353 4155 2504 4224 λέγει
2536 4155 2581 4187 ⁸³
2612 4171 2625 4185 ·
2662 4172 2681 4207 ι
2720 4154 3050 4227 Ἀνθρωπος
3103 4155 3165 4208 ὲν
3216 4155 3400 4226 πληγῇ
3437 4155 3482 4188 ⁸⁸
3534 4155 3619 4210 ὣν
3651 4160 3763 4211 καὶ

481 4246 611 4302 dare
632 4262 758 4301 eum
788 4263 817 4301 a
848 4247 1022 4320 plaga,
1051 4258 1108 4305 et
1139 4251 1428 4306 ostendere
1458 4251 1534 4306 illi
1569 4252 1773 4308 lumen.
1800 4272 1820 4305 ι
1852 4254 2025 4309 1)θίηὰ

2218 4247 2313 4312 Βὼς
2340 4248 2529 4318 φέρειν
2563 4246 2855 4318 μαλακίαν.
2901 4265 2921 4297 ι
2954 4245 3066 4300 Καὶ
3094 4246 3257 4300 πάλιν
3284 4248 3329 4279 ⁸⁸
3355 4261 3371 4277 ο
3411 4266 3429 4298 ι
3461 4245 3591 4302 Ὅτι
3620 4249 3762 4302 ἀνο-

483 4335 564 4391 sic
592 4335 725 4391 dicit
762 4336 1063 4395 Dominus:
1106 4360 1126 4393 ι
1151 4338 1291 4396 Ecce
1331 4356 1432 4412 ego
1473 4342 1710 4412 injiciam
1761 4343 1816 4397 in
1858 4343 2025 4409 funda

2224 4355 2292 4391 αν
2334 4338 2433 4392 οὐκ
2458 4339 2732 4408 ἐποίησεν,
2763 4337 2883 4391 οὐδὲ
2914 4336 3112 4407 εὑρέθη
3144 4337 3291 4402 δόλος
3320 4339 3377 4391 ἐν
3398 4337 3479 4407 τῷ
3510 4339 3768 4409 στόματι

481 4430 684 4485 mentis
713 4428 846 4485 Sion
875 4430 1111 4501 lapidem
1139 4431 1489 4503 magniﬁcum
1516 4432 1801 4495 selectuin,
1825 4436 2024 4506 angula

2228 4431 2342 4494 τοῦ,
2381 4432 2477 4484 καὶ
2526 4430 2730 4501 Κύριος
2786 4428 3034 4500 βούλεται
3087 4428 3392 4499 καθαρίσαι
3421 4428 3595 4482 αὑτὸν
3640 4430 3772 4483 ἀπὸ

482 4534 638 4583 rem,
693 4521 991 4590 pretiosum
1023 4522 1079 4577 in
1117 4523 1468 4578 fundamenta
1505 4524 1657 4594 ejus,
1689 4533 1745 4578 et
1785 4525 1877 4595 qui
1933 4540 2025 4581 ere

2229 4541 2255 4588 ς
2298 4523 2521 4594 πληγῆς
2556 4523 2653 4575 καὶ
2688 4521 2858 4588 δεῖξαι
2911 4520 3061 4591 αὐτῷ
3109 4521 3246 4589 φῶς.
3294 4539 3312 4571 ι
3350 4520 3464 4573 Καὶ
3501 4519 3683 4574 πάλιν
3718 4521 3773 4553 ⁸⁸

482 4609 683 4666 diderit
724 4612 777 4664 in
829 4628 979 4679 eum,
1020 4628 1133 4669 non
1184 4613 1568 4669 confundetur.
1598 4633 1618 4665 ι
1677 4613 1747 4668 Ει
1780 4630 1995 4670 rursum

2288 4634 2296 4666 ι
2344 4615 2492 4683 λέγει
2540 4614 2748 4685 Κύριος
2775 4628 2792 4645 ·
2833 4630 2852 4663 ι
2902 4612 3034 4666 Ἰδοὺ
3064 4611 3176 4680 ἐγὼ
3205 4609 3425 4681 ἐμϐαλῶ
3446 4611 3525 4673 είς
3558 4609 3637 4663 τὰ
3668 4610 3777 4662 0:—
3822 4622 3832 4670 ρ

488 4718 509 4752 ε
540 4698 654 4755 Erit
683 4702 739 4756 in
768 4702 858 4758 die
886 4702 975 4759 illa
1002 4704 1152 4759 radix
1174 4703 1350 4771 Jesse,
1380 4714 1438 4761 et
1461 4704 1555 4777 qui
1587 4704 1758 4776 surgit
1785 4722 1853 4760 ex
1879 4722 1942 4760 ea
1972 4722 2031 4761 re

2288 4723 2318 4758 α
2346 4703 2483 4758 Σιὼν
2510 4703 2656 4757 λίθον
2697 4702 2984 4771 πολυτελῆ,
3009 4702 3282 4763 ἐκλεκτὸν,
3308 4702 3765 4772 ἁκρογωνιαῖον,
3828 4700 3832 4711 '

484 4800 573 4864 get
599 4803 824 4864 gentes,
858 4794 915 4849 in
965 4797 1142 4866 ipsum
1204 4807 1395 4868 gentes
1442 4799 1757 4870 sperabunt.
1782 4817 1801 4849 ι
1838 4799 1906 4854 Et
1931 4814 2028 4853 rur

2234 4812 2394 4866 τιμον,
2426 4797 2507 4857 εἰς
2542 4795 2611 4848 τὰ
2640 4793 2866 4863 θεμέλια
2891 4791 2935 4824 ⁸⁷
2966 4792 3159 4861 αὐτῆς,
3185 4792 3281 4844 καὶ
3308 4793 3338 4842 ὁ
3362 4788 3646 4842 πιστεύων
3673 4791 3778 4842 ἐπ’

486 4900 641 4940 sum:
689 4907 708 4939 (
742 4886 980 4957 Spiritus
1011 4888 1223 4944 Domini
1267 4905 1436 4960 super
1466 4904 1570 4954 me,
1626 4904 1693 4944 eo
1719 4889 1865 4960 quod
1894 4905 2030 4944 unxe

2240 4887 2308 4957 τῷ
2339 4888 2402 4940 ού
2445 4886 2519 4957 μὴ
2550 4884 2941 4955 καταισχυνθῇ.
2973 4902 2992 4935 ι
3028 4883 3141 4936 Καὶ
3172 4881 3337 4934 πάλιν
3358 4880 3403 4913 ⁸³
3433 4896 3449 4911 ο
3492 4897 3512 4929 ι
3548 4880 3784 4933 Ἔσται

486 4975 561 5030 rit
601 4991 707 5030 me;
743 4994 761 5028 ι
802 4977 918 5032 lloc
966 4994 1090 5032 eum
1137 4978 1399 5033 Dominus
1438 4978 1495 5032 in
1534 4994 1800 5048 synagoga
1843 4979 1897 5032 in
1944 4978 2030 5032 sab

2260 4982 2329 5049 τῇ
2377 4978 2563 5049 ημέρᾳ.
2587 4978 2769 5047 ἐκείνῃ
2802 4977 2835 5047 ἡ
2869 4975 2993 5048 ῥίζα
3020 4971 3114 5026 τοῦ
3158 4971 3378 5036 Ἰεσσαὶ,
3427 4971 3524 5023 καὶ
3574 4971 3607 5022 ὁ
3638 4971 3786 5024 ἁνι-

487 5065 630 5121 batis
652 5066 888 5138 legisset,
902 5069 1039 5125 dixit
1059 5060 1079 5124 Ξ
1102 5071 1303 5124 «Amen
1321 5071 1442 5126 dico
1458 5070 1633 5136 vobis,
1660 5070 1821 5125 hodie
1846 5069 2031 5139 implet

2212 5070 2426 5141 ξάμενος
2459 5070 2648 5139 ἄρχειν
2698 5066 2892 5129 ἐθνῶν,
2922 5066 3009 5119 ἐπ’
3055 5063 3205 5134 αὐτῷ
3237 5062 3366 5129 ἔθνη
3396 5060 3691 5115 ὲλπιοῦσι.
3732 5074 3756 5114 ι

490 5166 577 5213 est
598 5158 714 5213 hac
735 5160 1004 5230 scriptura
1025 5161 1081 5215 in
1099 5161 1325 5216 auribus
1339 5161 1554 5219 vestris.
1569 5178 1588 5213 ι

2226 5162 2265 5213 tl.
2297 5160 2460 5214 πάλιν
2494 5159 2562 5194 δ”
2597 5179 2616 5210 ι
2655 5157 2880 5229 Πνεῦμα
2909 5156 3115 5228 Κυρίου
3160 5155 3248 5207 ἐπ’
3277 5154 3398 5224 ἐμὲ,
3429 5149 3490 5208 οῦ
3522 5154 3770 5208 εἵνεκεν

1748 5334 1985 5392 VARUE
2012 5333 2419 5392 LECTIONES.

572 5532 621 5566 ³³
647 5531 746 5604 τὴν
792 5531 1000 5604 σκηνήν
1176 5532 1242 5604 3‘
1271 5532 1393 5587 dele
1438 5533 1583 5604 γάρ.
1675 5533 1720 5564 ³⁸
1750 5532 1984 5604 Χριστὸν
2027 5533 2118 5604 τὸν
2157 5534 2432 5604 Δεσπότην
2464 5531 2523 5585 Ρ.
2609 5530 2678 5604 _“
2708 5531 2785 5604 ὃς.
2816 5528 2876 5604 ὃς
2903 5528 2960 5582 δὲ
2989 5527 3051 5582 P.
3159 5527 3206 5560 ⁸⁷
3234 5527 3523 5604 agat-:91
3549 5542 3686 5604 ρῳ.
3716 5526 3800 5604 ἰ).

500 5594 660 5656 “cev
688 5594 796 5657 om.
818 5594 897 5655 Ρ]
952 5594 1005 5672 ’³Ϋ
1038 5602 1117 5654 ἐν.
1149 5596 1228 5667 εἷς
1257 5604 1320 5656 ὲκ
1357 5604 1414 5657 ιι.
1450 5594 1460 5599 ’
1494 5594 1538 5635 ιδ
1568 5594 1888 5672 δειχθείσης.
1914 5603 2147 5672 δειχεξας
2182 5603 2241 5655 Ρ.
2275 5594 2473 5672 δειλίας
2506 5617 2578 5654 m.
2608 5598 2689 5672 Ρ.
2713 5671 2719 5672 γ
2745 5602 2787 5632 ⁵⁸
2820 5598 3011 5672 οῦτως.
3070 5613 3189 5660 LIII,
3247 5598 3302 5672 7.
3376 5599 3478 5672 δξῄὁ
3507 5598 3805 5672 ῌΔζθίοψ.

500 5674 621 5729 Act.
645 5690 778 5744 vni,
825 5673 940 5744 35._
989 5666 1242 5744 “iéyet.
1273 5688 1389 5732 Lm,
1420 5674 1481 5744 5.
1505 5741 1520 5744 Α
1552 5672 1598 5703 ⁸⁸
1634 5666 1836 5744 πληγῇ.
1881 5666 2030 5741 τιμῇ
2070 5671 2133 5744 Y.
2238 5672 2281 5704 “
2316 5670 2495 5725 πάλιν.
2548 5673 2601 5727 9.
2678 5671 2751 5744 “ﬁ
2772 5670 2954 5724 πάλιν.
2990 5683 3195 5735 xxvnt,
3239 5667 3326 5723 16.
3403 5667 3450 5701 ⁸⁷
3479 5666 3675 5741 ιΣιὼν
3710 5666 3813 5711 -ἰ-

501 5743 732 5814 θεμὲλια
775 5758 886 5799 om.
912 5741 972 5798 P.
1048 5742 1093 5775 “
1131 5742 1311 5798 πάλιν.
1344 5759 1418 5808 x1,
1466 5741 1553 5797 10.
1630 5742 1675 5773 δ’
1716 5744 1893 5797 πάλιν.
1944 5757 2054 5806 LXI,
2086 5741 2136 5797 1.
