3870 6336
355 366 464 432 439
1486 367 1491 372 ’
1555 379 1986 440 CHRONICON
2026 381 2427 458 PASCHALE.
3499 388 3609 454 M0

357 473 566 555 s.u.c.
1644 483 1750 555 [οι.
1785 483 1926 556 1911.)
1957 489 2004 545 Α

425 568 546 624 591.
586 584 670 622 ιν.
713 567 959 625 Graccho
989 578 1043 626 et
1073 570 1261 626 Talina
1293 587 1435 628 coss.
1685 573 1737 629 2.

425 656 684 712 Summus
749 658 987 727 pontifex
1067 659 1449 733 Hierosolymis
1527 680 1598 717 xv

351 745 571 810 Oneias,
602 747 692 816 qui
721 758 774 801 et
802 746 1077 802 Menelaus
1109 749 1303 814 dictus,
1344 765 1471 804 ann.
1504 767 1596 806 νη.

348 835 690 907 Colliguntur
713 838 839 892 anni
873 854 1133 896 eccum.

421 925 543 980 592.
583 942 691 980 xvr.
725 925 978 996 Scipione
1039 927 1231 982 Nasica
1304 938 1360 984 et
1424 930 1612 1005 Figulo

2106 586 2185 633 ιε’.
2226 581 2320 633 ὑπ.
2359 581 2607 653 Γράκχου
2638 583 2730 637 καὶ
2760 585 2988 639 Ταλίνου
3018 585 3153 659 (75).
3287 641 3290 644 ,

2105 671 2416 742 ’Δρχιερεῦς
2445 676 2503 728 ὲν
2533 675 2889 748 Ἰερουσαλὴμ
2927 679 2990 732 ιε’
3022 678 3227 743 Ὀνείας
3248 681 3276 732 ό
3303 680 3396 734 καὶ
3424 681 3604 735 Mevi-

2032 760 2156 826 λαος
2188 762 2300 832 (76)
2329 764 2420 835 ἐτη
2452 765 2517 829 ζ’.
3139 771 3304 840 Ὁμοῦ
3329 772 3459 837 τξζ¹.

2105 945 2199 1002 ις’.
2237 939 2332 993 ὑπ.
2364 939 2664 1005 Σκιπίωνος
2700 939 2917 994 Νασίκα
2934 942 2976 972 ⁸⁸
3006 942 3100 996 καὶ
3127 942 3408 1012 Φιγούλου.

489 1030 632 1070 coss.
1686 1025 1738 1078 5.

419 1105 543 1161 595.
577 1122 708 1162 xvu.
734 1106 958 1164 Messala
976 1119 1030 1164 et
1049 1110 1296 1166 Carbone
1323 1127 1465 1168 coss.
1683 1115 1736 1169 ὁ.

2106 1107 2191 1171 ιζ’.
2235 1109 2330 1165 ύπ.
2358 1111 2622 1166 Μεσσαλά
2649 1112 2742 1165 καὶ
2769 1111 3067 1184 Κάρϐωνος
3095 1113 3227 1186 (77).

905 1201 1064 1258 CLIV
1085 1203 1377 1273 Olympias.

2547 1200 2678 1269 pro"
2717 1200 3069 1270 Ὀλυμπιάς.

419 1287 542 1344 594.
575 1306 728 1344 xvm.
756 1292 908 1346 Gallo
936 1301 992 1347 et
1026 1293 1268 1364 Cethego
1299 1309 1440 1348 coss.
1687 1295 1736 1348 1.
1774 1293 1890 1348 155.

2108 1295 2194 1356 ιη’.
2227 1290 2320 1342 ὑπ.
2356 1289 2556 1345 Γάλλου
2588 1292 2680 1345 καὶ
2707 1291 2979 1362 Κεθήγου.

424 1380 550 1433 595.
585 1397 698 1434 xxx.
759 1381 1030 1438 Dolabella
1058 1392 1111 1438 et
1148 1383 1337 1438 Fulvio
1369 1400 1509 1439 coss.
1689 1384 1742 1438 2.

2106 1381 2190 1434 ιϐ’.
2237 1381 2330 1435 ύπ.
2373 1381 2675 1436 Δολαϐέλλα
2707 1386 2801 1437 καὶ
2826 1383 3082 1438 Φουλϐίου
3118 1384 3183 1437 ⁸⁸.

422 1469 547 1524 596.
586 1487 677 1525 xx.
764 1470 974 1541 Lepido
1019 1482 1072 1527 et
1103 1473 1304 1530 Lenate
1345 1491 1485 1530 coss.
1522 1477 1606 1530 (A.

2101 1476 2169 1524 κ’.
2204 1471 2299 1527 ὑπ.
2338 1472 2568 1526 Λεπίδου
2598 1474 2693 1527 καὶ
2724 1475 2982 1530 Λενάτου.

487 1579 520 1617 a
553 1563 621 1616 Μ.
651 1563 711 1619 c.
742 1564 927 1634 sats.)
1665 1569 1714 1622 5.

420 1651 623 1708 Judaeis
659 1656 871 1724 primus
917 1656 1130 1725 praefuit
1173 1656 1361 1722 Judas,
1399 1659 1488 1727 qui
1537 1667 1593 1713 et

488 1743 850 1813 Machameus,
873 1747 1168 1802 Matlathire
1190 1749 1333 1805 ﬁlius
1355 1765 1497 1804 anno
1519 1764 1578 1803 ιιι

487 1836 804 1906 Olympiadis
834 1853 973 1892 οων.
1383 1821 1396 1836 ’

420 1926 612 1992 Oneia,
633 1944 728 1982 seu
759 1928 1020 1995 Menelao,
1040 1929 1351 1985 Iudaeorum
1374 1945 1588 1985 summo

351 2017 640 2088 pontiﬁce,
665 2019 754 2088 qui
785 2019 1057 2075 Antiocho
1083 2021 1346 2090 Epiphani
1380 2031 1593 2093 gentem

350 2122 504 2160 suam
535 2107 884 2176 prodiderat,
917 2108 987 2162 ab
1020 2109 1291 2163 Antiocho
1316 2109 1588 2179 Eupatore

351 2198 586 2264 sublato,
611 2198 856 2255 Alcimus
875 2239 890 2264 ,
909 2201 1000 2270 qui
1027 2215 1134 2254 non
1170 2209 1288 2256 erat
1307 2215 1372 2255 ex
1395 2216 1590 2272 genere

353 2289 716 2355 sacerdotali,
761 2305 1036 2345 summum
1085 2291 1456 2362 pontiﬁcatum
1496 2307 1596 2362 per

352 2380 616 2435 ambitum
641 2381 871 2452 adeptus
887 2390 969 2437 est
994 2401 1006 2436 :
1037 2383 1192 2452 cujus
1216 2399 1378 2438 causa
1404 2382 1591 2448 Onias,

351 2471 503 2527 Onia:
524 2473 722 2527 summi
747 2473 1018 2543 pontiﬁcis
1039 2473 1202 2539 ﬁlius,
1228 2475 1507 2544 profectus
1531 2475 1587 2530 in

352 2564 671 2636 Egyptum,
701 2567 891 2621 urbem
913 2566 1283 2630 condit,0nia:
1311 2582 1593 2636 nuncupa-

357 2673 486 2724 tam,
516 2659 700 2728 inqua
732 2659 992 2729 templum
1020 2659 1254 2740 excitat,
1291 2657 1599 2730 Hierosoly-

353 2751 560 2806 mitano
591 2753 787 2808 simile.

425 2842 669 2898 Alcimus
714 2858 846 2899 vero
892 2860 1140 2914 summus
1181 2844 1424 2915 pontifex
1469 2859 1595 2900 cum

353 2931 670 2988 inimicitias
715 2949 840 2988 cum
881 2932 1020 2989 Juda
1085 2934 1390 2989 Machabzeo
1435 2943 1596 2989 exer-

356 3022 585 3088 cuisset,
635 3039 746 3078 non
801 3025 970 3079 multo
1016 3035 1141 3095 post
1189 3034 1432 3095 tempore
1495 3024 1592 3079 Dei

353 3117 507 3186 plaga
537 3131 826 3185 percussus
847 3117 1070 3172 interiit.
1091 3116 1389 3173 Universus
1415 3127 1602 3175 autem

351 3207 662 3261 ιιιειειιοτυιιι
737 3191 1012 3278 populus,
1073 3209 1227 3264 Judae
1281 3210 1588 3265 Machawa

355 3311 630 3352 summum
686 3298 1063 3372 pontiﬁcatum
1104 3299 1339 3354 detulit:
1385 3316 1494 3370 quo
1545 3301 1590 3356 is

355 3401 630 3462 suscepto,
658 3392 728 3448 ad
750 3393 1019 3449 Romanos
1042 3394 1364 3466 legationem
1391 3393 1552 3450 mittil
1575 3411 1590 3450 :

355 3481 746 3553 decretumque
802 3501 833 3538 a
886 3495 1081 3544 senatu
1143 3485 1392 3540 utJudtei
1451 3487 1593 3541 inter

353 3573 584 3640 amicos,
618 3583 672 3628 et
699 3574 878 3629 socios
908 3575 1093 3644 populi
1123 3575 1355 3636 Romani
1386 3577 1591 3631 descri-

356 3664 636 3727 berentur,
669 3651 1124 3732 quemadmodum
1151 3663 1342 3721 narrat
1375 3666 1592 3722 Macha-

356 3753 598 3806 bworum
635 3753 879 3808 historia.

426 3843 549 3898 597.
577 3844 916 3899 xx1.C-.esare
936 3855 991 3899 et
1011 3843 1203 3900 Oreste
1226 3821 1370 3902 coss.

429 3933 732 3990 Antiochus
761 3933 946 4005 j'unior
975 3936 1215 4007 Eupator
1237 3941 1463 4012 veniens
1484 3941 1595 3995 An-

359 4026 635 4092 tiochiam,
668 4028 977 4098 Philippum
1009 4029 1218 4084 invenit
1254 4040 1594 4102 regnantem,

359 4117 614 4186 huncquc
673 4117 740 4172 de
792 4119 973 4173 medio
1027 4121 1268 4175 sustulit.
1307 4123 1436 4177 Post
1481 4124 1595 4179 lucc

358 4208 555 4262 deinde
604 4209 730 4263 dum
778 4210 1022 4278 praelium
1075 4213 1366 4267 committit
1409 4229 1600 4269 versus

359 4289 748 4370 Hierosolyma,
803 4301 978 4358 victus
1011 4312 1093 4358 est
1123 4320 1152 4357 a
1195 4304 1334 4359 Juda
1374 4305 1593 4361 Macha-

359 4390 477 4445 baao
508 4389 818 4445 Judaeorum
857 4391 1014 4447 duce.
1038 4392 1182 4447 Idem
1215 4409 1377 4463 porro
1401 4395 1592 4450 Antio-

360 4485 497 4537 chus
563 4498 662 4552 per
735 4483 1104 4540 Andronicum
1172 4486 1365 4543 ducem
1439 4503 1600 4542 suum

2115 1649 2383 1704 Ἰουδαίων
2417 1652 2634 1720 ἡγεῖται
2669 1652 2888 1723 πρῶτος
2933 1653 3132 1718 Ἰούδας
3161 1657 3191 1708 ὁ
3237 1657 3332 1710 καὶ
3371 1658 3604 1711 Μακκα-

2031 1741 2204 1809 ϐαῖος,
2229 1743 2469 1797 Ματθίου
2504 1743 2552 1775 ⁸⁵
2583 1741 2693 1817 (78)
2724 1749 2870 1810 παῖς,
2909 1746 3078 1818 τρίτῳ
3108 1745 3216 1800 ἔτει
3260 1748 3365 1816 ρνδ¹
3409 1749 3606 1818 Ὀλυμ.

1960 1836 2004 1893 Β
2033 1835 2239 1898 πιάδος.
2883 1887 2886 1890 ,

2113 1925 2315 1978 Ὀνείου
2363 1926 2476 1996 (79)
2517 1926 2612 1980 τοῦ
2647 1928 2742 1980 καὶ
2785 1927 3080 1994 Μενελάου,
3118 1929 3418 2000 ἀρχιερέως
3479 1931 3606 1984 Ἰου-

2029 2017 2213 2082 δαίων,
2239 2017 2330 2070 τοῦ
2366 2018 2546 2071 καὶτὸ
2588 2018 2739 2083 ἔθνος
2781 2019 3179 2090 προδεδωκότος
3220 2009 3474 2088 Ἀντιόχῳ
3527 2020 3606 2090 τῷ

2043 2107 2350 2176 Ἐπιφανεῖ,
2373 2107 2752 2179 ἀναιρεθέντος
2783 2108 2888 2162 ὑπὸ
2929 2109 3203 2179 Ἀντιόχου
3237 2109 3332 2161 τοῦ
3359 2110 3606 2163 Εὐπάτο-

2035 2215 2145 2268 ρος,
2179 2197 2463 2269 Ἀλκιμος,
2495 2199 2594 2252 οὐκ
2618 2197 2692 2252 ὢν
2722 2201 2788 2253 ὲκ
2809 2199 2999 2268 γένους
3041 2199 3316 2270 ἱερατικοῦ
3346 2200 3481 2270 (80),
3505 2201 3605 2270 τὴν

2033 2291 2329 2361 ἱερωσύνην
2404 2293 2468 2345 ὲκ
2541 2291 2879 2364 περιδρομῆς
2945 2291 3366 2363 διαδεξάμενος·
3428 2292 3495 2346 δι’
3545 2292 3604 2345 ὃν

2043 2383 2252 2446 Ὀνείας
2281 2383 2482 2437 Ὀνείου
2499 2383 2592 2436 τοῦ
2614 2385 2913 2454 ἀρχιερέως
2925 2384 3038 2448 υίὸς
3057 2383 3225 2439 ἐλθὼν
3242 2387 3320 2447 είς
3333 2385 3606 2452 Αἴγυπτον

2032 2474 2207 2538 κτίζει
2230 2474 2382 2528 πόλιν
2401 2475 2502 2545 τὴν
2529 2475 2914 2545 ἐπικληθεῖσαν
2951 2475 3174 2538 Ὀνείου,
3201 2478 3258 2528 ὲν
3340 2476 3432 2528 καὶ
3463 2473 3606 2546 ίερδν

2031 2564 2306 2634 οἰκοδομεῖ
2335 2566 2518 2635 ὅμοιον
2553 2565 2646 2619 τοῦ
2676 2565 2804 2621 ναοῦ
2838 2565 2932 2620 τοῦ
2966 2567 3024 2621 ἐν
3063 2565 3461 2638 Ἰεροσολύμοις.

2107 2853 2368 2924 ’Δλκιμος
2391 2854 2446 2908 δὲ
2471 2856 2499 2908 ό
2519 2854 2809 2926 ἀρχιερεὺς
2836 2855 2970 2925 πρὸς
3015 2852 3212 2907 Ἰούδαν
3256 2853 3346 2907 τὸν
3375 2854 3607 2907 Μακκα-

2034 2946 2185 2999 ϐαἴον
2212 2947 2510 3010 στασιάσας
2568 2946 2686 3016 μετ’
2718 2947 2778 3000 ού
2819 2947 2985 3000 πολὺν
3017 2946 3207 3019 χρόνον
3235 2944 3370 2998 Θεοῦ
3424 2946 3608 3016 πληγῇ

2036 3033 2346 3106 περιπεσὼν
2388 3033 2632 3105 τελευτᾷ.
2670 3034 2728 3088 Ὀ
2761 3035 2820 3088 δὲ
2869 3035 2978 3098 πᾶς
2999 3035 3106 3087 τῶν
3169 3033 3437 3088 Ἰουδαίων
3480 3034 3609 3099 λαὸς

1961 3164 2003 3223 C
2049 3123 2218 3194 Ἰούδᾳ
2241 3123 2319 3194 τῷ
2352 3125 2692 3196 Μακκαϐαίῳ
2712 3124 2812 3196 τὴν
2847 3124 3257 3197 ἀρχιερωσύνην
3279 3125 3509 3180 δίδωσιν.
3552 3127 3609 3180 '0

2036 3215 2093 3267 δὲ
2143 3214 2346 3285 ταύτην
2397 3217 2795 3286 ὑποδεξάμενος
2855 3215 3216 3287 πρεσϐεύεται
3279 3215 3418 3286 πρὸς
3478 3216 3612 3270 Ῥω·-

2038 3305 2228 3375 μαίους
2255 3306 2321 3372 ³⁸,
2369 3308 2462 3361 καὶ
2499 3307 2864 3378 ψηφίζεταιή
2913 3306 3213 3376 σύγκλητος
3271 3305 3458 3374 φίλους
3516 3310 3616 3360 καὶ

2039 3403 2362 3474 συμμάχους
2406 3404 2694 3472 Ῥωμαίων
2749 3402 3038 3464 Ἰουδαίους
3087 3400 3134 3432 ⁸⁵
3162 3401 3606 3473 ἀπογράψασθαι,

2038 3492 2216 3558 καθὼς
2241 3495 2275 3564 ἡ
2314 3495 2420 3548 τῶν
2445 3493 2816 3548 Μακκαϐαίων
2855 3493 3063 3563 ἱστορία
3091 3491 3258 3562 δηλοῖ.

2113 3852 2220 3907 κα’.
2248 3851 2341 3906 ύπ.
2377 3849 2654 3920 Καίσαρος
2686 3848 2780 3901 καὶ
2824 3847 3104 3916 Ὀρέστου.

2124 3943 2393 4012 Ἀντίοχος
2417 3943 2446 3994 ὁ
2481 3940 2598 4002 νέος
2653 3938 2924 4008 Εὐπάτωρ
2951 3936 3120 3990 ἐλθὼν
3148 3937 3228 3999 είς
3283 3936 3614 4007 Ἀντιόχειαν

2043 4025 2178 4101 ηὗρε
2225 4029 2490 4081 Φίλιππον
2531 4028 2575 4059 ⁸⁷
2621 4025 2990 4096 βασιλεύοντα,
3032 4025 3126 4078 καὶ
3167 4025 3378 4078 ἀνεῖλεν
3423 4026 3609 4080 αὐτόν.

2042 4119 2198 4175 Μετὰ
2219 4119 2276 4171 δὲ
2301 4117 2471 4172 ταῦτα
2501 4116 2754 4187 πολεμῶν
2784 4118 2864 4179 είς
2895 4117 3242 4187 Ἰεροσόλυμα
3271 4116 3474 4188 ἡττήθη
3506 4117 3614 4170 ὑπὸ

2057 4211 2228 4265 Ἰούδα
2256 4211 2349 4264 τοῦ
2392 4209 2753 4264 Μακκαϐαίου
2797 4206 3106 4278 στρατηγοῦ
3153 4207 3436 4261 Ἰουδαίων.
3476 4208 3615 4262 Ὀδὲ

2045 4303 2206 4366 αὐτὸς
2247 4301 2519 4372 Ἀντίοχος
2569 4300 2656 4353 διά
2698 4298 3036 4369 Ἀνδρονίκου
3094 4297 3398 4369 στρατηγοῦ
3445 4295 3614 4351 αὑτοῦ

2058 4394 2266 4447 Ὀνείαν
2293 4392 2386 4446 τὸν
2429 4392 2525 4445 καὶ
2571 4387 2863 4454 Μενέλαον,
2897 4388 3072 4459 ἱερέα,
3116 4389 3354 4458 ἀναιρεῖ.
3391 4386 3526 4441 Μεθῗ
3553 4387 3616 4441 ὃν

1971 4511 2023 4570 D
2051 4484 2314 4554 Ἄλκιμος
2363 4481 2462 4535 οὐκ
2491 4479 2565 4536 ὢν
2595 4483 2660 4535 ὲκ
2684 4479 2874 4550 γένους
2927 4477 3206 4550 ἱερατικοῦ
3262 4476 3616 4549 ὲγνωρίζετο.

1698 4667 2025 4725 DUCANGI]
2058 4667 2284 4725 ΝΟΤᾸΕ.

435 4827 546 4896 (75)
602 4827 710 4882 καί
753 4828 1023 4883 Talia-0v.
1075 4828 1285 4885 Schott.
1336 4829 1432 4884 καὶ
1489 4827 1718 4883 Θάλνου.
1761 4830 1930 4897 Fasti,

2060 4832 2228 4893 iwvo;.

365 4897 587 4951 Thalna.

707 4967 807 5021 καὶ
856 4968 1180 5034 Μενέλαος.
1241 4933 1394 5022 Νιπη⁸
1430 4984 1543 5038 prae
1576 4969 1788 5024 caeteris
1826 4969 1937 5026 Hc-

365 5035 560 5089 braicis
590 5037 696 5105 iam
720 5038 904 5092 Graaca
935 5040 1176 5102 nomina,
1211 5039 1290 5092 uti
1316 5035 1478 5094 etiarn
1495 5048 1550 5092 et
1571 5053 1750 5093 mores
1770 5041 1929 5096 malle

2103 4898 2535 4972 (78)]11ατθίου.
2575 4899 2653 4972 Ita
2679 4899 2842 4972 etiam
2875 4896 3142 4972 Georgius
3179 4893 3480 4967 Syncellus,
3513 4909 3616 4964 pro

2031 4968 2369 5031 Ματταθίου,
2396 4971 2670 5037 quomodo
2700 4970 2896 5037 legitur
2923 4968 3084 5022 infra.

2102 5040 2216 5120 (79)
2265 5031 2664 5120 _’.0rsZov_.-_Ex
2711 5031 2916 5095 Chron.
2941 5036 3183 5104 Eusebii,
3215 5051 3272 5106 p.
3312 5035 3381 5091 58
3407 5042 3463 5088 et
3489 5031 3612 5096 MC,

365 5116 663 5176 coeperant.
701 5107 896 5176 inquit
939 5107 1204 5163 Seldenns
1253 5109 1345 5163 lib.
1401 5124 1416 5161 ι
1468 5107 1542 5162 De
1590 5123 1827 5164 success.
1870 5110 1927 5163 in
2031 5107 2121 5164 ubi
2158 5107 2358 5176 Scalig.

367 5173 563 5248 ἱιοιιιίί.
615 5173 810 5240 Πρω-,ζ
858 5194 983 5248 cap.
1033 5179 1085 5232 6.
1123 5179 1181 5232 ιιι
1224 5179 1385 5232 etiam
1433 5178 1499 5233 de
1556 5178 1786 5245 Alcime,
1833 5180 1925 5248 qui

353 5242 570 5314 -Joacim
604 5242 1032 5314 nuncupabatur,
1068 5248 1557 5302 observaruntalii.

441 5312 557 5382 (77)
584 5315 692 5366 Kal
726 5312 1055 5383 Κάρϐωνος.
1085 5315 1296 5372 Schott.
1328 5327 1384 5372 et
1413 5317 1579 5383 Fasti,
1627 5319 1722 5371 καὶ
1759 5319 1931 5389 Στρά-

464 5677 509 5708 ⁸¹
543 5673 756 5728 Νασικά
802 5673 867 5728 ῐῖ.
965 5673 1299 5727 ⁸³Φουλϐίου.
1357 5675 1642 5728 Φουλϐίνου
1691 5674 1753 5728 ν.

2102 5109 2120 5162 i
2158 5109 2464 5228 Scaligqép.
2490 5109 2614 5163 M5.
3101 5175 3128 5188 η
3235 5176 3246 5187 ⁸

2102 5178 2212 5247 (80)
2238 5179 2360 5230 Οὐκ
2428 5193 2475 5258 ,ν
2494 5177 2562 5231 ἐκ
2591 5178 2806 5258 τέξους’
2830 5179 3150 5258 ίεριξτικου.
3185 5172 3356 5258 Viden
3375 5170 3601 5258 Selden;

2033 5241 2120 5302 De'
2155 5241 2488 5316 successiu
2515 5241 2711 5316 pontii.
2745 5241 2912 5301 Hebr.
2951 5246 3045 5302 lib.
3101 5261 3140 5315 ι,
3172 5260 3292 5316 cap.
3324 5243 3358 5298 8
3389 5257 3445 5312 p.
3480 5241 3611 5304 319,

2032 5326 2232 5388 praeter
2261 5315 2532 5371 eumdem
2549 5316 2908 5387 Scaligerum.

1640 5514 1873 5570 VARIIE
1915 5514 2317 5572 LECTIONES.

1853 5675 1897 5706 ⁸⁵
1929 5675 2172 5729 Ματθίου
2217 5675 2272 5728 P.
2315 5677 2622 5731 Ματταθίου
2688 5693 2760 5733 m.
2824 5677 2889 5736 Ρ.
2937 5673 3126 5732 solius.
3223 5672 3269 5706 ⁸⁸
3299 5669 3431 5744 πρὸς
3487 5663 3618 5728 τοὺς

387 5743 688 5816 Ῥωμαίους
715 5743 774 5799 Ρ.
851 5745 896 5777 ⁸⁸
923 5746 1048 5810 τοὺς
1083 5744 1363 5808 Ἰουδαίους
1392 5744 1450 5799 Ρ.
1527 5746 1570 5777 ⁸⁷
1615 5745 1703 5798 τὸν
1740 5745 2002 5800 Φίλιππον
2049 5745 2460 5814 βασιλεύσαντα.
2498 5745 2560 5802 Ρ.
