3870 6336
414 399 507 464 tot
1597 412 2033 475 CHRONICON
2073 415 2476 476 PASCHALE.
2513 382 2519 388 ’
3566 411 3676 478 me

493 511 732 583 Surgens
762 520 942 566 autem
969 514 1130 570 Maria
1150 513 1343 570 diebus
1372 515 1493 583 illis,
1517 519 1756 588 profecta
1788 537 1855 576 ex
1884 523 1990 576 Na-

2164 525 2468 576 Ἀναστᾶσα
2484 521 2528 555 ⁸⁷
2557 521 2614 576 δέ
2645 521 2880 593 Μαριάμ
2917 523 2973 575 ὲν
3016 524 3133 586 ταῖς
3159 521 3391 594 ἡμέραις
3421 521 3672 588 ταύταις,

418 603 600 658 zareth
634 619 730 672 per
750 603 1008 668 triduum,
1037 616 1258 674 peracto
1286 607 1670 680 Hierosolymis
1699 610 1984 678 Paschate,

2094 612 2184 664 καὶ
2225 611 2454 664 ἐλθοῦσα
2504 612 2568 664 ἐκ
2619 611 2873 680 Ναζάρετ
2925 611 3013 664 διὰ
3063 619 3134 681 γ’,
3171 613 3266 665 καὶ
3297 613 3560 665 τελέσασα
3613 616 3678 666 τί.

416 702 734 763 septemque
763 693 1086 764 Azymorum
1106 695 1297 753 diebus
1317 698 1647 768 adimpletis,
1683 717 1805 756 cum
1834 703 1988 758 festi-

2094 705 2281 774 Πάσχα
2310 705 2366 756 ἐν
2398 703 2774 773 Ἰερουσαλὴμ,
2814 702 2908 754 καὶ
2932 703 3032 766 τὰς
3059 703 3170 756 τῶν
3191 703 3442 771 Ἀξύμων
3459 702 3509 765 ζ’
3533 705 3681 773 ἡμέ-

415 786 638 840 natione
669 785 824 856 petiit
858 801 955 855 per
998 796 1259 842 montana
1311 789 1589 844 civitatem
1639 791 1773 847 Juda
1799 835 1812 860 ,
1867 810 1987 865 qua:

2095 808 2210 861 ρας,
2237 790 2504 860 ἐπορεύθη
2535 791 2614 854 είς
2651 790 2748 860 τὴν
2790 789 3003 861 ὀρεινὴν
3036 791 3173 860 μετά
3202 791 3436 861 σπουδῆς
3465 793 3543 853 είς
3575 793 3662 842 πό-

414 878 652 933 distabat
681 877 1003 933 milliaribus
1037 896 1136 944 xu,
1175 889 1230 935 et
1256 882 1498 953 ingressa
1527 893 1610 937 est
1632 883 1852 938 domum
1885 886 1988 940 Za-

2094 883 2171 935 λιν
2194 883 2386 945 Ἰούδα,
2428 879 2592 936 οὖσαν
2643 882 2749 935 ἀπὸ
2803 881 2994 953 μιλίων
3029 881 3116 952 ιβ’.
3148 883 3257 936 Καὶ
3303 883 3550 953 εἰσῆλθεν
3595 885 3674 945 είς

413 970 632 1032 chariae.
658 979 714 1024 et
742 970 993 1024 salutavit
1013 972 1313 1027 Elisabeth.
1333 973 1399 1026 Et
1435 972 1634 1028 factum
1667 984 1767 1037 est,
1805 984 1864 1028 ut
1888 992 1985 1029 au-

2094 974 2178 1026 τὸν
2199 974 2244 1005 ’³
2274 969 2423 1026 οἷκον
2463 974 2754 1042 Ζαχαρίου,
2792 975 2885 1027 καὶ
2913 975 3201 1044 ἠσπάσατο
3232 973 3330 1043 τὴν
3366 973 3673 1026 Ἐλισάδετ.

411 1060 546 1115 divit
567 1059 838 1114 Elisabeth
867 1061 1245 1116 salutationem
1273 1062 1473 1130 Μαι-ἰαὶ,
1494 1065 1780 1118 exsultavit
1813 1065 1989 1118 infans

2094 1066 2198 1117 Kal.
2232 1065 2466 1132 ἐγένετο,
2499 1064 2572 1126 ὼς
2605 1064 2838 1132 ἤκουσεν
2873 1067 2905 1133 ἡ
2945 1065 3228 1117 Ἐλισάδετ
3261 1064 3352 1116 τὸν
3379 1063 3678 1130 ἁσπασμδν

413 1151 466 1205 in
515 1159 669 1205 utero
715 1151 866 1221 ejus,
913 1161 968 1205 et
1007 1152 1206 1222 repleta
1234 1152 1436 1223 Spiritu
1466 1163 1654 1208 saneto
1690 1154 1988 1218 Elisabeth,

2094 1155 2188 1220 τῆς
2217 1154 2453 1224 Μαρίας,
2488 1154 2812 1224 ἐσκίρτησεν
2842 1155 2902 1206 τὸ
2933 1156 3131 1225 βρέφος
3165 1158 3224 1208 ἐν
3255 1160 3316 1224 τῇ
3355 1155 3534 1225 κοιλία
3571 1155 3677 1206 a5-

411 1243 735 1297 exclamavit
767 1259 898 1298 voce
925 1260 1136 1315 magna,
1168 1253 1223 1298 et
1254 1245 1427 1299 dixit:
1465 1266 1481 1295 ι
1510 1246 1800 1302 Benedicta
1839 1257 1893 1301 tu
1933 1247 1987 1300 in

2094 1246 2207 1316 τῆς,
2240 1247 2332 1299 καὶ
2360 1245 2602 1313 ἐπλήσθη
2641 1243 2960 1313 Πνεύματος
2990 1247 3142 1314 ἁγίου
3170 1248 3202 1314 ἡ
3233 1246 3536 1309 Ἐλισάῦετ,
3579 1242 3677 1299 καὶ

349 1369 374 1397 κ
411 1333 732 1387 mulieribus
759 1374 771 1395 ,
801 1345 853 1388 et
897 1335 1216 1390 benedictus
1259 1335 1468 1389 fructus
1523 1338 1731 1391 ventris
1782 1339 1879 1392 tui.
1925 1337 1990 1392 Et

2094 1335 2436 1406 ἀνεφώνησεν
2464 1337 2614 1405 φωνῇ
2649 1336 2877 1407 μεγάλῃ,
2912 1337 3005 1388 καὶ
3039 1332 3192 1388 εἶπεν
3214 1352 3226 1363 ·
3262 1337 3422 1405 200
3458 1357 3474 1386 ι
3509 1337 3679 1387 Εὐλο-

412 1427 555 1479 unde
589 1426 719 1480 mihi
753 1427 855 1481 hoc
880 1469 892 1492 ,
935 1436 995 1481 ut
1034 1428 1213 1494 veniat
1265 1435 1438 1481 mater
1484 1427 1693 1482 Domini
1738 1430 1803 1483 ad
1855 1430 1990 1483 me?

2094 1428 2300 1498 γημένη
2335 1429 2398 1480 σὺ
2430 1429 2486 1479 ἐν
2513 1424 2757 1494 γυναιξὶν
2780 1428 2873 1480 καὶ
2895 1427 3255 1496 εὐλογημένος
3283 1429 3310 1479 ὁ
3338 1427 3550 1496 καρπὸς
3575 1427 3675 1493 τῆς

411 1517 549 1570 Ecce
577 1517 722 1570 enim
750 1526 808 1570 ut
849 1516 986 1571 facta
1015 1526 1098 1571 est
1136 1536 1242 1572 vox
1282 1519 1624 1573 salutationis
1656 1528 1760 1572 tua:
1801 1520 1852 1572 in
1887 1536 1988 1573 au-

2094 1520 2296 1582 κοιλίας
2328 1536 2440 1572 σου.
2477 1519 2587 1571 Καὶ
2619 1518 2778 1571 πόθεν
2813 1535 2903 1587 μοι
2934 1518 3109 1583 τοῦτο,
3141 1520 3226 1572 ἵνα
3259 1519 3383 1587 ἔλθῃ
3419 1520 3451 1587 ἡ
3485 1519 3674 1586 μήτηρ

413 1607 563 1659 ribus
587 1607 746 1670 meis,
775 1608 1067 1662 exsultavit
1096 1609 1273 1662 infans
1299 1609 1352 1661 in
1386 1617 1541 1662 utero
1573 1624 1692 1663 meo
1720 1611 1770 1663 in
1804 1611 1987 1663 exsul-

2094 1610 2181 1662 τοῦ
2215 1609 2418 1679 Κυρίου
2454 1609 2612 1678 pou”
2655 1609 2788 1679 πρός
2841 1625 2938 1677 ps;
2974 1609 3105 1662 Ἰδοὺ
3141 1609 3247 1678 γὰρ
3281 1608 3355 1668 ὡς
3383 1608 3602 1675 ἐγένετο
3641 1609 3672 1673 ἡ

414 1698 634 1751 latione.
666 1699 731 1752 Et
753 1699 910 1752 beata
932 1716 1053 1768 quae
1080 1701 1379 1761 credidisti,
1407 1700 1663 1768 quon'am
1702 1701 1988 1769 perlicien-

2094 1700 2241 1770 φωνὴ
2268 1700 2360 1751 τοῦ
2391 1699 2680 1768 ἀσπασμοῦ
2717 1715 2810 1751 σου
2843 1700 2920 1762 είς
2950 1699 3016 1751 τά
3045 1693 3164 1752 ὧτὰ
3212 1716 3332 1768 μου,
3376 1699 3675 1765 ἐσκίρτησε

413 1799 499 1842 tur
524 1806 644 1858 qua:
681 1790 821 1844 dicta
851 1801 978 1844 sunt
1009 1791 1102 1844 tibi
1131 1807 1159 1844 a
1187 1792 1432 1844 Domino.
1463 1809 1479 1840 ι
1523 1789 1586 1842 Et
1616 1792 1751 1845 dixit
1781 1793 1939 1846 Maria
1971 1811 1984 1846 :

2094 1791 2149 1842 τὸ
2183 1790 2383 1860 βρέφος
2417 1789 2474 1840 ἐν
2504 1787 2824 1854 ἀγαλλιάσει
2870 1789 2926 1840 ἐν
2954 1790 3018 1857 τῇ
3047 1787 3224 1857 κοιλίᾳ
3258 1803 3388 1856 μου..
3419 1785 3527 1838 Kal.
3565 1802 3675 1851 μαο

412 1882 642 1952 καρίαὴ
700 1880 1177 1948 πιστεύσασα,ὂτι
1230 1881 1382 1933 ἔσται
1443 1879 1721 1944 τελείωσις
1782 1885 1892 1945 τοῖς
1942 1881 2366 1951 λελαλημένοις¹
2422 1879 2557 1948 αὐτῇ
2611 1878 2761 1948 παρὰ
2811 1877 3041 1948 Κυρίου.
3109 1897 3128 1928 ι
3185 1877 3292 1929 Kal.
3343 1871 3497 1928 εἶπεν
3550 1875 3677 1927 Ma-

414 1982 584 2051 ριάμ’

485 2091 504 2122 ι
536 2068 837 2138 Magniﬁeat
867 2067 1044 2122 anima
1085 2082 1201 2121 mea
1233 2066 1519 2122 Dominum
1544 2109 1556 2132 ,
1601 2078 1654 2123 et
1695 2070 1986 2123 exsultavit

2162 2082 2180 2115 ι
2210 2061 2516 2129 Μεγαλύνει
2567 2063 2599 2131 ἡ
2647 2061 2792 2131 ψυχή
2849 2078 2950 2129 μου
3002 2060 3094 2114 τὸν
3121 2061 3345 2131 Κύριον,
3381 2065 3472 2116 καὶ
3500 2065 3678 2133 ἠγαλ-

409 2163 630 2232 spiritus
655 2175 806 2213 meus
871 2158 922 2209 in
951 2157 1062 2210 Deo
1087 2156 1364 2210 Salvatore
1397 2173 1536 2211 meo.
1572 2157 1707 2223 Quia
1749 2158 1988 2226 respexit

2094 2152 2240 2204 λίασε
2269 2151 2330 2203 τὸ
2363 2150 2578 2218 πνεῦμά
2625 2166 2724 2220 μου
2755 2151 2847 2201 ἐπὶ
2892 2149 2970 2218 τῷ
3003 2149 3121 2218 Θεῷ
3151 2150 3264 2220 τῷ¹
3294 2152 3508 2222 Σωτῆρί
3542 2171 3672 2224 μου,

411 2247 769 2302 humilitatem
807 2245 1017 2298 ancillae
1045 2261 1177 2307 suae,
1207 2261 1333 2300 ecce
1361 2245 1506 2299 enim
1542 2263 1608 2300 ex
1640 2247 1742 2300 hoc
1773 2247 1987 2301 beatam

2094 2246 2170 2297 ὅτι
2207 2243 2544 2311 ἐπέϐλεψεν³
2575 2243 2666 2294 ἐπὶ
2697 2244 2793 2310 τὴν
2822 2241 3147 2294 ταπείνωσιν
3196 2243 3294 2312 τῆς
3337 2244 3532 2313 δούλης
3573 2249 3644 2299 αὖ
3664 2277 3677 2286 -

409 2359 493 2395 me
515 2339 698 2394 dicent
719 2351 911 2390 omnes
943 2336 1345 2406 generationes.
1385 2334 1521 2400 Quia
1548 2335 1678 2390 fecit
1707 2337 1839 2390 mihi
1869 2353 1987 2391 ma-

2094 2337 2208 2391 τοῦ.
2235 2335 2366 2390 Ἰδοὺ
2397 2337 2505 2404 γάρ
2536 2335 2643 2388 ἀπὸ
2672 2332 2764 2386 τοῦ
2796 2332 2890 2385 νῦν
2927 2333 3258 2402 μακαριοῦσί
3296 2351 3364 2404 με
3411 2339 3582 2391 πᾶσαι
3613 2340 3677 2392 al

411 2434 581 2505 gnalia
615 2433 704 2501 qui
751 2441 944 2501 potens
979 2440 1063 2483 est
1087 2471 1101 2494 ,
1143 2439 1197 2483 et
1226 2439 1474 2482 sanctum
1513 2445 1713 2482 nomen
1746 2431 1884 2500 ejus.
1925 2431 1991 2484 Et

2094 2427 2292 2496 γενεαὶ,
2324 2427 2406 2479 ὅτι
2459 2425 2684 2494 ἐποίησέ
2738 2440 2828 2494 μοι
2882 2423 3145 2491 μεγαλεῖα
3195 2427 3222 2477 ὁ
3267 2425 3512 2490 δυνατὸς,
3566 2431 3667 2482 καὶ

410 2523 785 2579 misericordia
815 2523 932 2592 ejus
973 2521 1026 2574 in
1068 2520 1445 2590 generationes
1474 2520 1885 2590 generationum
1919 2522 1990 2575 ti-

2094 2521 2244 2587 ἅγιον
2268 2519 2332 2571 τὸ
2359 2518 2531 2586 δνομα
2561 2515 2748 2579 αὐτοῦ,
2781 2515 2875 2568 καὶ
2900 2515 2960 2566 τὸ
2991 2514 3139 2579 ἔλεος
3171 2515 3334 2570 αὐτοῦ
3370 2519 3450 2582 εἰς
3477 2537 3595 2587 γενε
3609 2523 3679 2585 Ξις

409 2615 683 2668 mentibus
706 2627 852 2667 eum.
897 2611 1046 2664 Fecit
1077 2609 1377 2679 potentiam
1407 2609 1460 2662 in
1487 2609 1711 2663 brachio
1751 2626 1872 2673 suo,
1903 2611 1989 2664 di-

409 2705 608 2775 spersit
624 2703 888 2772 superbos
908 2709 1088 2753 mente
1111 2697 1291 2751 cordis
1313 2697 1416 2750 sui.
1455 2699 1714 2764 Deposuit
1737 2708 1989 2766 potentes

409 2798 477 2850 de
499 2795 732 2854 thronis,
761 2801 816 2846 et
839 2790 1097 2845 exaltavit
1121 2788 1374 2842 humiles.
1409 2787 1728 2841 Esurientes
1749 2787 1990 2858 implevit

411 2886 604 2950 bonis,
659 2895 714 2938 et
764 2882 957 2938 divites
999 2880 1206 2935 dimisit
1257 2882 1470 2934 inanes.
1531 2880 1988 2954 Suscepitlsrael

413 2992 639 3048 puerum
675 2990 832 3030 suum
866 2974 1184 3028 recordatus
1219 2973 1606 3029 misericordiae
1649 2990 1780 3030 suae.
1837 2975 1990 3031 Sicut

414 3072 627 3124 locutus
667 3075 752 3122 est
794 3068 862 3122 ad
910 3076 1094 3137 patres
1133 3075 1354 3132 notros,
1393 3065 1662 3121 Abraham
1695 3078 1749 3123 et
1792 3068 1987 3123 semini

410 3163 531 3234 ejus
570 3162 626 3216 in
662 3161 942 3216 saeculum.
974 3179 992 3212 ι

479 3341 676 3396 Mansit
705 3349 886 3420 autem
916 3340 1080 3396 Maria
1109 3359 1232 3398 cum
1265 3343 1355 3398 illa
1379 3343 1534 3414 quasi
1577 3342 1857 3397 mensibus
1886 3342 1986 3396 tri.

2089 2609 2291 2678 γενὲὦν
2335 2611 2447 2670 τοῖς
2497 2605 2852 2677 φοϐουμένοις
2883 2605 3343 2673 αύτύν.Ἐποίησε
3385 2610 3584 2680 κράτος
3614 2614 3678 2664 ὲν

2091 2697 2334 2768 βραχίονι
2383 2694 2569 2757 αὐτοῦ,
2596 2693 2973 2763 διεσκόρπισεν
3024 2694 3406 2764 ὑπερηφάνους
3459 2697 3677 2769 διανοίᾳ

2088 2789 2313 2858 καρδίας
2357 2787 2556 2849 αὐτῶν,
2590 2784 2805 2838 καθεῖλε
2857 2785 3122 2848 δυνάστας
3162 2786 3270 2838 ἀπὸ
3319 2785 3524 2858 θρόνων
3576 2790 3679 2842 καὶ

2087 2877 2306 2948 ὕψωσεν
2355 2875 2667 2938 ταπεινούς.
2717 2875 3020 2938 Πεινῶντας
3078 2876 3374 2947 ἐνέπλησεν
3421 2879 3676 2947 ἀγαθῶν,

2089 2968 2184 3021 καὶ
2231 2965 2594 3028 πλουτοῦντας
2640 2965 3020 3029 ἐξαπέστειλεν
3071 2969 3281 3031 κενούς.
3317 2969 3679 3025 Ἀντελάὸετο

2102 3057 2314 3128 Ἰσραὴλ
2339 3056 2525 3120 παιδὸς
2554 3056 2720 3110 αὑτοῦ
2753 3056 3059 3126 μνησθῆναι
3087 3057 3288 3122 ἐλέους,
3325 3060 3510 3124 καθὼς
3547 3063 3676 3114 ἑλά-

2087 3149 2217 3217 λησε
2249 3151 2385 3218 πρὸς
2413 3148 2539 3210 τοὺς
2583 3146 2828 3217 πατέρας
2860 3147 3038 3216 ἡμῶν,
3069 3148 3146 3219 τῷ
3179 3149 3429 3222 Ἀϐραὰμ
3465 3156 3559 3206 καὶ
3589 3157 3676 3226 τῷ

2091 3238 2363 3307 σπέρματι
2394 3236 2561 3290 αὑτοῦ
2591 3239 2672 3299 είς
2700 3237 2790 3289 τὸν
2821 3236 3010 3290 αίῶνα.
3047 3257 3064 3287 ι

2163 3331 2384 3400 Ἔμεινε
2432 3329 2490 3381 δὲ
2536 3329 2772 3398 Μαριὰμ
2804 3329 2900 3382 σὺν
2932 3330 3066 3400 αὐτῇ
3099 3329 3230 3382 ὡσεὶ
3276 3331 3449 3401 μῆνας
3494 3338 3673 3404 τρεῖς.

410 3432 533 3496 hus,
553 3440 608 3486 et
638 3411 956 3487 reversa'est
979 3433 1032 3486 in
1062 3433 1283 3488 domum
1305 3433 1772 3490 suam.Elisabeth
1803 3441 1984 3487 autem

2094 3421 2185 3475 ml.
2214 3419 2550 3490 ὑπέστρεψεν
2580 3419 2660 3482 είς
2676 3417 2697 3449 ⁸
2724 3418 2815 3471 τὸν
2835 3414 2980 3472 οἷκον
3002 3421 3191 3491 αὐτῆς.
3206 3422 3284 3492 Τῇ
3307 3423 3363 3476 δέ
3386 3423 3676 3478 Ἐλισάϐετ

412 3522 694 3591 impletum
727 3531 809 3576 est
852 3529 1069 3590 tempus
1103 3524 1374 3592 pariendi,
1403 3533 1457 3578 et
1485 3525 1695 3594 peperit
1720 3523 1911 3586 (illum,
1936 3531 1990 3577 et

413 3611 742 3664 audiverunt
771 3609 933 3662 vicini
985 3621 1041 3664 et
1083 3613 1296 3680 cognati
1346 3613 1502 3682 ejus,
1553 3613 1699 3681 quod
1732 3613 1990 3668 Dominus

414 3699 810 3768 inaginilicasset
839 3713 965 3752 cum
992 3713 1056 3752 ea
1088 3700 1516 3756 misericordiam
1550 3718 1727 3768 suam,
1765 3713 1820 3758 et
1853 3719 1988 3759 con-

415 3788 826 3860 gratulabantur
845 3789 918 3842 ei.
944 3790 1008 3842 Et
1033 3789 1232 3844 l‘actmn
1258 3800 1361 3855 est,
1391 3800 1583 3848 octavo
1609 3793 1698 3848 die
1723 3805 1991 3849 venerunt

413 3880 809 3936 circumcidere
840 3896 1086 3950 puerum,
1121 3891 1175 3936 et
1205 3883 1474 3937 vocabant
1503 3896 1630 3938 eum
1656 3885 1877 3940 nomine
1896 3902 1993 3956 pa-

415 3971 512 4025 tris
533 3970 638 4037 sui,
659 3969 997 4024 Zachariam.
1031 3971 1100 4025 Et
1119 3971 1454 4041 respondens
1477 3982 1650 4028 mater
1671 3974 1792 4044 ejus
1817 3975 1988 4030 dixit:

417 4079 437 4111 ς
459 4060 810 4129 Nequaquam
835 4078 847 4112 :
873 4059 968 4114 sed
997 4058 1238 4113 Joannes
1265 4059 1569 4114 vocabitur.
1590 4080 1608 4112 ι
1652 4059 1718 4115 Et
1739 4062 1993 4117 dixerunt

413 4153 480 4209 ad
505 4169 622 4207 eam
650 4171 662 4206 :
712 4172 730 4205 ι
758 4151 894 4217 Quia
925 4167 1090 4206 nemo
1137 4161 1221 4208 est
1264 4152 1318 4206 in
1366 4154 1692 4224 cegnatione
1730 4164 1822 4208 tua
1850 4195 1864 4220 ,
1897 4154 1990 4224 qui

412 4251 638 4298 vocetur
665 4242 769 4297 hoc
799 4242 1039 4296 nomine.
1077 4261 1096 4294 ›
1131 4243 1440 4297 lnnuebant
1464 4253 1646 4298 autem
1671 4245 1812 4314 patri
1849 4247 1988 4314 ejus,

413 4334 546 4404 quid
573 4333 732 4387 vellet
755 4333 934 4387 vocari
963 4348 1110 4387 eum.
1155 4334 1222 4387 Et
1245 4333 1528 4402 postulans
1550 4335 1841 4406 pugillares
1865 4335 1994 4390 scri-

413 4422 524 4494 psit
545 4423 770 4478 dicens:
806 4421 1089 4478 «Joannes
1123 4432 1208 4477 est
1248 4439 1447 4478 nomen
1475 4424 1616 4493 ejus.
1644 4443 1664 4476 ι
1716 4425 1786 4480 Et
1813 4424 1992 4480 mirati

413 4519 540 4567 sunt
565 4527 781 4568 omnes.
822 4513 1086 4582 Apertum
1115 4520 1200 4567 est
1236 4520 1417 4567 autem
1458 4513 1604 4569 illico
1639 4529 1701 4569 os
1746 4516 1867 4584 ejus
1890 4556 1904 4581 ,
1938 4525 1994 4571 et

414 4605 587 4659 soluta
617 4613 699 4659 est
740 4605 922 4672 lingua
965 4605 1125 4674 ejus,
1179 4614 1234 4659 et
1291 4604 1613 4673 loquebatur
1664 4607 1995 4664 benedicens

418 4696 606 4752 Deum.
635 4695 699 4749 Et
729 4695 904 4750 factus
922 4706 1006 4750 est
1029 4712 1194 4766 super
1221 4712 1414 4752 omnes
1442 4697 1603 4751 timor
1624 4697 1992 4754 circumhabi-

419 4796 614 4852 tantes,
645 4796 702 4840 et
741 4786 796 4840 in
839 4795 950 4841 tota
985 4787 1206 4858 regione
1225 4797 1484 4842 montana
1507 4787 1706 4842 Judaza‘.
1734 4788 1991 4844 diceban-

417 4887 505 4930 tur
531 4878 711 4932 omnia
745 4879 910 4933 verha
944 4878 1078 4932 haec.
1119 4877 1184 4932 Et
1211 4885 1514 4948 posuerunt
1545 4893 1738 4932 omnes
1775 4879 1996 4933 audien-

420 4979 500 5022 tes
527 4969 580 5022 in
615 4969 780 5024 corde
817 4985 919 5023 suo
960 4969 1238 5024 dicentes;
1278 4987 1296 5020 ι
1321 4968 1455 5035 Quis
1500 4977 1660 5039 putas
1707 4984 1845 5039 puer
1891 4969 1993 5024 iste

420 5058 560 5112 erit?
588 5068 642 5112 et
672 5075 864 5114 manus
895 5059 1110 5114 Domini
1141 5069 1258 5114 erat
1309 5075 1432 5114 cum
1481 5074 1564 5114 eo.
1598 5077 1616 5111 ι
1668 5058 1738 5113 Et
1783 5058 1992 5113 Zacha—

420 5149 529 5202 rias
549 5159 703 5218 pater
718 5151 836 5218 ejus
851 5151 1091 5221 repletus
1106 5149 1312 5221 Spiritu
1330 5159 1520 5205 sancto
1541 5151 1904 5221 prophetavit,
1925 5152 1998 5206 di-

2092 3510 2335 3582 ἐπλήσθη
2361 3511 2390 3562 ὁ
2422 3509 2614 3580 χρόνος
2659 3508 2752 3562 τοῦ
2803 3512 2983 3562 τεκεῖν
3022 3512 3214 3580 αὐτὴν,
3253 3514 3346 3565 καὶ
3377 3514 3677 3585 ἐγέννησεν

2091 3603 2231 3655 υἱόν·
2265 3603 2360 3655 καὶ
2389 3602 2630 3672 ἥκουσαν
2668 3600 2718 3652 oi.
2745 3599 3014 3671 περίοικοι
3052 3603 3146 3655 καὶ
3177 3606 3226 3657 οἱ
3257 3609 3536 3673 συγγενεῖς
3566 3610 3676 3659 αὖ-

2089 3694 2189 3762 τῆς
2217 3695 2300 3747 ὅτι
2325 3693 2623 3763 ἐμεγάλυνε
2650 3691 2854 3763 Κύριος
2885 3693 2945 3746 τδ
2975 3693 3124 3758 ἔλεος
3149 3696 3313 3748 αὑτοῦ
3341 3699 3457 3766 μετ’
3475 3698 3673 3768 αὐτῆς,

2093 3787 2186 3841 καὶ
2217 3785 2536 3855 συνέχαιρον
2563 3783 2724 3854 αὐτῇ.
2757 3785 2866 3837 Καὶ
2895 3785 3133 3852 ἐγένετο,
3179 3789 3244 3856 τῇ
3293 3786 3477 3859 ἡμέρᾳ
3517 3793 3584 3859 τῇ
3620 3799 3676 3862 η’

2091 3873 2256 3948 ἦλθον
2293 3876 2610 3945 περιτεμεῖν
2648 3874 2711 3926 τὸ
2757 3875 2992 3939 παιδίον,
3028 3876 3123 3928 καὶ
3152 3876 3380 3930 ἐκάλουν
3410 3879 3542 3932 αὐτὸ
3575 3883 3680 3935 ἐπὶ

2089 3968 2168 4039 τῷ
2213 3966 2438 4036 ὀνόματι
2485 3964 2582 4018 τοῦ
2627 3967 2833 4036 πατρὸς
2863 3965 3029 4020 αὐτοῦ
3058 3968 3356 4038 Ζαχαρίαν.
3393 3970 3504 4022 Καὶ
3533 3972 3682 4024 ἀπο-

2090 4058 2341 4132 κριθεῖσα
2371 4059 2405 4128 ἠ
2455 4058 2639 4129 μήτηρ
2677 4056 2868 4123 αὑτοῦ,
2906 4052 3088 4111 εἶπεν
3125 4077 3145 4110 ι
3175 4061 3332 4130 Οὐχὶ,
3363 4060 3498 4113 ἀλλά
3539 4061 3684 4133 κλη-

2091 4150 2316 4222 θήσεται
2346 4149 2618 4218 Ἰωάννης.
2647 4167 2664 4202 ι
2697 4150 2807 4202 Kal.
2835 4145 2995 4203 εἶπαν
3025 4149 3161 4220 πρὸς
3185 4152 3375 4222 αὐτὴν,
3403 4153 3484 4206 δτι
3519 4169 3540 4205 ι
3568 4155 3683 4208 Οὑ-

2089 4242 2202 4305 δείς
2235 4242 2384 4294 ἐστιν
2433 4241 2498 4294 ἐκ
2545 4241 2647 4312 τῆς
2695 4241 3014 4308 συγγενείας
3063 4259 3157 4294 σου
3203 4242 3261 4306 ὃς
3308 4244 3556 4298 καλεῖται
3593 4247 3682 4317 τῷ

2089 4327 2315 4397 ὀνόματι
2351 4326 2546 4397 τούτῳ.
2578 4344 2598 4378 ι
2634 4326 2911 4382 Ἐνένευον
2952 4329 3010 4382 δὲ
3058 4328 3137 4400 τῷ
3175 4331 3347 4401 πατρὶ
3372 4332 3540 4385 αὐτοῦ
3571 4334 3680 4387 τδ³

2089 4419 2142 4474 τί
2175 4419 2242 4472 ἂν
2271 4418 2416 4472 θέλοι
2448 4417 2728 4473 καλεῖσθαι
2758 4419 2942 4474 αὐτόν.
2970 4421 3083 4474 Kal.
3107 4422 3340 4492 αίτήσας
3369 4424 3683 4479 πινακίδιον

2090 4511 2329 4583 ἔγραψεν
2370 4510 2545 4580 λέγων
2569 4526 2584 4541 ⁸
2619 4530 2638 4564 ι
2668 4512 2925 4581 Ἰωάννης
2953 4512 3071 4565 ἐστὶ
3115 4512 3176 4565 τὸ
3216 4514 3388 4584 ὄνομα
3423 4515 3614 4568 αὐτοῦ.
3656 4537 3677 4570 ο

2092 4603 2202 4658 Ka't
2229 4602 2550 4673 ἐθαύμασαν
2581 4603 2802 4666 πάντες.
2829 4602 3101 4673 Ἀνεῴχθη
3125 4604 3182 4656 δέ
3211 4604 3272 4657 τὸ
3300 4605 3475 4675 στόμα
3504 4607 3684 4662 αὐτοῦ

2097 4696 2459 4766 παραχρῆμα,
2487 4694 2582 4749 καὶ
2623 4693 2787 4764 ἐλύθη
2820 4695 2853 4765 ἡ
2884 4694 3107 4762 γλῶσσα
3139 4694 3327 4763 αὐτοῦ,
3360 4697 3455 4750 καὶ⁵
3493 4696 3686 4753 ἐλάλει

2096 4786 2336 4854 εὐλογῶν
2385 4786 2480 4839 τὸν
2531 4786 2686 4840 Θεόν.
2713 4786 2825 4838 Καὶ
2857 4785 3075 4854 ἐγένετο
3121 4786 3215 4839 ἐπὶ
3263 4788 3472 4850 πάντας
3511 4791 3687 4859 φόϐος

2097 4877 2224 4940 τοὺς
2274 4875 2689 4948 περιοικοῦντας
2735 4877 2954 4942 αὐτοὺς,
2994 4878 3090 4930 καὶ
3134 4877 3192 4930 ἐν
3237 4877 3335 4950 ὅλῃ
3380 4881 3446 4949 τῇ
3489 4879 3686 4955 ὀρεινῇ

2096 4969 2196 5040 τῆς
2219 4967 2483 5032 Ἰουδαίας
2515 4967 2754 5020 ὲλαλεῖτο
2785 4967 2962 5020 πάντα
2993 4967 3062 5022 τά
3091 4968 3314 5038 ῥήματα
3339 4968 3532 5023 ταῦτα.
3567 4972 3691 5026 Καὶ

2099 5060 2282 5114 ἔθεντο
2333 5060 2536 5123 πάντες
2585 5059 2636 5112 oi
2689 5057 3022 5120 ἀκούσαντες
3073 5061 3131 5112 ἐν
3179 5062 3244 5130 τῇ
3275 5059 3470 5131 καρδίᾳ
3499 5063 3692 5118 αὐτῶν

2100 5150 2350 5218 λέγοντες
2371 5167 2384 5182 ο
2421 5169 2439 5202 ι
2467 5150 2534 5203 Τί
2562 5148 2670 5221 ἄρα
2694 5151 2756 5204 τὸ
2783 5149 2991 5204 παιδίον
3019 5150 3180 5204 τοῦτο
3206 5151 3396 5218 lceat;
3430 5153 3527 5206 καὶ
3559 5157 3695 5228 χεὶρ

423 5251 552 5290 cens
571 5255 582 5290 :
611 5236 961 5293 «Benedictus
978 5238 1240 5294 Dominus
1259 5240 1401 5295 Deus
1418 5239 1599 5305 Israel,
1618 5240 1746 5309 quia
1764 5239 1991 5295 visitavit

2103 5242 2309 5312 Κυρίου
2346 5237 2416 5312 ἦν
2445 5241 2564 5312 μετ’
2597 5240 2781 5295 αὐτοῦ.
2808 5261 2825 5292 ι
2861 5242 2972 5294 Καὶ
3005 5242 3281 5312 Ζαχαρίας
3307 5245 3336 5296 ὁ
3367 5245 3552 5315 πατὴρ
3587 5248 3694 5300 αὖ·

425 5336 478 5382 rt
503 5326 630 5383 fecit
657 5329 1085 5399 redemptionem
1113 5330 1256 5401 plebi
1290 5346 1424 5386 sine.
1456 5331 1523 5383 Et
1543 5331 1799 5386 excitavit
1827 5346 1996 5387 cornu

2103 5333 2198 5386 τοῦ
2245 5332 2494 5406 ἐπλήσθη
2539 5332 2855 5402 Πνεύματος
2915 5332 3098 5400 ἁγίου,
3129 5333 3224 5386 καὶ
3278 5336 3696 5404 προεφήτευσεν

1713 5547 1948 5604 VARUS
1980 5547 2386 5606 LECTIONES.

493 5721 538 5755 ³⁷
555 5717 852 5790 ἀναστᾶσα.
882 5713 1073 5790 Luc._t,
1099 5713 1186 5790 '59:
1255 5713 1307 5790 ξ’
1336 5712 1426 5766 τὸν
1463 5730 1578 5790 om.
1612 5718 1671 5772 P.
1749 5720 1793 5756 ν’
1827 5736 1928 5790 μου
1960 5735 2065 5774 om.
2094 5719 2155 5777 Ρ.
2234 5720 2249 5750 ³
2285 5717 2602 5789 λελαμένοις
2633 5717 2698 5774 γ.
2775 5720 2796 5750 ³
2827 5716 2905 5789 τῷ
2943 5716 3171 5774 alterunt
3195 5731 3304 5770 om.
3342 5714 3404 5769 Ρ.

424 5787 525 5862 ψεν
555 5789 617 5841 Ρ.
692 5791 714 5819 ⁸
745 5786 835 5841 τὸν
866 5800 975 5852 om.
1009 5783 1068 5838 P.
1167 5786 1187 5816 ⁸
1221 5783 1282 5836 τὸ
1308 5799 1416 5840 om.
1463 5784 1551 5868 Ρ.¹

3485 5714 3506 5747 ³
3540 5713 3679 5772 ἔδει
