3870 6336
359 354 463 422 ιιι

1548 340 1985 405 CHRONICON
2033 341 2438 404 PASCHALE.

3525 335 3634 408 496

360 469 501 525 rium
531 435 746 536 t.empus
783 455 1157 532 conceptionis
1190 452 1462 512 Elisabetb
1493 455 1550 510 in
1595 472 1716 510 xxiv
1746 454 1949 509 mensis

2068 458 2225 518 1ιαίος
2245 457 2286 486 ⁸⁸
2317 453 2542 524 ήλιακὺς
2570 455 2761 523 χρόνος
2798 453 2897 524 τῆς
2943 453 3256 523 συλλήψεως
3292 453 3389 524 τῆς
3418 455 3637 512 Ἐλισα-

359 561 508 617 Junii
538 555 820 628 compleri.

434 744 660 806 Deinde.
695 742 739 796 si
768 754 932 796 nosse
959 738 1121 794 etiam
1149 736 1379 792 velimus
1415 733 1604 789 feriam
1631 747 1737 803 qua
1769 731 1824 786 in
1859 731 1946 785 lu—

364 851 484 893 cem
515 844 598 890 est
635 833 816 888 editus
836 873 851 894 ,
889 829 1144 900 ponimus
1171 844 1226 881 v.
1253 842 1400 881 unvu
1434 840 1545 878 uno
1571 824 1828 893 dempto:
1861 821 1950 876 his

365 928 616 984 addimus
642 933 887 995 quartam
917 930 1144 992 partem,
1171 919 1273 973 hoc
1297 927 1380 973 est
1405 932 1718 980 uccccxxvr,
1737 923 1792 969 et
1808 913 1940 968 exsi-

367 1027 520 1072 stunt
547 1034 619 1072 Vl.
653 1028 989 1070 nocccxxxu.
1025 1009 1140 1064 Hoc
1176 1008 1398 1078 quidem
1421 1007 1604 1062 divide
1630 1007 1684 1060 in
1717 1021 1823 1068 vn,
1853 1018 1948 1067 vn,

369 1127 499 1166 vero
530 1111 585 1164 in
637 1123 828 1171 acccc,
884 1115 940 1160 ct
983 1103 1278 1175 prodibunt
1307 1119 1382 1156 v1.
1417 1116 1584 1166 ICCC;
1630 1099 1737 1153 duo
1779 1114 1853 1152 vn
1897 1097 1953 1150 in

371 1219 529 1268 Lxxx,
558 1207 853 1256 nascentur
879 1213 1014 1262 an;
1048 1195 1152 1250 duc
1183 1211 1256 1248 vn
1291 1194 1345 1248 in
1375 1209 1458 1254 ιιι.
1498 1191 1794 1262 prodibunt
1825 1204 1952 1254 xxt;

373 1294 701 1364 relinquitur
724 1308 772 1354 ι,
816 1289 942 1344 huic
985 1287 1237 1342 addimus
1264 1301 1370 1341 xxx
1400 1284 1517 1339 dies
1543 1281 1744 1353 Aprilis
1769 1322 1782 1344 ,
1829 1296 1954 1334 xxxi

1971 563 1976 572 '
2047 547 2141 600 δετ
2176 564 2239 600 συ
2250 546 2590 618 μπληροῦται
2620 549 2699 608 εἰς
2730 545 2827 616 τὴν
2855 545 3043 600 εἰκάδα
3080 547 3351 615 τετάρτην
3378 547 3471 600 τοῦ
3501 547 3636 603 Ἰου-

2047 638 2162 691 νίου
2202 639 2390 708 μηνός.

2119 727 2255 784 Εἶτα
2285 731 2488 798 γνῶναι
2516 731 2626 798 (4'2)
2665 728 2980 798 βουλόμενοι
3008 729 3101 781 καὶ
3128 729 3229 799 τὴν
3261 729 3474 798 ἡμέραν
3501 728 3605 784 καθ
3623 731 3638 751 ’

1993 826 1998 830 ’
2047 821 2115 892 ἢν
2137 821 2351 893 ἐτέχθη.
2379 821 2601 891 τίθεμεν
2629 821 2695 873 τὰ
2717 820 2848 890 ,ἐπ’
2877 821 3027 890 παρὰ
3055 820 3114 872 τὸ
3139 820 3219 883 ἓν,
3244 821 3338 872 καὶ
3371 821 3640 874 συνάπτο-

2053 930 2154 983 μεν
2186 913 2370 974 αὐτοῖς
2421 913 2480 964 τὸ
2510 912 2791 982 τέταρτον,
2831 913 3112 964 τουτέστιν
3143 913 3279 966 ἄλλα
3311 921 3482 983 δαιτός’
3503 931 3515 943 ·
3551 915 3638 980 γί-

2051 1021 2229 1057 νονται
2275 1003 2489 1072 ,ςωπβ’.
2526 1004 2766 1074 Μέρισον
2809 1004 2888 1066 εἰς
2921 1003 2966 1066 ζ’
2991 1019 3008 1034 ο
3036 1002 3079 1066 ζ’
3121 1004 3281 1074 202
3308 1006 3390 1070 ιδ’,
3417 1012 3550 1074 ,ςτκ
3594 1007 3638 1068 ζ’

2053 1103 2128 1160 π’,
2164 1095 2245 1165 φξ¹
2268 1113 2280 1124 ·
2317 1097 2360 1160 ς’
2390 1102 2437 1163 γ’
2463 1136 2475 1151 .
2516 1101 2601 1148 καθ
2624 1110 2636 1123 ·
2672 1095 2862 1148 λοιπὸν
2911 1102 2959 1147 α’
2983 1112 2996 1128 ·
3042 1096 3213 1168 ταύτῃ
3272 1097 3639 1168 προστίθεμεν

2065 1185 2341 1256 ’Δπριλίου
2372 1185 2436 1247 λ’,
2473 1186 2652 1238 Μαΐου
2687 1183 2790 1249 λα’,
2819 1183 3041 1237 Ἰουνίου
3081 1186 3179 1250 κδ’,
3212 1185 3454 1253 γίνονται
3487 1191 3586 1249 πς’
3613 1201 3629 1216 ·

2055 1275 2214 1330 λῦσον
2240 1277 2320 1339 είς
2356 1276 2422 1339 ζ’,
2457 1276 2500 1340 ζ’
2530 1283 2558 1328 ι’
2595 1283 2656 1340 ο’,
2687 1274 2714 1339 ζ
2745 1275 2786 1345 β’
2821 1275 2901 1339 ιδ’,
2923 1276 3109 1328 λοιπὸν
3146 1276 3211 1346 β’.

375 1385 521 1446 Maii,
551 1399 676 1438 xxrv
704 1381 880 1446 Junii,
929 1379 1066 1434 ﬁunt
1097 1393 1296 1433 Lxxxw
1322 1393 1336 1438 ;
1365 1391 1488 1446 quae
1521 1374 1701 1429 divide
1729 1388 1824 1443 per
1851 1387 1948 1438 vn,

2068 1369 2180 1424 rties
2208 1385 2262 1434 x,
2301 1367 2699 1433 eﬂiciunttxx;
2759 1369 2938 1424 divide
2969 1385 3044 1423 vn
3076 1386 3172 1439 per
3210 1387 3270 1432 ιι.
3327 1369 3465 1424 ﬁunt
3525 1385 3641 1425 xlv.

377 1479 582 1548 reliqua
617 1485 744 1530 sunt
774 1492 832 1530 ιι.

442 1569 524 1625 Ex
550 1569 635 1625 bis
655 1567 918 1624 discimus
949 1565 1084 1620 feria
1110 1580 1148 1618 ιι
1175 1561 1532 1618 hebdomadis
1564 1561 1667 1616 boc
1696 1555 1950 1628 praesenti

375 1677 518 1716 anno
549 1669 735 1715 natum
767 1660 1186 1719 Praeeursorem,
1209 1668 1318 1724 quo
1343 1652 1430 1708 dic
1452 1652 1658 1708 creavit
1689 1650 1832 1705 Deus
1864 1647 1953 1701 lir-

378 1762 713 1811 mameutum
743 1752 798 1807 in
835 1750 1016 1806 medio
1039 1761 1323 1818 aquarum.

447 1932 542 1986 llis
574 1931 767 1987 diebus
817 1928 953 1983 exiit
996 1924 1234 1980 edictum
1282 1937 1312 1976 a
1356 1919 1572 1975 Caesare
1613 1922 1860 1990 Augusto
1900 1925 1958 1972 ut

374 2024 778 2078 describeretur
801 2019 1091 2074 universus
1110 2013 1279 2069 orbis.
1314 2010 1438 2066 llaec
1460 2011 1754 2080 descriptio
1784 2010 1955 2080 prima

377 2120 516 2172 facta
547 2124 629 2169 est
663 2111 879 2184 Cyrinio
911 2109 1080 2180 Syria)
1115 2105 1364 2176 praeside.
1401 2103 1467 2158 Et
1493 2104 1644 2158 ibant
1679 2116 1870 2157 omnes
1898 2113 1958 2158 ut

375 2208 838 2268 describerentur,
868 2199 1063 2270 singuli
1095 2199 1148 2252 in
1180 2211 1332 2251 suam
1365 2195 1658 2250 civitatem.
1697 2193 1959 2249 Ascendit

376 2309 559 2354 autem
595 2306 652 2350 et
677 2293 878 2363 Josepb
909 2307 938 2345 a
967 2289 1184 2345 Galilaza
1215 2287 1433 2341 civitate
1461 2284 1730 2338 Nazaretb
1766 2283 1819 2336 in
1858 2283 1957 2337 Ju—

377 2391 550 2444 daeam
577 2385 854 2441 civitatem
878 2380 1050 2435 'David
1078 2419 1093 2442 ,
1125 2394 1246 2447 quae
1287 2385 1513 2430 vocatur
1545 2374 1820 2428 Bethleem
1849 2413 1862 2433 ,
1892 2389 1958 2428 eo

377 2479 522 2549 quod
549 2486 695 2533 esset
729 2477 797 2530 de
827 2474 992 2529 domo
1029 2482 1086 2527 et
1114 2470 1313 2525 familia
1348 2466 1514 2522 David
1536 2508 1550 2531 ,
1592 2476 1652 2520 ut
1679 2465 1959 2520 describe-

380 2581 530 2626 retur
566 2585 690 2625 cum
723 2567 888 2621 Maria
918 2566 1243 2634 desponsata
1291 2560 1392 2615 sibi
1429 2575 1595 2612 uxore
1620 2568 1955 2628 pra‘gnante.

377 2663 600 2718 Factum
627 2670 712 2714 est
738 2669 919 2712 autem
952 2673 1075 2710 eum
1112 2663 1301 2710 essent
1332 2652 1428 2716 ibi,
1460 2649 1665 2720 impleti
1693 2658 1820 2702 sunt
1841 2648 1960 2703 dies

379 2762 440 2807 ut
469 2759 708 2823 pareret.
746 2751 810 2804 Et
839 2749 1050 2818 peperit
1099 2746 1267 2799 (ilium
1311 2759 1468 2799 suum
1513 2741 1958 2812 primogenitum,

377 2855 432 2900 et
469 2842 667 2914 pannis
697 2857 824 2896 eum
859 2838 1116 2902 involvit,
1161 2845 1217 2891 et
1247 2834 1530 2890 reclinavit
1566 2848 1692 2887 eum
1734 2832 1786 2885 in
1821 2847 1960 2901 prae-

378 2937 530 3008 sepio
552 2975 566 2999 ,
597 2935 722 3005 quia
761 2948 872 2988 non
912 2939 1028 2987 erat
1049 2925 1129 2980 eis
1145 2929 1295 2982 locus
1325 2928 1377 2980 in
1409 2924 1731 2980 diversorio.
1773 2922 1838 2978 Et
1868 2939 1960 2992 pa-

377 3039 555 3082 stores
597 3035 753 3080 erant
801 3024 856 3078 in
891 3022 1114 3094 regione
1143 3019 1334 3075 eadem
1369 3017 1650 3088 vigilantes
1694 3024 1750 3070 et
1779 3023 1959 3070 custo-

2135 1552 2419 1621 Ἔγνωμεν
2468 1545 2625 1604 οὖν¹⁷
2675 1550 2751 1614 ὼς
2806 1552 2862 1603 ἐν
2911 1551 3140 1623 δευτέρᾳ
3200 1551 3297 1620 τῆς
3346 1552 3646 1622 ἑϐδομάδος

2059 1645 2243 1716 ἡμέρᾳ
2273 1643 2414 1697 κατὰ
2437 1643 2498 1696 τὸ
2523 1643 2696 1714 παρὸν
2721 1643 2839 1703 ἔτος
2869 1646 2897 1697 ὁ
2927 1643 3232 1715 πρόδρομος
3257 1645 3480 1716 ἐτέχθη,
3503 1647 3608 1700 καθ
3628 1649 3643 1668 ‘

1988 1771 2029 1825 Β
2060 1739 2126 1808 ἦν
2163 1737 2378 1807 ἡμέραν
2407 1735 2842 1806 ἐδημιούργησεν
2867 1737 2895 1789 ὁ
2921 1735 3051 1799 Θεὸς
3086 1735 3147 1788 τὸ
3176 1736 3462 1808 στεῴωμα
3492 1738 3554 1791 τὸ
3583 1740 3646 1790 ἐν

2060 1829 2212 1900 μέσῳ
2250 1828 2359 1880 τῶν
2389 1827 2616 1882 ὑδάτων.

2132 1918 2222 1972 Ἐν
2251 1919 2477 1982 ταύταις
2501 1919 2546 1951 ’⁸
2567 1919 2622 1972 δέ
2645 1920 2765 1983 ταῖς
2790 1918 3027 1989 ἡμέραις
3047 1917 3272 1987 ἐξῆλθεν
3291 1919 3469 1992 δόγμα
3492 1921 3645 1992 παρὰ

2037 2010 2340 2078 Καίσαρος
2373 2007 2684 2077 Αὐγούστου
2732 2008 3150 2086 ἁπργράφεσθαι
3191 2012 3372 2062 πᾶσαν
3421 2013 3520 2081 τὴν
3566 2015 3647 2064 οξ-

2059 2097 2356 2167 κουμένην.
2400 2095 2548 2167 Αὕτη
2579 2099 2612 2168 ἡ
2650 2098 2950 2168 ἀπογραφὴ
2971 2096 3163 2169 πρώτη
3193 2099 3412 2167 ἐγένετο
3437 2103 3646 2172 ἠγεμο-

2057 2190 2303 2254 νεύοντος
2348 2191 2446 2260 τῆς
2475 2191 2673 2263 Συρίας
2701 2193 2988 2264 Κυρινίου,
3023 2193 3118 2245 καὶ
3149 2191 3478 2262 ἐπορεύοντο
3511 2194 3647 2248 πάν-

2056 2297 2146 2342 τες
2174 2281 2617 2350 ἀπογράφεσθαι,
2651 2282 2882 2346 ἕκαστος
2914 2285 2994 2346 είς
3024 2284 3124 2354 τὴν
3158 2285 3296 2338 ίδίαν
3325 2285 3504 2341 πόλιν.
3523 2288 3650 2341 ’Δνο

2057 2371 2154 2442 έϐη
2189 2371 2246 2424 δὲ
2270 2371 2366 2424 καὶ
2389 2370 2587 2442 Ἰωσὴφ
2620 2373 2727 2425 ἀπὸ
2755 2374 2853 2443 τῆς
2880 2374 3174 2438 Γαλιλαίας
3209 2377 3272 2428 ἐκ
3301 2377 3508 2441 πόλεως
3541 2379 3649 2431 Να-

2057 2461 2223 2535 ζαρὲθ
2259 2465 2337 2526 είς
2384 2464 2484 2535 τὴν
2524 2465 2782 2520 Ἰουδαίαν
2825 2467 2906 2529 είς
2957 2465 3114 2520 πόλιν
3147 2466 3332 2532 Δαόὶδ,
3369 2469 3491 2539 ἥτις
3546 2487 3651 2522 κα-

2057 2555 2229 2608 λεῖται
2254 2556 2522 2626 Βηθλεέμ,
2564 2556 2651 2609 διὰ
2682 2556 2743 2610 τὸ
2771 2551 2911 2610 εἶναι
2941 2557 3102 2612 αὑτὸν
3141 2557 3201 2622 ἐξ
3238 2559 3386 2612 οἴκου
3413 2560 3510 2612 καὶ
3543 2577 3652 2612 πα·

2056 2651 2216 2719 τριᾶς
2243 2648 2428 2713 Δαϐὶδ,
2454 2648 2878 2720 ἀπογράψασθαι
2917 2652 3016 2703 σὺν
3060 2652 3293 2722 Μαριὰμ
3318 2655 3384 2722 τῇ
3429 2669 3646 2723 μεμνη-

2059 2740 2330 2813 πευμένῃ
2360 2740 2510 2811 αὐτῷ
2553 2741 2794 2810 γυναικὶ,
2825 2740 2962 2816 οὔσῃ
2999 2742 3469 2814 ἐγκύῳ.Ἕγένετο
3496 2744 3554 2798 δέ
3589 2748 3652 2797 ἐν

2057 2830 2134 2899 τῷ
2181 2827 2319 2884 εἶναι
2375 2832 2571 2897 αὐτοὺς
2622 2834 2759 2899 ἐκεῖ,
2797 2834 3148 2906 ἐπλήσθησαν
3191 2838 3245 2889 αἱ
3291 2837 3498 2909 ἡμέραι
3551 2837 3653 2892 τοῦ

2057 2925 2234 2976 τεκεῖν
2267 2923 2457 2995 αὐτὴν,
2494 2925 2589 2978 καὶ
2619 2925 2808 2981 ἔτεκεν
2847 2927 2938 2980 τὸν
2967 2927 3081 2980 υἱὸν
3115 2928 3285 2998 αὐτῆς
3311 2929 3403 2982 τὸν
3429 2931 3654 3001 πρωτό-

2057 3029 2240 3080 τοκον,
2269 3014 2362 3068 καί
2389 3015 2816 3090 ἐσπαργάνωσεν
2847 3019 3030 3084 αὐτὸν,
3063 3020 3159 3073 καὶ
3189 3019 3456 3090 ἀνέθηκεν
3482 3021 3653 3077 αὑτὸν

379 3120 596 3175 dientes
624 3117 835 3188 vigilias
863 3114 1039 3169 noctis
1077 3126 1240 3180 super
1269 3124 1485 3180 gregem
1524 3123 1704 3162 suum.
1737 3107 1801 3160 Et
1831 3121 1955 3160 ecce

2068 3106 2122 3160 ἐν
2151 3108 2217 3178 τῇ
2244 3108 2442 3182 φάτνῃ.
2471 3108 2605 3163 διότι
2636 3110 2736 3163 οὐκ
2765 3105 2832 3181 ἦν
2873 3112 3060 3175 αὐτοῖς
3092 3112 3255 3176 τόπος
3281 3115 3338 3167 ἐν
3365 3113 3444 3184 τῷ
3469 3133 3651 3169 κατα-

379 3209 606 3282 angelus
638 3205 850 3262 Domini
892 3205 1043 3260 stetit
1081 3203 1234 3271 juxta
1277 3201 1416 3261 illos,
1446 3208 1502 3253 et
1544 3198 1712 3270 gloria
1745 3197 1958 3252 Domini

378 3299 738 3357 circumfulsit
777 3298 919 3361 illos,
956 3304 1012 3349 et
1065 3295 1364 3349 timuerunt
1408 3292 1602 3345 timore
1645 3304 1863 3361 magno.
1896 3287 1963 3342 Et

378 3395 516 3451 dixit
547 3393 654 3447 illis
683 3390 942 3462 angelus:
980 3407 998 3439 ι
1023 3386 1202 3441 Nolite
1225 3385 1438 3447 timere,
1473 3397 1600 3436 ecce
1625 3381 1770 3435 enim
1794 3396 1962 3434 evan-

379 3485 554 3558 gelizo
595 3482 746 3538 vobis
797 3479 1051 3551 gaudium
1103 3489 1402 3545 magnum,
1457 3472 1600 3542 quod
1652 3473 1760 3526 erit
1809 3472 1958 3525 omni

380 3575 605 3646 populo,
636 3573 760 3642 quia
792 3579 953 3624 natus
979 3577 1062 3622 est
1088 3568 1242 3620 vobis
1274 3563 1434 3618 hodie
1463 3563 1732 3622 Salvator.
1761 3561 1851 3631 qui
1875 3571 1960 3616 est

380 3663 630 3718 Christus
652 3660 935 3723 Dominus,
971 3657 1022 3710 in
1050 3655 1268 3711 civitate
1293 3652 1480 3714 David,
1502 3652 1958 3720 quemadmodum

383 3754 646 3823 scriptum
683 3764 802 3806 est:
833 3750 954 3819 Ipse
990 3748 1081 3818 qui
1115 3748 1325 3815 loquor,
1357 3759 1484 3799 ecce
1517 3743 1724 3796 adsum.
1761 3761 1779 3792 ›

2061 3195 2281 3266 λύματι.
2323 3199 2433 3252 Kal
2478 3201 2736 3270 ποιμένες
2781 3196 2920 3272 ἦσαν
2972 3204 3030 3254 ἐν
3072 3206 3136 3274 τῇ
3180 3203 3334 3275 χώρᾳ
3377 3208 3445 3276 τῇ
3507 3207 3654 3278 αὐτῇ

2059 3288 2458 3359 ἀγραυλοῦντες
2495 3292 2588 3344 καὶ
2630 3291 2994 3360 φυλάσσοντες
3023 3294 3271 3364 φυλακὰς
3309 3299 3406 3367 τῆς
3453 3297 3654 3360 νυκτὸς

2058 3381 2150 3433 ἐπὶ
2193 3381 2293 3450 τὴν
2346 3381 2582 3454 ποίμνην
2617 3383 2819 3438 αὐτῶν.
2853 3385 2962 3438 Καὶ
3006 3385 3115 3439 ἰδοὺ
3159 3386 3390 3456 ἄγγελος
3435 3389 3649 3460 Κυρίου

2060 3469 2265 3541 ἐπέστη
2291 3470 2496 3536 αὐτοῖς,
2521 3473 2615 3526 καὶ
2639 3473 2766 3538 δόξα
2789 3475 2997 3547 Κυρίου
3021 3477 3395 3549 περιέλαμψεν
3417 3479 3650 3543 αὐτοὺς,

2061 3562 2158 3614 καὶ
2191 3561 2538 3633 ἐφοϐήθησαν
2585 3563 2748 3632 φόϐον
2784 3565 2979 3635 μέγαν.
3029 3568 3140 3622 Καὶ
3191 3564 3343 3622 εἶπεν
3387 3569 3571 3631 αὐτοῖς
3624 3571 3656 3621 ὁ

2062 3651 2292 3719 ἄγγελος
2311 3669 2324 3683 ·
2367 3669 2387 3704 ι
2415 3653 2508 3725 Μὴ
2555 3655 2809 3725 φοσεῖσθε
2858 3658 3016 3729 ὑμεῖς
3037 3674 3051 3688 ·
3083 3660 3190 3714 ίδοὺ
3221 3661 3332 3732 γὰρ
3360 3658 3650 3728 εὑαγγελίυ

2069 3742 2230 3812 ζομαι
2281 3743 2411 3814 ὑμῖν
2461 3747 2637 3817 χαρὰν
2685 3748 2948 3819 μεγάλην,
2974 3749 3096 3820 ἥτις
3144 3749 3293 3805 ἔσται
3349 3752 3513 3804 παντὶ
3567 3750 3654 3821 τῷ

381 3847 518 3919 λαῷ,
551 3849 633 3901 ὅτι
685 3845 879 3915 ἐτέχθη
916 3845 1044 3912 ὑμῖν
1073 3843 1310 3912 σήμερον
1342 3837 1552 3908 Σωτὴρ.
1581 3839 1638 3901 ὃς
1671 3838 1815 3889 ἐστιν
1862 3836 2096 3906 Χριστὸς
2130 3837 2355 3911 Κύριος,
2386 3840 2444 3894 ἐν
2477 3839 2630 3893 πόλει
2670 3841 2854 3910 Δασὶδ,
2893 3844 2986 3898 καὶ
3025 3844 3204 3908 καθὼς
3250 3845 3656 3916 γέγραπται»,

379 3939 550 4002 Αὐτὸς
580 3940 608 3991 ὁ
633 3936 808 3990 λαλῶν
845 3935 951 3988 ίδου
984 3933 1235 4004 πάρειμι.
1266 3947 1284 3980 ι

449 4030 605 4098 Quod
632 4029 674 4082 si
698 4027 896 4082 deinde
918 4023 1252 4080 voluerimus
1274 4035 1438 4076 nosse
1467 4018 1656 4074 feriam
1679 4031 1784 4086 qua
1801 4015 1960 4072 Chri-

381 4136 500 4182 stus
527 4140 690 4180 verus
713 4124 857 4176 Deus
877 4130 1066 4175 noster
1086 4128 1248 4174 natus
1269 4127 1370 4180 est,
1405 4115 1661 4186 ponimus
1692 4111 1793 4167 hoc
1823 4127 1959 4182 pra:-

385 4216 524 4272 senti
559 4231 705 4269 anno
754 4229 920 4268 unam
967 4219 1217 4282 epactam
1269 4210 1440 4271 solis,
1474 4207 1560 4262 cui
1614 4205 1898 4275 adjicimus
1929 4218 1958 4256 a

384 4309 653 4380 principio
691 4306 848 4377 primi
883 4305 1088 4360 mensis
1114 4303 1232 4359 dies
1265 4302 1465 4372 Aprilis
1495 4318 1624 4366 xxx,
1658 4297 1778 4352 Maii
1809 4313 1956 4352 xxxi.

2138 4007 2272 4066 Εἶτα
2306 4015 2507 4082 γνῶναι
2539 4015 2851 4088 βουλομενοι
2902 4021 2998 4074 καὶ
3043 4022 3141 4092 τὴν
3173 4022 3386 4094 ἡμέραν
3415 4027 3538 4080 καθ’
3581 4032 3658 4100 ἡν

2058 4103 2252 4175 ἐτέχθη
2283 4105 2516 4176 Χριστὸς
2539 4109 2566 4160 ό
2589 4108 2840 4177 ἀληθινὸς
2862 4110 2998 4174 Θεὸς
3018 4112 3200 4182 ήμῶν,
3225 4115 3445 4186 τίθεμεν
3475 4119 3575 4189 τὴν
3597 4123 3648 4153 ⁸⁸

2057 4198 2202 4250 κατὰ
2243 4197 2302 4250 τὸ
2349 4198 2523 4270 παρὸν
2558 4200 2676 4265 έτος
2729 4201 2859 4272 μίαν
2904 4205 3148 4275 ὲπακτὴν
3197 4208 3292 4260 τοῦ
3342 4209 3517 4279 ἡλίου,
3551 4216 3658 4266 καὶ

2057 4292 2228 4361 ταύτῃ
2280 4292 2664 4361 προστιθέντες
2705 4293 2816 4348 ἀπὸ
2857 4295 3035 4366 ἀρχῆς
3077 4297 3170 4350 τοῦ
3211 4299 3430 4370 πρώτου
3477 4306 3652 4372 μηνὸς

383 4399 528 4456 Junii
557 4415 684 4463 xxx,
717 4396 842 4452 Julii
864 4413 1012 4456 xxxn,
1041 4394 1267 4466 Augusti
1293 4408 1444 4457 xxxi,
1464 4388 1804 4460 Septembris
1828 4405 1956 4453 xxx,

2068 4381 2275 4474 ἡμέρας
2305 4385 2585 4474 Ἀπριλίου
2630 4385 2696 4453 λ’,
2749 4387 2928 4441 Μαΐου
2979 4388 3082 4453 λα’,
3125 4390 3348 4444 Ἰουνίου
3396 4392 3463 4456 λ’,
3508 4395 3649 4449 Ἰου-

384 4490 634 4547 Octobris
660 4507 810 4555 xxxi,
835 4486 1155 4542 Novembris
1188 4500 1318 4550 xxx,
1351 4481 1667 4537 Decembris
1702 4497 1829 4542 xxv,
1864 4479 1957 4548 qui

2068 4473 2181 4527 λίου
2235 4473 2335 4538 λα’,
2396 4473 2708 4545 Αὔγούστου
2760 4477 2863 4543 λα’,
2915 4479 3291 4551 Σεπτεμβρίου
3338 4481 3402 4546 λ’,
3441 4485 3655 4540 Ὀκτω-

384 4583 624 4639 eﬂieiuut
653 4583 767 4637 dies
789 4597 974 4636 cccxx.
1006 4578 1118 4633 llos
1151 4576 1350 4632 deinde
1375 4573 1698 4644 septuplica,
1728 4573 1834 4628 duc
1875 4587 1962 4627 se-

385 4684 530 4740 ptem
548 4672 601 4726 in
621 4689 747 4736 xxx,
779 4670 1172 4732 elﬁciuntccx;
1205 4672 1413 4736 septem
1447 4663 1502 4717 in
1533 4678 1628 4717 vm
1653 4670 1813 4717 erunt
1839 4676 1958 4726 LVI;

384 4765 591 4835 reliqua
623 4773 750 4819 sunt
781 4781 852 4816 tv.

2067 4566 2221 4638 ὁρίου
2243 4567 2346 4629 λα’,
2369 4569 2676 4640 Νοεμϐρίου
2702 4569 2767 4636 λ’,
2789 4571 3127 4643 Δεκεμϐρίου
3155 4573 3253 4637 κε’,
3283 4573 3524 4642 γίνονται
3547 4586 3652 4644 σθ’,

2066 4658 2267 4722 ταύτας
2317 4659 2579 4731 ἑϐδόμου,
2627 4661 2672 4725 ζ’
2719 4662 2761 4714 λ’
2794 4662 3037 4730 γίνονται
3065 4670 3153 4728 σι’,
3197 4663 3242 4729 ζ’
3287 4671 3336 4736 η’
3383 4673 3492 4734 νς¹,
3537 4667 3660 4723 λοι-

2067 4755 2144 4808 πὰ
2169 4756 2232 4810 δ’.

1751 4905 2072 4968 DUCANGII
2108 4907 2334 4966 ΝΟΤᾹΞ.

458 5055 571 5125 (42)
617 5051 756 5108 Εἶτα
800 5050 1040 5125 rubrm.
1068 5049 1294 5125 _Scribit
1331 5045 1586 5125 Petavius
1774 5059 1824 5096 Ix
1890 5042 1966 5097 De

386 5113 734 5192 doctrftcmp.
765 5113 883 5190 cap.
914 5122 1032 5192 Set
1055 5122 1108 5192 4,
1142 5129 1419 5175 auctorem
1443 5113 1697 5170 Chronici
1732 5113 1786 5166 in
1809 5129 1963 5192 anno

385 5195 584 5250 Christi
633 5183 844 5248 Natalis
869 5191 1012 5246 {uade
1051 5183 1286 5261 lapsum,
1325 5196 1384 5242 ut
1411 5201 1589 5261 supra
1637 5183 1963 5261 monuitdc

385 5282 493 5335 quo
522 5264 766 5333 pluribus
794 5262 902 5332 agit
923 5255 1298 5335 Iocola'udato,
1325 5267 1378 5335 et
1410 5255 1547 5314 libro
1565 5271 1660 5335 xu,
1696 5269 1817 5335 cap.
1857 5255 1872 5305 Ι
1907 5262 1963 5307 et

389 5324 563 5404 sum...
613 5343 808 5404 praeter
828 5324 1084 5404 vetcteros
1133 5328 1512 5404 chronologos,
1565 5325 1658 5394 qui
1699 5324 1750 5378 id
1797 5339 1962 5394 argu-

389 5397 632 5460 ιιινίξιιιιιῑ
684 5401 977 5457 l'usioribus
1014 5397 1421 5456 commentariis
1459 5399 1585 5452 data
1627 5409 1791 5464 opera
1830 5403 1960 5447 sunt

2068 5045 2342 5126 prosecuti
2373 5065 2384 5098 ;
2423 5047 2620 5117 quibus
2646 5051 3120 5126 _addere_placuit_
3147 5054 3250 5108 sub
3281 5053 3442 5110 ﬁnem
3483 5057 3659 5115 istius

2068 5115 2606 5196 glrroniciexc'erpta
2628 5120 2697 5176 de
2728 5115 3427 5196 Natali'cbristi,necdum,
3463 5128 3508 5180 si
3534 5144 3660 5186 non

2067 5184 2635 5283 fallorxme‘ditagntum.
2685 5208 2749 5246 ex
2799 5192 3071 5283 Cjbronico
3122 5195 3363 5259 Eusebii,
3416 5184 3532 5250 tum
3586 5184 3661 5255 ex

2092 5253 2354 5336 lesycbip,
2382 5257 2537 5336 cuius
2568 5260 2946 5336 aliaqnigdam
2973 5273 3208 5336 exstant,
3246 5253 3510 5336 cujusque
3535 5253 3663 5325 me:

2065 5324 2240 5449 3152?.“
2286 5324 2634 5384 Justinianus
2681 5324 2734 5385 ni
2781 5330 2972 5387 Edicto
3015 5334 3083 5388 de
3119 5324 3244 5401 (ide,
3273 5324 3330 5405 ρΣ
3362 5324 3457 5391 5τί
3492 5324 3664 5396 istius

1684 5555 1918 5612 VABIJE
1958 5555 2248 5611 LECTION
2255 5556 2359 5614 ES.

461 5674 506 5757 ξ⁶
540 5675 923 5757 ὲννεαμηναίος
947 5677 1007 5730 Ρ.
1087 5677 1126 5708 ¹⁷
1161 5669 1252 5729 οὖν
1285 5689 1394 5730 om.
1425 5673 1484 5728 Ρ.
1562 5674 1604 5704 ’³
1638 5675 1695 5726 ἐν
1721 5671 1963 5733 ταύταις.
2000 5670 2132 5726 Luc.
2163 5688 2221 5728 ιι.
2298 5675 2342 5706 ²⁹
2388 5673 2718 5746 γέγραπται.
2741 5675 2846 5732 lsa.
2876 5694 3002 5735 ινιιι
3024 5719 3039 5747 ,
3067 5679 3124 5737 9.
3199 5680 3245 5712 "
3278 5679 3496 5752 τίθεμεν
3531 5683 3668 5757 τήν,

395 5744 613 5816 τίθεμεν
660 5744 721 5799 Ρζ
