3870 6336
203 374 299 441 501

1389 377 1826 439 CHRONICON
1864 377 2276 438 PASCHALE.

3363 372 3470 436 502

203 483 306 541 τινὶ
337 485 436 555 τὴν
465 483 554 538 διὰ
575 482 677 537 ’τοῦ
707 482 960 555 σώματος
986 486 1299 557 οἰκονομίαν
1327 487 1594 560 πληροῦν,
1628 487 1780 542 ἄλλοι

1897 497 2084 543 natura
2117 498 2407 552 αξιοι-ηοω,
2434 487 2523 541 alii
2559 501 2622 541 ex
2647 484 2814 540 Maria
2848 483 3178 556 principium
3209 482 3468 538 duxiSse:

202 579 256 634 δὲ
301 578 505 649 χοῖκδν,
553 578 646 631 καὶ
677 578 830 633 ἄλλοι
879 580 1204 651 ἐπουράνιον
1235 579 1429 651 σῶμα,
1472 582 1568 634 καὶ
1608 583 1657 634 οἱ
1691 580 1790 651 μὲν

207 669 534 740 προαιώνιον
555 667 654 739 τὴν
682 667 939 740 ὓπαρξιν,
957 669 1006 723 ol
1033 667 1090 722 δὲ
1113 670 1219 723 ἀπὸ
1241 670 1462 742 Μαρίας
1485 671 1586 741 τὴν
1609 671 1790 741 ἀρχὴν

207 763 497 832 ἐσχηκέναι
517 777 530 789 ⁸
563 760 652 814 διὰ
705 762 865 814 τοῦτο
917 764 999 826 είς
1084 766 1308 834 σημεῖον
1356 762 1790 834 ἀντιλεγόμενον.

218 852 519 922 Ῥομφαίαν
567 850 687 904 δὲδδ
741 852 892 920 λέγει
936 853 1028 906 τὸν
1072 853 1230 922 λόγον
1273 855 1367 908 τὸν
1415 855 1790 925 πειραστικὸν,

209 943 356 996 τὴνδ’
405 943 655 1013 κριτικὸν
699 943 809 998 τῶν
852 946 1228 1017 ἐνθυμήσεων,
1274 947 1367 1001 τὸν
1411 947 1793 1018 διικνούμενον

211 1036 336 1105 ἄχρι
369 1035 646 1106 μερισμοῦ
678 1036 861 1106 ψυχῆς
892 1039 988 1090 καὶ
1002 1039 1044 1070 ⁸⁷
1075 1037 1348 1109 σώματος,
1379 1038 1574 1110 ἁρμῶν
1607 1055 1668 1092 τε
1699 1040 1794 1092 καὶ

214 1127 425 1196 μυελῶν
472 1128 566 1180 καὶ
609 1127 876 1198 κριτικῶν
928 1128 1317 1200 ἐνθυμήσεων·
1374 1127 1562 1199 ἐπειδὴ
1612 1129 1794 1182 τοίνυν

214 1221 361 1271 πᾶσα
392 1217 542 1288 ψυχὴ
573 1218 725 1288 παρὰ
752 1219 843 1271 τὸν
877 1219 1070 1290 καιρὸν
1111 1221 1205 1273 τοῦ
1248 1219 1451 1284 πάθους
1482 1220 1646 1273 οἱονεὶ
1676 1221 1794 1274 διαρ

215 1308 394 1376 κρίσει
425 1307 532 1361 τινὶ
573 1307 908 1362 ὐπεϐἀλλετο
925 1308 970 1341 ⁸⁸
1016 1308 1161 1364 κατὰ
1184 1309 1283 1381 τὴν
1311 1310 1404 1362 τοῦ
1437 1310 1646 1380 Κυρίου
1681 1327 1793 1380 φω-

217 1396 313 1466 νὴν
369 1396 615 1459 εἰπόντος
674 1397 756 1450 ὅτι
811 1416 830 1448 ι
871 1397 1079 1461 Πάντες
1144 1399 1678 1470 σκανδαλισθήσεσθε
1732 1401 1792 1452 ὲν

213 1486 361 1554 ἐμοὶ,
387 1504 405 1537 ι
446 1486 774 1556 προφητεΰει
815 1487 1041 1558 Συμεὼν
1083 1490 1213 1560 περὶ
1243 1490 1417 1560 αὐτῆς
1445 1491 1543 1560 τῆς
1571 1492 1793 1562 Μαρίας

214 1575 378 1645 205
407 1578 486 1630 ὃτι
525 1578 858 1649 παρεστῶσα
899 1577 977 1650 τῷ
1015 1583 1233 1652 σταυρῷ
1280 1581 1376 1634 καὶ
1423 1579 1696 1650 βλέπουσα
1726 1584 1795 1636 τὰ

217 1667 478 1736 γινόμενα
522 1670 616 1723 καὶ
659 1669 936 1723 ἀκούουσα
954 1671 999 1704 δ’
1034 1670 1142 1726 τῶν
1173 1672 1367 1740 φωνῶν
1400 1671 1538 1742 μετὰ
1567 1673 1666 1742 τὴν
1699 1672 1792 1726 τοῦ

215 1758 460 1832 Γαϐριὴλ
510 1762 837 1832 μαρτυρίαν,
900 1761 1040 1832 μετὰ
1086 1761 1184 1833 τὴν
1230 1763 1556 1834 ἀπόρρητον
1590 1764 1794 1832 γνῶσιν

1894 581 2014 634 ideo
2043 580 2247 636 dicitur
2274 579 2446 634 fuisse
2474 579 2681 648 positus
2712 578 2764 632 in
2801 577 3018 649 signum
3049 575 3469 631 contradictnm.

1894 671 2284 740 Rhomphaaam
2314 686 2441 726 vero
2466 686 2564 725 seu
2593 670 2854 742 gladium,
2881 669 3109 724 verbum
3130 677 3304 730 vocat,
3328 669 3472 736 quod

1892 763 2140 832 explorat
2166 762 2522 817 ae-diseernit
2550 762 2909 833 cogitationes
2929 803 2944 827 ,
2970 769 3026 815 et
3056 774 3228 829 usque
3257 759 3321 812 ad
3353 759 3475 812 ani-

1893 873 1996 911 ma:
2033 863 2088 910 et
2118 855 2363 925 corporis
2391 854 2715 909 divisionem
2764 862 3059 922 penetrat,
3119 859 3282 920 atque
3337 851 3474 904 adeo

1893 945 2201 1016 compagini
2256 955 2312 1001 et
2356 944 2715 999 medullarum
2756 944 3105 1013 ipsarumque
3134 941 3473 995 internarum

1894 1037 2324 1109 cogitationum:
2360 1033 2800 1106 quandoquidem
2843 1049 2968 1088 eum
3007 1047 3200 1101 passus
3226 1039 3343 1092 est,
3376 1031 3474 1085 du-
3521 1067 3524 1072 ι

1893 1127 2154 1182 bitatione
2177 1125 2511 1180 ﬂuctuabant
2535 1139 2728 1180 omnes
2763 1125 2830 1178 ad
2856 1122 3068 1177 Domini
3104 1136 3314 1186 vocem,
3344 1121 3474 1174 dum

1895 1219 2065 1273 dixit:
2103 1237 2120 1270 ι
2147 1216 2353 1272 Omnes
2385 1217 2438 1269 in
2472 1231 2559 1270 me
2589 1215 2908 1270 scandalum
2942 1212 3248 1284 patiemini.
3275 1229 3294 1262 ι
3352 1210 3478 1266 Ha:c

1893 1317 2078 1364 autem
2133 1307 2236 1378 ipsi
2289 1305 2471 1361 Mariae
2517 1305 2842 1376 praedixerat
2892 1304 3112 1360 Simeon
3173 1306 3356 1376 (hanc
3399 1305 3479 1359 sic

1893 1397 2144 1468 aﬁatus),
2173 1397 2310 1452 Cum
2343 1397 2596 1462 steteris,
2632 1397 2842 1467 inquit,
2889 1397 2959 1452 ad
2985 1413 3200 1453 crucem
3222 1437 3236 1461 ,
3270 1407 3481 1467 specta-

1894 1489 2150 1558 verisque
2180 1489 2364 1543 omnia
2403 1503 2525 1558 quae
2555 1486 2734 1551 ﬁunt,
2769 1502 2836 1542 ac
2865 1487 3030 1542 verba
3060 1487 3330 1551 audieris,
3360 1496 3481 1556 post

1894 1579 2163 1636 Gabrielis
2199 1579 2606 1646 testimonium,
2646 1588 2772 1650 post
2799 1578 3232 1650 inexplicabilem
3283 1579 3481 1634 divinae

1894 1668 2269 1738 conceptionis
2291 1667 2684 1739 cognitionem,
2707 1677 2833 1738 post
2857 1675 2935 1723 tot
2959 1677 3178 1738 peracta
3199 1668 3478 1731 miracula,

1895 1761 2130 1830 aliquam
2167 1769 2354 1814 tamen
2379 1761 2435 1814 in
2465 1761 2648 1815 anima
2684 1769 2778 1815 tua
2798 1760 3209 1816 ﬂuctuationem
3237 1761 3476 1830 patieris.

218 1849 316 1917 τῆς
346 1849 498 1914 θείας
533 1851 848 1923 συλλήψεως
872 1895 886 1920 ,
924 1854 1062 1924 μετὰ
1107 1853 1205 1925 τὴν
1244 1854 1488 1924 μεγάλην
1517 1853 1624 1907 τῶν
1657 1855 1789 1908 θαυ-

1897 1853 2128 1907 Necesse
2157 1853 2302 1906 enim
2327 1860 2444 1906 erat
2471 1860 2532 1907 ut
2557 1852 2818 1907 Dominus
2836 1868 2934 1923 pro
2961 1852 3218 1907 omnibus
3247 1860 3479 1906 mortem

217 1942 406 2009 μάτων
457 1943 734 2008 ἐπίδειξιν,
779 1947 1068 2015 γενήσεταί
1102 1963 1188 2009 τις
1234 1945 1347 2016 (50)
1397 1947 1493 2000 καὶ
1538 1946 1675 2018 περὶ·
1698 1946 1797 2018 τὴν

220 2033 317 2101 σήν
345 2033 530 2103 ψυχὴν
563 2035 744 2099 σάλος.
768 2035 915 2088 Ἔδει
938 2036 1048 2108 γὰρ
1075 2037 1164 2090 τὸν
1187 2037 1393 2108 Κύριον
1418 2037 1560 2108 ὑπὲρ
1593 2037 1797 2101 παντὸς

217 2124 525 2192 γεύσασθαι
566 2126 831 2195 θανάτου,
876 2129 971 2182 καὶ
1023 2127 1334 2199 ἱλαστήριον
1374 2129 1669 2199 γενόμενον
1701 2127 1798 2180 τοῦ

218 2215 426 2286 κόσμου
457 2219 662 2281 πάντας
689 2219 979 2300 δικαιῶσαι
1005 2219 1083 2289 τῷ
1121 2217 1286 2272 αὑτοῦ
1317 2218 1531 2288 αἵματι.
1564 2218 1675 2271 Καὶ
1703 2215 1798 2271 σοῦ

217 2303 312 2360 οὖν
352 2310 526 2379 αὐτῆς
553 2309 654 2378 τῆς
687 2309 896 2364 ἄνωθεν
940 2309 1392 2380 δεδιδαγμὲνης⁶⁰
1437 2309 1506 2363 τὰ
1541 2309 1672 2378 περὶ
1699 2306 1796 2361 τοῦ

219 2396 426 2467 Κυρίου
479 2396 673 2465 ἅψεταί
713 2414 796 2460 τις
841 2398 1152 2469 διάκρισις,
1202 2397 1484 2451 τουτέστιν
1531 2397 1796 2467 ῥομφαία,

216 2486 366 2548 ὅπως
395 2485 465 2539 ἂν
487 2487 944 2556 ἀποκαλυφθῶσιν
963 2489 1006 2520 ⁵¹
1033 2490 1142 2542 ἀπὸ
1173 2488 1384 2542 πολλῶν
1413 2488 1651 2560 καρδιῶν
1683 2489 1800 2544 διασ

215 2574 494 2646 λογισμοί.
532 2579 898 2649 Ὀνήσεταιδί,
942 2580 1046 2643 ὅτι,
1079 2579 1218 2650 μετὰ
1266 2580 1358 2633 τὸν
1399 2580 1798 2650 σκανδαλισμὺν

211 2666 306 2717 τὸν
335 2665 432 2716 ἐπὶ
464 2665 540 2735 τῷ
575 2667 793 2738 σταυρῷ
838 2669 934 2721 τοῦ
977 2668 1218 2740 Χριστοῦ
1268 2670 1565 2740 γενόμενον
1595 2673 1708 2734 τοῖς
1737 2687 1798 2724 τε

218 2758 494 2827 μαθηταῖς
515 2759 564 2790 ⁸³
611 2761 705 2812 καὶ
737 2760 876 2830 αὐτῇ
906 2763 972 2831 τῇ
1005 2761 1196 2833 Μαρίᾳ
1218 2801 1233 2824 ,
1279 2762 1473 2832 ταχεῖά
1510 2779 1595 2826 τις
1651 2763 1796 2825 ίασις

214 2849 698 2922 παρακολουθήσει
725 2851 874 2923 παρὰ
892 2851 988 2905 τοῦ
1027 2853 1256 2924 Κυρίου,
1291 2852 1586 2923 βεϐαιοῦσα
1613 2853 1796 2907 αὐτῶν

213 2942 316 3011 τὴν
353 2942 584 3012 καρδίαν
615 2944 708 2996 ἐπὶ
733 2943 831 3014 τὴν
859 2943 1038 2997 αὐτῶν
1079 2943 1281 2998 πίστιν.
1313 2943 1472 2998 Οῦτω
1512 2945 1622 3017 γὰρ
1653 2944 1798 2998 οῖδα-

215 3034 382 3098 per”
427 3035 638 3105 Πέτρον
674 3035 814 3104 μετὰ
867 3035 927 3088 τὸ
952 3035 1411 3106 σκανδαλισθῆναι
1457 3035 1800 3108 βεϐαιότερον

1896 1953 2157 2017 gustaret,
2201 1954 2256 1999 et
2290 1944 2478 1999 mundi
2506 1944 2944 2015 propitiatorium
2979 1943 3228 2010 effectus,
3259 1943 3479 1998 univer-

1895 2020 1986 2091 sos
2017 2050 2118 2090 suo
2147 2035 2411 2106 sanguine
2440 2035 2788 2106 justiﬁearet.
2838 2035 2915 2091 Te
2955 2051 3087 2108 ergo
3117 2035 3312 2106 ipsam,
3343 2034 3481 2088 divi-

1895 2127 2042 2181 nitus
2069 2127 2194 2182 licet
2225 2142 2347 2196 quae
2375 2127 2444 2182 de
2481 2126 2715 2183 Domino
2751 2136 2980 2183 ventura
3011 2137 3165 2182 erant
3204 2128 3479 2192 edoctant,

1896 2217 2145 2289 qnzedam
2179 2217 2386 2273 subibit
2415 2218 2685 2274 dubitatio
2711 2259 2725 2280 .
2759 2219 2866 2274 hoc
2915 2227 2999 2274 est
3028 2219 3238 2288 gladius
3260 2260 3274 2282 ,
3327 2227 3386 2272 ut
3414 2233 3482 2272 ex

1895 2307 2190 2364 multorum
2217 2308 2475 2364 cordibus
2497 2307 2806 2364 revelentur
2826 2309 3206 2380 cogitationes.
3233 2306 3483 2362 Proderit

1892 2407 2072 2454 tamen
2114 2398 2203 2453 illa
2229 2440 2243 2464 ,
2291 2399 2418 2469 quia
2472 2408 2594 2470 post
2644 2399 2964 2455 scandalum
2990 2437 3006 2465 ,
3047 2398 3192 2469 quod
3222 2413 3289 2453 ex
3318 2411 3480 2451 cruce

1893 2487 2098 2544 Christi
2134 2487 2418 2558 discipulis
2449 2497 2505 2543 et
2537 2487 2640 2558 ipsi
2664 2487 2850 2544 Maria:
2877 2489 3105 2553 orietur,
3128 2503 3257 2543 cura
3296 2486 3478 2542 statim

1893 2595 1958 2635 ac
1980 2579 2192 2634 sanatio
2211 2595 2242 2633 a
2267 2579 2499 2635 Domino
2524 2581 2914 2650 subsequetur,
2938 2595 3059 2650 quae
3081 2580 3292 2634 illorum
3316 2579 3480 2633 corda

1895 2674 1950 2728 in
1986 2673 2090 2728 fide
2115 2673 2482 2750 confirmabit.
2533 2672 2622 2729 Sic
2655 2674 2910 2730 videmus
2940 2675 3162 2730 Petrum
3193 2683 3480 2744 postquam

1894 2763 2208 2818 scandalum
2237 2779 2431 2834 passus
2457 2773 2560 2831 est,
2596 2765 2890 2822 ﬁrmiorem
2922 2765 2975 2820 in
3005 2765 3282 2821 Christum
3320 2764 3480 2818 tidem

1897 2870 2165 2910 servasse.
2203 2854 2451 2911 Humana
2479 2873 2608 2932 ergo
2640 2857 2988 2914 imbecillitas
3022 2867 3242 2914 ostensa
3269 2865 3382 2923 est,
3425 2863 3484 2908 ut

1899 2946 2115 3004 Domini
2145 2949 2389 3018 potentia
2420 2949 2767 3016 edoceretur,
2801 2951 2888 3006 cui
2918 2950 3086 3021 gloria
3104 2957 3161 3005 et
3189 2947 3481 3019 imperium

1901 3038 1959 3093 in
1993 3039 2209 3094 saecula.
2246 3039 2444 3094 Amen.

212 3126 316 3196 τῆς
343 3127 423 3190 είς
465 3125 612 3179 sev”
660 3127 899 3198 Χριστὸν
952 3128 1190 3190 πίστεως
1249 3128 1624 3198 ἀντεχόμενον.
1673 3129 1746 3181 Τὸ
1791 3128 2132 3202 ἀνθρώπινον
2185 3126 2278 3188 οὖν
2338 3131 2535 3203 σαθρὸν
2573 3132 2905 3204 διηλέγχθη,
2937 3134 3023 3187 ἵνα
3046 3134 3106 3186 τὸ
3143 3132 3362 3204 ἰσχυρὸν
3387 3131 3481 3185 τοῦ

217 3216 428 3286 Κυρίου
473 3216 728 3288 διδαχθῇ·
757 3210 802 3284 ᾧ
833 3220 866 3289 ἡ
901 3217 1028 3284 δόξα
1067 3218 1160 3270 καὶ
1199 3217 1262 3270 τὸ
1301 3219 1501 3288 κράτος
1551 3219 1628 3282 είς
1660 3219 1786 3282 τοὺς
1816 3220 2036 3286 αίῶνας.
2074 3223 2266 3294 Ἀμήν.

285 3305 424 3362 Εἶτα
457 3309 660 3376 γνῶναι
685 3309 928 3374 θέλοντες
961 3311 1054 3364 καὶ
1074 3311 1120 3343 ⁵⁸
1143 3312 1203 3364 ὲν
1231 3311 1409 3382 πόστῃ
1433 3311 1534 3380 τῆς
1562 3311 1796 3383 ἑϐδομά-

1971 3313 2173 3370 Deinde
2201 3315 2248 3370 si
2283 3330 2444 3372 nosse
2475 3316 2601 3388 quis
2629 3316 2759 3370 velit
2791 3324 2957 3386 quota
2986 3313 3343 3369 hebdomadis
3371 3313 3481 3379 die,

213 3400 304 3463 δος
331 3401 518 3472 ήμέρᾳ
539 3402 680 3455 κατὰ
705 3401 767 3454 τὸ
792 3402 969 3473 παρὸν
995 3401 1533 3473 πεντακισχιλιοστὸν
1569 3402 1654 3472 (ρξ’
1677 3402 1797 3467 ἐτος

217 3493 461 3560 ἔφθασεν
497 3495 530 3562 ἡ
561 3492 788 3562 δευτέρα
813 3493 907 3547 τοῦ
944 3494 1314 3566 Φεϐρουαρίου
1346 3495 1545 3567 μηνὸς,
1572 3495 1798 3566 τίθεμεν

216 3585 316 3655 τὴν
354 3585 485 3655 μίαν
509 3586 754 3656 ἐπακτὴν
787 3585 883 3640 τοῦ
913 3586 1087 3657 ἡλίου,
1115 3587 1210 3640 καὶ
1243 3586 1415 3658 ταύτῃ
1449 3587 1796 3658 συνάπτομεν

214 3677 313 3738 τὰς
363 3677 474 3730 ἀπὸ
517 3677 797 3748 πρώτης³⁷
845 3679 1125 3748 ’Λπριλίου
1164 3679 1330 3750 μηνὸς
1361 3680 1573 3750 ἡμέρας
1607 3679 1800 3751 μέχρις

213 3767 392 3838 αὐτῆς
425 3767 523 3836 τῆς
555 3767 820 3839 δευτέρας
875 3771 969 3823 τοῦ
997 3770 1364 3844 Φεϐρουαρίου
1415 3771 1612 3842 μηνὸς,
1646 3789 1802 3825 τουτ-

197 3860 368 3911 ’ἐστιν
395 3860 676 3930 Ἀπριλὶου
707 3861 772 3925 λ’,
790 3862 967 3915 Μαΐου
984 3862 1088 3928 λα’,
1119 3862 1332 3917 Ἰουνίου
1361 3861 1426 3926 λ’,
1455 3863 1671 3917 Ἰουλίου
1695 3864 1798 3930 λα’,

217 3952 534 4020 Αὐγούστου
558 3951 660 4017 λα’,
681 3954 1053 4027 Σεπτεμϐρίου
1069 3957 1134 4022 λ’,
1152 3955 1358 4010 Ὀκτωὸ
1367 3956 1480 4026 ρίου
1499 3956 1598 4021 λα’,
1618 3958 1800 4028 Νοεμ-

215 4043 379 4112 ϐρὶου
429 4043 494 4109 λ’,
525 4045 862 4118 Δεκεμϐρίου
885 4047 989 4113 λα’,
1029 4046 1359 4116 Ἰανουαρίου
1397 4052 1498 4111 λα’,
1526 4049 1802 4119 Φεϐρουα-

217 4134 340 4201 ρίθυ
358 4135 404 4167 ⁸³
438 4136 506 4204 β’,
535 4136 776 4204 γίνονται
803 4137 902 4191 τθ¹.
951 4137 1168 4202 Ταύτας
1194 4139 1423 4210 ἑϐδόμου
1439 4141 1482 4172 ⁵⁸
1503 4157 1516 4170 ⁸
1556 4141 1600 4206 ζ’
1630 4148 1682 4212 μ’
1714 4141 1800 4210 γίο

211 4244 405 4278 νονται
451 4235 538 4279 cr.’
557 4242 568 4254 '
604 4227 647 4292 ζ’
681 4229 722 4281 δ’
758 4229 1002 4298 γίνονται
1033 4228 1118 4302 κη’
1139 4247 1153 4258 ·
1196 4231 1382 4284 λοιπὸν
1415 4238 1482 4285 α’.
1513 4234 1800 4304 Ἐγνωμεν

213 4320 290 4378 ὡς
320 4320 383 4370 ἐν
415 4319 668 4392 κυριακῇ
683 4321 726 4352 ⁸ο
757 4321 1014 4391 ἔφθασεν,
1051 4323 1141 4375 ὅτε
1179 4321 1404 4393 Συμεὼν
1442 4325 1500 4377 ὲν
1531 4325 1800 4394 ἀγκάλαις

213 4411 443 4475 ἐδέξατο
477 4411 567 4464 τὸν
611 4413 890 4483 Δεσπότην
939 4415 1176 4485 Χριστὸν
1229 4415 1318 4472 τὸν
1365 4415 1618 4485 ἀληθινὸν
1665 4417 1800 4470 Θεὸν

224 4503 418 4570 ιλμῶν·
451 4503 574 4555 καθ’
619 4505 689 4575 ἢν
730 4505 944 4576 ἡμέραν
978 4506 1410 4578 ἐδημιούργησεν
1449 4507 1539 4560 τὸν
1574 4508 1802 4580 οὐρανὸν

1900 3406 2004 3464 hoc
2031 3409 2285 3479 praesenti
2304 3425 2448 3466 anno
2471 3427 2524 3466 ν.
2547 3426 2716 3474 nuru,
2753 3407 2992 3464 secunda
3018 3407 3226 3461 mensis
3241 3405 3484 3460 Februa-

1900 3499 1967 3554 rii
2008 3499 2280 3565 inciderit,
2314 3502 2572 3572 ponimus
2595 3517 2758 3556 unam
2805 3500 2936 3555 solis
2959 3507 3224 3568 epactam,
3251 3499 3486 3567 liuicque

1899 3591 2016 3648 dies
2044 3607 2075 3646 a
2107 3592 2279 3662 prima
2310 3593 2516 3664 Aprilis
2548 3592 2756 3648 mensis
2786 3592 3134 3662 adiungimus
3157 3633 3171 3656 ,
3211 3606 3382 3660 usque
3417 3591 3485 3645 ad

1902 3687 2197 3742 secundam
2249 3687 2454 3742 mensis
2484 3685 2796 3751 Februarii,
2855 3684 3063 3740 scilicet
3108 3684 3310 3755 Aprilis
3360 3701 3483 3747 xxx,

1903 3777 2026 3833 Maii
2053 3796 2176 3834 xxxi
2204 3821 2218 3845 ,
2250 3779 2398 3834 Junii
2425 3796 2550 3846 xxx,
2578 3780 2702 3835 Julii
2735 3795 2893 3843 xxxi,
2929 3778 3157 3848 Augusti
3195 3795 3322 3834 xxxi
3344 3817 3356 3840 ,
3389 3777 3486 3832 Se-

1901 3869 2166 3937 ptembris
2193 3886 2299 3924 xxx
2325 3912 2339 3935 ,
2383 3868 2634 3924 Octobris
2674 3885 2836 3932 xxxi,
2867 3866 3192 3924 Novembris
3217 3887 3346 3935 xxx,
3384 3871 3488 3924 De-

1903 3960 2136 4016 cembris
2171 3976 2320 4025 xxxi,
2355 3961 2600 4016 Januarii
2627 3975 2773 4026 xxxi,
2803 3958 3085 4014 Februarii
3115 3976 3174 4014 ιι.
3207 3960 3486 4036 Colligun-

1904 4060 1992 4104 tur
2013 4053 2128 4105 dies
2150 4067 2318 4106 cccxx.
2349 4053 2456 4106 llos
2488 4053 2529 4106 si
2557 4052 2908 4122 septuplices,
2929 4051 3130 4121 septies
3153 4067 3219 4105 xt.
3246 4052 3487 4106 elliciunt

1904 4157 2124 4206 ccuxx,
2159 4141 2364 4210 septies
2397 4159 2446 4195 ιν
2479 4141 2722 4195 elIiciunt
2760 4156 2950 4205 xxvm,
2981 4141 3304 4209 relinquitur
3333 4157 3367 4194 l.
3405 4141 3490 4195 ln-

1904 4235 2193 4308 telligimus
2231 4249 2362 4303 ergo
2391 4235 2443 4287 in
2473 4233 2808 4288 Dominicam
2841 4234 3082 4288 incidere
3102 4275 3117 4300 ,
3150 4234 3368 4303 quando
3400 4233 3487 4287 Si-

1905 4342 2064 4382 meon
2099 4326 2151 4380 in
2192 4325 2348 4379 ulnas
2387 4325 2603 4397 excepit
2643 4325 2929 4380 Dominum
2968 4324 3248 4380 Christum
3300 4341 3489 4381 verum

1905 4418 2073 4473 Deum
2106 4427 2354 4473 nostrum
2384 4437 2395 4472 :
2425 4435 2534 4488 quo
2562 4418 2778 4489 quidem
2822 4418 2910 4476 die
2943 4418 3142 4472 cmlum
3192 4427 3246 4472 et
3295 4427 3491 4472 terrain

1904 4511 2189 4577 condidit,
2233 4527 2452 4581 quoque
2501 4512 2587 4566 die
2636 4511 3105 4582 incorruptibilem
3138 4520 3192 4565 et
3223 4511 3490 4568 viviticam

217 4590 312 4641 καὶ
343 4588 450 4659 τὴν
481 4591 602 4660 γῆν,
635 4593 729 4645 καὶ
854 4594 1040 4668 ἡμέρᾳ
1079 4595 1176 4664 τὴν
1222 4595 1510 4669 ἄφθαρτον,
1544 4598 1638 4654 καὶ
1669 4600 1803 4664 ζωο-

216 4682 380 4736 eam
412 4685 541 4754 ἡμῖν
570 4685 869 4742 ἀνάστασιν
898 4666 1229 4759 ἐδωρήσατο.
1381 4666 1391 4669 ⁷
1503 4666 1510 4669 ﬁ
1838 4666 1882 4721 ί)

1913 4605 2070 4660 nobis
2099 4605 2249 4661 dedit
2276 4605 2750 4663 resurrectionem.

1571 4873 1896 4932 DUCANGII
1933 4871 2161 4928 ΝΟΤᾸΞ.

267 5029 414 5098 (50)
446 5033 784 5102 Γενήσεταί
812 5051 922 5100 τις,
953 5009 1060 5090 etc.
1102 5036 1230 5091 Haec
1252 5035 1526 5091 sententia
1550 5034 1811 5089 damnata

215 5114 324 5156 est.
356 5101 502 5175 Yide
533 5101 760 5175 S_0arem
795 5105 862 5159 ad
887 5109 942 5160 S.
986 5104 1272 5169 Thomam,
1305 5115 1344 5162 t.
1377 5104 1442 5168 ll,
1465 5123 1518 5175 p.
1545 5104 1614 5158 42
1638 5114 1692 5158 et
1719 5106 1810 5167 45,

215 5175 311 5228 ubi
371 5174 527 5230 hunc
553 5173 737 5231 Basilii
783 5175 963 5231 locum
988 5176 1191 5242 laudat,
1223 5185 1279 5232 et
1309 5173 1552 5231 refutare
1582 5183 1811 5230 conatur

1920 5052 1986 5092 ex
2046 5035 2103 5090 S.
2137 5035 2399 5091 Thoma:
2460 5034 2555 5104 sed
2602 5033 2798 5104 legisse
2847 5030 3129 5103 epistolam
3191 5044 3251 5086 se
3308 5035 3490 5101 negat,

1919 5121 2082 5178 quam
2105 5107 2196 5163 hic
2219 5106 2388 5163 habes
2416 5121 2482 5162 ex
2511 5103 2748 5160 Badero.

1539 5349 1769 5406 VARle
1826 5345 2228 5406 LECTIONES.

291 5509 342 5539 ⁵³
378 5507 439 5561 ἃ
465 5523 574 5562 om.
602 5507 712 5578 PV.
789 5508 838 5540 “
870 5509 962 5562 τὸν
991 5523 1099 5564 om.
1128 5507 1191 5563 P.
1265 5508 1312 5541 ⁸⁷
1345 5509 1436 5563 καὶ
1463 5524 1574 5562 om.
1601 5507 1666 5563 R.
1745 5507 2221 5578 ⁵⁸,ὐπερε6ἀλλετο
2252 5507 2347 5578 P._
2394 5504 2440 5538 "
2477 5504 2767 5578 ἀκούσασα⁸
2785 5506 2848 5558 Ρ.
2887 5503 2974 5578 ﬂ"
2992 5503 3406 5578 δεδειδαγμένης
3429 5503 3497 5568 ν,

213 5579 577 5648 εεᾶιγμενης
627 5577 688 5632 Ρ.
787 5580 831 5612 ³³
866 5581 1014 5641 ὅπως
1067 5579 1592 5648 ἀναποκαλυφθῶσιν
1634 5581 1696 5631 P'.
1794 5576 1840 5610 ⁸¹
1875 5575 2128 5648 ὲνήσεται
2182 5577 2242 5648 ιν.
2337 5576 2524 5648 “ﬁci;
2551 5593 2609 5648 τε
2668 5575 2958 5648 μαθηταῖς.
2992 5578 3104 5648 τοῖς
3243 5575 3498 5648 τοῖςᾼματ

213 5641 426 5725 θητειὲ
455 5641 544 5725 εἶς’
593 5649 889 5725 item“
923 5648 1030 5725 ΒΧ·
1105 5649 1277 5725 {1W
1303 5641 1410 5704 οιηί
1443 5651 1526 5725 Ρο-
1583 5651 1630 5725 δ’
1657 5649 1758 5725 rat
1787 5641 2034 5725 ori--131-
2072 5647 2117 5678 "
2152 5645 2512 5725 siceram
2543 5647 2606 5725 P:
2669 5641 3180 5725 ’ξῗ.φέ⁶ρῖλυα.ρίφ.γ
3211 5662 3222 5697 =
3254 5641 3498 5725 sonti“

213 5711 426 5804 βξ.ἥό
468 5718 566 5842 Ι).Ρ
602 5719 647 5751 ⁸⁹
677 5711 892 5794 ἑϐδόμῳ
920 5717 1034 5776 [ιν.
1115 5720 1160 5753 ⁸⁸
1187 5721 1266 5784 εἰς
1307 5719 1574 5791 κυριακὴν
1600 5721 1628 5774 ό
1657 5718 1883 5790 Συμεὼν
1917 5717 2135 5781 ἐδέξατο
2172 5711 2228 5772 ἐν
2260 5711 2525 5786 ἀγκάλαις
2557 5717 2648 5770 τὸν
2679 5711 2886 5786 Κύριον
2910 5711 3026 5785 ήμιῖ
3045 5747 3057 5770 ο
3083 5711 3093 5716 ⁷
3123 5711 3325 5784 Ἰησοῦν
3368 5711 3503 5786 Χρι-

215 5804 345 5842 cev
377 5802 492 5842 om.
572 5826 588 5842 .

215 5802 345 5842 στου
377 5802 492 5843 om.
526 5802 588 5842 ι’.
