3870 6336
441 327 540 395 511

443 529 519 582 tio
556 529 722 586 Pilato
753 532 991 589 Iudaeam
1031 549 1384 606 procurante,
1425 541 1633 599 Herode
1666 545 1899 600 Galilaeze
1933 555 2012 600 te-

347 679 358 688 ι
442 622 676 684 ειυγςίω,
723 623 966 694 Philippo
1011 627 1152 683 illius
1199 631 1361 685 fratre
1412 637 1678 689 tetrareha
1727 637 1917 692 lturem
1961 648 2014 692 et

442 710 840 768 Traehonitidis
871 719 1178 785 provineim,
1210 722 1432 792 Lysania
1463 725 1688 781 Ahilinm
1720 729 2009 791 tetrarcha,

441 802 595 854 Anna
638 814 692 858 et
733 805 936 876 Caipha
981 827 1250 867 summum
1306 817 1674 882 pontiﬁcatum
1719 819 2014 873 obtinenti-

441 893 574 957 bus;
611 895 809 951 factum
846 908 928 953 est
958 903 1180 957 verbum
1220 904 1432 960 Domini
1465 923 1629 978 super
1651 909 1912 964 Joannem
1951 911 2013 965 ﬁ-

441 984 570 1038 lium
615 986 886 1042 Zachari.e
934 992 986 1045 in
1031 994 1247 1048 deserto
1290 1015 1301 1049 :
1349 1007 1402 1051 et
1443 1001 1589 1053 venit
1637 1001 1690 1054 in
1738 1002 2012 1072 regionem

439 1073 688 1130 Jordanis
730 1080 1028 1146 praedicans
1067 1083 1393 1152 baptismum
1431 1089 1797 1156 poenitentia.
1839 1092 1890 1144 in
1929 1107 2015 1145 re-

373 1239 376 1242 _
444 1164 752 1219 missionem
787 1181 1130 1237 peccatorum
1167 1192 1180 1227 :
1213 1175 1354 1229 sicut
1384 1177 1644 1246 scriptum
1677 1189 1759 1232 est
1791 1180 1842 1232 in
1878 1179 2014 1234 libro

441 1255 590 1309 Isaia:
630 1259 939 1326 prephetaa,
979 1261 1208 1317 dicentis
1245 1281 1258 1316 :
1304 1284 1321 1315 ι
1358 1264 1468 1318 Vox
1508 1267 1792 1320 clamantis
1832 1267 1882 1321 in
1921 1268 2016 1322 de-

440 1359 622 1411 serto,
666 1360 850 1420 parate
893 1353 1032 1406 viam
1079 1352 1329 1420 Domini,
1375 1369 1549 1412 rectas
1549 1359 1754 1452 .faeite
1795 1361 2015 1413 semitas

441 1441 564 1506 ejus
615 1460 628 1495 :
680 1443 858 1496 omnis
905 1445 1060 1499 vallis
1112 1447 1458 1516 implebitur,
1509 1441 1594 1503 et‘
1624 1451 1800 1504 omnis
1861 1467 2016 1505 mons

444 1533 822 1588 humiliabitur
875 1537 940 1590 et
987 1549 1141 1592 erunt
1175 1554 1341 1607 prava
1396 1541 1448 1593 in
1480 1541 1686 1596 directa
1727 1552 1777 1596 et
1825 1558 2014 1611 aspera

441 1623 493 1676 in
548 1625 662 1678 vias
715 1627 938 1695 planas,
992 1638 1048 1682 et
1096 1631 1303 1685 videbit
1352 1633 1529 1686 omnis
1585 1648 1711 1686 caro
1777 1634 2014 1688 salutare

445 1714 556 1767 Dei.
597 1734 615 1766 ι
661 1716 722 1770 [ἐι
767 1720 1221 1785 quemadmodum
1281 1723 1540 1790 scriptum
1589 1731 1714 1776 est:
1752 1743 1769 1774 ι
1805 1724 2016 1778 Sancti-

441 1803 670 1859 ﬁeabitis
709 1822 909 1860 annum
954 1788 1478 1881 quinquagesimum,
1522 1821 1577 1866 et
1615 1815 2013 1868 annuntiabitis
2048 1788 2086 1842 Β

441 1894 810 1949 remissionem
862 1897 915 1949 in
967 1907 1107 1952 terra
1155 1901 1406 1955 omnibus
1454 1901 1820 1957 habitantibus
1866 1919 2006 1958 eam.

439 1985 629 2039 Annus
673 1988 1008 2042 remissionis
1051 1990 1156 2044 erit
1193 1991 1363 2054 vobis,
1407 2002 1465 2046 ut
1503 2003 1558 2047 et
1597 1995 1795 2049 factum
1838 2003 1940 2049 est.
1985 2013 2002 2046 ι

443 2075 554 2130 Hoc
584 2077 728 2130 enim
765 2080 1014 2147 prazsenti
1052 2096 1197 2138 anno
1230 2084 1420 2137 mundi
1452 2085 1655 2140 conditi
1687 2103 1737 2140 ι’.
1772 2101 2008 2141 uoxxxvn

439 2167 644 2221 mensis
671 2167 899 2223 Amlinei
939 2171 1054 2238 (seu
1090 2171 1354 2245 Januarii)
1378 2176 1464 2230 die
1494 2193 1571 2239 vt,
1607 2177 2008 2233 distributionis

440 2273 567 2310 vero
598 2259 928 2315 hereditatis
957 2261 1184 2317 ﬁliorum
1217 2263 1380 2318 lsrael
1409 2280 1554 2318 anno
1578 2281 1741 2331 IDCC,
1769 2266 2010 2322 Juhilazis

439 2363 602 2401 xuw
629 2350 931 2417 completis,
960 2350 1159 2406 [actum
1186 2361 1270 2407 est
1291 2353 1515 2408 verbum
1546 2353 1638 2409 Dei
1665 2370 1828 2424 super
1849 2353 2012 2409 JOan-

438 2452 562 2489 nem
598 2438 871 2494 Zachariae
903 2441 1067 2496 ﬁlium
1099 2443 1152 2497 in
1185 2461 1368 2499 eremo
1401 2463 1412 2498 :
1446 2454 1502 2500 et
1530 2447 1677 2500 venit
1709 2447 2009 2516 praedicans

437 2526 763 2597 baptismum
800 2531 1166 2601 pmnitentizn,
1200 2535 1253 2589 in
1288 2537 1506 2590 nomine
1541 2536 1783 2601 Domini,
1819 2553 1884 2592 ac
1915 2554 2010 2592 vc—

436 2631 550 2670 ram
588 2620 961 2676 remissionem
997 2635 1341 2693 peccatorum
1377 2629 1629 2683 omnibus
1664 2629 2006 2697 hominibus,

435 2710 577 2776 apud
609 2708 900 2766 Jordanem
934 2713 1156 2768 ﬂuvium
1193 2718 1526 2772 annuntians
1559 2719 1612 2772 in
1646 2719 1824 2773 medio
1860 2720 2008 2790 ipso-

433 2813 554 2851 rum
581 2799 768 2854 adesse
787 2800 1066 2856 Christum
1096 2804 1208 2858 Dei.
1235 2805 1350 2874 lpse
1374 2814 1554 2860 autem
1577 2806 1735 2862 Jesus
1757 2807 2008 2865 Christus

435 2889 528 2942 Dei
565 2889 731 2944 Filius
765 2901 1046 2962 postquam
1083 2895 1138 2949 in
1173 2894 1449 2952 Bethleem
1479 2896 1677 2953 ludam
1711 2908 1870 2955 natus
1902 2911 2005 2968 est,

431 2996 555 3034 cum
586 2983 914 3052 complesset
943 3001 1144 3040 annum
1176 2988 1531 3054 tricesimum,
1556 2993 1704 3044 venit
1731 3007 1761 3046 a
1789 2992 2006 3049 Calilaaa

429 3072 730 3176 ierusalem
772 3077 838 3131 ad
880 3075 1171 3145 Joannem,
1216 3090 1270 3136 et
1311 3082 1380 3137 ab
1423 3082 1513 3137 illo
1551 3083 1856 3154 baptizatus
1897 3096 2002 3142 est.
2034 3118 2078 3176 ϐ

433 3162 615 3220 Tertia
662 3167 870 3222 decima
910 3169 1108 3226 deinde
1149 3172 1237 3226 die
1278 3189 1407 3229 xxxx
1451 3175 1582 3228 anni
1651 3191 1766 3231 suae
1807 3179 2004 3245 multis,

428 3255 680 3313 Christus
716 3275 878 3315 verus
918 3261 1060 3316 Deus
1098 3273 1285 3319 noster
1339 3265 1429 3321 die
1465 3283 1518 3322 v1
1555 3267 1858 3337 baptizatus
1893 3279 2009 3333 est,

431 3350 571 3404 sicut
608 3350 809 3406 dictum
849 3361 958 3418 est,
1004 3370 1190 3411 mense
1222 3358 1513 3422 Audinaeo,
1553 3360 2009 3428 quemadmodum

431 3449 578 3495 recte
607 3443 798 3498 eodem
831 3444 918 3500 die
949 3462 1099 3501 sacra
1132 3448 1383 3516 Lumina,
1412 3466 1509 3504 seu
1540 3451 1866 3520 Epiphania,
1895 3467 2010 3506 ma-

429 3530 517 3600 gni
562 3531 656 3584 Dei
698 3541 753 3586 et
798 3532 1102 3590 Servatoris
1144 3538 1317 3593 nostri
1358 3537 1486 3594 Jesu
1527 3539 1730 3594 Christi
1775 3540 2013 3596 celebrat

431 3620 697 3676 catholica
732 3631 786 3678 et
821 3627 1116 3693 apostolica
1151 3629 1391 3683 Ecclesia
1423 3631 1478 3684 in
1512 3631 1595 3685 sui
1631 3632 1800 3702 ipsius
1835 3642 1890 3687 et
1924 3649 2000 3687 xu

427 3716 796 3780 apostolorum
830 3731 1052 3770 suorum
1090 3717 1277 3789 ﬁgura.

1621 345 2057 408 CHRONICON
2095 348 2182 405 PA
2192 347 2500 406 SCHALE.

511 438 668 493 Anno
693 441 902 496 decimo
927 445 1116 512 quinto
1143 447 1350 517 imperii
1375 449 1574 505 Tiberii
1601 453 1846 519 Caesaris,
1875 454 2012 509 Pon-
2050 460 2086 514 κ

3593 347 3702 412 512

2194 455 2282 508 Ἑν
2314 455 2421 506 ἔτει
2455 455 2500 485 ’³⁸
2552 455 3024 524 πεντεκαιδεκάτῳ
3060 455 3158 524 τῆς
3204 455 3498 525 ἡγεμονίας
3548 457 3706 510 Τιϐε-

2117 546 2232 615 ρίου
2261 546 2559 614 Καίσαρος,
2593 545 3046 614 ἐπιτροπεύοντος
3083 546 3305 598 Ποντίου
3339 547 3574 600 Πιλάτου
3597 551 3704 617 τῆς

2127 631 2409 694 Ἰουδαίας,
2440 631 2862 701 τετραρχοῦντος
2885 631 2940 682 δὲ
2969 631 3014 660 ⁸³
3048 633 3145 698 τῆς
3194 630 3484 694 Γαλιλαίας
3525 633 3708 702 Ἡρώ-

2113 719 2226 782 δου,
2257 719 2522 791 Φιλίππου
2555 719 2610 771 δὲ
2634 719 2727 771 τοῦ
2751 719 2796 751 ⁸⁸
2819 719 3050 786 ἀδελφοῦ
3080 719 3245 772 αὐτοῦ
3276 721 3706 791 τετραρχοῦντος

2114 808 2211 876 τῆς
2259 788 2551 876 Ἰτουραίας
2592 808 2635 837 ’⁸
2691 808 2784 859 καὶ
2841 807 3239 876 Τραχωνίτιδος
3280 809 3324 838 "
3355 788 3563 878 κώρἇῇ
3603 811 3704 862 καὶ

2115 898 2380 951 Λυσανίου
2409 899 2506 967 τῆς
2539 898 2822 968 ’Λϐιληνῆς
2853 900 2900 930 ³³
2926 898 3370 968 τετραρχοῦντος.
3400 901 3495 953 ἐπὶ
3522 903 3704 972 ἀρχιε-

2116 989 2255 1060 ρέων
2283 990 2328 1020 ³⁸
2366 991 2534 1044 Ἅννα
2559 992 2652 1044 καὶ
2684 989 2927 1058 Καῖάφα,
2955 991 3119 1059 209
3141 991 3356 1056 ἐγένετο
3385 992 3536 1062 ῥῆμα
3559 991 3701 1044 Θεοῦ

2115 1081 2208 1132 ἐπὶ
2236 1081 2482 1150 Ἰωάννην
2503 1081 2590 1133 τὸν
2609 1081 2880 1150 Ζαχαρίου
2902 1082 3016 1132 υίὸν
3034 1083 3091 1132 ἐν
3110 1083 3173 1151 τῇ
3196 1082 3405 1152 ἐρήμην
3428 1084 3518 1135 καὶ
3536 1079 3704 1154 ἦλθεν

2116 1171 2193 1231 είς
2223 1169 2400 1221 πᾶσαν
2430 1168 2527 1238 τὴν
2576 1169 2883 1238 περίχωρον
2931 1167 3026 1220 τοῦ
3077 1168 3362 1237 Ἰορδάνου,
3407 1168 3704 1238 κηρύσσων

2117 1257 2397 1326 βάπτισμα
2451 1257 2736 1326 μετανοίας
2791 1258 2868 1318 είς
2904 1256 3098 1325 ἄφεσιν
3149 1256 3451 1326 ἁμαρτιῶν,
3483 1258 3560 1320 ὡς
3609 1259 3704 1325 γέ-

2117 1365 2359 1420 γραπται
2396 1350 2452 1400 ὲν
2482 1347 2648 1418 βίϐλῳ
2685 1348 2908 1400 Ἡσαΐου
2937 1346 3032 1400 τοῦ
3079 1349 3361 1418 προφήτου
3402 1347 3655 1416 λέγοντος
3682 1362 3699 1377 ·

2122 1457 2140 1490 ι
2175 1438 2332 1506 Φωνὴ
2391 1438 2624 1508 βοῶντος
2663 1440 2721 1490 ὲν
2778 1442 2842 1508 τῇ
2885 1439 3080 1508 ἐρήμῳ
3107 1453 3120 1467 ·
3185 1437 3546 1506 Ἑτοιμάσατε
3599 1437 3702 1508 τὴν

2115 1531 2232 1582 ὁδὸν
2295 1530 2537 1600 Κυρίου·
2596 1519 2810 1592 εῦθείας
2861 1533 3065 1582 ποιεῖτε
3102 1529 3199 1593 τὰς
3243 1529 3462 1600 τρίϐους
3506 1529 3698 1582 αὐτοῦ.

2117 1620 2272 1672 Πᾶσα
2297 1619 2518 1690 φάραγξ
2565 1619 3003 1690 πληρωθήσεται,
3042 1622 3137 1671 καὶ
3167 1620 3274 1672 πᾶν
3305 1619 3430 1690 ὄρος
3452 1620 3548 1672 καὶ
3575 1619 3703 1689 βου-

2117 1712 2204 1774 νὸς
2261 1711 2727 1781 ταπεινωθήσεται
2781 1711 2848 1775 ",
2906 1710 3001 1763 καὶ
3061 1709 3212 1762 ἔσται
3274 1710 3342 1762 τά
3373 1709 3561 1762 σκολιά
3617 1711 3702 1772 είς

2115 1803 2327 1854 εὐθεῖαν
2352 1804 2399 1834 ’⁸
2424 1804 2516 1855 καὶ
2536 1804 2589 1854 αἱ
2620 1804 2873 1873 τραχεῖαι
2906 1805 2985 1865 είς
3010 1802 3164 1863 ὁδοὺς
3193 1801 3366 1864 λείας,
3395 1801 3490 1854 καὶ
3509 1801 3701 1870 ὄψεται

2117 1895 2265 1946 πᾶσα
2301 1893 2434 1964 σάρξ
2461 1893 2521 1945 τὸ
2553 1894 2820 1965 σωτήριον
2870 1893 2962 1946 τοῦ
2999 1894 3134 1945 Θεοῦ
3166 1894 3232 1947 ⁸⁷.
3288 1914 3306 1945 ι
3370 1894 3479 1947 Καὶ
3515 1893 3702 1954 καθὼς

2113 1983 2418 2054 γέγραπται
2471 1985 2538 2046 ’⁸,
2569 1985 2651 2036 ὃτι
2687 2002 2706 2035 ι
2757 1984 3042 2052 Ἀγιάσετε
3085 1983 3148 2036 τὸ
3187 1983 3307 2046 ἔτος
3331 1984 3392 2035 τὸ
3431 1998 3704 2053 πεντηκο-

2115 2073 2259 2138 στὸν,
2299 2074 2392 2127 καί¹
2435 2074 2751 2146 διαϐοήσετε
2789 2075 2983 2144 ἄφεσιν
3039 2075 3132 2127 ἐπὶ
3161 2074 3261 2144 τῆς
3289 2075 3393 2144 γῆς
3429 2076 3564 2126 πᾶσι
3582 2075 3702 2137 τοῖς

2113 2165 2456 2218 κατοικοῦσιν
2493 2165 2696 2236 αὑτήν·
2735 2167 2980 2229 ἐνιαυτὸς
3029 2164 3279 2234 ἀφέσεως
3334 2164 3486 2217 ἔσται
3514 2165 3646 2234 ὑμῖν
3672 2180 3688 2194 ⁸

2111 2257 2254 2310 οὓτω
2283 2258 2375 2310 καὶ
2402 2259 2636 2325 ἐγένετο.
2679 2277 2698 2312 ι
2749 2260 2836 2312 Ἐν
2865 2258 2944 2328 τῷ
2973 2257 3081 2329 γὰρ
3123 2258 3356 2329 παρόντι
3383 2255 3558 2330 ⁴εφλς¹
3583 2256 3700 2310 ἔτει

2110 2348 2375 2416 γενέσεως
2405 2349 2631 2420 κόσμου,
2680 2350 2810 2420 μηνὶ
2842 2349 3119 2420 Αύδυναίῳ
3140 2351 3186 2382 ⁹⁹
3219 2346 3293 2414 ς’,
3324 2351 3421 2419 τῆς
3454 2365 3514 2400 τε
3561 2347 3700 2417 κλη-

2113 2438 2358 2509 ροδοσίας
2392 2440 2500 2493 τῶν
2551 2441 2684 2493 υίῶν
2728 2440 2941 2510 Ἰσραὴλ
2973 2440 3126 2504 ἔτους
3179 2437 3304 2511 μιν,
3344 2439 3702 2508 συμπληρου-

2113 2530 2289 2600 μένων
2331 2532 2657 2602 Ἰωδηλαίων
2687 2530 2780 2596 λδ’,
2811 2532 3026 2600 ἐγένετο
3051 2532 3202 2602 ῥῆμα
3233 2531 3366 2584 Θεοῦ
3391 2531 3484 2582 ἐπὶ
3520 2529 3706 2583 Ἰωάν-

2109 2641 2208 2695 νην
2239 2625 2334 2679 τὸν
2357 2623 2452 2677 τοῦ
2483 2624 2754 2696 Ζαχαρίου
2789 2625 2902 2677 υίὸν
2937 2627 2994 2676 ὲν
3032 2626 3098 2694 τῇ
3131 2625 3345 2694 ἐρήμῳ,
3397 2623 3492 2674 καὶ
3531 2618 3703 2692 ἦλθεν

2109 2713 2401 2786 κηρύσσων
2431 2714 2713 2785 βάπτισμα
2745 2715 3034 2782 μετανοίας
3057 2717 3138 2780 είς
3168 2716 3267 2787 τὴν
3289 2717 3494 2788 κυρίως
3531 2719 3548 2748 ί
3581 2718 3700 2788 (86)

2109 2807 2203 2858 καὶ
2233 2805 2377 2859 κατὰ
2405 2804 2660 2877 ἀλήθειαν
2707 2805 2901 2874 ἄφεσιν
2931 2806 3041 2859 τῶν
3082 2808 3366 2879 ἁμαρτιῶν
3397 2810 3563 2862 πᾶσιν
3599 2810 3701 2862 ἀν-

2109 2897 2369 2968 θρώποις,
2399 2897 2549 2967 παρὰ
2578 2897 2658 2967 τῷ
2692 2897 2935 2969 Ἰορδάνῃ
2959 2898 3190 2968 ποταμῷ
3212 2898 3702 2969 εὐαγγελιζόμενος

2109 2990 2166 3042 ὲν
2194 2990 2381 3062 μέσοις
2410 2990 2594 3053 αὐτοῖς
2622 2990 2722 3062 ήδη
2756 2994 3008 3061 παρεῖναι
3031 2990 3120 3044 τὸν
3141 2991 3372 3060 Χριστὸν
3403 2990 3557 3044 Θεοῦ.
3586 2992 3703 3043 Καὶ

2110 3061 2278 3146 αὐτὸς.
2301 3081 2358 3134 δὲ
2402 3080 2608 3152 Ἰησοῦς
2696 3081 2929 3152 Χριστὸς
2965 3082 2984 3112 ¹
3031 3080 3059 3131 6
3094 3079 3186 3134 τοῦ
3219 3080 3354 3134 Θεοῦ
3390 3081 3514 3144 Υἱὸς
3553 3081 3703 3150 μετὰ

2114 3173 2175 3226 τὸ
2205 3171 2464 3242 τεχθῆναι
2496 3173 2554 3224 ὲν
2589 3170 2833 3240 Βηθλεὲμ.
2860 3171 2961 3239 τῆς
3002 3169 3256 3233 Ἰουδαίας
3285 3170 3703 3240 συμπληρώσας

2110 3265 2247 3320 ἐτῶν
2272 3263 2504 3334 ἀριθμὸν
2531 3265 2830 3334 τριάκοντα
2866 3264 3202 3334 παρεγένετο
3247 3262 3355 3316 ἀπὸ
3401 3263 3495 3332 τῆς
3530 3263 3700 3316 Γαλι-

2108 3356 2267 3418 λαίας
2296 3356 2385 3407 ἐπὶ
2407 3354 2498 3407 τὸν
2534 3355 2804 3425 Ἰορδάνην
2838 3353 2974 3425 πρὸς
2995 3354 3086 3406 τὸν
3128 3354 3403 3423 Ἰωάννην,
3438 3354 3532 3405 καὶ
3569 3353 3702 3406 ἐϐα-

2110 3445 2308 3515 πτίσθη
2341 3445 2430 3497 ὑπ’
2465 3443 2650 3497 αὐτοῦ.
2698 3443 2786 3495 Ἐν
2831 3445 2896 3513 τῇ
2926 3443 3350 3514 τρισκαιδεκάτῃ
3381 3437 3472 3494 οῦν
3506 3441 3700 3511 ήμέρᾳ

2107 3537 2203 3590 τοῦ
2230 3535 2556 3607 τριακοστοῦ
2593 3534 2810 3604 πρώτου
2841 3533 2993 3598 ἔτους
3035 3533 3201 3586 αὐτοῦ
3245 3532 3476 3603 Χριστὸς
3505 3532 3531 3582 6
3557 3531 3699 3600 ἁλη-

2115 3627 2258 3690 θινὸς
2282 3626 2413 3688 Θεὸς
2441 3625 2599 3695 ἡμῶν
2633 3625 2934 3695 ἐϐαπτίσθη
2958 3627 3024 3695 τῇ
3057 3624 3211 3695 ἕκτῃ,
3243 3624 3386 3676 καθά
3416 3623 3695 3690 λέλεκται,

2107 3720 2199 3776 τοῦ
2229 3719 2521 3772 Αῦδυναίου
2541 3718 2560 3748 ³
2593 3718 2782 3790 μηνὸς,
2823 3716 3005 3781 καθὼς
3035 3717 3416 3788 ἀνεπιλήπτως
3458 3717 3516 3768 ἐν
3545 3717 3696 3786 αὐτῇ

428 3805 676 3878 ἑορτάζει
702 3807 772 3861 τὰ
803 3806 932 3875 am
973 3808 1148 3874 Φῶτα,
1184 3811 1352 3880 ῆγουν
1404 3811 1694 3879 Ἐπιφάνια
1721 3813 1743 3844 ³
1775 3813 1870 3867 τοῦ
1907 3813 2140 3883 μεγάλου
2191 3811 2326 3865 Θεοῦ
2357 3812 2449 3863 καὶ
2482 3811 2735 3881 Σωτῆρος
2770 3809 2927 3880 ήμῶν
2971 3809 3145 3880 Ἰησοῦ
3194 3808 3450 3882 Χριστοῦ,
3483 3811 3514 3880 ή
3547 3812 3696 3866 καθ-

428 3897 583 3964 ολικὴ
634 3896 726 3948 καὶ
755 3897 1084 3970 ἀποστολική
1129 3899 1428 3970 Ἐκκλησία
1458 3904 1515 3954 ὲν
1545 3903 1700 3974 τύπῳ
1733 3903 1898 3957 αὐτοῦ
1921 3904 1943 3936 ⁸
1976 3921 2034 3957 τε
2068 3903 2162 3957 καὶ
2195 3901 2302 3956 τῶν
2334 3901 2402 3973 ιβ’
2433 3901 2692 3972 μαθητῶν
2725 3899 2912 3954 αὐτοῦ.

502 3993 657 4043 Anno
688 3990 850 4061 igitur
880 3991 1065 4045 mundi
1098 3993 1299 4047 conditi
1330 4010 1379 4049 v.
1411 4012 1572 4060 unvn,
1609 3997 1684 4050 uti
1716 4013 1879 4067 supra
1908 4012 2005 4051 ex-

430 4080 664 4149 positum
712 4089 828 4146 est,
871 4090 926 4135 et
971 4097 1023 4136 xx
1064 4084 1294 4154 Augusti
1338 4083 1567 4141 Caesaris
1613 4087 1862 4156 imperii,
1907 4103 2002 4143 seu

430 4187 598 4224 xxnu
633 4173 961 4227 monarchize
996 4174 1197 4243 ipsius,
1235 4185 1395 4231 natus
1429 4186 1513 4234 est
1547 4180 1844 4233 secundum
1883 4195 2004 4234 car-

427 4277 554 4316 nem
593 4263 843 4317 Christus
877 4279 1036 4318 vcrus
1075 4264 1216 4320 Deus
1254 4276 1453 4321 noster.
1499 4266 1609 4321 lloc
1647 4278 1828 4323 autem
1868 4285 2002 4339 prte-

429 4360 584 4406 sente
619 4368 671 4406 v.
707 4368 943 4407 κοιμιιί
994 4369 1160 4417 anno,
1199 4355 1313 4424 ipse
1346 4357 1608 4410 Dominus
1639 4369 1694 4412 et
1730 4357 1874 4411 Deus
1909 4373 2006 4411 no-

427 4450 538 4496 ster
567 4442 726 4498 Jesus
765 4443 1016 4499 Christus
1053 4445 1356 4514 baptizatus
1396 4456 1481 4500 est
1521 4447 1575 4500 in
1609 4445 1868 4512 Jordane,
1905 4449 2006 4502 sub

424 4549 628 4588 annum
658 4536 1162 4607 quinquagesimum
1193 4538 1445 4592 tricesimi
1477 4539 1653 4608 quarti
1677 4538 1909 4604 Jubila'ei,
1937 4555 2002 4594 ex

425 4640 534 4695 quo
562 4625 874 4682 distributio
905 4627 1236 4683 haereditatis
1266 4627 1497 4683 ﬁliorum
1529 4627 1690 4683 Israel
1722 4629 1864 4684 facta
1895 4637 2000 4684 est.

2195 3996 2281 4050 Ἐν
2313 3996 2390 4065 τῷ
2420 4012 2459 4068 ⁴ε
2485 3995 2664 4048 τοίνυν
2691 3991 2775 4064 (ρξ’
2803 3993 2912 4048 ἔτει
2957 3994 3224 4064 γενέσεως
3245 3992 3474 4063 κόσμου,
3503 3993 3702 4060 καθὼς

2112 4088 2422 4160 πρόκειται,
2467 4085 2562 4140 καὶ
2589 4084 3036 4157 ςτεσσαρακοστῷ
3083 4085 3193 4155 (85)
3228 4084 3328 4154 τῆς
3372 4084 3696 4152 Αὐγούστου

2111 4180 2389 4249 Καίσαρος
2425 4176 2724 4248 βασιλείας,
2750 4177 2918 4246 ἦγουν
2941 4175 3173 4246 εἰκοστῷ
3202 4175 3373 4245 ὀγδόῳ
3392 4174 3490 4244 τῆς
3515 4176 3697 4230 αὑτοῦ

2117 4270 2434 4341 μοναρχίας,
2487 4270 2748 4340 ἐγεννήθη
2778 4268 2918 4322 κατὰ
2966 4269 3146 4339 σάρκα
3173 4268 3405 4339 Χριστὸς
3436 4270 3465 4320 6
3493 4268 3664 4336 άληθι

2039 4396 2080 4448 D
2108 4362 2194 4424 νὸς
2209 4362 2341 4423 Θεὸς
2357 4363 2387 4430 ἡ
2398 4361 2535 4431 μῶν.
2565 4362 2652 4414 Ἐν
2670 4359 2818 4429 δὲτῷ
2832 4359 3058 4430 παρόντι
3071 4356 3242 4432 ,εφλᾷ
3257 4359 3366 4411 ἔτει
3379 4358 3694 4448 ἐβαπτίσθη

2111 4453 2169 4504 ἔν
2196 4450 2274 4520 τῷ
2310 4449 2548 4520 Ἰορδάνῃ
2594 4449 2702 4502 ὑπὸ
2766 4449 3016 4503 Ἰωάννου
3065 4451 3094 4502 6
3135 4448 3298 4510 αὐτὸς
3340 4447 3545 4518 Κύριος
3592 4451 3698 4504 καὶ

2111 4541 2242 4605 Θεὸς
2266 4540 2424 4610 ήμῶν
2483 4540 2690 4610 Ἰησοῦς
2718 4542 2750 4592 6
2769 4539 3006 4608 Χριστὸς
3056 4538 3198 4592 κατὰ
3223 4537 3284 4591 τὸ
3314 4540 3695 4608 πεντηκοστὸν

2109 4629 2230 4694 ἔτος
2258 4631 2355 4701 τῆς
2379 4631 2932 4701 τριακοστοτετάρτης
2954 4631 3066 4701 (86)
3098 4630 3695 4709 πεντηκονταετηρίδος

1764 4785 2089 4842 DUCANCII
2131 4785 2356 4842 ΝΟΤᾹΞ.

499 4943 608 5026 (ἓξ)
650 4945 761 5026 Εἰς.
787 4942 906 5026 τήγ
936 4944 1181 5026 Κυρίουι
1218 4944 1314 5026 καὶ
1347 4943 1497 4998 κατὰ
1518 4944 1838 5026 άλήθειαν.
1870 4943 1996 4998 Haec

2117 4951 2254 5026 gusto
2304 4941 2521 5026 tribuit,
2568 4959 2631 4998 ex
2665 4943 2861 5026 quibus
2897 4958 3008 5026 μιν-
3034 4952 3153 5012 post
3191 4941 3394 5026 Christi
3433 4940 3692 5026 Natalem

423 5015 621 5068 additis
653 5015 830 5069 verbis
857 5015 1015 5068 Lucae
1045 5014 1184 5069 haud
1216 5015 1371 5082 plana
1405 5024 1552 5070 sunt.

499 5083 607 5152 (85)
653 5085 1140 5153 Τεσσαρακοστῷ.
1171 5085 1492 5140 Mendosum
1519 5100 1638 5139 esse
1665 5084 1840 5137 locum
1868 5098 1997 5137 con-

425 5152 536 5206 ﬁcit
566 5154 816 5207 Petavius
841 5152 908 5207 ad
937 5153 1202 5222 Epiphan.
1234 5155 1428 5209 haeres.
1461 5155 1550 5218 5|,
1580 5155 1843 5223 pag.210,
1871 5153 1998 5223 quia

423 5237 609 5294 supra,
649 5238 766 5294 pag.
799 5223 1006 5278 scilicet
1039 5225 1159 5290 192,
1193 5240 1364 5280 annos
1397 5239 1504 5287 LVI,
1536 5237 1749 5278 menses
1775 5240 1848 5288 γι,
1885 5228 1998 5277 Au-

2096 5013 2268 5084 vixitiz
2307 5015 2450 5084 unde
2483 5028 2592 5068 ml
2638 5028 2798 5084 agere
2827 5013 3044 5078 debuit,
3085 5028 3195 5082 quo
3235 5019 3480 5082 tempore
3515 5022 3695 5068 natus

2099 5093 2184 5138 est
2218 5083 2492 5138 Christus.

2185 5152 2296 5222 (86)
2343 5151 2965 5222 Tpiaxgatoz'stdpmc.
2997 5151 3100 5222 Nlla,
3147 5151 3286 5222 cod.
3319 5149 3564 5222 vatican.
3597 5152 3698 5222 At

2100 5217 2228 5277 Ant.
2267 5217 2492 5278 Allénus
2519 5217 2813 5278 Trecensis
2835 5217 3196 5286 consiliarius,
3239 5220 3322 5276 vir
3348 5221 3564 5284 doctus,
3597 5217 3691 5276 le-

1694 5379 1926 5436 VARIJE
1966 5377 2368 5434 LECTIONES.

495 5525 543 5559 ⁸⁸
580 5528 636 5578 ὲν
663 5525 793 5582 ἔτει.
827 5525 958 5580 Luc.
991 5540 1081 5589 Ill,
1113 5525 1162 5578 Ι.
1237 5525 1282 5556 ⁸’
1309 5524 1367 5578 δὲ
1409 5538 1518 5579 om.
1549 5522 1611 5576 P.
1686 5522 1829 5576 ⁹⁹τοῦ
1851 5537 1960 5578 om.
2005 5522 2064 5576 P.
2140 5520 2467 5592 ⁹¹Ἰτουρέας
2501 5518 2610 5592 ΡΥ.
2649 5589 2663 5592 _
2687 5521 2732 5554 "
2763 5519 3006 5592 Τραχαν.
3049 5521 3112 5592 ξ.
3144 5515 3542 5592 Αυ-’Δδιλινῆς
3567 5515 3692 5592 ΡΥ.

421 5594 477 5630 οδ
502 5596 802 5666 ἀρχιερέως
834 5595 900 5666 γε
986 5595 1032 5627 ’³
1064 5594 1158 5647 καὶ
1177 5593 1728 5666 -ᾲταπεινωθήσεται
1756 5608 1866 5666 om.
1894 5593 1958 5645 P.

428 5667 479 5735 F3
509 5663 837 5735 γέγραπται.
883 5663 1055 5735 Levit.
1089 5664 1332 5735 xxv,ilQ.

439 5733 459 5768 ⁵
487 5732 773 5805 ἐπιφάνεια
815 5733 920 5789 PV.
998 5736 1018 5767 ⁵
1055 5734 1246 5788 ἑαυτοῦ
1290 5732 1397 5788 PV.

1434 5593 1728 5664 νωθήσεται
1756 5608 1866 5647 om.
1894 5593 1958 5645 P.
2063 5593 2111 5624 ⁹⁶
2141 5591 2322 5644 εὐθεῖα
2353 5591 2412 5646 Ρ.
2539 5591 2584 5623 ⁸⁷
2617 5591 2678 5642 τὸ
2710 5591 2974 5715 σωτέριον
3000 5591 3095 5643 τοῦ
3136 5592 3144 5638 l

1434 5664 1478 5698 ”
1508 5662 1774 5734 Αὺδιναίῳ
1802 5663 1864 5716 Ρ.
1972 5663 1986 5694 ¹
2022 5660 2224 5732 Κυρίου
2254 5660 2318 5715 R.
2411 5660 2432 5691 ⁸
2460 5664 2488 5714 6
2516 5659 2770 5730 Χριστός.
2864 5659 3042 5732 ριστὸς
3082 5659 3144 5713 Ρ.

2539 5590 2584 5666 ετ
2617 5589 2678 5642 τὸ
2710 5585 2974 5711 σωτέρίον
3000 5588 3095 5643 τοῦ
3136 5587 3289 5642 Θεοῦ.
3316 5587 3407 5673 τὸν
3435 5585 3574 5638 Θεὸν
3614 5587 3692 5642 P.

2539 5659 2770 5711 [οιστὸς.
2865 5659 3042 5711 ριστὸς
3082 5659 3144 5711 Ρ.
3248 5658 3269 5690 ³
3297 5654 3586 5711 Λυδιναίου
3617 5656 3691 5711 Ρ.
