3870 6336
452 374 559 440 515

1641 364 2076 427 CHRONICUN
2118 359 2522 422 PASCHALE.

3602 350 3715 417 516

523 485 642 540 Jam
677 497 807 535 vero
836 498 879 539 su
910 481 1140 538 velimus
1172 480 1471 551 intelligere
1500 488 1663 549 quota
1699 476 1901 531 mensis
1927 475 2030 527 hoc

2204 466 2337 522 Εἶτα
2363 468 2607 530 θέλοντες
2631 464 2836 533 γνῶναι
2872 460 3046 531 πὸστῃ
3085 461 3127 492 ⁸⁸
3166 460 3259 514 τοῦ
3286 460 3456 532 μηνὸς
3480 461 3723 531 ἔφθασεν

454 573 708 644 praesenti
743 586 888 625 anno
928 589 981 626 v.
1028 586 1286 625 unxxxvu
1332 568 1632 631 exstiterit,
1666 566 1821 621 initio
1865 581 1895 619 a
1946 579 2034 618 xxi

457 664 661 717 mensis
690 662 865 716 Martii
900 671 1150 731 sumpto;
1186 677 1311 715 xxiv
1342 659 1504 730 primi
1538 657 1740 713 mensis
1770 657 1947 722 luna},
1979 674 2033 712 ν.

456 772 729 822 unum,
759 755 986 811 facimus
1026 770 1123 823 per
1160 769 1279 819 xxx,
1311 759 1366 808 et
1417 752 1669 807 ducimus
1709 764 1770 805 cc
1819 751 1873 803 in
1907 763 2034 812 xix,

460 851 597 902 liunt
636 864 718 902 ιιι.
772 862 953 902 unccc.
990 845 1193 900 Deinde
1235 860 1353 911 xix,
1390 858 1455 898 xc
1485 850 1673 897 creant
1702 855 1901 904 unccx,
1931 839 2039 895 duc

352 976 368 997 κ
462 955 510 1005 ι,
542 941 594 992 in
639 954 729 992 xIx
768 937 975 1006 reliqua
1016 943 1145 990 sunt
1182 950 1275 989 vn.
1332 932 1572 987 Rursum
1601 947 1680 986 vu
1733 930 1839 985 duc
1862 931 1917 984 in
1949 945 2035 994 xl,

460 1032 594 1084 ﬁunt
629 1045 836 1083 Lxxvu.
866 1028 1055 1097 Abjice
1082 1025 1169 1081 bis
1210 1041 1319 1080 xxx
1368 1024 1507 1079 fiunt
1541 1040 1641 1087 Lx,
1674 1022 1884 1092 reliqua
1913 1031 2041 1076 sunt

461 1136 571 1175 xvu
592 1160 605 1181 ,
660 1119 832 1188 adjice
863 1118 949 1172 his
979 1134 1075 1171 xtn
1105 1116 1223 1170 illas
1248 1123 1375 1170 ante
1400 1113 1792 1168 illnminarium
1822 1112 2041 1167 antelu-

462 1225 625 1264 narcs
649 1252 661 1268 .
689 1220 832 1263 ctvu
857 1225 887 1263 a
916 1226 1007 1263 xxi
1039 1207 1247 1262 mensis
1275 1204 1453 1260 Martii
1476 1245 1491 1269 ,
1517 1206 1652 1259 liunt
1679 1219 1838 1258 xuv:
1867 1202 2041 1272 abjice

462 1319 574 1359 xxx
606 1302 1112 1371 relinquuntnrxw.
1140 1297 1374 1353 Proinde
1402 1295 1596 1351 incidit
1620 1311 1711 1350 xvi
1737 1293 1941 1350 mensis
1956 1293 2043 1348 lu-

465 1411 548 1449 nte
572 1410 722 1449 xxvn
758 1394 965 1448 mensis
998 1391 1199 1446 Martii.

536 1481 593 1535 Si
626 1483 857 1537 velimus
885 1482 1047 1535 etiam
1088 1494 1253 1535 nosse
1279 1479 1337 1533 in
1364 1478 1578 1550 qualem
1610 1478 1752 1533 diem
1790 1477 2042 1533 inciderit

466 1590 559 1630 xlv
604 1573 811 1627 mensis
862 1573 1035 1637 lunas,
1067 1589 1121 1627 ν.
1173 1587 1445 1635 unxxxvr,
1497 1570 1748 1625 addimus
1794 1578 2043 1640 quartam

468 1673 675 1734 partem
712 1678 1076 1728 ICCCLXXXIV,
1110 1662 1242 1719 ﬁent
1273 1679 1351 1718 νι.
1375 1655 1667 1718 ninecccxx.
1729 1662 1836 1717 Has
1860 1662 2045 1717 divide

469 1756 525 1810 in
558 1772 664 1819 vn,
705 1772 781 1809 vu
826 1756 883 1808 in
938 1769 1139 1819 ncccc,
1190 1754 1321 1808 ﬁent
1344 1770 1419 1809 vr.
1453 1770 1604 1810 uccc.
1656 1752 1858 1808 Deinde
1882 1769 1958 1807 vn
1989 1752 2044 1806 in

2139 560 2282 614 κατὰ
2309 560 2372 614 τὸ
2401 559 2577 630 παρὸν
2606 556 2770 625 ,εςρλξΙ
2794 554 2934 618 ἔτος,
2979 551 3157 622 ἀρχὴν
3204 551 3430 623 είληφος
3481 552 3590 605 ἀπο
3632 560 3722 607 κα¹

2137 652 2231 705 τοῦ
2260 651 2504 723 Μαρτίου
2546 647 2737 721 μηνὸς,
2765 648 2800 716 ἡ
2836 643 2897 699 ιδ’
2926 644 3021 697 τοῦ
3060 641 3279 715 πρώτου
3309 640 3479 714 μηνὸς
3498 643 3598 713 τῆς
3629 661 3724 696 σε-

2147 743 2337 814 λήνης,
2379 740 2448 795 τὰ
2481 740 2652 810 ,εφ).ς¹
2678 736 2938 807 ποιοῦμεν
2967 734 3120 805 παρᾶ
3150 733 3242 788 τὸν
3264 732 3328 786 ιθ¹
3356 747 3370 763 ⁸
3400 733 3463 787 ιθ⁹
3490 740 3535 786 σ¹
3553 734 3725 801 γίνονσ

2139 850 2231 887 ται
2257 840 2366 902 ,γω⁹
2393 850 2406 863 ·
2429 832 2495 887 ιθ⁹
2514 836 2552 899 k
2570 831 2814 901 γίνονται
2840 827 2964 901 ,αψϋ
2990 842 3005 858 ο
3028 825 3091 879 ιθ¹
3109 833 3157 879 α’
3183 825 3425 895 γίνονται
3448 826 3605 895 21],
3636 827 3723 879 ιθὀ

2138 921 2322 976 λοιπὸν
2360 919 2405 986 ζ’
2432 937 2444 951 ·
2478 920 2684 983 ταύτας
2715 917 2810 971 ἐπὶ
2843 911 2937 970 τ’ὺν
2976 921 3045 969 ια’
3070 914 3314 984 γίνονται
3344 913 3427 979 σε’
3452 930 3466 944 ·
3507 915 3648 968 ἑκϐα
3678 915 3726 984 β’

2149 1014 2191 1067 λ’
2215 1052 2231 1078 ,
2261 1012 2503 1081 γίνονται
2546 1011 2589 1079 ξ’
2615 1026 2630 1042 ·
2661 1008 2849 1064 λοιπὸν
2903 1005 2969 1072 ιζ’
2999 1024 3014 1039 ·
3063 1005 3343 1078 πρόσϐαλε
3389 1007 3624 1071 ταύταις
3653 1013 3727 1075 ιγ’

2145 1104 2246 1168 τὰς
2276 1104 2383 1175 πρὸ
2412 1103 2518 1156 τῶν
2551 1103 2876 1173 φωστήρων,
2914 1098 3286 1172 προσελήνους
3318 1097 3386 1166 ζ’,
3419 1100 3515 1154 καὶ
3548 1099 3595 1165 ζ’
3630 1099 3730 1164 τὰς

2141 1195 2250 1250 ἀπὸ
2278 1193 2366 1250 κα¹
2401 1194 2496 1249 καὶ
2526 1195 2697 1263 αὐτῆς
2724 1191 2817 1248 τοῦ
2843 1193 3091 1266 Μαρτίου
3117 1192 3308 1265 μηνὸς,
3324 1193 3617 1263 γίνονταιμ
3638 1192 3688 1247 δ’
3706 1210 3720 1225 ο

2142 1285 2280 1339 ἑκϐα
2311 1285 2378 1348 λ’,
2407 1284 2593 1340 λοιπὸν
2640 1285 2724 1340 ιδ’.
2767 1284 3105 1356 Ἔφθασενή
3142 1281 3203 1337 ιδ’
3222 1283 3319 1338 τοῦ
3356 1283 3574 1355 πρώτου
3622 1298 3725 1355 μη-

2142 1375 2232 1439 νὸς
2272 1374 2372 1446 τῆς
2402 1377 2633 1446 σελήνης
2652 1376 2717 1446 τῇ
2752 1371 2833 1438 κζ’
2859 1374 2904 1406 ¹⁶
2935 1372 3030 1428 τοῦ
3056 1372 3301 1444 Μαρτίου
3329 1371 3441 1442 (9θ)
3468 1373 3661 1443 μηνός.

2213 1460 2349 1520 Εἶτα
2378 1464 2624 1528 θέλοντες
2647 1464 2851 1534 γνῶναι
2881 1464 2980 1518 xui.
3019 1464 3151 1535 ποίᾳ
3194 1463 3383 1533 ἡμέρᾳ
3413 1463 3454 1495 ⁸⁷
3488 1462 3730 1532 ἔφθασεν

2142 1559 2177 1628 ή
2202 1554 2261 1610 ιδ’
2276 1555 2374 1610 τοῦ
2394 1556 2612 1628 πρώτου
2640 1555 2807 1627 μηνὸς
2828 1555 2928 1625 τῆς
2953 1555 3205 1625 σελήνης,
3221 1556 3335 1616 τοῖς
3364 1553 3407 1586 ⁸⁸
3424 1552 3600 1623 ,εφλςθ
3620 1553 3735 1623 (9t)

2147 1648 2514 1720 προστίθεμεν
2559 1647 2620 1701 τὸ
2668 1647 2930 1718 τέταρτον
2978 1642 3146 1718 ⁴ατπδ¹
3193 1661 3208 1675 ·
3263 1646 3502 1713 γίνονται
3555 1643 3735 1717 ,ςῇκπ

2147 1740 2364 1803 Ταύτας
2390 1740 2471 1802 είς
2500 1736 2545 1802 ζ’
2572 1753 2587 1768 ο
2619 1736 2664 1802 ζ’
2691 1736 2750 1804 ᾎ
2773 1738 3016 1806 γίνονται
3034 1742 3172 1815 ,ςτίο
3203 1732 3247 1802 ζ’
3275 1733 3329 1788 π’
3348 1736 3589 1805 γίνονται
3615 1735 3703 1805 (ρξ’
3720 1775 3736 1789 .

470 1861 605 1911 xxc,
658 1846 789 1901 ﬁent
818 1861 951 1911 an;
993 1859 1209 1899 rursum
1239 1860 1315 1898 vn
1366 1844 1423 1898 in
1464 1858 1594 1909 vm,
1646 1859 1755 1897 LVI.
1810 1841 2052 1912 Reliqua:

2165 1830 2202 1897 ζ’
2239 1829 2286 1900 η’
2320 1829 2561 1899 γίνονται
2589 1836 2676 1894 νς¹
2700 1846 2715 1861 ·
2763 1828 2953 1883 λοιπὸν
2994 1829 3037 1882 δ’
3076 1814 3311 1883 ἐπακταί
3358 1828 3425 1883 ¹⁹.
3487 1828 3734 1890 Ταύταις

482 1945 612 1992 sunt
640 1946 842 2006 epacta:
872 1952 925 1990 tv
950 1935 1034 1989 his
1061 1935 1198 1989 adde
1227 1951 1289 1989 ιιι
1336 1934 1791 1999 antelnminarcs,
1828 1941 1884 1988 et
1914 1949 1990 1987 vn
2026 1947 2057 1986 a

474 2045 567 2084 δτι
625 2028 834 2082 mensis
884 2026 1101 2091 Martii,
1136 2025 1268 2080 ﬁent
1299 2043 1391 2081 xlv
1420 2044 1433 2079 :
1468 2026 1537 2080 ab
1588 2025 1674 2080 his
1722 2033 1916 2094 praeter
1945 2041 2056 2088 vn,

474 2120 646 2190 abjice
691 2136 806 2181 vn,
858 2118 1220 2173 remanebunt
1270 2133 1369 2172 vn.
1423 2116 1592 2187 Igitur
1623 2115 1931 2186 colligimus
1957 2117 2062 2172 hoc

474 2210 728 2284 prtesenti
770 2225 915 2264 anno
956 2226 1048 2264 xlv
1100 2207 1262 2278 primi
1318 2207 1526 2262 mensis
1578 2207 1721 2261 lunm
1764 2223 1916 2262 xxvu
1971 2208 2062 2263 die

475 2300 712 2354 Sabbato
746 2299 948 2354 mensis
976 2296 1152 2352 Martii
1184 2311 1497 2351 occurrere.
1532 2293 1699 2350 Primi
1734 2312 1865 2350 vero
1906 2312 2063 2351 men-

475 2392 552 2445 sis
589 2408 661 2446 xv
709 2392 884 2457 lunae,
936 2404 1098 2460 quem
1149 2387 1385 2458 primum
1434 2386 1759 2457 Azymorum
1786 2396 1945 2443 vocat
1976 2387 2062 2442 lex

476 2482 660 2537 divina
682 2525 697 2550 ,
728 2481 972 2537 occurrit
1016 2479 1151 2534 feria
1181 2495 1200 2533 ι
1248 2478 1637 2542 hebdomadis,
1680 2478 1784 2534 hoc
1815 2487 1901 2533 est
1950 2477 2062 2534 Do-

477 2572 675 2627 miniea
697 2612 712 2638 ,
757 2585 877 2641 quae
928 2576 1015 2625 est
1053 2568 1172 2624 dies
1206 2582 1248 2622 ιι
1301 2581 1332 2621 a
1364 2565 1605 2621 Sabbata
1638 2585 1652 2620 :
1686 2568 1824 2621 solet
1849 2567 1996 2621 enim
2031 2584 2063 2624 a

478 2662 592 2718 Deo
626 2664 888 2732 inspirata
931 2660 1215 2730 Scriptura
1246 2674 1691 2728 unumquemque
1726 2659 1870 2713 diem
1902 2659 2064 2715 feria-

479 2763 595 2809 tum
625 2752 921 2807 Sabbatum
945 2750 1253 2822 appellare.
1288 2749 1585 2803 Sabbatum
1609 2749 1775 2819 igitur
1800 2751 2061 2820 appellat,

480 2858 594 2898 non
632 2843 794 2896 modo
835 2858 928 2897 xlv
963 2840 1167 2896 mensis
1198 2840 1341 2894 lunas
1378 2839 1616 2895 Sabbato
1644 2852 2025 2898 occurrentem
2047 2882 2063 2909 ,

481 2935 577 2990 sed
621 2933 787 2989 etiam
813 2949 886 2988 xv
931 2931 1090 3002 primi
1127 2929 1331 2985 mensis
1375 2929 1553 2996 lunae,
1606 2931 1699 3001 qui
1745 2940 1828 2987 est
1856 2933 2067 3003 primus

482 3025 812 3096 Azymorum
849 3023 987 3091 dies,
1036 3023 1296 3095 illumque
1326 3026 1505 3097 primo
1535 3025 1624 3081 die
1654 3034 2028 3081 occurrentem
2047 3066 2063 3092 ,

2157 1920 2435 1995 πρόσϐαλε
2464 1917 2512 1989 γ’
2546 1920 2644 1985 τὰς
2672 1920 2779 1991 πρὸ
2815 1919 2925 1972 τῶν
2956 1920 3259 1990 φωστήρων
3293 1919 3388 1972 καὶ
3415 1917 3460 1983 ζ’
3483 1918 3584 1982 τὰς
3631 1919 3742 1972 ἀπὸ

2162 2013 2249 2067 κα⁰
2273 2013 2369 2066 καὶ
2398 2011 2569 2081 αὐτῆς
2596 2010 2690 2064 τοῦ
2710 2010 2956 2082 Μαρτίου
2988 2010 3179 2081 μηνὸς,
3206 2010 3447 2079 γίνονται
3480 2008 3562 2065 ιδ’.
3593 2011 3743 2065 Ταὺςο

2158 2121 2258 2167 τας
2284 2104 2434 2176 παρὰ
2466 2103 2558 2156 τὸν
2591 2100 2636 2168 ξ’
2663 2115 2679 2131 ⁸
2715 2101 2852 2156 εκόα
2891 2099 2958 2166 ζ’,
3006 2101 3193 2155 λοιπὸν
3224 2099 3292 2168 ζ’.
3332 2103 3623 2172 Ἐγνωμεν
3649 2100 3743 2156 οὖν

2158 2196 2234 2261 ὡς
2267 2195 2411 2248 κατὰ
2464 2195 2527 2247 τὸ
2572 2194 2746 2265 παρὸν
2787 2193 2906 2256 ἔτος
2956 2191 3250 2265 ἔφθασενή
3296 2190 3358 2247 ιδ’
3396 2193 3491 2245 τοῦ
3525 2191 3745 2265 πρώτου

2164 2285 2332 2358 μηνὸς
2357 2285 2458 2355 τῆς
2492 2284 2724 2355 σελήνης
2742 2286 2809 2356 τῇ
2841 2281 2923 2347 κζ’
2949 2283 3042 2337 τοῦ
3086 2284 3328 2355 Μαρτίου
3370 2288 3538 2356 μηνὸς
3562 2285 3663 2338 καὶ
3700 2286 3748 2318 ⁸⁸

2161 2378 2219 2428 ἑν
2254 2374 2535 2445 Σαϐϐάτῳ.
2577 2374 2644 2428 Ἦ
2679 2375 2738 2428 δὲ
2784 2381 2845 2428 ιε’
2870 2377 2913 2407 ⁸³
2943 2374 3038 2428 τοῦ
3068 2375 3284 2445 πρώτου
3322 2376 3489 2446 μηνδς
3518 2376 3624 2445 τῆς
3661 2393 3748 2428 σεο

2162 2465 2351 2537 λὴνης,
2381 2464 2449 2537 ἣν
2470 2464 2693 2535 πρώτην
2714 2463 2822 2519 τῶν
2855 2463 3078 2534 ἀζύμων
3103 2467 3132 2518 ὁ
3162 2464 3305 2528 θεῖος
3346 2464 3750 2537 προσαγορεύει

2163 2560 2347 2629 νόμος,
2376 2556 2611 2626 ἔφθασεν
2640 2557 2700 2609 ἑν
2722 2556 2906 2627 ἡμέρᾳ
2926 2556 3115 2628 πρώτῃ
3132 2558 3231 2627 τῆς
3252 2556 3570 2627 ἑϐδομάδος,
3589 2573 3750 2609 τουτ-

2167 2649 2315 2703 έστιν
2366 2649 2644 2719 Κυριακῇ,
2666 2648 2702 2718 ἡ
2729 2648 2879 2700 ἐστιν
2901 2648 2945 2680 ⁸³
2979 2649 3164 2719 ἡμέρα
3185 2649 3414 2721 δευτέρα
3463 2647 3561 2701 τοῦ
3601 2649 3751 2702 Σασ-

2168 2740 2335 2793 6άτου
2381 2753 2397 2767 ⁸
2435 2738 2624 2791 εῐωθεν
2657 2738 2766 2808 γὰρ
2789 2739 2822 2807 ἡ
2865 2736 3220 2799 θεόπνευστος
3266 2737 3457 2809 Γραφὴ
3507 2737 3754 2807 ἑκάστην

2165 2830 2378 2902 ἡμέραν
2413 2830 2722 2884 ἀνάπαυσιν
2753 2829 2800 2860 ’⁸
2835 2829 3066 2898 ἔχουσαν
3117 2828 3391 2882 Σάὸὅατον
3435 2826 3752 2899 ὀνομάζειν.

2165 2921 2442 2977 Σάϐϐατον
2469 2917 2562 2975 οὖν
2595 2920 2752 2974 καλεῖ
2792 2920 2854 2973 οὐ
2897 2920 3059 2990 μόνον
3093 2921 3194 2991 τὴν
3223 2920 3280 2973 ιδ’
3307 2919 3401 2973 τοῦ
3432 2921 3658 2990 πρώτου
3708 2920 3757 2952 ⁸⁸

2170 3013 2338 3085 μηνὸς
2375 3012 2477 3083 τῆς
2511 3011 2743 3083 σελήνης
2779 3010 3062 3081 φθάσασαν
3095 3014 3153 3066 ὲν
3179 3010 3462 3081 Σαϐϐάτῳ.
3493 3010 3636 3064 ἀλλὰ
3659 3016 3759 3064 καὶ

482 3127 539 3172 et
562 3133 655 3173 IX]
682 3117 928 3188 ejusdem
960 3117 1169 3172 mensis
1197 3116 1338 3173 diem
1361 3119 1489 3188 ,qui
1513 3127 1598 3173 est
1632 3117 1899 3188 septimus
1937 3116 2060 3173 festi

2166 3105 2264 3176 τὴν
2313 3111 2372 3158 ιε’
2396 3103 2492 3158 τοῦ
2542 3102 2762 3176 πρώτου
2823 3103 2991 3174 μηνὸς
3019 3103 3118 3172 τῆς
3150 3101 3400 3175 σελήνης,
3442 3103 3567 3173 ἥτις
3602 3103 3759 3155 ἐστὶν

483 3207 843 3277 Azymornm,
887 3207 1152 3277 septimus
1199 3223 1330 3263 vero
1368 3208 1723 3265 hebdomadis
1758 3207 1895 3263 dies.
1930 3205 2060 3263 Illud

2167 3197 2359 3270 πρώτη
2380 3196 2489 3251 τῶν
2508 3196 2733 3268 ἀζύμων
2753 3197 2955 3269 ἡμέρα,
2979 3198 3073 3249 καὶ
3088 3195 3261 3268 αὐτὴν
3281 3199 3339 3250 ἑν
3360 3196 3543 3269 ἡμέρᾳ
3560 3195 3761 3269 πρώτῃ

485 3311 650 3367 porro
695 3298 906 3353 Pascha
944 3297 1216 3354 indicasse
1249 3299 1382 3354 mihi
1408 3300 1622 3355 videtur
1651 3299 1868 3355 divinus
1893 3315 2065 3367 evan-

484 3389 678 3462 gelista
732 3388 948 3455 Lucas,
989 3404 1114 3444 cum
1157 3390 1271 3444 ait:
1311 3409 1332 3442 ι
1373 3389 1598 3446 Factum
1643 3401 1728 3448 est
1776 3401 1958 3447 autem
2009 3392 2064 3446 in

489 3483 733 3537 Sabbato
763 3483 1004 3537 secundo
1030 3484 1209 3554 primo
1233 3500 1356 3540 cum
1378 3486 1536 3542 Jesus
1557 3487 1815 3542 transiret
1837 3502 1932 3556 per
1952 3494 2066 3541 sata

487 3588 612 3627 cum
644 3574 924 3644 discipulis
954 3575 1104 3642 suis,
1140 3577 1231 3646 qui
1275 3578 1548 3634 vellebant
1585 3579 1792 3649 spicas,
1826 3588 1887 3633 ut
1913 3595 2069 3634 man-

489 3662 774 3717 ducarent.
813 3682 832 3714 ι
873 3663 1043 3718 Vocat
1089 3675 1271 3721 autem
1304 3668 1544 3727 secundo
1584 3669 1816 3737 primum
1861 3669 2070 3726 Sabba-

491 3761 609 3808 tum
632 3792 648 3813 .
680 3768 792 3807 non
828 3753 1003 3808 solum
1033 3756 1177 3824 quod
1211 3756 1479 3827 septimus
1515 3757 1586 3811 sit
1623 3758 1777 3824 dies,
1818 3775 1927 3830 quo
1960 3761 2073 3831 pri-

493 3857 617 3898 mus
644 3841 972 3913 Azymorum
1008 3843 1265 3898 inventus
1290 3851 1406 3909 est,
1427 3843 1519 3899 sed
1549 3844 1711 3898 etiam
1737 3846 1882 3915 quod
1904 3846 1973 3901 ab
2004 3860 2072 3900 eo

499 3949 532 3989 ι.
572 3933 691 3988 dies
735 3943 1083 4004 putarentur,
1121 3934 1431 4004 festumque
1477 3934 1889 3990 celebraretur:
1926 3936 2072 4005 quod

493 4024 713 4095 quidem
741 4023 941 4079 festum
972 4024 1056 4080 lex
1093 4024 1278 4080 divina
1321 4024 1518 4080 festum
1552 4025 1951 4081 hebdomadam
1978 4042 2075 4097 ap-

493 4115 678 4187 pellat.
712 4115 849 4171 Cum
883 4131 1014 4188 ergo
1045 4133 1123 4172 vn
1153 4115 1387 4172 Sabbata
1426 4125 1644 4173 exstent
1692 4117 1746 4171 in
1776 4117 1882 4173 hoc
1910 4118 2072 4188 quin-

494 4200 824 4277 quagesima:
856 4222 1003 4263 anno
1022 4249 1038 4272 ,
1073 4216 1133 4262 ut
1157 4223 1277 4278 qua:
1308 4223 1339 4262 a
1370 4206 1613 4263 Sabbata
1639 4207 1852 4262 initium
1876 4209 2069 4274 ducat,

495 4307 553 4354 et
581 4298 639 4352 in
690 4297 991 4353 Sabbatum
1027 4307 1237 4369 septem
1275 4299 1637 4355 Sabbatorum
1662 4314 1878 4354 rursum
1908 4299 2076 4354 totius

496 4389 712 4445 numeri
742 4388 868 4446 linis
896 4390 1113 4445 desinat
1135 4429 1149 4453 .
1186 4398 1480 4459 eapmpter
1511 4391 1618 4445 hoc
1648 4389 1913 4446 Paschate
1947 4405 2074 4445 cum

2167 3287 2478 3358 φθάσασαν,
2516 3287 2612 3342 καὶ
2645 3287 2746 3356 τὴν
2771 3293 2859 3341 καθ
2889 3287 2982 3340 τοῦ
3015 3287 3179 3340 αὐτοῦ
3214 3287 3400 3359 μηνὸς,
3429 3288 3551 3359 ἥτις
3599 3289 3759 3340 ἐστὶν

2166 3380 2366 3452 ἑϐδόμη
2413 3379 2512 3452 μὲν
2559 3379 2745 3451 ήμὲρα
2780 3379 2881 3450 τῆς
2909 3380 3103 3451 ἑορτῆς
3140 3378 3250 3433 τῶν
3273 3378 3520 3449 ἀζύμων,
3544 3379 3759 3450 ἑϐδόμη

2165 3473 2235 3527 δὲ-
2245 3474 2344 3543 τῆς
2366 3456 2658 3544 ἑϐδομάδος
2686 3472 2891 3543 ἡμέρα.
2918 3469 3090 3524 Τοῦτο
3110 3466 3204 3524 οὖν
3224 3470 3284 3524 τὸ
3306 3471 3497 3541 Πάσχα
3512 3469 3762 3542 δηλῶσαί

2171 3583 2262 3637 μοι
2286 3566 2474 3619 δοκεῖό
2492 3565 2636 3627 θεῖος
2652 3563 3049 3634 εὐαγγελιστὴς
3068 3565 3305 3627 Λουκᾶς,
3327 3564 3387 3616 ἑν
3399 3559 3480 3627 οἷς
3496 3580 3670 3635 φησιν
3691 3565 3761 3597 ’⁸-

2176 3676 2197 3710 ι
2238 3656 2486 3724 Ἐγένετο
2505 3657 2562 3708 ἐν
2588 3653 2853 3725 Σασσάτῳ
2872 3653 3299 3725 δευτεροπρώτῳ
3326 3653 3642 3726 διέρχεσθαι
3666 3656 3766 3708 τὸν

2187 3746 2396 3818 Ἰησοῦν
2427 3747 2524 3801 καὶ
2554 3747 2681 3810 τοὺς
2714 3745 2961 3816 μαθητὰς
2993 3745 3159 3800 αὑτοῦ
3188 3746 3277 3801 διὰ
3300 3742 3410 3800 τῶν
3448 3749 3765 3819 σπορίμων,

2170 3840 2298 3902 τοὺς
2327 3838 2385 3892 δὲ
2426 3837 2671 3910 μαθητὰς
2702 3837 2980 3901 τίλλοντας
3026 3839 3153 3902 τοὺς
3192 3839 3432 3909 στάχυας
3466 3839 3696 3893 ἐσθίειν-
3743 3860 3765 3892 ι

2173 3930 2628 4003 Δευτερόπρωτον
2651 3928 2765 4001 (92)
2793 3928 2850 3982 δὲ
2876 3928 3157 3984 Σάδδατον
3183 3928 3338 3984 καλεῖ
3354 3930 3513 3984 τοῦτο
3538 3930 3603 3983 τὸ
3623 3932 3772 3986 Σάϐ-

2188 4021 2373 4087 ϐατον,
2408 4022 2470 4075 ού
2501 4020 2661 4092 μόνον
2685 4020 2761 4082 ὼς
2789 4019 3024 4091 ἑϐδόμης
3046 4021 3262 4092 ἡμέρας
3286 4019 3476 4092 οὔσης.
3504 4023 3565 4075 ὲν
3652 4024 3691 4094 ἡ
3724 4023 3772 4054 ⁸⁸

2179 4111 2371 4185 πρώτη
2416 4112 2526 4167 τῶν
2578 4111 2803 4182 ἀζύμων
2847 4112 3068 4184 εὑρέθη,
3101 4111 3240 4165 ἀλλὰ
3299 4111 3395 4165 καὶ
3437 4111 3526 4165 διὰ
3555 4114 3622 4166 τὸ
3658 4112 3773 4166 ’ἀπ’

2184 4203 2361 4275 αὐτῆς
2391 4202 2645 4275 ἀριθμεῖν
2700 4201 2799 4267 τὰς
2833 4202 2877 4258 ν’
2908 4202 3146 4274 ἡμέρας,
3198 4201 3294 4257 καὶ
3340 4202 3625 4274 ἑορτάζειν
3665 4204 3775 4275 τὴν

2175 4293 2368 4366 ἑορτὴν
2387 4332 2404 4358 ,
2431 4294 2501 4365 ἢν
2533 4291 2726 4365 ἑορτὴν
2753 4292 2864 4347 τῶν
2894 4292 3205 4364 ἑϐδομάδων
3235 4295 3265 4347 ὀ
3296 4292 3440 4357 θεῖος
3485 4309 3771 4365 προσαγορ

2179 4384 2326 4457 ρεύει
2366 4383 2550 4455 νόμος.
2592 4382 2766 4438 Ἑπτὰ
2810 4379 2905 4438 οὖν
2958 4383 3254 4438 Σαὸσάτων
3278 4382 3449 4436 ὄντων
3494 4385 3555 4436 ἑν
3586 4382 3781 4455 τούτῳ

497 4480 780 4552 discipulis
809 4497 908 4551 per
934 4491 1052 4537 sala
1083 4481 1375 4536 transiisse
1397 4481 1688 4536 Dominum
1715 4481 1906 4537 volens
1933 4481 2060 4537 indi-

2179 4476 2258 4549 τῷ
2288 4476 2399 4532 ίτει
2433 4479 2534 4550 τῆς
2575 4478 2977 4549 Πεντηκοστῆς,
3020 4480 3118 4533 ἆτε
3144 4479 3253 4532 ἀπὸ
3281 4478 3562 4532 Σαϐϐάτου
3596 4479 3779 4549 ἀρχο-

496 4587 627 4629 care
682 4570 1048 4644 evangelista,
1101 4571 1249 4640 dixit.
1287 4585 1413 4627 eum
1459 4570 1516 4625 in
1566 4569 1805 4626 Sabbata
1847 4572 2086 4628 secundo

498 4661 680 4732 primo
710 4676 834 4716 cum
874 4660 1161 4731 discipulis
1188 4660 1307 4716 suis
1331 4674 1430 4730 per
1460 4668 1576 4715 sata
1605 4659 1908 4717 transiisse.

2193 4569 2362 4640 μὲνης
2387 4570 2481 4623 καὶ
2509 4570 2589 4635 είς
2613 4569 2890 4626 Σάϐϐατον
2921 4570 3418 4643 συμπληρουμένης
3444 4570 3511 4635 ³⁷,
3546 4570 3783 4640 πρῶτον

2188 4654 2260 4730 ἦν
2283 4660 2563 4716 Σάϐϐατον
2584 4661 2692 4716 τῶν
2714 4661 2856 4716 ἑπτὰ
2887 4661 3182 4717 Σασδάτων
3208 4661 3303 4716 καὶ
3328 4659 3641 4714 τελευταῖον
3666 4663 3787 4716 πά-

497 4750 582 4806 λιν
601 4752 696 4807 τοῦ
721 4752 844 4807 ὅλου
868 4750 1106 4823 ἀριθμοῦ
1126 4769 1141 4784 ·
1164 4751 1255 4805 διὰ
1274 4752 1482 4815 ταύτας
1502 4751 1605 4815 τὰς
1630 4751 1808 4815 αίτίας
1833 4753 1892 4804 ἑν
1911 4750 2088 4822 τούτῳ
2116 4749 2195 4822 τῷ
2224 4752 2418 4825 Πάσχα
2471 4753 2563 4807 τὸν
2600 4752 2807 4826 Κύριον
2869 4751 3009 4824 μετὰ
3040 4751 3150 4807 τῶν
3181 4751 3436 4825 μαθητῶν
3485 4750 3789 4822 διερχόμε.

498 4862 588 4899 νον
607 4846 697 4900 διὰ
721 4846 830 4900 τῶν
854 4846 1144 4919 σπορίμων
1169 4845 1415 4919 δηλῶσαι.
1450 4845 1775 4918 βουλόμενος
1828 4848 1858 4901 ὁ
1910 4845 2305 4918 εὐαγγελιστὴς
2361 4848 2583 4919 εῐρηκεν
2610 4847 2694 4902 δτι
2745 4849 2805 4902 ἑν
2847 4846 3111 4907 Σασσὰτω
3160 4840 3590 4917 δευτεροπρώτῳ
3615 4844 3790 4917 διήρο

500 4954 628 5010 χετο
672 4939 763 4995 διὰ
798 4940 911 4996 τῶν
967 4941 1257 5014 σπορίμων
1299 4943 1330 4996 ὁ
1374 4939 1582 5013 Ἰησοῦς
1628 4941 1725 4996 καὶ
1758 4942 1810 4996 οί
1846 4940 2083 5014 μαθηταὶ
2105 4941 2292 4998 αὐτοῦ.
2352 4995 2356 4999 .
2592 4980 2599 4985 -

1867 5099 2199 5157 DUCANGII
2244 5098 2476 5158 NOTE.

504 5297 552 5351 Β
578 5222 690 5353 ςθθ)
734 5230 818 5310 Τῇ
839 5222 940 5291 λζ’
963 5241 1072 5313 τοο
1116 5217 1403 5301 ἡαρτίου.
1433 5232 1512 5290 Ita
1555 5233 1968 5288 emendavtmus
2015 5247 2085 5288 ex

556 5313 590 5353 ο
610 5307 803 5353 stemo.
830 5315 956 5353 cum
981 5302 1185 5353 editum
1214 5313 1359 5353 esset
1387 5302 1471 5353 ιζ’.

556 5302 803 5368 olstenio.
830 5315 956 5355 cum
981 5302 1185 5357 editum
1214 5313 1359 5358 esset
1387 5302 1471 5368 ιζ’.

575 5367 690 5441 (91)
732 5367 882 5436 Τοῖς,
909 5373 1117 5440 βφλςν.
1148 5370 1238 5428 Sic
1264 5367 1467 5443 paritér
1491 5372 1759 5430 edidimus
1789 5387 1859 5428 ex
1897 5369 2088 5427 eodem

2193 5231 2499 5302 llolstenio,
2521 5247 2645 5290 eum
2675 5234 2884 5290 editum
2913 5242 3062 5302 esset
3089 5230 3212 5301 τῆς·

2259 5303 2370 5376 (92)
2410 5298 2915 5375 Δεύτερόπρωτον.
2964 5301 3098 5359 Vide
3142 5298 3322 5358 Gloss.
3362 5299 3511 5356 med.
3555 5298 3804 5359 Grecit.

1805 5524 2040 5581 VARIE.
2080 5516 2481 5579 LECTIONES.

578 5632 625 5669 "
651 5633 887 5707 πόσῃξΡ.
933 5704 944 5707 _
996 5636 1039 5668 ¹⁶
1069 5633 1170 5700 κζ’.
1204 5635 1270 5701 ιζ’
1308 5634 1374 5691 R.
1473 5639 1516 5670 "
1545 5637 1675 5693 ποία
1714 5636 1897 5707 ἡμέραι
1924 5633 2041 5707 RV.

2139 5636 2183 5669 ¹⁶
2210 5637 2346 5698 τοῖς.
2368 5633 2469 5703 τῆς
2501 5632 2569 5687 R.

2666 5634 2709 5668 ”
2739 5632 2972 5689 ἑπακταὶ
3005 5632 3161 5689 uncis
3200 5630 3429 5687 includit
3455 5628 3514 5685 P.
3616 5631 3671 5665 ’°
3708 5637 3815 5689 καὶ

436 5699 449 5717 ⁸
505 5718 635 5810 οηιῖ
650 5704 707 5760 Ρ.
740 5690 848 5810 .ῖῖ
876 5690 945 5758 ιε’
986 5690 1133 5810 ρὲεί
1152 5690 1320 5810 μηνὸς
1358 5707 1513 5787 ponit
1557 5690 1659 5806 PV}-
1720 5690 1767 5739 δέ
1793 5690 1910 5788 εστι
1957 5703 2037 5810 ΡΞ
2051 5705 2274 5810 ιςζῆἔέἕ.
2304 5690 2319 5698 ’
2350 5705 2396 5735 ’³
2423 5690 2748 5810 aiming-mw
2778 5706 2841 5759 P.
2919 5696 3210 5775 “'nptbtou
3239 5717 3350 5759 om.
3379 5700 3441 5757 Ρ.
3516 5700 3566 5734 ⁸⁸
3598 5719 3808 5775 φησιν.

517 5792 587 5841 vi,
614 5774 665 5829 ι.
740 5775 788 5808 ’⁸
817 5776 851 5848 η
879 5774 999 5829 οιιιξ
1018 5775 1070 5831 P.

1182 5771 1730 5851 ⁷’συμέτληρουμὲνης
1766 5778 1978 5848 πρῶτον
2006 5772 2072 5848 ἦν
2104 5776 2375 5831 Σάδδατον
2407 5789 2515 5830 om.
2552 5771 2616 5826 P.
