3870 6336
1493 329 1564 344 ...λ

91 412 204 478 529

1301 414 1736 476 CHRONICON
1777 415 2184 476 I’ASCHALE.

3277 407 3378 468 530

166 523 358 596 Τούτῳ
384 523 463 594 τῷ
488 523 721 593 ἐνιαυτῷ
747 523 882 594 μηνὶ
911 523 1033 595 λώῳ
1050 523 1069 554 ⁵
1092 524 1170 577 κθ⁹
1197 526 1225 578 ὁ
1255 525 1408 594 ἅγιος
1432 527 1686 596 Ἰωάννης

1861 524 1979 581 Hoc
2049 542 2213 593 anno,
2279 540 2466 582 mense
2535 525 2647 581 Loo
2708 523 3018 596 (Augusto),
3077 519 3166 576 die
3225 534 3376 586 uls,

87 618 120 670 δ
147 613 460 688 πρόδρομος
489 614 586 668 καὶ
614 615 928 686 Βαπτιστὴς
969 616 1068 686 τὴν
1105 615 1348 686 κεφαλὴν
1385 619 1689 688 ἀποτέμνε-

87 722 184 758 ται
218 705 327 757 ὑπὸ
362 703 606 774 Ἡρώδου
656 704 752 756 τοῦ
811 703 1076 772 βασιλέως
1121 706 1221 774 τῆς
1253 705 1542 772 Ἰουδαίας,
1571 708 1686 760 υίοῦ

89 795 251 858 bno;
301 793 399 847 τοῦ
436 793 656 864 πρώτου
689 793 956 864 Ἡρώδου,
989 794 1220 863 ἀδελφοῦ
1253 795 1569 865 Ἀρχελάου,
1603 797 1690 849 δέη

91 902 252 954 σμιος
279 887 362 948 εἰς
408 886 501 938 τὸν
527 885 947 955 Μαχαιροῦντα⁸
994 885 1256 957 φρούριον
1295 887 1567 956 πεμφθεὶς
1599 887 1690 941 διὰ

103 974 436 1043 Ἡρωδιάδα,
473 975 604 1044 περὶ
653 971 714 1029 οὗ
769 974 1097 1045 μνημονεύει
1129 977 1163 1046 ἡ
1200 974 1321 1028 θεία
1367 976 1476 1029 τῶν
1507 977 1684 1045 Εὐαγ-

93 1064 291 1132 γεὶίων
334 1068 526 1135 γραφή
544 1065 831 1134 ⁶.Ἱστορεῖ
857 1065 914 1118 δὲ
943 1066 1038 1119 καῖ
1088 1066 1152 1118 ὁτ
1184 1064 1492 1135 Ἰώσηππος
1519 1068 1576 1119 ὲν
1621 1085 1690 1137 ιη’

95 1155 195 1222 τῆς
210 1156 658 1223 Ἀρχαιολογίας
679 1155 755 1226 (7)
775 1154 940 1208 αὑτοῦ
963 1155 1131 1226 βίϐλῳ
1151 1155 1226 1218 ὡς
1250 1156 1336 1209 διὰ
1362 1157 1687 1227 Ἡρωδιάδα,

98 1248 335 1308 γυναῖκα
386 1241 555 1298 οὖσαν
600 1245 870 1298 Φιλίππου
920 1245 1048 1298 τοῦ³
1101 1245 1333 1314 ἀδελφοῦ
1381 1245 1544 1300 αὑτοῦ
1595 1245 1688 1299 τοῦ

109 1334 372 1405 Ἡρώδου,
411 1337 442 1388 ὁ
493 1338 647 1404 ἆγιος
688 1333 942 1406 Ἰωάννης
975 1339 1365 1408 ἀποτέμνεται.
1394 1338 1690 1408 Ἀθετήσας

97 1427 204 1496 γὰρ
237 1427 319 1481 ἔτι
351 1428 537 1492 ζῶσαν
569 1427 668 1498 τὴν
697 1429 974 1499 προτέραν
1000 1428 1164 1481 αὑτοῦ
1195 1432 1428 1497 γυναῖκα
1455 1432 1484 1482 ὁ
1515 1428 1690 1500 Ἠρώ-

96 1519 223 1587 δης,
256 1519 398 1571 κατά
447 1520 645 1588 νόμους
691 1518 840 1588 αὐτῷ
870 1519 1292 1589 γεγαμημένην,
1311 1521 1504 1590 ’Δρέτα
1532 1521 1588 1572 δὲ
1622 1517 1691 1592 ἦν

101 1611 240 1680 αὕτη
256 1611 352 1664 τοῦ
381 1612 663 1683 Πετραίων
681 1613 702 1643 ⁹
733 1610 998 1680 βασιλέως
1025 1612 1294 1682 Θυγάτηρ,
1313 1614 1410 1683 τὴν
1434 1613 1491 1666 δὲ
1517 1614 1690 1684 Ἡρω-

100 1704 315 1757 Fuﬁa.“
347 1704 430 1757 ἔτι
464 1703 671 1767 ζῶντος
699 1703 994 1774 διαστήσας
1031 1705 1124 1758 τοῦ
1150 1705 1366 1776 ἀνδρὸς,
1394 1705 1462 1759 δι’
1489 1707 1555 1776 ἣν
1598 1705 1690 1757 καὶ

101 1797 192 1848 τὸν
214 1795 474 1866 Ἰωάννην
523 1797 732 1850 ἀνεῖλεν
761 1839 776 1864 ,
830 1795 1067 1866 πόλεμον
1111 1798 1350 1867 αἱρεῖται
1398 1797 1428 1848 ὁ
1463 1795 1689 1867 Ἀρέτας

1793 623 2019 670 sanctus
2050 615 2288 669 Joannes
2311 628 2614 684 przecursor
2645 621 2702 668 et
2733 607 3188 681 Baptistacapite
3225 616 3380 660 trun-

1793 703 2046 764 catur-ab
2080 703 2292 757 llerode
2341 718 2468 773 rege
2515 701 2734 767 ludam,
2777 699 2938 771 primi
2983 695 3210 752 Herodis
3247 693 3378 760 filio,

1791 797 2046 851 Archelai
2084 793 2254 849 fratre
2295 811 2308 847 :
2349 809 2475 848 cum
2519 794 2742 848 vinctus
2800 793 2854 846 in
2889 790 3242 844 Macherunta
3284 800 3381 841 ca-

1793 895 1970 940 strum
2003 886 2206 940 missus
2242 883 2436 938 fuisset
2474 891 2700 952 propter
2737 879 3102 936 Herodiadem
3137 878 3242 933 :de
3268 891 3380 948 quo

1795 979 2046 1033 nieniinit
2116 992 2272 1033 sacra
2336 975 2756 1046 Evangeliorum
2827 973 3118 1042 scriptura.
3183 967 3388 1024 Narrat

1791 1077 1973 1121 autem
2019 1064 2294 1136 Iosephus
2333 1064 2472 1118 libro
2515 1080 2648 1118 x-vm
2690 1062 3082 1132 Antiquitatum
3111 1057 3381 1112 Iudaica-

1791 1171 1930 1218 rum,
1960 1164 2019 1208 ut
2051 1164 2274 1225 propter
2315 1152 2700 1218 Herodiadem,
2731 1166 2954 1207 uxorem
2995 1149 3226 1220 Philippi
3271 1147 3382 1202 fra-

1793 1245 1892 1300 tris
1915 1227 2165 1310 Herodis,
2215 1245 2392 1315 capite
2423 1253 2710 1299 truncatus
2735 1243 2899 1298 fuerit
2935 1250 3161 1297 sanctus
3209 1237 3378 1294 Joan-

1793 1353 1911 1391 nes.
1965 1338 2256 1390 Dimiserat
2296 1337 2443 1391 enim
2495 1335 2740 1390 Herodes
2794 1334 2973 1388 adhuc
3023 1332 3378 1402 superstitem

1794 1430 2030 1500 priorem
2066 1443 2291 1500 uxorem
2323 1444 2498 1492 suam,
2537 1425 2794 1498 legitimis
2825 1425 2932 1480 sibi
2969 1423 3174 1494 nuptiis
3207 1434 3380 1490 copu—

1793 1499 1953 1574 latam
1981 1538 1993 1572 :
2026 1499 2350 1574 erat-autem
2375 1518 2461 1572 illa
2489 1519 2667 1571 Areta:
2697 1515 3026 1569 Petrznorum
3077 1511 3218 1583 regis
3250 1509 3378 1564 ﬁlia.

1793 1612 2157 1666 Herodiadem
2192 1626 2360 1680 porro
2388 1627 2418 1664 a
2463 1609 2694 1680 conjuge
2726 1608 2908 1662 adhuc
2939 1608 2994 1660 in
3031 1605 3172 1661 vivis
3202 1601 3383 1658 divulv

1794 1702 1882 1765 sit,
1902 1702 1972 1756 ob
2000 1716 2162 1770 quam
2187 1701 2453 1755 Joannem
2483 1700 2724 1755 sustulit.
2769 1697 2970 1751 Herodi
3011 1710 3142 1751 vero
3177 1693 3381 1749 bellum

1795 1792 2201 1855 intulitAretas,
2228 1792 2298 1846 ob
2331 1792 2587 1862 injuriam
2613 1791 2736 1846 filia:
2765 1791 2990 1854 illatam,
3025 1803 3135 1858 quo
3157 1787 3210 1841 in
3241 1785 3382 1841 bello

100 1887 236 1956 πρὸς
259 1887 358 1938 τὸν
389 1885 664 1957 Ἡρώδην,
691 1887 766 1950 ὡς
789 1885 1174 1957 ὴτιμασμένης
1207 1883 1373 1937 αὐτοῦ
1403 1885 1501 1955 τῆς
1526 1886 1686 1952 Θυγα-

1801 1884 2115 1938 universum
2165 1883 2396 1938 llerodis
2446 1883 2750 1938 exercitum
2803 1881 3170 1952 proﬂigatum,
3218 1881 3384 1949 idque

97 1979 244 2048 τρὺς,
273 1978 336 2030 ὲν
361 1973 408 2044 ᾧ
440 1977 666 2048 πολέμῳ
696 1979 874 2031 πάντα
905 1977 1036 2046 φασὶ
1071 1976 1161 2030 τὸν
1181 1975 1422 2048 Ἡρώδου
1459 1976 1686 2046 στρατὸν

1801 1975 1865 2030 ob
1893 1983 2127 2029 structas
2151 1973 2344 2028 Joanni
2370 1974 2596 2030 insidias
2621 1989 2742 2030 esse
2770 1989 2988 2045 passum
3023 1975 3196 2028 aiunt.
3232 1972 3379 2028 Idem

95 2067 489 2138 διαφθαρῆναι,
520 2070 616 2122 καὶ
653 2069 831 2123 ταῦτα
864 2067 1194 2122 πεπονθέναι
1242 2070 1345 2139 τῆς
1391 2067 1686 2138 ἐπιϐουλῆς

1801 2066 2030 2136 denique
2049 2063 2322 2135 Josephus
2347 2064 2516 2121 refert
2548 2065 2620 2121 ob
2647 2065 3010 2120 Herodiadem
3043 2080 3212 2137 regno
3229 2063 3382 2119 exci-

97 2161 258 2213 hsxa
279 2160 392 2229 τῆς·
413 2159 715 2230 γενομένης
739 2159 885 2227 κατὰ
929 2159 1022 2213 τοῦ
1061 2151 1331 2212 Ἰιιῖάννου.
1349 2159 1410 2213 '0
1437 2159 1495 2213 δὲ
1523 2159 1686 2224 αὐτὸς

1801 2159 1936 2214 disse
1972 2156 2262 2225 Herodem,
2305 2158 2576 2228 illumque
2637 2173 2763 2214 cum
2804 2173 2869 2214 ea
2911 2157 3228 2230 relegatum,
3274 2156 3383 2211 Lu-

110 2251 471 2322 ’1ώσηππος¹¹
507 2253 711 2321 ἱστορεῖ
753 2254 850 2322 τῆς
898 2250 1181 2320 βασιλείας
1215 2251 1679 2305 ἁποπεπτωκέναι

1801 2250 1960 2323 gduni
1991 2249 2266 2320 Hispaniae
2299 2251 2433 2306 urbe
2454 2251 2699 2308 habitare
2715 2253 2951 2324 jussum,
2983 2266 3109 2307 eum
3135 2265 3381 2308 summus

98 2345 186 2396 τὸν
219 2345 472 2414 Ἡρώδην
496 2344 586 2398 διὰ
617 2343 974 2412 Ἡρωδιάδαη
992 2360 1006 2374 ο
1040 2341 1161 2412 μεθ’
1185 2338 1254 2414 ἦς
1282 2343 1445 2396 αὑτὸν
1473 2344 1564 2396 καὶ
1602 2345 1683 2407 εἰς

1801 2350 1935 2398 esset
1962 2341 2203 2413 pontifex
2236 2341 2427 2396 Simon
2460 2343 2708 2398 Camathi
2740 2343 2904 2399 filius.

95 2441 196 2510 τὴν
220 2439 542 2510 ,ὑπερόριον
566 2440 610 2470 ³³
661 2437 1056 2509 ἀπεληλάσθαι,
1099 2436 1394 2506 Λουγδόνον
1433 2437 1531 2507 τῆς
1591 2438 1833 2501 Σπανίας
1881 2435 1956 2507 (8)
2017 2436 2173 2490 πόλιν
2227 2437 2397 2490 οικεῖν
2445 2437 2935 2504 καταδικασθέντα,
2969 2437 3122 2502 ὄντος
3187 2439 3375 2510 ἀρχιτ-

99 2533 233 2602 piro;
285 2532 368 2600 (9)
417 2540 474 2586 ἐν
527 2532 945 2604 Ἰερουσαλὴμίδ
977 2532 1223 2602 Σίμωνος
1271 2531 1365 2585 τοῦ
1415 2532 1673 2604 Καμαθεὶ
1715 2532 1854 2590 υίοῦ.

308 2627 374 2682 δ’.
402 2625 491 2699 ιη’.
517 2629 610 2682 ὑπ.
639 2626 910 2698 Περσικοῦ
929 2629 1022 2682 καὶ
1043 2627 1383 2682 Βετελλίου¹¹
1407 2628 1540 2700 (10).

161 2808 381 2880 Ἰησοῦς
408 2809 438 2860 ὁ
465 2809 695 2879 Χριστὸς
715 2811 759 2842 ¹⁶
790 2810 818 2862 ὁ
846 2808 942 2862 τοῦ
980 2807 1114 2862 Θεοῦ
1147 2809 1276 2872 Υίὸς
1320 2812 1467 2880 τρεῖς
1506 2810 1685 2862 ἐνιαυ-

95 2881 220 2962 τώς
265 2898 368 2953 καὶ
420 2897 506 2962 (ις’
541 2898 756 2969 ἡμέρας
807 2899 946 2969 μετὰ
991 2899 1051 2951 τὸ
1104 2897 1390 2968 βάπτισμα
1426 2899 1536 2971 (Η)
1573 2903 1686 2964 τοῖς

99 2991 290 3044 ἑαυτοῦ
324 2991 598 3060 μαθηταῖς
645 2995 714 3047 τὰ
762 2997 1007 3066 σωτήρια
1037 2995 1134 3048 καὶ
1170 2995 1470 3064 ἐπουράνια
1503 2996 1685 3066 μαθή-

105 3101 244 3151 ματα
270 3087 554 3156 παραδοὺς
581 3089 676 3141 καὶ
718 3089 814 3151 τὰς
844 3091 971 3160 περὶ
1002 3089 1198 3142 ἑαυτοῦ
1227 3089 1566 3158 προφητείας
1595 3089 1685 3141 ἐπὶ

1861 2629 1949 2684 se.
1984 2631 2069 2701 (A.
2112 2630 2246 2722 a'M.
2289 2630 2354 2685 c.
2385 2631 2570 2703 5559.)
2601 2647 2756 2688 mu.
2785 2601 3283 2690 tndfm'persico
3322 2641 3380 2688 et

1795 2721 2011 2777 Vitellio
2042 2721 2186 2778 coss.
3118 2727 3173 2780 2.
3211 2724 3337 2779 205.

1861 2811 2022 2868 Jesus
2046 2812 2317 2881 Christus,
2343 2815 2436 2870 Dei
2459 2815 2647 2881 Filius,
2671 2832 2794 2872 cum
2816 2817 2976 2872 annis
2999 2833 3082 2880 ιιι,
3109 2828 3164 2871 et
3185 2815 3380 2870 diebus

1793 2919 1974 2970 Lxxvt,
2017 2915 2140 2974 post
2170 2907 2503 2976 baptismum
2545 2908 2830 2979 discipulis
2879 2910 2992 2966 suis
3035 2908 3295 2964 salutaria
3327 2912 3392 2964 et‘

1793 2995 2035 3050 coelestia
2071 3006 2364 3068 praecepta,
2405 2999 2691 3070 editasque
2719 3001 2787 3055 de
2825 3017 2884 3057 se
2913 2999 3230 3071 prophetias
3265 3008 3378 3053 tra-

1792 3086 2058 3152 didisset,
2105 3089 2171 3144 ad
2233 3090 2544 3159 passionem
2609 3091 2856 3155 transiit,
2905 3090 3118 3161 imperii
3175 3089 3378 3144 Tiberii

101 3178 157 3229 τδ
200 3179 378 3242 πάθος
418 3179 621 3250 παρῄει
658 3181 698 3211 ¹¹¹
753 3180 831 3250 τῷ
885 3181 950 3233 ιθ¹
977 3182 1087 3234 ἔτει
1137 3182 1235 3252 τῆς
1268 3181 1518 3251 Τιϐερίου
1575 3181 1685 3252 (l2)

1801 3193 1936 3234 anno
1980 3195 2090 3245 xxx,
2144 3179 2363 3234 initium
2413 3191 2666 3238 sumente
2715 3199 2746 3237 a
2785 3182 2961 3237 Martii
3007 3181 3214 3237 mensis
3263 3197 3376 3246 xxx,

105 3271 426 3342 μοναρχίας,
479 3270 656 3342 ἀρχὴν
700 3270 947 3342 είληφότι
1000 3273 1125 3344 cii"
1167 3271 1252 3325 κα⁹
1300 3270 1394 3324 τοῦ
1443 3270 1686 3340 Μαρτίου

1795 3280 2064 3342 prasente
2095 3286 2148 3328 tv
2180 3271 2500 3342 indictione,
2527 3283 2584 3330 et
2610 3291 2754 3331 anno
2775 3292 2829 3331 ιι
2873 3274 3139 3332 naturalis
3160 3274 3381 3330 decem-

1452 3475 1780 3534 DUCANGII
1819 3473 2051 3533 NOTAE.

170 3655 243 3722 ΓΙ)
283 3655 390 3706 Ἐν
417 3661 486 3727 ιτ(
517 3654 628 3727 τῆς
651 3656 1115 3727 Ἀρχαιολογίας.
1147 3656 1282 3727 Cap.
1305 3659 1357 3712 7.

169 3727 244 3792 (8)
288 3723 638 3792 onpddror
669 3723 781 3794 τῆξ
827 3723 1115 3793 Σπαὲίας.
1157 3723 1271 3782 Imb
1315 3727 1500 3783 Galliae
1549 3727 1684 3782 urbe

108 3806 220 3848 nota
228 3833 244 3846 .

171 3867 254 3946 (9.).
287 3865 508 3930 Ὄντος
541 3865 879 3934 ἀρχιερέως.
927 3865 1053 3923 Haec
1091 3867 1291 3922 absunt
1318 3882 1348 3921 a
1391 3867 1512 3922 cod.
1556 3865 1687 3922 Hol-

111 3941 277 3988 stenii.
1011 3981 1014 3984 .

171 4005 278 4076 llo)
313 4003 648 4076 [Ιερσύφιου
683 4007 780 4058 καὶ
819 4007 1162 4062 Βετελλίου.
1198 4006 1329 4076 Seu,
1371 4014 1438 4076 ut
1469 4006 1686 4076 praefert

111 4072 266 4126 editio
309 4072 598 4144 Scaligeri.
643 4076 909 4144 Περσίκου
943 4079 1036 4130 καὶ
1068 4075 1364 4131 Βιτελλίου.
1399 4072 1508 4131 Hos
1535 4092 1679 4131 coss.

111 4145 278 4196 statim
313 4143 482 4195 etiam
516 4153 639 4211 post
676 4143 1018 4200 causulatum
1053 4145 1254 4199 Tiberii
1286 4163 1357 4205 ιν.
1381 4162 1476 4200 seu
1507 4164 1560 4208 ν,
1590 4161 1688 4211 po-

113 4223 236 4296 lluat
256 4213 418 4296 fasti
459 4212 686 4296 Idatiani
720 4232 876 4296 mss_.,
901 4231 1035 4296 quos
1064 4217 1130 4296 i_n_
1151 4216 1312 4270 editis
1341 4226 1464 4285 post
1504 4212 1689 4296 Callia:

113 4288 158 4333 et
185 4280 342 4354 Sylla
387 4282 730 4336 consulatum
771 4280 957 4354 rejecit
1006 4285 1252 4340 Lahbeus
1294 4280 1482 4340 contra
1528 4286 1687 4340 fidem

113 4353 301 4421 codicis
329 4368 445 4421 quo
472 4367 604 4404 usus
633 4364 735 4416 est,
766 4353 914 4408 hisce
942 4355 1143 4418 verbis,
1174 4356 1382 4409 Persico
1404 4366 1451 4409 et
1485 4355 1689 4409 Vitellio

115 4419 254 4480 Ριό.
295 4419 440 4476 adeo
479 4429 536 4474 ut
573 4424 780 4477 auctori
822 4423 1078 4479 Chronici
1120 4427 1174 4479 in
1215 4426 1318 4479 hoc
1346 4426 1680 4480 concinam:

117 4494 312 4546 tametsi
345 4500 578 4562 uterque
607 4494 840 4562 scriptor
867 4495 922 4547 in
975 4496 1196 4548 nomine
1224 4495 1421 4549 Persici
1455 4496 1685 4550 halluci-

115 4572 318 4634 {tf'ntun
361 4561 739 4634 cum_Paulus
777 4564 975 4634 Fabius
1021 4563 1231 4618 Priscus
1275 4566 1486 4619 dicatur
1529 4565 1684 4620 Dioni

117 4627 198 4681 lib.
223 4648 376 4688 unt.
426 4632 521 4685 sed
553 4647 651 4686 cur
681 4632 816 4685 Pulo
865 4635 1095 4687 addatur
1126 4634 1325 4688 Vitellii
1380 4636 1586 4689 nomini
1631 4636 1683 4688 in

119 4695 228 4772 lf'ast
249 4716 276 4772 ιι
299 4700 603 4772 νιάξιιίιιιιίε,
635 4703 726 4769 qui
757 4703 976 4772 quidem
1009 4703 1068 4756 L.
1094 4703 1341 4758 Vitellius
1367 4706 1570 4760 dicitur
1601 4706 1684 4759 ei-

117 4767 222 4820 dem
249 4770 432 4843 Dioni.
464 4786 573 4843 non
615 4767 1098 4843 plane'assequor:
1129 4789 1306 4843 neque
1341 4775 1484 4828 enim
1515 4775 1688 4828 ausim

36 4883 40 4892 .
119 4851 348 4912 asserere
397 4840 450 4913 in
494 4841 668 4913 Fastis
704 4843 913 4913 fortean
943 4840 1166 4896 ‘Gnecis
1200 4840 1518 4913 scriptorem
1567 4843 1689 4896 Ida-

123 4911 376 4963 tianorum
414 4911 605 4979 legisse
631 4912 1120 4977 Οὐϊτελλιόπουλον,
1150 4913 1222 4966 ita
1262 4911 1322 4966 ut
1353 4915 1404 4968 id
1449 4913 1688 4969 nominis

122 4980 299 5053 posteri
345 4979 776 5053 GraeciVitellio
821 4981 1141 5053 tribuerint.
1189 4983 1333 5052 quod
1380 5000 1503 5038 cum
1541 4993 1688 5038 esset

123 5049 166 5097 in
199 5051 404 5104 teneris
440 5049 615 5112 iunior
647 5051 728 5104 vel
760 5053 932 5121 minor
959 5052 1188 5108 Vitellius
1209 5049 1603 5121 appellaretur,
1631 5063 1690 5108 et-

207 5128 418 5173 tremus
464 5130 608 5173 esset
651 5135 714 5174 ex
762 5137 813 5175 ιν
863 5120 919 5175 P.
967 5121 1161 5176 Vitellii
1209 5120 1350 5186 ﬁliis,
1397 5131 1454 5177 ut
1495 5123 1684 5178 scribit

162 5191 474 5263 ranquillus.
507 5187 736 5263 Verum,
755 5193 869 5246 haec
896 5193 1205 5262 conjectura
1232 5195 1410 5248 minus
1439 5193 1641 5248 arridet
1666 5215 1680 5247 :

125 5258 231 5320 quin
307 5258 500 5330 potius
581 5258 1013 5317 existimaverim
1077 5272 1358 5319 auctorem
1424 5263 1680 5318 Chronici

1789 3659 2071 3730 utriusque
2088 3673 2212 3730 _cos.
2238 3657 2460 3730 nomina
2499 3656 2831 3730 confudisse,
2860 3665 2915 3712 et
2956 3655 3107 3730 Pauli
3140 3670 3364 3718 nomen,

1791 3730 1934 3799 quod
1952 3726 2067 3784 erat
2087 3727 2494 3794 Prisci,Vitellio
2510 3737 2743 3797 aptasse.
2763 3726 3046 3799 Utcunque
3059 3727 3150 3799 sit,
3167 3735 3382 3799 constat

1795 3797 1989 3853 horum
2035 3799 2380 3853 consulatum
2421 3799 2561 3852 male
2599 3800 2701 3851 hoc
2732 3813 2877 3852 anno
2907 3798 3114 3861 referri,
3143 3812 3305 3867 quem
3337 3797 3373 3850 ii

1796 3869 2016 3938 demum
2053 3883 2269 3938 gessere
2323 3875 2446 3937 post
2490 3867 2834 3938 consulatum
2886 3867 3067 3938 Galba:
3112 3866 3174 3920 et
3199 3866 3377 3938 Syllae,

1798 3937 2010 4002 Errori,
2056 3935 2114 3991 ni
2155 3935 2338 4004 fallor,
2365 3953 2553 3991 ansam
2583 3936 2731 3990 dedit
2761 3937 2959 3990 Vitellii
2991 3951 3187 3989 nomen
3209 3935 3380 4004 {Auli

1793 4007 2149 4076 praenomine.
2187 4023 2250 4062 ac
2278 4003 2338 4061 L'.
2371 4007 2564 4076 Vitellii
2589 4006 2781 4076 fratris
2811 4005 3171 4076 primogeniti.
3198 4003 3289 4072 qui
3321 4005 3380 4058 in

1788 4074 2070 4132 consulatu
2105 4092 2266 4144 quem
2291 4093 2412 4132 cum
2450 4075 2682 4129 Domitio
2710 4075 2939 4129 Neronis
2959 4074 3190 4128 C:esaris
3217 4083 3375 4144 patre

1828 4157 2055 4207 esserat,
2082 4143 2237 4210 obiit,
2270 4154 2330 4199 ut
2363 4147 2528 4200 tradit
2555 4146 2705 4198 idem
2733 4144 3079 4214 Tranquillus
3108 4161 3120 4197 :
3148 4143 3237 4198 cui
3265 4143 3382 4214 suf-

1819 4224 1974 4270 ectus
2006 4215 2106 4269 fuit
2150 4214 2220 4270 M.
2252 4215 2448 4270 Furius
2473 4214 2736 4269 Camillus
2781 4213 3187 4279 Scribonianus,
3219 4213 3380 4282 cujus

1793 4295 2165 4356 cognomento
2187 4285 2401 4339 Aruntii
2426 4292 2716 4356 praeterea
2753 4300 3051 4356 cognomen
3097 4285 3379 4356 ascribunt

1792 4351 2020 4410 Contius
2047 4363 2103 4409 et
2124 4351 2508 4424 Temporarius
2533 4371 2671 4424 :ﬂqua
2694 4351 3168 4410 vero'auctoritate
3199 4354 3380 4408 incer-

1792 4435 1926 4487 tum,
1949 4426 2050 4479 nisi
2074 4425 2210 4480 forte
2227 4423 2510 4479 Fastorum
2535 4423 2860 4487 Siculorum,
2878 4440 3108 4493 quorum
3125 4433 3378 4491 excerpta

1795 4505 1906 4550 tum
1942 4496 2154 4566 vulgata
2195 4505 2386 4560 crant,
2421 4495 2476 4548 in
2524 4495 2750 4566 quibus,
2794 4505 2853 4566 ut
2891 4503 2946 4549 et
2990 4493 3049 4566 in
3101 4493 3376 4566 ldatianis,

1802 4561 2066 4635 Aruntius
2103 4581 2226 4620 cum
2267 4561 2627 4622 Ahenobarbo
2655 4564 2958 4635 copulatur.
2989 4563 3122 4635 Nam
3156 4561 3383 4635 alterius

1827 4635 1970 4688 cutis
2004 4634 2170 4690 fuisse
2210 4636 2492 4694 Aruntios,
2543 4650 2639 4689 seu
2690 4633 2998 4696 Arruntios,
3047 4633 3123 4688 uti
3174 4633 3378 4688 habent

1720 4649 1764 4704 υ
1827 4649 1970 4688 enus
2004 4649 2170 4690 tuisse
2210 4649 2492 4694 Arunuos,
2543 4650 2639 4689 seu
2690 4649 2998 4696 arrunttos,
3047 4649 3123 4688 llll
3175 4649 3373 4688 naoent

1791 4651 1939 4759 ﬁ‘asti
1983 4705 2284 4772 capitoliui,
2316 4706 2447 4760 satis
2485 4705 2727 4759 indicant
2758 4704 3011 4760 consules
3043 4703 3169 4758 anni
3211 4701 3278 4757 U.
3309 4701 3373 4772 C.

1787 4790 2009 4828 nccxm
2047 4771 2106 4829 et
2134 4791 2391 4838 nccnvm,
2423 4783 2478 4829 et
2508 4785 2656 4830 certe
2692 4775 2747 4828 in
2793 4772 2966 4830 Fastis
3005 4771 3376 4842 Onuphrianis

1785 4844 1939 4924 deest
1966 4859 2266 4915 cognomen
2297 4845 2540 4899 Arruntii
2570 4845 2625 4898 in
2656 4844 2868 4901 Camilli
2901 4841 3242 4900 Scriboniani
3273 4856 3377 4896 no-

1786 4929 1952 4969 nunc.

1856 4984 1968 5052 (ll)
2007 4986 2168 5038 Μετὰ
2205 4983 2273 5037 τὸ
2305 4982 2646 5053 βάπτισμα.
2686 4983 2824 5038 Vide
2859 4982 3138 5039 Petavium
3179 4981 3274 5053 lib.
3298 4996 3374 5036 xu

1785 5053 1860 5107 De
1888 5055 2054 5125 doctr.
2078 5064 2241 5125 (culp.
2261 5069 2382 5123 cap.
2410 5054 2494 5117 l9,
2523 5052 2614 5107 ubi
2644 5061 2794 5125 gesta
2817 5053 3019 5109 Christi
3048 5070 3079 5108 a
3104 5052 3376 5124 baptismo

1795 5139 1965 5194 usque
1995 5124 2060 5178 ad
2075 5123 2411 5194 APassionem
2431 5123 2732 5194 percurrit.

1865 5191 1974 5262 ('12)
2021 5191 2104 5258 Τῷ
2135 5197 2201 5247 ιϐ’
2233 5194 2347 5246 ἔτει
2375 5191 2485 5258 τῆς
2520 5193 2921 5262 Τιϐερίουβῑο.
2944 5193 3081 5252 Vide
3107 5191 3375 5249 Herwat'ti

1790 5261 2208 5334 Chronologiam
2242 5279 2361 5333 cap.
2395 5264 2517 5329 154,
2547 5261 2669 5319 156.
2957 5265 2960 5268 ’

1433 5462 1670 5520 νΑιιιΑι
1705 5462 2109 5519 LECTIONES.

228 5613 519 5690 sum“;
599 5605 1144 5690 '_szép_oﬁwatPV.
1249 5619 1271 5651 ⁶
1307 5636 1454 5690 γραφ

181 5635 198 5640 -
228 5635 504 5694 ιιοῳοτν.
599 5635 622 5646 '
655 5635 1018 5743 mz‘ﬁ6ouwa
1039 5635 1144 5674 ι’ν.
1249 5635 1271 5651 '
1307 5636 1513 5742 votaea.

115 5685 784 5776 :‘L‘f-Jni‘lfwéar-
859 5729 873 5744 -
947 5689 1032 5776 ,τ’
1079 5689 1410 5776 “passer
1438 5731 1518 5776 -o

1498 5661 1513 5675 .
1559 5618 1752 5676 Matth.
1802 5635 1916 5683 xtv,
1967 5619 2132 5675 Marc.
2180 5637 2266 5686 vn,
2296 5618 2429 5677 Luc.
2454 5638 2534 5689 tu,
2568 5639 2643 5678 m.
2672 5623 2732 5678 P.
2828 5625 2850 5656 ⁷
2881 5624 2912 5678 δ
2942 5625 3131 5680 om.P.

1505 5731 1518 5743 .
1625 5692 1666 5722 “
1713 5687 2040 5743 Ἰώσηππος.
2104 5691 2272 5743 Arch.
2350 5707 2504 5743 xvm.
2563 5693 2616 5743 5.
2722 5695 2766 5726 "
2815 5692 2915 5743 duo
2953 5694 3129 5743 Ἦοωδ

1364 5762 1408 5793 ¹⁹
1438 5759 1710 5815 uncum
1767 5759 1828 5814 P.
1857 5759 2019 5816 'sola.

1803 5635 1916 5683 xtv,
1967 5625 2132 5675 Marc.
2180 5637 2266 5686 vn,
2296 5625 2429 5677 Luc.
2454 5638 2534 5689 tu,
2568 5639 2643 5678 m.
2672 5625 2732 5678 P.
2828 5625 2850 5656 ⁷
2881 5625 2912 5678 δ
2942 5639 3051 5680 om.
3072 5625 3131 5680 P.
3233 5625 3368 5678 ⁸τοῦ

1803 5707 2040 5816 Fugam.
2104 5691 2272 5793 λῆξαι.
2350 5707 2504 5796 xviii,
2563 5693 2616 5750 5.
2722 5695 2766 5726 ¹¹
2815 5692 2915 5817 τὲν
2953 5694 3255 5797 Ἡρωδιάδα
3307 5694 3366 5749 Ρ.

1815 5801 1828 5814 .
1971 5777 2019 5816 a.
2209 5765 2238 5816 ὁ
2289 5761 2541 5817 Χοισυός.
2574 5763 2808 5817 Xman
2877 5805 2910 5817 ..
3091 5764 3275 5817 παρίει
3311 5762 3368 5817 Ρ.

2209 5765 2238 5816 ὁ
2289 5761 2541 5833 Χριστός.
2574 5763 2808 5838 Χριστδς
2850 5761 2910 5820 P.
3019 5761 3059 5797 "
3091 5764 3275 5836 παρίει
3311 5762 3368 5820 1⁵.
