3870 6336
507 386 600 454 ἥθ’
1715 386 2151 451 CHRONICON
2186 386 2587 448 PASCHALE.
2666 404 2670 408 '
3696 388 3805 459 51!

502 503 831 563 novennalis
847 504 984 577 cycli
1002 505 1172 572 lunae,
1199 514 1256 562 ct
1274 521 1403 562 χειν
1420 519 1566 563 anno
1581 506 1845 563 naturalis
1873 488 2092 576 viginti-

2217 503 2363 572 ιηνὸς
2394 504 2492 574 τῆς
2511 505 2868 576 ἐνισταμένης
2891 505 2933 558 δ’
2966 503 3296 567 ίνδικτιῶνος
3322 502 3417 557 καὶ
3443 510 3513 557 ια’
3541 503 3669 558 ἔτει
3699 506 3812 575 τῆς

504 598 811 657 octennalis
834 598 969 670 cycli
1001 598 1153 655 solis.
1742 612 1749 619 '

2217 595 2335 648 ιατὰ
2363 595 2525 664 φύσιν
2559 595 3259 665 ἐννεακαιδεκαετηρίδος¹⁷
3285 594 3388 665 τῆς
3418 594 3671 678 σελήνηςν
3706 596 3817 648 καὶ

2193 684 2269 737 κδ’
2304 684 2416 738 ἐτει
2439 684 2543 756 τῆς
2568 685 2710 739 κατὰ
2739 685 2902 754 φύσιν
2927 684 3610 756 ὁκτωκαιεικοσαετηρίδος
3624 684 3679 716 ³⁸
3706 684 3815 772 τοῦ

578 778 694 836 Hoc
716 789 802 837 est
847 788 1032 835 autem
1065 786 1322 848 quartum
1355 774 1589 843 Pascha,
1627 789 1738 844 quo
1778 786 1973 844 passus
2004 780 2090 827 est
2195 773 2369 846 ἡλίου.
2782 772 2787 776 ’

506 882 610 937 pro
651 867 811 923 nobis
846 866 1100 924 Christus
1154 866 1422 922 Dominus
1474 880 1642 920 verus
1686 864 1831 920 Deus
1875 875 2085 921 noster.

2265 864 2439 919 Τοῦτο
2466 863 2525 919 δὲ
2556 864 2618 918 τὸ
2644 865 2687 918 δ’
2713 865 2906 935 Πάσχα
2941 864 3053 937 (l3)
3103 868 3273 933 ἐστὶν,
3321 868 3380 920 ἐν
3423 860 3467 933 ᾧ
3512 868 3816 923 πέπονθεν

507 960 659 1016 Istud
711 960 920 1016 Pascha
964 960 1216 1017 indicans
1257 959 1591 1030 evangelista
1648 956 1912 1022 Joannes,
1966 966 2093 1029 post

2217 956 2337 1027 »πὲρ
2366 955 2526 1027 ἡμῶν
2555 956 2792 1027 Χριστὸς
2827 958 2857 1011 ὁ
2879 955 3132 1027 ἀληθινὸς
3161 958 3296 1021 Θεὸς
3316 958 3361 989 ³⁸
3402 958 3582 1029 ἡμῶν.
3616 959 3815 1012 Τοῦτο

2192 1046 2256 1099 τὸ
2285 1048 2476 1118 Πάσχα
2509 1046 2687 1116 δηλῶν
2733 1049 2762 1101 6
2816 1047 3208 1118 εύαγγελιστὴς
3243 1047 3500 1119 Ἰωάννης
3550 1049 3710 1119 μετὰ
3744 1051 3812 1104 τὸ

2195 1136 2381 1209 θαῦμα
2402 1138 2432 1192 δ
2454 1138 2714 1209 ἐποίησεν
2738 1138 2827 1190 δ”
2854 1139 3060 1207 Κύριος
3086 1139 3307 1210 ἐγείρας
3327 1140 3421 1194 τὸν
3445 1139 3715 1211 Λάζαρον
3742 1142 3815 1195 ὲκ

2199 1229 2430 1300 νεκρῶν,
2461 1228 2685 1302 εἴρηκεν
2726 1228 2899 1293 οὕτως
2917 1230 2964 1261 ³³
2983 1245 2999 1258 ·
3038 1248 3057 1280 ι
3082 1230 3202 1283 Ἀπ’
3228 1230 3445 1301 ἐκείνης
3483 1226 3582 1284 οὖν
3624 1231 3741 1300 τῆς
3762 1231 3809 1262 ’⁸

2204 1321 2417 1393 ἡμέρας
2479 1320 2965 1374 συνεϐουλεύσαντο
3016 1321 3104 1374 ἵνα
3154 1321 3548 1375 ἀποκτείνωσιν
3604 1321 3809 1376 αὐτόν.

2218 1411 2425 1483 ἰησοῦς
2445 1408 2539 1467 οὖν
2555 1413 2724 1483 218
2742 1412 2927 1465 ούκὲτι
2951 1413 3236 1484 παρρησίᾳ
3257 1413 3582 1482 περιεπάτει
3600 1415 3661 1465 ἐν
3680 1415 3813 1475 τοῖς

2216 1503 2513 1569 Ἰουδαίοις,
2541 1504 2676 1558 ἀλλὰ
2707 1502 2950 1572 ἀπῆλθεν
2985 1502 3195 1557 ἐκεῖθεν
3228 1506 3307 1567 εἰς
3333 1504 3432 1575 τὴν
3472 1502 3664 1575 χώραν
3702 1507 3812 1573 ἑγ-

514 1592 649 1649 Erat
679 1603 883 1657 autem,
919 1611 1090 1666 prope
1135 1597 1343 1653 Pascha
1369 1597 1705 1662 Judaeorum,
1733 1604 1791 1650 et
1833 1594 2096 1649 ascende-

2217 1596 2302 1663 (ὺς
2333 1595 2434 1664 τῆς
2462 1595 2696 1667 ἐρήμου,
2723 1596 2803 1659 είς
2824 1593 3069 1665 Ἐφραῖμ
3099 1594 3402 1667 λεγομένην
3424 1596 3603 1658 πόλιν,
3628 1598 3817 1650 κάκεῖ
3864 1618 3865 1621 η

514 1694 647 1740 runt
678 1686 832 1741 multi
881 1685 1309 1760 Hierosolymam
1341 1690 1410 1745 de
1436 1690 1656 1760 regione
1699 1696 1828 1743 ante
1860 1685 2092 1748 Pascha,

2217 1684 2470 1756 ῑιέτριὸεν
2505 1684 2645 1756 μετὰ
2672 1686 2782 1739 τῶν
2823 1686 3084 1757 μαθητῶν
3117 1683 3418 1739 αύτοῦ.Ἤν
3454 1687 3510 1739 δὲ
3537 1687 3722 1756 ἐγγὺς
3746 1686 3816 1738 τὺ

515 1776 1006 1834 utsanctiﬁcarent
1032 1779 1261 1850 seipsos.
1298 1779 1626 1847 Quaerebam
1651 1794 1781 1849 ergo
1798 1778 2006 1841 Iesum,
2041 1786 2097 1832 et

2217 1779 2393 1849 Πάσχα
2417 1777 2528 1832 τῶν
2549 1778 2841 1841 Ἰουδαίων,
2868 1780 2963 1832 καὶ
2987 1778 3260 1848 ἀνέϐησαν
3292 1778 3479 1833 πολλοὶ
3505 1781 3591 1842 είς
3624 1779 3816 1848 Ἱεροη

516 1867 972 1938 colloquebautur
1000 1872 1070 1927 ad
1100 1872 1339 1928 invicem
1361 1873 1418 1928 in
1449 1872 1654 1944 templo
1676 1880 1921 1927 stantes:
1953 1869 2097 1937 Quid

2217 1869 2415 1940 τόλυμα
2440 1870 2506 1923 ὲκ
2537 1868 2636 1939 τῆς
2664 1868 2852 1940 χώρας
2887 1868 2994 1941 πρὸ
3016 1868 3113 1922 τοῦ
3136 1868 3348 1941 Πάσχα,
3377 1868 3465 1922 ἵνα
3496 1869 3814 1937 ἁγνίσωσιν

517 1960 675 2016 vobis
707 1960 944 2030 videtur,
971 1965 1097 2035 quia
1126 1981 1235 2022 non
1262 1966 1413 2022 venit
1444 1964 1512 2020 ad
1541 1963 1685 2020 diem
1716 1963 1956 2019 festum?
1993 1963 2097 2018 De-

2217 1959 2453 2021 ἑαυτούς.
2471 1960 2731 2031 Ἐζήτουν
2778 1955 2872 2013 οὖν
2913 1959 3004 2013 τὸν
3025 1959 3253 2030 Ἰησοῦν,
3286 1961 3379 2013 καὶ
3428 1958 3616 2027 ἔλεγον
3667 1958 3818 2028 μετ’

520 2047 721 2104 derunt
748 2059 931 2115 autem
959 2052 1244 2123 pontiﬁces
1272 2062 1328 2111 et
1368 2053 1626 2110 Pharisaei
1666 2052 2008 2117 mandatum,
2040 2059 2100 2105 ut

2217 2053 2452 2124 ὶλλήλων
2479 2053 2537 2106 ὲν
2565 2052 2642 2123 τῷ
2680 2050 2812 2124 ίερῷ
2854 2051 3184 2123 ἑστηκότεςο
3218 2051 3283 2105 Τί
3329 2051 3481 2106 δοκεῖ
3524 2052 3686 2122 ύμῖν,
3721 2052 3812 2104 ὅτι

518 2138 566 2195 si
596 2141 722 2212 quis
751 2145 1069 2215 cognoverit
1098 2146 1189 2203 ubi
1216 2148 1308 2214 sit,
1338 2147 1563 2211 indicet,
1595 2154 1657 2202 ut
1683 2144 2100 2217 apprehendant

2217 2147 2268 2198 ab
2305 2144 2380 2225 μη
2409 2143 2539 2219 ἔλθῃ
2587 2146 2668 2208 είς
2690 2129 2814 2215 ’τὴν
2849 2145 3083 2215 ἑορτήνς
3119 2141 3460 2197 Δεδὼκεισαν
3493 2143 3551 2196 δὲ
3582 2144 3635 2197 οἱ
3664 2143 3815 2213 ἀρχ-

519 2247 668 2287 eum.
697 2232 859 2291 Jesus
886 2252 1017 2309 ergo
1051 2248 1181 2294 ante
1207 2254 1302 2295 sex
1321 2239 1438 2296 dies
1460 2228 1686 2295 Pascha:
1722 2240 1872 2295 venit
1898 2238 2099 2294 Betha-

2217 2236 2377 2307 ιερεῖς
2411 2234 2508 2288 καὶ
2544 2235 2595 2287 οί
2625 2235 2910 2305 Φαρισαῖοι
2936 2231 3157 2303 ἐντολὴν
3190 2232 3276 2284 ἴνα
3301 2232 3396 2286 ἐάν
3425 2248 3510 2294 τις
3539 2230 3660 2301 γνῷ
3694 2229 3814 2283 ποῦ

520 2322 690 2392 niam,
719 2326 814 2382 ubi
840 2325 1081 2384 Lazarus
1106 2328 1287 2385 fuerat
1314 2340 1585 2395 mortuus,
1617 2344 1779 2401 quem
1818 2327 2102 2385 suscitavit

2217 2328 2378 2393 ἐστιν,
2418 2324 2652 2398 μηνύσῃ.
2687 2325 2836 2388 ὅπως
2866 2324 3133 2377 πιάσωσιν
3169 2322 3430 2378 αύτόν.’0
3451 2318 3545 2376 οὖν
3584 2322 3815 2392 Ἰησοῦς

518 2427 587 2468 ex
609 2418 866 2475 mortuis.
902 2439 922 2473 ι
964 2418 1174 2477 Deinde
1210 2421 1358 2478 beati
1407 2421 1623 2477 Domini
1648 2421 1904 2492 discipuli
1933 2420 2102 2476 inter-

2217 2418 2315 2491 πρὸ
2342 2424 2396 2483 ς’
2424 2416 2646 2488 ἡμερῶν
2683 2415 2780 2470 τοῦ
2826 2417 3013 2486 Πάσχα
3038 2411 3202 2485 ἦλθεν
3234 2416 3315 2478 είς
3342 2415 3635 2487 Βηθανίαν,
3663 2416 3815 2468 ὅπου

519 2515 852 2575 rogaverunt
893 2507 1095 2578 ipsum,
1137 2509 1426 2566 dicentes:
1474 2529 1493 2563 ι
1535 2509 1680 2565 Ecce
1718 2517 1844 2579 post
1872 2505 2099 2565 biduum

2217 2505 2276 2582 ἧν
2307 2507 2557 2580 Λάζαρος
2586 2507 2615 2559 ὁ
2641 2504 2936 2576 τεθνηκὼς,
2958 2504 3023 2558 ὃν.
3036 2504 3258 2575 ἧγειρεν
3282 2505 3347 2557 ὲκ
3371 2501 3602 2572 νεκρῶν.
3618 2520 3636 2554 ι
3666 2496 3816 2555 Εἶτα

519 2594 734 2653 Pascha
778 2597 858 2665 lit,
892 2598 987 2655 ubi
1035 2600 1121 2657 vis
1162 2615 1293 2673 ergo
1327 2608 1385 2654 ut
1412 2613 1668 2670 paremus
1709 2599 1849 2654 tibi?
1878 2616 1897 2650 ι
1947 2598 2104 2654 Patet

2217 2606 2259 2658 οἱ
2305 2601 2570 2673 μακάριοι
2611 2598 2707 2653 τοῦ
2753 2598 2963 2668 Κυρίου
3012 2595 3255 2667 μαθηταὶ
3296 2593 3593 2666 ⁴ῐιριιῖιτησαν
3634 2592 3815 2646 αὐτὸν

522 2686 691 2759 igitur
724 2704 833 2744 non
861 2691 1054 2746 eodem
1105 2700 1351 2762 tempore
1393 2691 1601 2748 Pascha
1634 2690 1928 2761 peregisse,
1976 2705 2103 2746 cum

2217 2696 2459 2764 λέγοντες
2490 2693 2574 2746 ὅτι
2612 2690 2773 2745 «Ἰδοὺ
2804 2691 2941 2759 μετὰ
2964 2688 3059 2742 δύο
3094 2688 3310 2758 ἡμέρας
3337 2686 3397 2739 τὸ
3426 2686 3624 2755 Πάσχα
3651 2685 3813 2753 γίνε-

522 2773 730 2834 Pascha
770 2779 1213 2835 manducandum
1240 2790 1386 2838 esset
1430 2788 1554 2851 post
1609 2781 1748 2836 duos
1779 2779 1912 2835 dies.
1947 2777 2104 2846 Quod

2217 2803 2302 2840 ται
2323 2799 2337 2813 '
2380 2782 2484 2837 ποῦ
2527 2778 2622 2837 οὖν
2668 2781 2843 2845 θέλεις
2886 2779 3270 2851 ἑτοιμάσωμέν
3298 2794 3416 2843 σοι;
3450 2796 3469 2827 ι
3503 2775 3683 2848 Δῆλον
3710 2771 3814 2830 οὖν

520 2883 654 2925 vero
683 2886 774 2925 xiv
799 2886 912 2926 non
938 2872 1235 2928 celebravit
1277 2871 1506 2937 Pascha,
1540 2871 1639 2928 sed
1683 2871 1838 2942 prius
1870 2870 2104 2942 typicam

2217 2877 2297 2930 δτι
2324 2875 2387 2929 οὐ
2418 2874 2561 2929 κατὰ
2598 2874 2690 2928 τὸν
2733 2874 2895 2928 αὑτὸν
2942 2872 3157 2944 χρόνον,
3187 2869 3649 2941 άλλὰ·μέλλοντος
3684 2869 3814 2923 ἐσε-

458 2971 469 2991 ’
522 2960 736 3032 peregit
764 2976 999 3029 cwnam,
1026 2963 1249 3033 quando
1276 2961 1637 3019 sanctiﬁcatio
1672 2976 2010 3033 azymorum,
2049 2970 2105 3017 et

2217 2963 2338 3019 σθαι
2355 2964 2400 2996 ’⁵
2440 2961 2534 3017 τοῦ
2567 2963 2759 3033 Πάσχα
2789 2960 2932 3034 μετὰ
2961 2961 3055 3016 δύο
3085 2960 3447 3033 ἡμέρας.“οτι
3474 2959 3530 3014 δὲ
3562 2961 3624 3014 ού
3661 2959 3814 3013 κατὰ

522 3049 648 3106 festi
675 3054 998 3125 praeparatio
1030 3053 1314 3127 agebatur,
1351 3052 1478 3108 inde
1503 3051 1776 3123 colligitur
1813 3065 1991 3122 neque
2022 3050 2105 3107 di-

2217 3056 2310 3128 τὴν
2343 3056 2402 3111 ιδ’
2434 3054 2749 3110 ἐπετέλεσεν
2763 3056 2810 3088 ³⁸
2837 3055 2899 3108 τὸ
2926 3054 3139 3125 Πάσχα,
3168 3053 3306 3108 ἀλλὰ
3345 3051 3452 3125 πρὸ
3499 3050 3698 3106 τούτου
3745 3051 3813 3104 τὸ

523 3143 749 3213 scipolis
794 3145 1085 3201 tradidisse
1137 3145 1448 3209 incensum,
1500 3158 1678 3215 neque
1737 3157 1948 3214 azyma,
2007 3141 2105 3198 sed

2217 3151 2445 3205 τυπικδν
2482 3149 2728 3205 ἐτέλεσεν
2772 3148 3007 3214 δεῖπνον,
3037 3149 3127 3203 ὅτε
3170 3147 3267 3202 καὶ
3308 3148 3338 3201 6
3369 3144 3642 3215 ἁγιασμὸς
3693 3144 3815 3197 τῶν

522 3249 721 3304 panem
747 3244 803 3311 et
827 3236 1075 3306 calicem,
1098 3237 1318 3308 quando
1334 3236 1500 3292 etiam
1524 3227 1915 3305 discipulorum
1937 3235 2105 3307 pedes

2217 3242 2436 3314 ἀζύμων
2485 3240 2580 3295 καὶ
2627 3238 3115 3311 ήπροετοιμασία
3153 3239 3254 3309 τῆς
3318 3237 3510 3309 ἑορτῆς
3564 3234 3810 3303 ἐγίνετο,

521 3325 679 3395 lavit,
715 3329 1182 3400 quemadmodum
1216 3345 1247 3384 a
1280 3329 1392 3384 Deo
1421 3329 1684 3398 inSpirata
1733 3328 1932 3384 docent
1978 3342 2105 3382 ora-

2217 3335 2529 3407 εὑρίσκεται
2581 3320 2695 3396 τοῖς
2753 3330 3024 3402 μαθηταῖς
3087 3328 3399 3402 μεταδιδοὺς
3445 3327 3508 3380 ού
3557 3325 3815 3395 θύματος

522 3418 669 3485 cola,
699 3421 847 3490 quod
892 3421 1111 3491 quidem
1147 3436 1214 3476 ex
1239 3430 1513 3492 praecepto
1554 3418 1792 3475 Mosaico
1824 3434 1931 3475 non
1979 3434 2105 3490 age-

2217 3426 2334 3481 ούδὲ
2377 3423 2624 3497 ἀζύμων,
2671 3423 2787 3480 ἀλλ’
2813 3424 2979 3494 ἄρτου
3007 3423 3101 3476 καὶ
3131 3420 3392 3492 ποτηρίου
3413 3436 3427 3450 ·
3457 3418 3547 3472 ὅτε
3572 3416 3672 3470 καὶ
3693 3417 3815 3469 τῶν

508 1050 831 1106 miraculum
878 1052 1026 1122 quod
1090 1051 1220 1108 fecit
1277 1050 1540 1105 Dominus
1584 1064 1709 1104 cum
1742 1047 2009 1105 Lazarum
2059 1066 2093 1104 a

507 1140 743 1196 mortuis
766 1141 1039 1207 excitavit,
1068 1143 1147 1198 sic
1168 1141 1306 1197 dixit
1330 1158 1343 1194 :
1385 1160 1404 1193 ι
1441 1141 1525 1195 Ab
1562 1139 1654 1194 illo
1682 1155 1812 1212 ergo
1830 1139 1919 1196 die
1941 1140 2093 1211 cogi-

511 1241 769 1288 taverunt
790 1234 1063 1304 quomodo
1084 1232 1454 1289 interﬁcerent
1472 1245 1623 1286 eum:
1639 1229 1801 1286 Jesus
1825 1246 1955 1302 ergo
1980 1232 2093 1300 jam

510 1336 624 1377 non
657 1322 836 1390 palam
870 1322 1189 1381 ambulabat
1208 1320 1354 1392 apud
1376 1319 1621 1385 Judatos,
1656 1320 1753 1375 sed
1773 1320 1909 1375 abiit
1941 1319 2094 1375 illinc

510 1409 568 1464 in
599 1411 877 1482 regionem
899 1413 1057 1483 juxta
1079 1413 1380 1479 desertum,
1410 1414 1465 1469 in
1503 1414 1782 1471 civitatem
1806 1426 1928 1482 quae
1952 1410 2093 1466 dici-

514 1510 606 1557 tur
628 1502 891 1575 Ephrem,
926 1514 981 1562 et
1027 1506 1104 1562 ibi
1136 1508 1455 1562 morabatur
1491 1523 1616 1563 cum
1645 1494 1926 1574 discipulis
1954 1501 2089 1586 suis.

524 3507 708 3564 batur.
742 3509 960 3565 Etenim
997 3511 1044 3566 si
1078 3511 1168 3567 ille
1196 3526 1306 3566 non
1336 3510 1532 3566 fuisset
1559 3510 1681 3565 loco
1697 3510 1824 3581 agni
1853 3509 2017 3580 typici
2053 3517 2109 3564 et

525 3597 815 3665 sacriﬁcii;
841 3615 966 3654 cum
1002 3599 1131 3655 olim
1161 3615 1193 3655 a
1233 3597 1416 3671 Moyse
1442 3599 1825 3670 praescriptum
1849 3608 1998 3654 esset
2042 3599 2109 3654 iis

526 3689 619 3761 qui
648 3690 862 3764 venturi
897 3700 1075 3757 erant,
1124 3698 1186 3746 ut
1213 3690 1450 3746 hostiam
1479 3690 1846 3756 immolarent,
1884 3688 2111 3744 minime

528 3794 907 3854 transgressus
943 3781 1140 3838 fuisset
1170 3780 1318 3853 leges
1350 3781 1540 3846 Israel,
1576 3781 1674 3838 sed
1700 3795 1859 3837 ovem
1899 3779 2110 3835 sacriﬁ-

527 3882 727 3940 casset,
753 3884 810 3929 et
836 3873 1120 3943 discipulis
1147 3872 1627 3939 communicasset,
1652 3872 2109 3944 quemadmodum

528 3964 805 4037 prioribus
842 3965 1002 4021 annis
1049 3965 1275 4032 fecerat,
1326 3964 1432 4021 nisi
1483 3965 1683 4020 horum
1733 3962 1975 4034 mysterii
2011 3978 2110 4018 ex-

527 4058 714 4128 plendi
738 4066 953 4130 tempus
979 4059 1266 4126 adfuisset,
1299 4065 1411 4129 quo
1450 4057 1661 4114 scilicet
1699 4070 1875 4127 agnus
1900 4055 2112 4127 typicus

529 4150 721 4215 desiit,
749 4151 1052 4207 secundum
1081 4150 1360 4207 Romanos
1394 4148 1572 4205 Martii
1599 4148 1804 4204 mensis
1824 4164 1961 4215 nu,
1990 4148 2112 4218 ipso

531 4256 662 4298 vero
693 4242 782 4299 die
807 4243 951 4298 lun'aa
999 4242 1254 4299 habentis
1296 4259 1420 4308 xm,
1449 4242 1585 4297 bora
1615 4249 1885 4296 nocturna
1925 4255 1957 4295 v
1989 4239 2114 4295 illu-

533 4342 791 4390 cescente
815 4334 869 4388 in
892 4350 1044 4400 xxiv,
1071 4342 1333 4405 regnante
1368 4332 1584 4389 Herode
1617 4331 1912 4399 tetrarcha,
1948 4338 2007 4385 ut
2029 4330 2115 4386 in-

530 4424 678 4480 dicat
708 4424 889 4480 Lucas
908 4409 1261 4497 evangelista.
1286 4422 1574 4479 Exstincto
1589 4421 1733 4478 enim
1752 4420 1991 4483 Herode,
2020 4421 2116 4492 qui

532 4515 772 4573 infantes
815 4517 1136 4583 sustulerat,
1170 4516 1225 4573 in
1255 4515 1376 4586 ejus
1411 4515 1551 4571 filios
1580 4530 1808 4588 regnum
1837 4522 1922 4570 est
1946 4513 2116 4570 devo-

2218 3516 2478 3588 μαθητῶν
2513 3515 2772 3587 άπένιψεν
2816 3515 2943 3577 τοὺς
2971 3513 3159 3576 πόδας,
3192 3510 3334 3566 καθὰ
3366 3510 3436 3564 τά
3466 3508 3814 3563 θεόπνευστα

2214 3595 2454 3664 διδάσκει
2474 3607 2652 3676 λόγια,
2680 3607 2820 3677 ὅπερ
2848 3605 2908 3659 ού
2936 3604 3076 3659 κατὰ
3101 3602 3201 3675 τὴν
3227 3601 3528 3671 Μωσαϊκὴν
3560 3598 3816 3668 πρόστα-

2218 3700 2300 3767 ξιν
2328 3701 2656 3754 ὲπετελείτο.
2686 3699 2749 3752 El
2804 3697 2913 3769 γὰρ
2962 3696 3039 3769 μὴ
3084 3694 3248 3759 αὐτὸς
3281 3691 3492 3762 ἐγίνετο
3540 3691 3665 3743 ἀντὶ
3707 3689 3814 3740 τοῦ

2218 3794 2392 3868 ἀμνοῦ
2417 3792 2513 3847 τοῦ
2549 3793 2692 3847 κατὰ
2722 3792 2894 3846 τύπον
2926 3790 3022 3845 καὶ
3051 3789 3213 3843 σκιὰν
3246 3787 3487 3858 θύματος
3516 3781 3609 3837 τοῦ
3634 3781 3815 3834 πάλαι

2218 3883 2370 3953 παρὰ
2391 3880 2672 3945 Μωῦσέως
2692 3880 3125 3950 προσταχθέντος
3153 3876 3378 3932 θύεσθαι
3398 3878 3511 3938 τοῖς
3536 3874 3619 3936 είς
3646 3871 3815 3924 iis-cs-

2219 3989 2312 4043 ρον
2345 3971 2515 4042 θύμα.
2547 3972 2647 4025 οὐκ
2676 3970 2741 4024 ἂν
2773 3969 3052 4042 παρῆλθεν
3081 3968 3151 4024 τὰ
3190 3967 3285 4023 τοῦ
3309 3966 3527 4037 Ἰσραὴλ
3573 3964 3815 4033 νόμιμα,

2218 4064 2333 4119 ἀλλ’
2360 4060 2505 4136 εἶχεν
2530 4064 2599 4119 ἂν
2629 4065 2724 4117 καὶ
2757 4062 3030 4133 πρόϐατον
3063 4060 3331 4116 θύσασθαι
3358 4059 3455 4113 καὶ
3481 4055 3816 4128 μεταδοῦναι

2219 4158 2334 4220 τοῖς
2366 4155 2657 4228 μαθηταῖς,
2688 4154 2833 4209 καθὰ
2873 4155 2969 4208 καὶ
2997 4155 3078 4218 εἰς
3118 4154 3247 4216 τοὺς
3274 4151 3541 4222 πρότερον
3567 4150 3821 4201 ἐποιεῖτο

2221 4246 2467 4318 χρόνους,
2497 4248 2547 4300 εἰ
2584 4246 2660 4317 μὴ
2690 4245 2897 4315 ἐπέστη
2924 4247 2953 4299 ὁ
2983 4244 3173 4315 καιρὸς
3221 4245 3321 4314 τῆς
3353 4237 3820 4312 συμπληρώσεως

2221 4336 2319 4391 τοῦ
2347 4338 2470 4392 κατ’
2495 4337 2677 4391 αὐτῶν
2706 4337 3031 4408 μυστηρίου,
3064 4335 3160 4389 καὶ
3204 4336 3417 4398 παύσας
3455 4334 3548 4388 τὸν
3576 4333 3822 4386 τυπικδν

2222 4426 2394 4498 ἀμνὸν
2440 4429 2506 4499 τῇ
2559 4427 2640 4500 κβ¹
2682 4427 2777 4482 τοῦ
2810 4428 2952 4481 κατὰ
2987 4426 3294 4498 Ῥωμαίους
3326 4424 3571 4498 Μαρτίου
3615 4423 3819 4495 μηνὸς,

2224 4521 2362 4592 αὐτῇ
2391 4522 2456 4592 τῇ
2477 4521 2521 4552 "
2555 4519 2741 4592 ἡμέρα
2769 4520 3055 4592 σελήνης²⁸
3090 4519 3322 4591 ἐχούσης
3368 4523 3435 4589 ιγ’
3463 4517 3585 4586 ὥρα
3611 4533 3821 4570 νυκτε-

532 4607 732 4674 lutum,
766 4618 828 4664 ut
855 4619 1044 4664 narrat
1063 4608 1355 4679 Iosephus,
1383 4606 1671 4678 iactusque
1696 4615 1779 4662 est
1803 4622 1895 4662 rex
1916 4607 2105 4664 Judaea

2226 4590 2359 4685 ρινῇν
2397 4590 2549 4683 είτῇ
2577 4590 2986 4686 -ὲπιφωσκούσῂ
3030 4613 3111 4675 είς
3145 4610 3336 4665 εἰκάδα
3369 4610 3640 4680 τετάρτην
3672 4607 3817 4678 (ﬂ),

534 4699 865 4766 Archelaus,
895 4700 990 4770 qui
1021 4712 1199 4755 annos
1235 4716 1293 4756 lx
1342 4698 1611 4771 regnavit.
1649 4697 1780 4753 Post
1814 4697 1962 4754 illius
1989 4714 2105 4754 νει-ί

2217 4706 2371 4768 δντος
2420 4702 2660 4775 Ἡρώδου
2687 4702 2783 4757 τοῦ
2797 4705 2844 4737 ⁸⁹
2874 4704 3177 4773 τετράρχου
3225 4700 3510 4771 βασιλέως,
3540 4700 3619 4762 ὡς
3660 4698 3825 4768 δηλοῖ

537 4804 795 4863 mortem,
824 4795 1070 4853 Herodes
1124 4795 1398 4853 tetrarcha
1448 4795 1570 4867 ejus
1599 4794 1768 4849 frater
1793 4794 2040 4863 regnavit
2064 4792 2105 4848 ir

2220 4797 2436 4860 Λουκᾶς
2449 4796 2494 4828 ³ο
2521 4798 2549 4850 ὁ
2577 4792 3392 4866 εύαγγελιστής.⁹Απυθανόντος
3420 4788 3532 4862 γὰρ
3565 4788 3819 4861 Ἡρώδου

536 4889 754 4948 Galilaia
779 4905 956 4947 annos
976 4906 1127 4956 xxiv,
1152 4905 1325 4962 usque
1346 4889 1415 4946 ad
1434 4897 1667 4947 mortem
1696 4886 1925 4946 Tiberii.
1950 4885 2105 4943 P0rr<

2221 4890 2319 4946 τοῦ
2341 4891 2409 4944 τὰ
2426 4882 2607 4962 νήπια
2628 4887 2910 4951 ἀνελόντος
2935 4888 2969 4958 ἡ
2997 4886 3191 4939 τούτου
3230 4882 3531 4954 μετέπεσεν
3564 4879 3711 4952 ἀρχὴ
3733 4881 3825 4944 είς

1928 5065 2254 5125 DUCANGII
2311 5065 2542 5123 ΝΟΤᾸΖ.

464 5286 471 5292 ,
610 5226 725 5299 (l5)
760 5226 951 5299 10610
975 5225 1044 5280 δὲ
1064 5224 1114 5299 δξ
1146 5220 1512 5299 Πάσχαλξιίρ
1546 5236 1599 5299 ιν
1631 5218 1893 5299 Pascha'a
1926 5236 2093 5299 nume

2226 5233 2351 5299 eum
2386 5218 2474 5274 alii
2498 5234 2557 5299 ιιι
2584 5219 2845 5299 duntaxat
2866 5224 3088 5299 putent.
3122 5215 3255 5272 Vide
3284 5212 3504 5271 Henric.
3534 5211 3820 5270 Valesium

540 5288 630 5354 rat
652 5288 723 5353 ab
755 5296 913 5367 initio
943 5288 1614 5367 praedicationisphristi:
1637 5294 1822 5367 quain
1848 5293 2122 5367 sententia
2229 5290 2506 5367 adhunc:
2506 5290 2688 5367 locum
2718 5288 2962 5367 Eusebii.
3008 5357 3052 5367 __
3098 5356 3110 5367 _
3242 5354 3249 5359 ι

540 5369 757 5426 videtur
788 5356 960 5424 fuisse
1004 5366 1277 5425 Eusebius
1328 5362 1421 5417 lib.
1466 5356 1671 5415 rum:
1704 5363 1830 5421 ccci.
1881 5379 2003 5434 cap.
2030 5364 2105 5418 to.

2307 5359 2419 5432 (14)
2464 5358 2778 5428 Τετάρτην.
2804 5357 2975 5415 Holst.
3008 5356 3232 5429 Τρίτην.

1843 5520 2082 5580 VARIA‘]
2128 5518 2426 5577 LECTION
2432 5520 2533 5576 ES.

618 5669 753 5747 ³’.ιθ’
781 5666 1026 5747 «nam
1048 5665 1328 5747 E---”.n'
1355 5665 1451 5747 κεῖ
1478 5672 1525 5720 κ’
1547 5656 1802 5747 ﬁeri?“
1845 5660 1949 5747 Ριη
1986 5659 2027 5692 ’³
2061 5655 2593 5747 δηκὲρξεςέιέιηὲένθὲ
2612 5654 2672 5712 Ρο
2706 5655 3164 5747 Ξῗ¹εὲιῇἶξέῗῖἓ
3188 5651 3255 5747 ’ἶξ
3326 5652 3706 5747 ’³3θῖἓῆξῇ
3728 5653 3822 5747 53-

543 5746 588 5777 ιι
619 5721 732 5810 τῆξ
760 5721 970 5796 όηῑίἹι.
1006 5721 1093 5781 ’με
1132 5721 1342 5795 remouit
1377 5732 1439 5792 P.
1547 5737 1593 5769 ει
1624 5721 1871 5789 ἐτέλεσεν
1910 5731 1976 5786 ιι.
2078 5728 2123 5766 ιτ
2154 5721 2310 5799 αὗτῇ
2336 5727 2394 5782 δὲ
2434 5721 2503 5798 τῇ
2541 5724 2603 5780 r.
2719 5729 2765 5759 ιο
2796 5726 2895 5797 τῆς
2935 5725 3164 5795 σελήνης
3214 5723 3275 5778 ι».
3387 5725 3431 5756 ε·
3461 5723 3556 5777 τοῦ
3588 5721 3700 5780 om.
3751 5721 3823 5781 ιι.

543 5814 588 5847 ³⁹
619 5813 854 5876 Λουκᾶς.
885 5823 1041 5866 xxm.
