3870 6336
500 291 605 355 539

1686 286 1942 348 CHRON
1952 286 2123 347 [ΕΘΝ
2164 285 2572 346 PASCHALE.

3676 282 3768 348 540

497 415 592 457 an.
619 415 673 455 ν.
693 413 834 454 tum.
862 405 920 454 et
943 414 1034 453 xu
1073 397 1286 469 imperii
1304 398 1508 453 Tiberii
1530 397 1782 463 Caesaris,
1809 397 1939 451 anni
1970 396 2079 450 ini-

2211 395 2304 448 ίίου
2361 396 2639 467 Καίσαρος
2689 396 3011 467 μοναρχίας,
3055 393 3231 467 ἀρχὴν
3274 392 3497 464 εἰληφὸς
3543 391 3664 446 ἀπὸ
3690 400 3767 447 »ια’

500 490 578 545 ιίο
606 499 827 561 sumpto
857 504 887 544 a
922 491 1013 545 xx’t
1037 488 1239 544 mensis
1266 487 1463 554 Martii,
1493 487 1605 542 ind.
1632 504 1706 555 ιν,
1729 488 1946 558 quando
1972 487 2081 541 Do-

500 579 688 634 minus
730 588 920 635 noster
975 579 1138 647 Iesus
1196 577 1450 633 Christus
1509 577 1804 632 salutarem
1862 592 2082 632 crucem

405 673 408 677 ’
502 674 652 728 ultro
694 671 884 737 subiit,
912 670 1170 727 inciderit
1205 670 1261 724 in
1288 685 1423 724 χχιιι
1466 668 1674 723 mensis
1709 669 1910 734 Martii,
1945 680 1999 724 et
2027 669 2083 723 in

501 763 647 821 diem
661 762 1010 817 Parasceves.
1057 761 1154 816 Die
1186 770 1367 816 autem
1403 758 1731 815 Parasceves
1762 759 2082 815 cruciﬁxum

501 852 672 911 fuisse
689 855 971 910 Dominum
986 853 1184 909 docent
1197 852 1456 908 divinitus
1469 851 1731 922 inspirata
1743 854 1980 917 oracula,
1998 854 2086 908 die

503 947 712 1003 scilicet
729 946 888 1012 festo,
905 947 984 1001 uti
1001 929 1253 1016 superius
1269 944 1472 1001 dictum
1492 953 1594 1001 est.
1614 946 1814 1001 Tribus
1835 962 1962 1019 ergo
1994 947 2087 1002 Pa-

504 1037 712 1092 schatis
730 1037 904 1099 festis,
923 1046 1211 1108 postquam
1230 1037 1493 1092 Dominus
1506 1038 1815 1108 baptizatus
1829 1050 1934 1105 est,
1961 1056 2088 1095 exa-

504 1128 1360 1199 ctis,annoquequarto,Paschali
1374 1129 1641 1198 festo,pro
1655 1131 1811 1185 nobis
1826 1131 1976 1187 cruci
1986 1132 2089 1186 lixo

506 1218 740 1273 Domino
750 1221 1034 1276 evidenter
1045 1220 1353 1277 ostenditur
1378 1231 1521 1277 totos
1540 1223 1901 1294 tresintegros
1915 1239 2090 1280 annos

507 1311 801 1366 salutarem
839 1313 1283 1383 praedicationem
1311 1315 1646 1381 exercuisse,
1679 1315 1905 1385 diesque
1950 1332 2091 1386 prae.-

510 1411 660 1457 terea
690 1420 868 1470 uxvr,
892 1420 954 1459 ac
977 1407 1170 1460 horum
1202 1405 1421 1473 quidem
1452 1414 1580 1461 ante
1600 1406 1833 1477 primum
1867 1404 2090 1476 Pascha,

510 1509 657 1548 anno
703 1511 771 1549 xv
806 1495 1018 1565 imperii
1073 1496 1275 1551 Tiberii
1312 1496 1561 1562 Caesaris,
1586 1497 1791 1566 aliquot
1814 1511 1941 1551 vero
1968 1506 2094 1553 ante

513 1580 725 1636 Pascha
768 1583 932 1650 hujus
964 1583 1249 1651 prmsentis
1291 1598 1382 1638 an.
1417 1600 1470 1638 ν.
1508 1600 1668 1649 non,
1703 1599 1811 1652 quo
1859 1584 2095 1639 salutare

510 1671 720 1728 Pascha
734 1675 983 1745 contigit.
1001 1673 1159 1740 Quod
1180 1684 1359 1729 autem
1378 1675 1664 1738 Dominus.
1677 1675 1973 1744 praedicato
1997 1691 2095 1746 per

2187 487 2281 541 τοῦ
2322 489 2465 542 κατὰ
2501 490 2805 560 Ῥωμαίους
2852 488 3100 559 Μαρτίου
3136 487 3326 557 μηνὸς,
3358 487 3457 541 ίνδ.
3483 486 3549 551 δ’,
3582 486 3712 540 καθ’
3741 486 3769 540 ὃ

2188 584 2216 635 6
2243 580 2447 651 Κύριος
2496 580 2652 651 ἡμῶν
2691 579 2899 651 Ἰησοῦς
2945 581 2974 634 6
3008 581 3054 612 "
3108 580 3340 651 Χριστὸς
3382 579 3473 632 τὸν
3519 580 3768 632 ἑκούσιον

2190 669 2286 724 καὶ
2315 670 2577 734 ζωοποιον
2623 671 2885 742 ὑπέμεινε
2916 671 3170 741 σταυρὸν,
3198 670 3437 741 ἔφθασεν
3462 672 3531 740 τῇ
3563 677 3654 739 κγ’
3682 669 3769 724 τοῦ

2190 763 2435 834 Μαρτίου
2490 763 2658 833 μηνὸς
2709 764 2803 818 καὶ
2861 766 2917 818 ἐν
2969 762 3153 835 ἡμέρα
3206 764 3537 835 Παρασκευῇ
3572 762 3644 816 ⁸η.
3688 762 3771 815 Ἐν

2178 840 2375 925 ’ῗὴμέρᾳ
2403 854 2458 907 δὲ
2495 856 2825 927 Παρασκευῇ
2852 856 2899 888 ⁷⁸
2931 854 3313 926 σταυρωθῆναι
3333 854 3424 907 τὸν
3464 854 3677 923 Κύριον
3696 854 3772 907 δι-

2191 944 2482 997 δάσκουσιν
2516 946 2586 999 τά
2611 944 2950 999 θεόπνευστα
2980 945 3157 1014 λόγια,
3213 946 3272 997 ἐν
3320 947 3387 1015 τῇ
3438 945 3534 998 τοῦ
3582 945 3773 1014 Πάσχα

2194 1035 2379 1107 ἑορτῇ,
2411 1034 2592 1099 καθὼς
2619 1035 2929 1106 ἔμπροσθεν
2957 1035 3194 1108 εἴρηται.
3231 1035 3412 1106 Τριῶν
3436 1030 3531 1089 οὖν
3578 1036 3772 1105 Πάσχα

2197 1126 2335 1196 μετὰ
2380 1126 2442 1180 τὸ
2475 1125 2838 1197 βαπτισθῆναι
2882 1127 2974 1181 τὸν
3024 1127 3230 1198 Κύριον
3256 1126 3645 1192 τελεσθέντων,
3686 1128 3775 1180 καὶ
3810 1164 3811 1167 η

2196 1220 2254 1272 ἐν
2279 1219 2357 1289 τῷ
2390 1219 2636 1290 τετάρτῳ
2661 1218 2772 1272 ἔτει
2803 1219 2902 1290 τῆς
2924 1219 2970 1251 ⁷⁸
3003 1220 3100 1274 τοῦ
3144 1221 3339 1290 Πάσχα
3385 1220 3583 1289 ἑορτῆς
3638 1220 3775 1291 ὑπὲρ

2197 1309 2355 1380 ἡμῶν
2395 1309 2805 1378 σταυρωθέντος
2849 1309 2944 1364 τοῦ
2999 1309 3235 1381 Κυρίου,
3264 1310 3541 1363 δείκνυται
3589 1310 3778 1379 σαφῶς

2196 1401 2279 1454 ὅτι
2298 1400 2426 1470 τρία
2445 1400 2714 1472 ὁλόκληρα
2744 1400 2838 1470 ἔτη
2862 1401 2924 1454 τὸ
2950 1403 3213 1471 σωτήριον
3242 1399 3481 1464 ἐδίδαξεν
3511 1401 3778 1470 κήρυγμα

2200 1492 2294 1545 καὶ
2319 1491 2535 1562 ἡμέρας
2563 1491 2672 1557 οςθ,
2706 1492 2858 1554 τινὰς
2890 1491 2987 1562 μὲν
3022 1476 3202 1545 αὐτῶν
3248 1491 3355 1559 πρὸ
3384 1490 3478 1544 τοῦ
3512 1492 3709 1560 Πάσχα
3733 1490 3777 1523 ⁷⁸

2200 1579 2294 1633 τοῦ
2330 1579 2546 1651 πρώτου
2585 1579 2726 1634 κατὰ
2761 1580 2821 1633 τὸ
2844 1587 2903 1632 ιε’
2937 1579 3053 1643 ἔτος
3087 1580 3185 1650 τῆς
3217 1579 3469 1648 Τιϐερίου
3500 1579 3780 1648 Καίσαρος

2206 1667 2525 1744 μοναρχίας,
2556 1673 2710 1753 ma;
2741 1674 2799 1727 δὲ
2845 1673 2950 1744 πρὸ
2998 1672 3092 1725 τοῦ
3138 1672 3283 1726 κατά
3324 1672 3385 1725 τὸ
3431 1672 3611 1743 παρὸν
3665 1673 3782 1735 ἔτος

514 1769 627 1815 tres
667 1776 841 1816 annos
888 1761 1200 1833 Evangelia,
1233 1762 1302 1817 ad
1336 1762 1696 1817 voluntariam
1732 1771 1790 1818 et
1828 1763 2097 1819 viviﬁcam

2211 1761 2341 1834 ίεφμ⁹
2375 1763 2666 1833 γεγονότος
2716 1763 3093 1833 σωτηριὼδους
3128 1763 3342 1834 Πάσχα.
3372 1764 3496 1816 Ὀτι
3542 1762 3603 1816 δὲ
3632 1765 3781 1833 τρεῖς

512 1866 730 1906 crucem
752 1853 986 1919 venerit,
1016 1854 1181 1908 docet
1210 1854 1451 1924 lgnalius
1473 1854 1563 1909 ille
1589 1854 1763 1909 deifer
1790 1862 1845 1908 et
1872 1862 2096 1925 martyr,

513 1944 607 2012 qui
632 1943 857 2000 Joannis
888 1944 1145 2016 Theolugi
1173 1946 1446 2016 genuinus
1473 1944 1780 2015 discipulus
1810 1945 1935 2011 fuit,
1969 1962 2098 2001 san-

513 2037 878 2109 ctissimmque
937 2038 1294 2093 Antiochense
1349 2038 1612 2094 Ecclesia:
1674 2039 1967 2109 episcopus
2030 2040 2099 2096 ab

514 2129 780 2197 apostolis
801 2128 1152 2184 constitutus.
1183 2127 1231 2183 ls
1257 2127 1460 2197 quippe
1496 2128 1552 2180 in
1583 2127 1823 2197 Epistula
1856 2127 1924 2182 ad
1944 2126 2099 2182 Tral-

514 2220 692 2276 lianos
720 2220 801 2276 sic
841 2221 1010 2276 verbo
1040 2229 1203 2275 tenus
1232 2220 1496 2296 scripsit:
1530 2238 1548 2271 ι
1594 2220 1731 2275 Vere
1765 2220 2131 2303 etenim'pe:

516 2309 661 2379 perit
705 2310 872 2365 Maria
914 2310 1393 2380 corpus,-Deo-in
1439 2325 1503 2364 ea
1541 2310 1843 2377 habitante,
1885 2322 1936 2368 et
1974 2330 2102 2369 vere

517 2408 681 2453 natus
708 2409 793 2455 est
820 2399 963 2455 Deus
993 2399 1234 2455 Verbum
1280 2416 1347 2455 ex
1378 2400 1595 2472 Virgine
1620 2420 1633 2455 :
1675 2417 1877 2473 corpus
1902 2403 2101 2458 simili-

518 2499 604 2546 ter
626 2492 786 2547 nobis
811 2491 1072 2562 passibile
1114 2492 1235 2548 sine
1258 2501 1484 2562 peccato
1512 2492 1746 2567 induens
1774 2512 1787 2547 :
1814 2509 1942 2549 vere
1972 2510 2103 2550 cun-

521 2592 724 2663 ceptus.
742 2592 829 2637 est
858 2584 910 2637 in
938 2592 1114 2648 utero,
1152 2592 1209 2638 et
1236 2584 1413 2638 factus
1436 2583 1598 2637 estin
1628 2584 1788 2638 vulva
1834 2584 1947 2654 (qui
1981 2601 2103 2640 om-

519 2691 622 2731 nes
652 2676 903 2729 homines
930 2675 984 2729 in
1016 2676 1175 2729 vulva
1204 2676 1397 2745 lingit),
1416 2675 1657 2731 formans
1683 2685 1739 2731 et
1769 2675 1973 2734 iaciens
2000 2678 2103 2734 sibi

521 2781 723 2834 corpus
744 2781 809 2819 ex
836 2764 1075 2834 Virgine,
1104 2767 1223 2821 sine
1254 2767 1463 2822 semine
1488 2767 1697 2822 scilicet
1725 2775 1783 2824 et
1806 2779 2103 2826 consuetu-

522 2854 651 2910 dine
680 2854 819 2910 viri:
854 2864 1209 2925 portatusque
1242 2855 1296 2909 in
1340 2864 1515 2919 utero,
1556 2858 1698 2913 sicut
1733 2868 1789 2913 et
1820 2875 1919 2915 nos
1964 2871 2101 2916 tem-

523 2962 658 3016 pore
681 2949 877 3017 portati
908 2963 1098 3002 sumus
1123 2966 1137 3002 :
1167 2958 1223 3003 et
1251 2964 1375 3004 vere
1398 2949 1629 3005 Iactatus
1658 2942 1760 3018 est,
1786 2962 1841 3008 et
1863 2955 2104 3011 nutritus

526 3038 669 3093 sicut
692 3053 813 3102 nos,
836 3047 892 3092 et
922 3038 1045 3093 cibo
1070 3047 1124 3094 et
1161 3048 1294 3109 potu
1332 3041 1491 3096 sicuti
1522 3050 1577 3098 et
1604 3059 1707 3097 nos
1732 3060 1863 3099 usus
1890 3055 1975 3101 est
2000 3066 2010 3100 :
2050 3056 2105 3101 et

2199 1856 2482 1919 ἐνιαυτοὺς
2499 1855 2744 1929 κηρύξας
2761 1854 2821 1907 τδ
2842 1852 3174 1923 Εὑαγγέλιον
3189 1855 3218 1906 6
3243 1853 3445 1924 Κύριος
3467 1852 3560 1905 ἐπὶ
3581 1852 3677 1905 τὸν
3698 1854 3783 1906 ἐκ·

2200 1944 2381 1999 ούσιον
2415 1947 2506 1999 καὶ
2532 1946 2795 2011 ζωοποιὸν
2815 1940 2947 2016 ἦλθε
2978 1945 3211 2015 σταυρὸν
3240 1944 3480 1998 διδάσκει
3498 1942 3783 2010 καὶἸγνάο

2199 2054 2312 2103 τιος
2345 2038 2373 2092 6
2401 2038 2659 2109 θεοφόρος
2680 2037 2775 2092 καὶ
2803 2037 3040 2108 μάρτυς,
3067 2039 3097 2091 6
3129 2037 3375 2091 Ἰωάννου
3401 2034 3495 2088 τοῦ
3527 2035 3783 2100 θεολόγον

2200 2135 2421 2201 γνήσιος
2454 2130 2706 2203 μαθητὴς
2728 2129 2987 2199 γεγονὼς,
3014 2129 3113 2200 τῆς
3138 2128 3193 2183 δὲ
3214 2129 3273 2182 ὲν
3295 2128 3599 2199 Ἀντιοχείᾳ
3619 2129 3786 2197 ἁγιω-

2200 2223 2372 2294 τάτης
2401 2222 2728 2294 Ἐκκλησίας
2750 2222 3050 2285 ἐπίσκοπος
3078 2221 3183 2275 ὑπὸ
3196 2221 3307 2275 τῶν
3322 2221 3647 2276 ἀποστόλων
3670 2221 3782 2290 (55)

2203 2314 2585 2379 κατασταθείς.
2631 2316 2720 2369 Ἐν
2745 2316 2812 2386 τῇ
2846 2314 2986 2385 πρὸς
3016 2312 3385 2382 Τραλλιανοὺς
3412 2312 3593 2365 τοίνυν
3629 2312 3787 2365 Ἐπι-

2205 2405 2365 2477 στολῇ
2408 2405 2521 2476 (36)
2558 2405 2843 2476 ’γέγραφεν
2867 2405 2960 2457 ἐπὶ
2985 2403 3183 2469 λέξεως
3228 2401 3435 2466 οὕτως·
3472 2421 3491 2452 ι
3540 2400 3789 2469 Ἀληθῶς

2203 2496 2384 2549 τοίνυν
2414 2496 2674 2565 ἐγέννησε
2713 2495 2901 2565 Μαρία
2931 2494 2992 2548 τὸ
3026 2495 3187 2565 σῶμα
3215 2493 3348 2547 Θεὸν
3375 2493 3494 2563 ἔχον
3547 2491 3784 2553 ἔνοικον,

2205 2586 2298 2640 καὶ
2326 2584 2543 2656 άληθῶς
2571 2586 2835 2655 ἐγεννήθη
2863 2585 2891 2637 6
2922 2585 3094 2652 Λόγος
3127 2585 3192 2638 ἐκ
3220 2584 3322 2653 τῆς
3348 2582 3627 2653 Παρθένου
3665 2585 3789 2637 Μα-

2208 2675 2350 2748 ρίας,
2386 2674 2547 2743 σῶμα
2579 2672 2906 2745 ὁμοιοπαθὲς
2952 2676 3088 2745 ἡμῖν
3120 2671 3493 2743 ἠμφιεσμένος
3514 2671 3582 2725 ⁷⁸.
3630 2672 3791 2743 Ἀλη-

2206 2764 2315 2829 θῶς
2349 2766 2572 2834 γέγονεν
2599 2767 2655 2818 ἐν
2680 2765 2863 2836 μήτρςι⁵
2882 2766 2911 2818 6
2935 2766 3144 2828 πάντας
3168 2763 3486 2835 ἀνθρώπους
3515 2764 3575 2816 ὲν
3604 2766 3793 2835 μήτρα

2205 2856 2569 2919 διαπλάττων,
2597 2856 2692 2910 καὶ
2726 2855 2983 2926 ἐποίησεν
3005 2853 3182 2925 ἐαυτῷ
3211 2852 3370 2923 σῶμα
3393 2852 3555 2922 222
3585 2855 3653 2907 ἐκ
3678 2854 3792 2908 τῶν

2206 2950 2305 3021 τῆς
2335 2947 2613 3020 Παρθένου
2641 2947 3000 3019 σπερμάτων,
3029 2945 3168 3017 πλὴν
3196 2946 3321 2998 ὅσον
3346 2945 3563 3014 ὁμιλίας
3596 2944 3795 3016 ἀνδρδς

2209 3040 2361 3096 ἄνευ.
2413 3038 2650 3111 Ἀληθῶς
2691 3037 3058 3109 ἐκυοφορὴθη,
3105 3037 3181 3101 ὡς
3224 3036 3319 3089 καὶ
3367 3037 3551 3106 ἡμεῖς,
3580 3036 3798 3105 χρόνων

527 3129 745 3201 triginta
799 3147 973 3186 annos
1000 3148 1167 3212 agens
1220 3133 1526 3203 baptizatus
1567 3148 1650 3190 est
1698 3152 1727 3191 a
1780 3137 2013 3203 Joanne,
2048 3140 2101 3194 in

2211 3133 2501 3205 περιόδοις,
2525 3097 2873 3200 ⁵κιιιινόιληθιῖῐίς
2896 3097 3121 3201 ἐτέχθη,
3152 3097 3228 3193 ῶς
3270 3129 3366 3183 καὶ
3387 3097 3795 3199 ’ἡμεῖςΓζΑληο

525 3221 756 3277 veritate
806 3232 862 3278 et
907 3238 1018 3277 non
1065 3224 1121 3279 in
1163 3226 1580 3295 phantasmate:
1630 3238 1687 3284 et
1734 3230 1904 3285 tribus
1949 3235 2101 3287 annis

2211 3225 2318 3290 θῶς
2351 3223 2894 3296 ἐγαλακτοτροφὴθη,
2932 3224 3033 3285 καὶ
3055 3224 3261 3293 τροφῆς
3287 3221 3474 3290 κοινῆς
3497 3222 3592 3273 καὶ
3619 3220 3797 3274 ποτοῦ

448 3324 451 3327 ’
528 3312 845 3381 ρταξόὶειιγίι
884 3313 1262 3384 Evangelium,
1306 3325 1362 3371 et
1399 3316 1529 3372 fecit
1570 3319 1721 3389 signa
1755 3328 1811 3373 et
1860 3321 2101 3391 prodigia

2212 3318 2500 3388 μετέσχεν,
2531 3316 2605 3380 ὡς
2646 3317 2741 3370 καὶ
2790 3317 2977 3386 ἡμεῖς,
3035 3316 3131 3368 καὶ
3178 3315 3332 3385 τρεῖς
3373 3312 3607 3375 δεκάδας
3652 3312 3797 3366 ἐτῶν

529 3420 713 3459 coram
750 3405 899 3461 falsis
926 3406 1129 3462 Iudaeis
1159 3426 1172 3462 :
1204 3417 1258 3464 et
1288 3424 1316 3463 a
1350 3408 1520 3464 Pilato
1558 3412 1788 3481 praeside
1812 3412 1981 3481 judex
2021 3414 2101 3483 ju-

2211 3408 2669 3476 πολιτευσάμενος
2701 3404 3004 3476 ἐϐαπτίσθη
3035 3403 3140 3457 ὑπὸ
3174 3403 3419 3456 ’ίωάννω
3450 3402 3670 3471 άληθῶς
3696 3403 3798 3455 καὶ

528 3494 741 3573 dicatus
769 3504 872 3563 est,
906 3497 1204 3569 ﬂagellatus
1239 3509 1344 3567 est,
1374 3503 1618 3572 colaphis
1647 3520 1821 3559 caesus
1844 3515 1948 3570 est,
1979 3521 2100 3561 con-

2213 3502 2276 3554 ού
2297 3499 2539 3569 δοκήσει.
2564 3495 2675 3550 Καὶ
2708 3493 2756 3565 γ’
2786 3497 3069 3556 ἐνιαυτοὺς
3099 3492 3342 3564 κηρύξας
3371 3492 3431 3545 τὸ
3458 3491 3803 3560 Εὐαγγέλιον

531 3593 737 3654 sputus
756 3596 857 3646 est.
879 3589 1124 3656 spineam
1151 3606 1409 3646 coronam
1434 3609 1872 3665 purpureamque
1903 3607 2101 3652 vestem

2217 3592 2312 3646 καὶ
2362 3589 2594 3659 ποιήσας
2629 3590 2827 3657 σημεῖα
2861 3586 2955 3638 καὶ
2988 3586 3192 3656 τέρατα
3221 3584 3327 3637 ὑπὸ
3354 3582 3464 3637 τῶν
3509 3582 3802 3649 ψευδοῖου-

531 3677 789 3745 portavit,
820 3679 1217 3735 condemnatus
1256 3690 1359 3744 est,
1388 3686 1679 3743 cruciﬁxus
1709 3696 1793 3744 est
1836 3703 1986 3751 vere,
2018 3704 2108 3744 se—

535 3763 723 3833 pultns
748 3774 850 3832 est,
884 3775 939 3820 et
962 3770 1260 3823 resurrexit
1288 3786 1319 3825 a
1351 3774 1600 3828 mortuis.
1645 3794 1663 3826 ι
1695 3832 1703 3841 δ

2216 3682 2384 3736 δαίων
2413 3680 2506 3734 καὶ
2554 3678 2786 3732 Πιλάτου
2809 3677 3075 3748 ἡγεμόνος
3107 3679 3136 3730 6
3163 3675 3354 3746 κριτὴς
3408 3674 3629 3744 ἐκρίθη,
3659 3674 3806 3742 ἐμα-

2213 3771 2454 3842 στιγώθη
2503 3769 2610 3824 ὑπὸ
2634 3769 2856 3835 δούλων,
2888 3769 2981 3822 ἐπὶ
3033 3768 3239 3841 κόρρης
3261 3762 3571 3837 apemtum,
3609 3765 3677 3828 τ’,
3714 3765 3807 3816 ἐν-

536 3855 801 3928 επτύσθη,
859 3857 1149 3913 ἀκάνθινον
1232 3863 1494 3929 στέφανον
1571 3866 1666 3919 καὶ
1735 3869 2052 3941 πορφυροῦν
2119 3869 2334 3941 ἱμάτιον
2413 3862 2695 3933 ἐφόρεσεν,
2762 3861 3090 3933 κατεκρίθη,
3173 3856 3493 3928 ἐσταυρώθη
3550 3854 3803 3927 ἀληθῶς,

535 3949 598 4003 οὖ
633 3949 885 4021 δοκήσει,
935 3952 994 4005 οὐ
1032 3954 1322 4025 φαντασίᾳ,
1357 3955 1457 4008 οὐκ
1488 3956 1695 4029 ἀπάτῃ.
1737 3960 2031 4016 Ἀπέθανεν
2063 3960 2296 4033 άληθῶς,
2335 3958 2430 4011 καὶ
2464 3956 2659 4026 ἐτάφη,
2694 3954 2788 4009 καὶ
2832 3951 3043 4024 ἠγέρθη
3089 3954 3155 4005 ἐκ
3189 3951 3297 4003 τῶν
3334 3948 3565 4019 νεκρῶν.
3604 3967 3623 3999 ι

609 4064 749 4122 Ecce
766 4074 965 4152 .aperte
1003 4067 1229 4123 omnino
1266 4069 1390 4124 talis
1415 4085 1478 4126 ac
1509 4079 1692 4132 tantus
1720 4075 1972 4134 Ecclesia
2016 4079 2117 4134 do-

2286 4074 2419 4127 Ἰδοὺ
2454 4071 2709 4143 φανερῶς
2732 4072 2761 4124 6
2789 4067 3030 4133 τοιοῦτος
3054 4069 3148 4123 καὶ
3177 4064 3498 4138 τηλικοῦτος
3530 4066 3632 4135 τῆς
3671 4065 3809 4118 Ἐκο

538 4164 660 4213 ctor
702 4159 941 4214 triennio
976 4175 1011 4214 a
1035 4162 1324 4216 Servatore
1366 4164 1720 4233 praedicatum
1763 4169 2101 4242 Evangeliun

2211 4166 2308 4236 κλη
2318 4165 2441 4229 σίας
2467 4162 2783 4225 διδάσκαλος
2803 4160 2953 4229 τρεῖς
2971 4161 3249 4222 ἐνιαυτοὺς
3268 4156 3506 4230 κηρῦξαι
3528 4156 3589 4209 τὸ
3617 4156 3809 4227 Εὐαγ-

543 4248 694 4303 dicit.

613 4339 715 4406 Qui
742 4352 871 4411 ergo
898 4340 1155 4399 adversus
1182 4353 1385 4400 sanctae
1414 4322 1694 4426 catholicae
1722 4358 1774 4403 et
1808 4348 2121 4419 apostolicae

544 4429 800 4488 Ecclesiae
824 4431 941 4487 dies
974 4433 1139 4489 festos
1160 4435 1277 4489 ausi
1309 4445 1437 4489 sunt
1465 4438 1735 4506 scribere,
1765 4441 2121 4509 quadriennio

546 4532 692 4588 toto.
720 4524 1021 4596 diebusque
1037 4525 1243 4595 aliquot
1263 4543 1294 4581 a
1312 4527 1540 4583 Domino
1574 4528 1921 4601 Evangelium
1952 4532 2121 4589 fuisse

542 4609 1128 4687 prmdicatum,'sancto
1155 4619 1360 4675 deifero
1391 4621 1635 4692 martyri,
1672 4630 1728 4678 et
1763 4626 1931 4681 sacris
1952 4623 2122 4680 Litte-

444 4776 449 4781 ι
543 4708 623 4763 ris
653 4709 927 4767 contraire
961 4709 1471 4783 deprehenduntur.

2144 4266 2189 4321 ι)
2216 4257 2397 4328 γέλιον
2422 4257 2513 4312 τὸν
2546 4256 2774 4326 Σωτῆρα
2798 4253 2967 4321 λέγει.

2299 4349 2363 4403 Οί
2389 4347 2448 4401 δὲ
2506 4344 2648 4400 κατὰ
2674 4345 2785 4398 τῶν
2816 4344 3018 4415 ἑορτῶν
3047 4343 3145 4413 τῆς
3175 4342 3337 4410 ἁγίας
3364 4340 3459 4393 τοῦ
3485 4337 3625 4392 Θεοῦ
3666 4338 3815 4391 καθ-

2226 4437 2415 4509 ολικῆς
2439 4436 2535 4490 καὶ
2598 4434 2965 4503 άποστολικῆς
3006 4431 3331 4502 Ἐκκλησίας
3362 4429 3571 4501 γράψαι
3597 4429 3821 4500 τολμή-

2228 4535 2419 4591 σαντες
2462 4526 2734 4596 τέσσαρας
2779 4523 3059 4586 ἐνιαυτοὺς
3092 4521 3419 4592 ὁλοκλήρους
3454 4525 3549 4573 καὶ
3588 4518 3822 4589 ἡμέρας

2226 4618 2378 4681 τινὰς
2398 4615 2635 4687 κηρῦξαι
2660 4614 2751 4668 τὸν
2780 4615 2983 4685 Κύριον
3006 4613 3066 4665 τὸ
3082 4611 3411 4680 Εύαγγέλιον
3432 4610 3820 4679 ἀπεφήναντο,

2227 4708 2629 4779 ἐναντιούμενοι
2670 4706 2749 4777 τῷ
2785 4705 3003 4778 ῥηθέντι
3039 4703 3282 4775 θεοφόρῳ
3306 4704 3408 4757 ,καὶ
3448 4702 3690 4772 μάρτυρι
3717 4703 3824 4754 καὶ

2228 4802 2349 4864 ταῖς
2376 4799 2557 4870 ἁγίαις
2596 4800 2860 4870 Γραφαῖς.

1884 4953 2211 5013 DUCANGII
2250 4953 2478 5012 ΝΟΤιΕ.

621 5099 731 5170 (55)
780 5096 929 5170 ’,Υίτὸ
943 5166 956 5170 _
967 5095 1106 5170 td'w‘
1121 5095 1499 5170 ἀποστόλων.
1531 5094 1884 5170 _S_cripto_rur_n_
1900 5103 2123 5170 senten-

549 5163 676 5232 tias,
715 5163 805 5238 qui
840 5167 899 5221 S.
942 5164 1203 5238 Ignatium
1233 5165 1302 5220 ab
1340 5164 1596 5238 apostolis
1636 5163 1937 5238 Antiochiae
1973 5163 2121 5238 ordi-

549 5233 749 5293 natum'
778 5238 944 5291 fuisse
969 5233 1163 5305 'cpisco
1243 5251 1292 5287 ιιι
1324 5233 1610 5297 tradidere,
1650 5234 1832 5288 multis
1871 5233 2125 5303 expendit

552 5308 698 5362 idem
721 5306 1020 5362 Cotelerius
1044 5307 1111 5361 ad
1145 5250 1424 5362 (Eritium.
1460 5313 1630 5362 apost.
1666 5320 1787 5362 nail.
1815 5302 1939 5360 298.

552 5308 698 5364 idem
721 5302 1031 5362 Cotelerius'
1044 5307 1111 5361 ad
1145 5302 1424 5362 Constitut.
1460 5313 1630 5373 apost.
1666 5320 1787 5376 pag.
1815 5302 1939 5360 298.

2300 5091 2410 5161 (5m
2448 5089 2802 5160 Ἐπιστολῇ.
2840 5088 3080 5161 Epistula
3127 5086 3349 5161 scilicet
3378 5084 3706 5155 interpolata
3750 5088 3830 5143 ad

2229 5156 2534 5288 'lll‘ralliianos
2581 5177 2637 5216 n.
2668 5156 2776 5228 10,"
2805 5156 2962 5232 cuj'us
3014 5156 3517 5229 interpretationem
3563 5163 3831 5214 veterem

2274 5249 2321 5289 ιο
2389 5247 2563 5288 amns.
3808 5256 3817 5261 -

1832 5477 2069 5537 VARIAS
2100 5476 2506 5536 LECTIONES.

627 5602 673 5636 "
706 5603 735 5657 6
762 5617 874 5658 om.
903 5598 966 5658 P.
1060 5598 1106 5632 ⁷⁸
1135 5598 1490 5722 πῖρασκεῡῆς
1557 5598 1641 5657 bis
1850 5599 1895 5631 ⁷⁸
1922 5601 2021 5671 τῆς
2056 5615 2166 5656 om.
2196 5598 2262 5654 R.
2362 5597 2411 5631 "
2448 5595 2665 5668 πρῶτον
2709 5592 2804 5649 τοῦ
2854 5593 3048 5662 Πάσχα
3087 5589 3150 5646 P.
3252 5590 3297 5623 "
3323 5587 3703 5660 ἡμφιεσμένον
3758 5588 3843 5648 Β.

635 5676 803 5722 κόρης
831 5669 1101 5722 ὲοαπίσθη
1136 5670 1177 5722 Ρ
1231 5709 1244 5722 .
1728 5711 1733 5715 .

557 5673 605 5707 ’⁷
635 5676 803 5744 κόρης
831 5669 1101 5744 ἐραπίσθη
1136 5669 1244 5723 PV.
