3870 6336
481 367 577 436 5!)!

1667 360 2106 426 CHRONICON
2159 360 2564 421 PASCHALE.
3639 355 3728 422 55!

480 478 806 554 ntogcnitis:
842 477 1026 546 sicque
1067 476 1207 530 ﬁlios
1234 474 1392 529 lsrael
1425 484 1547 545 post
1580 474 1815 528 mediam
1842 482 2063 531 noctem

2183 441 2327 533 τάξαι
2370 453 2493 522 τινὰ
2522 468 2581 533 ἐξ
2607 467 2810 523 αὐτῶν.
2844 467 3165 536 Αἰγυπτίοις
3195 465 3252 519 δὲ
3282 466 3380 538 τὴν
3411 467 3614 537 φθορὰν
3653 472 3732 522 ἑν-

481 591 548 628 ex
589 569 824 642 Egypto
869 568 1077 623 eduxit.
1127 567 1400 621 Scribitur
1424 567 1572 620 enim
1606 566 1660 619 in
1695 580 1853 619 sacro
1900 563 2068 618 Exodi

483 666 625 718 libro
655 663 721 716 ad
745 661 969 715 verbum
1007 678 1019 712 :
1054 678 1070 709 ι
1101 657 1330 711 Vocavit
1362 657 1570 726 Moyses
1603 671 1796 709 omnes
1827 655 2072 708 seniores

487 754 667 814 Israel,
703 761 758 804 et
805 751 936 804 dixit
966 750 1030 803 ad
1065 749 1185 801 illos
1216 766 1226 800 :
1264 747 1359 810 Ite,
1385 754 1440 801 et.
1483 747 1712 815 accipite
1745 763 1943 816 agnum
1977 762 2072 815 per

484 841 834 911 cognationes
869 847 1076 890 vestras
1107 843 1162 889 et
1197 835 1502 890 sacriﬁcate
1541 834 1771 888 Pascha.
1819 834 2070 901 Accipie-

485 931 554 985 tis
581 938 759 982 autem
798 925 1116 980 fascirulam
1162 925 1406 994 hyssoiti,
1448 932 1505 976 et
1543 923 1813 992 tingentes
1847 938 1913 974 ex
1942 936 2070 974 san-

483 1018 772 1087 guinequi
797 1026 884 1070 est
925 1017 1067 1086 apud
1119 1016 1378 1085 ianuam,
1419 1024 1474 1068 et
1509 1015 1742 1083 tangetis
1781 1015 1974 1078 limen,
2017 1021 2072 1066 ct

483 1120 747 1180 utrosque
777 1119 957 1178 postes
992 1124 1019 1161 a
1061 1109 1358 1177 sanguine,
1407 1094 1498 1176 qui
1550 1108 1791 1178 cstapud
1821 1108 2067 1175 ianuatn.

483 1201 596 1256 Vos
626 1210 808 1255 autem
858 1217 967 1254 non
1033 1199 1386 1269 egrediemini
1435 1200 1810 1268 unusquisque
1849 1200 2071 1266 ianuam

485 1295 686 1350 domus
721 1309 832 1347 suae
862 1308 1034 1360 usque
1053 1293 1118 1346 ad
1148 1307 1328 1345 mane.
1362 1291 1431 1344 Et
1453 1290 1984 1344 transibitDominus
2005 1289 2071 1343 ad

485 1383 907 1456 percutiendum
932 1383 1236 1454 Egiptios,
1263 1392 1318 1436 et
1353 1382 1558 1436 videbit
1582 1381 1899 1451 sanguinem
1934 1381 1989 1434 in
2016 1381 2075 1434 li-

486 1476 654 1541 mine,
683 1484 737 1528 ct
768 1488 934 1542 super
963 1481 1220 1541 utrosque
1255 1482 1441 1542 postes
1462 1513 1475 1535 ,
1515 1483 1570 1526 et
1599 1473 1850 1526 transibit
1891 1471 2074 1524 Domi-

488 1584 594 1622 nus
614 1569 859 1635 ianuam,
886 1573 942 1618 et
969 1580 1076 1618 non
1104 1566 1250 1618 sinet
1280 1565 1759 1619 esterminatorem
1785 1563 1993 1632 ingredi
2019 1564 2070 1616 in

488 1662 682 1714 domos
710 1668 924 1714 vestras
958 1658 1024 1711 ad
1057 1657 1504 1726 percutiendum.
1539 1655 1604 1710 Et
1629 1656 1915 1710 servabitis
1947 1669 2074 1708 vcr-

489 1754 620 1808 bum
646 1753 750 1806 hoc
780 1749 1079 1820 legitimum
1107 1748 1200 1802 tibi
1229 1757 1282 1802 et
1309 1748 1436 1802 ﬁliis
1474 1748 1581 1801 tuis
1606 1761 1780 1816 usque
1806 1746 1874 1800 ad
1904 1760 2076 1799 saecu-

2179 561 2497 628 απὲσκηψεν
2517 560 2563 590 ³⁶
2594 555 2700 612 καῖ
2722 558 2792 611 τὰ
2817 559 3138 629 πρωτότοκα
3181 558 3360 613 αὐτῶν
3389 560 3620 612 ἀνεῖλεν·
3651 561 3731 613 καὶ

2178 650 2321 703 οὕτω
2348 651 2486 716 μετὰ
2512 650 2573 702 τδ
2601 649 2954 718 μεσονύκτιον
2981 650 3109 712 τοὺς
3139 650 3520 721 υἱοῦςΊσραὴλ
3555 652 3726 721 ὲξήγαο

2177 757 2273 808 γεν
2323 739 2380 804 ἐξ
2424 739 2742 806 Αἰγύπτου.¹
2769 740 3085 809 Γέγραπται
3112 739 3222 810 γὰρ
3251 743 3310 792 ὲν
3344 743 3409 809 τῇ
3442 742 3562 810 ἱερᾷ
3589 740 3737 809 βίϐλῳ

2176 831 2278 900 τῆς
2335 831 2548 896 Ἐξόδου
2570 830 2611 862 ³¹
2669 831 2762 882 ἐπὶ
2812 830 3010 894 λέξεως
3057 829 3264 891 οὕτως·
3309 851 3328 881 ι
3371 831 3655 884 Ἕκάλεσεν
3687 831 3738 883 δὲ

2178 923 2419 992 Μωῦσῆς
2453 924 2633 974 πᾶσαν
2675 920 2775 991 τὴν
2803 921 3094 992 γερουσίαν
3148 921 3402 992 Ἰσραὴλ,
3457 923 3550 974 καὶ
3603 918 3742 974 εἶπεν

2179 1015 2314 1084 πρὸς
2362 1013 2593 1076 αύτούς·
2633 999 2926 1064 ’Λπέλθατε
2945 1013 3028 1076 ⁸¹,
3087 1013 3281 1066 λάϐετε
3333 1015 3460 1083 ὑμῖν
3514 1013 3738 1076 αὑτοῖς⁸¹

2182 1105 2457 1175 πρόϐατον
2493 1104 2631 1157 κατὰ
2658 1103 2978 1172 συγγενείας
3009 1104 3184 1172 ὑμῶν,
3216 1105 3310 1156 καὶ
3341 1104 3541 1157 θύσατε
3565 1105 3622 1156 τὸ
3646 1105 3744 1156 Πά-

2181 1213 2284 1265 σχα
2305 1212 2318 1226 ο
2355 1195 2592 1266 λήψεσθε
2610 1195 2656 1226 ³⁸
2685 1195 2742 1246 δὲ
2788 1195 2995 1263 δέσμην
3028 1195 3284 1247 ὑσσώπου
3313 1235 3326 1258 ,
3362 1196 3456 1249 καὶ
3489 1195 3744 1264 βάψαντες

2179 1286 2286 1338 ἀπὸ
2313 1284 2408 1337 τοῦ
2443 1285 2674 1354 αἵματος
2700 1283 2794 1337 τοῦ
2815 1284 2857 1316 ³⁵
2884 1286 2964 1346 εἰς
2992 1284 3091 1352 τὴν
3120 1284 3290 1354 θύραν
3323 1284 3572 1348 καθίξετε
3587 1287 3630 1325 ³⁸
3656 1286 3748 1353 τῆς

2185 1376 2349 1445 φλιᾶς
2379 1417 2393 1438 ,
2425 1376 2521 1428 καὶ
2567 1376 2652 1427 ἐπ’
2696 1375 3024 1445 ἀμφοτέρων
3057 1375 3166 1426 τῶν
3216 1375 3470 1445 σταθμῶν
3514 1376 3619 1428 ἀπὸ
3661 1375 3746 1428 τοῦ

2180 1468 2415 1536 αἵματος
2449 1468 2477 1519 ὃ
2512 1468 2629 1520 ἐστι
2678 1467 2828 1536 παρὰ
2870 1467 2969 1535 τὴν
3013 1465 3218 1537 θύρανο
3255 1469 3412 1536 ὑμεῖς
3456 1467 3511 1519 δὲ
3541 1469 3639 1520 οὐκ
3667 1468 3749 1531 ἑξ-

2181 1553 2467 1606 ελεύσεσθε
2512 1553 2744 1616 ἕκαστος
2787 1554 2884 1622 τὴν
2929 1553 3098 1623 θύραν
3129 1553 3224 1606 τοῦ
3264 1555 3414 1608 οῐκου
3453 1555 3616 1608 αὑτοῦ
3651 1559 3752 1618 ἓως

2182 1645 2346 1714 πρωῒ.
2381 1645 2490 1696 Καὶ
2520 1643 2920 1714 παρελεύσεται
2941 1643 3146 1713 Κύριος
3176 1644 3413 1708 πατάξαι
3444 1646 3570 1708 τοὺς
3600 1649 3756 1713 Αἰγυ-

2181 1733 2392 1797 πτίους,
2423 1734 2520 1786 καὶ
2550 1734 2738 1802 ὄψεται
2782 1733 2843 1786 τὸ
2881 1728 3020 1803 αἷμα
3066 1735 3159 1786 ἐπὶ
3200 1735 3301 1804 τῆς
3333 1733 3492 1802 φλιᾶς
3536 1738 3625 1788 καὶ
3667 1737 3754 1787 ἐπ’

490 1844 622 1898 lum.
650 1841 704 1895 Si
736 1850 914 1894 autem
953 1839 1181 1910 ingressi
1219 1838 1432 1892 fueritis
1461 1839 1514 1891 in
1535 1847 1757 1899 terram,
1789 1851 1954 1906 quam
1987 1838 2082 1891 de-

2183 1823 2510 1893 ἀμφοτέρων
2545 1822 2655 1875 τῶν
2685 1821 2975 1892 σταθμῶν·
3009 1825 3102 1876 καὶ
3130 1825 3522 1894 παρελεύσεται
3558 1828 3757 1896 Κύριος

491 1935 635 1989 derit
670 1931 934 1988 Dominus
973 1930 1127 1984 vobis
1152 1971 1168 1993 ,
1216 1929 1360 1983 sicut
1394 1931 1610 1983 locutus
1645 1935 1760 1994 est,
1790 1931 2078 1985 servabitis

490 2028 699 2083 cultum
731 2026 896 2080 hunc.
933 2023 998 2076 Et
1027 2023 1150 2085 erit,
1187 2022 1230 2075 si
1260 2019 1493 2075 dixerint
1519 2021 1584 2074 ad
1617 2036 1714 2075 vos
1754 2020 1847 2074 ﬁlii
1876 2022 2074 2076 vestri:

493 2119 628 2186 Quis
654 2118 834 2172 cultus
865 2115 987 2169 hic?
1006 2115 1072 2168 Et
1093 2113 1284 2167 dicetis
1315 2113 1457 2170 illis:
1491 2110 1722 2166 Victima
1749 2111 1952 2166 Pascha
1977 2113 2080 2165 hoc

492 2207 749 2270 Domino,
780 2204 872 2274 qui
893 2203 1131 2274 protexit
1158 2200 1350 2254 domos
1383 2199 1614 2252 ﬁliorum
1643 2198 1806 2252 lsrat-l
1828 2197 1879 2250 in
1915 2197 2080 2264 {Egy-

495 2308 620 2369 pto,
673 2295 902 2366 quando
949 2291 1224 2361 percussit
1263 2290 1579 2361 Egyptios,
1641 2289 1834 2343 domos
1898 2296 2079 2340 autem

494 2397 709 2443 nostras
740 2383 1008 2439 liberat-it.
1037 2381 1468 2449 lncurvatusque
1505 2379 1738 2450 populus
1766 2378 2028 2432 adoravit.
2057 2396 2073 2426 ι

497 2478 562 2534 Et
581 2495 795 2534 rursum
821 2495 834 2530 :
857 2495 875 2528 t
911 2474 967 2529 Si
993 2473 1415 2544 interrogaverit
1444 2481 1495 2525 te
1522 2472 1662 2525 ﬁlius
1684 2481 1806 2524 tuus
1827 2470 2082 2538 posthaec

494 2573 723 2626 dicens:
772 2569 911 2634 Quid
955 2567 1102 2621 hoc?
1134 2566 1283 2620 dices
1316 2565 1428 2617 illi:
1479 2563 1749 2629 Quoniam
1807 2562 1859 2615 in
1917 2577 2079 2615 manu

495 2658 622 2714 forti
663 2657 851 2711 eduxit
879 2671 978 2709 nos
1017 2641 1282 2707 Dominus
1312 2665 1374 2704 ex
1405 2649 1636 2718 zEgypto
1659 2690 1673 2714 ,
1715 2663 1745 2701 e
1776 2649 1936 2702 domo
1965 2663 2082 2701 svr-

497 2748 712 2812 vitutis,
746 2745 964 2816 quando
987 2743 1201 2798 Pharao
1234 2741 1585 2794 induraverat
1617 2755 1711 2794 cor
1741 2755 1808 2792 ne
1838 2738 2079 2792 dimitte-

497 2845 582 2892 rct
622 2852 722 2890 nos
743 2877 757 2901 ,
787 2833 1062 2889 interfecit
1091 2831 1352 2886 Dominus
1403 2845 1562 2882 omne
1587 2830 2002 2900 primogenitum
2029 2830 2080 2882 in

499 2938 640 2983 terra
671 2925 884 2996 {Egypti
909 2967 923 2991 ,
965 2941 994 2978 a
1039 2921 1420 2993 primogenitis
1475 2921 1757 2975 hominum
1799 2937 1973 2990 usque
2015 2920 2081 2974 ad

497 3019 856 3090 prii-ingenita
897 3019 1292 3087 iumentorum.
1344 3012 1409 3066 Et
1440 3015 1544 3067 erit
1581 3015 1794 3084 signum
1829 3014 1885 3066 in
1916 3029 2083 3068 manu

501 3123 624 3174 tua,
669 3122 725 3165 et
754 3111 1040 3163 immotum
1073 3116 1200 3160 ante
1248 3103 1438 3158 oculos
1467 3113 1608 3158 tuos.
1647 3103 1702 3157 In
1747 3119 1913 3158 manu
1937 3105 2082 3159 enim

2179 1915 2276 1985 τὴν
2328 1915 2519 1985 θύραν,
2573 1917 2667 1968 καὶ
2715 1915 2814 1968 οὐκ
2860 1917 3062 1986 ἀφήσει
3108 1917 3200 1969 τὸν
3237 1917 3592 1987 όλοθρεύοντα
3647 1922 3759 1972 εἰσ-

2181 2005 2356 2058 ελθεῖν
2386 2009 2464 2068 εἰς
2488 2007 2585 2068 τὰς
2609 2006 2786 2068 οἰκίας
2819 2006 2975 2075 ὑμῶν
3014 2007 3273 2072 πατάξαι.
3305 2010 3412 2060 Kal
3443 2010 3755 2077 φυλάξασθε

2179 2096 2242 2148 τὸ
2289 2095 2441 2165 ρἰα
2488 2093 2646 2146 τοῦτο
2692 2095 2923 2164 νόμιμον
2955 2096 3167 2165 σεαυτῷ
3210 2098 3304 2149 καὶ
3351 2101 3462 2161 τοῖς
3493 2101 3629 2164 υἱοῖς
3665 2117 3760 2153 σου

2181 2184 2284 2251 ἕως
2319 2187 2535 2250 αἰῶνος.
2575 2188 2699 2240 Ἐὰν
2729 2188 2786 2240 δὲ
2827 2187 3106 2258 εἰσέλθητε
3137 2190 3217 2252 εἰς
3264 2191 3364 2259 τὴν
3410 2191 3538 2259 γῆν,
3589 2194 3655 2260 ἣν
3685 2193 3762 2262 δῷ

2183 2279 2388 2348 Κύριος
2423 2280 2573 2349 ύμῖν,
2608 2279 2797 2333 καθότι
2831 2279 3080 2351 ὲλάλησε,
3114 2281 3210 2333 καὶ
3238 2281 3504 2348 φυλάξετε
3533 2283 3629 2352 τὴν
3668 2284 3767 2336 λα·

2181 2372 2370 2442 τρείαν
2401 2371 2628 2434 ταύτην.
2665 2373 2775 2425 Καὶ
2805 2372 2958 2426 ἔσται
2983 2413 2998 2436 ,
3048 2373 3141 2425 ἐὰν
3188 2373 3388 2441 λέγωσι
3424 2375 3563 2444 πρὸς
3611 2376 3764 2447 ὑμᾶς

2182 2464 2231 2514 οἱ
2260 2463 2363 2514 υἱοὶ
2399 2462 2587 2532 ὑμῶν’
2630 2463 2725 2526 Τίς
2767 2467 2801 2533 ἡ
2843 2464 3068 2535 λατρεία
3113 2465 3284 2536 αὖτης
3317 2466 3425 2518 Kal
3454 2469 3631 2536 ἐρεῖτε
3669 2471 3770 2520 αὐ-

2183 2553 2533 2616 τοῖς’,Θυσία
2576 2553 2638 2606 τὸ
2689 2555 2883 2658 Πάσὲα
2926 2555 3084 2608 τοῦτο
3114 2557 3318 2628 Κυρίου
3345 2596 3360 2620 ,
3389 2557 3448 2618 ὃς
3487 2559 3770 2611 ὲσκέπασε

2183 2647 2307 2707 τοὺς
2362 2645 2545 2708 οἴκους
2590 2645 2700 2698 τῶν
2753 2645 2884 2699 υἱῶν
2923 2646 3141 2718 Ἰσραὴλ
3187 2650 3244 2700 ὲν
3283 2651 3355 2717 γῇ
3401 2649 3683 2716 Αἰγύπτου
3701 2651 3770 2714 ³⁷,

2133 2764 2152 2775 -
2184 2737 2347 2806 ἡνίκα
2377 2736 2617 2804 ἐπάταξε
2637 2737 2762 2800 τοὺς
2786 2739 2921 2805 Λίγυ
2933 2739 3136 2804 πτίους,
3162 2739 3286 2801 τοὺς
3313 2738 3370 2790 δὲ
3397 2740 3583 2801 οἴκους
3607 2740 3774 2809 ἡμῶν

2185 2828 2483 2900 ἐρρύσατο.
2515 2829 2626 2882 Kal
2674 2828 2854 2898 κύψας
2888 2831 2916 2882 ό
2962 2829 3088 2892 λαὸς
3126 2830 3553 2902 προσεκύνησεν.
3592 2849 3612 2882 ι
3658 2833 3777 2884 Καὶ

2186 2921 2433 2975 πάλινδθ·
2473 2942 2491 2972 ι
2514 2921 2642 2974 Ἐὰν
2670 2923 2981 2994 ὲρωτήσῃ³⁹
3012 2939 3071 2975 σε
3105 2923 3134 2974 ό
3163 2923 3275 2986 υἱός
3308 2940 3400 2976 σου
3432 2925 3573 2994 μετὰ
3597 2924 3781 2978 ταῦτα

2185 3014 2360 3081 λέγων
2381 3031 2394 3043 ·
2425 3013 2490 3066 Τί
2517 3013 2711 3080 τοῦτος
2744 3015 2891 3085 ἐρεῖς
2918 3015 3098 3085 αὐτῷ’
3131 3016 3256 3068 ’Ὁτι
3285 3017 3344 3069 ὲν
3377 3017 3524 3086 χειρὶ
3541 3017 3586 3048 ⁸⁸
3630 3034 3782 3088 κρα-

2186 3108 2316 3175 ταιᾷ
2349 3103 2621 3175 ἐξήγαγεν
2644 3107 2793 3175 ἡμᾶς
2820 3105 3023 3176 Κύριος
3066 3107 3128 3159 ὲκ
3162 3107 3264 3177 γῆς
3297 3107 3576 3175 Αἰγύπτου
3612 3108 3675 3173 ἐξ
3696 3110 3786 3162 οῖ-

501 3200 716 3271 potenti
750 3198 938 3255 eduxit
969 3212 1056 3251 me
1091 3195 1356 3250 Dominus
1389 3210 1454 3248 ex
1485 3191 1736 3264 Egypto.
1767 3212 1785 3244 ι
1839 3192 1936 3248 His
1985 3193 2083 3264 igi-

2192 3209 2290 3245 κου
2318 3192 2592 3252 δουλείας·
2625 3195 2790 3262 ἡνίκα
2824 3194 2880 3246 δὲ
2913 3176 3431 3266 ἐσκλήρυνείφαραὼ
3453 3197 3789 3260 ἐξαποστεῖ-

503 3302 594 3346 tur
621 3292 691 3346 ab
724 3289 990 3361 inspirata
1032 3303 1062 3342 a
1099 3289 1212 3341 Deo
1255 3285 1534 3353 Scriptura
1586 3289 1664 3339 sic
1691 3284 1873 3346 dictis,
1895 3285 2088 3339 merito

505 3399 636 3438 sane
665 3383 809 3438 diem
837 3382 987 3435 illum
1038 3380 1306 3461 duntaxat
1345 3379 1551 3433 Pascha
1592 3377 1935 3446 appellarunt
1993 3377 2089 3432 ﬁlii

505 3475 672 3530 Israel
703 3473 984 3544 :quintam
1018 3471 1286 3526 decimam
1321 3487 1470 3534 vero,
1513 3477 1569 3524 et
1609 3485 1704 3523 sex
1748 3469 1892 3522 illam
1942 3468 2089 3522 inse-

507 3575 777 3636 quentes,
827 3565 1026 3618 lestum
1068 3563 1416 3632 Azymorum.
1479 3561 1633 3616 Unde
1676 3561 1768 3630 qni
1806 3559 2090 3615 Hebrazam

509 3660 745 3728 linguam
770 3657 822 3708 in
843 3653 1215 3708 Graecanicam
1242 3653 1661 3717 transtulerunt,
1693 3653 2012 3717 diabateria,
2038 3661 2094 3706 et

511 3746 851 3817 ltyperbasia,
903 3759 1000 3798 seu
1040 3744 1154 3796 diu
1189 3745 1442 3816 transitus
1472 3751 1525 3796 et
1561 3731 1728 3796 exiius
1766 3743 1960 3811 festum
1990 3745 2093 3798 hoc

511 3845 932 3908 nuncuparunt:
975 3835 1122 3903 quod
1164 3834 1423 3904 colligere
1479 3833 1605 3888 licet
1641 3835 1791 3889 exiis
1829 3837 1919 3904 qui
1951 3837 2094 3906 apud

511 3931 770 3985 Hebrmos
802 3925 1064 3981 doctrinae
1109 3926 1268 3980 laude
1313 3926 1664 3991 claruerunt,
1699 3925 1927 3980 Philone
1951 3969 1966 3990 ,
2009 3927 2094 3980 in-

511 4037 699 4092 quam,
737 4029 792 4074 et
841 4017 1100 4087 Joscpho.
1159 4015 1399 4072 Ecclesia
1429 4033 1560 4072 vero
1591 4031 1699 4071 non
1753 4018 1928 4072 solum
1968 4033 2096 4087 pas-

513 4117 725 4168 sionem
757 4119 811 4165 et
839 4121 1069 4164 mortem
1095 4109 1314 4170 Christi,
1349 4108 1444 4163 sed
1486 4109 1646 4162 etiam
1678 4109 1797 4178 eius
1855 4126 2098 4165 resurre-

515 4205 751 4258 ctionem
799 4197 1006 4253 Pascha
1039 4199 1348 4252 necessario
1377 4197 1651 4266 appellat,
1696 4212 1758 4251 ea
1787 4213 1906 4266 qua:
1937 4198 2097 4250 allata

515 4303 600 4350 est
625 4307 811 4353 causa,
854 4292 907 4344 in
940 4303 1323 4360 quamcunque
1355 4304 1421 4342 ex
1461 4303 1535 4342 νιι
1574 4289 1768 4344 diebus
1804 4301 1926 4359 post
1959 4291 2100 4344 deci-

517 4398 663 4438 mam
707 4392 956 4450 quartam
1007 4379 1168 4448 primi
1228 4378 1436 4432 mensis
1497 4379 1638 4432 lunae
1677 4380 1765 4433 illa
1825 4380 2094 4435 inciderit.

2193 3286 2282 3338 λαι
2325 3287 2477 3355 ἡμᾶς
2500 3325 2514 3350 ,
2551 3286 2842 3340 ἀπέκτεινε
2887 3289 2995 3340 πᾶν
3046 3289 3392 3360 πρωτότοκον
3420 3291 3478 3340 ὲν
3504 3292 3573 3358 γῇ
3608 3291 3793 3357 Αἰγύ-

2195 3393 2331 3453 Ιιιτου
2358 3376 2466 3430 ἀπὸ
2501 3377 2864 3447 πρωτοτόκων
2889 3378 2986 3431 ἀνθ
2994 3378 3192 3449 ρώπων
3208 3381 3250 3411 ⁸¹
3281 3381 3386 3442 ἓως
3407 3385 3794 3452 πρωτοτόκων

2195 3469 2430 3539 κτηνῶν.
2467 3469 2578 3522 Kal
2601 3469 2753 3524 ἔσται
2793 3473 2871 3534 εἰς
2888 3471 2930 3503 ⁸³
2961 3475 3186 3542 σημεῖον
3215 3475 3308 3526 ἐπὶ
3333 3475 3433 3543 τῆς
3465 3477 3657 3546 χειρός
3683 3494 3794 3530 σου

2196 3562 2290 3614 καὶ
2337 3561 2633 3614 ἀσάλευτον
2688 3563 2793 3634 πρὸ
2839 3563 3134 3634 ὀφθαλμῶν
3183 3583 3296 3634 σου.
3346 3567 3435 3620 Ἐν
3485 3569 3600 3638 γὰρ
3638 3572 3800 3638 χειρὶ

2143 3720 2160 3733 ἱ
2197 3654 2433 3723 κραταιᾷ
2468 3651 2707 3723 ἐξήγαγέ
2750 3671 2815 3723 με
2847 3654 3049 3724 Κύριος
3081 3655 3140 3720 ἐξ
3171 3656 3467 3725 Αἰγύπτου.
3495 3676 3515 3708 ι
3557 3659 3804 3712 Τούτων

2197 3741 2404 3794 οὒτω⁸³
2435 3742 2543 3794 ἀπὸ
2572 3743 2670 3813 τῆς
2698 3742 3059 3798 θεοπνεύστου
3093 3746 3315 3817 Γραφῆς
3341 3748 3681 3818 εἰρημένων,
3715 3752 3806 3800 εξ·-

2135 3904 2147 3915 .
2198 3834 2372 3897 κότως
2402 3833 2511 3905 ἄρα
2538 3835 2754 3906 ἐκείνην
2782 3835 2882 3907 τὴν
2909 3837 3124 3908 ἡμέραν
3158 3841 3319 3908 μόνον
3349 3839 3543 3910 Πάσχα
3577 3842 3630 3899 οἰ
3681 3842 3812 3894 υἱοὶ

2211 3926 2429 3998 Ἰσραὴλ
2458 3928 2868 4000 προσηγόρευον
2889 3969 2903 3994 ,
2936 3930 3035 4000 τὴν
3063 3931 3120 3984 δὲ
3149 3936 3211 3984 ιε’
3244 3932 3338 3984 καί⁵
3362 3932 3460 3995 τάς
3497 3933 3643 4003 μετὰ
3689 3934 3812 3986 αύ-

2197 4014 2295 4085 τὴν
2343 4022 2394 4079 ς’
2427 4017 2640 4086 ἡμέρας
2675 4018 2867 4090 ἑορτὴν
2906 4019 3148 4090 ἀζύμων.
3186 4021 3346 4074 Ὅθεν
3378 4021 3475 4090 τὴν
3520 4022 3818 4093 Ἐὄραῖὂα

2199 4106 2450 4174 γλῶσσαν
2503 4109 2582 4171 εἰς
2634 4110 2732 4179 τὴν
2784 4097 3068 4180 Ἑλληνίδα
3122 4111 3304 4182 φωνὴν
3348 4113 3820 4182 μεταϐάλλοντες

2199 4197 2545 4267 διαϐατιῂηα
2575 4202 2668 4252 καὶ
2703 4202 3038 4269 ὑπερϐάσια
3068 4202 3166 4273 τὴν
3188 4204 3380 4274 ὲορτὴν
3411 4205 3622 4277 ταύτην
3655 4208 3822 4261 ὲ,κά-

2199 4288 2346 4356 λουν,
2395 4291 2468 4354 ὡς
2497 4292 2646 4345 ἔστιν
2671 4294 2829 4346 τοῦτο
2863 4295 3066 4362 γνῶναι
3097 4295 3160 4348 ἐκ
3202 4313 3260 4348 τε
3292 4297 3415 4362 τῶν,
3439 4296 3749 4366 θεοφόρων
3775 4300 3830 4328 ⁸⁸

2201 4382 2298 4451 τῆς
2333 4381 2659 4453 Ἐκκλησίας
2702 4385 3038 4442 διδασκάλων
3080 4389 3173 4440 καὶ
3390 4389 3453 4441 ἐκ
3502 4388 3616 4441 τῶν
3659 4393 3830 4461 παρ’

517 4474 672 4529 Unde
713 4471 944 4526 Basilius
991 4469 1237 4540 Magnus.
1285 4468 1548 4522 Caesareae
1585 4470 1942 4540 Cappadocia:
1986 4471 2069 4541 epi

2217 4472 2488 4542 Ἑϐραίοις
2523 4474 2723 4544 σοφῶν,
2777 4476 3009 4540 Φίλωνος
3026 4477 3072 4510 ⁸³
3104 4478 3214 4547 (58)
3267 4479 3411 4546 λέγω
3455 4478 3550 4531 καὶ
3595 4480 3841 4551 Ἰωσή-

518 4579 735 4636 scopas,
789 4563 844 4617 in
919 4559 1299 4615 adhortatione
1351 4558 1418 4612 ad
1479 4559 1829 4628 baptismum,
1895 4562 2098 4634 ingenti

518 4672 652 4712 voce
681 4653 1138 4725 pradicabundus
1182 4650 1376 4705 clamat
1407 4668 1418 4702 :
1472 4651 1682 4707 «Omne
1709 4653 1927 4721 quidem
1968 4663 2099 4708 tem-

2208 4581 2312 4616 που
2332 4563 2377 4596 ⁸⁸
2411 4564 2548 4634 (59).
2591 4565 2655 4618 'H
2695 4567 2752 4619 δὲ
2789 4565 2884 4618 τοῦ
2930 4567 3066 4620 Θεοῦ
3106 4569 3402 4640 Ἐκκλησία
3430 4570 3490 4622 οὐ
3526 4571 3715 4639 μόνον
3762 4574 3844 4626 τὸ

2211 4654 2383 4717 πάθος
2419 4657 2513 4710 καὶ
2542 4655 2773 4710 θάνατον
2803 4656 2899 4710 τοῦ
2928 4657 3189 4728 Χριστοῦ,
3217 4660 3354 4715 ἀλλὰ
3394 4661 3488 4714 καὶ
3517 4660 3622 4732 τὴν
3669 4664 3848 4718 ἀνά-

1868 4833 2188 4892 DUCANGII
2218 4833 2445 4895 NOTE.

595 4998 708 5071 (58)
745 5000 960 5054 Φίλων.
994 4998 1113 5071 Lib.
1143 4998 1217 5071 De
1249 4999 1363 5071 Vita
1397 5000 1595 5056 Musis:
1639 5004 1866 5070 Ἀγεται
1895 4998 1964 5052 τά
1990 4999 2098 5053 δια-

525 5069 766 5191 ῗιατσήρια
795 5069 1110 5141 δημοφανὴς
1151 5069 1333 5140 ἑορτὴ,
1365 5071 1456 5124 καὶ
1497 5069 1794 5125 Χαλδαῖστὶ
1837 5071 2105 5141 λεγόμενα

577 5157 611 5192 α
649 5157 737 5208 χα.

598 5209 714 5276 (59)
753 5209 861 5262 Kal
914 5208 1229 5275 Ἰωσήπου.
1283 5209 1401 5265 Lib.
1437 5227 1474 5263 ιι
1509 5212 1688 5279 Αηιὶτι.
1717 5209 1842 5263 Jud.
1877 5225 1994 5280 cap.
2026 5209 2060 5263 5
2089 5228 2102 5262 ε

2214 5002 2386 5077 Ὅθεν
2403 5001 2497 5077 νῦν
2527 4999 2608 5053 ἔτι
2638 4999 2779 5077 καεὰ
2816 5004 2876 5056 τὸ
2907 5001 3024 5077 ἔθος
3053 5000 3242 5077 οὕτως.
3257 5000 3481 5077 θύομεν,
3522 5001 3632 5077 τὴν
3681 5004 3848 5077 ξαρ.

2173 5138 2178 5143 _
2213 5070 2876 5143 manucla-xulem“;
2911 5073 3172 5143 Σημαίνει
3198 5071 3259 5143 δε
3285 5070 3627 5143 ὑπερβασία,
3671 5070 3844 5129 διᾶτ

2213 5140 2334 5192 κατ’
2359 5143 2575 5212 εκείνην
2607 5140 2705 5212 τὴν
2739 5143 2952 5212 ἡμέραν
2973 5140 3014 5192 ό
3039 5142 3171 5204 Θεὸς
3203 5140 3406 5203 αὐτοὺς
3429 5141 3705 5212 ὑπερσὰς
3732 5147 3848 5198 Δί-

2213 5161 2316 5192 κατ
2359 5161 2575 5209 εκείνην
2607 5161 2705 5209 την
2739 5161 2772 5210 η
2821 5161 2952 5212 εραν
2985 5161 3014 5192 ο
3039 5161 3171 5204 tuo:

2212 5209 2457 5278 γυπτίοις
2483 5161 2860 5280 ὲναπέσκηιῖεν
2889 5211 2986 5281 τὴν
3016 5212 3187 5266 νόσον.

1792 5363 2033 5418 νΑιιιίΕ
2073 5365 2481 5423 LECTIONES.

603 5506 648 5538 ³ο
688 5505 1056 5576 ἐνεπέσκηψεν
1090 5504 1150 5558 Ρ.
1262 5505 1303 5535 ³⁸
1347 5505 1554 5570 Ἐξόδου
1589 5521 1684 5568 xu,
1715 5503 1804 5557 21.

533 5577 592 5630 Ρ.
625 5577 758 5630 sola.
857 5577 903 5607 ³⁵
942 5577 1171 5630 αἵματος
1223 5577 1337 5628 τοῦ.
1372 5577 1597 5630 αἵματος
1630 5574 1796 5628 αὑτοῦ

533 5590 592 5630 l'.
625 5590 758 5630 sata.
857 5590 903 5607 "
942 5590 1171 5644 αιματος
1223 5593 1314 5628 του

531 5647 706 5713 θίξετε
743 5645 805 5700 Β.
883 5646 927 5678 ³⁷
966 5646 1225 5715 Αἰγύπτῳ
1255 5647 1316 5698 Ρ.

533 5717 688 5772 uncis
719 5717 984 5771 inclusum
1033 5717 1182 5769 addit
1225 5715 1282 5767 Ρ.

1407 5647 1452 5678 ³⁸
1491 5645 1671 5698 πάλιν.
1704 5659 1824 5708 xm,
1858 5644 1944 5696 Η.

1383 5715 1427 5746 δ’
1458 5718 1536 5777 εἰς
1566 5730 1673 5766 om.
1719 5713 1780 5766 P.

1825 5561 1830 5568 ,
1906 5503 1950 5535 ³²
1989 5503 2249 5557 ἀπέλθετε
2294 5503 2358 5559 Ρ.

857 5577 903 5607 ³⁵
942 5571 1171 5644 ditia-:0;
1223 5577 1337 5628 τοῦ.
1372 5577 1597 5642 αἵματος
1630 5574 1796 5628 αἱ)τοῦ
1837 5571 1927 5635 γ’*
1976 5574 2207 5641 αἵματος
2256 5575 2284 5626 δ
2317 5575 2444 5644 ἐστιν
2467 5576 2531 5629 P'

2041 5645 2085 5714 f9
2125 5645 2401 5714 épwgfiaet
2428 5643 2537 5697 PV.

1882 5713 1928 5743 ’⁸³
1964 5710 2170 5767 τούτων
2213 5710 2305 5766 οὖν
2349 5713 2518 5776 οὕτως
2561 5713 2618 5768 Ρ.

3067 5507 3113 5540 ει
3148 5507 3405 5580 λήψεσθε.
3433 5508 3528 5580 και
3560 5506 3848 5580 lassae

2633 5575 2676 5646 ἕξ
2716 5577 2971 5642 καθέξετε
2997 5576 3082 5643 V.,
3115 5575 3212 5631 καῖ
3234 5575 3408 5642 θίξετε
3449 5578 3544 5630 ἐπὶ
3575 5575 3706 5646 PC,
3761 5604 3848 5641 χε

2627 5644 2673 5676 ⁵⁸
2713 5648 2920 5716 ἐγχειρὶ
2963 5647 3023 5701 ν.
3119 5649 3161 5678 ⁸⁸
3202 5647 3506 5717 ἀνθρώπων
3548 5644 3698 5703 on}.
3767 5658 3848 5710 It.

2721 5717 2766 5747 “
2808 5717 3298 5787 οεοφόρων--τῶν
3345 5731 3455 5772 om.
3484 5714 3548 5784 P,
3641 5722 3718 5754 “
3773 5729 3836 5779 Φ

2436 5503 2481 5536 ³³
2520 5505 2702 5568 αὐτοῖς
2758 5521 2865 5560 om.
2906 5505 2964 5559 P.

3641 5722 3836 5779 ιΙΦ

533 5787 718 5850 λωνες.
752 5788 855 5842 vol.
891 5787 958 5850 ll,
995 5803 1048 5856 p.
1087 5786 1186 5841 H39
1213 5787 1297 5841 ed.
1331 5785 1504 5854 Mang.
1531 5784 1575 5815 ⁸⁸
1615 5784 1901 5853 Ἰωσήπου.
1944 5781 2109 5837 Arch.
2147 5799 2221 5851 ιι,
2263 5783 2357 5848 Μ,
2401 5783 2452 5837 6.
