  <div class='ocr_page' id='page_1' title='image "/cluster/home/n/w/nwhite01/storage/ocr_20150623/92/hvd.32044073502080/374.png"; bbox 0 0 3870 6336; ppageno 0'>
   <div class='ocr_carea' id='block_1_1' title="bbox 109 319 3390 385">
    <p class='ocr_par' dir='ltr' id='par_1_1' title="bbox 109 319 3390 385">
     <span class='ocr_line' id='line_1_1' title="bbox 109 319 3390 385; baseline -0.001 -1"><span class='ocrx_word' id='word_1_1' title='bbox 109 320 226 384; x_wconf 79' lang='lat'><strong>565</strong></span> <span class='ocrx_word' id='word_1_2' title='bbox 1303 321 1398 379; x_wconf 90' lang='lat' dir='ltr'><strong>Cll</strong></span> <span class='ocrx_word' id='word_1_3' title='bbox 1411 320 1737 381; x_wconf 75' lang='lat' dir='ltr'><strong>RONICON</strong></span> <span class='ocrx_word' id='word_1_4' title='bbox 1775 322 2181 385; x_wconf 73' lang='lat' dir='ltr'><strong>PASCHALE.</strong></span> <span class='ocrx_word' id='word_1_5' title='bbox 3285 319 3390 382; x_wconf 61' lang='lat'><strong>566</strong></span> 
     </span>
    </p>
   </div>
   <div class='ocr_carea' id='block_1_2' title="bbox 107 427 1635 508">
    <p class='ocr_par' dir='ltr' id='par_1_2' title="bbox 107 427 1635 503">
     <span class='ocr_line' id='line_1_2' title="bbox 107 427 1635 503; baseline 0.001 -21"><span class='ocrx_word' id='word_1_6' title='bbox 107 433 226 493; x_wconf 72' lang='grc' dir='ltr'>τδν,</span> <span class='ocrx_word' id='word_1_7' title='bbox 255 430 353 484; x_wconf 72' lang='grc' dir='ltr'><strong>διὰ</strong></span> <span class='ocrx_word' id='word_1_8' title='bbox 382 427 453 483; x_wconf 83' lang='grc' dir='ltr'><strong>ιδ’</strong></span> <span class='ocrx_word' id='word_1_9' title='bbox 484 429 656 496; x_wconf 75' lang='grc' dir='ltr'>ἐτῶν,</span> <span class='ocrx_word' id='word_1_10' title='bbox 686 430 836 484; x_wconf 84' lang='grc' dir='ltr'>δοκεῖ</span> <span class='ocrx_word' id='word_1_11' title='bbox 871 447 962 502; x_wconf 82' lang='grc' dir='ltr'><strong>μοι</strong></span> <span class='ocrx_word' id='word_1_12' title='bbox 998 432 1122 495; x_wconf 68' lang='grc' dir='ltr'>τοὺς</span> <span class='ocrx_word' id='word_1_13' title='bbox 1154 433 1380 503; x_wconf 75' lang='grc' dir='ltr'>χρόνους</span> <span class='ocrx_word' id='word_1_14' title='bbox 1416 434 1524 485; x_wconf 83' lang='grc' dir='ltr'>τῶν</span> <span class='ocrx_word' id='word_1_15' title='bbox 1547 436 1635 488; x_wconf 71' lang='grc' dir='ltr'><strong>ἀπι</strong></span> 
     </span>
    </p>
   </div>
   <div class='ocr_carea' id='block_1_3' title="bbox 1533 427 3061 508">
    <p class='ocr_par' dir='ltr' id='par_1_3' title="bbox 1547 436 3061 508">
     <span class='ocr_line' id='line_1_3' title="bbox 1547 436 3061 508; baseline -0.001 -20"><span class='ocrx_word' id='word_1_16' title='bbox 1547 436 1684 488; x_wconf 86' lang='grc' dir='ltr'><strong>ἀπο·</strong></span> <span class='ocrx_word' id='word_1_17' title='bbox 1720 446 1763 500; x_wconf 72' lang='grc' dir='ltr'><strong>Α</strong></span> <span class='ocrx_word' id='word_1_18' title='bbox 1792 436 2081 508; x_wconf 85' lang='lat' dir='ltr'><strong>designari.</strong></span> <span class='ocrx_word' id='word_1_19' title='bbox 2141 436 2276 491; x_wconf 89' lang='lat' dir='ltr'><strong>Cum</strong></span> <span class='ocrx_word' id='word_1_20' title='bbox 2344 451 2471 491; x_wconf 85' lang='lat' dir='ltr'><strong>vero</strong></span> <span class='ocrx_word' id='word_1_21' title='bbox 2523 436 2616 501; x_wconf 78' lang='lat' dir='ltr'><strong>ait&quot;,</strong></span> <span class='ocrx_word' id='word_1_22' title='bbox 2653 444 2765 506; x_wconf 79' lang='lat' dir='ltr'><strong>post</strong></span> <span class='ocrx_word' id='word_1_23' title='bbox 2809 445 3061 500; x_wconf 84' lang='lat' dir='ltr'><strong>quatuor-</strong></span> 
     </span>
    </p>
   </div>
   <div class='ocr_carea' id='block_1_4' title="bbox 115 523 1643 598">
    <p class='ocr_par' dir='ltr' id='par_1_4' title="bbox 115 523 1643 596">
     <span class='ocr_line' id='line_1_4' title="bbox 115 523 1643 596; baseline 0.001 -20"><span class='ocrx_word' id='word_1_24' title='bbox 115 523 320 576; x_wconf 80' lang='grc' dir='ltr'>στόλων</span> <span class='ocrx_word' id='word_1_25' title='bbox 369 525 497 587; x_wconf 73' lang='grc' dir='ltr'>τοὺς</span> <span class='ocrx_word' id='word_1_26' title='bbox 546 525 658 577; x_wconf 81' lang='grc' dir='ltr'><strong>ἀπὸ</strong></span> <span class='ocrx_word' id='word_1_27' title='bbox 708 524 808 594; x_wconf 82' lang='grc' dir='ltr'>τῆς</span> <span class='ocrx_word' id='word_1_28' title='bbox 858 525 1179 594; x_wconf 76' lang='grc' dir='ltr'><strong>ἀναλήψεως</strong></span> <span class='ocrx_word' id='word_1_29' title='bbox 1227 525 1478 596; x_wconf 81' lang='grc' dir='ltr'><strong>ἀριθμεῖν</strong></span> <span class='ocrx_word' id='word_1_30' title='bbox 1517 525 1643 578; x_wconf 82' lang='grc' dir='ltr'><strong>αὐτό</strong></span> 
     </span>
    </p>
   </div>
   <div class='ocr_carea' id='block_1_5' title="bbox 1553 523 3081 598">
    <p class='ocr_par' dir='ltr' id='par_1_5' title="bbox 1556 525 3081 598">
     <span class='ocr_line' id='line_1_5' title="bbox 1556 525 3081 598; baseline 0.003 -20"><span class='ocrx_word' id='word_1_31' title='bbox 1556 525 1700 581; x_wconf 80' lang='grc' dir='ltr'>ὐτὸν.</span> <span class='ocrx_word' id='word_1_32' title='bbox 1807 529 1974 581; x_wconf 76' lang='lat' dir='ltr'><strong>decim</strong></span> <span class='ocrx_word' id='word_1_33' title='bbox 1994 545 2179 593; x_wconf 85' lang='lat' dir='ltr'><strong>annos,</strong></span> <span class='ocrx_word' id='word_1_34' title='bbox 2202 527 2415 582; x_wconf 87' lang='lat' dir='ltr'><strong>videtur</strong></span> <span class='ocrx_word' id='word_1_35' title='bbox 2433 527 2588 593; x_wconf 89' lang='lat' dir='ltr'><strong>mihi,</strong></span> <span class='ocrx_word' id='word_1_36' title='bbox 2613 542 2788 582; x_wconf 88' lang='lat' dir='ltr'><strong>annos</strong></span> <span class='ocrx_word' id='word_1_37' title='bbox 2806 529 3081 598; x_wconf 89' lang='lat' dir='ltr'><strong>apostolo-</strong></span> 
     </span>
    </p>
   </div>
   <div class='ocr_carea' id='block_1_6' title="bbox 125 613 1653 690">
    <p class='ocr_par' dir='ltr' id='par_1_6' title="bbox 125 613 1653 686">
     <span class='ocr_line' id='line_1_6' title="bbox 125 613 1653 686; baseline -0.001 -18"><span class='ocrx_word' id='word_1_38' title='bbox 125 615 259 668; x_wconf 81' lang='grc' dir='ltr'><strong>Ἀπὸ</strong></span> <span class='ocrx_word' id='word_1_39' title='bbox 288 615 396 686; x_wconf 76' lang='grc' dir='ltr'>γὰρ</span> <span class='ocrx_word' id='word_1_40' title='bbox 421 615 518 684; x_wconf 81' lang='grc' dir='ltr'>τῆς</span> <span class='ocrx_word' id='word_1_41' title='bbox 537 613 862 684; x_wconf 78' lang='grc' dir='ltr'><strong>ἀναλήψεως</strong></span> <span class='ocrx_word' id='word_1_42' title='bbox 890 614 982 667; x_wconf 88' lang='grc' dir='ltr'><strong>τοῦ</strong></span> <span class='ocrx_word' id='word_1_43' title='bbox 1017 615 1220 686; x_wconf 77' lang='grc' dir='ltr'>Κυρίου</span> <span class='ocrx_word' id='word_1_44' title='bbox 1243 615 1347 678; x_wconf 78' lang='grc' dir='ltr'>ἕως</span> <span class='ocrx_word' id='word_1_45' title='bbox 1376 615 1580 685; x_wconf 86' lang='grc' dir='ltr'>ταύτης</span> <span class='ocrx_word' id='word_1_46' title='bbox 1603 615 1653 667; x_wconf 77' lang='grc' dir='ltr'><strong>τί</strong></span> 
     </span>
    </p>
   </div>
   <div class='ocr_carea' id='block_1_7' title="bbox 1544 613 3072 690">
    <p class='ocr_par' dir='ltr' id='par_1_7' title="bbox 1544 615 3072 690">
     <span class='ocr_line' id='line_1_7' title="bbox 1544 615 3072 690; baseline -0.003 -12"><span class='ocrx_word' id='word_1_47' title='bbox 1544 633 1580 685; x_wconf 68' lang='grc' dir='ltr'>ις</span> <span class='ocrx_word' id='word_1_48' title='bbox 1603 615 1702 685; x_wconf 78' lang='grc' dir='ltr'><strong>τῆς</strong></span> <span class='ocrx_word' id='word_1_49' title='bbox 1808 636 1927 673; x_wconf 91' lang='lat' dir='ltr'><strong>rum</strong></span> <span class='ocrx_word' id='word_1_50' title='bbox 1950 636 1979 672; x_wconf 87' lang='lat' dir='ltr'><strong>a</strong></span> <span class='ocrx_word' id='word_1_51' title='bbox 2004 620 2207 674; x_wconf 89' lang='lat' dir='ltr'><strong>Christi</strong></span> <span class='ocrx_word' id='word_1_52' title='bbox 2237 617 2626 688; x_wconf 84' lang='lat' dir='ltr'><strong>Assumptione</strong></span> <span class='ocrx_word' id='word_1_53' title='bbox 2660 619 2840 690; x_wconf 90' lang='lat' dir='ltr'><strong>ipsum</strong></span> <span class='ocrx_word' id='word_1_54' title='bbox 2879 635 3072 675; x_wconf 88' lang='lat' dir='ltr'><strong>nume-</strong></span> 
     </span>
    </p>
   </div>
   <div class='ocr_carea' id='block_1_8' title="bbox 115 705 1643 779">
    <p class='ocr_par' dir='ltr' id='par_1_8' title="bbox 115 705 1640 778">
     <span class='ocr_line' id='line_1_8' title="bbox 115 705 1640 778; baseline 0.001 -19"><span class='ocrx_word' id='word_1_55' title='bbox 115 706 434 770; x_wconf 76' lang='grc' dir='ltr'>ἀναϐάσεως</span> <span class='ocrx_word' id='word_1_56' title='bbox 479 705 820 776; x_wconf 74' lang='grc' dir='ltr'><strong>πληροῦνται</strong></span> <span class='ocrx_word' id='word_1_57' title='bbox 851 705 961 758; x_wconf 83' lang='grc' dir='ltr'><strong>τῶν</strong></span> <span class='ocrx_word' id='word_1_58' title='bbox 1013 707 1328 760; x_wconf 79' lang='grc' dir='ltr'><strong>ἀποστόλων</strong></span> <span class='ocrx_word' id='word_1_59' title='bbox 1360 706 1454 778; x_wconf 75' lang='grc' dir='ltr'>ἔτη</span> <span class='ocrx_word' id='word_1_60' title='bbox 1489 707 1569 771; x_wconf 80' lang='grc' dir='ltr'>ιδ’,</span> <span class='ocrx_word' id='word_1_61' title='bbox 1603 724 1640 778; x_wconf 82' lang='grc' dir='ltr'><strong>μ</strong></span> 
     </span>
    </p>
   </div>
   <div class='ocr_carea' id='block_1_9' title="bbox 1545 705 3073 779">
    <p class='ocr_par' dir='ltr' id='par_1_9' title="bbox 1545 706 3073 779">
     <span class='ocr_line' id='line_1_9' title="bbox 1545 706 3073 779; baseline 0.003 -19"><span class='ocrx_word' id='word_1_62' title='bbox 1545 713 1569 771; x_wconf 75' lang='grc'>’,</span> <span class='ocrx_word' id='word_1_63' title='bbox 1603 706 1704 778; x_wconf 83' lang='grc' dir='ltr'><strong>μῆ·</strong></span> <span class='ocrx_word' id='word_1_64' title='bbox 1808 723 1950 764; x_wconf 89' lang='lat' dir='ltr'><strong>rare.</strong></span> <span class='ocrx_word' id='word_1_65' title='bbox 1984 709 2067 763; x_wconf 84' lang='lat' dir='ltr'><strong>Ab</strong></span> <span class='ocrx_word' id='word_1_66' title='bbox 2098 709 2490 779; x_wconf 80' lang='lat' dir='ltr'><strong>Assumptione</strong></span> <span class='ocrx_word' id='word_1_67' title='bbox 2519 709 2665 764; x_wconf 89' lang='lat' dir='ltr'><strong>enim</strong></span> <span class='ocrx_word' id='word_1_68' title='bbox 2707 709 2945 776; x_wconf 83' lang='lat' dir='ltr'><strong>Domini,</strong></span> <span class='ocrx_word' id='word_1_69' title='bbox 2980 727 3073 765; x_wconf 92' lang='lat' dir='ltr'><strong>us-</strong></span> 
     </span>
    </p>
   </div>
   <div class='ocr_carea' id='block_1_10' title="bbox 115 795 1643 872">
    <p class='ocr_par' dir='ltr' id='par_1_10' title="bbox 115 795 1643 868">
     <span class='ocr_line' id='line_1_10' title="bbox 115 795 1643 868; baseline 0.001 -18"><span class='ocrx_word' id='word_1_70' title='bbox 115 816 201 860; x_wconf 82' lang='grc' dir='ltr'><strong>νες</strong></span> <span class='ocrx_word' id='word_1_71' title='bbox 231 805 284 851; x_wconf 85' lang='grc' dir='ltr'>ι’.</span> <span class='ocrx_word' id='word_1_72' title='bbox 312 797 421 850; x_wconf 78' lang='grc' dir='ltr'><strong>Καὶ</strong></span> <span class='ocrx_word' id='word_1_73' title='bbox 451 799 500 850; x_wconf 79' lang='grc' dir='ltr'>εἰ</span> <span class='ocrx_word' id='word_1_74' title='bbox 539 798 616 867; x_wconf 85' lang='grc' dir='ltr'>μὴ</span> <span class='ocrx_word' id='word_1_75' title='bbox 650 795 810 850; x_wconf 90' lang='grc' dir='ltr'>τοῦτο</span> <span class='ocrx_word' id='word_1_76' title='bbox 833 796 1429 868; x_wconf 76' lang='grc' dir='ltr'>δῶμεν,-εὑρεθήσεται</span> <span class='ocrx_word' id='word_1_77' title='bbox 1457 799 1485 850; x_wconf 82' lang='grc' dir='ltr'>ὁ</span> <span class='ocrx_word' id='word_1_78' title='bbox 1514 797 1643 868; x_wconf 80' lang='grc' dir='ltr'>χρόν</span> 
     </span>
    </p>
   </div>
   <div class='ocr_carea' id='block_1_11' title="bbox 1544 795 3072 872">
    <p class='ocr_par' dir='ltr' id='par_1_11' title="bbox 1544 797 3072 872">
     <span class='ocr_line' id='line_1_11' title="bbox 1544 797 3072 872; baseline 0.003 -21"><span class='ocrx_word' id='word_1_79' title='bbox 1544 797 1706 867; x_wconf 59' lang='lat' dir='ltr'><strong>pavo;</strong></span> <span class='ocrx_word' id='word_1_80' title='bbox 1806 815 1913 869; x_wconf 89' lang='lat' dir='ltr'><strong>que</strong></span> <span class='ocrx_word' id='word_1_81' title='bbox 1957 801 2025 855; x_wconf 91' lang='lat' dir='ltr'><strong>ad</strong></span> <span class='ocrx_word' id='word_1_82' title='bbox 2075 801 2217 856; x_wconf 88' lang='lat' dir='ltr'><strong>hanc</strong></span> <span class='ocrx_word' id='word_1_83' title='bbox 2267 799 2684 871; x_wconf 80' lang='lat' dir='ltr'><strong>profectionem,</strong></span> <span class='ocrx_word' id='word_1_84' title='bbox 2731 803 3072 872; x_wconf 69' lang='lat' dir='ltr'><strong>complentur</strong></span> 
     </span>
    </p>
   </div>
   <div class='ocr_carea' id='block_1_12' title="bbox 124 883 1652 962">
    <p class='ocr_par' dir='ltr' id='par_1_12' title="bbox 124 883 1652 960">
     <span class='ocr_line' id='line_1_12' title="bbox 124 883 1652 960; baseline -0.001 -19"><span class='ocrx_word' id='word_1_85' title='bbox 124 887 208 955; x_wconf 59' lang='lat'><strong>&#39;1?‘</strong></span> <span class='ocrx_word' id='word_1_86' title='bbox 235 883 298 941; x_wconf 71' lang='grc' dir='ltr'><strong>οὗ</strong></span> <span class='ocrx_word' id='word_1_87' title='bbox 330 887 630 957; x_wconf 72' lang='grc' dir='ltr'>ἐϐαπτίσθη</span> <span class='ocrx_word' id='word_1_88' title='bbox 675 888 768 940; x_wconf 72' lang='grc' dir='ltr'><strong>καὶ</strong></span> <span class='ocrx_word' id='word_1_89' title='bbox 805 887 1123 956; x_wconf 63' lang='grc' dir='ltr'>ἀνέϐλεψεν,</span> <span class='ocrx_word' id='word_1_90' title='bbox 1149 889 1245 952; x_wconf 87' lang='grc' dir='ltr'><strong>ὼς-</strong></span> <span class='ocrx_word' id='word_1_91' title='bbox 1268 890 1613 960; x_wconf 78' lang='grc' dir='ltr'><strong>περιέχουσιν</strong></span> <span class='ocrx_word' id='word_1_92' title='bbox 1648 913 1652 940; x_wconf 82' lang='grc' dir='ltr'><strong>ι</strong></span> 
     </span>
    </p>
   </div>
   <div class='ocr_carea' id='block_1_13' title="bbox 1549 883 3077 962">
    <p class='ocr_par' dir='ltr' id='par_1_13' title="bbox 1549 891 3077 962">
     <span class='ocr_line' id='line_1_13' title="bbox 1549 891 3077 962; baseline 0.006 -22"><span class='ocrx_word' id='word_1_93' title='bbox 1549 907 1613 943; x_wconf 77' lang='grc' dir='ltr'><strong>ιιν</strong></span> <span class='ocrx_word' id='word_1_94' title='bbox 1648 891 1706 944; x_wconf 77' lang='lat' dir='ltr'><strong>at</strong></span> <span class='ocrx_word' id='word_1_95' title='bbox 1808 893 2178 962; x_wconf 75' lang='lat' dir='ltr'><strong>apostolorum</strong></span> <span class='ocrx_word' id='word_1_96' title='bbox 2203 895 2330 948; x_wconf 89' lang='lat' dir='ltr'><strong>anni</strong></span> <span class='ocrx_word' id='word_1_97' title='bbox 2367 910 2456 949; x_wconf 79' lang='lat' dir='ltr'><strong>xw</strong></span> <span class='ocrx_word' id='word_1_98' title='bbox 2494 904 2548 948; x_wconf 91' lang='lat' dir='ltr'><strong>et</strong></span> <span class='ocrx_word' id='word_1_99' title='bbox 2577 908 2795 950; x_wconf 84' lang='lat' dir='ltr'><strong>menses</strong></span> <span class='ocrx_word' id='word_1_100' title='bbox 2824 911 2878 949; x_wconf 80' lang='grc' dir='ltr'><strong>ιι.</strong></span> <span class='ocrx_word' id='word_1_101' title='bbox 2924 893 3077 960; x_wconf 83' lang='lat' dir='ltr'><strong>Quod</strong></span> 
     </span>
    </p>
   </div>
   <div class='ocr_carea' id='block_1_14' title="bbox 125 977 1653 1056">
    <p class='ocr_par' dir='ltr' id='par_1_14' title="bbox 125 977 1653 1051">
     <span class='ocr_line' id='line_1_14' title="bbox 125 977 1653 1051; baseline 0 -19"><span class='ocrx_word' id='word_1_102' title='bbox 125 980 372 1048; x_wconf 72' lang='grc' dir='ltr'>Πράξεις,</span> <span class='ocrx_word' id='word_1_103' title='bbox 404 980 502 1049; x_wconf 77' lang='grc' dir='ltr'>ἐτη</span> <span class='ocrx_word' id='word_1_104' title='bbox 531 979 596 1034; x_wconf 84' lang='grc' dir='ltr'><strong>δ’.</strong></span> <span class='ocrx_word' id='word_1_105' title='bbox 632 981 742 1033; x_wconf 70' lang='grc' dir='ltr'><strong>Καὶ</strong></span> <span class='ocrx_word' id='word_1_106' title='bbox 771 977 931 1033; x_wconf 87' lang='grc' dir='ltr'>τοῦτο</span> <span class='ocrx_word' id='word_1_107' title='bbox 961 980 1022 1031; x_wconf 70' lang='grc' dir='ltr'>οὗ</span> <span class='ocrx_word' id='word_1_108' title='bbox 1055 979 1213 1050; x_wconf 75' lang='grc' dir='ltr'>μόνον</span> <span class='ocrx_word' id='word_1_109' title='bbox 1241 979 1421 1044; x_wconf 85' lang='grc' dir='ltr'>καθὼς</span> <span class='ocrx_word' id='word_1_110' title='bbox 1466 981 1522 1032; x_wconf 79' lang='grc' dir='ltr'>αἱ</span> <span class='ocrx_word' id='word_1_111' title='bbox 1562 980 1653 1051; x_wconf 80' lang='grc' dir='ltr'>Πρ‹</span> 
     </span>
    </p>
   </div>
   <div class='ocr_carea' id='block_1_15' title="bbox 1545 977 3073 1056">
    <p class='ocr_par' dir='ltr' id='par_1_15' title="bbox 1562 979 3073 1056">
     <span class='ocr_line' id='line_1_15' title="bbox 1562 979 3073 1056; baseline 0.006 -24"><span class='ocrx_word' id='word_1_112' title='bbox 1562 979 1709 1051; x_wconf 84' lang='grc' dir='ltr'><strong>Πρά-</strong></span> <span class='ocrx_word' id='word_1_113' title='bbox 1809 985 1854 1040; x_wconf 89' lang='lat' dir='ltr'><strong>si</strong></span> <span class='ocrx_word' id='word_1_114' title='bbox 1899 985 2004 1041; x_wconf 88' lang='lat' dir='ltr'><strong>hoc</strong></span> <span class='ocrx_word' id='word_1_115' title='bbox 2049 1001 2158 1039; x_wconf 89' lang='lat' dir='ltr'><strong>non</strong></span> <span class='ocrx_word' id='word_1_116' title='bbox 2209 986 2422 1052; x_wconf 90' lang='lat' dir='ltr'><strong>demus,</strong></span> <span class='ocrx_word' id='word_1_117' title='bbox 2460 986 2770 1040; x_wconf 80' lang='lat' dir='ltr'><strong>invenietur</strong></span> <span class='ocrx_word' id='word_1_118' title='bbox 2803 993 3016 1056; x_wconf 83' lang='lat' dir='ltr'><strong>tempus</strong></span> <span class='ocrx_word' id='word_1_119' title='bbox 3045 1003 3073 1041; x_wconf 91' lang='lat' dir='ltr'><strong>a</strong></span> 
     </span>
    </p>
   </div>
   <div class='ocr_carea' id='block_1_16' title="bbox 127 1071 1655 1145">
    <p class='ocr_par' dir='ltr' id='par_1_16' title="bbox 127 1071 1655 1143">
     <span class='ocr_line' id='line_1_16' title="bbox 127 1071 1655 1143; baseline 0 -18"><span class='ocrx_word' id='word_1_120' title='bbox 127 1071 230 1136; x_wconf 78' lang='grc' dir='ltr'>ξεις</span> <span class='ocrx_word' id='word_1_121' title='bbox 285 1073 567 1142; x_wconf 75' lang='grc' dir='ltr'>φέρουσιν,</span> <span class='ocrx_word' id='word_1_122' title='bbox 608 1071 746 1126; x_wconf 81' lang='grc' dir='ltr'>ἀλλὰ</span> <span class='ocrx_word' id='word_1_123' title='bbox 794 1072 890 1126; x_wconf 75' lang='grc' dir='ltr'><strong>καὶ</strong></span> <span class='ocrx_word' id='word_1_124' title='bbox 931 1071 1298 1142; x_wconf 75' lang='grc' dir='ltr'>Ἰώσηππος⁹³</span> <span class='ocrx_word' id='word_1_125' title='bbox 1348 1071 1486 1143; x_wconf 83' lang='grc'>(99),</span> <span class='ocrx_word' id='word_1_126' title='bbox 1534 1071 1655 1138; x_wconf 70' lang='grc' dir='ltr'>λέγω</span> 
     </span>
    </p>
   </div>
   <div class='ocr_carea' id='block_1_17' title="bbox 1549 1071 3077 1145">
    <p class='ocr_par' dir='ltr' id='par_1_17' title="bbox 1549 1073 3077 1145">
     <span class='ocr_line' id='line_1_17' title="bbox 1549 1073 3077 1145; baseline 0.005 -22"><span class='ocrx_word' id='word_1_127' title='bbox 1549 1073 1709 1138; x_wconf 61' lang='grc' dir='ltr'>λέγων</span> <span class='ocrx_word' id='word_1_128' title='bbox 1810 1089 1919 1145; x_wconf 90' lang='lat' dir='ltr'><strong>quo</strong></span> <span class='ocrx_word' id='word_1_129' title='bbox 1954 1075 2262 1145; x_wconf 84' lang='lat' dir='ltr'><strong>baptizatus</strong></span> <span class='ocrx_word' id='word_1_130' title='bbox 2313 1084 2416 1140; x_wconf 80' lang='lat' dir='ltr'><strong>est,</strong></span> <span class='ocrx_word' id='word_1_131' title='bbox 2461 1083 2516 1130; x_wconf 90' lang='lat' dir='ltr'><strong>et</strong></span> <span class='ocrx_word' id='word_1_132' title='bbox 2550 1075 2725 1129; x_wconf 88' lang='lat' dir='ltr'><strong>visum</strong></span> <span class='ocrx_word' id='word_1_133' title='bbox 2757 1075 2984 1144; x_wconf 75' lang='lat' dir='ltr'><strong>recepit,</strong></span> <span class='ocrx_word' id='word_1_134' title='bbox 3019 1087 3077 1130; x_wconf 94' lang='lat' dir='ltr'><strong>ut</strong></span> 
     </span>
    </p>
   </div>
   <div class='ocr_carea' id='block_1_18' title="bbox 125 1159 1653 1234">
    <p class='ocr_par' dir='ltr' id='par_1_18' title="bbox 125 1159 1653 1234">
     <span class='ocr_line' id='line_1_18' title="bbox 125 1159 1653 1234; baseline 0 -20"><span class='ocrx_word' id='word_1_135' title='bbox 125 1164 247 1234; x_wconf 78' lang='grc' dir='ltr'>τρία</span> <span class='ocrx_word' id='word_1_136' title='bbox 293 1163 388 1233; x_wconf 75' lang='grc' dir='ltr'>ἔτη</span> <span class='ocrx_word' id='word_1_137' title='bbox 435 1162 711 1216; x_wconf 73' lang='grc' dir='ltr'>Κλαυδίου</span> <span class='ocrx_word' id='word_1_138' title='bbox 758 1163 920 1232; x_wconf 80' lang='grc' dir='ltr'>ζῆσαι</span> <span class='ocrx_word' id='word_1_139' title='bbox 952 1163 1044 1214; x_wconf 73' lang='grc' dir='ltr'>τὸν</span> <span class='ocrx_word' id='word_1_140' title='bbox 1087 1160 1351 1233; x_wconf 77' lang='grc' dir='ltr'>Ἡρώδην,</span> <span class='ocrx_word' id='word_1_141' title='bbox 1384 1161 1480 1214; x_wconf 79' lang='grc' dir='ltr'><strong>καὶ</strong></span> <span class='ocrx_word' id='word_1_142' title='bbox 1506 1159 1653 1214; x_wconf 64' lang='grc' dir='ltr'>εὐθέα</span> 
     </span>
    </p>
   </div>
   <div class='ocr_carea' id='block_1_19' title="bbox 1549 1159 3077 1234">
    <p class='ocr_par' dir='ltr' id='par_1_19' title="bbox 1549 1159 3077 1228">
     <span class='ocr_line' id='line_1_19' title="bbox 1549 1159 3077 1228; baseline 0.004 -14"><span class='ocrx_word' id='word_1_143' title='bbox 1549 1159 1708 1223; x_wconf 64' lang='grc' dir='ltr'>δίιέως</span> <span class='ocrx_word' id='word_1_144' title='bbox 1810 1165 1943 1220; x_wconf 82' lang='lat' dir='ltr'><strong>Acta</strong></span> <span class='ocrx_word' id='word_1_145' title='bbox 1969 1166 2273 1228; x_wconf 82' lang='lat' dir='ltr'><strong>continent,</strong></span> <span class='ocrx_word' id='word_1_146' title='bbox 2307 1180 2578 1220; x_wconf 91' lang='lat' dir='ltr'><strong>annorum</strong></span> <span class='ocrx_word' id='word_1_147' title='bbox 2611 1182 2683 1221; x_wconf 79' lang='lat' dir='ltr'><strong>iv.</strong></span> <span class='ocrx_word' id='word_1_148' title='bbox 2718 1165 2783 1220; x_wconf 86' lang='lat' dir='ltr'><strong>Et</strong></span> <span class='ocrx_word' id='word_1_149' title='bbox 2819 1165 2923 1220; x_wconf 87' lang='lat' dir='ltr'><strong>hoc</strong></span> <span class='ocrx_word' id='word_1_150' title='bbox 2967 1182 3077 1221; x_wconf 87' lang='lat' dir='ltr'><strong>non</strong></span> 
     </span>
    </p>
   </div>
   <div class='ocr_carea' id='block_1_20' title="bbox 128 1253 1656 1328">
    <p class='ocr_par' dir='ltr' id='par_1_20' title="bbox 128 1253 1656 1327">
     <span class='ocr_line' id='line_1_20' title="bbox 128 1253 1656 1327; baseline -0.002 -19"><span class='ocrx_word' id='word_1_151' title='bbox 128 1257 262 1323; x_wconf 78' lang='grc' dir='ltr'>μετά</span> <span class='ocrx_word' id='word_1_152' title='bbox 306 1255 403 1325; x_wconf 77' lang='grc' dir='ltr'>τὴν</span> <span class='ocrx_word' id='word_1_153' title='bbox 444 1255 704 1327; x_wconf 79' lang='grc' dir='ltr'>τελευτὴν</span> <span class='ocrx_word' id='word_1_154' title='bbox 750 1255 989 1326; x_wconf 84' lang='grc' dir='ltr'>Ἡρώδου</span> <span class='ocrx_word' id='word_1_155' title='bbox 1037 1254 1304 1325; x_wconf 81' lang='grc' dir='ltr'>κληθῆναι</span> <span class='ocrx_word' id='word_1_156' title='bbox 1359 1253 1568 1306; x_wconf 77' lang='grc' dir='ltr'>Παῦλον</span> <span class='ocrx_word' id='word_1_157' title='bbox 1612 1270 1656 1306; x_wconf 70' lang='grc' dir='ltr'><strong>κε</strong></span> 
     </span>
    </p>
   </div>
   <div class='ocr_carea' id='block_1_21' title="bbox 1550 1253 3078 1328">
    <p class='ocr_par' dir='ltr' id='par_1_21' title="bbox 1550 1253 3078 1328">
     <span class='ocr_line' id='line_1_21' title="bbox 1550 1253 3078 1328; baseline 0.001 -17"><span class='ocrx_word' id='word_1_158' title='bbox 1550 1270 1568 1306; x_wconf 76' lang='grc' dir='ltr'><strong>ν</strong></span> <span class='ocrx_word' id='word_1_159' title='bbox 1612 1253 1708 1306; x_wconf 74' lang='grc' dir='ltr'>καὶ</span> <span class='ocrx_word' id='word_1_160' title='bbox 1811 1257 1986 1312; x_wconf 91' lang='lat' dir='ltr'><strong>solum</strong></span> <span class='ocrx_word' id='word_1_161' title='bbox 2033 1273 2095 1312; x_wconf 84' lang='lat' dir='ltr'><strong>ex</strong></span> <span class='ocrx_word' id='word_1_162' title='bbox 2144 1257 2294 1312; x_wconf 82' lang='lat' dir='ltr'><strong>Actis</strong></span> <span class='ocrx_word' id='word_1_163' title='bbox 2341 1256 2634 1328; x_wconf 83' lang='lat' dir='ltr'><strong>colligitur,</strong></span> <span class='ocrx_word' id='word_1_164' title='bbox 2680 1257 2776 1311; x_wconf 90' lang='lat' dir='ltr'><strong>sed</strong></span> <span class='ocrx_word' id='word_1_165' title='bbox 2812 1258 2976 1311; x_wconf 88' lang='lat' dir='ltr'><strong>etiam</strong></span> <span class='ocrx_word' id='word_1_166' title='bbox 3013 1274 3078 1312; x_wconf 81' lang='lat' dir='ltr'><strong>ex</strong></span> 
     </span>
    </p>
   </div>
   <div class='ocr_carea' id='block_1_22' title="bbox 130 1343 1658 1419">
    <p class='ocr_par' dir='ltr' id='par_1_22' title="bbox 130 1343 1658 1414">
     <span class='ocr_line' id='line_1_22' title="bbox 130 1343 1658 1414; baseline -0.001 -17"><span class='ocrx_word' id='word_1_167' title='bbox 130 1344 411 1414; x_wconf 77' lang='grc' dir='ltr'>Βαρνάϐαν</span> <span class='ocrx_word' id='word_1_168' title='bbox 440 1345 523 1408; x_wconf 77' lang='grc' dir='ltr'><strong>είς</strong></span> <span class='ocrx_word' id='word_1_169' title='bbox 552 1343 880 1414; x_wconf 83' lang='grc' dir='ltr'>ἀποστολὴν,</span> <span class='ocrx_word' id='word_1_170' title='bbox 902 1343 1183 1396; x_wconf 80' lang='grc' dir='ltr'>τουτέστιν</span> <span class='ocrx_word' id='word_1_171' title='bbox 1217 1343 1480 1414; x_wconf 83' lang='grc' dir='ltr'>τετάρτου</span> <span class='ocrx_word' id='word_1_172' title='bbox 1511 1343 1658 1414; x_wconf 83' lang='grc' dir='ltr'>χρόν&lt;</span> 
     </span>
    </p>
   </div>
   <div class='ocr_carea' id='block_1_23' title="bbox 1551 1343 3079 1419">
    <p class='ocr_par' dir='ltr' id='par_1_23' title="bbox 1552 1343 3079 1419">
     <span class='ocr_line' id='line_1_23' title="bbox 1552 1343 3079 1419; baseline -0.001 -16"><span class='ocrx_word' id='word_1_173' title='bbox 1552 1343 1706 1413; x_wconf 83' lang='grc' dir='ltr'>ρόνου</span> <span class='ocrx_word' id='word_1_174' title='bbox 1808 1348 2068 1419; x_wconf 77' lang='lat' dir='ltr'><strong>Joseplio,</strong></span> <span class='ocrx_word' id='word_1_175' title='bbox 2090 1347 2364 1402; x_wconf 84' lang='lat' dir='ltr'><strong>scribente</strong></span> <span class='ocrx_word' id='word_1_176' title='bbox 2397 1347 2462 1402; x_wconf 91' lang='lat' dir='ltr'><strong>ad</strong></span> <span class='ocrx_word' id='word_1_177' title='bbox 2495 1347 2715 1402; x_wconf 88' lang='lat' dir='ltr'><strong>tertium</strong></span> <span class='ocrx_word' id='word_1_178' title='bbox 2743 1347 2952 1402; x_wconf 85' lang='lat' dir='ltr'><strong>Claudii</strong></span> <span class='ocrx_word' id='word_1_179' title='bbox 2982 1364 3079 1402; x_wconf 91' lang='lat' dir='ltr'><strong>an-</strong></span> 
     </span>
    </p>
   </div>
   <div class='ocr_carea' id='block_1_24' title="bbox 128 1433 1656 1509">
    <p class='ocr_par' dir='ltr' id='par_1_24' title="bbox 128 1433 1656 1508">
     <span class='ocr_line' id='line_1_24' title="bbox 128 1433 1656 1508; baseline -0.002 -18"><span class='ocrx_word' id='word_1_180' title='bbox 128 1437 411 1504; x_wconf 76' lang='grc' dir='ltr'>Κλαυδίου,</span> <span class='ocrx_word' id='word_1_181' title='bbox 443 1437 520 1500; x_wconf 84' lang='grc' dir='ltr'><strong>ὡς</strong></span> <span class='ocrx_word' id='word_1_182' title='bbox 563 1438 620 1490; x_wconf 78' lang='grc' dir='ltr'>αἱ</span> <span class='ocrx_word' id='word_1_183' title='bbox 663 1435 898 1508; x_wconf 80' lang='grc' dir='ltr'>Πρὰξεις</span> <span class='ocrx_word' id='word_1_184' title='bbox 944 1434 1216 1506; x_wconf 82' lang='grc' dir='ltr'>δηλοῦσιν.</span> <span class='ocrx_word' id='word_1_185' title='bbox 1265 1436 1374 1488; x_wconf 73' lang='grc' dir='ltr'><strong>Καὶ</strong></span> <span class='ocrx_word' id='word_1_186' title='bbox 1421 1435 1482 1488; x_wconf 79' lang='grc' dir='ltr'>οὒ</span> <span class='ocrx_word' id='word_1_187' title='bbox 1536 1433 1656 1488; x_wconf 71' lang='grc' dir='ltr'>ταῦι</span> 
     </span>
    </p>
   </div>
   <div class='ocr_carea' id='block_1_25' title="bbox 1549 1433 3077 1509">
    <p class='ocr_par' dir='ltr' id='par_1_25' title="bbox 1549 1433 3077 1509">
     <span class='ocr_line' id='line_1_25' title="bbox 1549 1433 3077 1509; baseline 0.005 -22"><span class='ocrx_word' id='word_1_188' title='bbox 1549 1433 1709 1488; x_wconf 74' lang='grc' dir='ltr'>ταῦτα</span> <span class='ocrx_word' id='word_1_189' title='bbox 1811 1456 1942 1494; x_wconf 88' lang='lat' dir='ltr'><strong>num</strong></span> <span class='ocrx_word' id='word_1_190' title='bbox 1997 1441 2163 1495; x_wconf 85' lang='lat' dir='ltr'><strong>vitam</strong></span> <span class='ocrx_word' id='word_1_191' title='bbox 2208 1437 2535 1509; x_wconf 82' lang='lat' dir='ltr'><strong>produxisse</strong></span> <span class='ocrx_word' id='word_1_192' title='bbox 2587 1437 2860 1494; x_wconf 80' lang='lat' dir='ltr'><strong>Herodem</strong></span> <span class='ocrx_word' id='word_1_193' title='bbox 2901 1457 2912 1492; x_wconf 92' lang='lat'><strong>:</strong></span> <span class='ocrx_word' id='word_1_194' title='bbox 2965 1448 3077 1494; x_wconf 89' lang='lat' dir='ltr'><strong>sta-</strong></span> 
     </span>
    </p>
   </div>
   <div class='ocr_carea' id='block_1_26' title="bbox 129 1525 1657 1599">
    <p class='ocr_par' dir='ltr' id='par_1_26' title="bbox 129 1526 1644 1598">
     <span class='ocr_line' id='line_1_26' title="bbox 129 1526 1644 1598; baseline -0.002 -17"><span class='ocrx_word' id='word_1_195' title='bbox 129 1528 290 1596; x_wconf 77' lang='grc' dir='ltr'>μόνον</span> <span class='ocrx_word' id='word_1_196' title='bbox 337 1528 618 1583; x_wconf 77' lang='grc' dir='ltr'>πείσουςίν</span> <span class='ocrx_word' id='word_1_197' title='bbox 664 1544 809 1592; x_wconf 85' lang='grc' dir='ltr'>τινα,</span> <span class='ocrx_word' id='word_1_198' title='bbox 841 1527 978 1580; x_wconf 74' lang='grc' dir='ltr'>ἀλλὰ</span> <span class='ocrx_word' id='word_1_199' title='bbox 1009 1528 1106 1580; x_wconf 81' lang='grc' dir='ltr'><strong>καὶ</strong></span> <span class='ocrx_word' id='word_1_200' title='bbox 1135 1526 1494 1598; x_wconf 78' lang='grc' dir='ltr'>εὑρεθήσεται</span> <span class='ocrx_word' id='word_1_201' title='bbox 1525 1526 1644 1589; x_wconf 81' lang='grc' dir='ltr'>ὅλος</span> 
     </span>
    </p>
   </div>
   <div class='ocr_carea' id='block_1_27' title="bbox 1550 1525 3078 1599">
    <p class='ocr_par' dir='ltr' id='par_1_27' title="bbox 1550 1525 3078 1599">
     <span class='ocr_line' id='line_1_27' title="bbox 1550 1525 3078 1599; baseline 0.003 -21"><span class='ocrx_word' id='word_1_202' title='bbox 1550 1526 1644 1589; x_wconf 83' lang='grc' dir='ltr'>ιλος</span> <span class='ocrx_word' id='word_1_203' title='bbox 1679 1528 1707 1578; x_wconf 86' lang='grc' dir='ltr'>ὁ</span> <span class='ocrx_word' id='word_1_204' title='bbox 1813 1530 2017 1599; x_wconf 84' lang='lat' dir='ltr'><strong>timque</strong></span> <span class='ocrx_word' id='word_1_205' title='bbox 2046 1537 2169 1599; x_wconf 89' lang='lat' dir='ltr'><strong>post</strong></span> <span class='ocrx_word' id='word_1_206' title='bbox 2195 1537 2426 1582; x_wconf 88' lang='lat' dir='ltr'><strong>mortem</strong></span> <span class='ocrx_word' id='word_1_207' title='bbox 2472 1525 2718 1592; x_wconf 84' lang='lat' dir='ltr'><strong>Herodis,</strong></span> <span class='ocrx_word' id='word_1_208' title='bbox 2762 1526 2828 1582; x_wconf 90' lang='lat' dir='ltr'><strong>ad</strong></span> <span class='ocrx_word' id='word_1_209' title='bbox 2858 1537 3078 1598; x_wconf 87' lang='lat' dir='ltr'><strong>aposto-</strong></span> 
     </span>
    </p>
   </div>
   <div class='ocr_carea' id='block_1_28' title="bbox 127 1612 1655 1690">
    <p class='ocr_par' dir='ltr' id='par_1_28' title="bbox 127 1612 1651 1690">
     <span class='ocr_line' id='line_1_28' title="bbox 127 1612 1651 1690; baseline -0.003 -17"><span class='ocrx_word' id='word_1_210' title='bbox 127 1619 316 1690; x_wconf 72' lang='grc' dir='ltr'>χρόνος</span> <span class='ocrx_word' id='word_1_211' title='bbox 343 1620 442 1690; x_wconf 82' lang='grc' dir='ltr'>τῆς</span> <span class='ocrx_word' id='word_1_212' title='bbox 475 1620 828 1683; x_wconf 80' lang='grc' dir='ltr'>διδασκαλίας</span> <span class='ocrx_word' id='word_1_213' title='bbox 863 1618 1077 1672; x_wconf 83' lang='grc' dir='ltr'>Παύλου</span> <span class='ocrx_word' id='word_1_214' title='bbox 1123 1619 1215 1687; x_wconf 68' lang='grc' dir='ltr'><strong>ἀφ’</strong></span> <span class='ocrx_word' id='word_1_215' title='bbox 1242 1612 1304 1672; x_wconf 79' lang='grc' dir='ltr'><strong>οῦ</strong></span> <span class='ocrx_word' id='word_1_216' title='bbox 1343 1618 1593 1688; x_wconf 73' lang='grc' dir='ltr'>εἰσῆλθεν</span> <span class='ocrx_word' id='word_1_217' title='bbox 1626 1635 1651 1669; x_wconf 92' lang='grc' dir='ltr'><strong>ε</strong></span> 
     </span>
    </p>
   </div>
   <div class='ocr_carea' id='block_1_29' title="bbox 1550 1612 3078 1690">
    <p class='ocr_par' dir='ltr' id='par_1_29' title="bbox 1550 1617 3078 1684">
     <span class='ocr_line' id='line_1_29' title="bbox 1550 1617 3078 1684; baseline 0.001 -14"><span class='ocrx_word' id='word_1_218' title='bbox 1550 1635 1593 1670; x_wconf 75' lang='grc' dir='ltr'>;ν</span> <span class='ocrx_word' id='word_1_219' title='bbox 1626 1617 1706 1679; x_wconf 81' lang='grc' dir='ltr'><strong>είς</strong></span> <span class='ocrx_word' id='word_1_220' title='bbox 1812 1622 1982 1674; x_wconf 88' lang='lat' dir='ltr'><strong>latum</strong></span> <span class='ocrx_word' id='word_1_221' title='bbox 2013 1628 2234 1674; x_wconf 86' lang='lat' dir='ltr'><strong>vocatos</strong></span> <span class='ocrx_word' id='word_1_222' title='bbox 2262 1618 2563 1673; x_wconf 87' lang='lat' dir='ltr'><strong>Barnabam</strong></span> <span class='ocrx_word' id='word_1_223' title='bbox 2605 1629 2660 1674; x_wconf 88' lang='lat' dir='ltr'><strong>et</strong></span> <span class='ocrx_word' id='word_1_224' title='bbox 2698 1618 2944 1684; x_wconf 81' lang='lat' dir='ltr'><strong>Paulum,</strong></span> <span class='ocrx_word' id='word_1_225' title='bbox 2974 1618 3078 1673; x_wconf 88' lang='lat' dir='ltr'><strong>hoc</strong></span> 
     </span>
    </p>
   </div>
   <div class='ocr_carea' id='block_1_30' title="bbox 125 1705 1653 1782">
    <p class='ocr_par' dir='ltr' id='par_1_30' title="bbox 125 1705 1653 1782">
     <span class='ocr_line' id='line_1_30' title="bbox 125 1705 1653 1782; baseline -0.001 -19"><span class='ocrx_word' id='word_1_226' title='bbox 125 1711 429 1782; x_wconf 74' lang='grc' dir='ltr'>ἀποστολὴν</span> <span class='ocrx_word' id='word_1_227' title='bbox 467 1711 561 1781; x_wconf 77' lang='grc' dir='ltr'>ἐτη</span> <span class='ocrx_word' id='word_1_228' title='bbox 603 1711 647 1764; x_wconf 79' lang='lat'><strong>0&#39;</strong></span> <span class='ocrx_word' id='word_1_229' title='bbox 672 1712 774 1774; x_wconf 72' lang='grc' dir='ltr'>ἕως</span> <span class='ocrx_word' id='word_1_230' title='bbox 821 1705 882 1764; x_wconf 78' lang='grc' dir='ltr'><strong>οῦ</strong></span> <span class='ocrx_word' id='word_1_231' title='bbox 932 1709 1134 1781; x_wconf 76' lang='grc' dir='ltr'>ἐϐλήθη</span> <span class='ocrx_word' id='word_1_232' title='bbox 1183 1711 1264 1773; x_wconf 81' lang='grc' dir='ltr'><strong>είς</strong></span> <span class='ocrx_word' id='word_1_233' title='bbox 1311 1709 1559 1781; x_wconf 79' lang='grc' dir='ltr'>φυλακὴν</span> <span class='ocrx_word' id='word_1_234' title='bbox 1603 1709 1653 1762; x_wconf 68' lang='lat'><strong>&#39;3:</strong></span> 
     </span>
    </p>
   </div>
   <div class='ocr_carea' id='block_1_31' title="bbox 1549 1705 3077 1782">
    <p class='ocr_par' dir='ltr' id='par_1_31' title="bbox 1549 1708 3077 1778">
     <span class='ocr_line' id='line_1_31' title="bbox 1549 1708 3077 1778; baseline 0.003 -20"><span class='ocrx_word' id='word_1_235' title='bbox 1549 1726 1559 1758; x_wconf 72' lang='grc' dir='ltr'><strong>ι</strong></span> <span class='ocrx_word' id='word_1_236' title='bbox 1603 1709 1709 1762; x_wconf 75' lang='grc' dir='ltr'><strong>ὑπὸ</strong></span> <span class='ocrx_word' id='word_1_237' title='bbox 1812 1719 1896 1764; x_wconf 88' lang='lat' dir='ltr'><strong>est</strong></span> <span class='ocrx_word' id='word_1_238' title='bbox 1929 1725 2074 1764; x_wconf 88' lang='lat' dir='ltr'><strong>anno</strong></span> <span class='ocrx_word' id='word_1_239' title='bbox 2102 1708 2311 1764; x_wconf 83' lang='lat' dir='ltr'><strong>Claudii</strong></span> <span class='ocrx_word' id='word_1_240' title='bbox 2349 1716 2564 1778; x_wconf 89' lang='lat' dir='ltr'><strong>quarto,</strong></span> <span class='ocrx_word' id='word_1_241' title='bbox 2592 1718 2651 1764; x_wconf 90' lang='lat' dir='ltr'><strong>ut</strong></span> <span class='ocrx_word' id='word_1_242' title='bbox 2694 1709 2896 1764; x_wconf 90' lang='lat' dir='ltr'><strong>docent</strong></span> <span class='ocrx_word' id='word_1_243' title='bbox 2923 1709 3077 1773; x_wconf 80' lang='lat' dir='ltr'><strong>Acta,</strong></span> 
     </span>
    </p>
   </div>
   <div class='ocr_carea' id='block_1_32' title="bbox 127 1799 1655 1872">
    <p class='ocr_par' dir='ltr' id='par_1_32' title="bbox 127 1800 1655 1872">
     <span class='ocr_line' id='line_1_32' title="bbox 127 1800 1655 1872; baseline 0.001 -21"><span class='ocrx_word' id='word_1_244' title='bbox 127 1802 378 1872; x_wconf 63' lang='grc' dir='ltr'>Φήλικος,</span> <span class='ocrx_word' id='word_1_245' title='bbox 429 1801 638 1871; x_wconf 82' lang='grc' dir='ltr'>μέλλων</span> <span class='ocrx_word' id='word_1_246' title='bbox 683 1804 760 1865; x_wconf 85' lang='grc' dir='ltr'><strong>είς</strong></span> <span class='ocrx_word' id='word_1_247' title='bbox 804 1801 1025 1872; x_wconf 83' lang='grc' dir='ltr'><strong>Ῥώμην</strong></span> <span class='ocrx_word' id='word_1_248' title='bbox 1071 1801 1164 1853; x_wconf 72' lang='grc' dir='ltr'><strong>ἐπὶ</strong></span> <span class='ocrx_word' id='word_1_249' title='bbox 1203 1801 1455 1871; x_wconf 84' lang='grc' dir='ltr'>Νέρωνος</span> <span class='ocrx_word' id='word_1_250' title='bbox 1505 1800 1655 1870; x_wconf 72' lang='grc' dir='ltr'>ὲκπέι</span> 
     </span>
    </p>
   </div>
   <div class='ocr_carea' id='block_1_33' title="bbox 1554 1799 3082 1872">
    <p class='ocr_par' dir='ltr' id='par_1_33' title="bbox 1554 1799 3082 1871">
     <span class='ocr_line' id='line_1_33' title="bbox 1554 1799 3082 1871; baseline 0.001 -19"><span class='ocrx_word' id='word_1_251' title='bbox 1554 1800 1712 1870; x_wconf 78' lang='grc' dir='ltr'>ιπέμ-</span> <span class='ocrx_word' id='word_1_252' title='bbox 1746 1800 1911 1869; x_wconf 71' lang='lat' dir='ltr'><strong>used</strong></span> <span class='ocrx_word' id='word_1_253' title='bbox 1971 1809 2147 1855; x_wconf 88' lang='lat' dir='ltr'><strong>totum</strong></span> <span class='ocrx_word' id='word_1_254' title='bbox 2201 1799 2407 1869; x_wconf 90' lang='lat' dir='ltr'><strong>pariter</strong></span> <span class='ocrx_word' id='word_1_255' title='bbox 2464 1799 2614 1855; x_wconf 85' lang='lat' dir='ltr'><strong>Pauli</strong></span> <span class='ocrx_word' id='word_1_256' title='bbox 2674 1800 3082 1871; x_wconf 71' lang='lat' dir='ltr'><strong>praedicationis</strong></span> 
     </span>
    </p>
   </div>
   <div class='ocr_carea' id='block_1_34' title="bbox 131 1890 1659 1963">
    <p class='ocr_par' dir='ltr' id='par_1_34' title="bbox 131 1890 1659 1963">
     <span class='ocr_line' id='line_1_34' title="bbox 131 1890 1659 1963; baseline -0.002 -17"><span class='ocrx_word' id='word_1_257' title='bbox 131 1893 346 1956; x_wconf 75' lang='grc' dir='ltr'>πεσθαι,</span> <span class='ocrx_word' id='word_1_258' title='bbox 381 1893 453 1957; x_wconf 84' lang='grc' dir='ltr'>ὡς</span> <span class='ocrx_word' id='word_1_259' title='bbox 481 1892 548 1946; x_wconf 75' lang='grc' dir='ltr'>τὰ</span> <span class='ocrx_word' id='word_1_260' title='bbox 579 1893 778 1963; x_wconf 78' lang='grc' dir='ltr'>ἐφεξῆς</span> <span class='ocrx_word' id='word_1_261' title='bbox 802 1890 1196 1962; x_wconf 71' lang='grc' dir='ltr'>τῶνιΠρὰξεων</span> <span class='ocrx_word' id='word_1_262' title='bbox 1226 1891 1376 1961; x_wconf 88' lang='grc' dir='ltr'>δηλοί</span> <span class='ocrx_word' id='word_1_263' title='bbox 1410 1892 1500 1944; x_wconf 74' lang='grc' dir='ltr'><strong>καὶ</strong></span> <span class='ocrx_word' id='word_1_264' title='bbox 1524 1891 1572 1943; x_wconf 83' lang='lat' dir='ltr'><strong>oi</strong></span> <span class='ocrx_word' id='word_1_265' title='bbox 1597 1907 1659 1961; x_wconf 83' lang='grc' dir='ltr'>χρ</span> 
     </span>
    </p>
   </div>
   <div class='ocr_carea' id='block_1_35' title="bbox 1557 1890 3085 1963">
    <p class='ocr_par' dir='ltr' id='par_1_35' title="bbox 1558 1890 3085 1962">
     <span class='ocr_line' id='line_1_35' title="bbox 1558 1890 3085 1962; baseline -0.001 -18"><span class='ocrx_word' id='word_1_266' title='bbox 1558 1890 1713 1961; x_wconf 82' lang='grc' dir='ltr'>ίχρό-</span> <span class='ocrx_word' id='word_1_267' title='bbox 1818 1903 2030 1961; x_wconf 88' lang='lat' dir='ltr'><strong>tempus</strong></span> <span class='ocrx_word' id='word_1_268' title='bbox 2073 1891 2524 1962; x_wconf 86' lang='lat' dir='ltr'><strong>deprehenditur,</strong></span> <span class='ocrx_word' id='word_1_269' title='bbox 2571 1905 2639 1944; x_wconf 79' lang='lat' dir='ltr'><strong>ex</strong></span> <span class='ocrx_word' id='word_1_270' title='bbox 2685 1906 2794 1960; x_wconf 90' lang='lat' dir='ltr'><strong>quo</strong></span> <span class='ocrx_word' id='word_1_271' title='bbox 2839 1890 2906 1945; x_wconf 84' lang='lat' dir='ltr'><strong>ad</strong></span> <span class='ocrx_word' id='word_1_272' title='bbox 2949 1905 3085 1960; x_wconf 90' lang='lat' dir='ltr'><strong>apo-</strong></span> 
     </span>
    </p>
   </div>
   <div class='ocr_carea' id='block_1_36' title="bbox 131 1982 1659 2055">
    <p class='ocr_par' dir='ltr' id='par_1_36' title="bbox 131 1982 1659 2055">
     <span class='ocr_line' id='line_1_36' title="bbox 131 1982 1659 2055; baseline -0.002 -18"><span class='ocrx_word' id='word_1_273' title='bbox 131 2002 211 2037; x_wconf 78' lang='grc' dir='ltr'><strong>νοι</strong></span> <span class='ocrx_word' id='word_1_274' title='bbox 247 1985 350 2055; x_wconf 79' lang='grc' dir='ltr'>τῆς</span> <span class='ocrx_word' id='word_1_275' title='bbox 396 1985 670 2055; x_wconf 78' lang='grc' dir='ltr'>βασιλείας</span> <span class='ocrx_word' id='word_1_276' title='bbox 701 1984 1043 2038; x_wconf 81' lang='grc' dir='ltr'>Κλαυδίου⁹⁹.</span> <span class='ocrx_word' id='word_1_277' title='bbox 1082 1982 1250 2037; x_wconf 83' lang='grc' dir='ltr'>Πάλιν</span> <span class='ocrx_word' id='word_1_278' title='bbox 1285 1983 1582 2054; x_wconf 86' lang='grc' dir='ltr'>μετέπειτα</span> <span class='ocrx_word' id='word_1_279' title='bbox 1624 1983 1659 2035; x_wconf 77' lang='grc' dir='ltr'><strong>ὲῖ</strong></span> 
     </span>
    </p>
   </div>
   <div class='ocr_carea' id='block_1_37' title="bbox 1551 1982 3079 2055">
    <p class='ocr_par' dir='ltr' id='par_1_37' title="bbox 1551 1983 3079 2052">
     <span class='ocr_line' id='line_1_37' title="bbox 1551 1983 3079 2052; baseline 0.001 -17"><span class='ocrx_word' id='word_1_280' title='bbox 1551 2001 1582 2035; x_wconf 86' lang='grc' dir='ltr'><strong>α</strong></span> <span class='ocrx_word' id='word_1_281' title='bbox 1624 1983 1714 2035; x_wconf 80' lang='grc' dir='ltr'><strong>ὲλ-</strong></span> <span class='ocrx_word' id='word_1_282' title='bbox 1817 1984 2074 2038; x_wconf 83' lang='lat' dir='ltr'><strong>stoiatum</strong></span> <span class='ocrx_word' id='word_1_283' title='bbox 2102 1983 2271 2047; x_wconf 82' lang='lat' dir='ltr'><strong>venit,</strong></span> <span class='ocrx_word' id='word_1_284' title='bbox 2305 1999 2574 2038; x_wconf 85' lang='lat' dir='ltr'><strong>annorum</strong></span> <span class='ocrx_word' id='word_1_285' title='bbox 2599 2000 2648 2037; x_wconf 70' lang='grc' dir='ltr'><strong>ιι</strong></span> <span class='ocrx_word' id='word_1_286' title='bbox 2683 1998 2851 2052; x_wconf 85' lang='lat' dir='ltr'><strong>usque</strong></span> <span class='ocrx_word' id='word_1_287' title='bbox 2881 1983 2947 2037; x_wconf 90' lang='lat' dir='ltr'><strong>ad</strong></span> <span class='ocrx_word' id='word_1_288' title='bbox 2978 1997 3079 2036; x_wconf 80' lang='lat' dir='ltr'><strong>an-</strong></span> 
     </span>
    </p>
   </div>
   <div class='ocr_carea' id='block_1_38' title="bbox 132 2074 1660 2146">
    <p class='ocr_par' dir='ltr' id='par_1_38' title="bbox 132 2074 1654 2146">
     <span class='ocr_line' id='line_1_38' title="bbox 132 2074 1654 2146; baseline -0.001 -18"><span class='ocrx_word' id='word_1_289' title='bbox 132 2076 234 2128; x_wconf 79' lang='grc' dir='ltr'><strong>θὼν</strong></span> <span class='ocrx_word' id='word_1_290' title='bbox 280 2077 365 2140; x_wconf 78' lang='grc' dir='ltr'><strong>είς</strong></span> <span class='ocrx_word' id='word_1_291' title='bbox 403 2076 752 2146; x_wconf 85' lang='grc' dir='ltr'>Ἰεροσόλυμα</span> <span class='ocrx_word' id='word_1_292' title='bbox 805 2075 942 2146; x_wconf 81' lang='grc' dir='ltr'>μετὰ</span> <span class='ocrx_word' id='word_1_293' title='bbox 970 2074 1248 2145; x_wconf 79' lang='grc' dir='ltr'>Βαρνάϐα,</span> <span class='ocrx_word' id='word_1_294' title='bbox 1275 2076 1368 2130; x_wconf 70' lang='grc' dir='ltr'><strong>καὶ</strong></span> <span class='ocrx_word' id='word_1_295' title='bbox 1402 2074 1577 2146; x_wconf 76' lang='grc' dir='ltr'>εὑρὼν</span> <span class='ocrx_word' id='word_1_296' title='bbox 1609 2075 1654 2127; x_wconf 89' lang='grc' dir='ltr'><strong>Π</strong></span> 
     </span>
    </p>
   </div>
   <div class='ocr_carea' id='block_1_39' title="bbox 1553 2074 3081 2146">
    <p class='ocr_par' dir='ltr' id='par_1_39' title="bbox 1553 2074 3081 2146">
     <span class='ocr_line' id='line_1_39' title="bbox 1553 2074 3081 2146; baseline 0.001 -20"><span class='ocrx_word' id='word_1_297' title='bbox 1553 2093 1577 2127; x_wconf 87' lang='grc' dir='ltr'><strong>ν</strong></span> <span class='ocrx_word' id='word_1_298' title='bbox 1609 2074 1715 2127; x_wconf 79' lang='grc' dir='ltr'>Πέ-</span> <span class='ocrx_word' id='word_1_299' title='bbox 1817 2091 1948 2130; x_wconf 90' lang='lat' dir='ltr'><strong>num</strong></span> <span class='ocrx_word' id='word_1_300' title='bbox 1974 2091 2083 2146; x_wconf 85' lang='lat' dir='ltr'><strong>quo</strong></span> <span class='ocrx_word' id='word_1_301' title='bbox 2113 2091 2142 2129; x_wconf 91' lang='lat' dir='ltr'><strong>a</strong></span> <span class='ocrx_word' id='word_1_302' title='bbox 2172 2074 2351 2130; x_wconf 85' lang='lat' dir='ltr'><strong>Felice</strong></span> <span class='ocrx_word' id='word_1_303' title='bbox 2396 2074 2450 2128; x_wconf 89' lang='lat' dir='ltr'><strong>in</strong></span> <span class='ocrx_word' id='word_1_304' title='bbox 2494 2090 2772 2130; x_wconf 87' lang='lat' dir='ltr'><strong>carcerem</strong></span> <span class='ocrx_word' id='word_1_305' title='bbox 2801 2075 3081 2146; x_wconf 85' lang='lat' dir='ltr'><strong>conjectus</strong></span> 
     </span>
    </p>
   </div>
   <div class='ocr_carea' id='block_1_40' title="bbox 131 2164 1659 2238">
    <p class='ocr_par' dir='ltr' id='par_1_40' title="bbox 131 2165 1659 2238">
     <span class='ocr_line' id='line_1_40' title="bbox 131 2165 1659 2238; baseline -0.001 -20"><span class='ocrx_word' id='word_1_306' title='bbox 131 2183 252 2236; x_wconf 82' lang='grc' dir='ltr'>τρον</span> <span class='ocrx_word' id='word_1_307' title='bbox 276 2168 376 2219; x_wconf 80' lang='grc' dir='ltr'><strong>καὶ</strong></span> <span class='ocrx_word' id='word_1_308' title='bbox 409 2169 533 2231; x_wconf 78' lang='grc' dir='ltr'>τοὺς</span> <span class='ocrx_word' id='word_1_309' title='bbox 579 2167 803 2230; x_wconf 77' lang='grc' dir='ltr'>λοιποὺς</span> <span class='ocrx_word' id='word_1_310' title='bbox 831 2166 1168 2231; x_wconf 77' lang='grc' dir='ltr'>ἀποστόλους</span> <span class='ocrx_word' id='word_1_311' title='bbox 1208 2165 1327 2238; x_wconf 75' lang='grc' dir='ltr'>ἅμα</span> <span class='ocrx_word' id='word_1_312' title='bbox 1369 2165 1612 2237; x_wconf 81' lang='grc' dir='ltr'>Ἰακώϐῳ</span> <span class='ocrx_word' id='word_1_313' title='bbox 1639 2182 1659 2217; x_wconf 72' lang='grc' dir='ltr'><strong>ιι</strong></span> 
     </span>
    </p>
   </div>
   <div class='ocr_carea' id='block_1_41' title="bbox 1552 2164 3080 2238">
    <p class='ocr_par' dir='ltr' id='par_1_41' title="bbox 1552 2164 3080 2237">
     <span class='ocr_line' id='line_1_41' title="bbox 1552 2164 3080 2237; baseline 0.004 -20"><span class='ocrx_word' id='word_1_314' title='bbox 1552 2168 1612 2237; x_wconf 76' lang='grc' dir='ltr'><strong>ῑῳ</strong></span> <span class='ocrx_word' id='word_1_315' title='bbox 1639 2164 1719 2235; x_wconf 82' lang='grc' dir='ltr'>τῷ</span> <span class='ocrx_word' id='word_1_316' title='bbox 1819 2175 1919 2233; x_wconf 83' lang='lat' dir='ltr'><strong>est,</strong></span> <span class='ocrx_word' id='word_1_317' title='bbox 1957 2183 2081 2222; x_wconf 86' lang='lat' dir='ltr'><strong>cum</strong></span> <span class='ocrx_word' id='word_1_318' title='bbox 2110 2167 2212 2222; x_wconf 88' lang='lat' dir='ltr'><strong>sub</strong></span> <span class='ocrx_word' id='word_1_319' title='bbox 2244 2166 2460 2222; x_wconf 86' lang='lat' dir='ltr'><strong>Nerone</strong></span> <span class='ocrx_word' id='word_1_320' title='bbox 2494 2165 2719 2221; x_wconf 79' lang='lat' dir='ltr'><strong>Romam</strong></span> <span class='ocrx_word' id='word_1_321' title='bbox 2761 2178 2907 2222; x_wconf 90' lang='lat' dir='ltr'><strong>esset</strong></span> <span class='ocrx_word' id='word_1_322' title='bbox 2952 2167 3080 2223; x_wconf 87' lang='lat' dir='ltr'><strong>mit-</strong></span> 
     </span>
    </p>
   </div>
   <div class='ocr_carea' id='block_1_42' title="bbox 133 2256 1661 2329">
    <p class='ocr_par' dir='ltr' id='par_1_42' title="bbox 133 2256 1661 2329">
     <span class='ocr_line' id='line_1_42' title="bbox 133 2256 1661 2329; baseline -0.001 -18"><span class='ocrx_word' id='word_1_323' title='bbox 133 2258 346 2328; x_wconf 72' lang='grc' dir='ltr'>ἀδελφῷ</span> <span class='ocrx_word' id='word_1_324' title='bbox 375 2256 472 2310; x_wconf 82' lang='grc' dir='ltr'><strong>τοῦ</strong></span> <span class='ocrx_word' id='word_1_325' title='bbox 503 2259 734 2329; x_wconf 80' lang='grc' dir='ltr'>Κυρίου,</span> <span class='ocrx_word' id='word_1_326' title='bbox 766 2258 1071 2329; x_wconf 74' lang='grc' dir='ltr'>γράφουσιν</span> <span class='ocrx_word' id='word_1_327' title='bbox 1094 2258 1384 2329; x_wconf 77' lang='grc' dir='ltr'>ἐπιστολὴν</span> <span class='ocrx_word' id='word_1_328' title='bbox 1412 2258 1462 2310; x_wconf 82' lang='grc' dir='ltr'>οἱ</span> <span class='ocrx_word' id='word_1_329' title='bbox 1492 2257 1661 2310; x_wconf 69' lang='grc' dir='ltr'>ἀποστ</span> 
     </span>
    </p>
   </div>
   <div class='ocr_carea' id='block_1_43' title="bbox 1553 2256 3081 2329">
    <p class='ocr_par' dir='ltr' id='par_1_43' title="bbox 1553 2257 3081 2328">
     <span class='ocr_line' id='line_1_43' title="bbox 1553 2257 3081 2328; baseline 0.003 -19"><span class='ocrx_word' id='word_1_330' title='bbox 1553 2257 1720 2309; x_wconf 72' lang='grc' dir='ltr'>τόστο-</span> <span class='ocrx_word' id='word_1_331' title='bbox 1822 2259 2039 2324; x_wconf 81' lang='lat' dir='ltr'><strong>lendus,</strong></span> <span class='ocrx_word' id='word_1_332' title='bbox 2064 2268 2126 2314; x_wconf 89' lang='lat' dir='ltr'><strong>ut</strong></span> <span class='ocrx_word' id='word_1_333' title='bbox 2153 2257 2414 2328; x_wconf 82' lang='lat' dir='ltr'><strong>deinceps</strong></span> <span class='ocrx_word' id='word_1_334' title='bbox 2442 2258 2576 2314; x_wconf 87' lang='lat' dir='ltr'><strong>Acta</strong></span> <span class='ocrx_word' id='word_1_335' title='bbox 2604 2269 2882 2325; x_wconf 86' lang='lat' dir='ltr'><strong>enarrant,</strong></span> <span class='ocrx_word' id='word_1_336' title='bbox 2922 2259 3081 2314; x_wconf 91' lang='lat' dir='ltr'><strong>anni-</strong></span> 
     </span>
    </p>
   </div>
   <div class='ocr_carea' id='block_1_44' title="bbox 133 2347 1661 2422">
    <p class='ocr_par' dir='ltr' id='par_1_44' title="bbox 133 2348 1661 2422">
     <span class='ocr_line' id='line_1_44' title="bbox 133 2348 1661 2422; baseline -0.001 -20"><span class='ocrx_word' id='word_1_337' title='bbox 133 2349 206 2402; x_wconf 81' lang='grc' dir='ltr'><strong>λοι</strong></span> <span class='ocrx_word' id='word_1_338' title='bbox 257 2353 338 2413; x_wconf 83' lang='grc' dir='ltr'><strong>είς</strong></span> <span class='ocrx_word' id='word_1_339' title='bbox 373 2349 706 2420; x_wconf 80' lang='grc' dir='ltr'>Ἀντιόχειαν</span> <span class='ocrx_word' id='word_1_340' title='bbox 752 2351 852 2422; x_wconf 82' lang='grc' dir='ltr'>τῆς</span> <span class='ocrx_word' id='word_1_341' title='bbox 906 2351 1130 2422; x_wconf 85' lang='grc' dir='ltr'>Συρίας,</span> <span class='ocrx_word' id='word_1_342' title='bbox 1184 2348 1564 2420; x_wconf 81' lang='grc' dir='ltr'>θεμελιοῦντες</span> <span class='ocrx_word' id='word_1_343' title='bbox 1617 2348 1661 2400; x_wconf 63' lang='grc' dir='ltr'><strong>τέ</strong></span> 
     </span>
    </p>
   </div>
   <div class='ocr_carea' id='block_1_45' title="bbox 1551 2347 3079 2422">
    <p class='ocr_par' dir='ltr' id='par_1_45' title="bbox 1551 2347 3079 2422">
     <span class='ocr_line' id='line_1_45' title="bbox 1551 2347 3079 2422; baseline 0 -18"><span class='ocrx_word' id='word_1_344' title='bbox 1551 2365 1564 2412; x_wconf 86' lang='lat'><strong><em>;</em></strong></span> <span class='ocrx_word' id='word_1_345' title='bbox 1617 2347 1717 2418; x_wconf 80' lang='grc' dir='ltr'>τὴν</span> <span class='ocrx_word' id='word_1_346' title='bbox 1820 2351 2181 2421; x_wconf 61' lang='lat' dir='ltr'><strong>que-imperii</strong></span> <span class='ocrx_word' id='word_1_347' title='bbox 2236 2350 2492 2422; x_wconf 84' lang='lat' dir='ltr'><strong>(Claudii)</strong></span> <span class='ocrx_word' id='word_1_348' title='bbox 2534 2367 2750 2406; x_wconf 86' lang='lat' dir='ltr'><strong>rursum</strong></span> <span class='ocrx_word' id='word_1_349' title='bbox 2801 2353 3079 2407; x_wconf 80' lang='lat' dir='ltr'><strong>evincunt.</strong></span> 
     </span>
    </p>
   </div>
   <div class='ocr_carea' id='block_1_46' title="bbox 131 2440 1659 2513">
    <p class='ocr_par' dir='ltr' id='par_1_46' title="bbox 131 2440 1659 2512">
     <span class='ocr_line' id='line_1_46' title="bbox 131 2440 1659 2512; baseline -0.001 -19"><span class='ocrx_word' id='word_1_350' title='bbox 131 2441 306 2493; x_wconf 78' lang='grc' dir='ltr'>αὐτῶν</span> <span class='ocrx_word' id='word_1_351' title='bbox 334 2441 688 2511; x_wconf 72' lang='grc' dir='ltr'>Ἐκκλησίαν,</span> <span class='ocrx_word' id='word_1_352' title='bbox 725 2443 816 2495; x_wconf 79' lang='grc' dir='ltr'>καὶ</span> <span class='ocrx_word' id='word_1_353' title='bbox 845 2441 1155 2496; x_wconf 82' lang='grc' dir='ltr'>διακονοῦσι</span> <span class='ocrx_word' id='word_1_354' title='bbox 1189 2441 1287 2512; x_wconf 81' lang='grc' dir='ltr'>τὴν</span> <span class='ocrx_word' id='word_1_355' title='bbox 1319 2440 1610 2510; x_wconf 75' lang='grc' dir='ltr'>ἐπιστολὴν</span> <span class='ocrx_word' id='word_1_356' title='bbox 1637 2457 1659 2492; x_wconf 88' lang='grc' dir='ltr'><strong>ε</strong></span> 
     </span>
    </p>
   </div>
   <div class='ocr_carea' id='block_1_47' title="bbox 1552 2440 3080 2513">
    <p class='ocr_par' dir='ltr' id='par_1_47' title="bbox 1552 2440 3080 2513">
     <span class='ocr_line' id='line_1_47' title="bbox 1552 2440 3080 2513; baseline 0.003 -22"><span class='ocrx_word' id='word_1_357' title='bbox 1552 2441 1610 2510; x_wconf 73' lang='grc' dir='ltr'>ὴν</span> <span class='ocrx_word' id='word_1_358' title='bbox 1637 2440 1720 2503; x_wconf 74' lang='grc' dir='ltr'>εἰς</span> <span class='ocrx_word' id='word_1_359' title='bbox 1821 2442 2015 2497; x_wconf 74' lang='lat' dir='ltr'><strong>Postea</strong></span> <span class='ocrx_word' id='word_1_360' title='bbox 2045 2441 2274 2497; x_wconf 87' lang='lat' dir='ltr'><strong>veniens</strong></span> <span class='ocrx_word' id='word_1_361' title='bbox 2304 2441 2673 2513; x_wconf 82' lang='lat' dir='ltr'><strong>Hierosolyma</strong></span> <span class='ocrx_word' id='word_1_362' title='bbox 2712 2457 2836 2497; x_wconf 89' lang='lat' dir='ltr'><strong>cum</strong></span> <span class='ocrx_word' id='word_1_363' title='bbox 2877 2441 3080 2496; x_wconf 88' lang='lat' dir='ltr'><strong>Barna-</strong></span> 
     </span>
    </p>
   </div>
   <div class='ocr_carea' id='block_1_48' title="bbox 143 2523 1671 2605">
    <p class='ocr_par' dir='ltr' id='par_1_48' title="bbox 143 2523 1671 2605">
     <span class='ocr_line' id='line_1_48' title="bbox 143 2523 1671 2605; baseline -0.001 -21"><span class='ocrx_word' id='word_1_364' title='bbox 143 2533 473 2604; x_wconf 69' lang='grc' dir='ltr'>Ἀπιόχειαν</span> <span class='ocrx_word' id='word_1_365' title='bbox 504 2534 668 2597; x_wconf 72' lang='grc' dir='ltr'>αὐτὸς</span> <span class='ocrx_word' id='word_1_366' title='bbox 700 2534 910 2597; x_wconf 82' lang='grc' dir='ltr'>Παῦλος</span> <span class='ocrx_word' id='word_1_367' title='bbox 941 2535 1036 2587; x_wconf 77' lang='grc' dir='ltr'><strong>καὶ</strong></span> <span class='ocrx_word' id='word_1_368' title='bbox 1065 2532 1371 2605; x_wconf 80' lang='grc' dir='ltr'>Βαρνάϐας,</span> <span class='ocrx_word' id='word_1_369' title='bbox 1402 2531 1478 2596; x_wconf 86' lang='grc' dir='ltr'>ὡς</span> <span class='ocrx_word' id='word_1_370' title='bbox 1523 2523 1671 2599; x_wconf 70' lang='grc' dir='ltr'>δηλοῖ</span> 
     </span>
    </p>
   </div>
   <div class='ocr_carea' id='block_1_49' title="bbox 1555 2523 3083 2605">
    <p class='ocr_par' dir='ltr' id='par_1_49' title="bbox 1556 2523 3083 2604">
     <span class='ocr_line' id='line_1_49' title="bbox 1556 2523 3083 2604; baseline 0.003 -21"><span class='ocrx_word' id='word_1_371' title='bbox 1556 2523 1718 2599; x_wconf 79' lang='grc' dir='ltr'><strong>ηλοῦ-</strong></span> <span class='ocrx_word' id='word_1_372' title='bbox 1823 2534 1912 2598; x_wconf 87' lang='lat' dir='ltr'><strong>ba,</strong></span> <span class='ocrx_word' id='word_1_373' title='bbox 1939 2534 2122 2604; x_wconf 87' lang='lat' dir='ltr'><strong>ibique</strong></span> <span class='ocrx_word' id='word_1_374' title='bbox 2148 2534 2368 2590; x_wconf 85' lang='lat' dir='ltr'><strong>invento</strong></span> <span class='ocrx_word' id='word_1_375' title='bbox 2394 2533 2573 2600; x_wconf 84' lang='lat' dir='ltr'><strong>Petro,</strong></span> <span class='ocrx_word' id='word_1_376' title='bbox 2595 2533 2916 2603; x_wconf 68' lang='lat' dir='ltr'><strong>ueterisque</strong></span> <span class='ocrx_word' id='word_1_377' title='bbox 2933 2545 3083 2603; x_wconf 87' lang='lat' dir='ltr'><strong>apos-</strong></span> 
     </span>
    </p>
   </div>
   <div class='ocr_carea' id='block_1_50' title="bbox 135 2618 1663 2696">
    <p class='ocr_par' dir='ltr' id='par_1_50' title="bbox 135 2618 1663 2696">
     <span class='ocr_line' id='line_1_50' title="bbox 135 2618 1663 2696; baseline -0.001 -19"><span class='ocrx_word' id='word_1_378' title='bbox 135 2641 212 2677; x_wconf 82' lang='grc' dir='ltr'><strong>σιν</strong></span> <span class='ocrx_word' id='word_1_379' title='bbox 239 2627 296 2677; x_wconf 76' lang='grc' dir='ltr'>αἱ</span> <span class='ocrx_word' id='word_1_380' title='bbox 326 2625 683 2696; x_wconf 71' lang='grc' dir='ltr'>Πράξεις.Ἐκ</span> <span class='ocrx_word' id='word_1_381' title='bbox 705 2627 896 2680; x_wconf 76' lang='grc' dir='ltr'>τούτου</span> <span class='ocrx_word' id='word_1_382' title='bbox 924 2618 1201 2680; x_wconf 69' lang='grc' dir='ltr'>δείκνυται</span> <span class='ocrx_word' id='word_1_383' title='bbox 1228 2625 1310 2679; x_wconf 81' lang='grc' dir='ltr'>ὅτι</span> <span class='ocrx_word' id='word_1_384' title='bbox 1331 2623 1424 2676; x_wconf 75' lang='grc' dir='ltr'><strong>καὶ</strong></span> <span class='ocrx_word' id='word_1_385' title='bbox 1447 2623 1545 2686; x_wconf 76' lang='grc' dir='ltr'><strong>τὰς</strong></span> <span class='ocrx_word' id='word_1_386' title='bbox 1585 2628 1663 2676; x_wconf 80' lang='grc' dir='ltr'>και</span> 
     </span>
    </p>
   </div>
   <div class='ocr_carea' id='block_1_51' title="bbox 1559 2618 3087 2696">
    <p class='ocr_par' dir='ltr' id='par_1_51' title="bbox 1585 2623 3087 2694">
     <span class='ocr_line' id='line_1_51' title="bbox 1585 2623 3087 2694; baseline 0.002 -18"><span class='ocrx_word' id='word_1_387' title='bbox 1585 2623 1720 2677; x_wconf 82' lang='grc' dir='ltr'><strong>καθ·</strong></span> <span class='ocrx_word' id='word_1_388' title='bbox 1826 2626 1966 2692; x_wconf 89' lang='lat' dir='ltr'><strong>tolis,</strong></span> <span class='ocrx_word' id='word_1_389' title='bbox 2016 2640 2140 2680; x_wconf 92' lang='lat' dir='ltr'><strong>eum</strong></span> <span class='ocrx_word' id='word_1_390' title='bbox 2189 2623 2394 2680; x_wconf 80' lang='lat' dir='ltr'><strong>Jacobo</strong></span> <span class='ocrx_word' id='word_1_391' title='bbox 2426 2625 2591 2680; x_wconf 78' lang='lat' dir='ltr'><strong>fratre</strong></span> <span class='ocrx_word' id='word_1_392' title='bbox 2619 2624 2856 2689; x_wconf 87' lang='lat' dir='ltr'><strong>Domini,</strong></span> <span class='ocrx_word' id='word_1_393' title='bbox 2884 2623 3087 2694; x_wconf 85' lang='lat' dir='ltr'><strong>episto-</strong></span> 
     </span>
    </p>
   </div>
   <div class='ocr_carea' id='block_1_52' title="bbox 131 2714 1659 2790">
    <p class='ocr_par' dir='ltr' id='par_1_52' title="bbox 131 2715 1659 2790">
     <span class='ocr_line' id='line_1_52' title="bbox 131 2715 1659 2790; baseline -0.003 -20"><span class='ocrx_word' id='word_1_394' title='bbox 131 2718 314 2783; x_wconf 71' lang='lat' dir='ltr'><strong>c‘szx&#39;ag</strong></span> <span class='ocrx_word' id='word_1_395' title='bbox 347 2721 525 2772; x_wconf 77' lang='grc' dir='ltr'>αὐτῶν</span> <span class='ocrx_word' id='word_1_396' title='bbox 560 2721 611 2772; x_wconf 80' lang='lat' dir='ltr'><strong>oi</strong></span> <span class='ocrx_word' id='word_1_397' title='bbox 635 2719 925 2774; x_wconf 76' lang='grc' dir='ltr'>ἀποστόλοι</span> <span class='ocrx_word' id='word_1_398' title='bbox 955 2720 1078 2772; x_wconf 84' lang='grc' dir='ltr'>τότε</span> <span class='ocrx_word' id='word_1_399' title='bbox 1107 2718 1413 2790; x_wconf 76' lang='grc' dir='ltr'>γράφουσιν</span> <span class='ocrx_word' id='word_1_400' title='bbox 1463 2715 1569 2785; x_wconf 84' lang='grc' dir='ltr'>πρὸ</span> <span class='ocrx_word' id='word_1_401' title='bbox 1621 2719 1659 2766; x_wconf 67' lang='grc' dir='ltr'>τέ</span> 
     </span>
    </p>
   </div>
   <div class='ocr_carea' id='block_1_53' title="bbox 1552 2714 3080 2790">
    <p class='ocr_par' dir='ltr' id='par_1_53' title="bbox 1552 2714 3080 2786">
     <span class='ocr_line' id='line_1_53' title="bbox 1552 2714 3080 2786; baseline 0.002 -20"><span class='ocrx_word' id='word_1_402' title='bbox 1552 2717 1569 2767; x_wconf 71' lang='lat'><strong>5</strong></span> <span class='ocrx_word' id='word_1_403' title='bbox 1621 2716 1720 2783; x_wconf 80' lang='grc' dir='ltr'>τῆς</span> <span class='ocrx_word' id='word_1_404' title='bbox 1825 2716 1930 2769; x_wconf 83' lang='lat' dir='ltr'><strong>iam</strong></span> <span class='ocrx_word' id='word_1_405' title='bbox 1963 2715 2212 2770; x_wconf 87' lang='lat' dir='ltr'><strong>scribunt</strong></span> <span class='ocrx_word' id='word_1_406' title='bbox 2235 2715 2462 2786; x_wconf 85' lang='lat' dir='ltr'><strong>apostoli</strong></span> <span class='ocrx_word' id='word_1_407' title='bbox 2507 2715 2854 2771; x_wconf 83' lang='lat' dir='ltr'><strong>Antiochiam</strong></span> <span class='ocrx_word' id='word_1_408' title='bbox 2892 2714 3080 2786; x_wconf 59' lang='lat' dir='ltr'><strong>Syria‘,</strong></span> 
     </span>
    </p>
   </div>
   <div class='ocr_carea' id='block_1_54' title="bbox 132 2802 1660 2881">
    <p class='ocr_par' dir='ltr' id='par_1_54' title="bbox 132 2803 1660 2881">
     <span class='ocr_line' id='line_1_54' title="bbox 132 2803 1660 2881; baseline -0.002 -20"><span class='ocrx_word' id='word_1_409' title='bbox 132 2808 424 2880; x_wconf 76' lang='grc' dir='ltr'>διασπορᾶς</span> <span class='ocrx_word' id='word_1_410' title='bbox 454 2809 658 2874; x_wconf 74' lang='grc' dir='ltr'>αὐτῶν,</span> <span class='ocrx_word' id='word_1_411' title='bbox 689 2813 738 2864; x_wconf 82' lang='grc' dir='ltr'>εἰ</span> <span class='ocrx_word' id='word_1_412' title='bbox 764 2810 860 2864; x_wconf 72' lang='grc' dir='ltr'><strong>καὶ</strong></span> <span class='ocrx_word' id='word_1_413' title='bbox 900 2810 1111 2881; x_wconf 84' lang='grc' dir='ltr'>Πέτρος</span> <span class='ocrx_word' id='word_1_414' title='bbox 1155 2809 1313 2880; x_wconf 83' lang='grc' dir='ltr'>μόνος</span> <span class='ocrx_word' id='word_1_415' title='bbox 1351 2806 1461 2861; x_wconf 77' lang='grc' dir='ltr'><strong>ἀπὸ</strong></span> <span class='ocrx_word' id='word_1_416' title='bbox 1502 2803 1660 2876; x_wconf 82' lang='grc' dir='ltr'><strong>Ῥώμ·</strong></span> 
     </span>
    </p>
   </div>
   <div class='ocr_carea' id='block_1_55' title="bbox 1556 2802 3084 2881">
    <p class='ocr_par' dir='ltr' id='par_1_55' title="bbox 1556 2802 3084 2877">
     <span class='ocr_line' id='line_1_55' title="bbox 1556 2802 3084 2877; baseline 0.001 -19"><span class='ocrx_word' id='word_1_417' title='bbox 1556 2803 1723 2876; x_wconf 84' lang='grc' dir='ltr'>’ὠμης</span> <span class='ocrx_word' id='word_1_418' title='bbox 1827 2815 1886 2859; x_wconf 84' lang='lat' dir='ltr'><strong>ut</strong></span> <span class='ocrx_word' id='word_1_419' title='bbox 1935 2802 2189 2860; x_wconf 78' lang='lat' dir='ltr'><strong>Ecclesiae</strong></span> <span class='ocrx_word' id='word_1_420' title='bbox 2245 2819 2358 2861; x_wconf 66' lang='lat' dir='ltr'><strong>suae</strong></span> <span class='ocrx_word' id='word_1_421' title='bbox 2413 2805 2764 2860; x_wconf 81' lang='lat' dir='ltr'><strong>fundamenta</strong></span> <span class='ocrx_word' id='word_1_422' title='bbox 2817 2805 3084 2877; x_wconf 73' lang='lat' dir='ltr'><strong>iacerent,</strong></span> 
     </span>
    </p>
   </div>
   <div class='ocr_carea' id='block_1_56' title="bbox 132 2896 1660 2974">
    <p class='ocr_par' dir='ltr' id='par_1_56' title="bbox 132 2896 1660 2974">
     <span class='ocr_line' id='line_1_56' title="bbox 132 2896 1660 2974; baseline -0.004 -18"><span class='ocrx_word' id='word_1_423' title='bbox 132 2903 352 2972; x_wconf 60' lang='grc' dir='ltr'>γράφει,</span> <span class='ocrx_word' id='word_1_424' title='bbox 396 2903 472 2966; x_wconf 78' lang='grc' dir='ltr'>ὣς</span> <span class='ocrx_word' id='word_1_425' title='bbox 519 2921 666 2968; x_wconf 85' lang='grc' dir='ltr'>τινες</span> <span class='ocrx_word' id='word_1_426' title='bbox 721 2902 1048 2974; x_wconf 77' lang='grc' dir='ltr'>ἱστοροῦσιν,</span> <span class='ocrx_word' id='word_1_427' title='bbox 1092 2901 1230 2955; x_wconf 79' lang='grc' dir='ltr'>ἀλλὰ</span> <span class='ocrx_word' id='word_1_428' title='bbox 1291 2899 1387 2952; x_wconf 70' lang='grc' dir='ltr'><strong>καὶ</strong></span> <span class='ocrx_word' id='word_1_429' title='bbox 1440 2896 1660 2953; x_wconf 83' lang='grc' dir='ltr'>Ματθαῖ</span> 
     </span>
    </p>
   </div>
   <div class='ocr_carea' id='block_1_57' title="bbox 1557 2896 3085 2974">
    <p class='ocr_par' dir='ltr' id='par_1_57' title="bbox 1557 2896 3085 2969">
     <span class='ocr_line' id='line_1_57' title="bbox 1557 2896 3085 2969; baseline 0.001 -19"><span class='ocrx_word' id='word_1_430' title='bbox 1557 2896 1721 2959; x_wconf 78' lang='grc' dir='ltr'>τθαῖος</span> <span class='ocrx_word' id='word_1_431' title='bbox 1825 2913 1988 2966; x_wconf 90' lang='lat' dir='ltr'><strong>quam</strong></span> <span class='ocrx_word' id='word_1_432' title='bbox 2035 2896 2237 2954; x_wconf 85' lang='lat' dir='ltr'><strong>Paulus</strong></span> <span class='ocrx_word' id='word_1_433' title='bbox 2283 2898 2398 2969; x_wconf 89' lang='lat' dir='ltr'><strong>ipse</strong></span> <span class='ocrx_word' id='word_1_434' title='bbox 2454 2906 2512 2953; x_wconf 89' lang='lat' dir='ltr'><strong>et</strong></span> <span class='ocrx_word' id='word_1_435' title='bbox 2559 2898 2834 2953; x_wconf 86' lang='lat' dir='ltr'><strong>Barnabas</strong></span> <span class='ocrx_word' id='word_1_436' title='bbox 2891 2899 3085 2953; x_wconf 81' lang='lat' dir='ltr'><strong>Antio-</strong></span> 
     </span>
    </p>
   </div>
   <div class='ocr_carea' id='block_1_58' title="bbox 135 2988 1663 3068">
    <p class='ocr_par' dir='ltr' id='par_1_58' title="bbox 135 2990 1658 3068">
     <span class='ocr_line' id='line_1_58' title="bbox 135 2990 1658 3068; baseline -0.001 -22"><span class='ocrx_word' id='word_1_437' title='bbox 135 2995 344 3066; x_wconf 61' lang='lat' dir='ltr'><strong>npénog</strong></span> <span class='ocrx_word' id='word_1_438' title='bbox 377 2998 496 3049; x_wconf 79' lang='grc' dir='ltr'>ἐκεῖ</span> <span class='ocrx_word' id='word_1_439' title='bbox 524 2998 606 3059; x_wconf 82' lang='grc' dir='ltr'><strong>είς</strong></span> <span class='ocrx_word' id='word_1_440' title='bbox 635 2995 704 3050; x_wconf 76' lang='grc' dir='ltr'>τὰ</span> <span class='ocrx_word' id='word_1_441' title='bbox 723 2998 738 3027; x_wconf 89' lang='grc'>¹</span> <span class='ocrx_word' id='word_1_442' title='bbox 777 2993 1126 3068; x_wconf 83' lang='grc' dir='ltr'>Ἰεροσόλυμα</span> <span class='ocrx_word' id='word_1_443' title='bbox 1156 2993 1357 3065; x_wconf 73' lang='grc' dir='ltr'>γράφει</span> <span class='ocrx_word' id='word_1_444' title='bbox 1378 2991 1440 3044; x_wconf 87' lang='grc' dir='ltr'>τδ</span> <span class='ocrx_word' id='word_1_445' title='bbox 1471 2990 1658 3060; x_wconf 81' lang='grc' dir='ltr'>Εὐαγγ</span> 
     </span>
    </p>
   </div>
   <div class='ocr_carea' id='block_1_59' title="bbox 1561 2988 3089 3068">
    <p class='ocr_par' dir='ltr' id='par_1_59' title="bbox 1561 2988 3089 3060">
     <span class='ocr_line' id='line_1_59' title="bbox 1561 2988 3089 3060; baseline 0.001 -16"><span class='ocrx_word' id='word_1_446' title='bbox 1561 2989 1722 3060; x_wconf 77' lang='grc' dir='ltr'>ιγγέο</span> <span class='ocrx_word' id='word_1_447' title='bbox 1828 2988 2006 3044; x_wconf 88' lang='lat' dir='ltr'><strong>chiam</strong></span> <span class='ocrx_word' id='word_1_448' title='bbox 2036 2988 2310 3054; x_wconf 78' lang='lat' dir='ltr'><strong>deferunt,</strong></span> <span class='ocrx_word' id='word_1_449' title='bbox 2352 2997 2412 3044; x_wconf 89' lang='lat' dir='ltr'><strong>ut</strong></span> <span class='ocrx_word' id='word_1_450' title='bbox 2456 2990 2660 3044; x_wconf 86' lang='lat' dir='ltr'><strong>habent</strong></span> <span class='ocrx_word' id='word_1_451' title='bbox 2687 2992 2842 3044; x_wconf 83' lang='lat' dir='ltr'><strong>Acta.</strong></span> <span class='ocrx_word' id='word_1_452' title='bbox 2875 2989 2954 3044; x_wconf 80' lang='lat' dir='ltr'><strong>Ex</strong></span> <span class='ocrx_word' id='word_1_453' title='bbox 2984 2990 3089 3045; x_wconf 90' lang='lat' dir='ltr'><strong>hoc</strong></span> 
     </span>
    </p>
   </div>
   <div class='ocr_carea' id='block_1_60' title="bbox 135 3080 1663 3162">
    <p class='ocr_par' dir='ltr' id='par_1_60' title="bbox 135 3081 1658 3162">
     <span class='ocr_line' id='line_1_60' title="bbox 135 3081 1658 3162; baseline -0.002 -24"><span class='ocrx_word' id='word_1_454' title='bbox 135 3087 258 3151; x_wconf 77' lang='grc' dir='ltr'>λιον,</span> <span class='ocrx_word' id='word_1_455' title='bbox 289 3089 367 3151; x_wconf 85' lang='grc' dir='ltr'>ὼς</span> <span class='ocrx_word' id='word_1_456' title='bbox 395 3089 550 3158; x_wconf 84' lang='grc' dir='ltr'>λέγει</span> <span class='ocrx_word' id='word_1_457' title='bbox 580 3089 609 3142; x_wconf 82' lang='grc' dir='ltr'>ὁ</span> <span class='ocrx_word' id='word_1_458' title='bbox 635 3086 1138 3162; x_wconf 71' lang='grc' dir='ltr'>Χρυσὸστομοςῌ).</span> <span class='ocrx_word' id='word_1_459' title='bbox 1170 3081 1339 3155; x_wconf 74' lang='grc' dir='ltr'>Οἶμαι</span> <span class='ocrx_word' id='word_1_460' title='bbox 1363 3082 1482 3136; x_wconf 79' lang='grc' dir='ltr'><strong>δὲ’.</strong></span> <span class='ocrx_word' id='word_1_461' title='bbox 1528 3121 1542 3135; x_wconf 94' lang='grc'><strong>.</strong></span> <span class='ocrx_word' id='word_1_462' title='bbox 1585 3121 1600 3136; x_wconf 92' lang='grc'><strong>.</strong></span> <span class='ocrx_word' id='word_1_463' title='bbox 1645 3122 1658 3135; x_wconf 96' lang='grc'><strong>.</strong></span> 
     </span>
    </p>
   </div>
   <div class='ocr_carea' id='block_1_61' title="bbox 1562 3080 3090 3162">
    <p class='ocr_par' dir='ltr' id='par_1_61' title="bbox 1585 3080 3090 3152">
     <span class='ocr_line' id='line_1_61' title="bbox 1585 3080 3090 3152; baseline -0.001 -16"><span class='ocrx_word' id='word_1_464' title='bbox 1585 3121 1600 3136; x_wconf 92' lang='grc'><strong>.</strong></span> <span class='ocrx_word' id='word_1_465' title='bbox 1645 3122 1658 3135; x_wconf 96' lang='grc'><strong>.</strong></span> <span class='ocrx_word' id='word_1_466' title='bbox 1705 3122 1722 3148; x_wconf 92' lang='grc'><strong>,</strong></span> <span class='ocrx_word' id='word_1_467' title='bbox 1827 3080 1988 3150; x_wconf 88' lang='lat' dir='ltr'><strong>plane</strong></span> <span class='ocrx_word' id='word_1_468' title='bbox 2021 3080 2294 3152; x_wconf 73' lang='lat' dir='ltr'><strong>colligitur</strong></span> <span class='ocrx_word' id='word_1_469' title='bbox 2323 3081 2600 3151; x_wconf 85' lang='lat' dir='ltr'><strong>apostolos</strong></span> <span class='ocrx_word' id='word_1_470' title='bbox 2635 3081 2928 3136; x_wconf 83' lang='lat' dir='ltr'><strong>catholicas</strong></span> <span class='ocrx_word' id='word_1_471' title='bbox 2962 3095 3090 3136; x_wconf 85' lang='lat' dir='ltr'><strong>suas</strong></span> 
     </span>
    </p>
   </div>
   <div class='ocr_carea' id='block_1_62' title="bbox 135 3171 3090 3251">
    <p class='ocr_par' dir='ltr' id='par_1_62' title="bbox 135 3171 3090 3251">
     <span class='ocr_line' id='line_1_62' title="bbox 135 3171 3090 3251; baseline -0.002 -20"><span class='ocrx_word' id='word_1_472' title='bbox 135 3179 386 3248; x_wconf 72' lang='lat' dir='ltr'><strong>epistolas</strong></span> <span class='ocrx_word' id='word_1_473' title='bbox 417 3180 730 3251; x_wconf 85' lang='lat' dir='ltr'><strong>scripsisse,</strong></span> <span class='ocrx_word' id='word_1_474' title='bbox 757 3188 1053 3251; x_wconf 84' lang='lat' dir='ltr'><strong>antequam</strong></span> <span class='ocrx_word' id='word_1_475' title='bbox 1091 3177 1130 3233; x_wconf 90' lang='lat' dir='ltr'><strong>ii</strong></span> <span class='ocrx_word' id='word_1_476' title='bbox 1179 3176 1643 3247; x_wconf 75' lang='lat' dir='ltr'><strong>dispergerentur,</strong></span> <span class='ocrx_word' id='word_1_477' title='bbox 1682 3171 2032 3243; x_wconf 80' lang='lat' dir='ltr'><strong>quantumvis</strong></span> <span class='ocrx_word' id='word_1_478' title='bbox 2080 3173 2293 3238; x_wconf 90' lang='lat' dir='ltr'><strong>Petrus,</strong></span> <span class='ocrx_word' id='word_1_479' title='bbox 2339 3181 2398 3226; x_wconf 94' lang='lat' dir='ltr'><strong>ut</strong></span> <span class='ocrx_word' id='word_1_480' title='bbox 2437 3171 2656 3242; x_wconf 87' lang='lat' dir='ltr'><strong>quidam</strong></span> <span class='ocrx_word' id='word_1_481' title='bbox 2690 3172 2896 3238; x_wconf 86' lang='lat' dir='ltr'><strong>volunt,</strong></span> <span class='ocrx_word' id='word_1_482' title='bbox 2940 3173 3090 3227; x_wconf 89' lang='lat' dir='ltr'><strong>solus</strong></span> 
     </span>
    </p>
   </div>
   <div class='ocr_carea' id='block_1_63' title="bbox 138 3263 3089 3344">
    <p class='ocr_par' dir='ltr' id='par_1_63' title="bbox 138 3263 3089 3344">
     <span class='ocr_line' id='line_1_63' title="bbox 138 3263 3089 3344; baseline -0.002 -22"><span class='ocrx_word' id='word_1_483' title='bbox 138 3272 243 3339; x_wconf 83' lang='lat' dir='ltr'><strong>ipse</strong></span> <span class='ocrx_word' id='word_1_484' title='bbox 277 3273 450 3328; x_wconf 80' lang='lat' dir='ltr'><strong>Roma</strong></span> <span class='ocrx_word' id='word_1_485' title='bbox 491 3273 790 3344; x_wconf 85' lang='lat' dir='ltr'><strong>scripserit.</strong></span> <span class='ocrx_word' id='word_1_486' title='bbox 816 3271 961 3338; x_wconf 87' lang='lat' dir='ltr'><strong>Quin</strong></span> <span class='ocrx_word' id='word_1_487' title='bbox 997 3280 1053 3327; x_wconf 88' lang='lat' dir='ltr'><strong>et</strong></span> <span class='ocrx_word' id='word_1_488' title='bbox 1082 3270 1370 3326; x_wconf 61' lang='lat' dir='ltr'><strong>Mattheus</strong></span> <span class='ocrx_word' id='word_1_489' title='bbox 1409 3266 1620 3339; x_wconf 84' lang='lat' dir='ltr'><strong>primus</strong></span> <span class='ocrx_word' id='word_1_490' title='bbox 1645 3265 1721 3322; x_wconf 86' lang='lat' dir='ltr'><strong>ibi</strong></span> <span class='ocrx_word' id='word_1_491' title='bbox 1757 3263 2166 3338; x_wconf 82' lang='lat' dir='ltr'><strong>Hierosolymis,</strong></span> <span class='ocrx_word' id='word_1_492' title='bbox 2203 3273 2263 3318; x_wconf 90' lang='lat' dir='ltr'><strong>ut</strong></span> <span class='ocrx_word' id='word_1_493' title='bbox 2298 3264 2374 3318; x_wconf 92' lang='lat' dir='ltr'><strong>ait</strong></span> <span class='ocrx_word' id='word_1_494' title='bbox 2419 3265 2871 3335; x_wconf 86' lang='lat' dir='ltr'><strong>Chrysostomus,</strong></span> <span class='ocrx_word' id='word_1_495' title='bbox 2907 3264 3089 3318; x_wconf 77' lang='lat' dir='ltr'><strong>Evan-</strong></span> 
     </span>
    </p>
   </div>
   <div class='ocr_carea' id='block_1_64' title="bbox 139 3363 1250 3435">
    <p class='ocr_par' dir='ltr' id='par_1_64' title="bbox 139 3363 1250 3435">
     <span class='ocr_line' id='line_1_64' title="bbox 139 3363 1250 3435; baseline -0.001 -18"><span class='ocrx_word' id='word_1_496' title='bbox 139 3365 333 3432; x_wconf 72' lang='lat' dir='ltr'><strong>gelium</strong></span> <span class='ocrx_word' id='word_1_497' title='bbox 389 3365 631 3435; x_wconf 85' lang='lat' dir='ltr'><strong>scripsit.</strong></span> <span class='ocrx_word' id='word_1_498' title='bbox 665 3364 915 3420; x_wconf 74' lang='lat' dir='ltr'><strong>Arbitror</strong></span> <span class='ocrx_word' id='word_1_499' title='bbox 946 3373 1128 3420; x_wconf 88' lang='lat' dir='ltr'><strong>autem</strong></span> <span class='ocrx_word' id='word_1_500' title='bbox 1161 3363 1250 3432; x_wconf 86' lang='lat'><strong>(‘).</strong></span> 
     </span>
    </p>
   </div>
   <div class='ocr_carea' id='block_1_65' title="bbox 141 3507 3403 3587">
    <p class='ocr_par' dir='ltr' id='par_1_65' title="bbox 141 3507 3403 3587">
     <span class='ocr_line' id='line_1_65' title="bbox 141 3507 3403 3587; baseline -0.001 -17"><span class='ocrx_word' id='word_1_501' title='bbox 141 3519 198 3570; x_wconf 73' lang='grc' dir='ltr'>Α.</span> <span class='ocrx_word' id='word_1_502' title='bbox 226 3517 288 3573; x_wconf 87' lang='lat' dir='ltr'><strong>c.</strong></span> <span class='ocrx_word' id='word_1_503' title='bbox 1427 3512 1536 3586; x_wconf 82' lang='grc' dir='ltr'>[οι.</span> <span class='ocrx_word' id='word_1_504' title='bbox 1574 3511 1720 3585; x_wconf 76' lang='grc' dir='ltr'>ινιι.]</span> <span class='ocrx_word' id='word_1_505' title='bbox 1755 3522 1798 3584; x_wconf 73' lang='grc' dir='ltr'><strong>ο</strong></span> <span class='ocrx_word' id='word_1_506' title='bbox 1831 3512 1896 3569; x_wconf 81' lang='grc' dir='ltr'>Α.</span> <span class='ocrx_word' id='word_1_507' title='bbox 1929 3512 1993 3568; x_wconf 89' lang='lat' dir='ltr'><strong>c.</strong></span> <span class='ocrx_word' id='word_1_508' title='bbox 3133 3509 3239 3586; x_wconf 75' lang='grc' dir='ltr'>[οι.</span> <span class='ocrx_word' id='word_1_509' title='bbox 3281 3507 3403 3587; x_wconf 74' lang='grc' dir='ltr'>ιριι.</span> 
     </span>
    </p>
   </div>
   <div class='ocr_carea' id='block_1_66' title="bbox 201 3603 3092 3675">
    <p class='ocr_par' dir='ltr' id='par_1_66' title="bbox 201 3603 3092 3675">
     <span class='ocr_line' id='line_1_66' title="bbox 201 3603 3092 3675; baseline -0.002 -9"><span class='ocrx_word' id='word_1_510' title='bbox 201 3611 286 3666; x_wconf 73' lang='grc' dir='ltr'><strong>Π.</strong></span> <span class='ocrx_word' id='word_1_511' title='bbox 327 3627 422 3664; x_wconf 84' lang='lat' dir='ltr'><strong>vn.</strong></span> <span class='ocrx_word' id='word_1_512' title='bbox 455 3609 573 3664; x_wconf 86' lang='lat' dir='ltr'><strong>ind.</strong></span> <span class='ocrx_word' id='word_1_513' title='bbox 623 3626 698 3664; x_wconf 81' lang='grc' dir='ltr'><strong>ιν.</strong></span> <span class='ocrx_word' id='word_1_514' title='bbox 743 3609 967 3666; x_wconf 81' lang='lat' dir='ltr'><strong>Claudio</strong></span> <span class='ocrx_word' id='word_1_515' title='bbox 1019 3607 1096 3662; x_wconf 84' lang='lat' dir='ltr'><strong>IV</strong></span> <span class='ocrx_word' id='word_1_516' title='bbox 1137 3620 1196 3662; x_wconf 87' lang='lat' dir='ltr'><strong>et-</strong></span> <span class='ocrx_word' id='word_1_517' title='bbox 1245 3606 1402 3661; x_wconf 81' lang='lat' dir='ltr'><strong>Vitel-</strong></span> <span class='ocrx_word' id='word_1_518' title='bbox 1897 3605 2150 3660; x_wconf 79' lang='lat' dir='ltr'><strong>Romanis</strong></span> <span class='ocrx_word' id='word_1_519' title='bbox 2186 3604 2254 3660; x_wconf 84' lang='lat' dir='ltr'><strong>VI</strong></span> <span class='ocrx_word' id='word_1_520' title='bbox 2280 3606 2560 3675; x_wconf 78' lang='lat' dir='ltr'><strong>imperavit</strong></span> <span class='ocrx_word' id='word_1_521' title='bbox 2609 3603 2748 3659; x_wconf 80' lang='lat' dir='ltr'><strong>Nero</strong></span> <span class='ocrx_word' id='word_1_522' title='bbox 2799 3619 2965 3660; x_wconf 88' lang='lat' dir='ltr'><strong>annos</strong></span> <span class='ocrx_word' id='word_1_523' title='bbox 2992 3618 3092 3660; x_wconf 81' lang='lat' dir='ltr'><strong>xm</strong></span> 
     </span>
    </p>
   </div>
   <div class='ocr_carea' id='block_1_67' title="bbox 275 3699 2479 3756">
    <p class='ocr_par' dir='ltr' id='par_1_67' title="bbox 275 3699 2479 3756">
     <span class='ocr_line' id='line_1_67' title="bbox 275 3699 2479 3756; baseline -0.001 -1"><span class='ocrx_word' id='word_1_524' title='bbox 275 3701 345 3755; x_wconf 82' lang='lat' dir='ltr'><strong>tio</strong></span> <span class='ocrx_word' id='word_1_525' title='bbox 366 3699 470 3755; x_wconf 79' lang='lat' dir='ltr'><strong><em>III</em></strong></span> <span class='ocrx_word' id='word_1_526' title='bbox 487 3718 620 3756; x_wconf 80' lang='lat' dir='ltr'><strong>coss.</strong></span> <span class='ocrx_word' id='word_1_527' title='bbox 1480 3699 1534 3754; x_wconf 81' lang='grc'>5.</span> <span class='ocrx_word' id='word_1_528' title='bbox 1829 3715 2026 3752; x_wconf 77' lang='lat' dir='ltr'><strong>menses</strong></span> <span class='ocrx_word' id='word_1_529' title='bbox 2054 3714 2129 3754; x_wconf 90' lang='lat' dir='ltr'><strong>vn</strong></span> <span class='ocrx_word' id='word_1_530' title='bbox 2155 3699 2264 3754; x_wconf 87' lang='lat' dir='ltr'><strong>dies</strong></span> <span class='ocrx_word' id='word_1_531' title='bbox 2290 3715 2479 3756; x_wconf 77' lang='lat' dir='ltr'><strong>uvm.</strong></span> 
     </span>
    </p>
   </div>
   <div class='ocr_carea' id='block_1_68' title="bbox 207 3791 3213 3850">
    <p class='ocr_par' dir='ltr' id='par_1_68' title="bbox 207 3791 3213 3850">
     <span class='ocr_line' id='line_1_68' title="bbox 207 3791 3213 3850; baseline -0.001 -2"><span class='ocrx_word' id='word_1_532' title='bbox 207 3795 292 3848; x_wconf 64' lang='grc'><strong>48.</strong></span> <span class='ocrx_word' id='word_1_533' title='bbox 327 3811 447 3850; x_wconf 84' lang='lat' dir='ltr'><strong>vtu.</strong></span> <span class='ocrx_word' id='word_1_534' title='bbox 493 3793 610 3850; x_wconf 88' lang='lat' dir='ltr'><strong>Ind.</strong></span> <span class='ocrx_word' id='word_1_535' title='bbox 652 3809 704 3848; x_wconf 73' lang='grc' dir='ltr'><strong>ν.</strong></span> <span class='ocrx_word' id='word_1_536' title='bbox 767 3792 973 3848; x_wconf 76' lang='lat' dir='ltr'><strong>Vitellio</strong></span> <span class='ocrx_word' id='word_1_537' title='bbox 1032 3801 1080 3847; x_wconf 87' lang='lat' dir='ltr'><strong>et</strong></span> <span class='ocrx_word' id='word_1_538' title='bbox 1133 3792 1406 3847; x_wconf 80' lang='lat' dir='ltr'><strong>Publicola</strong></span> <span class='ocrx_word' id='word_1_539' title='bbox 1899 3791 1988 3846; x_wconf 85' lang='lat'><strong>55.</strong></span> <span class='ocrx_word' id='word_1_540' title='bbox 2023 3808 2060 3848; x_wconf 90' lang='grc' dir='ltr'><strong>ι.</strong></span> <span class='ocrx_word' id='word_1_541' title='bbox 2097 3791 2215 3846; x_wconf 83' lang='lat' dir='ltr'><strong>Ind.</strong></span> <span class='ocrx_word' id='word_1_542' title='bbox 2251 3808 2347 3846; x_wconf 84' lang='lat' dir='ltr'><strong>xu.</strong></span> <span class='ocrx_word' id='word_1_543' title='bbox 2379 3791 2589 3848; x_wconf 83' lang='lat' dir='ltr'><strong>Nerone</strong></span> <span class='ocrx_word' id='word_1_544' title='bbox 2611 3802 2659 3847; x_wconf 86' lang='lat' dir='ltr'><strong>et</strong></span> <span class='ocrx_word' id='word_1_545' title='bbox 2692 3793 2868 3847; x_wconf 82' lang='lat' dir='ltr'><strong>Vetere</strong></span> <span class='ocrx_word' id='word_1_546' title='bbox 2897 3808 3026 3847; x_wconf 88' lang='lat' dir='ltr'><strong>coss.</strong></span> <span class='ocrx_word' id='word_1_547' title='bbox 3158 3792 3213 3847; x_wconf 83' lang='lat'><strong>5.</strong></span> 
     </span>
    </p>
   </div>
   <div class='ocr_carea' id='block_1_69' title="bbox 273 3881 1801 3952">
    <p class='ocr_par' dir='ltr' id='par_1_69' title="bbox 273 3881 1530 3938">
     <span class='ocr_line' id='line_1_69' title="bbox 273 3881 1530 3938; baseline -0.002 -1"><span class='ocrx_word' id='word_1_548' title='bbox 273 3901 402 3938; x_wconf 85' lang='lat' dir='ltr'><strong>coss.</strong></span> <span class='ocrx_word' id='word_1_549' title='bbox 1477 3881 1530 3936; x_wconf 69' lang='grc'>4.</span> 
     </span>
    </p>
   </div>
   <div class='ocr_carea' id='block_1_70' title="bbox 1564 3881 3092 3952">
    <p class='ocr_par' dir='ltr' id='par_1_70' title="bbox 1902 3882 3092 3952">
     <span class='ocr_line' id='line_1_70' title="bbox 1902 3882 3092 3952; baseline -0.003 -14"><span class='ocrx_word' id='word_1_550' title='bbox 1902 3882 1988 3938; x_wconf 82' lang='grc'><strong>56.</strong></span> <span class='ocrx_word' id='word_1_551' title='bbox 2018 3899 2078 3938; x_wconf 90' lang='grc' dir='ltr'><strong>ιι.</strong></span> <span class='ocrx_word' id='word_1_552' title='bbox 2103 3883 2223 3939; x_wconf 79' lang='lat' dir='ltr'><strong>Ind.</strong></span> <span class='ocrx_word' id='word_1_553' title='bbox 2249 3900 2368 3939; x_wconf 78' lang='lat' dir='ltr'><strong>xm.</strong></span> <span class='ocrx_word' id='word_1_554' title='bbox 2412 3883 2703 3939; x_wconf 76' lang='lat' dir='ltr'><strong>Saturnino</strong></span> <span class='ocrx_word' id='word_1_555' title='bbox 2753 3894 2801 3938; x_wconf 86' lang='lat' dir='ltr'><strong>et</strong></span> <span class='ocrx_word' id='word_1_556' title='bbox 2851 3883 3092 3952; x_wconf 75' lang='lat' dir='ltr'><strong>Scipione</strong></span> 
     </span>
    </p>
   </div>
   <div class='ocr_carea' id='block_1_71' title="bbox 207 3973 3219 4032">
    <p class='ocr_par' dir='ltr' id='par_1_71' title="bbox 207 3973 3219 4032">
     <span class='ocr_line' id='line_1_71' title="bbox 207 3973 3219 4032; baseline -0.003 0"><span class='ocrx_word' id='word_1_557' title='bbox 207 3977 291 4032; x_wconf 69' lang='grc'><strong>49.</strong></span> <span class='ocrx_word' id='word_1_558' title='bbox 321 3993 395 4031; x_wconf 75' lang='grc' dir='ltr'><strong>ιι.</strong></span> <span class='ocrx_word' id='word_1_559' title='bbox 432 3976 549 4032; x_wconf 85' lang='lat' dir='ltr'><strong>Iud.</strong></span> <span class='ocrx_word' id='word_1_560' title='bbox 585 3993 659 4031; x_wconf 83' lang='lat' dir='ltr'><strong>vt.</strong></span> <span class='ocrx_word' id='word_1_561' title='bbox 695 3975 914 4030; x_wconf 86' lang='lat' dir='ltr'><strong>Veriano</strong></span> <span class='ocrx_word' id='word_1_562' title='bbox 943 3986 990 4030; x_wconf 86' lang='lat' dir='ltr'><strong>ct</strong></span> <span class='ocrx_word' id='word_1_563' title='bbox 1022 3973 1176 4029; x_wconf 78' lang='lat' dir='ltr'><strong>Gallo</strong></span> <span class='ocrx_word' id='word_1_564' title='bbox 1205 3991 1336 4030; x_wconf 90' lang='lat' dir='ltr'><strong>coss.</strong></span> <span class='ocrx_word' id='word_1_565' title='bbox 1479 3975 1527 4028; x_wconf 81' lang='grc' dir='ltr'>Ι.</span> <span class='ocrx_word' id='word_1_566' title='bbox 1556 3973 1685 4031; x_wconf 74' lang='grc'>207.</span> <span class='ocrx_word' id='word_1_567' title='bbox 1969 3991 2100 4028; x_wconf 86' lang='lat' dir='ltr'><strong>coss.</strong></span> <span class='ocrx_word' id='word_1_568' title='bbox 3167 3975 3219 4026; x_wconf 76' lang='grc'>4.</span> 
     </span>
    </p>
   </div>
   <div class='ocr_carea' id='block_1_72' title="bbox 671 4061 3094 4135">
    <p class='ocr_par' dir='ltr' id='par_1_72' title="bbox 671 4061 3094 4135">
     <span class='ocr_line' id='line_1_72' title="bbox 671 4061 3094 4135; baseline -0.002 -13"><span class='ocrx_word' id='word_1_569' title='bbox 671 4064 858 4122; x_wconf 77' lang='lat' dir='ltr'><strong>CCVII</strong></span> <span class='ocrx_word' id='word_1_570' title='bbox 899 4065 1188 4135; x_wconf 83' lang='lat' dir='ltr'><strong>Olympias.</strong></span> <span class='ocrx_word' id='word_1_571' title='bbox 1898 4064 1986 4118; x_wconf 88' lang='lat'><strong>57.</strong></span> <span class='ocrx_word' id='word_1_572' title='bbox 2016 4080 2099 4118; x_wconf 90' lang='grc' dir='ltr'>ιιι.</span> <span class='ocrx_word' id='word_1_573' title='bbox 2127 4062 2242 4118; x_wconf 83' lang='lat' dir='ltr'><strong>Ind.</strong></span> <span class='ocrx_word' id='word_1_574' title='bbox 2278 4080 2389 4118; x_wconf 77' lang='lat' dir='ltr'><strong>xw.</strong></span> <span class='ocrx_word' id='word_1_575' title='bbox 2443 4062 2654 4118; x_wconf 83' lang='lat' dir='ltr'><strong>Nerone</strong></span> <span class='ocrx_word' id='word_1_576' title='bbox 2690 4061 2754 4118; x_wconf 82' lang='lat' dir='ltr'><strong><em>ll</em></strong></span> <span class='ocrx_word' id='word_1_577' title='bbox 2801 4073 2850 4117; x_wconf 88' lang='lat' dir='ltr'><strong>ct</strong></span> <span class='ocrx_word' id='word_1_578' title='bbox 2901 4063 3094 4116; x_wconf 78' lang='lat' dir='ltr'><strong>Pisone</strong></span> 
     </span>
    </p>
   </div>
   <div class='ocr_carea' id='block_1_73' title="bbox 209 4154 3370 4212">
    <p class='ocr_par' dir='ltr' id='par_1_73' title="bbox 209 4154 3370 4212">
     <span class='ocr_line' id='line_1_73' title="bbox 209 4154 3370 4212; baseline 0 -1"><span class='ocrx_word' id='word_1_579' title='bbox 209 4155 292 4211; x_wconf 84' lang='lat'><strong>50.</strong></span> <span class='ocrx_word' id='word_1_580' title='bbox 327 4175 380 4211; x_wconf 73' lang='grc' dir='ltr'><strong>ι.</strong></span> <span class='ocrx_word' id='word_1_581' title='bbox 439 4157 555 4212; x_wconf 85' lang='lat' dir='ltr'><strong>Ind.</strong></span> <span class='ocrx_word' id='word_1_582' title='bbox 607 4174 702 4212; x_wconf 85' lang='lat' dir='ltr'><strong>vn.</strong></span> <span class='ocrx_word' id='word_1_583' title='bbox 747 4157 921 4212; x_wconf 80' lang='lat' dir='ltr'><strong>Vetere</strong></span> <span class='ocrx_word' id='word_1_584' title='bbox 975 4167 1024 4211; x_wconf 90' lang='lat' dir='ltr'><strong>et</strong></span> <span class='ocrx_word' id='word_1_585' title='bbox 1083 4156 1410 4212; x_wconf 80' lang='lat' dir='ltr'><strong>Neruiniana</strong></span> <span class='ocrx_word' id='word_1_586' title='bbox 1968 4173 2098 4212; x_wconf 85' lang='lat' dir='ltr'><strong>coss.</strong></span> <span class='ocrx_word' id='word_1_587' title='bbox 3168 4154 3370 4211; x_wconf 74' lang='lat' dir='ltr'><strong>l.209.</strong></span> 
     </span>
    </p>
   </div>
   <div class='ocr_carea' id='block_1_74' title="bbox 278 4264 412 4300">
    <p class='ocr_par' dir='ltr' id='par_1_74' title="bbox 278 4264 412 4300">
     <span class='ocr_line' id='line_1_74' title="bbox 278 4264 412 4300; baseline 0.022 -3"><span class='ocrx_word' id='word_1_588' title='bbox 278 4264 412 4300; x_wconf 64' lang='grc' dir='ltr'>σου.</span> 
     </span>
    </p>
   </div>
   <div class='ocr_carea' id='block_1_75' title="bbox 1485 4246 1518 4282">
    <p class='ocr_par' dir='ltr' id='par_1_75' title="bbox 1485 4246 1518 4282">
     <span class='ocr_line' id='line_1_75' title="bbox 1485 4246 1518 4282; baseline 0 -8"><span class='ocrx_word' id='word_1_589' title='bbox 1485 4246 1518 4282; x_wconf 70' lang='lat' dir='ltr'><strong>q</strong></span> 
     </span>
    </p>
   </div>
   <div class='ocr_carea' id='block_1_76' title="bbox 212 4283 1740 4406">
    <p class='ocr_par' dir='ltr' id='par_1_76' title="bbox 212 4283 1534 4406">
     <span class='ocr_line' id='line_1_76' title="bbox 212 4283 1534 4406; baseline 0.002 -18"><span class='ocrx_word' id='word_1_590' title='bbox 212 4283 412 4392; x_wconf 51' lang='lat' dir='ltr'><strong>5|.v;i..</strong></span> <span class='ocrx_word' id='word_1_591' title='bbox 441 4336 558 4390; x_wconf 92' lang='lat' dir='ltr'><strong>lnd.</strong></span> <span class='ocrx_word' id='word_1_592' title='bbox 594 4353 712 4391; x_wconf 81' lang='lat' dir='ltr'><strong>ml.</strong></span> <span class='ocrx_word' id='word_1_593' title='bbox 741 4335 965 4391; x_wconf 82' lang='lat' dir='ltr'><strong>Claudio</strong></span> <span class='ocrx_word' id='word_1_594' title='bbox 995 4346 1042 4391; x_wconf 85' lang='lat' dir='ltr'><strong>et</strong></span> <span class='ocrx_word' id='word_1_595' title='bbox 1061 4335 1225 4406; x_wconf 81' lang='lat' dir='ltr'><strong>Orﬁto</strong></span> <span class='ocrx_word' id='word_1_596' title='bbox 1252 4353 1384 4391; x_wconf 82' lang='lat' dir='ltr'><strong>coss.</strong></span> 
     </span>
    </p>
   </div>
   <div class='ocr_carea' id='block_1_77' title="bbox 1332 4283 2860 4406">
    <p class='ocr_par' dir='ltr' id='par_1_77' title="bbox 1332 4283 2860 4391">
     <span class='ocr_line' id='line_1_77' title="bbox 1332 4283 2860 4391; baseline -0.029 -5"><span class='ocrx_word' id='word_1_597' title='bbox 1332 4355 1384 4391; x_wconf 78' lang='grc' dir='ltr'>ιδ.</span> <span class='ocrx_word' id='word_1_598' title='bbox 2385 4286 2546 4345; x_wconf 84' lang='lat' dir='ltr'><strong>CCIX</strong></span> <span class='ocrx_word' id='word_1_599' title='bbox 2573 4288 2860 4359; x_wconf 83' lang='lat' dir='ltr'><strong>Olympias.</strong></span> 
     </span>
    </p>
   </div>
   <div class='ocr_carea' id='block_1_78' title="bbox 1484 4426 1536 4477">
    <p class='ocr_par' dir='ltr' id='par_1_78' title="bbox 1484 4426 1536 4477">
     <span class='ocr_line' id='line_1_78' title="bbox 1484 4426 1536 4477; baseline 0 0"><span class='ocrx_word' id='word_1_600' title='bbox 1484 4426 1536 4477; x_wconf 61' lang='grc' dir='ltr'>Α.</span> 
     </span>
    </p>
   </div>
   <div class='ocr_carea' id='block_1_79' title="bbox 210 4423 3094 4494">
    <p class='ocr_par' dir='ltr' id='par_1_79' title="bbox 210 4423 3094 4494">
     <span class='ocr_line' id='line_1_79' title="bbox 210 4423 3094 4494; baseline 0 -19"><span class='ocrx_word' id='word_1_601' title='bbox 210 4423 296 4476; x_wconf 74' lang='lat'><strong>52.</strong></span> <span class='ocrx_word' id='word_1_602' title='bbox 335 4441 432 4478; x_wconf 76' lang='lat' dir='ltr'><strong>xu.</strong></span> <span class='ocrx_word' id='word_1_603' title='bbox 468 4424 580 4478; x_wconf 87' lang='lat' dir='ltr'><strong>Ind.</strong></span> <span class='ocrx_word' id='word_1_604' title='bbox 611 4441 685 4479; x_wconf 70' lang='grc' dir='ltr'><strong>ιι.</strong></span> <span class='ocrx_word' id='word_1_605' title='bbox 709 4423 857 4494; x_wconf 77' lang='lat' dir='ltr'><strong>Sylla</strong></span> <span class='ocrx_word' id='word_1_606' title='bbox 890 4434 940 4479; x_wconf 87' lang='lat' dir='ltr'><strong>et</strong></span> <span class='ocrx_word' id='word_1_607' title='bbox 971 4426 1170 4480; x_wconf 82' lang='lat' dir='ltr'><strong>Catone</strong></span> <span class='ocrx_word' id='word_1_608' title='bbox 1204 4442 1337 4479; x_wconf 88' lang='lat' dir='ltr'><strong>coss.</strong></span> <span class='ocrx_word' id='word_1_609' title='bbox 1484 4426 1536 4477; x_wconf 65' lang='grc'>4.</span> <span class='ocrx_word' id='word_1_610' title='bbox 1902 4427 1990 4482; x_wconf 87' lang='grc'><strong>58.</strong></span> <span class='ocrx_word' id='word_1_611' title='bbox 2025 4441 2096 4480; x_wconf 82' lang='lat' dir='ltr'><strong>tv.</strong></span> <span class='ocrx_word' id='word_1_612' title='bbox 2130 4423 2249 4480; x_wconf 84' lang='lat' dir='ltr'><strong>Ind.</strong></span> <span class='ocrx_word' id='word_1_613' title='bbox 2286 4441 2374 4480; x_wconf 81' lang='lat' dir='ltr'><strong>xv.</strong></span> <span class='ocrx_word' id='word_1_614' title='bbox 2411 4424 2614 4480; x_wconf 73' lang='lat' dir='ltr'><strong>Nerone</strong></span> <span class='ocrx_word' id='word_1_615' title='bbox 2639 4423 2736 4478; x_wconf 86' lang='grc'><strong>111</strong></span> <span class='ocrx_word' id='word_1_616' title='bbox 2777 4434 2824 4478; x_wconf 89' lang='lat' dir='ltr'><strong>et</strong></span> <span class='ocrx_word' id='word_1_617' title='bbox 2872 4424 3094 4478; x_wconf 77' lang='lat' dir='ltr'><strong>Messala</strong></span> 
     </span>
    </p>
   </div>
   <div class='ocr_carea' id='block_1_80' title="bbox 214 4514 3227 4572">
    <p class='ocr_par' dir='ltr' id='par_1_80' title="bbox 214 4514 3227 4572">
     <span class='ocr_line' id='line_1_80' title="bbox 214 4514 3227 4572; baseline -0 -4"><span class='ocrx_word' id='word_1_618' title='bbox 214 4514 304 4568; x_wconf 76' lang='lat'><strong>55.</strong></span> <span class='ocrx_word' id='word_1_619' title='bbox 337 4532 459 4568; x_wconf 76' lang='lat' dir='ltr'><strong>xm.</strong></span> <span class='ocrx_word' id='word_1_620' title='bbox 518 4516 634 4570; x_wconf 82' lang='lat' dir='ltr'><strong>Ind.</strong></span> <span class='ocrx_word' id='word_1_621' title='bbox 691 4532 745 4570; x_wconf 72' lang='grc' dir='ltr'><strong>ιι.</strong></span> <span class='ocrx_word' id='word_1_622' title='bbox 797 4515 984 4572; x_wconf 82' lang='lat' dir='ltr'><strong>Silano</strong></span> <span class='ocrx_word' id='word_1_623' title='bbox 1039 4526 1087 4571; x_wconf 88' lang='lat' dir='ltr'><strong>et</strong></span> <span class='ocrx_word' id='word_1_624' title='bbox 1143 4517 1407 4570; x_wconf 80' lang='lat' dir='ltr'><strong>Antonino</strong></span> <span class='ocrx_word' id='word_1_625' title='bbox 1973 4531 2105 4570; x_wconf 85' lang='lat' dir='ltr'><strong>coss.</strong></span> <span class='ocrx_word' id='word_1_626' title='bbox 3174 4514 3227 4567; x_wconf 73' lang='lat'><strong>2.</strong></span> 
     </span>
    </p>
   </div>
   <div class='ocr_carea' id='block_1_81' title="bbox 282 4603 3095 4675">
    <p class='ocr_par' dir='ltr' id='par_1_81' title="bbox 282 4603 3095 4675">
     <span class='ocr_line' id='line_1_81' title="bbox 282 4603 3095 4675; baseline 0 -18"><span class='ocrx_word' id='word_1_627' title='bbox 282 4621 416 4659; x_wconf 81' lang='lat' dir='ltr'><strong>coss.</strong></span> <span class='ocrx_word' id='word_1_628' title='bbox 685 4603 692 4608; x_wconf 86' lang='grc'><em>’</em></span> <span class='ocrx_word' id='word_1_629' title='bbox 1487 4606 1536 4659; x_wconf 86' lang='lat' dir='ltr'><strong>l.</strong></span> <span class='ocrx_word' id='word_1_630' title='bbox 1566 4605 1690 4660; x_wconf 75' lang='lat'><strong>9.08.</strong></span> <span class='ocrx_word' id='word_1_631' title='bbox 1903 4608 1990 4662; x_wconf 87' lang='lat'><strong>59.</strong></span> <span class='ocrx_word' id='word_1_632' title='bbox 2020 4623 2073 4661; x_wconf 88' lang='lat' dir='ltr'><strong>v.</strong></span> <span class='ocrx_word' id='word_1_633' title='bbox 2122 4604 2236 4661; x_wconf 91' lang='lat' dir='ltr'><strong>lnd.</strong></span> <span class='ocrx_word' id='word_1_634' title='bbox 2287 4621 2324 4659; x_wconf 94' lang='grc' dir='ltr'><strong>ι.</strong></span> <span class='ocrx_word' id='word_1_635' title='bbox 2372 4603 2678 4675; x_wconf 82' lang='lat' dir='ltr'><strong>Aproniano</strong></span> <span class='ocrx_word' id='word_1_636' title='bbox 2737 4615 2784 4659; x_wconf 88' lang='lat' dir='ltr'><strong>et</strong></span> <span class='ocrx_word' id='word_1_637' title='bbox 2844 4603 3095 4674; x_wconf 87' lang='lat' dir='ltr'><strong>Capitone</strong></span> 
     </span>
    </p>
   </div>
   <div class='ocr_carea' id='block_1_82' title="bbox 653 4697 3227 4769">
    <p class='ocr_par' dir='ltr' id='par_1_82' title="bbox 653 4697 3227 4769">
     <span class='ocr_line' id='line_1_82' title="bbox 653 4697 3227 4769; baseline -0.001 -16"><span class='ocrx_word' id='word_1_638' title='bbox 653 4698 738 4754; x_wconf 87' lang='lat' dir='ltr'><strong>CC</strong></span> <span class='ocrx_word' id='word_1_639' title='bbox 753 4697 896 4754; x_wconf 80' lang='lat' dir='ltr'><strong>l&#39;III</strong></span> <span class='ocrx_word' id='word_1_640' title='bbox 921 4698 1212 4769; x_wconf 75' lang='lat' dir='ltr'><strong>Olympias.</strong></span> <span class='ocrx_word' id='word_1_641' title='bbox 1973 4715 2105 4752; x_wconf 88' lang='lat' dir='ltr'><strong>coss.</strong></span> <span class='ocrx_word' id='word_1_642' title='bbox 3174 4697 3227 4752; x_wconf 83' lang='lat'><strong>&#39;5.</strong></span> 
     </span>
    </p>
   </div>
   <div class='ocr_carea' id='block_1_83' title="bbox 217 4787 3098 4848">
    <p class='ocr_par' dir='ltr' id='par_1_83' title="bbox 217 4787 3098 4848">
     <span class='ocr_line' id='line_1_83' title="bbox 217 4787 3098 4848; baseline -0 -4"><span class='ocrx_word' id='word_1_643' title='bbox 217 4790 301 4846; x_wconf 67' lang='grc'>54.</span> <span class='ocrx_word' id='word_1_644' title='bbox 337 4808 448 4846; x_wconf 75' lang='lat' dir='ltr'><strong>xw.</strong></span> <span class='ocrx_word' id='word_1_645' title='bbox 501 4791 615 4846; x_wconf 83' lang='lat' dir='ltr'><strong>Ind.</strong></span> <span class='ocrx_word' id='word_1_646' title='bbox 671 4810 743 4847; x_wconf 69' lang='grc' dir='ltr'>χι.</span> <span class='ocrx_word' id='word_1_647' title='bbox 798 4793 1046 4848; x_wconf 72' lang='lat' dir='ltr'><strong>Marcello</strong></span> <span class='ocrx_word' id='word_1_648' title='bbox 1097 4803 1147 4847; x_wconf 92' lang='lat' dir='ltr'><strong>et</strong></span> <span class='ocrx_word' id='word_1_649' title='bbox 1205 4793 1412 4848; x_wconf 82' lang='lat' dir='ltr'><strong>Aviolla</strong></span> <span class='ocrx_word' id='word_1_650' title='bbox 1907 4791 1996 4846; x_wconf 86' lang='lat'><strong>60.</strong></span> <span class='ocrx_word' id='word_1_651' title='bbox 2027 4806 2103 4845; x_wconf 84' lang='lat' dir='ltr'><strong>vt.</strong></span> <span class='ocrx_word' id='word_1_652' title='bbox 2141 4789 2259 4846; x_wconf 87' lang='lat' dir='ltr'><strong>Ind.</strong></span> <span class='ocrx_word' id='word_1_653' title='bbox 2304 4807 2361 4845; x_wconf 92' lang='grc' dir='ltr'><strong>ιι.</strong></span> <span class='ocrx_word' id='word_1_654' title='bbox 2402 4789 2611 4844; x_wconf 86' lang='lat' dir='ltr'><strong>Nerone</strong></span> <span class='ocrx_word' id='word_1_655' title='bbox 2643 4789 2717 4846; x_wconf 80' lang='lat' dir='ltr'><strong>IV</strong></span> <span class='ocrx_word' id='word_1_656' title='bbox 2766 4799 2814 4844; x_wconf 88' lang='lat' dir='ltr'><strong>et</strong></span> <span class='ocrx_word' id='word_1_657' title='bbox 2876 4787 3098 4846; x_wconf 86' lang='lat' dir='ltr'><strong>Lentulo</strong></span> 
     </span>
    </p>
   </div>
   <div class='ocr_carea' id='block_1_84' title="bbox 283 4881 1811 4937">
    <p class='ocr_par' dir='ltr' id='par_1_84' title="bbox 283 4883 1540 4937">
     <span class='ocr_line' id='line_1_84' title="bbox 283 4883 1540 4937; baseline 0.001 -2"><span class='ocrx_word' id='word_1_658' title='bbox 283 4899 435 4937; x_wconf 85' lang='lat' dir='ltr'><strong>coss..</strong></span> <span class='ocrx_word' id='word_1_659' title='bbox 1484 4883 1540 4937; x_wconf 68' lang='grc' dir='ltr'><strong>εὶ.</strong></span> 
     </span>
    </p>
   </div>
   <div class='ocr_carea' id='block_1_85' title="bbox 1699 4881 3227 4937">
    <p class='ocr_par' dir='ltr' id='par_1_85' title="bbox 1980 4881 3227 4937">
     <span class='ocr_line' id='line_1_85' title="bbox 1980 4881 3227 4937; baseline -0.002 -1"><span class='ocrx_word' id='word_1_660' title='bbox 1980 4899 2108 4937; x_wconf 78' lang='lat' dir='ltr'><strong>coss.</strong></span> <span class='ocrx_word' id='word_1_661' title='bbox 3173 4881 3227 4935; x_wconf 73' lang='grc'>4.</span> 
     </span>
    </p>
   </div>
   <div class='ocr_carea' id='block_1_86' title="bbox 1343 5055 2028 5122">
    <p class='ocr_par' dir='ltr' id='par_1_86' title="bbox 1343 5055 2028 5122">
     <span class='ocr_line' id='line_1_86' title="bbox 1343 5055 2028 5122; baseline 0.006 -6"><span class='ocrx_word' id='word_1_662' title='bbox 1343 5055 1350 5060; x_wconf 79' lang='grc'><em>’</em></span> <span class='ocrx_word' id='word_1_663' title='bbox 1427 5060 1750 5122; x_wconf 72' lang='lat' dir='ltr'><strong>DUCANGII</strong></span> <span class='ocrx_word' id='word_1_664' title='bbox 1794 5063 2028 5122; x_wconf 67' lang='grc' dir='ltr'><strong>ΝΟΤᾹΞ.</strong></span> 
     </span>
    </p>
   </div>
   <div class='ocr_carea' id='block_1_87' title="bbox 220 5214 1748 5302">
    <p class='ocr_par' dir='ltr' id='par_1_87' title="bbox 220 5214 1724 5302">
     <span class='ocr_line' id='line_1_87' title="bbox 220 5214 1724 5302; baseline 0.003 -33"><span class='ocrx_word' id='word_1_665' title='bbox 220 5214 724 5302; x_wconf 43' lang='grc' dir='ltr'><strong>ςξῗρηζώσῃςτποςε</strong></span> <span class='ocrx_word' id='word_1_666' title='bbox 759 5218 879 5302; x_wconf 63' lang='grc' dir='ltr'><strong>Ιιίὶ)ἶ</strong></span> <span class='ocrx_word' id='word_1_667' title='bbox 907 5238 942 5275; x_wconf 92' lang='grc' dir='ltr'><strong>ιι</strong></span> <span class='ocrx_word' id='word_1_668' title='bbox 973 5220 1045 5276; x_wconf 87' lang='lat' dir='ltr'><strong>De</strong></span> <span class='ocrx_word' id='word_1_669' title='bbox 1076 5222 1353 5302; x_wconf 52' lang='lat' dir='ltr'><strong>bello&#39;lud.</strong></span> <span class='ocrx_word' id='word_1_670' title='bbox 1383 5236 1502 5302; x_wconf 69' lang='lat' dir='ltr'><strong>cap.</strong></span> <span class='ocrx_word' id='word_1_671' title='bbox 1534 5221 1620 5302; x_wconf 81' lang='lat' dir='ltr'><strong>l.</strong></span> <span class='ocrx_word' id='word_1_672' title='bbox 1713 5298 1724 5302; x_wconf 74' lang='lat'>_</span> 
     </span>
    </p>
   </div>
   <div class='ocr_carea' id='block_1_88' title="bbox 1887 5214 3415 5302">
    <p class='ocr_par' dir='ltr' id='par_1_88' title="bbox 1911 5221 3415 5302">
     <span class='ocr_line' id='line_1_88' title="bbox 1911 5221 3415 5302; baseline -0.007 -18"><span class='ocrx_word' id='word_1_673' title='bbox 1911 5228 1975 5299; x_wconf 85' lang='grc'><strong>(⁴)</strong></span> <span class='ocrx_word' id='word_1_674' title='bbox 2005 5227 2102 5283; x_wconf 82' lang='lat' dir='ltr'><strong>Hic</strong></span> <span class='ocrx_word' id='word_1_675' title='bbox 2125 5246 2230 5302; x_wconf 74' lang='lat' dir='ltr'><strong>una</strong></span> <span class='ocrx_word' id='word_1_676' title='bbox 2262 5229 2469 5302; x_wconf 78' lang='lat' dir='ltr'><strong>pagina</strong></span> <span class='ocrx_word' id='word_1_677' title='bbox 2493 5235 2540 5302; x_wconf 80' lang='lat' dir='ltr'><strong>et</strong></span> <span class='ocrx_word' id='word_1_678' title='bbox 2581 5225 2660 5281; x_wconf 73' lang='lat'><strong>20</strong></span> <span class='ocrx_word' id='word_1_679' title='bbox 2687 5225 3013 5302; x_wconf 75' lang='lat' dir='ltr'><strong>consulatus,</strong></span> <span class='ocrx_word' id='word_1_680' title='bbox 3047 5239 3181 5302; x_wconf 60' lang='lat' dir='ltr'><strong>quos</strong></span> <span class='ocrx_word' id='word_1_681' title='bbox 3206 5221 3415 5302; x_wconf 70' lang='lat' dir='ltr'><strong>suppie-</strong></span> 
     </span>
    </p>
   </div>
   <div class='ocr_carea' id='block_1_89' title="bbox 161 5287 1689 5420">
    <p class='ocr_par' dir='ltr' id='par_1_89' title="bbox 161 5287 1689 5414">
     <span class='ocr_line' id='line_1_89' title="bbox 161 5287 1689 5360; baseline -0.004 -10"><span class='ocrx_word' id='word_1_682' title='bbox 161 5351 170 5360; x_wconf 78' lang='grc'><strong>,</strong></span> <span class='ocrx_word' id='word_1_683' title='bbox 220 5287 292 5352; x_wconf 77' lang='lat' dir='ltr'><strong>ll)</strong></span> <span class='ocrx_word' id='word_1_684' title='bbox 346 5287 446 5349; x_wconf 80' lang='grc' dir='ltr'><em>Ὠς</em></span> <span class='ocrx_word' id='word_1_685' title='bbox 479 5289 642 5356; x_wconf 69' lang='grc' dir='ltr'>λέγει</span> <span class='ocrx_word' id='word_1_686' title='bbox 676 5291 1126 5360; x_wconf 82' lang='grc' dir='ltr'>Χρυσόστομος.</span> <span class='ocrx_word' id='word_1_687' title='bbox 1181 5291 1305 5348; x_wconf 58' lang='lat' dir='ltr'><strong>llaec</strong></span> <span class='ocrx_word' id='word_1_688' title='bbox 1336 5287 1500 5348; x_wconf 80' lang='lat' dir='ltr'><strong>verba</strong></span> <span class='ocrx_word' id='word_1_689' title='bbox 1530 5291 1689 5348; x_wconf 81' lang='lat' dir='ltr'><strong>desur</strong></span> 
     </span>
     <span class='ocr_line' id='line_1_90' title="bbox 161 5355 671 5414; baseline 0.02 -10"><span class='ocrx_word' id='word_1_690' title='bbox 161 5366 206 5405; x_wconf 87' lang='grc' dir='ltr'><strong>ιιι</strong></span> <span class='ocrx_word' id='word_1_691' title='bbox 233 5357 351 5410; x_wconf 81' lang='lat' dir='ltr'><strong>cod.</strong></span> <span class='ocrx_word' id='word_1_692' title='bbox 393 5355 671 5414; x_wconf 86' lang='lat' dir='ltr'><strong>llolstenii.</strong></span> 
     </span>
    </p>
   </div>
   <div class='ocr_carea' id='block_1_90' title="bbox 1884 5287 3412 5420">
    <p class='ocr_par' dir='ltr' id='par_1_90' title="bbox 1884 5287 3412 5366">
     <span class='ocr_line' id='line_1_91' title="bbox 1884 5287 3412 5366; baseline -0.005 -15"><span class='ocrx_word' id='word_1_693' title='bbox 1884 5287 2006 5353; x_wconf 52' lang='lat' dir='ltr'><strong>vita:</strong></span> <span class='ocrx_word' id='word_1_694' title='bbox 2039 5316 2102 5355; x_wconf 72' lang='lat' dir='ltr'><strong>ex</strong></span> <span class='ocrx_word' id='word_1_695' title='bbox 2129 5287 2728 5366; x_wconf 41' lang='lat' dir='ltr'><strong>Idatiofdesiderantur</strong></span> <span class='ocrx_word' id='word_1_696' title='bbox 2773 5299 2826 5350; x_wconf 89' lang='lat' dir='ltr'><strong>in</strong></span> <span class='ocrx_word' id='word_1_697' title='bbox 2861 5295 2973 5349; x_wconf 85' lang='lat' dir='ltr'><strong>cod.</strong></span> <span class='ocrx_word' id='word_1_698' title='bbox 3010 5287 3105 5347; x_wconf 68' lang='lat' dir='ltr'><strong>ms.</strong></span> <span class='ocrx_word' id='word_1_699' title='bbox 3142 5287 3412 5347; x_wconf 79' lang='lat' dir='ltr'><strong>Vaticano.</strong></span> 
     </span>
    </p>
   </div>
   <div class='ocr_carea' id='block_1_91' title="bbox 1445 5472 2100 5531">
    <p class='ocr_par' dir='ltr' id='par_1_91' title="bbox 1445 5472 2100 5531">
     <span class='ocr_line' id='line_1_92' title="bbox 1445 5472 2100 5531; baseline 0.002 -4"><span class='ocrx_word' id='word_1_700' title='bbox 1445 5473 1681 5530; x_wconf 77' lang='lat' dir='ltr'><strong>VARle</strong></span> <span class='ocrx_word' id='word_1_701' title='bbox 1719 5472 2100 5531; x_wconf 79' lang='lat' dir='ltr'><strong>LECTIONES</strong></span> 
     </span>
    </p>
   </div>
   <div class='ocr_carea' id='block_1_92' title="bbox 168 5568 3412 5717">
    <p class='ocr_par' dir='ltr' id='par_1_92' title="bbox 168 5568 3412 5717">
     <span class='ocr_line' id='line_1_93' title="bbox 168 5568 3412 5717; baseline 0.001 -80"><span class='ocrx_word' id='word_1_702' title='bbox 168 5568 544 5717; x_wconf 43' lang='grc' dir='ltr'>ἳξέιὼσηπρξ</span> <span class='ocrx_word' id='word_1_703' title='bbox 573 5583 632 5639; x_wconf 93' lang='grc' dir='ltr'><strong>Ρ.</strong></span> <span class='ocrx_word' id='word_1_704' title='bbox 712 5588 754 5619; x_wconf 68' lang='grc'><strong>⁵³</strong></span> <span class='ocrx_word' id='word_1_705' title='bbox 781 5585 1043 5640; x_wconf 78' lang='grc' dir='ltr'>Κλαυδίου</span> <span class='ocrx_word' id='word_1_706' title='bbox 1073 5602 1180 5641; x_wconf 89' lang='lat' dir='ltr'><strong>om.</strong></span> <span class='ocrx_word' id='word_1_707' title='bbox 1210 5584 1270 5641; x_wconf 91' lang='grc' dir='ltr'><strong>Ρ.</strong></span> <span class='ocrx_word' id='word_1_708' title='bbox 1353 5591 1368 5619; x_wconf 77' lang='grc' dir='ltr'><strong>ι</strong></span> <span class='ocrx_word' id='word_1_709' title='bbox 1402 5587 1468 5642; x_wconf 77' lang='grc' dir='ltr'><strong>τὰ</strong></span> <span class='ocrx_word' id='word_1_710' title='bbox 1497 5603 1606 5646; x_wconf 92' lang='lat' dir='ltr'><strong>om.</strong></span> <span class='ocrx_word' id='word_1_711' title='bbox 1639 5587 1698 5645; x_wconf 90' lang='grc' dir='ltr'><strong>Ρ.</strong></span> <span class='ocrx_word' id='word_1_712' title='bbox 1766 5588 1785 5619; x_wconf 80' lang='grc'><em>³</em></span> <span class='ocrx_word' id='word_1_713' title='bbox 1812 5583 2097 5653; x_wconf 80' lang='lat' dir='ltr'><strong>Quatcrnio</strong></span> <span class='ocrx_word' id='word_1_714' title='bbox 2127 5587 2209 5641; x_wconf 80' lang='lat' dir='ltr'><strong>hic</strong></span> <span class='ocrx_word' id='word_1_715' title='bbox 2229 5587 2556 5642; x_wconf 78' lang='lat' dir='ltr'><strong>desideratur</strong></span> <span class='ocrx_word' id='word_1_716' title='bbox 2586 5593 2803 5643; x_wconf 84' lang='lat' dir='ltr'><strong>notatur</strong></span> <span class='ocrx_word' id='word_1_717' title='bbox 2828 5584 2892 5641; x_wconf 80' lang='lat' dir='ltr'><strong>de</strong></span> <span class='ocrx_word' id='word_1_718' title='bbox 2923 5580 2986 5640; x_wconf 71' lang='grc' dir='ltr'><strong>νς</strong></span> <span class='ocrx_word' id='word_1_719' title='bbox 3016 5577 3228 5641; x_wconf 72' lang='grc' dir='ltr'>ἐλλιπὲς</span> <span class='ocrx_word' id='word_1_720' title='bbox 3255 5573 3321 5647; x_wconf 79' lang='grc' dir='ltr'>ἦν</span> <span class='ocrx_word' id='word_1_721' title='bbox 3348 5574 3412 5629; x_wconf 68' lang='grc' dir='ltr'>ἓν</span> 
     </span>
     <span class='ocr_line' id='line_1_94' title="bbox 203 5667 552 5711; baseline 0 -5"><span class='ocrx_word' id='word_1_722' title='bbox 203 5667 229 5701; x_wconf 60' lang='grc' dir='ltr'><strong>τ</strong></span> <span class='ocrx_word' id='word_1_723' title='bbox 281 5672 348 5707; x_wconf 80' lang='grc' dir='ltr'>,ον</span> <span class='ocrx_word' id='word_1_724' title='bbox 380 5673 458 5711; x_wconf 89' lang='lat' dir='ltr'><strong>m.</strong></span> <span class='ocrx_word' id='word_1_725' title='bbox 535 5693 552 5706; x_wconf 92' lang='lat'><strong>.</strong></span> 
     </span>
    </p>
   </div>
   <div class='ocr_carea' id='block_1_93' title="bbox 203 5667 552 5711">
    <p class='ocr_par' dir='ltr' id='par_1_93' title="bbox 203 5667 552 5711">
     <span class='ocr_line' id='line_1_95' title="bbox 203 5667 552 5711; baseline 0.02 -11"><span class='ocrx_word' id='word_1_726' title='bbox 203 5667 348 5707; x_wconf 58' lang='grc' dir='ltr'>τιμον</span> <span class='ocrx_word' id='word_1_727' title='bbox 380 5673 458 5711; x_wconf 83' lang='grc' dir='ltr'><strong>ω.</strong></span> <span class='ocrx_word' id='word_1_728' title='bbox 487 5667 552 5711; x_wconf 80' lang='grc' dir='ltr'><strong>ιι.</strong></span> 
     </span>
    </p>
   </div>
  </div>
