3870 6336
347 5619 352 5624 .
450 5562 828 5631 ὖμῶνάττὸι).
898 5567 919 5598 ⁸
977 5555 1070 5619 καὶ
1131 5581 1242 5619 om.
1287 5555 1348 5618 Ρ.

1645 356 2079 417 CIIRONICON
2112 359 2514 422 PASCHALE.
3055 418 3063 424 .
3170 419 3174 424 .
3617 372 3706 435 568

453 448 586 502 Μ).
717 449 720 451 '
1751 466 1855 537 [οι.
1881 467 2028 539 Iph.]
2059 474 2104 528 Α
2133 469 2267 523 A.C-
3459 479 3706 554 [cum]

521 539 608 594 6|.
642 557 737 595 vn.
780 541 898 600 Ind.
948 561 1029 599 ιιι.
1085 547 1246 604 Lacio
1299 560 1346 604 et
1403 551 1714 622 Turpiliano
2205 560 2294 615 64.
2327 579 2380 615 χ.
2415 563 2530 616 Ind.
2564 578 2638 616 vt.
2671 564 2857 620 Crasso
2888 575 2936 620 et
2968 567 3133 622 Basso
3158 585 3289 623 coss.
3460 539 3527 624 ll.

589 647 722 688 coss.
1791 649 1842 706 I.
1869 651 1993 707 210.
2204 651 2294 705 65.
2324 667 2400 706 χι.
2432 651 2550 706 Ind.
2581 669 2675 710 vn.
2710 653 2874 708 Helva
2897 665 2944 709 et
2977 656 3183 710 Vestino
3213 674 3342 712 coss.
3475 660 3526 714 1.
3555 661 3672 716 2H.

1015 727 1155 784 CCX
1175 731 1462 804 Olympias.
2681 743 2843 800 CCXI
2876 746 3171 818 Olympias.

520 815 608 870 ϐξ.
639 831 758 871 vm.
796 815 914 874 Ind.
949 835 1026 874 Iv.
1064 819 1234 876 Mario
1260 833 1307 878 et
1333 825 1486 881 Callo
1516 845 1646 886 coss.
1788 830 1845 886 2.
2204 832 2291 888 66.
2327 850 2422 887 xu.
2457 833 2576 890 Ind.
2613 851 2730 892 vm.
2764 815 2996 890 Telesino
3025 815 3072 892 et
3095 838 3235 910 Rufo
3265 856 3400 895 coss.
3475 839 3531 897 2.

519 906 605 961 63.
636 923 708 962 rx.
746 909 862 963 Ind.
893 926 946 964 v.
977 910 1116 982 Rufo
1141 922 1190 966 et
1218 913 1414 987 Regulo
1440 933 1574 972 coss.
1789 923 1843 976 5.

452 1057 464 1070 .
501 1057 515 1070 .
548 1055 563 1069 .
600 1028 655 1072 et
704 1019 913 1076 miserit
954 1037 1103 1089 eum,
1139 1023 1234 1094 qui
1279 1029 1677 1096 praaordinatus
1716 1041 1801 1086 est
1851 1033 2027 1097 vobis,

445 1109 631 1164 Jcsum
661 1109 961 1180 Christum,
990 1131 1152 1184 quem
1192 1127 1404 1188 oportet
1426 1121 1648 1190 quidem
1681 1123 1880 1179 cadum
1905 1140 2029 1180 sus-

447 1204 627 1272 cipere
669 1220 838 1274 usque
883 1207 938 1260 in
971 1216 1215 1280 tempora
1261 1213 1622 1269 restitutionis
1665 1217 1932 1282 onmium,
1961 1219 2030 1274 de

447 1309 555 1362 quo
596 1295 809 1352 locutus
854 1307 938 1352 est
990 1300 1132 1356 Deus
1162 1317 1260 1371 per
1288 1320 1349 1360 os
1383 1315 1697 1364 sanctornm
1733 1323 1957 1365 suorum
1998 1326 2028 1364 a

447 1386 646 1440 szreulo
690 1389 1104 1458 pr0phetarum.
1142 1394 1388 1452 Meminit
1434 1399 1580 1453 enim
1631 1399 1760 1455 dicti
1809 1400 2028 1458 Mosaiei

449 1476 594 1531 illius
631 1495 644 1531 :
683 1498 700 1529 ι
741 1478 1010 1546 Quoniam
1040 1486 1367 1555 prOphetam
1403 1491 1687 1546 suscitabit
1722 1493 1874 1548 vobis
1917 1494 2028 1549 Do-

445 1565 631 1621 minus
658 1567 820 1624 Deus.
860 1590 879 1621 ι
907 1571 973 1627 Et
1021 1591 1239 1630 rursum
1289 1577 1456 1633 infert
1486 1597 1500 1632 :
1530 1598 1549 1630 ι
1588 1579 1654 1635 Et
1675 1597 1866 1637 omnes
1897 1599 2026 1653 pro-

447 1657 626 1725 phetae
678 1675 708 1714 a
757 1660 975 1718 Samuel
1020 1673 1074 1719 et
1125 1667 1408 1738 deinceps,
1453 1669 1546 1738 qui
1586 1670 1751 1726 locuti
1782 1685 1930 1739 sunt,
1971 1683 2028 1730 et

444 1750 914 1806 annuntiaverunt
957 1755 1072 1811 dies
1117 1757 1273 1814 istos.
1303 1760 1410 1817 Vos
1441 1763 1572 1819 estis
1601 1763 1695 1818 ﬁlii
1727 1765 2023 1835 propheta-

446 1857 588 1906 rum,
619 1854 673 1899 et
702 1849 1032 1914 testamenti,
1065 1851 1210 1921 quod
1253 1853 1520 1924 disposuit
1548 1857 1692 1913 Deus
1734 1858 1803 1913 ad
1843 1868 2027 1929 patres

445 1943 674 2000 vestros,
703 1937 892 1994 dicens
917 1939 989 1998 ad
1018 1943 1292 2000 Abraham
1326 1964 1340 2000 :
1373 1948 1440 2002 Et
1471 1947 1528 2002 in
1563 1951 1771 2006 semine
1807 1959 1900 2007 tuo
1930 1954 2030 2009 be-

445 2027 771 2083 nedicentur
811 2046 1004 2088 omnes
1047 2035 1300 2092 nationes
1348 2049 1526 2096 terra.
1577 2041 1745 2098 Vobis
1790 2044 2027 2113 primum

446 2114 590 2172 Deus
619 2121 890 2178 suscitans
937 2124 1110 2180 lilium
1140 2142 1301 2183 suum
1347 2130 1494 2185 misit
1520 2146 1645 2186 eum
1691 2133 2026 2190 benedicen-

445 2217 554 2264 tem
593 2213 769 2280 vobis,
818 2226 878 2272 ut
901 2228 1187 2275 convertat
1225 2236 1284 2275 se
1316 2224 1694 2294 unusquisque
1722 2235 1965 2282 vestrum
1996 2245 2027 2284 a

444 2302 689 2370 nequitia
743 2321 861 2362 sua.
901 2326 919 2358 ι
955 2307 1223 2368 Omnibus
1272 2313 1358 2368 his
1410 2324 1641 2371 testatur
1693 2317 1889 2375 beatus
1923 2319 2029 2376 Pe-

446 2403 581 2458 trus,
622 2396 697 2450 uti
741 2407 796 2452 et
843 2403 1190 2474 evangelista:
1232 2413 1288 2460 et
1335 2422 1528 2464 omnes
1578 2412 1858 2480 prophetze
1912 2414 2027 2469 haec

444 2487 624 2540 omnia
656 2491 1039 2561 praedixerunt,
1067 2497 1214 2565 quod
1241 2496 1386 2556 Deus
1415 2503 1714 2556 secundum
1737 2505 2027 2574 quemdam

445 2582 647 2630 statum
681 2595 887 2640 novum
952 2583 1162 2652 fecerit,
1197 2595 1251 2642 et
1291 2587 1440 2653 facit,
1471 2606 1634 2660 quem
1661 2608 1762 2660 per
1798 2609 1860 2649 os
1903 2611 2024 2650 om-

443 2665 593 2720 nium
625 2673 1012 2739 pmphetarum
1043 2681 1449 2746 praenuntiavit.
1484 2681 1670 2752 Neque
1712 2696 1840 2740 ante
1881 2687 2026 2745 hunc

445 2767 666 2825 statum,
715 2765 878 2819 alium
931 2769 1171 2824 futurum
1205 2787 1345 2838 esse,
1387 2789 1566 2844 neque
1613 2787 1737 2847 post
1778 2778 2024 2838 futurum

445 2852 560 2908 fore
586 2856 750 2910 alium
776 2858 1090 2938 declaravit,
1119 2865 1214 2919 sed
1243 2880 1368 2920 cum
1390 2869 1644 2925 omnibus
1665 2873 1945 2942 prophetis
1970 2887 2028 2932 et

444 2946 702 3012 apostolis
728 2949 828 3004 hos
857 2951 993 3010 duos
1025 2954 1167 3010 solos
1193 2959 1586 3026 pronuntiavit,
1632 2962 1778 3020 hunc
1803 2967 2026 3038 inquam

442 3034 552 3102 jam
578 3051 925 3110 priesentem,
955 3053 1009 3100 et
1035 3057 1158 3115 post
1195 3047 1362 3116 hunc,
1397 3050 1552 3107 illum
1585 3052 1852 3112 futurum.

834 3320 913 3375 De
945 3334 1126 3378 sancto
1156 3325 1329 3382 Paulo
1373 3329 1630 3401 apostolo.

514 3406 623 3462 Isle
680 3420 764 3465 est
814 3412 902 3468 ille
956 3431 1184 3488 magnus
1248 3423 1528 3490 apostolus
1573 3424 1811 3494 Paulus,
1857 3429 2024 3486 eccle-

446 3502 608 3557 stium
635 3505 914 3574 c0piarum
945 3509 1162 3576 ductor,
1194 3513 1286 3582 qui
1326 3515 1380 3568 in
1413 3516 1596 3586 seipso
1618 3517 1894 3574 Christum
1926 3522 2025 3576 ha-

446 3594 538 3649 bet
565 3596 897 3665 loquentem,
931 3601 1024 3669 qui
1068 3603 1319 3672 stigmata
1343 3606 1544 3662 Christi
1583 3609 1637 3663 in
1670 3626 1898 3681 corpore
1925 3629 2026 3671 suo

450 3689 786 3755 -:Ercumfert,
833 3707 1062 3763 magnus
1097 3693 1354 3752 Ecclesia:
1391 3700 1600 3766 doctor,
1655 3703 1749 3772 qui
1789 3703 2026 3759 inﬁnitas

449 3789 655 3834 mortes
683 3781 927 3849 quotidie
950 3799 1049 3852 pro
1079 3788 1322 3842 Ecclesia
1347 3791 1604 3856 sustinet,
1635 3793 1727 3862 qui
1769 3795 2028 3864 gloriatur

447 3869 502 3922 in
557 3870 785 3928 Domino
811 3884 867 3928 et
916 3874 972 3929 in
1013 3875 1422 3935 inﬁrmitatibus
1469 3883 1604 3944 suis,
1654 3884 1748 3952 qui
1801 3886 2025 3955 gratiam

447 3962 650 4017 Christi
698 3964 753 4018 in
801 3980 859 4020 se
899 3967 1352 4025 effervescentem
1401 3972 1587 4040 habet,
1647 3975 1739 4046 qui
1783 3977 2026 4032 omnium

447 4057 691 4126 gentium
750 4059 948 4129 linguis
1004 4061 1281 4132 loquitur,
1344 4066 1616 4134 quondam
1680 4081 2024 4138 perseeutor,

447 4160 594 4199 nunc
639 4154 820 4200 autem
864 4150 1299 4216 persecutionem
1331 4168 1555 4221 passus,
1591 4157 1864 4224 quondam
1897 4174 2027 4227 pec.-

447 4244 617 4301 cator,
674 4253 823 4304 nunc
893 4249 1079 4295 autem
1161 4243 1592 4303 misericordiam
1665 4260 2024 4317 consecutus,

449 4336 636 4398 raptus
659 4329 726 4384 ad
765 4331 984 4386 tertium
1011 4333 1230 4400 coelum,
1265 4343 1320 4389 et
1352 4352 1566 4391 rursum
1599 4337 1652 4392 in
1693 4341 2025 4408 paradisum,

447 4420 738 4475 verborum
785 4439 1110 4479 arcanorum
1148 4425 1381 4492 auditor,
1431 4429 1792 4498 spiritualium
1827 4433 2028 4502 gratia-

2131 1037 2294 1109 234
2319 1079 2332 1093 .
2362 1079 2376 1094 .
2400 1077 2415 1093 .
2441 1041 2535 1094 καὶ
2555 1041 2849 1114 ἀποστείλῃ
2869 1043 2889 1076 ³
2929 1044 3024 1097 τὸν
3046 1049 3568 1119 προκεχειρισμένον
3591 1052 3708 1122 ὑμῖν

2144 1127 2350 1199 Ἰησοῦν
2379 1131 2634 1199 Χριστὸν,
2670 1133 2729 1186 ὃν
2761 1133 2843 1186 δεῖ
2884 1135 3111 1206 οὐρανὸν
3160 1137 3260 1206 μὲν
3288 1138 3546 1203 δέξασθαι
3587 1143 3708 1212 ἄχρι

2130 1222 2334 1291 χρόνων
2363 1221 2866 1301 ἀποκαταστάσεως
2887 1227 3127 1289 πάντων,
3150 1221 3224 1282 ὧν
3251 1230 3512 1301 ἐλάλησεν
3536 1235 3566 1287 6
3586 1234 3709 1297 Θεὸς

2128 1311 2216 1364 διὰ
2266 1312 2533 1383 στόματος
2577 1316 2792 1368 πάντων
2838 1318 2946 1370 τῶν
2992 1319 3164 1387 ἁγίων
3195 1322 3288 1374 ἀπ’
3325 1323 3523 1388 αἰῶνος
3548 1327 3709 1379 αὑτοῦ

2130 1402 2444 1472 προφητῶν.
2487 1404 2906 1477 Καὶιμέμνηται
2947 1409 3046 1478 τῆς
3110 1412 3359 1480 χρήσεως
3392 1415 3710 1479 Μωῦσέωςδ

2127 1492 2226 1548 τόδ
2252 1511 2265 1524 ο
2305 1513 2324 1544 ι
2353 1495 2647 1566 Προφήτην
2688 1498 2818 1567 ὑμῖν
2862 1501 3160 1570 ἀναστήσει
3203 1503 3408 1573 Κύριος
3436 1506 3465 1557 6
3495 1505 3648 1569 Θεός.
3685 1525 3704 1554 ι

2129 1583 2238 1639 Kal
2289 1583 2486 1638 πάλιν⁶
2516 1586 2768 1657 ἐπιφέρει
2789 1603 2801 1617 ”
2834 1606 2852 1638 ι
2886 1588 2994 1642 Kal
3030 1588 3231 1652 πάντες
3262 1589 3320 1642 δὲ
3359 1592 3409 1642 οἱ
3439 1593 3708 1663 προφῆται

2128 1675 2234 1728 ἀπὸ
2280 1676 2533 1748 Σαμουὴλ
2582 1679 2676 1731 καὶ
2721 1678 2831 1731 τῶν
2878 1679 3132 1750 καθεξῆς,
3165 1682 3278 1734 ὅσοι
3322 1681 3592 1754 ἐλάλησαν
3621 1685 3710 1738 καὶ

2129 1767 2498 1836 κατήγγειλαν
2545 1767 2644 1832 τὰς
2687 1769 2901 1840 ἡμέρας
2948 1770 3175 1834 ταύτας.
3200 1771 3392 1840 Ὑμεῖς
3437 1775 3561 1826 ἐστε
3607 1775 3712 1828 υἱοὶ

2131 1859 2240 1912 τῶν
2267 1858 2561 1930 προφητῶν
2598 1860 2692 1914 καὶ
2734 1861 2836 1931 τῆς
2882 1862 3147 1932 διαθήκης
3175 1858 3242 1934 ἦς
3275 1864 3480 1918 διέθετο
3519 1867 3548 1918 6
3580 1866 3712 1931 Θεὸς

2131 1951 2268 2022 πρὸς
2318 1954 2445 2016 τοὺς
2494 1954 2738 2024 πατέρας
2787 1954 2964 2025 ὑμῶν,
3011 1955 3184 2024 λέγων
3236 1957 3373 2027 πρὸς
3412 1959 3707 2030 Ἀϐραάμο

2131 2044 2240 2098 Kal
2277 2044 2335 2095 ἐν
2363 2043 2441 2114 τῷ
2475 2044 2752 2115 σπέρματί
2783 2062 2876 2098 σου
2911 2046 3430 2118 ὲνευ).ογηθήσονται
3455 2051 3626 2104 πᾶσαι
3653 2050 3707 2104 al

2132 2137 2359 2208 πατριαὶ
2378 2137 2476 2208 τῆς
2501 2139 2624 2209 γῆς.
2643 2138 2804 2209 Ὑμῖν
2829 2140 3043 2210 πρῶτον
3070 2143 3097 2193 6
3125 2141 3256 2204 Θεὸς
3283 2142 3597 2212 ἀναστήσας
3621 2143 3710 2197 τὸν

2131 2229 2306 2282 Παίδα
2357 2228 2523 2284 αὑτοῦ
2573 2230 2896 2285 ἀπέστειλεν
2929 2231 3094 2287 αὐτὸν
3130 2231 3455 2299 εὐλογοῦντα
3484 2234 3630 2303 ὑμᾶς
3655 2235 3710 2288 ἐν

2128 2321 2208 2391 τῷ
2234 2321 2602 2391 ἀποστρέφειν
2627 2321 2856 2375 ἕκαστον
2890 2323 3027 2376 ἀπὸτ
3057 2323 3166 2377 τῶν
3198 2323 3472 2394 πονηριῶν
3497 2325 3706 2394 ὑμῶν.»

2130 2410 2356 2474 Τούτοις
2402 2411 2535 2464 πᾶσι
2577 2414 2844 2481 μαρτυρεῖ
2871 2410 2997 2464 καὶ³
3040 2414 3068 2465 6
3105 2411 3447 2482 μακαρίτης⁹
3480 2411 3711 2481 Πέτρος,

2129 2503 2320 2574 ὥσπερ
2349 2503 2444 2556 καὶ
2471 2503 2522 2556 οί
2554 2503 2962 2571 εύαγγελισταὶ,
2993 2505 3087 2558 καὶ
3112 2505 3192 2557 ὅτι
3224 2505 3424 2566 πάντες
3443 2504 3492 2556 οἱ
3510 2503 3552 2534 ¹⁰
3579 2519 3714 2571 προ·

2130 2595 2298 2664 φῆται
2329 2594 2806 2666 προκατήγγειλαν
2832 2595 3011 2650 πάντα
3038 2595 3235 2658 ταῦτα,
3260 2595 3342 2649 ὅτι
3374 2596 3402 2647 6
3427 2595 3562 2658 Θεὸς
3584 2594 3711 2647 δευ-

2127 2685 2292 2756 τέραν
2323 2685 2447 2738 τινὰ
2478 2685 2810 2739 κατάστασιν
2840 2685 3030 2754 καινὴν
3064 2685 3368 2758 πεποίηκεν
3406 2685 3502 2738 καὶ
3541 2686 3712 2748 ποιεῖ,

2127 2779 2194 2849 ἢν
2240 2777 2334 2830 καὶ
2381 2777 2847 2847 προκατήγγειλεν
2891 2775 2980 2829 διὰ
3026 2777 3293 2846 στόματος
3337 2776 3556 2828 πάντων
3601 2775 3712 2825 τῶν

2129 2870 2440 2942 προφητῶν.
2473 2871 2581 2923 Kal
2622 2870 2744 2922 οὔτε
2790 2869 2895 2940 πρὸ
2942 2868 3146 2936 ταύτης
3194 2869 3293 2938 τῆς
3325 2866 3715 2927 καταστάσεως

2127 2959 2280 3017 εἶπεν
2308 2963 2502 3032 ἑτέραν
2534 2958 2673 3016 εἶναι
2707 2959 2830 3013 οὔτε
2864 2959 3003 3031 μετὰ
3041 2961 3139 3030 τὴν
3174 2959 3473 3030 μέλλουσαν
3516 2959 3714 3029 ἐτέραν

2126 3054 2468 3123 ἀπεφήνατο,
2505 3051 2644 3105 ἀλλά
2693 3051 2830 3121 μετά
2875 3049 3096 3103 πάντων
3143 3049 3252 3102 τῶν
3291 3048 3590 3119 προφητῶν
3618 3049 3717 3101 καὶ

2131 3143 2445 3196 ἀποστόλων
2473 3141 2566 3195 δύο
2601 3141 2761 3213 μόνον
2785 3140 3022 3208 ἐξεῖπεν,
3044 3139 3248 3211 ταύτην
3271 3140 3368 3193 καὶ
3395 3139 3496 3212 τὴν
3516 3141 3560 3170 ιι
3583 3139 3718 3211 μέλ-

2128 3235 2344 3293 λουσαν.

2447 3326 2550 3390 Εἰς
2591 3324 2838 3378 Παῦλον
2875 3324 2980 3378 τὸν
3016 3324 3392 3378 ἀπόστολον.

2198 3407 2365 3480 Οὗτος
2389 3417 2416 3470 6
2445 3417 2620 3487 μέγας
2650 3415 2858 3478 Παῦλος
2889 3417 2918 3468 6
2950 3413 3267 3481 ἀπόστολος,
3289 3415 3317 3466 6
3334 3412 3435 3482 τῆς
3457 3413 3718 3484 οὐρανίου

2127 3509 2410 3580 φάλαγγος
2443 3507 2760 3580 ταξιάρχης,
2792 3507 2820 3559 6
2849 3509 2906 3560 ἐν
2935 3506 3112 3577 ἐαυτῷ
3143 3505 3282 3575 ἔχων
3329 3505 3422 3558 τὸν
3468 3505 3714 3576 Χριστὸν

2127 3600 2410 3666 λαλοῦντα,
2441 3601 2469 3652 ό
2492 3599 2562 3652 τὰ
2595 3598 2870 3668 στίγματα
2893 3596 2990 3650 τοῦ
3029 3595 3266 3669 Χριστοῦ
3298 3597 3355 3649 ὲν
3380 3595 3458 3666 τῷ
3496 3595 3717 3666 σώματι

2129 3693 2470 3763 περιφέρων,
2508 3692 2537 3744 6
2588 3691 2759 3761 μέγας
2807 3689 3125 3751 διδάσκαλος
3169 3688 3268 3757 τῆς
3303 3687 3658 3757 Ἐκκλησίας,
3683 3691 3713 3740 6

2132 3787 2358 3859 μυρίους
2383 3787 2644 3850 θανάτους
2670 3787 2793 3839 καθ’
2821 3786 3057 3855 ἑκάστην
3086 3785 3225 3856 ὑπὲρ
3254 3784 3355 3854 τῆς
3382 3783 3717 3854 Ἐκκλησίας

2130 3882 2436 3951 ὑπομένων,
2465 3881 2493 3932 6
2525 3881 2582 3932 ἐν
2613 3880 2801 3950 Κυρίῳ
2837 3877 3190 3948 καυχώμενος
3239 3881 3331 3929 καὶ
3384 3878 3504 3938 ταῖς
3553 3874 3722 3938 ίδίαις

2129 3972 2290 4043 235
2318 3973 2642 4036 ἀσθενείαις,
2675 3975 2703 4024 ὀ
2733 3972 2830 4042 τὴν
2861 3973 3020 4041 χάριν
3046 3969 3137 4022 τοῦ
3177 3967 3413 4039 Χριστοῦ
3444 3969 3501 4020 ὲν
3534 3967 3723 4036 ἐαυτῷ

2131 4066 2401 4138 βρύουσαν
2429 4066 2586 4136 ἔχων,
2613 4066 2642 4117 6
2670 4063 2944 4132 γλώσσαις
2957 4065 3006 4110 ι’
3035 4063 3212 4117 λαλῶν
3258 4063 3390 4115 πᾶσι
3421 4063 3533 4122 τοῖς
3563 4058 3724 4112 ἔθνε-

2132 4178 2234 4226 σιν,
2261 4163 2288 4214 6
2312 4159 2441 4212 ποτὲ
2468 4157 2722 4227 διώκτης,
2749 4157 2844 4211 νῦν
2863 4155 2919 4210 δὲ
2944 4155 3296 4224 διωκόμενος,
3319 4155 3348 4206 6
3376 4152 3503 4205 ποτὲ
3525 4151 3722 4221 ἀμαρ-

2129 4251 2318 4316 τωλὸς,
2345 4251 2442 4305 νῦν
2489 4251 2546 4303 δὲ
2578 4249 2899 4320 ἠλεημένος,
2939 4250 2968 4302 6
2999 4248 3104 4312 ἓως
3131 4248 3314 4318 τρίτου
3348 4245 3581 4317 οὐρανοῦ
3610 4247 3722 4316 ἀρ-

2132 4344 2328 4413 παγεὶς
2356 4344 2450 4396 καὶ
2483 4342 2646 4396 πάλιν
2676 4343 2756 4405 είς
2782 4341 2872 4395 τὸν
2896 4341 2940 4372 ¹³
2971 4339 3320 4410 παράδεισον,
3344 4341 3372 4392 6
3401 4337 3509 4389 τῶν
3538 4338 3727 4406 6661'}-

2131 4454 2240 4490 των
2272 4437 2531 4508 ῥημάτων
2573 4433 2866 4504 ἀκουστὴς,
2900 4435 2928 4486 6
2967 4432 3076 4486 τῶν
3124 4429 3510 4500 πνευματικῶν
3554 4445 3726 4498 χαρι-

449 4532 569 4570 rum
613 4517 930 4590 designatus
983 4521 1170 4590 iudex,
1222 4537 1452 4592 magnus
1509 4527 1872 4591 canonarcba,
1925 4542 2022 4581 seu

2131 4530 2352 4599 σμάτων
2381 4527 2706 4598 κεκριμένος
2734 4525 3017 4596 δικαστὴς,
3044 4528 3072 4580 6
3107 4526 3278 4596 μέγας
3307 4521 3655 4592 κανονάρχης
3675 4522 3724 4554 ιδ

446 4621 771 4677 praecentor,
806 4628 869 4668 ac
900 4629 1164 4682 superans
1197 4615 1431 4684 reliquos
1460 4618 1714 4672 Ecclesiae
1755 4620 2024 4676 doctores.

445 4702 667 4770 Paulus,
712 4707 870 4776 cujus
905 4707 1158 4762 salutatio
1203 4707 1257 4761 in
1298 4709 1554 4764 omnibus
1596 4711 1841 4786 epistolis
1883 4714 2031 4768 velut

448 4796 586 4868 signi
618 4797 760 4861 loco,
791 4799 975 4855 Gratia
1004 4801 1223 4856 Domini
1258 4811 1359 4857 est.
1395 4803 1494 4858 llic
1523 4819 1738 4874 semper
1769 4805 1821 4858 in
1850 4807 2027 4860 omni-

447 4889 551 4944 bus
573 4891 842 4960 eplstolis,
908 4894 1076 4949 veluti
1120 4896 1232 4965 jam
1271 4896 1444 4951 altero
1493 4897 1613 4952 vitae
1665 4898 1834 4952 beata:
1885 4908 2028 4953 statu

448 4978 744 5048 frueretur,
803 4986 1234 5042 exsultabundus
1281 5000 1335 5042 et
1388 4999 1572 5043 certus
1597 4989 1728 5059 agit,
1765 4999 1819 5043 et
1861 4990 2028 5045 veluti

450 5072 611 5138 (cum
663 5075 907 5146 Christo)
969 5080 1372 5134 consurrexerit
1432 5096 1497 5134 ac
1550 5081 1880 5145 consederit,
1939 5080 2026 5133 di-

448 5180 581 5229 Ct'us
615 5184 628 5220 :
663 5186 681 5216 ‹
731 5167 789 5222 In
827 5169 1142 5228 coelestibus
1181 5173 1297 5244 spei
1337 5173 1448 5229 dati
1496 5189 1716 5239 sumus;
1773 5195 1789 5225 ι
1834 5185 1889 5229 et
1921 5175 2024 5234 alia

2128 4623 2224 4674 καὶ
2263 4620 2605 4690 ὑπερϐαίνων
2646 4621 2774 4682 τοὺς
2821 4619 3044 4682 λοιποὺς
3085 4617 3437 4678 διδασκάλους
3467 4614 3728 4684 τῆςἘκ-

2130 4715 2357 4783 κλησίας
2407 4712 2638 4777 Παῦλος,
2681 4707 2742 4766 οὗ
2791 4711 2880 4764 ό¹⁵
2922 4711 3214 4780 ἀσπασμὸς
3259 4713 3317 4764 ἐν
3359 4711 3564 4773 πάσαις
3592 4712 3730 4772 ταῖς

2131 4801 2444 4870 ἐπιστολαῖς
2462 4805 2648 4870 αὑτοῦ,
2667 4804 2743 4868 ὡς
2777 4805 2834 4857 ἐν
2861 4802 3012 4868 τάξει
3038 4803 3287 4875 σημείου,
3319 4803 3353 4874 ή
3375 4803 3539 4871 χάρις
3562 4801 3726 4854 ἐστὶν

2127 4899 2220 4951 τοῦ
2251 4897 2480 4968 Κυρίου,
2509 4889 2662 4958 οὗτος
2696 4894 2925 4949 καθόλου
2968 4895 3025 4946 ἐν
3059 4895 3260 4956 πάσαις
3301 4895 3420 4956 ταῖς
3447 4891 3647 4944 ἐαυτοῦ
3676 4892 3732 4922 ¹⁶

2139 4989 2471 5051 ἐπιστολαῖς,
2508 4987 2583 5050 ὡς
2617 4986 2718 5056 ἠδη
2753 4986 3044 5055 γενόμενος
3078 4986 3137 5037 ἐν
3165 4987 3232 5053 τῇ
3281 4981 3511 5052 δευτέρᾳ⁸
3545 4998 3732 5034 κατα-

2137 5083 2345 5144 στάσει,
2382 5078 2632 5149 γεγηθὼς
2671 5078 2764 5132 καὶ
2799 5078 3074 5140 πεποιθὼς
3110 5076 3360 5140 διατελεῖ,
3395 5075 3730 5143 συνήγειρεν

2133 5176 2227 5228 καὶ
2278 5172 2652 5237 συνεκάθισεν,
2684 5171 2968 5241 φάσκων¹⁷
2993 5188 3005 5200 ·
3045 5170 3165 5222 «Ἐν
3208 5170 3322 5232 τοῖς
3368 5164 3736 5249 ἐπουρανίοις

1747 5355 1978 5410 VARle
2009 5353 2413 5412 IEC'I‘IONES.

572 5494 594 5526 ³
624 5495 713 5549 καὶ
749 5470 1060 5564 ἀποστείλῃ.
1117 5496 1236 5550 Act.
1269 5511 1350 5556 ιιι.
1384 5495 1474 5564 2ο.

1444 5500 1474 5545 l.
1579 5494 1600 5527 ‘
1629 5494 1925 5556 Μωῦσέως.
1960 5495 2026 5547 DC

1444 5561 1464 5596 ’-
1495 5567 1759 5635 μακάριος
1792 5565 1849 5619 Ρ.
1897 5566 2026 5618 Con!

2157 5509 2287 5546 xvm
2348 5493 2433 5544 I3.
2511 5493 2532 5521 ⁵
2563 5493 2648 5543 τό.
2690 5493 2770 5541 ὅτι
2829 5493 2868 5540 Ρ
2898 5493 3029 5540 sola.
3103 5493 3124 5515 ⁵
3158 5493 3337 5536 πάλιν.
3371 5493 3460 5535 24.
3540 5493 3559 5512 "
3585 5493 3726 5538 ἀπό.

2131 5604 2140 5614 .
2175 5563 2263 5619 ss.
2293 5534 2354 5624 i1,
2392 5557 2942 5635 D,90.A.‘.195._D_._
2977 5558 3102 5635 29-7,
3147 5553 3206 5609 Β.
3249 5551 3574 5635 sanant-ue
3617 5569 3730 5635 usu

2511 5491 2532 5521 ⁸
2563 5490 2648 5543 τό.
2690 5489 2770 5541 ὅτι
2827 5487 2868 5540 Ρ
2898 5485 3029 5540 sola.
3103 5485 3124 5515 ⁶
3158 5484 3337 5536 πάλιν.
3371 5482 3460 5535 24.
3539 5481 3563 5512 ⁷
3585 5482 3726 5538 ἀπό.

452 5623 696 5686 vocabuli
728 5637 1036 5712 μακαρίτης
1058 5636 1349 5712 _Be_ntle_ius
1375 5623 1686 5712 inpiorum.
1738 5623 2026 5712 I1_esp._ad_

2131 5635 2207 5695 ,'I.,
2235 5649 2287 5701 ῃ,
2316 5623 2584 5692 1759,7160.
2621 5630 2766 5698 Lips.
2850 5629 2891 5657 ¹⁰
2918 5630 2999 5712 ότι
3027 5626 3223 5712 πάείτςς
3248 5624 3316 5676 οἱ.
3425 5623 3632 5712 “axis;
3659 5623 3730 5705 Ῐξ.

546 5706 585 5736 ¹¹
613 5707 706 5756 καὶ
738 5708 854 5774 τήν.
893 5706 948 5758 δὲ
987 5705 1079 5758 καὶ
1111 5705 1205 5775 τὴν
1243 5707 1300 5759 Ρ.

456 5773 668 5831 ἑαυτοῦ.
696 5773 858 5830 αὐτοῦ
885 5776 943 5832 ιι.

1412 5707 1453 5736 ¹²
1482 5707 1729 5772 γλώσσας
1776 5707 1836 5759 Ρ.

1020 5777 1060 5808 ιτ
1083 5778 1324 5846 φάσκων.
1363 5776 1562 5847 Ephes.
1597 5793 1655 5842 II,
1691 5777 1741 5832 6ο

1917 5707 1959 5736 ”
1985 5706 2072 5757 τὸν
2106 5697 2213 5758 orn.
2236 5697 2299 5759 Ρ.
2382 5705 2422 5734 ¹”
2459 5702 2632 5755 κανὼν
2660 5697 2831 5770 ἀρχῆς
2866 5697 2977 5752 RV.

3092 5696 3134 5725 ¹⁵
3166 5696 3191 5746 6
3220 5709 3327 5747 om.
3355 5691 3413 5744 I‘.
3489 5692 3534 5722 “
3599 5697 3732 5756 ταῖς
