3870 6336
227 378 326 446 569

1412 328 1859 437 CIIRONICON'
1880 370 2285 432 PASCHALE.

3387 374 3494 438 570

220 488 314 544 καὶ
361 489 426 558 τῇ
470 484 652 541 ἐλπίδι
694 484 1065 557 ἐσώθημεν¹⁸,
1092 503 1109 536 ι
1147 485 1242 538 καὶ
1286 484 1421 538 ἄλλα
1454 480 1681 554 μυρίαᾶ
1710 479 1789 532 vix

1910 479 2154 544 inﬁnita,
2185 494 2307 550 quae
2340 494 2489 535 nunc
2532 494 2964 537 commemorare
3001 481 3146 538 haud
3180 494 3492 554 promptum

218 578 535 648 καταλέγειν
564 579 667 632 οὐκ
692 578 938 649 εὑχερές.
954 576 1144 630 Ἐνίων
1168 577 1227 629 δὲ
1264 574 1711 647 μνημονεύσομεν
1730 574 1795 636 ¹⁹,

220 673 303 724 ἵνα
330 672 406 742 μὴ
429 671 521 724 τὸν
542 670 707 738 λόγον
734 668 1088 741 μηκύνωμεν.
1107 668 1271 737 Λέγει
1293 667 1474 721 τοίνυν
1494 667 1552 718 ὲν
1568 668 1634 736 τῇ
1660 664 1798 735 πρὸς

219 759 536 831 Κορινθίους
586 758 784 832 πρώτῃ
800 761 849 792 ³ο
882 759 1172 831 Ἐπιστολῇ
1220 758 1428 823 οὕτως·
1468 778 1486 811 ι
1516 758 1577 810 El
1633 759 1691 809 ἐν
1725 758 1792 827 τῇ

220 853 326 924 ζωῇ
347 851 523 923 ταύτῃ
549 854 611 905 ἐν
638 850 863 924 Χριστῷ
887 852 1182 923 ἠλπικότες
1210 852 1379 922 ἐσμὲν
1410 850 1593 922 μόνον,
1626 848 1794 903 ἐλεει-

219 944 418 1012 νότεροι
479 943 700 998 πάντων
751 941 1055 1013 ἀνθρώπων
1110 942 1298 1013 ἐσμέν.
1348 960 1369 992 ι
1433 938 1595 993 Ἀλλὰ
1648 939 1704 992 τί
1723 940 1791 1006 ⁸⁸,

220 1035 413 1100 Παῦλε,
450 1034 591 1105 μετὰ
635 1034 735 1106 τὴν
767 1034 1002 1089 ἐνταῦθα
1035 1034 1183 1104 ζωὴν
1208 1034 1369 1088 ποίαν
1398 1030 1564 1101 ἄλλην
1606 1031 1794 1086 ἐλπίδα

220 1127 560 1198 ἐλπίζωμενς
607 1125 739 1193 Ναὶ,
773 1125 961 1196 φησὶν,
994 1125 1111 1179 ἔστι
1157 1142 1243 1189 τις
1282 1124 1550 1197 κρείττων
1574 1125 1622 1157 ¹²
1653 1123 1788 1193 ζωὴ,

224 1217 410 1290 ίσχυρὰ
457 1219 554 1272 καὶ
602 1217 876 1289 οὐράνιος,
909 1216 1031 1288 μεθ’
1057 1219 1222 1285 ὅρκου
1263 1215 1416 1287 παρὰ
1446 1214 1582 1269 Θεοῦ
1614 1216 1789 1283 ἐπαγ-

220 1311 534 1381 γελλομένη.
569 1311 709 1383 Φησὶ
721 1310 768 1342 ³³
790 1309 932 1378 γάρ’
975 1307 1097 1361 «Ἐν
1190 1307 1576 1378 περισσότερον
1606 1304 1791 1377 βουλόσ

224 1420 375 1474 μενος
403 1407 433 1458 ὁ
457 1404 592 1467 Θεὸς
626 1401 915 1467 ἐνδεῖξαιίδ
949 1403 1063 1464 τοῖς
1105 1399 1462 1471 κληρονόμοις
1484 1399 1586 1469 τῆς
1620 1401 1791 1467 ἐπαγ-

220 1496 398 1565 γελίας
424 1497 489 1551 τὸ
509 1495 848 1568 ἀμετάθετον
871 1493 971 1564 τῆς
1002 1493 1201 1564 βουλῆς
1227 1490 1396 1548 αὑτοῦ
1436 1489 1789 1561 ἐμεσίτευσεν

220 1588 380 1658 ὅρκῳ,
407 1588 497 1641 ἵνα
538 1587 630 1642 διὰ
674 1586 769 1641 δύο
810 1586 1157 1659 πραγμάτων
1202 1582 1575 1655 ἀμεταθέτων,
1607 1583 1666 1635 ἐν
1706 1575 1790 1646 οἷς

221 1678 473 1732 ἀδύνατον
500 1678 811 1749 ψεύσασθαι
858 1679 952 1731 τὸν
992 1676 1147 1740 Θεὸν,
1181 1672 1407 1745 ἰσχυρὰν
1441 1670 1789 1744 παράκλησιν

1901 581 2003 627 est.
2055 571 2433 638 Quorumdam
2478 580 2664 627 tamen
2694 574 3036 630 mentionem
3088 575 3372 643 faciemus,
3420 593 3492 633 ne

1850 700 1855 705 η
1899 676 2210 716 sermonem
2243 661 2646 730 protrahamns.
2678 660 2881 718 Scribit
2924 679 3055 735 ergo
3088 663 3143 717 in
3184 664 3429 735 Epistula
3462 682 3479 721 ι

1897 753 1965 808 ad
2010 751 2327 807 Corinthios
2361 752 2414 807 in
2453 754 2571 808 haec
2608 753 2775 810 verba
2805 772 2819 807 :
2856 774 2875 806 c
2910 753 2968 809 Si
2999 755 3055 810 in
3086 754 3197 810 vita
3235 757 3335 812 hac
3364 772 3489 828 spe-

1898 852 2083 899 rantes
2144 845 2200 898 in
2237 844 2460 899 Christo
2519 859 2711 901 sumus
2756 852 3013 909 tantum,
3061 847 3490 905 miserabiliores

1895 934 2153 988 omnibus
2204 935 2519 991 hominibus
2569 951 2779 992 sumus.
2820 955 2840 989 ι
2899 937 3007 993 Sed
3043 939 3229 1006 enim,
3282 940 3487 1006 Paule,

1894 1038 2020 1099 post
2070 1029 2212 1084 hanc
2264 1030 2456 1098 vitam,
2517 1049 2640 1103 quae
2693 1048 2821 1104 spes
2871 1033 2978 1087 alia
3033 1033 3303 1103 speranda
3365 1036 3488 1090 est?

1901 1136 1920 1169 ι
1962 1116 2124 1183 Sane,
2163 1118 2362 1188 inquit,
2401 1120 2598 1175 melior
2632 1121 2745 1175 vita
2776 1132 2964 1187 restat,
3007 1121 3161 1176 firma
3207 1131 3264 1177 et
3297 1124 3487 1179 coales-

1893 1208 1983 1272 tis,
2008 1208 2367 1279 jurejurando
2396 1211 2554 1266 nobis
2590 1227 2620 1266 a
2650 1212 2761 1266 Deo
2783 1212 3077 1282 promissa.
3115 1211 3260 1265 Dicit
3281 1212 3432 1267 enim
3464 1227 3480 1265 :

1900 1298 1961 1353 In
1990 1314 2101 1369 quo
2127 1301 2496 1356 abundantius
2528 1303 2720 1357 volens
2755 1303 2899 1357 Deus
2933 1302 3226 1356 ostendere
3248 1301 3483 1356 heredi-

1890 1390 1996 1445 bus
2036 1391 2419 1462 promissionis
2449 1392 2884 1448 immobilitatem
2916 1392 3129 1448 consilii
3173 1393 3279 1453 sui,
3309 1393 3485 1447 inter-

1890 1484 2077 1554 posuit
2122 1484 2533 1555 jusjurandum,
2581 1493 2642 1538 ut
2690 1500 2788 1554 per
2828 1485 2964 1539 duas
3018 1500 3106 1538 res
3153 1483 3479 1550 immobiles,

1892 1576 1948 1631 in
2002 1577 2201 1648 quibus
2254 1576 2596 1647 impossibile
2647 1586 2730 1631 est
2784 1576 3005 1631 mentiri
3060 1576 3230 1630 Deum
3282 1573 3479 1630 fortem

1890 1669 2322 1723 consolationem
2351 1667 2673 1731 habeamus,
2696 1667 2787 1737 qui
2813 1666 3179 1737 confugimus,
3196 1668 3263 1722 ad
3294 1676 3482 1723 tenen-

219 1769 424 1841 ἔχωμεν
451 1772 500 1825 οί
532 1769 945 1840 καταφυγόντες
971 1767 1245 1840 κρατῆσαι
1283 1767 1383 1836 τῆς
1419 1762 1789 1835 προκειμένης

1892 1760 2015 1816 dam
2047 1760 2385 1831 propositam
2412 1774 2585 1829 spem,
2620 1774 2781 1830 quam
2808 1758 2952 1813 sicut
2980 1760 3278 1813 anchoram
3310 1759 3479 1814 babe-

220 1859 445 1927 ἐλπίδος,
484 1859 554 1932 ην
590 1859 668 1925 ὡς
698 1859 946 1933 ἄγκυραν
980 1859 1180 1929 ἔχομεν
1219 1856 1319 1930 τῆς
1364 1855 1544 1925 ψυχῆς
1571 1854 1789 1924 ἀσφαλῆ

1895 1864 2019 1904 mus
2055 1850 2272 1913 animm,
2304 1856 2589 1918 tutamque
2626 1863 2691 1903 ac
2734 1847 2942 1902 firmam
2985 1857 3041 1902 et
3078 1848 3477 1919 ingredientem

218 1967 275 2003 τε
300 1952 391 2005 καὶ
416 1951 645 2022 βεϐαίαν
663 1951 758 2005 καὶ
784 1950 1177 2022 εἰσερχομένην
1205 1949 1288 2012 είς
1314 1947 1377 2001 τὺ
1407 1947 1675 2017 ἐσώτερον
1700 1945 1792 1999 τοῦ

222 2042 722 2113 καταπετάσματος,
756 2044 891 2097 ὃπου
927 2041 1235 2113 πρόδρομος
1263 2038 1404 2113 ὑπὲρ
1427 2037 1584 2110 ἡμῶν
1614 2036 1795 2107 είσῆλ·

222 2131 306 2186 θεν
328 2134 537 2206 Ἰησοῦς
582 2135 731 2190 κατὰ
780 2134 878 2206 τὴν
930 2131 1083 2198 τάξιν
1115 2129 1454 2202 Μελχισεδὲκ
1503 2129 1795 2201 ἀρχιερεὺς

221 2224 500 2294 γενόμενος
524 2227 606 2289 είς
632 2224 725 2279 τὸν
751 2226 945 2279 αἰῶνα.
977 2242 997 2276 ι

284 2316 391 2369 Καὶ
421 2310 586 2371 πᾶλιν
604 2318 681 2350 ’δ’
719 2337 739 2369 ι
768 2315 1135 2381 Γινώσκοντες
1160 2316 1304 2388 ἔχειν
1338 2315 1482 2387 ὑμᾶς
1508 2312 1793 2385 κρείττονα

221 2404 447 2478 ὕπαρξιν
490 2407 587 2461 καὶ
634 2407 922 2479 μένουσαν.
954 2425 973 2458 ι
1019 2408 1132 2462 Kal.
1175 2405 1428 2461 πάλιν²⁶⁶
1467 2424 1486 2457 ι
1518 2401 1609 2455 Διὸ
1639 2401 1794 2471 βασι.

219 2499 361 2553 λείαν
402 2498 702 2553 ἀσάλευτον
751 2498 1291 2571 παραλαμϐάνοντες.
1324 2516 1344 2550 ι
1379 2497 1492 2552 Καὶ
1525 2496 1688 2552 πάλιν
1705 2496 1752 2528 ⁸⁷
1772 2512 1790 2529 ⁸

225 2609 242 2642 ι
270 2592 342 2646 οὐ
374 2592 485 2663 γὰρ
514 2592 713 2664 ἔχομεν
737 2586 841 2646 ὧδε
877 2592 1145 2663 μένουσαν
1172 2591 1347 2657 πόλιν,
1377 2584 1513 2646 ἀλλὰ
1539 2588 1638 2662 τὴν
1666 2589 1794 2662 μέλο-

219 2680 408 2740 λουσαν
426 2685 814 2758 ἐπιζητοῦμεν.
844 2704 864 2737 ι
887 2685 1000 2739 Καὶ
1014 2684 1061 2718 ’⁸
1082 2685 1241 2741 πάλιν
1262 2686 1307 2717 ²⁹
1326 2700 1342 2717 ’
1371 2702 1390 2735 ι
1414 2685 1660 2756 Παράγει
1681 2684 1792 2757 γὰρ

18 2728 19 2741 χ
219 2728 403 2740 πη--.
426 2728 814 2758 -....,.,.--,..-..
844 2728 861 2737 -
888 2728 999 2739 ...η
1373 2728 1390 2735 -
1415 2728 1660 2756 ....,...,-.
1693 2728 1790 2757 ...Γ

18 2766 19 2831 ξ
132 2818 139 2829 .
218 2775 274 2827 τέ
294 2777 481 2847 σχῆμα
531 2775 627 2830 τοῦ
679 2777 888 2849 κόσμου
943 2776 1160 2832 τούτου.
1195 2796 1214 2829 ›
1250 2777 1361 2831 Καὶ
1388 2776 1551 2831 πάλιν
1568 2775 1650 2807 ³ο·
1685 2795 1703 2827 ι
1727 2776 1792 2830 Ἦ

217 2863 271 2917 δὲ
298 2864 548 2919 εὐσέϐεια
576 2865 715 2937 πρὸς
748 2866 925 2921 πάντα
950 2866 1227 2937 ὠφέλιμός
1252 2868 1422 2933 ἐστιν,
1455 2863 1791 2934 ἐπαγγελίαν

218 2952 406 3022 ἔχουσα
444 2952 592 3024 ζωῆς
621 2957 719 3029 τῆς
747 2955 844 3010 νῦν
874 2956 968 3010 καὶ
993 2957 1094 3027 τῆς
1124 2954 1443 3026 μελλούσης.
1475 2972 1495 3007 1
1532 2954 1641 3008 Καὶ
1682 2954 1790 3009 πά-

217 3044 343 3097 λιν²¹
370 3061 385 3077 ·
422 3029 722 3117 ιἈδελιροὶ,
754 3046 866 3117 ἐγὼ
892 3048 1128 3119 ἐμαυτὸν
1158 3046 1314 3102 οὔπω
1342 3046 1627 3117 λογίζομαι
1655 3063 1791 3099 κατ-

1896 1941 1953 1995 in
2007 1940 2240 1997 interius
2286 1940 2596 2007 velaminis,
2649 1939 2741 1994 ubi
2803 1955 3110 2010 prrecursor
3160 1956 3261 2010 pro
3317 1940 3479 1997 nobis

1896 2027 2144 2083 introivit
2197 2028 2358 2083 Jesus
2414 2028 2717 2083 secundum
2766 2028 3018 2084 ordinem
3076 2028 3476 2101 Melchisedec,

1895 2119 2142 2176 Pontifex
2170 2119 2345 2176 factus
2376 2121 2432 2175 in
2452 2128 2739 2176 aeternum.
2773 2138 2793 2171 ι

1966 2327 2033 2383 Et
2058 2343 2274 2383 rursum
2309 2346 2322 2382 :
2367 2347 2384 2378 ι
2420 2325 2668 2382 Scientes
2692 2326 2896 2382 habere
2921 2340 3017 2381 vos
3040 2328 3318 2382 meliorem
3343 2334 3473 2382 sub-

1894 2415 2153 2473 stantiam
2215 2424 2272 2470 et
2313 2424 2751 2486 permanentem.
2800 2435 2820 2467 ›
2867 2418 2934 2470 Ει
2978 2417 3177 2472 iterum
3227 2437 3240 2472 :
3285 2438 3303 2469 ι
3336 2417 3473 2484 Qua-

1891 2517 2120 2581 propter
2160 2523 2386 2580 regnum
2437 2507 2718 2563 immobile
2761 2508 3116 2579 accipientes.
3174 2528 3193 2561 ›
3238 2512 3306 2566 Et
3352 2528 3476 2566 rur-

1893 2614 2015 2655 sum
2050 2616 2063 2651 :
2111 2617 2129 2651 ι
2166 2598 2290 2653 Non
2329 2597 2476 2653 enim
2505 2597 2772 2653 habemus
2816 2597 2903 2653 hic
2939 2607 3251 2653 manentem
3278 2600 3474 2654 civita-

1896 2698 2026 2755 tem,
2059 2691 2154 2746 sed
2200 2689 2439 2745 futuram
2478 2689 2831 2760 inquirimus.
2877 2689 3116 2745 Rursum
3155 2709 3167 2743 :
3218 2710 3236 2741 ι
3284 2689 3468 2746 Pietas

1892 2780 1962 2837 ad
1999 2780 2183 2836 omnia
2227 2779 2379 2835 utilis
2411 2787 2516 2845 est,
2564 2795 2688 2851 quae
2741 2779 3163 2851 promissionem
3211 2780 3375 2835 habet
3418 2789 3476 2835 ct

1890 2873 2181 2944 praesentis
2227 2872 2355 2928 vita:
2407 2880 2463 2927 et
2501 2872 2721 2929 futurae.
2759 2891 2779 2925 ι
2830 2872 3069 2928 Rursum
3110 2893 3123 2928 :
3165 2894 3183 2928 ι
3233 2874 3469 2939 Fratres,

1891 2981 1992 3037 ego
2019 2965 2293 3037 meipsum
2328 2980 2442 3021 non
2482 2966 2722 3022 arbitror
2759 2968 3263 3037 comprehendisse,
3300 2984 3473 3022 unum

1891 3068 2100 3125 autem,
2136 3074 2259 3130 quae
2306 3059 2529 3131 quidem
2575 3066 2723 3114 retro
2761 3058 3113 3126 obliviscens,
3144 3060 3211 3114 ad
3250 3075 3316 3117 ea
3341 3074 3474 3115 vero

217 3135 508 3209 ειληρέναι,
561 3138 619 3191 ἐν
660 3138 739 3203 δὲ,
785 3137 856 3192 τὰ
905 3139 1006 3210 μὲν
1052 3138 1229 3192 ὀπίσω
1276 3137 1787 3209 ἐπιλανθανόμενος,

1893 3167 2013 3224 qua:
2047 3160 2177 3207 sunt
2218 3152 2400 3223 priora
2428 3158 2685 3206 extentus
2716 3192 2730 3216 ,
2761 3151 2829 3205 ad
2873 3167 3101 3222 scopum
3136 3152 3470 3207 destinatum

215 3233 319 3294 τοίς
348 3230 406 3284 δὲ
448 3230 766 3303 ἔμπροσθεν
811 3231 1278 3303 ἐπεκτεινόμενος,
1308 3230 1449 3286 κατὰ
1482 3230 1682 3285 σκοπὸν
1709 3231 1792 3284 διο

217 3318 335 3376 ὠκω
350 3322 394 3354 ³¹
420 3324 502 3386 είς
523 3322 587 3376 τὸ
622 3322 877 3394 βραϐεῖον
899 3324 999 3393 τῆς
1022 3325 1134 3377 ἄνω
1161 3323 1409 3395 κλήσεως
1432 3322 1527 3377 τοῦ
1555 3322 1692 3378 Θεοῦ
1729 3324 1789 3377 ἐν

216 3409 428 3483 Χριστῷ
459 3410 825 3484 ’1ησοῦ.”οσοι
857 3409 951 3467 οῦν
979 3412 1196 3480 τέλειοι,
1230 3412 1390 3468 τοῦτο
1422 3415 1726 3486 φρονῶμεν.
1763 3433 1783 3466 ι

217 3500 317 3555 Καὶ
361 3503 627 3558 πάλινυ·
659 3524 679 3557 ι
701 3504 887 3577 Ἦμῶν
934 3504 993 3559 δὲ
1032 3504 1095 3558 τὸ
1130 3504 1425 3577 πολίτευμα
1454 3509 1513 3560 ἐν
1540 3507 1789 3580 οὐρανοῖς

219 3592 463 3667 ὑπάρχει,
492 3595 556 3662 ἐξ
594 3588 658 3651 οῦ
700 3598 796 3651 καὶ
844 3597 1083 3669 Σωτῆρα
1124 3597 1538 3670 ἀπεκδεχόμεθα
1583 3598 1789 3669 Κύριον

226 3684 444 3757 Ἰησοῦν,
468 3688 530 3753 ὃς
576 3689 1044 3761 μετασχηματίσει
1089 3690 1152 3744 τὸ
1191 3689 1351 3761 σῶμα
1394 3691 1494 3763 τῆς
1520 3688 1788 3744 ταπεινὼ-

220 3793 346 3841 σεως
385 3780 550 3851 ἡμῶν
593 3782 675 3844 είς
717 3781 778 3835 τὸ
807 3780 1062 3851 γενέσθαι
1094 3780 1228 3835 αὐτὸ
1245 3779 1298 3813 ³⁸
1347 3780 1671 3853 σύμμορφον
1706 3780 1788 3853 τῷ

220 3870 421 3941 σώματι
440 3872 485 3904 ³³
514 3875 615 3944 τῆς
642 3872 802 3943 δόξης
841 3872 1029 3927 αὐτοῦ.
1065 3892 1085 3925 ›
1115 3872 1228 3927 Καὶ
1259 3873 1421 3931 πάλιν
1442 3873 1488 3906 ³⁸
1508 3890 1522 3904 ·
1562 3892 1581 3925 ι
1610 3874 1789 3944 Προσ⁶

216 3962 481 4035 δεχόμενοι
513 3963 615 4037 τὴν
648 3965 922 4037 μακαρίαν
951 3960 1142 4019 ἐλπίδα
1187 3966 1283 4019 καὶ
1322 3965 1644 4035 ἐπιφάνειαν
1683 3963 1788 4036 τῆς

214 4054 360 4128 δόξης
408 4057 575 4129 236
616 4057 711 4110 τοῦ
763 4057 1000 4128 μεγάλου
1042 4056 1179 4111 Θεοῦ
1212 4059 1308 4112 καὶ
1333 4058 1585 4129 Σωτῆρος
1626 4057 1786 4129 ἡμῶν

229 4146 391 4217 Ἰησοῦ
423 4148 692 4220 Χριστοῦ.
725 4169 745 4203 ι
783 4152 894 4206 Καὶ
940 4151 1101 4206 πάλιν
1120 4152 1198 4184 ’τ’
1235 4170 1254 4203 ι
1288 4152 1352 4204 Et
1382 4148 1476 4205 οὖν
1518 4150 1785 4222 συνηγέρ-

217 4234 336 4304 θητε
362 4236 442 4308 τῷ
467 4237 715 4310 Χριστῷ,
740 4238 809 4293 τὰ
838 4239 950 4294 ἄνω
979 4240 1212 4311 ζητεῖτε,
1235 4232 1295 4293 οῦ
1324 4243 1353 4295 ό
1381 4240 1617 4312 Χριστός
1637 4241 1785 4295 ἐστιν

217 4325 267 4378 ἐν
289 4327 577 4401 δεξιᾷ’τοῦ
605 4328 744 4383 Θεοῦ
790 4330 1100 4402 καθήμενος
1122 4347 1136 4361 ·
1166 4330 1236 4384 τὰ
1266 4330 1379 4385 ἄνω
1407 4333 1677 4401 φρονεῖτε,
1709 4329 1785 4402 μὴ

216 4416 278 4471 τὲι
320 4420 411 4473 ἐπὶ
455 4423 556 4493 τῆς
592 4421 717 4493 γῆς.
750 4441 770 4474 ι
822 4423 933 4477 Καὶ
965 4421 1127 4475 πάλιν
1146 4421 1191 4452 ³⁸
1211 4438 1225 4452 ·
1261 4439 1280 4472 ι
1312 4420 1484 4474 Τοῦτο
1513 4419 1621 4491 γὰρ
1652 4420 1783 4490 ὑμῖν

1892 3260 2193 3317 persequor
2225 3243 2293 3299 ad
2333 3245 2584 3300 bravium
2624 3259 2877 3314 supernae
2917 3244 3223 3317 vocationis
3268 3242 3365 3299 Dei
3414 3243 3471 3298 in

1890 3334 2111 3389 Christo
2145 3333 2297 3388 Jesu.
2326 3332 2650 3403 Quicunque
2680 3347 2809 3403 ergo
2838 3348 3029 3387 sumus
3072 3332 3323 3403 perfecti,
3366 3332 3472 3388 hoc

1890 3424 2211 3480 sentiamus.
2252 3444 2270 3476 ι
2303 3424 2368 3479 Et
2404 3439 2621 3479 rursum
2668 3442 2681 3477 :
2718 3442 2738 3476 ι
2788 3423 2980 3478 Nostra
3008 3432 3199 3500 autem
3232 3438 3472 3478 conver-

1890 3517 2027 3572 satio
2059 3517 2113 3571 in
2139 3516 2291 3572 cmlis
2314 3525 2416 3583 est,
2450 3515 2596 3571 unde
2624 3515 2789 3571 etiam
2818 3515 3155 3571 Salvatorem
3182 3524 3471 3588 exspecta-

1889 3625 2013 3666 mus
2036 3609 2322 3665 Dominum
2353 3609 2564 3676 Jesum,
2591 3609 2682 3679 qui
2716 3609 3035 3665 reformabit
3064 3626 3265 3680 corpus
3288 3611 3471 3666 humi-

1887 3700 2059 3756 litatis
2083 3708 2286 3756 nostra:
2312 3700 2713 3773 conﬁguratum
2741 3701 2957 3772 corpori
2981 3701 3248 3759 claritatis
3271 3718 3406 3758 sum.
3444 3724 3465 3755 ι

1890 3792 1957 3846 Et
1977 3790 2171 3845 iterum
2196 3809 2213 3846 :
2262 3811 2281 3843 ι
2312 3789 2707 3861 Exspectantes
2736 3790 2951 3847 beatam
2976 3807 3150 3862 spem,
3180 3803 3237 3848 et
3258 3793 3470 3849 revela-

1889 3882 2094 3938 tioncm
2127 3881 2313 3953 gloriae
2335 3882 2513 3953 magni
2550 3880 2667 3947 Dei,
2692 3891 2749 3935 et
2787 3880 3083 3936 Salvatoris
3129 3883 3303 3938 nostri
3337 3882 3472 3938 Jesu

1886 3970 2112 4027 Christi.
2166 3991 2185 4024 ι
2237 3973 2307 4027 Et
2350 3989 2569 4028 rursum
2613 3990 2628 4026 :
2684 3993 2702 4024 ι
2758 3970 2815 4026 Si
2858 3988 2989 4043 ergo
3038 3975 3471 4031 consurrexistis

1886 4078 2011 4117 cum
2035 4061 2253 4117 Christo
2277 4078 2397 4133 qua:
2416 4078 2631 4117 sursum
2657 4071 2785 4117 sunt
2809 4062 3054 4133 quaerite,
3082 4062 3176 4117 ubi
3208 4063 3470 4120 Christus

1886 4163 1970 4209 est
1990 4154 2045 4207 in
2071 4155 2294 4209 dextera
2324 4154 2420 4208 Dei
2454 4153 2675 4219 sedens,
2707 4170 2828 4224 quae
2857 4169 3076 4208 sursum
3107 4164 3238 4209 sunt
3270 4157 3467 4226 sapite,

1884 4261 1996 4303 non
2019 4261 2140 4315 quae
2164 4262 2330 4316 super
2368 4254 2586 4301 terram.
2631 4265 2649 4297 ι
2685 4244 2751 4300 Ει
2780 4246 2888 4300 alio
2923 4244 3048 4301 loco
3084 4264 3097 4301 :
3128 4266 3148 4297 ‹
3180 4244 3294 4301 [loc
3321 4248 3466 4302 enim

1883 4335 2043 4392 vobis
2072 4335 2303 4391 dicimus
2334 4336 2391 4391 in
2422 4336 2594 4391 verbo
2623 4334 2870 4401 Domini,
2901 4338 3047 4408 quod
3082 4354 3183 4393 nos
3205 4338 3300 4410 qui
3329 4339 3467 4394 vivi-

1886 4444 2027 4491 mus,
2060 4428 2153 4499 qui
2188 4428 2390 4483 residui
2426 4444 2617 4483 sumus
2642 4428 2697 4482 in
2743 4428 3037 4483 adventum
3089 4429 3328 4495 Domini,
3357 4446 3467 4484 non

214 4507 436 4582 λέγομεν
460 4512 519 4567 ἐν
538 4513 686 4585 λόγῳ
710 4514 941 4586 Κυρίου,
965 4515 1046 4568 ὅτι
1076 4515 1237 4586 ἡμεῖς
1259 4515 1308 4568 οί
1330 4513 1533 4579 ζῶντες
1556 4515 1606 4567 oi
1631 4530 1785 4584 περι-

1892 4519 2281 4590 praeveniemus
2327 4535 2421 4575 eos
2466 4519 2561 4589 qui
2608 4518 2968 4575 dormierunt.
3013 4517 3285 4584 Quoniam
3349 4518 3467 4588 ipsc

216 4600 512 4675 λειπόμενοι
555 4608 636 4670 είς
683 4606 785 4677 τὴν
828 4606 1131 4678 παρουσίαν
1184 4607 1277 4659 τοῦ
1331 4606 1560 4679 Κυρίου,
1591 4606 1652 4679 οῦ
1708 4607 1784 4679 μὴ

218 4691 484 4764 φθάσομεν
512 4697 638 4758 τοὺς
666 4676 1052 4767 κοιμηθέντας,
1082 4696 1165 4749 ὅτι
1191 4696 1352 4761 αὐτὸς
1383 4676 1471 4750 ὁὶθ
1501 4676 1784 4769 Κύριοςέν

218 4784 555 4858 κελεύσματι,
600 4788 661 4841 ἐν
710 4790 865 4858 φωνῇ
919 4787 1260 4859 ἀρχαγγέλου
1308 4788 1406 4842 καὶ
1437 4791 1496 4842 ἐν
1522 4788 1785 4858 σάλπιγγι

217 4876 340 4930 Θεοῦ
387 4880 759 4948 καταϐήσεται
798 4879 909 4934 ἀπὸ
953 4879 1207 4951 οὐρανοῦ,
1242 4880 1338 4935 καὶ
1389 4882 1437 4933 oi
1486 4882 1669 4952 νεκροὶ
1725 4882 1785 4934 ἐν

216 4966 426 5041 Χριστῷ
469 4972 857 5043 ἐγερθήσονται
883 4972 1120 5042 πρῶτον,
1149 4972 1341 5026 ἔπειτα
1370 4974 1532 5043 ἡμεῖς
1558 4975 1606 5026 οί
1641 4972 1782 5038 ζῶν-

214 5075 295 5123 τες
320 5064 370 5115 οἱ
399 5064 843 5136 περιλειπόμενοι
884 5065 1001 5137 ἅμα
1046 5066 1229 5131 αὐτοῖς
1261 5065 1698 5139 ἁρπαγησόμεθα
1725 5070 1782 5123 ὲν

1886 4611 2149 4666 Dominus
2178 4611 2233 4665 in
2264 4612 2446 4681 jussu,
2473 4612 2529 4666 in
2562 4627 2695 4667 voce
2736 4611 3070 4682 archangeli,
3125 4611 3178 4664 in
3209 4610 3337 4665 tuba
3371 4609 3467 4664 Dei

1882 4700 2180 4757 descendet
2206 4702 2274 4756 de
2304 4703 2463 4767 coelo,
2499 4711 2555 4758 et
2597 4702 2689 4773 qui
2732 4703 2939 4759 mortui
2974 4702 3026 4756 in
3058 4701 3282 4757 Christo
3315 4712 3463 4769 sunt,

1882 4802 2172 4862 exsurgent
2204 4792 2467 4863 primum,
2514 4793 2713 4848 deinde
2762 4810 2881 4858 nos,
2936 4793 3029 4863 qui
3073 4793 3328 4856 vivimus,
3375 4795 3467 4863 qui

1884 4881 2263 4950 relinquimur,
2294 4880 2595 4936 simulcurn
2627 4882 2758 4952 ipsis
2790 4884 3064 4953 rapientur
3092 4883 3146 4937 in
3188 4884 3380 4949 nubes,
3415 4885 3467 4937 in

1883 4986 2172 5028 occursum
2208 4971 2420 5026 Domini
2462 4971 2517 5025 in
2558 4988 2706 5035 aera,
2735 4982 2791 5027 et
2832 4974 2912 5029 sic
2943 4990 3162 5044 semper
3199 4990 3325 5030 cum
3358 4976 3462 5029 Do-

1882 5065 2033 5122 mino
2061 5067 2291 5122 erimus.
2322 5065 2510 5136 Itaque
2541 5066 2902 5122 consulamini
2927 5067 3165 5125 invicem
3197 5067 3252 5123 in
3290 5068 3467 5124 verbis

1495 5248 1730 5305 VARle
1763 5250 2175 5308 LECTIONES.

267 5402 306 5488 ξ’
328 5403 677 5488 ἐξέϐημεν-ξ’.
727 5408 790 5488 ,ξ’
819 5408 1452 5488 μνημονεύσωμεέθ-ΡνΖΔ
1494 5411 1775 5488 ἐ’-πρώτη.
1800 5428 1892 5488 ιγ,
1922 5414 2042 5488 19τέ
2069 5414 2112 5445 ’ί
2133 5414 2214 5488 τί.
2241 5413 2392 5488 τοί).
2462 5415 2508 5445 ’⁸
2535 5413 2771 5488 κρείττω
2800 5414 2884 5488 νη
2939 5413 3173 5488 ’δ-φησί.
3205 5414 3373 5488 llebr.
3405 5432 3460 5473 ν.

218 5470 295 5551 ῃ.
366 5474 415 5551 ff
437 5470 698 5551 ἐπιρεῖξαι
727 5476 789 5551 r.
819 5470 834 5479 '
865 5470 1125 5551 "Eram.
1163 5470 1218 5543 ἡ,
1243 5482 1359 5551 si.
1408 5481 1456 5511 ’θ
1485 5470 1668 5536 πάλὶν.
1702 5470 1800 5548 xii,
1830 5470 1918 5538 23.
1996 5483 2042 5514 ιτ
2072 5484 2257 5537 πάλιν.
2296 5483 2461 5540 llebr.
2502 5470 2622 5551 κιιί,
2652 5486 2737 5541 ιι.

258 5584 269 5594 .
342 5549 417 5617 πη
449 5549 629 5601 πάλιν.
661 5549 685 5600 ι
716 5549 843 5602 Cor.
876 5566 973 5615 vn,
1004 5549 1093 5604 51.
1199 5551 1243 5581 ³⁸
1272 5549 1454 5605 πάλιν.
1482 5552 1499 5605 l
1532 5553 1777 5607 Timotb.
1815 5569 1888 5617 Iv,
1917 5554 1972 5608 8.

218 5610 257 5691 ξ’
286 5616 578 5691 πᾲλινηῖο.
608 5689 621 5691 _
650 5618 871 5691 fabri?)
908 5610 993 5691 ll.
1051 5621 1097 5652 ³⁸
1130 5621 1207 5691 τῷ
1238 5620 1451 5691 σώματι
1485 5638 1593 5677 om.
1628 5623 1690 5691 l’,
1715 5610 1963 5679 addit'm.
2005 5623 2067 5677 Β.
2148 5625 2193 5656 ³⁸
2224 5625 2404 5679 πάλιν.
2442 5610 2635 5691 ’1“ἰι.ἰῖ,
2678 5627 2755 5680 15.

216 5539 269 5615 ξς.
370 5546 417 5576 ³³
449 5539 631 5601 πάλιν.
661 5547 685 5600 l
716 5548 843 5602 Cor.
876 5566 973 5615 \‘tt,
1004 5549 1093 5604 51.

218 5681 263 5733 l.
334 5688 376 5716 “
400 5689 579 5742 πάλιν.
606 5689 623 5741 1
648 5674 942 5755 Τὴεεείιν,
982 5690 1065 5746 lii.
1144 5674 1189 5723 ’δ
1210 5695 1236 5745 ὁ
1264 5674 1367 5747 mil.
1399 5693 1456 5747 ιι.

2844 5485 2888 5518 ³⁸
2919 5486 3014 5539 καὶ
3038 5485 3112 5525 -έ
3136 5485 3325 5537 τούτου
3356 5499 3464 5538 υιιι.

2113 5555 2156 5585 ³⁸
2190 5554 2375 5609 πάλιν.
2415 5555 2652 5625 Philipp.”
2686 5572 2766 5622 ιιι,
2804 5557 2883 5610 13.
2986 5555 3030 5585 ³⁸
3056 5552 3269 5608 διώκων
3300 5554 3361 5606 li.

2148 5625 2193 5656 ³⁸
2224 5625 2404 5675 πάλιν.
2442 5627 2546 5675 'l'il.
2584 5643 2635 5675 ll.
2678 5627 2755 5675 I5.
2849 5626 2894 5657 ³⁷
2924 5625 3100 5675 πάλιν.
3134 5623 3341 5675 (Iuloss.

2924 5637 3100 5679 παλιν.
3134 5637 3341 5679 Lotoss.
3381 5637 3463 5688 ιιι,
