3870 6336
379 324 478 388 571

1576 325 1831 387 CHRON
1844 326 2011 386 lCON
2049 324 2456 387 I’ASCHALE.

3530 322 3637 391 ἔιἹῖ

382 434 502 490 istis
558 454 576 486 ι
614 434 677 490 Et
709 452 927 491 rursum
963 455 975 491 :
1011 453 1033 490 ι
1062 437 1167 504 Qui
1195 438 1341 493 enim
1370 439 1488 494 lucc
1509 438 1718 499 dicunt.
1742 440 1949 511 signiti-

2055 442 2308 511 νεφέλαις
2351 443 2431 505 εἰς
2476 441 2780 513 ἀπήντησιν
2822 428 2920 495 τοῦ
2970 438 3176 512 Κυρίου
3223 439 3303 503 εἰς
3345 438 3503 508 ἀέρα,
3538 435 3635 494 καὶ

376 536 593 587 eant‘se
624 531 851 599 patriam
879 531 1172 603 inquirere.
1201 533 1269 587 Et
1290 533 1335 588 si
1364 533 1587 602 quidem
1625 533 1796 602 ipsius
1828 547 1949 588 me-

375 619 689 685 minissent,
719 620 788 675 de
819 636 926 690 qua
965 620 1232 687 exierunt,
1279 620 1559 674 habebant
1589 621 1777 689 utique
1809 631 1950 675 tem-

378 724 484 780 pus
504 711 810 766 revertendi
831 751 847 775 ,
877 727 1023 766 nunc
1052 724 1235 767 autem
1265 711 1546 765 meliorem
1577 718 1864 781 appetunt,
1897 710 1951 766 id

376 810 482 866 est,
527 802 827 856 caelestem.
873 802 1002 858 Ideo
1046 818 1157 857 non
1199 802 1556 858 confunditur
1603 802 1767 865 Deus,
1805 801 1950 855 Deus

377 893 561 947 vorari
602 907 792 948 eorum
839 911 852 947 :
898 893 1117 948 Paravit
1158 893 1304 948 enim
1348 894 1452 948 illis
1501 893 1803 948 civitatem.
1832 910 1851 944 ι
1884 892 1953 947 Et

372 982 503 1037 alibi
538 999 551 1035 :
595 1003 614 1035 ι
664 985 1028 1054 Exspectabat
1069 984 1217 1041 enim
1262 984 1617 1040 fundamenta
1658 983 1952 1039 habentem

376 1073 670 1139 civitatem,
696 1075 854 1143 cujus
883 1075 1076 1130 artifex
1116 1085 1172 1131 et
1199 1076 1452 1131 conditor
1482 1076 1643 1131 Deus.
1688 1093 1707 1126 ι
1745 1076 1812 1130 Et
1844 1073 1952 1129 alio

378 1165 531 1220 loco:
562 1185 581 1216 ι
613 1165 940 1221 Sanctorum
968 1167 1220 1223 minister
1242 1176 1298 1222 et
1319 1167 1654 1223 tabernaculi
1681 1163 1947 1229 veritatis,

376 1257 522 1325 quod
549 1256 663 1311 fixit
686 1257 965 1317 Dominus.
996 1268 1051 1312 et
1071 1273 1179 1312 non
1207 1259 1390 1313 homo.
1422 1277 1440 1310 ι
1471 1257 1613 1324 Quin
1642 1267 1697 1311 et
1726 1256 1781 1310 in
1801 1255 1955 1310 Actis

378 1348 767 1417 apostolorum,
802 1349 1021 1418 quando
1052 1350 1118 1403 ad
1154 1349 1375 1404 Festum
1415 1358 1477 1403 et
1516 1348 1809 1418 Agrippam
1852 1361 1955 1416 pro

380 1439 636 1493 tribunali
658 1440 916 1496 sedentes
949 1442 1112 1497 verba
1138 1441 1293 1503 fecit,
1328 1442 1445 1495 hmo
1468 1439 1604 1494 dixit
1637 1457 1650 1492 :
1688 1458 1706 1490 ι
1743 1437 1816 1492 lie
1846 1451 1953 1507 qua

381 1543 500 1597 spe,
536 1545 655 1595 rex,
690 1546 918 1585 accusor
946 1546 976 1585 a
1004 1531 1239 1585 Judaeis?
1276 1530 1417 1596 Quid
1455 1528 1780 1583 incredibile
1801 1526 1953 1597 judi-

379 1627 535 1672 catur
555 1620 700 1691 apud
726 1636 840 1685 vos,
872 1621 916 1675 si
949 1622 1089 1676 lteus
1118 1631 1363 1676 mortuos
1387 1620 1653 1675 suscitat?
1677 1638 1696 1671 ι
1734 1616 1799 1671 Ει
1830 1632 1953 1671 rur-

380 1724 501 1764 sum
539 1729 552 1764 :
605 1730 625 1763 ‹
674 1711 786 1767 llac
821 1727 889 1767 ex
932 1728 1099 1769 causa
1134 1728 1219 1768 me
1270 1711 1464 1774 Judaei,
1516 1725 1642 1766 cum
1691 1723 1866 1763 essem
1898 1708 1956 1761 in

2051 532 2225 597 οὕτως
2255 533 2482 586 πάντοτε
2520 534 2617 587 σὺν
2650 533 2842 604 Κυρίῳ
2887 532 3123 604 ἐσόμεθα
3145 549 3161 565 ·
3203 530 3347 585 ὥστε
3383 546 3637 601 παρακαη

2051 622 2193 676 λείτε
2227 622 2485 693 ἀλλήλους
2506 621 2552 654 δ’
2597 623 2658 675 ἐν
2698 623 2810 684 τοῖς
2841 620 3022 691 λόγοις
3067 619 3298 687 τούτοις.
3328 638 3348 672 ι
3383 617 3494 673 Καὶ
3523 618 3626 675 πά·

2050 712 2189 767 λινδι
2215 728 2231 744 ⁸
2269 731 2288 765 ι
2320 714 2383 766 Οί
2432 712 2541 785 γὰρ
2569 709 2795 766 τοιαῦτα
2822 710 3068 780 λέγοντες
3116 710 3506 780 ἐμφανίζουσιν
3544 708 3627 762 ὅτι

2053 803 2289 874 πατρίδα
2323 801 2695 874 ἐπιζητοῦσιν.
2714 802 2825 857 Καὶ
2846 804 2894 855 εί
2928 802 3026 873 μέν
3052 802 3266 873 ἐκείνης
3290 799 3627 872 ἐμνημόνευ-

2052 910 2174 959 σαν,
2206 892 2300 963 ἀφ’
2328 888 2397 966 ἦς
2431 892 2716 964 ἐξέϐησαν,
2748 889 2895 963 εἴχον
2925 892 2992 946 ἂν
3040 890 3230 962 καιρὸν
3269 889 3591 961 ἀνακάμψαι
3610 905 3628 920 ο

2051 984 2147 1038 νῦν
2178 985 2235 1038 δέ
2266 984 2575 1055 κρείττονος
2616 984 2922 1054 ὀρέγονται,
2952 982 3229 1037 τουτέστιν
3279 982 3627 1059 ἐπουρανίου.

2053 1073 2143 1127 Διὸ
2187 1074 2289 1128 οὐκ
2337 1072 2725 1144 ἐπαισχύνεται
2752 1074 2952 1137 αὐτοὺς
2977 1074 3005 1127 6
3031 1073 3163 1137 Θεὸς
3190 1073 3322 1137 Θεὸς
3352 1072 3633 1128 ἐπικαλεῖ-

2055 1163 2179 1217 σθαι
2211 1162 2390 1218 αὐτῶν
2414 1180 2428 1194 ·
2475 1164 2771 1235 Ἠτοίμασε
2802 1163 2905 1236 γὰρ
2931 1164 3115 1229 αὐτοῖς
3134 1164 3309 1219 πόλιν.
3341 1183 3361 1217 ι
3394 1165 3503 1219 Καὶ
3524 1165 3631 1219 πά-

2054 1252 2139 1305 λιν
2154 1252 2200 1283 ⁸⁸
2223 1271 2235 1287 ·
2280 1271 2299 1304 ι
2323 1251 2658 1323 Ἐξεδέχοντο
2676 1253 2722 1284 ⁸⁸
2754 1252 2864 1323 γὰρ
2892 1255 2990 1323 τήν
3013 1254 3137 1317 τοὺς
3171 1253 3454 1323 θεμελίους
3476 1252 3631 1323 ἐχου-

2055 1359 2151 1397 σαν
2188 1342 2362 1408 πόλιν,
2394 1339 2464 1416 ἧς
2493 1342 2745 1413 τεχνίτης
2777 1344 2870 1397 καὶ
2889 1343 3214 1414 δημιουργὸς
3245 1343 3275 1395 6
3304 1343 3490 1407 Θεός.»
3520 1342 3631 1397 Καὶ

2055 1435 2217 1489 πάλιν
2236 1434 2313 1466 ⁸⁸·
2356 1454 2375 1487 ι
2405 1434 2526 1488 Τῶν
2563 1433 2734 1502 ἁγίων
2780 1433 3093 1504 λειτουργὸς
3135 1432 3229 1486 κα)⁸
3280 1434 3378 1504 τῆς
3426 1431 3630 1502 σκηνῆς

2057 1524 2156 1596 τῆς
2188 1523 2447 1595 ἀληθείας
2492 1525 2559 1596 ἢν
2604 1522 2806 1595 ἔπηξεν
2859 1525 2889 1577 6
2930 1523 3132 1594 Κύριος
3164 1522 3260 1576 καὶ
3291 1522 3391 1575 οὐκ
3417 1520 3632 1591 ἀνθρω-

2055 1635 2174 1682 πος.
2205 1635 2223 1667 ι
2246 1615 2409 1671 Ἀλλὰ
2438 1616 2535 1670 καὶ
2560 1616 2618 1669 ἐν
2647 1618 2765 1678 ταῖς
2797 1614 3067 1687 Πράξεσιν
3087 1615 3155 1679 ⁸⁸,
3179 1615 3308 1668 ὅταν
3335 1612 3413 1684 τῷ
3438 1614 3634 1683 Φήστῳ

2056 1708 2151 1762 καὶ
2175 1706 2252 1778 τῷ
2279 1707 2557 1778 Ἀγρίππᾳ
2582 1707 2672 1760 ἐπὶ
2703 1706 2943 1777 βήματος
2968 1707 3259 1775 διελέγετο,
3282 1706 3455 1767 ταῦτά
3474 1722 3632 1777 φησι·

382 1802 607 1870 templo,
634 1805 1089 1873 comprehensum
1128 1805 1410 1859 tentabant
1436 1803 1709 1858 occidere.
1742 1797 1954 1855 Auxilio

2062 1820 2083 1854 ι
2110 1802 2246 1872 Περὶ
2288 1796 2355 1872 ἦς
2389 1800 2604 1864 ἐλπίδος
2637 1798 2976 1870 ἐγκαλοῦμαι
3023 1799 3442 1861 ύπδἹουδαίων.
3473 1798 3637 1870 βασι-

380 1898 561 1943 autem
598 1891 818 1960 adjutus
847 1907 879 1945 a
927 1890 1039 1946 Deo
1068 1906 1239 1961 usque
1271 1892 1338 1946 ad
1378 1892 1521 1947 lianc
1546 1890 1758 1951 horam,
1795 1887 1939 1942 testi.

2048 1889 2172 1943 λεῖί⁹
2217 1890 2268 1943 τί
2301 1890 2530 1947 ἄπιστον
2577 1889 2821 1960 κρίνεται
2857 1890 2988 1960 παρ’
3017 1889 3164 1959 ὑμῖν,
3202 1891 3250 1942 εἰ
3293 1891 3322 1942 6
3368 1888 3500 1952 Θεὸς
3548 1905 3637 1943 νε-

382 1979 551 2033 licans
605 1979 802 2035 minori
844 1989 901 2036 et
946 1981 1162 2052 majori,
1202 1981 1339 2036 nihil
1368 1990 1520 2036 extra
1551 1980 1759 2042 dicens,
1789 1991 1954 2048 quam

2055 1978 2216 2050 κροὺς
2268 1976 2573 2049 ἐγείρειυς
2602 1997 2621 2030 ι
2675 1980 2785 2032 Καὶ
2835 1978 3081 2033 πάλιν⁸⁷·
3142 1979 3386 2032 «Ἕνεκα
3442 1979 3636 2032 τούτου

380 2084 443 2122 ea
474 2086 594 2138 qua:
624 2072 902 2141 prophetae
924 2072 1090 2127 locuti
1121 2081 1251 2127 sunt
1280 2072 1568 2143 pauIOpost
1592 2070 1777 2125 futura
1805 2081 1949 2132 esse,

2059 2069 2305 2123 Ἰουδαῖοι
2335 2068 2723 2139 συλλαϐόμενοι
2757 2069 2886 2123 ὄντα
2921 2069 2980 2121 ἐν
3032 2066 3110 2138 τῷ
3159 2066 3289 2139 ἱερῷ
3335 2067 3640 2138 ἐπειρῶντο

378 2168 435 2214 et
477 2159 705 2230 Moyses,
747 2161 789 2215 si
823 2162 1096 2232 passibilis
1126 2161 1396 2226 Christus,
1431 2160 1477 2215 si
1517 2161 1728 2231 primus
1764 2172 1829 2213 ex
1864 2170 1953 2210 rc-

2055 2158 2505 2232 διαχειρίσασθαι.
2532 2159 2890 2231 Ἐπικουρίας
2933 2155 3028 2213 οὖν
3077 2158 3254 2231 τυχὼν
3282 2159 3378 2229 τῆς
3405 2159 3515 2212 ἀπὸ
3537 2158 3635 2213 τοῦ

379 2252 721 2307 surrectione
760 2264 1133 2315 mortuorum,
1187 2253 1374 2308 lumen
1417 2250 1839 2306 annuntiaturus
1870 2254 1954 2301 est

2058 2250 2194 2305 Θεοῦ
2227 2252 2355 2323 ἄχρι
2383 2252 2482 2319 τῆς
2509 2250 2659 2324 ὥρας
2695 2251 2899 2323 ταύτης
2927 2252 3132 2323 ἐστηκα
3166 2250 3636 2323 μαρτυρόμενοςδθ

377 2343 579 2413 populo
606 2353 657 2398 et
689 2346 964 2414 gentibus.
999 2364 1018 2396 ι

2064 2342 2244 2418 μικρῷ
2285 2360 2347 2397 τε
2392 2345 2487 2396 καὶ
2536 2343 2778 2415 μεγάλῳ,
2810 2344 2963 2397 οὐδὲν
3007 2343 3161 2409 ἐκτὸς
3196 2342 3370 2413 λέγων
3396 2337 3471 2399 ὧν
3493 2361 3553 2397 τε
3581 2350 3637 2404 οι

375 2454 651 2524 προφῆται
684 2454 951 2523 ἐλάλησαν
990 2455 1296 2525 μελλόντων
1312 2454 1357 2487 ³⁸
1405 2449 1652 2522 γίνεσθαι
1684 2448 1781 2504 καὶ
1833 2441 2096 2511 Μωῧσῆἰν
2126 2437 2177 2490 τί
2234 2433 2476 2505 παθητὸς
2505 2436 2535 2488 ὁ
2588 2434 2840 2505 Χριστδςο
2888 2434 2939 2487 εί
2983 2434 3196 2506 πρῶτοί
3213 2437 3260 2469 ⁸⁸
3286 2436 3347 2502 ἐξ
3392 2440 3631 2495 ἀναπά-

377 2564 511 2610 σεως
540 2546 751 2618 νεκρῶν
798 2545 913 2616 φῶς
947 2547 1131 2617 μέλλει
1160 2547 1554 2616 καταγγέλλειν
1596 2544 1675 2615 τῷ
1712 2540 1827 2612 λαῷ
1860 2535 2089 2595 καὶτοῖς
2121 2527 2352 2583 ἐθνεσιν.
2384 2546 2409 2577 ι

446 2639 601 2705 Quod
646 2638 689 2693 si
718 2638 903 2693 omnia
935 2638 1167 2708 apostoli
1206 2638 1309 2694 hac
1343 2638 1413 2693 de
1455 2653 1514 2693 re
1542 2637 1686 2693 dicta
1716 2635 1949 2691 velimus

2119 2623 2225 2676 Kal
2248 2623 2301 2674 εί
2325 2618 2675 2691 θελήσομεν¹¹
2701 2619 2880 2685 πάσας
2900 2620 3000 2684 τὰς
3021 2622 3114 2675 τοῦ
3146 2622 3470 2678 Ἀποστόλου
3495 2628 3639 2697 χρή-

376 2744 690 2799 excerpere,
728 2728 1141 2798 quatuordecim
1179 2729 1300 2800 ejus
1340 2729 1597 2799 epistolas
1640 2728 1757 2783 fere
1803 2727 1948 2782 inte-

2055 2731 2164 2778 σεις
2191 2710 2559 2776 ἀναλέξασθαι
2599 2728 2666 2765 πε
2683 2712 2737 2782 pi.
2787 2711 3001 2778 τούτου,
3038 2714 3220 2784 σχεδὸν
3262 2715 3361 2779 τὰς
3383 2722 3420 2771 ι’
3456 2718 3550 2771 καὶ
3590 2720 3639 2774 δ’

377 2836 500 2892 gras
528 2821 728 2890 ubique
756 2821 824 2875 de
851 2820 944 2876 illo
983 2819 1129 2889 loqui
1160 2820 1686 2887 animadvertemus,
1714 2833 1770 2875 et
1805 2818 1949 2891 quod

2055 2803 2216 2859 αὑτοῦ
2246 2802 2537 2866 ἐπιστολὰς
2559 2801 2686 2866 ὅλας
2710 2803 2777 2856 δι’
2802 2802 2925 2857 ὅλου
2958 2805 3265 2876 εὑρήσομεν
3287 2808 3416 2878 περὶ
3442 2810 3643 2866 τούτου

376 2914 446 2968 tle
485 2913 589 2967 hoc
620 2911 873 2982 praesenti
908 2911 975 2967 ad
1020 2911 1260 2968 futurum
1301 2921 1503 2969 statum
1551 2926 1771 2971 currere
1813 2925 1945 2967 con-

380 3004 673 3061 tendimus.
720 3001 875 3057 Uode
907 3003 1176 3070 hortatur,
1208 3020 1334 3060 cum
1362 3005 1438 3060 ait
1471 3023 1486 3059 :
1540 3023 1560 3057 ι
1607 3002 1949 3058 Festinemus

2052 2894 2319 2967 λεγούσας
2371 2895 2453 2948 ὅτι
2486 2896 2551 2949 ἐκ
2600 2894 2806 2966 ταύτης
2837 2894 2937 2965 τῆς
2984 2898 3370 2963 καταστάσεως
3416 2900 3511 2954 ἐπὶ
3538 2901 3643 2973 τὴν

2057 2987 2354 3059 μέλλουσαν
2374 2984 2712 3055 ἐπειγόμεθα
2739 2986 2787 3018 ⁸³
2817 2984 3067 3057 δραμεῖν.
3098 2986 3269 3042 Ὅθεν
3290 2989 3385 3043 καὶ
3416 3008 3641 3063 παραγ-

378 3110 511 3168 ergo
561 3094 767 3166 ingredi
818 3094 875 3148 in
929 3094 1072 3150 illam
1122 3097 1385 3167 requiem.
1451 3116 1471 3149 ι
1528 3096 1649 3157 Ubi,
1700 3094 1951 3166 Requiem

2055 3076 2230 3145 γέλλει
2260 3077 2308 3114 ⁸³
2349 3074 2524 3144 λέγων
2562 3074 2609 3107 ⁸⁸
2638 3091 2655 3106 ο
2688 3092 2709 3126 ι
2773 3075 3174 3147 Σπουδάσωμεν
3223 3074 3318 3133 οὖν
3371 3081 3642 3137 εἰσελθεῖν

380 3187 531 3241 illam
580 3186 732 3253 dixit,
786 3196 1042 3258 tanquam
1082 3198 1208 3259 post
1234 3205 1355 3244 eam
1394 3189 1557 3245 nulla.
1574 3189 1679 3245 alia
1731 3188 1824 3252 sit,
1856 3188 1954 3245 sed

381 3296 608 3351 regnum
638 3279 932 3335 immobile.
968 3281 1103 3337 Ecce
1131 3281 1563 3338 demonstratum
1589 3291 1671 3337 est
1696 3297 1794 3353 per
1818 3281 1956 3353 pris-

380 3387 474 3426 cos
499 3371 636 3430 illos.
667 3379 724 3425 et
752 3385 851 3441 per
884 3383 1111 3426 cunctos
1135 3372 1451 3445 prophetas.
1509 3371 1868 3443 evangelistas
1901 3378 1956 3425 et

382 3459 658 3529 apostolos
682 3499 697 3523 ,
732 3458 1189 3529 quemadmodum
1221 3476 1414 3515 omnes
1458 3459 1780 3530 praedixere,
1828 3467 1887 3512 ut
1923 3473 1954 3511 a

383 3543 562 3611 primo
609 3543 834 3597 homine
882 3552 1068 3598 creato
1111 3543 1307 3609 Adam,
1356 3560 1526 3615 usque
1568 3543 1635 3598 ad
1688 3541 1954 3598 Joannem

384 3632 702 3703 liaptistam,
735 3634 803 3689 ad
833 3633 1078 3690 futurum
1105 3634 1231 3689 vita:
1264 3642 1465 3688 statum
1497 3633 1813 3704 respiciant.
1841 3631 1957 3688 Hoc

385 3720 613 3775 fecimus
638 3720 781 3789 quod
826 3730 884 3776 et
917 3722 1177 3777 Dominus
1209 3722 1481 3783 Christus,
1514 3722 1741 3793 ejusque
1790 3721 1957 3778 disci-

383 3810 497 3882 puli
543 3818 600 3867 et
644 3811 896 3882 apostoli,
949 3813 1039 3884 qui
1078 3812 1323 3869 dissertis
1368 3813 1549 3869 verbis
1592 3813 1959 3885 pranlicarunt

384 3902 650 3966 futurum,
682 3904 940 3974 praesenti
969 3903 1093 3961 vitai
1121 3912 1265 3959 statu
1301 3903 1463 3976 longe
1498 3918 1621 3959 esse
1669 3903 1957 3974 potiorem,

384 4005 545 4064 quem
596 3995 653 4049 in
700 3995 879 4067 seipso
929 3995 1139 4067 primus
1189 3994 1348 4051 nobis
1399 3994 1647 4051 exhibuit
1695 3992 1957 4050 Dominus

384 4086 657 4155 Christus,
695 4103 819 4143 cum
853 4103 918 4143 ex
950 4087 1182 4143 mortuis
1223 4086 1546 4154 resurrexit,
1579 4096 1636 4142 et
1673 4085 1729 4140 in
1757 4085 1957 4143 omium

386 4180 653 4248 ascendit,
681 4195 843 4251 quem
874 4179 1084 4250 priores
1111 4178 1493 4236 collineatione
1533 4178 1768 4249 quadam
1814 4178 1959 4235 indi-

387 4280 600 4338 carunt,
651 4271 984 4342 posteriores
1017 4285 1147 4327 vero
1185 4280 1375 4343 aperte
1421 4270 1836 4337 denuntiarunt,
1862 4270 1958 4327 sed

2053 3168 2136 3232 είς
2178 3168 2394 3238 ἐκείνην
2419 3167 2519 3237 τὴν
2551 3167 2913 3222 κατάπαυσιν.
2955 3186 2976 3221 ι
3012 3167 3405 3227 Κατάπαυσιν
3439 3172 3637 3243 αὐτὴν

2054 3257 2313 3330 εἰρηκὼς,
2338 3257 2414 3321 ὡς
2443 3256 2637 3329 ἐτέρας
2670 3258 2745 3331 μὴ
2769 3257 2938 3329 οῦσης
2979 3260 3096 3331 μετ’
3137 3260 3331 3330 αὐτὴν,
3362 3261 3502 3318 ἀλλά
3539 3265 3643 3317 καὶ

2057 3348 2333 3421 βασιλείαν
2356 3348 2668 3403 ἀσάλευτον.
2706 3347 2835 3404 Ἰδοὺ
2861 3347 3129 3405 δέδεικται
3150 3350 3238 3405 διὰ
3261 3351 3369 3406 τῶν
3388 3353 3643 3425 ἀρχαίων

2055 3445 2357 3518 ἀνθρώπων
2390 3444 2486 3498 καὶ
2513 3443 2622 3498 τῶν
2647 3443 2943 3515 προφητῶν
2971 3445 3209 3514 πάντων,
3237 3446 3642 3516 εὐαγγελιπῶ

2053 3554 2116 3590 τε
2177 3535 2274 3591 καὶ⁵
2331 3534 2667 3602 ἀποστόλων,
2706 3535 2784 3599 ὡς
2847 3538 3244 3609 προειρήκασιν
3289 3538 3531 3603 ἅπαντες
3558 3539 3643 3604 ὡς

2056 3628 2166 3683 ἀπὸ
2198 3626 2292 3682 τοῦ
2320 3625 2747 3697 πρωτοπλάστου
2793 3625 2965 3698 Ἀδὰμ
3020 3628 3212 3700 μέχρις
3264 3628 3513 3685 Ἰωάννου
3540 3631 3641 3686 τοῦ

2056 3712 2363 3776 Βαπτιστοῦ
2400 3720 2479 3783 είς
2515 3718 2615 3790 τὴν
2642 3718 2940 3789 μέλλουσαν
2978 3720 3138 3792 237
3167 3722 3500 3777 κατάστασιν
3526 3723 3639 3793 ἀφ-

2055 3811 2276 3884 ορῶσιν.
2302 3810 2472 3866 Τοῦτο
2487 3810 2864 3882 πεποιήκαμεν
2882 3814 3017 3883 ὅπερ
3034 3814 3128 3871 καὶ
3156 3816 3185 3869 6
3205 3816 3482 3891 Δεσπότης
3504 3816 3641 3889 xm-

2059 3903 2183 3968 στδς
2242 3903 2338 3958 καὶ
2392 3903 2441 3956 οί
2469 3901 2656 3956 τούτου
2713 3902 2952 3975 μαθηταὶ
2995 3906 3090 3961 καὶ
3145 3905 3434 3962 ἀπόστολοι
3476 3906 3639 3982 διαρ-

2059 3993 2227 4067 ρήδην
2259 3994 2308 4026 ⁸⁵
2339 3992 2523 4049 λοιπὸν
2549 3993 2825 4067 ἐκήρυξαν
2842 3994 2919 4060 ὡς
2940 3995 3087 4051 ἔστιν
3114 4013 3198 4062 τις
3236 3996 3506 4068 μέλλουσα
3534 4015 3641 4053 καθ

2055 4088 2317 4152 τάστασις
2363 4086 2628 4158 κρείττων
2674 4087 2721 4119 ⁵⁸
2771 4089 2874 4158 τῆς
2912 4086 3150 4142 ἐνταῦθα
3188 4088 3346 4155 πολὺ,
3379 4087 3448 4161 ἦν
3492 4090 3554 4144 ἐν
3586 4088 3639 4122 ⁸⁷

2058 4175 2238 4248 ἐαυτῷ
2266 4177 2482 4250 πρῶτος
2508 4180 2639 4251 ήμῖν
2662 4178 2865 4247 ἔδειξεν
2890 4180 2921 4233 ό
2944 4178 3220 4252 Δεσπότης
3247 4180 3482 4251 Χριστὸς
3502 4181 3645 4234 ἀνα-

2060 4271 2192 4333 στὰς
2248 4270 2315 4324 ἐκ
2348 4269 2458 4324 τῶν
2488 4269 2698 4343 νεκρῶν
2746 4271 2840 4326 καὶ
2873 4273 2953 4335 είς
2998 4271 3226 4343 οὐρανὸν
3269 4272 3640 4346 ἀνεληλυθὼς,

387 4371 444 4417 et
496 4377 684 4417 eorum
720 4362 998 4418 neminem
1041 4378 1301 4434 unquam.
1344 4378 1524 4434 neque
1566 4364 1954 4429 recentiorum,

2059 4366 2127 4440 ήν
2170 4367 2265 4422 καὶ
2296 4368 2347 4422 οί
2404 4367 2451 4400 ⁵⁸
2492 4366 2701 4438 πρῶτοι
2755 4367 2945 4439 σκοπῷ
2992 4385 3098 4422 τινι
3126 4369 3404 4441 ἐμήνυσαν
3455 4371 3552 4425 καὶ
3582 4373 3643 4426 0!

387 4468 565 4523 neque
595 4461 863 4517 veterum,
895 4453 1256 4524 antiquiorem
1288 4453 1454 4508 alium
1484 4453 1571 4509 vel
1599 4453 1955 4524 posteriorem

388 4547 539 4601 bisce
568 4545 781 4601 duobus
823 4553 1022 4600 statum
1056 4544 1403 4616 praedicasse,
1441 4544 1526 4600 vel
1555 4545 1776 4601 ﬁnxisse
1812 4562 1826 4601 ε
1862 4547 1960 4603 sed

388 4653 513 4692 eum
559 4637 703 4692 Deus
745 4636 1009 4691 tnundum
1057 4636 1203 4692 hunc
1252 4636 1569 4692 universum
1618 4636 1783 4707 etrapit
1830 4652 1962 4694 con-

387 4729 538 4789 dere,
575 4726 807 4798 primum
834 4727 1053 4797 quidem
1084 4736 1286 4783 statum
1314 4727 1565 4784 obtinere
1607 4728 1867 4796 voluisse,
1896 4746 1961 4786 ac

389 4821 630 4878 futurum
659 4823 874 4888 deinde,
921 4820 977 4875 in
1004 4835 1165 4891 quem
1203 4818 1292 4875 Dei
1325 4830 1380 4875 et
1403 4820 1524 4892 ejus
1554 4819 1958 4893 Scripturarunt

389 4928 587 4983 scopus
621 4916 801 4971 omnis
840 4914 1111 4970 collineat.
1152 4913 1491 4969 Erubescant
1526 4930 1658 4987 ergo
1695 4914 1960 4982 Gentiles,

391 5003 482 5072 qui
509 5006 770 5061 mundum
818 5006 1030 5080 ﬁngunt
1062 5016 1350 5070 aeternum,
1380 5014 1435 5062 et
1469 5007 1635 5062 vitam
1664 5017 1791 5063 ante
1818 5008 1963 5065 hanc

392 5096 552 5150 aliam
606 5098 970 5163 denuntiant,
1033 5106 1089 5154 et
1143 5114 1436 5170 corporum
1497 5100 1959 5156 resurrectionem

2061 4458 2203 4530 μετὰ
2253 4457 2423 4513 ταῦτα
2476 4457 2661 4527 σαφῶς
2705 4458 3157 4528 διαγγέλλουσινῗ
3180 4461 3275 4513 καὶ
3316 4461 3401 4515 ὅτι
3459 4462 3645 4528 οὐδεὶς

2057 4548 2235 4603 αὐτῶν
2271 4565 2402 4602 ποτε
2440 4545 2566 4602 οὗτε
2595 4547 2704 4601 τῶν
2750 4548 3030 4621 νεωτέρων
3075 4546 3199 4603 οὔτε
3243 4548 3353 4604 τῶν
3388 4551 3647 4625 ἀρχαίων

2058 4641 2250 4712 ἑτέραν
2279 4640 2409 4695 ποτέ
2454 4640 2791 4695 κατάστασιν
2841 4641 2876 4711 ἢ
2910 4640 3351 4714 πρεσϐυτέρανῆ
3398 4659 3647 4713 μεταγε-

2057 4735 2319 4805 νεστέραν
2355 4733 2560 4788 τούτων
2585 4733 2693 4787 τῶν
2720 4732 2813 4787 δύο
2843 4732 3115 4805 ἐκήρυξαν
3139 4733 3172 4805 ἢ
3197 4733 3651 4805 ἐφαντάσθησαν,

2057 4825 2173 4880 ἀλλ’
2205 4826 2287 4879 ὅτι
2308 4823 2613 4898 ἀρξάμενος
2633 4826 2662 4879 6
2683 4824 2814 4889 Θεὸς
2845 4823 3068 4896 ποιῆσαι
3091 4824 3191 4897 τὴν
3229 4824 3409 4879 κτίσιν
3453 4825 3655 4878 πᾶσαν

2057 4917 2154 4981 τὰς
2184 4918 2230 4950 ⁸⁸
2260 4915 2355 4971 δύο
2389 4915 2590 4980 ταύτας
2626 4917 2785 4987 μόνον
2812 4916 3173 4981 καταστάσεις
3203 4914 3477 4986 ἐποίησεν,
3504 4915 3655 4969 ταύ-

2059 5027 2159 5079 την
2190 5008 2404 5079 ⁴πρῶτον
2432 5007 2622 5079 ὁρίσας
2651 5006 3052 5073 πολιτεύεσθαι,
3073 5003 3174 5063 εἷθ’
3201 5005 3349 5062 οὕτω
3374 5006 3473 5078 τὴν
3501 5006 3657 5078 μέλ-

2059 5099 2278 5163 λουσαν,
2311 5101 2391 5162 είς
2439 5099 2505 5169 ἣν
2533 5100 2713 5170 ἀφορᾷ
2758 5100 2866 5164 πᾶς
2910 5099 2940 5152 6
2994 5099 3197 5165 σκοπὸς
3248 5097 3344 5152 τοῦ
3372 5095 3510 5151 Θεοῦ
3542 5100 3657 5152 καὶ

1679 5280 1911 5335 VARI/E3
1949 5279 2352 5338 LECTiONES.

466 5371 510 5403 “
541 5369 791 5456 ἀλλήλοις
824 5371 931 5456 V.”
964 5372 1006 5456 ξ¹
1040 5372 1219 5456 πάλιν.
1260 5373 1424 5456 ῌοιιτ.
1457 5391 1548 5456 τι..
1570 5374 1678 5456 l6.“
1733 5376 1992 5456 “3:619.
2028 5377 2127 5456 ιρι
2266 5375 2547 5456 ἐξεδέχετο
2569 5374 2631 5433 Ρ.
2708 5377 2955 5456 δ”-πάλιν.
2985 5395 3106 5456 vui,
3136 5378 3190 5435 2.
3265 5380 3669 5456 ‘f_1:i';Aﬂpi£-

395 5440 563 5511 ξεσιν.
593 5458 738 5506 xxvt,
761 5441 811 5493 7.
889 5442 933 5473 ⁵⁵
963 5443 1167 5513 ἐγείρει
1211 5445 1337 5507 τοὺς
1371 5445 1598 5526 νεκροὺς
1640 5444 1725 5527 Ρ..
1775 5447 1820 5479 ⁸⁷
1865 5447 2157 5526 πάλινλί.
2199 5448 2244 5480 ⁸⁸
2272 5440 2718 5570 μαρτυρούμενος
2750 5449 2810 5510 P,
2836 5440 3102 5521 μαρτυρῶ
3171 5469 3260 5515 νος
3290 5451 3353 5507 ν.
3430 5440 3477 5486 δ’
3508 5440 3669 5521 [1:31-

395 5511 613 5566 λόντων.
652 5512 768 5576 μετ’
793 5510 969 5576 ὀλίγον
1006 5513 1061 5565 Ι).
1140 5514 1185 5543 ⁸ο
1213 5516 1260 5565 εἰ
1282 5530 1519 5576 πρωτος.
1542 5515 1574 5576 ἢ
1611 5532 1826 5576 πρωτος
1859 5513 1920 5571 ν.
2031 5518 2073 5549 ⁸³
2103 5516 2419 5576 θελήσωμεν
2493 5516 2556 5570 ν.
2628 5518 2675 5549 ⁸³
2705 5519 3054 5576 ἐπειγώμεθα
3286 5522 3333 5554 ⁸³
3354 5524 3669 5576 παραδοιι-

395 5511 613 5584 λόντων.
652 5510 969 5584 μετ’νόλίγον
1140 5514 1185 5543 ⁸ο
1213 5516 1260 5565 εἰ
1282 5510 1519 5584 πρῶτος.

401 5585 519 5653 μεῖν
545 5582 600 5636 Ρ.

403 5652 455 5693 ἐν
487 5653 739 5725 ἐποίησεν
772 5670 881 5708 om.
915 5652 971 5707 ιι.

1542 5515 1574 5585 ἢ
1611 5514 1826 5585 πρῶτος
1859 5513 1920 5571 ν.

2031 5518 2073 5549 ⁸³
2103 5516 2419 5587 θελήσωμεν

700 5582 748 5614 ⁸⁸
777 5583 968 5659 λέγω),
1002 5581 1164 5637 Hebr.
1200 5600 1271 5649 tv,
1312 5581 1391 5639 ll.
1467 5585 1512 5617 ⁸³
1539 5581 1585 5638 οἱ
1613 5581 1907 5659 διαρρήδην
1938 5587 1995 5643 P.
2072 5588 2116 5619 ³⁸
2144 5581 2373 5659 κρείττω
2404 5587 2463 5640 γ.

2628 5518 2675 5595 ’ἦ
2705 5520 2801 5571 ἐπε
2811 5518 3188 5595 ιγιτξμεθαίΡἾ.
3286 5518 3669 5595 “inopes”-

2577 5588 2620 5617 ⁸⁷
2657 5590 2713 5641 ἐν
2748 5606 2854 5645 om.
2900 5589 2959 5646 Ρ.
3032 5592 3078 5622 ⁸⁸
3106 5594 3153 5645 οἱ
3181 5608 3291 5648 om.
3326 5594 3388 5647 Ρ.
3436 5588 3514 5625 ’⁸⁹
3540 5588 3671 5662 τὰς
