3870 6336
349 325 455 389 575

1546 313 1986 384 CHRONICON
2022 314 2433 377 PASCHALE.

3532 310 3639 383 5'16

349 450 543 492 omnes
579 436 884 509 prophetae,
916 439 973 491 et
1014 434 1299 490 hominum
1329 431 1686 503 antiquiores,
1736 431 1805 487 dc
1845 444 1939 502 ge-

2048 422 2144 477 καὶ
2181 422 2441 492 γενέσθαι
2466 423 2806 497 ἀφθάρτους,
2835 424 2931 479 καὶ
2972 423 3298 491 ἀθανάτους,
3328 425 3426 481 καῖ
3465 426 3631 500 ἀτρι-

352 528 505 583 mino
550 527 656 583 hoc
704 535 849 581 statu
892 525 1157 581 duntaxat
1193 525 1534 595 loquuntur,
1575 538 1679 579 nec
1712 522 1941 577 alterius

350 618 681 683 meminere,
733 616 830 672 sed
871 617 973 672 hos
1012 616 1149 671 duos
1198 623 1409 670 tantum
1461 622 1634 669 status
1672 612 1940 684 praedica-

352 720 499 779 runt,
537 726 603 766 ac
634 709 705 765 de
736 709 803 764 iis
848 708 1206 780 scripserunt.
1240 706 1429 776 Neque
1459 705 1496 760 ii
1535 704 1721 769 modo,
1754 704 1850 760 sed
1884 710 1942 758 et

354 804 635 881 Dominus,
660 805 788 861 dum
820 804 874 859 in
907 803 1115 860 mundo
1143 801 1737 871 versaretur,'cjusque
1770 799 1940 855 disci-

350 896 484 966 puli,
511 895 853 966 evangelistaa
879 902 936 949 et
976 892 1242 964 apostoli,
1298 890 1437 946 nihil
1486 889 1633 945 aliud
1673 887 1939 959 praedicam

353 995 501 1051 runt,
528 1001 691 1056 quam
722 985 882 1041 binos
909 985 1044 1040 istos
1074 982 1327 1052 solosque
1351 989 1547 1037 status.
1576 978 1779 1048 Ecquis
1806 992 1939 1047 ergo

351 1076 609 1146 deinceps
648 1076 755 1131 ﬁde
780 1085 981 1142 careat,
1020 1074 1247 1143 haecque
1286 1086 1409 1128 esse
1453 1085 1583 1127 vera
1622 1084 1736 1126 non
1768 1082 1940 1139 agno-

350 1167 504 1222 scat?
524 1167 659 1234 Quis
673 1183 783 1223 non
803 1175 1118 1223 revereatur
1141 1175 1346 1221 tantam
1367 1163 1785 1235 praedictionum
1808 1175 1938 1231 pro-

352 1260 643 1330 phetarum
686 1259 905 1333 turbam
947 1272 1245 1327 earumque
1274 1255 1529 1312 eventus?
1582 1255 1678 1310 sed
1720 1262 1777 1310 et
1818 1261 1938 1309 tur-

352 1372 476 1426 bam
550 1372 831 1443 signorum
895 1371 1304 1443 prodigiorum,
1369 1384 1435 1424 ac
1512 1366 1934 1431 miraculorum,

354 1465 632 1535 ipsiusque
678 1472 990 1518 sanctorum
1033 1463 1303 1528 omnium,
1349 1476 1415 1516 ac
1443 1459 1660 1515 Domini
1708 1457 1934 1523 Christi,

352 1564 409 1610 et
451 1554 571 1624 ejus
602 1554 970 1624 apostolorum
1003 1552 1130 1608 vitae
1173 1552 1465 1616 rationem,
1496 1550 1593 1606 sed
1637 1558 1694 1606 et
1734 1548 1939 1606 veteris

352 1648 518 1703 etiam
555 1662 620 1702 ac
668 1648 794 1702 novi
835 1644 1057 1700 foederis
1098 1643 1563 1700 consensionem?
1601 1640 1709 1708 Qui
1760 1656 1828 1696 ex
1871 1639 1938 1696 iis

353 1739 649 1794 rotundum
694 1752 817 1793 esse
863 1736 1062 1792 etelum
1106 1735 1227 1791 aliis
1277 1734 1567 1806 exposuit,
1612 1733 1700 1789 vel
1742 1732 1935 1788 muudi

2051 526 2242 578 πτους,
2289 512 2352 566 τὸ
2387 512 2447 566 δὲ
2488 513 2863 586 προτιμᾶσθαι
2910 513 3115 588 ἑτέρων
3143 515 3206 570 οὐ
3251 514 3423 587 δῶρον
3450 517 3629 583 τοῦτο,

2048 601 2166 655 ἀλλ’
2196 603 2486 674 έτοιμασία
2533 604 2628 660 τοῦ
2662 606 2800 661 Θεοῦ
2829 609 2945 673 τοῖς
2974 606 3158 673 καλῶς
3192 608 3513 665 πιστεύουσι
3539 612 3634 666 καὶ

2050 690 2301 762 βιώσασι.
2333 694 2506 749 Πάλιν
2554 697 2667 768 γὰρ
2698 697 2849 768 λέγει
2881 698 2931 731 ⁷⁸
2959 701 2989 753 ό
3016 698 3220 771 Κύριος
3259 716 3275 732 ο
3315 719 3337 754 ι
3372 701 3564 770 Δεῦτε,
3586 704 3635 757 οἱ

2049 783 2406 858 εὐλογημένοι
2440 787 2536 842 τοῦ
2592 789 2807 862 Πατρός
2855 808 2983 862 μου,
3040 790 3495 865 κληρονομήσατε
3538 795 3636 868 τήν

2048 877 2456 950 ἡτοιμασμένην
2478 879 2608 951 ύμῖν
2635 879 2942 952 βασιλείανο
2973 901 2994 936 ι
3024 883 3119 939 καὶ
3140 884 3272 938 πότε
3294 886 3633 959 ἡτοιμάσθη

2048 970 2236 1038 φησὶν,
2270 988 2290 1021 ι
2318 970 2430 1025 ἀπὸ
2454 972 2762 1046 καταϐολῆς
2783 975 2995 1046 κόσμου
3014 995 3037 1030 ι
3070 978 3413 1048 προσειπών.
3459 981 3523 1035 '0
3544 999 3635 1036 m-

2049 1062 2371 1134 σμογράφος
2412 1065 2594 1120 τοίνυν
2627 1067 2873 1139 Μωῦσῆς
2912 1069 3008 1123 καὶ
3057 1071 3107 1123 οί
3132 1071 3178 1103 ⁷⁸
3210 1070 3389 1126 λοιποὶ
3434 1073 3634 1138 πάντες

2049 1150 2328 1221 προφῆται
2358 1154 2455 1209 καὶ
2490 1155 2708 1227 ἀρχαῖοι
2744 1157 3024 1231 ἀνθρωττοι
3067 1161 3199 1232 περὶ
3238 1162 3352 1216 τῶν
3381 1163 3477 1218 δύο
3507 1165 3632 1219 τού-

2046 1253 2153 1292 των
2187 1244 2579 1299 καταστάσεων
2606 1247 2705 1301 καὶ
2742 1248 2922 1318 μόνων
2942 1250 2993 1281 ⁷⁸
3022 1251 3293 1318 εἰπόντες,
3316 1254 3411 1307 καὶ
3436 1255 3633 1327 ἑτέρας

2049 1328 2125 1400 μὴ
2160 1334 2661 1403 μνημονεύσαντες,
2706 1339 2847 1394 ἀλλὰ
2890 1341 3099 1407 ταύτας
3145 1343 3308 1415 μόνον
3354 1347 3634 1419 προκηρύο

2048 1421 2241 1487 ξαντες
2275 1426 2372 1479 καὶ
2396 1429 2870 1502 συγγραψάμενοι,
2919 1434 2984 1487 οὐ
3022 1432 3183 1504 μόνον
3212 1434 3292 1503 δὲ,
3315 1435 3453 1490 ἀλλὰ
3477 1438 3575 1492 καὶ
3601 1440 3632 1492 ὁ

2047 1512 2263 1585 Κύριος
2301 1520 2699 1589 παραγεγονὼς
2732 1522 2830 1578 καὶ
2880 1525 2932 1578 οί
2957 1526 3152 1581 τούτου
3189 1526 3430 1599 μαθηταὶ
3469 1530 3633 1599 εὐαγ-

2045 1601 2299 1671 γελισταὶ
2326 1607 2423 1660 καὶ
2446 1609 2739 1666 ἀπόστολοι
2762 1613 2917 1667 οὐδὲν
2957 1613 3149 1687 ἕτερον
3172 1618 3451 1689 ἐκήρυξαν
3471 1618 3505 1690 ἢ
3531 1620 3633 1684 τὰς

2045 1693 2139 1748 δύο
2166 1696 2375 1764 ταύτας
2397 1702 2494 1755 καὶ
2519 1702 2689 1774 μόνας
2731 1706 3118 1772 καταστάσεις.
3143 1709 3242 1774 Τίς
3274 1711 3353 1765 ἔτι
3385 1711 3633 1767 λείπεται

356 1782 649 1794 Num“...
696 1782 816 1793 ν---
866 1782 1062 1792 ww...
1106 1782 1227 1791 _--.-
1280 1782 1567 1806 --τη-η,
1626 1782 1700 1789 ._-
1742 1782 1935 1788 _____

354 1832 512 1886 istius
541 1827 1031 1902 przeexsistentiam
1053 1825 1385 1897 praedicavit,
1412 1825 1499 1880 vel
1517 1832 1783 1880 aeternum
1812 1837 1937 1878 esse

2047 1785 2277 1855 πίστεως
2303 1790 2381 1857 ὡς
2402 1794 2489 1849 ὅτι
2520 1796 2696 1850 ταῦτα
2722 1798 2828 1853 οὐκ
2873 1800 3013 1856 είσὶν
3045 1802 3222 1875 ἀληθῆ
3244 1819 3260 1867 ;
3284 1802 3381 1868 Τίς
3414 1805 3516 1860 οὐκ
3542 1806 3633 1862 ένί-

352 1920 618 1975 mundum
649 1916 915 1982 deﬁnivit,
951 1925 1045 1971 aut
1066 1929 1358 1985 corporum
1401 1923 1716 1970 nostrorum
1751 1928 1937 1969 resur-

355 2004 659 2067 rectionem
709 2008 1056 2080 improbavit,
1115 2008 1202 2064 vel
1253 2006 1457 2062 Christi
1503 2004 1941 2063 incarnationem

353 2110 638 2171 actamque
679 2100 735 2155 in
781 2099 987 2156 mundo
1016 2099 1204 2163 vitam,
1240 2099 1499 2168 virosque
1526 2097 1710 2168 iustos
1739 2096 1941 2152 coelum

353 2194 624 2263 petituros
665 2192 888 2264 negavit
919 2210 933 2247 :
981 2206 1172 2247 verum
1206 2205 1317 2246 uno
1350 2189 1521 2246 veluti
1560 2188 1711 2244 ducti
1756 2187 1942 2244 divino

362 2285 596 2356 Spiritu,
629 2285 823 2341 eadem
852 2299 1046 2340 omnes
1077 2294 1192 2339 tum
1224 2283 1505 2354 operibus,
1535 2291 1649 2337 tum
1673 2280 1942 2337 sermoni-

353 2376 478 2442 bus,
510 2376 625 2431 sive
650 2374 840 2448 ﬁguris
870 2374 1332 2445 praenuntiarunt,
1366 2372 1663 2442 cunctique
1692 2371 1761 2428 ad
1786 2370 1941 2427 lutu-

357 2483 479 2523 rum
518 2481 806 2537 respexere
836 2474 1060 2522 statum.
1098 2464 1209 2521 Sed
1230 2473 1286 2521 et
1312 2465 1429 2536 ipse
1456 2464 1723 2520 Dominus
1745 2462 1941 2520 Chris-

356 2570 445 2616 tus
475 2559 529 2614 in
565 2559 865 2631 evangeliis
904 2559 1139 2624 indicat,
1183 2558 1276 2628 qui
1317 2556 1637 2627 potissimus
1674 2554 1742 2610 ad
1775 2555 1942 2611 vitam

355 2651 468 2706 sint
514 2650 820 2715 reversuri,
867 2648 1108 2719 perfecte
1153 2648 1365 2704 scilicet
1402 2648 1560 2718 justi.
1624 2646 1828 2715 medii,
1889 2636 1946 2702 et

359 2724 529 2814 impii.
557 2743 637 2797 Ac
663 2743 733 2798 de
766 2741 1010 2812 perfecte
1036 2742 1201 2812 justis
1229 2740 1473 2811 quidem,
1506 2738 1673 2794 veluti
1697 2753 1822 2793 cum
1847 2753 1945 2794 eos

359 2837 427 2892 ad
456 2851 516 2892 se
547 2843 757 2902 evocat,
789 2835 1009 2904 dicensj:
1052 2854 1071 2886 ι
1107 2833 1300 2889 Venite
1326 2832 1596 2890 benedicti
1617 2833 1789 2903 patris
1815 2833 1943 2901 mei,

361 2929 624 3000 percipite
650 2940 877 3000 regnum
905 2927 1050 2998 quod
1077 2934 1327 2997 paratum
1359 2937 1445 2982 est
1471 2927 1628 2982 vobis
1675 2942 1706 2982 a
1735 2925 1944 2984 consti-

360 3025 576 3079 tutione
614 3021 823 3077 mundi.
868 3040 888 3073 ι
920 3019 996 3076 De
1027 3019 1211 3090 impiis
1246 3034 1399 3084 vero,
1433 3019 1601 3074 veluti
1629 3035 1660 3074 a
1708 3018 1947 3075 sinistris

359 3113 572 3184 positis,
612 3113 689 3168 ait
727 3128 741 3164 :
780 3132 800 3165 ι
849 3111 1108 3168 llecedite
1142 3126 1173 3167 a
1218 3125 1306 3166 me
1344 3110 1621 3167 maledicti
1658 3110 1716 3165 in
1763 3110 1942 3182 ignem
1971 3133 2018 3195 α

358 3212 646 3269 aeternum,
684 3203 779 3274 qui
812 3210 1035 3274 paratus
1058 3210 1144 3258 est
1167 3200 1386 3258 diabolo
1417 3211 1475 3257 et
1503 3201 1712 3274 angelis
1735 3202 1877 3273 ejus.
1917 3220 1937 3254 ι

359 3295 526 3363 Quasi
564 3296 726 3360 dicat,
753 3310 819 3351 ac
848 3295 1014 3366 justis
1044 3294 1263 3365 quidem
1292 3311 1307 3348 :
1345 3294 1599 3362 Sursum,
1639 3294 1697 3349 in
1742 3294 1942 3350 caelum

361 3388 589 3443 interius
621 3387 785 3458 hujus
811 3387 955 3457 quod
983 3385 1195 3442 videtur
1224 3385 1579 3442 ﬁrmamenti.
1618 3385 1808 3456 lmpiis
1842 3401 1946 3441 au—

365 3488 504 3544 tem;
538 3478 705 3544 lnl‘ra,
734 3478 879 3535 circa
921 3485 1146 3544 terram,
1178 3477 1273 3534 ubi
1302 3486 1359 3533 et
1393 3477 1641 3534 diabolus
1669 3478 1946 3550 proiectus

361 3566 477 3626 est.
500 3571 572 3627 Ut
606 3584 771 3641 porro
798 3570 1103 3625 mediorum
1136 3570 1319 3624 locum
1367 3568 1707 3639 inquiramus
1760 3584 1944 3641 opera:

364 3662 597 3732 pretium
628 3670 730 3716 est.
767 3661 857 3714 Ait
882 3660 1045 3732 igitur
1080 3660 1134 3715 in
1164 3660 1421 3731 parabola
1451 3659 1521 3716 de
1546 3661 1739 3716 decem
1780 3661 1945 3732 virgi-

364 3752 545 3814 nibus,
600 3750 841 3820 quinque
882 3750 1182 3821 prudentes
1227 3765 1353 3805 cum
1411 3766 1614 3822 sponso
1670 3755 1948 3824 ingressas

364 3858 485 3898 esse
534 3842 589 3896 in
620 3842 937 3910 thalamum,
982 3840 1090 3896 hoc
1129 3852 1214 3896 est
1238 3841 1292 3896 in
1331 3842 1550 3909 caelum,
1596 3844 1948 3914 quandoqui-

362 3937 486 3990 dem
520 3934 887 4007 virginitatem
931 3942 987 3989 et
1025 3931 1474 4001 misericordiam,
1507 3933 1660 3991 velut
1703 3936 1948 4007 pruden-

365 4037 449 4083 tes
472 4027 705 4099 elegere.
754 4025 939 4082 Fatua:
975 4033 1182 4092 autem,
1210 4025 1422 4097 inquit,
1455 4026 1633 4082 altero
1677 4026 1946 4083 duntaxat

364 4120 558 4185 electo,
591 4119 763 4175 altero
806 4133 939 4175 vero
979 4118 1250 4190 neglecto,
1280 4134 1537 4175 mansere
1576 4128 1729 4176 extra
1776 4120 1948 4176 thala-

365 4227 540 4275 mum,
569 4210 825 4281 foresque
854 4210 1101 4267 occlusas
1124 4226 1398 4282 reperere,
1425 4211 1610 4267 audita
1640 4212 1744 4268 hac
1773 4228 1906 4269 voce
1931 4230 1954 4266 .-

372 4322 391 4351 σ
424 4301 682 4357 Recedite
714 4317 746 4356 a
774 4317 882 4369 me,
911 4302 1100 4359 nescio
1124 4319 1257 4359 vos:
1287 4322 1306 4356 ι
1356 4319 1532 4374 neque
1574 4305 1788 4376 ingredi
1819 4322 1946 4377 per-

367 4393 565 4461 missae,
594 4409 773 4465 neque
801 4410 925 4450 cum
953 4395 1135 4467 impiis
1160 4397 1430 4451 damnatae
1477 4407 1634 4459 sunt.
1664 4397 1767 4453 sed
1786 4413 1944 4453 man-

2040 1902 2385 1972 τραπήσεται
2403 1904 2497 1959 τδν
2527 1906 2688 1978 ὄχλον
2715 1908 2826 1962 τῶν
2849 1912 3233 1984 προρρήσεων,
3255 1913 3357 1979 τὰς
3375 1914 3633 1983 ἐκϐάσεις

2040 1992 2153 2048 τῶν
2178 1997 2530 2068 προφητειῶν
2548 1999 2618 2063 ⁷⁸⁸,
2647 2000 2744 2055 τὸν
2774 2002 2931 2074 δχλον
2964 2004 3076 2059 τῶν
3103 2007 3369 2077 σημείων,
3399 2009 3494 2063 καὶ
3517 2009 3632 2065 τῶν

2044 2089 2387 2160 παραδόξων,
2419 2093 2655 2148 καὶτῶν
2679 2095 2995 2168 θαυμάτων,
3021 2099 3193 2172 αὐτὴν
3225 2101 3327 2175 τὴν
3355 2103 3633 2162 πολιτείαν

2042 2182 2264 2239 πάντων
2303 2185 2415 2240 τῶν
2442 2186 2616 2255 ἁγίων
2655 2189 2752 2243 καὶ
2800 2190 2896 2244 τοῦ
2952 2193 3226 2248 Δεσπότου
3268 2197 3503 2268 Χριστοῦ
3532 2202 3633 2254 καὶ

2042 2274 2153 2330 τῶν
2180 2277 2346 2331 αὑτοῦ
2380 2280 2727 2349 ἀποστόλων,
2757 2283 2858 2355 τήν
2904 2287 3227 2356 συμφωνίαν
3255 2290 3355 2361 τῆς
3384 2291 3632 2357 nauta;

2043 2365 2139 2420 καὶ
2168 2367 2380 2439 Καινῆς
2396 2368 2670 2443 Διαθήκης
2694 2387 2709 2436 ;
2738 2370 2835 2436 Τίς
2855 2371 2914 2440 ἐξ
2935 2373 3114 2428 αὐτῶν
3138 2373 3470 2448 διεφώνησεν
3492 2379 3633 2450 πρὸς

2043 2457 2171 2522 τοὺς
2204 2458 2401 2523 ἄλλους
2424 2460 2743 2532 σφαιροειδῆ
2782 2461 2876 2516 τὸν
2903 2464 3130 2535 οὐρανὸν
3155 2466 3560 2539 ἐξηγησάμενος
3593 2468 3631 2543 ἢ

2047 2552 2455 2625 προθπαρξινη
2483 2553 2676 2608 τούτου
2699 2554 2796 2610 τοῦ
2828 2556 3040 2628 κόσμου
3082 2558 3368 2631 ἐκήρυξεν,
3398 2560 3431 2632 ἢ
3460 2561 3635 2615 ἀΐδιον

2046 2642 2187 2703 εἶναι
2220 2646 2314 2703 τὸν
2368 2647 2573 2721 κόσμον
2606 2650 2948 2723 ἀπεφήνατο,
2980 2650 3013 2724 ἢ
3054 2652 3290 2723 ήθέτησε
3322 2655 3368 2686 ⁷³
3392 2654 3492 2725 τὴν
3520 2654 3635 2709 τῶν

2049 2738 2323 2810 σωμάτων
2369 2739 2530 2811 ἡμῶν
2574 2741 2932 2814 ἀνάστασινῆ
2988 2741 3089 2815 τὴν
3120 2742 3211 2797 διὰ
3254 2743 3350 2798 τοῦ
3392 2744 3632 2815 Χριστοῦ

2047 2834 2351 2905 γενομένην
2387 2834 2706 2906 οίκονομίαν
2747 2834 2847 2890 τοῦ
2875 2836 3200 2908 ἀνέρχεσθαι
3224 2837 3353 2902 τοὺς
3389 2837 3636 2904 δικαίους

2048 2923 2370 2996 ἀνθρώπους
2421 2918 2502 2990 είς
2540 2925 2634 2979 τὸν
2686 2926 2951 2998 οὐρανόν;
2996 2927 3157 2983 Ἀλλά
3210 2928 3412 2994 πάντες
3454 2930 3531 2994 ὡς
3572 2931 3634 2998 ἐξ

2050 3013 2168 3079 ἑνός
2197 3013 2344 3069 θείου
2374 3015 2696 3087 Πνεύματος
2741 3017 3140 3091 ποδηγούμενω
3164 3019 3235 3074 τὰ
3264 3019 3405 3074 αὐτά
3441 3023 3537 3076 καὶ
3563 3021 3635 3076 δι’

2048 3105 2227 3178 ἔργων
2251 3107 2348 3163 καὶ
2371 3107 2461 3162 διὰ
2501 3107 2678 3178 λόγων
2704 3110 2827 3182 ἦτοι
2863 3111 3052 3166 τύπων
3083 3114 3489 3185 προεμήνυσαν,
3534 3116 3637 3169 καὶ.

2051 3199 2253 3265 πάντες
2276 3202 2356 3265 είς
2374 3199 2471 3272 τὴν
2498 3202 2800 3273 μέλλουσαν
2827 3206 3164 3260 κατάστασιν
3190 3206 3489 3277 ἀφορῶσιν.
3520 3207 3647 3263 Kal‘

2049 3291 2214 3356 αὐτὸς
2240 3291 2298 3346 δὲ
2330 3292 2358 3345 ό
2386 3293 2667 3365 Δεσπότης
2717 3295 2955 3367 Χριστὸς
2979 3297 3038 3350 ἐν
3080 3297 3435 3367 Εὐαγγελίοις
3481 3298 3639 3370 δηλοῖ

2047 3382 2108 3438 έν
2136 3377 2219 3447 οἷς
2245 3381 2532 3454 μέλλουσιν
2554 3384 2990 3456 ἀναστρέφεσθαι
3015 3386 3066 3440 οἱ
3090 3387 3291 3441 τέλειοι
3314 3386 3510 3442 δίκαιοι
3535 3390 3637 3445 καὶ

2049 3474 2098 3528 οί
2133 3473 2291 3545 μέσοι
2328 3475 2422 3545 καὶ
2449 3474 2501 3528 oi
2529 3474 2769 3540 ἀσεϐεῖς.
2806 3477 2918 3531 Καὶ
2964 3477 3096 3549 περὶ
3144 3476 3246 3550 μὲν
3281 3477 3392 3534 τῶν
3410 3478 3637 3535 δικαίων

2046 3566 2158 3621 τῶν
2196 3567 2442 3635 τελείων,
2468 3567 2573 3633 σῶς
2613 3569 2742 3623 ὅταν
2800 3571 3191 3642 προσκαλεῖται
3247 3572 3446 3636 αὐτοὺς
3495 3573 3637 3644 πρὸς

2049 3658 2244 3713 ἑαυτὸν
2271 3657 2454 3729 λέγων
2477 3676 2491 3691 ο
2524 3679 2543 3710 ι
2577 3660 2765 3727 Δεῦτε,
2807 3664 2856 3716 οί
2898 3663 3259 3735 εὐλογημένοι
3295 3663 3388 3718 τοῦ
3419 3665 3637 3735 Πατρὸς

2053 3767 2175 3821 μου,
2209 3749 2663 3823 κληρονομήσατε
2714 3753 2816 3825 τὴν
2860 3754 3278 3826 ἡτοιμασμένην
3310 3756 3440 3826 ὑμῖν
3478 3753 3639 3824 βασι-

2048 3844 2199 3899 λείαν
2227 3845 2337 3899 ἀπὸ
2365 3844 2675 3917 καταϐολῆς
2702 3847 2937 3918 κόσμου.
2967 3867 2987 3901 ι
3029 3849 3166 3918 Περὶ
3191 3847 3249 3901 δὲ
3268 3846 3378 3902 τῶν
3396 3846 3635 3912 ἀσεϐῶν,

2050 3935 2126 4000 ὡς
2154 3937 2285 3992 ὅταν
2314 3939 2424 4001 τοῖς
2451 3936 2512 4003 ἐξ
2539 3936 2838 4007 εὐωνύμων
2858 3937 3008 4007 λέγει
3034 3938 3081 3971 ⁸⁰
3103 3954 3117 3970 ·
3149 3957 3169 3991 ι
3205 3938 3509 4011 Πορεύεσθε
3537 3940 3637 3994 ἀπ’

2049 4026 2209 4098 ἐμοῦ,
2240 4027 2291 4081 ei
2323 4028 2718 4101 κατηραμένοι,
2742 4031 2822 4095 είς
2843 4029 3008 4101 2³9
3028 4029 3091 4084 τὸ
3112 4030 3223 4102 πῦρ
3247 4030 3311 4084 τὸ
3330 4029 3547 4084 αίώνιον
3573 4031 3639 4085 τὸ

2050 4120 2457 4193 ήτοιμασμένον
2480 4121 2559 4193 τῷ
2582 4120 2819 4193 διαϐόλῳ
2846 4121 3074 4186 καὶτοῖς
3096 4122 3349 4192 ἀγγέλοις
3376 4122 3539 4177 αὐτοῦ
3567 4138 3583 4153 ·
3612 4142 3631 4174 ι

2051 4210 2139 4265 ἵνα
2169 4210 2299 4284 εἴπῃ
2329 4213 2443 4276 τοῖς
2483 4212 2584 4283 μὲν
2613 4211 2848 4277 δικαίοις
2883 4228 2898 4242 ·
2943 4214 3093 4268 ’Λνω
3142 4214 3221 4276 εἰς
3272 4213 3368 4268 τὸν
3403 4213 3638 4280 οὐρανὸν

2048 4301 2318 4374 ἐσώτερον
2351 4303 2544 4357 τούτου
2588 4302 2685 4358 τοῦ
2726 4304 3008 4376 δρωμένου
3058 4304 3436 4376 περεώματος
3461 4319 3477 4333 ”
3518 4307 3638 4369 τοῖς

2046 4393 2104 4448 δὲ
2137 4394 2358 4465 ἀσεϐέσι
2390 4410 2405 4424 ·
2444 4396 2612 4451 Κάτω
2656 4396 2784 4467 περὶ
2811 4394 2911 4467 τὴν
2935 4395 3062 4466 γῆν,
3099 4394 3244 4449 ἔνθα
3267 4396 3361 4449 καὶ
3392 4395 3421 4448 δ
3450 4396 3638 4450 6:650-

365 4501 486 4541 sere
514 4494 666 4541 extra
700 4487 1022 4542 thalamum.
1068 4486 1160 4542 Sic
1185 4487 1347 4557 igitur
1371 4484 1943 4559 unusquis'qnejusto-

2050 4488 2142 4551 λος
2174 4486 2505 4560 κατερρίφη.
2542 4486 2745 4542 Λοιπὸν
2774 4485 2886 4540 τῶν
2935 4487 3116 4558 μέσων
3149 4486 3364 4558 ἀνάγκη
3399 4486 3636 4559 ζητῆσαι

368 4591 487 4630 rum
539 4586 703 4632 rectae
730 4591 795 4632 ac
836 4577 1063 4632 sincerae
1090 4576 1214 4632 ﬁdei
1255 4577 1550 4648 probaeque
1590 4578 1736 4644 vitaz,
1778 4578 1949 4635 libere

366 4681 596 4735 regnum
640 4666 965 4738 ingreditur.
1002 4666 1075 4722 lis
1124 4682 1257 4722 vero
1309 4667 1567 4738 oppositi,
1612 4668 1705 4738 qui
1752 4669 1949 4725 horum

368 4757 505 4811 nihil
534 4757 756 4833 habent,
808 4773 986 4828 neque
1019 4767 1224 4813 rectam
1271 4759 1469 4823 ﬁdem,
1512 4774 1694 4830 neque
1738 4772 1947 4817 rectam

366 4848 533 4905 vitam
577 4866 700 4906 cum
755 4851 971 4908 diabolo
1008 4851 1152 4909 circa
1200 4860 1400 4908 terram
1448 4853 1796 4910 damnantur.
1844 4854 1947 4922 Qui

344 4929 532 5009 porro
559 4942 787 4997 alterum
828 4944 1054 5010 habent,
1089 4944 1322 5000 alterum
1360 4954 1542 5000 autem
1573 4961 1686 5001 non
1718 4947 1942 5015 habent,

369 5033 640 5103 mediique
671 5036 1073 5105 quodammodo
1120 5046 1270 5103 sunt,
1307 5047 1460 5092 extra
1491 5038 1794 5094 thalamum
1829 5055 1949 5094 ma-

370 5140 500 5181 nere
542 5126 822 5195 jubeutur,
874 5129 979 5184 hoc
1025 5139 1108 5185 est
1146 5129 1570 5186 firmamentum.
1623 5131 1756 5199 Quae
1820 5148 1951 5188 vero

371 5215 481 5268 sint
510 5214 778 5270 bonorqu
822 5219 902 5273 vel
945 5220 1340 5289 suppliciorum
1376 5236 1599 5292 genera,
1641 5222 1729 5277 vix
1770 5232 1856 5280 est
1893 5232 1955 5280 ut

373 5320 534 5360 nosse
591 5307 883 5375 possimus,
934 5311 1037 5363 nisi
1097 5311 1315 5380 ipsimet
1374 5313 1689 5369 intersimus
1750 5333 1762 5368 :
1826 5330 1950 5369 cum

2046 4577 2140 4631 τὸν
2164 4577 2330 4631 τόπον
2355 4592 2373 4610 ο
2396 4575 2546 4646 λέγει
2576 4576 2758 4630 τοίνυν
2783 4576 2842 4628 ὲν
2875 4578 2941 4647 τῇ
2974 4575 3259 4648 παραϐολῇ
3286 4578 3330 4611 ⁸⁸
3365 4576 3475 4630 τῶν
3499 4576 3636 4631 δέκα

2048 4668 2338 4741 παρθένων
2362 4669 2440 4733 ὡς
2477 4669 2535 4723 αἱ
2568 4668 2730 4723 πέντε
2754 4667 3009 4740 φρόνιμοι
3065 4667 3313 4739 εἰσῆλθον
3353 4667 3492 4737 μετά
3537 4668 3637 4723 τοῦ

2047 4761 2284 4832 νυμφίου
2305 4761 2386 4823 είς
2411 4759 2504 4814 τὶν
2526 4778 2586 4813 νυ
2596 4759 2813 4832 μφῶνα,
2839 4758 3139 4820 τουτέστιν,
3167 4759 3248 4822 είς
3268 4758 3360 4811 τὸν
3380 4757 3651 4829 οὐρανόν..

2048 4854 2346 4927 ἐπειδήπερ
2381 4853 2477 4907 καὶ
2522 4854 2623 4925 τὴν
2644 4851 3004 4925 ,παρθενείαν
3049 4852 3095 4885 ⁸³
3127 4853 3225 4906 καὶ
3269 4851 3370 4922 τὴν
3398 4851 3637 4922 ἐλεημο-

2058 4946 2226 5018 σύνην
2250 4945 2327 5009 ὡς
2347 4944 2606 5016 φρόνιμοι
2637 4943 2985 5008 ἐπελέξαντο.
3012 4943 3077 4996 Δί
3106 4941 3163 4996 δὲ
3206 4943 3410 5013 μωραὶ,
3443 4943 3636 5012 φησιν,

2050 5037 2111 5092 τὸ
2134 5037 2191 5090 ἓν
2217 5035 2632 5107 ὲπιλεξάμεναι,
2665 5034 2763 5089 τοῦ
2795 5034 2853 5088 δὲ
2891 5033 3081 5106 έτέρου
3122 5033 3635 5103 καταφρονήσασαι,

2052 5130 2276 5201 ἔμειναν
2306 5127 2414 5195 ἔξω
2441 5126 2537 5182 τοῦ
2572 5125 2887 5199 νυμφῶνος,
2931 5124 3327 5196 κεκλεισμένην
3374 5123 3640 5196 εὑροῦσαι

2049 5222 2149 5294 τὴν
2181 5221 2354 5293 θύραν
2380 5220 2476 5275 καὶ
2509 5218 2818 5275 ἀκούσασαι
2844 5235 2858 5251 ο
2893 5238 2913 5271 ι
2960 5217 3257 5271 Ἀπέλθατε
3287 5216 3333 5249 ⁸³
3353 5215 3449 5269 ἀπ’
3468 5215 3635 5287 ἐμοῦ,
3658 5258 3681 5275 .

2051 5315 2150 5368 οὐκ
2185 5311 2303 5367 οἶδα
2332 5313 2496 5384 ὑμᾶς,
2536 5332 2554 5364 ι
2579 5311 2703 5366 οὔτε
2733 5311 2998 5366 εἰσελθεῖν
3024 5308 3486 5380 συγχωρηθείσαι,
3510 5307 3639 5362 οὔτε

1664 5516 1898 5573 vanu;
1939 5517 2348 5575 LECTIONES.
2380 5506 2389 5513 '

448 5694 495 5726 ’θ
522 5692 688 5763 λέγει.
720 5694 957 5768 τχνέω.
1033 5694 1084 5768 ’ξ
1107 5695 1153 5768 οἱ
1181 5709 1291 5768 m_n_.
1323 5692 1382 5768 P_.
1462 5694 1504 5726 ⁷⁵³
1536 5693 1692 5768 μόνον
1726 5696 1789 5747 ν.
1866 5696 1909 5726 ⁷⁷
1935 5697 2232 5768 προφητῶν
2248 5696 2310 5752 Ρ.
2388 5696 2435 5729 ⁷⁸
2464 5693 2598 5766 πρὸς
2622 5692 2854 5765 ὓπαρξιν
2880 5693 2943 5749 ll.
3021 5694 3066 5728 ⁷³
3085 5691 3319 5765 ἠθέτηκε
3344 5690 3402 5748 Ρ.
3480 5690 3524 5723 ³ο
3545 5689 3643 5745 3.61-

380 5780 487 5833 γει.
510 5762 633 5833 xxv,
672 5768 750 5822 ll.
827 5764 871 5795 ⁸¹
902 5763 1204 5835 παραϐολῇ.
1227 5762 1416 5819 Matth.
1464 5781 1585 5829 xxv,
1616 5767 1662 5819 l.

1740 5768 1782 5797 ⁸³
1811 5766 2106 5836 παρθενίαν
2141 5768 2199 5822 ι’.
