3870 6336
308 362 407 428 επ

1450 358 1884 424 CIIRONICON
1921 362 2325 423 PASCIIAIE.

3456 356 3563 441 578

302 480 440 551 μετά
467 479 574 533 τῶν
604 478 821 532 ἀσεϐῶν
857 478 933 549 (ὃ)
975 476 1414 547 κατακριθεῖσαι,
1447 475 1582 532 ἀλλὰ
1630 479 1875 548 μείνασαε

1989 478 2222 549 exempli
2259 477 2523 534 duntaxat
2562 481 2755 551 gratia,
2800 496 2919 553 quae
2964 484 3051 539 hic
3078 493 3204 540 sunt
3250 503 3557 560 pmnarum,

294 572 404 637 εξω
426 567 523 622 τοῦ
552 569 866 638 νυμφῶνος.
896 567 1086 630 Οὑτως
1131 561 1224 620 οὖν
1272 566 1503 631 ἕκαστος
1532 567 1640 621 τῶν
1673 568 1881 621 πιστῶν

296 662 463 734 ὀρθὴν
492 661 588 714 καὶ
625 660 995 731 ἀνυπόκριτον
1042 659 1229 712 πίστιν
1259 660 1355 713 καὶ
1390 659 1504 729 βίον
1534 660 1698 713 καλὸν
1743 659 1881 730 ἔχων

299 752 437 822 μετά
477 750 800 822 παρρησίας
823 749 1131 819 εἰσέρχεται
1158 751 1237 812 εἰς
1259 750 1361 819 τὴν
1391 749 1687 819 βασιλείαν.
1723 751 1787 803 Oi
1824 749 1880 803 δὲ

296 843 536 896 ἐναντίοι
583 842 634 895 οί
679 841 817 913 μηδὲ
876 840 936 894 ἓν
977 840 1185 894 τούτων
1233 839 1468 910 ἔχοντες,
1508 841 1645 911 μήτε
1695 840 1880 895 πίστιν

294 931 481 1004 ὀρθὴν,
512 934 653 1004 μήτε
678 932 793 1003 βίον
822 931 953 1004 εὑθῆ
975 934 1041 1000 ⁸⁵,
1074 932 1211 1002 μετὰ
1236 930 1331 985 τοῦ
1356 931 1604 986 διαϐόλου
1629 932 1755 1003 περὶ
1781 933 1881 1004 τὴν

296 1023 397 1092 γῆν
426 1024 874 1095 κατακρίνονται.
902 1025 967 1076 Οί
993 1022 1052 1077 δὲ
1080 1023 1179 1078 ἕνα
1209 1023 1309 1093 μὲν
1339 1021 1572 1092 ἔχοντες,
1599 1022 1696 1076 ἕνα
1721 1023 1777 1076 δὲ
1805 1024 1879 1093 μὴ

294 1113 539 1184 ἔχοντες,
577 1115 734 1186 μέσοι
760 1115 907 1179 τινές
935 1115 1094 1179 εἰσιν,
1119 1113 1317 1178 ἔξωθεν
1340 1112 1524 1184 μένειν
1548 1112 1641 1166 τοῦ
1660 1112 1881 1183 νυμφῶ-

298 1223 386 1270 νος
417 1206 902 1278 κατατεμνόμενοι,
951 1206 1201 1259 τουτέστι
1242 1203 1336 1257 τοῦ
1372 1202 1772 1276 στερεώματος.
1807 1204 1880 1257 Τὸ

290 1298 350 1354 ἃ
372 1294 521 1362 εἶδος
542 1298 653 1351 τῶν
690 1297 912 1367 ἀγαθῶν
935 1298 968 1368 ἢ
1002 1297 1114 1350 τῶν
1138 1295 1421 1367 τιμωριῶν
1445 1295 1704 1350 ἀδύνατον
1743 1296 1877 1350 εἰδέ-

298 1406 379 1443 ναι
407 1391 583 1459 ἡμᾶς,
619 1390 669 1442 εί
702 1388 781 1459 μὴ
808 1388 959 1451 ἐντὸς
987 1387 1164 1442 αὑτῶν
1194 1386 1483 1458 γενώμεθα
1506 1403 1521 1419 ο
1557 1386 1635 1450 ώς
1663 1390 1721 1440 ὲν
1748 1388 1880 1440 ὑπο·

293 1480 548 1550 δείγματι
589 1480 647 1534 δὲ
678 1481 838 1552 μόνον
878 1478 989 1532 τῶν
1031 1478 1266 1533 ἐνταῦθα
1306 1477 1589 1550 τιμωριῶν
1627 1478 1722 1531 καὶ
1768 1478 1880 1532 τῶν

282 1570 535 1625 ἐνταῦθα
584 1570 807 1639 ἀγαθῶν
843 1572 1118 1640 ἐσήμανεν
1156 1569 1225 1624 τά
1278 1568 1538 1640 μέλλοντα
1562 1586 1578 1603 ·
1613 1568 1734 1625 οὐδὲ
1770 1568 1879 1638 γάρ

294 1663 427 1733 ἐνῆν
453 1664 605 1733 ἡμᾶς
632 1663 808 1726 ἄλλως
837 1662 882 1694 ⁸⁸
909 1660 1141 1716 ἀκοῦσαι
1172 1662 1340 1732 μήπω
1367 1663 1564 1732 πεῖραν
1589 1660 1878 1731 εἰληφότας

277 1753 503 1808 ,καινῶν
530 1769 695 1806 τινων
742 1751 1108 1823 πραγμάτων,
1139 1751 1255 1805 ἀλλ’
1278 1751 1403 1805 ὅσον
1460 1750 1876 1821 αἰνιγματωδῶς

1988 582 2043 626 et
2066 587 2186 642 qua:
2214 573 2374 628 isthic
2400 582 2527 627 sunt
2552 575 2842 642 bonorum,
2871 593 2992 647 qua:
3016 578 3197 635 futura
3231 592 3361 639 sunt
3393 585 3561 657 signi-

1989 661 2250 717 ﬁcaverit.
2300 662 2485 733 Neque
2535 665 2681 720 enim
2732 667 2786 722 id
2843 669 3000 724 nobis
3054 668 3202 737 licet,
3234 674 3328 728 sed
3370 676 3561 731 auditu

1987 760 2197 806 tantum
2224 754 2495 824 excipere,
2529 771 2653 812 cum
2679 758 2947 828 ejusmodi
2982 776 3168 816 rerum
3195 767 3557 834 quarumdam

1982 858 2244 899 novarum
2283 860 2570 902 careamus
2596 851 2992 919 experimento,
3020 851 3266 924 ipseque,
3297 867 3558 927 quantum

1982 934 2254 1005 conjicere
2290 935 2437 999 licet,
2461 938 2809 1008 'aenigmatice
2838 940 3019 997 hazcce
3052 945 3403 1001 retulerithis
3439 962 3560 1003 ver-

1982 1023 2067 1078 bis
2105 1043 2119 1078 :
2169 1044 2187 1077 ι
2232 1024 2415 1081 Simile
2457 1037 2541 1082 est
2579 1044 2804 1098 regnum
2844 1031 3107 1085 caelorum
3156 1034 3362 1089 homini
3401 1038 3555 1109 regi,

1981 1114 2075 1184 qui
2139 1115 2266 1171 fecit
2318 1118 2538 1188 nuptias
2579 1118 2708 1174 tilio
2753 1135 2875 1178 suo.
2943 1139 2963 1172 ι
3015 1120 3117 1177 Ubi
3179 1140 3246 1178 ex
3303 1127 3557 1182 omnibus

1978 1202 2141 1259 istius
2183 1206 2307 1261 vita:
2338 1207 2498 1263 bonis
2537 1208 2769 1265 illustria
2802 1211 3016 1283 selegit,
3060 1215 3397 1285 contulitque
3431 1231 3555 1272 cum

1976 1290 2049 1346 iis
2084 1308 2206 1363 qua:
2245 1295 2410 1351 isthic
2462 1305 2593 1351 sunt
2639 1298 2802 1355 bonis
2845 1318 2858 1353 :
2908 1300 3136 1370 perinde
3180 1318 3246 1357 ac
3290 1305 3550 1373 pessima.

1978 1382 2182 1455 ignem,
2229 1401 2465 1451 vermes,
2520 1397 2804 1453 tartarum,
2852 1391 3139 1446 stridorem
3181 1392 3449 1461 dentium,
3500 1406 3559 1450 et

1980 1477 2254 1544 tenebras,
2297 1486 2353 1533 et
2394 1480 2656 1550 quidquid
2700 1481 2851 1537 hisce
2898 1481 3059 1537 afﬁne
3101 1492 3206 1538 est.
3238 1484 3375 1540 Cum
3427 1500 3557 1542 vero

1980 1568 2226 1638 graviora
2241 1569 2353 1624 sint
2371 1586 2494 1640 quae
2514 1570 2587 1626 ibi
2610 1580 2740 1626 sunt
2761 1572 3046 1642 supplicia,
3065 1572 3153 1626 illa
3166 1589 3290 1628 cum
3308 1573 3379 1630 iis
3403 1589 3557 1631 com-

1978 1658 2210 1726 paravit.
2243 1658 2442 1715 Eorum
2466 1669 2653 1717 autem
2676 1663 2771 1733 qui
2798 1662 2870 1717 ibi
2914 1672 3043 1718 sunt
3080 1663 3223 1718 bona
3251 1667 3555 1736 comparari

1978 1758 2277 1818 nequeunt,
2314 1758 2375 1804 ut
2410 1765 2511 1806 nec
2538 1767 2659 1821 quae
2702 1752 2883 1823 gravia
2909 1760 3058 1816 sunt,
3085 1753 3173 1807 vel
3207 1768 3398 1809 eorum
3435 1767 3553 1809 me-

289 1843 491 1909 είπεῖν,
527 1839 683 1896 εἴπεν
719 1842 767 1875 ³⁸
784 1814 920 1897 δτιῖ
966 1841 1236 1913 Ὡμοιώθη
1258 1843 1292 1913 ἡ
1324 1823 1570 1912 βασιλεία
1585 1814 1696 1897 τῶν
1720 1843 1875 1916 οὐρα-

1979 1814 2121 1893 dia':
2152 1814 2593 1909 quandoquidem
2634 1814 2773 1897 alius
2801 1852 2885 1897 est
2925 1814 3100 1897 status
3148 1844 3320 1898 multo
3353 1845 3552 1915 potior,

288 1934 400 1988 νῶν
427 1934 703 2006 ἀνθρώπῳ
753 1933 985 2004 βασιλεῖ,
1019 1936 1168 1998 ὅστις
1201 1935 1427 2003 ἐποίησε
1473 1935 1551 2005 τῷ
1576 1933 1678 2006 υἱῷ
1709 1935 1874 1989 αὑτοῦ

286 2026 530 2096 γάμους.
568 2044 589 2076 ι
633 2026 714 2079 Τά
758 2025 980 2079 πάντων
1009 2026 1260 2095 ἀνώτερα
1279 2025 1388 2080 τῶν
1419 2024 1514 2079 τοῦ
1549 2025 1666 2095 βίου
1686 2025 1875 2079 τούτου

287 2119 519 2201 ἀγ-αθῶν
547 2118 925 2191 ἐκλεξάμενος,
957 2120 1053 2174 καὶ
1075 2116 1352 2190 ὁμοιώσας
1389 2120 1502 2183 τοῖς
1528 2120 1709 2173 ἐκεῖσε
1740 2121 1878 2188 ἀγα-

270 2209 431 2272 .θοῖς,
460 2208 664 2278 ὁμοίως
686 2210 781 2262 καὶ
808 2209 877 2263 τά
905 2209 1175 2280 χείριστα,
1198 2208 1333 2279 πῦρ,
1361 2206 1643 2280 σκώληκα,
1681 2208 1875 2279 τάρτασ

284 2316 410 2372 ρον,
438 2301 534 2352 καὶ
566 2298 809 2371 βρυγμὸν
832 2300 1086 2363 ὀδόντων,
1132 2299 1227 2353 καὶ
1273 2301 1482 2363 σκότος,
1514 2300 1609 2354 καὶ
1631 2301 1731 2355 ὅσα
1749 2300 1875 2355 τούα

286 2408 409 2455 τοις
431 2391 811 2463 παραπλήσια,
851 2390 1038 2462 ἐπειδὴ
1064 2389 1239 2445 ταῦτα
1289 2389 1398 2443 τῶν
1437 2390 1673 2445 ἐνταῦθα
1698 2409 1872 2462 τιμωο

286 2483 538 2555 ρητικῶν
591 2483 870 2555 δεινότερα
929 2484 1281 2554 τυγχάνουσι,
1321 2482 1532 2546 τούτοις
1592 2483 1733 2537 αὒτά
1779 2483 1871 2550 ἐξ-

283 2575 597 2645 ωμοίωσεν.
616 2574 754 2629 Οὑτε
766 2576 810 2608 ⁸⁷
839 2575 895 2629 δὲ
922 2575 992 2629 τά
1017 2574 1199 2644 ἀγαθά
1224 2572 1333 2629 τῶν
1364 2575 1482 2627 ἐκεῖ
1494 2573 1716 2629 δυνατὸν
1744 2574 1877 2628 ἀνα-

285 2666 640 2736 λογίσασθαι,
682 2667 807 2721 οὕτε
855 2666 924 2721 τὰ
972 2666 1142 2730 δεινὰ,
1192 2666 1317 2720 οὕτε
1346 2666 1415 2721 τά
1467 2666 1609 2738 μέσα
1644 2667 1869 2734 τούτων,

283 2758 411 2811 ἀλλ’
438 2758 603 2831 ἑτέρα
640 2776 728 2822 τις
748 2758 1091 2822 κατάστασίς
1141 2760 1292 2812 ἔστιν
1316 2758 1582 2830 κρείττων
1604 2758 1740 2813 πολὺ
1774 2759 1869 2814 καὶ

280 2848 419 2902 ,λίαν
442 2848 579 2902 πολὺ
625 2848 855 2901 καθόλου
887 2849 1213 2918 ὑπάρχουσα
1258 2846 1368 2901 τῶν
1394 2848 1651 2912 ἐνταῦθα,
1683 2847 1870 2921 ὥσπερ

282 2939 563 3009 κρείττων
607 2940 845 3010 ὑπάρχει
885 2940 932 2972 ⁸⁸
957 2941 986 2993 ὁ
1014 2939 1129 3010 βίος
1150 2932 1306 3002 οὗτος
1332 2931 1394 2991 οὗ
1423 2939 1513 2991 ὅτε
1544 2934 1686 3011 ἦμεν
1710 2941 1767 2993 ὲν
1801 2943 1868 3012 τῇ

282 3028 473 3099 κοιλίᾳ
529 3029 629 3100 τῆς
679 3028 886 3099 μητρὸς
919 3027 1096 3099 ἡμῶν.
1146 3027 1595 3097 ’Δναλογίσασθαι
1644 3031 1754 3101 γάρ
1789 3029 1872 3083 δεῖ

286 3119 410 3183 πῶς
440 3117 582 3190 ἦμεν
614 3118 819 3173 ἔσωθεν
847 3118 945 3189 τῆς
995 3117 1205 3182 κοιλίας
1255 3118 1534 3187 διάγοντες
1560 3119 1620 3171 ιν
1669 3118 1865 3190 σκότῳ,
1896 3142 1938 3200 c

282 3215 353 3267 ἐν
385 3211 604 3283 αἵματι,
631 3212 690 3264 ἑν
720 3210 1016 3281 φλέγματι,
1061 3210 1118 3262 ὲν
1142 3209 1274 3281 χολῇ
1299 3209 1396 3264 καὶ
1428 3209 1676 3281 βορϐόρῳ
1703 3210 1748 3243 θ’
1776 3211 1870 3264 καὶ

282 3302 485 3373 κόπρῳ
510 3302 605 3355 καὶ
631 3301 780 3371 πάσῃ
807 3299 1123 3370 ἀκαθαρσίᾳ
1159 3301 1256 3352 καλ⁹
1301 3298 1541 3370 δυσωδίᾳ
1582 3300 1869 3371 συμφυρό-

286 3410 475 3464 pavet,
508 3392 671 3464 κω
704 3392 801 3445 καὶ
828 3393 885 3445 ἐν
919 3392 1069 3462 πάσῃ
1093 3389 1340 3462 ἀγνωσίᾳ
1370 3391 1725 3462 ὑπάρχοντες.
1758 3392 1872 3445 Πα-

289 3481 641 3552 ρακύψαντες
665 3481 722 3535 δὲ
758 3482 816 3534 ὲν
847 3479 926 3552 τῷ
958 3480 1057 3551 βίῳ
1086 3479 1260 3551 τούτῳ
1292 3481 1458 3552 ἕτερά
1483 3498 1603 3536 τινα
1637 3479 1874 3553 θεωροῦ-

289 3590 421 3641 μεν,
447 3568 524 3627 ὧν
552 3573 655 3645 τὴν
700 3574 894 3642 πεῖραν
943 3570 1097 3626 οὔπω
1151 3572 1591 3645 παρειλήφαμεν,
1637 3574 1872 3639 ἀνέσεως

282 3664 536 3730 ἔκτασιν,
568 3664 731 3737 ἀέρος
780 3663 1077 3734 ἀναπνοὴν,
1124 3662 1427 3718 ἀπόλαυσιν
1464 3664 1639 3733 φωτὸς
1684 3663 1872 3718 καλλί-

284 3773 444 3820 στου,
486 3756 829 3827 κατασκευὴν
870 3755 1100 3827 κόσμου,
1148 3755 1395 3826 τεχνίτου
1452 3756 1499 3789 ⁹⁰
1549 3757 1645 3810 καὶ
1675 3756 1874 3810 πανσό-

282 3863 395 3916 φου
419 3845 812 3918 δημιούργημα
843 3847 912 3914 ’⁸,
944 3846 1040 3901 καὶ
1075 3846 1329 3915 γνώσεως
1361 3846 1497 3901 Θεοῦ
1524 3848 1570 3880 "
1592 3848 1873 3917 ἐμπιπλά-

286 3954 449 4009 μενοι
468 3937 537 4003 ’³,
571 3937 714 4009 άπερ
745 3938 925 3991 πάντα
957 3935 1082 3991 οὕτε
1115 3935 1315 3992 εἰδέναι
1341 3938 1490 4008 ἡμᾶς
1518 3933 1589 4010 ἦν
1620 3938 1869 4005 δυνατὸν,

1976 1943 2043 1984 ac
2060 1929 2127 1983 iis
2150 1945 2270 1999 quae
2292 1930 2379 1985 hic
2403 1931 2673 1985 exsistunt
2699 1932 2857 2003 longe
2874 1933 3220 2002 praestantior
3248 1951 3262 1987 :
3289 1935 3555 2005 quemado

1978 2021 2200 2076 modum
2230 2022 2423 2076 melior
2448 2030 2533 2077 est
2574 2024 2691 2079 haec
2731 2039 2836 2093 qua
2859 2024 3094 2081 fruimur
3134 2024 3264 2088 vita,
3304 2025 3395 2079 illa
3428 2041 3551 2081 cum

1978 2110 2034 2164 in
2089 2118 2337 2165 materno
2396 2125 2680 2166 versamur
2737 2120 2912 2168 utero.
2976 2112 3353 2184 Comparanda
3403 2114 3552 2168 enim

1978 2202 2095 2258 haec
2115 2210 2261 2270 sunt,
2293 2204 2567 2273 quomodo
2595 2220 2785 2260 sumus
2805 2220 2933 2260 cum
2966 2204 3106 2261 intra
3133 2205 3322 2260 matris
3343 2204 3551 2261 viscera

1976 2293 2243 2365 degimus,
2292 2294 2347 2348 in
2384 2295 2661 2360 'tenebris,
2705 2296 2763 2350 in
2810 2297 3092 2367 sanguine,
3138 2297 3192 2350 in
3232 2296 3444 2366 pituita,
3496 2297 3549 2359 in

1975 2395 2134 2436 coeno
2156 2388 2213 2435 et
2245 2389 2503 2447 stercore,
2533 2391 2589 2436 et
2612 2382 2759 2436 omni
2788 2383 3069 2451 spurcitia,
3099 2397 3164 2437 ac
3196 2382 3366 2437 fetore
3397 2398 3548 2437 com—

1976 2470 2144 2536 misti,
2167 2480 2223 2526 et
2252 2472 2307 2525 in
2332 2472 2480 2526 omni
2508 2471 2811 2544 ignorantia
2841 2473 3057 2542 sepulti.
3087 2473 3156 2528 At
3188 2473 3278 2526 ubi
3322 2473 3377 2526 in
3408 2473 3550 2527 hanc

1975 2562 2140 2617 vitam
2166 2563 2520 2634 ingredimur,
2542 2563 2654 2617 alia
2682 2563 2937 2633 quaedam
2957 2572 3288 2633 spectamus,
3314 2579 3544 2634 quorum

1974 2653 2410 2724 experimentum
2448 2654 2699 2709 nondum
2748 2669 2937 2709 sumus
2974 2654 3232 2720 assecuti,
3271 2653 3546 2709 remissio-

1974 2744 2062 2799 nis
2107 2745 2515 2809 extensionem,
2553 2745 2696 2801 acris
2736 2745 3173 2815 respirationem,
3221 2746 3541 2816 praeclarum

1970 2833 2110 2888 lueis
2134 2850 2315 2901 usum,
2345 2834 2535 2890 mundi
2569 2834 3056 2905 constructionem,
3093 2834 3305 2904 Opificis
3330 2833 3544 2904 sapien-

1976 2924 2169 2980 tissimi
2204 2940 2376 2994 opus,
2400 2941 2524 2981 cum
2563 2939 2691 2979 vero
2732 2923 3096 2995 cognitionem
3124 2939 3314 2978 sumus
3341 2924 3539 2994 adepti,

1971 3030 2309 3085 quascunque
2333 3014 2514 3069 omnia
2540 3029 2715 3084 neque
2735 3013 2918 3068 videre
2961 3012 3121 3069 nobis
3146 3021 3231 3068 est
3257 3012 3537 3083 possibile,

1972 3121 2149 3175 neque
2191 3107 2519 3179 cogitatione
2570 3102 3073 3176 comprehendere,
3124 3119 3302 3174 neque
3357 3103 3541 3158 auditu

1971 3197 2272 3267 percipere,
2301 3198 2396 3252 sed
2440 3207 2494 3253 et
2519 3197 2720 3266 quibus
2757 3210 2858 3249 nec
2903 3194 3006 3248 Frui
3054 3201 3385 3264 poteramus,
3419 3210 3541 3249 cum

1970 3289 2154 3343 adhuc
2180 3302 2429 3343 essemus
2462 3288 2515 3343 in
2550 3296 2723 3341 utero.
2760 3285 2836 3340 lta
2864 3284 3106 3339 futurum
3133 3294 3356 3350 statum,
3386 3300 3454 3339 eo
3486 3284 3543 3339 in

1971 3396 2081 3450 quo
2122 3379 2212 3435 hic
2240 3379 2499 3441 vivimus,
2539 3379 2696 3448 longe
2743 3377 3172 3447 prmstantiorem
3221 3375 3305 3430 vel
3336 3374 3573 3435 animo.’

1971 3472 2058 3526 vel
2090 3469 2475 3541 imaginatione
2500 3468 2701 3540 ﬁngere
2728 3467 2949 3521 minime
2975 3480 3285 3536 possumus,
3317 3464 3422 3520 nisi
3455 3481 3542 3519 re-

1971 3561 2076 3617 bus
2100 3562 2232 3633 ipsis
2263 3560 2600 3618 intersimus.
2631 3579 2650 3610 ι
2687 3557 2818 3626 Qua:
2853 3558 2998 3613 enim
3029 3556 3222 3612 oculus
3247 3571 3355 3621 non
3384 3555 3539 3619 vidit,

1972 3664 2029 3710 et
2051 3654 2198 3709 auris
2235 3668 2346 3708 non
2376 3652 2604 3720 audivit,
2634 3652 2832 3722 inquit,
2866 3659 2921 3705 et
2950 3649 3006 3704 in
3037 3664 3132 3705 cor
3173 3648 3410 3704 hominis
3431 3663 3543 3707 non

1971 3745 2237 3812 ascendit,
2280 3745 2387 3802 hoc
2426 3744 2752 3816 praeparavit
2795 3743 2938 3799 Deus
2976 3741 3329 3813 diligentibus
3379 3754 3459 3795 se.
3518 3759 3537 3792 ι

1971 3834 2438 3902 Quemadmodum
2481 3833 2646 3905 igitur
2688 3846 2979 3888 commune
3031 3830 3235 3885 donum
3289 3828 3540 3883 omnibus

1971 3926 2197 3999 largitus
2216 3935 2301 3983 est
2326 3925 2489 3990 Deus,
2514 3925 2644 3980 dum
2669 3924 2838 3979 solem
2868 3928 3030 3978 suum
3061 3921 3191 3976 fecit
3219 3921 3352 3976 oriri
3379 3936 3541 3992 super

278 4027 416 4082 οὔτε
466 4027 864 4099 ἐνθυμηθῆναι,
916 4026 1039 4081 οὔτε
1090 4025 1346 4092 ἀκοῦσαι,
1394 4026 1519 4081 οὔτε
1567 4027 1871 4084 ἀπολαῦσαι

1976 4020 2143 4090 iustos
2162 4026 2217 4073 et
2238 4017 2489 4088 injustos,
2519 4026 2577 4070 et
2604 4015 2745 4086 pluit
2767 4029 2932 4084 super
2960 4013 3134 4067 bonos
3158 4020 3212 4066 et
3246 4012 3436 4077 malos,
3463 4012 3543 4066 sic

282 4119 409 4183 ἑνὸς
443 4118 651 4173 τούτων
695 4118 778 4172 ετι
813 4118 976 4183 ὄντας
1023 4120 1083 4172 ἐν
1120 4121 1188 4190 τῇ
1215 4116 1415 4190 κοιλίᾳ.
1445 4117 1602 4173 Οὕτω
1631 4120 1727 4173 καὶ
1769 4119 1870 4189 τὴν

1976 4109 2025 4164 in
2047 4109 2234 4164 futuro
2259 4115 2400 4164 statu
2426 4121 2716 4171 commune
2758 4102 3178 4159 immortalitalis
3201 4102 3403 4157 donum
3432 4102 3540 4156 lar-

280 4210 597 4279 μέλλουσαν
620 4209 960 4264 κατάστασιν
991 4208 1218 4263 καθόλου
1258 4210 1542 4281 κρείττονα
1567 4211 1868 4281 τυγχάνου-

1976 4200 2135 4270 gitur,
2158 4207 2213 4254 et
2233 4197 2722 4268 incorruptionem,
2744 4205 2801 4251 et
2828 4195 3015 4258 vitam,
3039 4208 3103 4248 ac
3131 4193 3541 4248 immutabilita-

286 4318 392 4355 σαν
416 4300 527 4355 τῶν
551 4300 784 4355 ἐνταῦθα
810 4301 871 4354 οὑ
900 4298 1126 4356 δυνατὸν
1159 4302 1309 4372 ἡμᾶς
1343 4299 1762 4369 ἀναλογίσασθαι
1789 4300 1870 4356 ἔτι

1976 4302 2102 4348 tem.
2151 4289 2443 4345 Enimvero
2481 4304 2581 4359 pro
2621 4288 2833 4343 ratione
2885 4293 3174 4342 transacta
3217 4285 3379 4352 vita,
3422 4285 3540 4341 sin-

272 4391 447 4453 ὄντας
477 4388 730 4461 ἐντούτῳ
747 4389 826 4459 τῷ
860 4388 987 4461 βίῳ,
1018 4390 1051 4461 ἢ
1084 4387 1454 4459 ἐνθυμεῖσθαι,
1493 4389 1526 4459 ἢ
1559 4389 1870 4460 φαντασθῆ-

1976 4383 2079 4455 guli
2099 4382 2206 4437 sibi
2232 4381 2525 4437 conciliant
2546 4380 2631 4435 vel
2660 4394 2885 4451 regnum
2921 4376 3274 4449 (cceleste)vel
3298 4391 3533 4447 pmnam:

280 4497 395 4547 ναι,
420 4482 472 4534 εί
504 4480 582 4552 μὴ
613 4481 768 4545 me;
796 4482 976 4536 αὐτῶν
990 4482 1038 4514 ⁸⁸
1059 4481 1168 4536 τῶν
1185 4482 1528 4554 πραγμάτων
1555 4481 1862 4554 γενώμεθα.

1976 4486 2064 4534 aut
2088 4492 2373 4533 ascensum
2401 4476 2454 4530 in
2483 4474 2702 4540 caelum,
2727 4482 2822 4528 aut
2851 4472 3030 4527 locum
3058 4470 3204 4526 circa
3228 4478 3423 4525 terram
3454 4468 3540 4523 vel

284 4592 307 4624 ι
355 4574 423 4625 ’Δ
456 4574 566 4642 γὰρ
592 4576 621 4627 ὁ
648 4572 923 4643 ὀφθαλμὸς
954 4573 1055 4628 οὑκ
1082 4569 1223 4628 εἶδεν
1240 4574 1311 4636 ’⁵,
1346 4574 1439 4627 καὶ
1466 4569 1559 4637 οὓς
1584 4572 1682 4626 οὑκ
1702 4573 1864 4644 ἤκου-

1976 4569 2205 4625 mediam
2228 4569 2461 4641 aliquam
2484 4566 2794 4622 stationem.
2825 4561 3019 4620 Omnia
3060 4570 3242 4617 autem
3267 4560 3383 4615 haec
3410 4569 3539 4614 sunt

276 4679 397 4729 σεν,
435 4666 601 4734 φησὶν
628 4665 693 4730 ⁸⁸,
737 4666 831 4719 καὶ
858 4665 952 4718 ἐπὶ
972 4665 1199 4738 καρδίαν
1227 4664 1514 4737 ἀνθρώπου
1546 4666 1646 4719 οὑκ
1671 4665 1859 4735 ἀνέϐη,

1976 4668 2171 4715 aeterna
2197 4668 2253 4714 et
2276 4659 2482 4728 absque
2515 4657 2643 4721 fine,
2668 4666 2776 4711 tam
2804 4671 2926 4726 qua:
2946 4654 3108 4719 bona,
3133 4666 3294 4722 quam
3324 4665 3444 4722 qum
3470 4666 3537 4709 ex

276 4756 640 4827 ἂήτοίμασεν
667 4759 695 4812 6
717 4757 851 4821 Θεὸς
880 4760 993 4822 τοῖς
1042 4756 1329 4825 ἀγαπῶσιν
1372 4757 1555 4810 αὐτόν.
1597 4774 1616 4807 ι
1652 4757 1861 4826 Ὥσπερ

1976 4752 2057 4807 his
2075 4752 2259 4822 pejora
2289 4758 2437 4805 sunt.
2485 4749 2671 4804 Status
2701 4764 2864 4819 porro
2894 4747 3122 4817 hujusce
3152 4745 3278 4801 vita:
3302 4744 3534 4798 multum

272 4846 463 4900 τοίνυν
505 4846 740 4901 ἐνταῦθα
790 4847 970 4900 κοινὸν
1018 4846 1190 4918 δῶρον
1227 4844 1400 4900 ἅπασι
1464 4845 1786 4916 κεχάρισται
1832 4847 1861 4898 ὁ

1976 4860 2033 4899 ac
2059 4842 2284 4898 omnino
2314 4840 2518 4906 diﬂ‘crt,
2569 4840 2624 4895 in
2654 4840 2815 4895 bonis
2838 4855 2960 4909 quae
2984 4837 3147 4909 justis
3176 4844 3304 4893 sunt
3324 4851 3535 4906 prmpa-

274 4938 435 5003 θεὸς,
483 4939 576 4992 τὸν
620 4940 773 5011 ἥλιον
808 4938 972 4992 αὑτοῦ
1011 4937 1313 4991 ἀνατέλλων
1351 4938 1444 4990 ἐπὶ
1479 4936 1719 5000 δικαίους
1764 4936 1861 4989 καὶ

1976 4946 2083 4990 rata
2118 4949 2132 4987 :
2168 4947 2234 4988 ac
2272 4931 2563 5002 impiorum
2602 4930 2767 4987 statui
2805 4930 3122 5001 opponitur,
3164 4930 3367 5000 quibus
3405 4928 3536 4984 ulti-

1618 5090 1945 5148 DUCANGII
1978 5090 2210 5158 NOTAE.

347 5253 427 5328 (ξ)
468 5253 620 5328 ρῦζε
665 5254 818 5321 μετὰ
857 5248 975 5305 τῶν
1003 5249 1273 5328 ρσεϐὢν.
1311 5250 1435 5305 Haec
1467 5249 1752 5328 sententia
1782 5248 1851 5303 ab

1979 5263 2135 5302 ocum
2167 5246 2328 5328 etiam
2354 5246 2947 5328 adultis‘inter‘ccelum
2973 5253 3029 5301 et
3058 5244 3261 5301 inferos
3293 5253 3413 5315 post
3443 5259 3536 5298 εχει

272 5316 517 5379 Ecclesia
558 5316 814 5377 damnata
856 5331 955 5376 est.
1003 5320 1163 5376 Putat
1215 5330 1405 5376 auctor
1445 5320 1682 5375 medium
1728 5317 1844 5373 fore
1952 5326 2186 5374 tremum
2211 5317 2495 5387 judicium.
2525 5316 2671 5373 ldem
2702 5316 2897 5373 Rader.

1564 5470 1802 5527 VARIIE
1835 5469 2239 5528 LECTIONES.

262 5624 275 5633 ’
338 5632 387 5665 ³³
426 5630 689 5684 ἀπέλθετε
722 5629 783 5684 Ρ.
858 5632 906 5664 ⁸⁸
928 5631 1089 5685 εὐθὺν
1118 5627 1181 5684 Ρ.
1258 5628 1309 5660 ⁸⁸
1331 5627 1446 5681 ἀλλ’
1474 5628 1550 5692 ὡς
1579 5625 1688 5683 PV.
1768 5628 1814 5661 ⁸⁵
1847 5623 2020 5682 εἶπεν.
2049 5612 2159 5682 om.
2191 5625 2251 5681 P.
2283 5627 2473 5684 Matth.
2499 5645 2590 5694 xv,
2619 5631 2669 5684 l.
2744 5632 2793 5665 ³⁷
2813 5630 2936 5686 οὑτε
2966 5631 3021 5686 δὲ
3048 5630 3114 5684 τὰ
3141 5629 3205 5683 ν.
3280 5629 3323 5661 ’⁸
3350 5627 3527 5697 ὑπάρ-

264 5717 388 5773 χειν
423 5699 485 5753 Ρ.
558 5701 608 5773 ’ξ
641 5702 1030 5773 καὶνβορὸὁρῳ.
1064 5702 1121 5752 ὲν
1146 5696 2045 5773 9095(5ngP.__"3£x‘i'ij100dpv.
2092 5768 2103 5773 _
2154 5700 2197 5773 ’ξ
2222 5698 2589 5773 δῃμοὺργημα
2613 5700 2674 5756 Ρ.
2748 5705 2794 5737 ⁹²
2823 5702 2959 5756 Θεοῦ
2999 5716 3109 5755 om.
3144 5699 3201 5751 Ρ.
3279 5698 3324 5730 ’³
3356 5700 3523 5768 ἐμπι-

266 5738 555 5840 έτλώμενοι
584 5771 645 5828 Ρ.
723 5738 1114 5830 ’δμαξτῶῗσὀω.
1146 5738 1240 5824 ἵζ’,
1280 5738 1467 5822 «Was»,
1496 5765 1560 5834 V,
1592 5738 1792 5822 οἷδεΑΡῘ
1892 5769 1939 5802 ⁸⁸
1970 5768 2154 5841 φησίν.
2181 5767 2200 5822 l
2235 5738 2361 5824 c‘o‘}.
