3870 6336
2357 251 2398 272 ‘I

360 349 465 414 579
1516 350 1952 411 CHRONICON
1983 350 2386 411 PASCHALE.
3521 347 3634 419 580

357 478 501 518 mum
533 460 881 531 supplicium,
924 478 988 518 ac
1039 463 1429 521 immisericors
1477 475 1561 520 est
1599 467 1868 537 judicium
1921 484 1932 519 :

2055 467 2282 535 ἰιδίκους,
2331 468 2426 522 καὶ
2471 467 2681 542 βρέχων
2737 470 2832 526 ὲπὶ
2887 470 3127 542 ἀγαθοὺς
3178 473 3273 528 καὶ
3325 476 3628 548 πονηροὺς,

355 569 451 624 par
485 552 632 608 enim
660 561 743 607 est
774 553 902 608 huic
935 556 1119 622 statui,
1163 556 1307 612 illius
1335 557 1604 628 judicium
1643 567 1699 612 et
1722 557 1933 627 suppli-

2055 559 2182 612 >iirw
2215 561 2306 613 καὶ⁵
2341 562 2400 614 ἐν
2427 565 2492 633 τῇ
2531 563 2802 637 μελλούσῃ
2842 567 3174 621 καταστάσει
3227 568 3407 622 κοινὸν
3448 568 3630 637 δῶρον

354 645 520 700 cium.
2039 652 2174 703 πᾶσι
2197 651 2482 722 χαρίζεται
2507 655 2826 723 ἀθανασίαν,
2851 658 2945 710 καὶ
2970 658 3299 732 ἀφθαρσίαν,
3331 661 3426 715 καὶ¹
3453 659 3628 730 ζωὴν,

356 744 452 793 καὶ
491 742 888 814 ἀτρεπτότητα.
943 743 1101 798 Κατὰ
1146 743 1331 806 δὲτὰς
1369 743 1413 776 ³⁷
1449 743 1722 814 προτέρας
1754 743 1936 808 τάξεις
1966 744 2196 809 ἕκαστος
2257 747 2437 818 ἑαυτῷ
2495 748 2785 818 ἐφέλκεται
2852 751 2962 805 εῐτε
3012 752 3112 824 τὴν
3161 752 3460 823 βασιλείαν,
3513 755 3630 807 εῐτε

353 833 451 903 τὴν
478 834 772 906 τιμωρίαν,
801 835 911 887 εἴτε
941 834 1128 888 ἄνοδον
1149 835 1204 886 ὲν
1232 832 1466 903 οὐρανῷ,
1492 835 1601 886 εἴτε
1627 832 1793 912 μονὴν
1817 835 1944 904 περὶ
1966 835 2064 903 τὴν
2083 835 2208 904 γῆν,
2241 838 2351 890 εἴτε
2383 838 2514 909 περὶ
2535 837 2634 907 τὴν
2660 839 2834 908 μέσην
2860 841 3033 906 τάξιν.
3081 843 3267 898 Πάντα
3317 842 3375 894 δὲ
3429 840 3632 897 αἰώνια

354 926 452 979 καὶ
489 927 774 998 ἀπέραντα
805 928 1088 997 τυγχάνει,
1133 928 1224 979 καὶ⁵
1267 926 1334 979 τὰ
1387 925 1568 992 ἀγαθὰ
1614 927 1709 979 καὶ⁸
1747 925 1817 978 τὰ
1844 925 2055 978 τούτων
2113 927 2363 997 χείριστα
2417 931 2487 985 ⁸³.
2547 931 2793 986 Καθόλου
2847 933 2906 988 δὲ
2960 935 3141 1005 ἐκείνη
3197 937 3233 1005 ἡ
3285 937 3632 998 κατάστασις

241 1026 248 1030 ·
352 1017 454 1085 τῆς
517 1015 756 1068 ἐνταῦθα
799 1015 934 1069 πολύ
991 1017 1086 1069 καὶ
1133 1017 1276 1070 πάνυ
1332 1015 1465 1068 πολὺ
1497 1016 1542 1047 ’θ
1587 1015 1897 1087 διενήνοχεν
1936 1032 1949 1044 ·
1991 1016 2130 1085 πρὸς
2166 1017 2227 1070 δέ
2255 1035 2318 1086 γε
2352 1019 2424 1073 τὰ
2475 1023 2657 1091 ἀγαθά
2698 1024 2768 1078 τὰ
2825 1026 3203 1097 ήτοιμασμένα
3237 1029 3352 1090 τοῖς
3391 1028 3631 1092 δικαίοις

355 1107 911 1178 ἀντιδιαστέλλόμενα
949 1110 963 1140 ί
999 1109 1065 1162 τὰ
1099 1109 1210 1161 τῶν
1239 1108 1452 1162 ἀσεϐῶν
1477 1109 1684 1179 ἐσχάτη
1712 1104 1953 1177 τιμωρία
1979 1109 2074 1160 καὶ
2134 1111 2316 1180 κρίσις
2359 1112 2585 1187 άνελεὴς
2626 1118 2884 1189 τυγχάνει
2911 1136 2924 1149 ·
2993 1118 3249 1189 ἀναλογεῖ
3279 1118 3390 1190 γὰρ
3421 1123 3488 1191 τῇ
3522 1139 3632 1174 κα.

353 1203 612 1257 ταστάσει
658 1204 841 1275 ἐκείνῃ
874 1205 968 1258 καὶ
995 1207 1028 1274 ἡ
1062 1204 1268 1275 ταύτης
1314 1205 1497 1277 κρίσις
1529 1205 1626 1258 καὶ
1665 1201 1925 1274 τιμωρία.

425 1299 568 1353 Ecce
591 1297 1027 1354 demonstratum
1067 1309 1150 1355 est
1170 1341 1184 1364 ,
1219 1316 1330 1354 non
1369 1301 1538 1356 modo
1568 1316 1664 1371 per
1694 1297 1934 1370 prophe-

355 1401 533 1446 tarum
568 1391 662 1445 sed
689 1400 744 1445 et
776 1406 875 1460 per
905 1391 1387 1462 evangelistarum,
1420 1401 1584 1461 atque
1623 1390 1760 1444 adeo
1802 1400 1938 1457 apo-

355 1484 620 1539 stolorum
647 1483 834 1547 verba,
863 1493 922 1537 ut
952 1483 986 1537 ii
1011 1483 1165 1554 juxta
1188 1493 1434 1538 veterum
1459 1483 1810 1548 sententiam,
1839 1481 1938 1536 hos

352 1575 614 1630 duntaxat
644 1575 890 1646 geminos
928 1584 1102 1630 status
1141 1592 1173 1630 a
1216 1565 1328 1631 Deo
1371 1576 1625 1631 deﬁnitos
1654 1573 1934 1628 dixerint:

351 1666 591 1737 primum
630 1667 778 1720 hunc
811 1667 1038 1731 scilicet,
1086 1666 1140 1720 in
1184 1682 1294 1737 quo
1333 1666 1496 1722 modo
1539 1680 1841 1728 versamur,
1879 1671 1935 1718 et

2119 1296 2252 1350 Ἰδοὺ
2283 1298 2555 1355 δέδεικται
2582 1302 2644 1355 οὐ
2684 1303 2847 1374 μόνον
2875 1305 2968 1360 διὰ
2993 1305 3102 1359 τῶν
3137 1307 3454 1378 προφητῶν,
3484 1308 3629 1363 ἀλλὰ

2033 1385 2144 1456 γὰρ
2181 1387 2276 1442 καὶ
2296 1388 2384 1443 διὰ
2415 1389 2524 1445 τῶν
2555 1393 2930 1463 εὐαγγελικῶν
2965 1399 2986 1430 ⁸
3016 1397 3214 1467 φωνῶν
3246 1401 3343 1454 καὶ
3386 1399 3494 1471 μὴν
3526 1403 3630 1456 καὶ

2034 1478 2430 1548 ἁποστολικῶν,
2465 1481 2543 1546 ὡς
2571 1484 2665 1538 καὶ
2698 1485 2854 1539 αὐτοὶ
2889 1487 3196 1558 συμφώνως
3229 1491 3340 1552 τοῖς
3371 1490 3631 1555 παλαιοίς

2035 1562 2191 1623 εἷπον
2226 1569 2431 1634 ταύτας
2463 1572 2559 1626 καὶ
2590 1575 2760 1645 μόνας
2798 1575 2900 1641 τὰς
2926 1577 3020 1632 δύο
3057 1581 3421 1644 καταστάσεις
3473 1583 3630 1656 παρά

2039 1659 2178 1714 Θεοῦ
2214 1663 2566 1735 γεγενῆσθαι,
2609 1667 2816 1738 ταύτην
2862 1669 3111 1740 πρώτην,
3144 1674 3204 1726 ἐν
3236 1667 3389 1746 ᾖκαὶ
3439 1674 3628 1744 διάγο-

353 1757 597 1813 futurum
633 1758 700 1813 ad
729 1775 891 1829 quem
918 1768 1185 1840 quotquot
1215 1775 1404 1814 sumus
1439 1755 1741 1813 Christiani
1786 1753 1933 1824 aspi-

2055 1774 2146 1827 μεν
2176 1757 2296 1822 νῦν,
2351 1759 2446 1811 καὶ
2497 1759 2597 1836 τὴν
2647 1761 2966 1831 μέλλουσαν,
3019 1757 3140 1838 ἐνῇ
3177 1763 3380 1828 πάντες
3417 1767 3466 1819 oi
3491 1767 3631 1838 Χρι-

353 1865 565 1904 ramus.

350 1940 418 1996 Α.
445 1941 506 1997 C.
1635 1931 1754 2002 lOl.
1782 1935 1930 2008 lph.]

423 2034 511 2088 67.
569 2033 656 2101 (A.
690 2048 720 2087 a
749 2031 819 2087 Μ.
854 2032 916 2088 C.
947 2033 1129 2101 5574.)
1187 2049 1304 2089 xm.
1364 2032 1482 2087 Ind.
1531 2048 1606 2086 Ix.

490 2121 757 2190 Capitone
786 2132 843 2176 et
869 2121 1014 2177 Rufo
1047 2138 1192 2178 coss.
1688 2122 1742 2176 5.

424 2214 643 2270 Flavius
672 2215 948 2284 Joseplms
972 2216 1226 2286 scriptor,
1255 2230 1377 2269 cum
1401 2229 1502 2285 pro
1535 2213 1738 2270 Iudaeis
1761 2214 1935 2284 copiis

353 2307 644 2377 praefectus
668 2307 945 2372 militaret,
981 2306 1331 2376 proximeque
1357 2305 1412 2359 in
1433 2300 1578 2360 beilo
1602 2304 1936 2360 interﬁcien-

351 2401 455 2454 dus
505 2409 681 2463 esset,
737 2398 1068 2469 Vespasiano
1111 2397 1347 2452 Neronis
1386 2405 1616 2452 mortem
1668 2395 1932 2468 praedicit,

353 2491 562 2561 ipsique
586 2489 922 2561 Vespasiano
950 2490 1259 2560 imperium.

423 2583 536 2638 Hae
581 2583 696 2653 ipsa
748 2591 1109 2653 tempestate,
1156 2581 1301 2650 apud
1345 2579 1623 2634 Romanos
1662 2577 1936 2634 Lucianus

353 2675 584 2730 celebris
610 2675 919 2730 habebatur
951 2692 965 2728 :
998 2669 1280 2727 Musonius
1299 2672 1504 2742 pariter
1528 2680 1582 2725 et
1609 2670 1936 2725 Plutarchus

353 2768 671 2838 philosophi
705 2766 995 2821 ﬂorebant.

422 2857 525 2911 Hic
549 2871 714 2926 porro
743 2855 1155 2925 disquirendum
1187 2869 1250 2908 ac
1273 2853 1695 2908 examinandum
1723 2853 1938 2909 videtur

352 2947 853 3004 decantatissimum
883 2947 1034 3012 illud,
1054 2947 1310 3016 quodque
1334 2944 1389 2998 in
1419 2959 1511 2999 ore
1541 2944 1783 2998 omnium
1812 2961 1938 3015 pas--

354 3041 457 3095 sim
515 3038 920 3103 circumfertur,
977 3037 1252 3107 quomodo
1314 3036 1652 3106 intelligatur
1708 3037 1938 3092 verbum

2041 1849 2244 1903 στιανοὶ
2263 1849 2573 1924 ἀφορῶμεν.

2123 2029 2241 2083 Ἰνδ.
2277 2028 2343 2083 θ’.
2385 2037 2474 2098 ιγ’.
2503 2031 2598 2088 ὐπ.
2631 2032 2957 2099 Καπίτωνος
2987 2036 3082 2089 καὶ
3126 2035 3378 2106 Ῥούφου.

2109 2211 2339 2277 Φλάϐιος
2403 2212 2710 2288 Ἱώσηππος
2787 2221 3167 2290 συγγραφεὺς,
3237 2224 3626 2295 στρατηγήσας

2042 2304 2187 2376 ὑπὲρ
2228 2305 2516 2373 Ἰουδαίων,
2552 2310 2648 2362 καὶ
2675 2309 2883 2380 μέλλων
2919 2314 3001 2376 είς
3047 2312 3140 2366 τὸν
3188 2312 3428 2384 πόλεμον
3467 2315 3624 2368 ἀναι-

2045 2398 2276 2470 ρεῖσθαι,
2309 2400 2557 2466 θεσπίζει
2605 2402 3001 2474 Οὐεσπασιανῷ
3036 2404 3166 2475 περὶ
3214 2405 3314 2476 τῆς
3367 2405 3627 2477 Νέρωνος

2043 2491 2306 2562 τελευτῆς
2336 2493 2431 2546 καὶ
2460 2493 2562 2564 τῆς
2595 2494 2762 2548 αὐτοῦ
2794 2495 3211 2550 οὐεσπασιανοΰ
3243 2496 3548 2567 βασιλείας.

2113 2583 2274 2637 Κατὰ
2325 2584 2518 2638 τοῦτον
2545 2585 2638 2639 τὸν
2692 2586 2883 2656 χρόνον
2930 2587 3208 2651 Λουκανδς
3257 2587 3450 2660 ⁸παρὰ
3490 2586 3629 2650 Ῥω-

2027 2691 2030 2696 ·
2047 2673 2228 2741 μαίοις
2263 2673 2440 2744 μέγας
2468 2669 2537 2745 ἧν
2572 2675 2665 2728 καὶ
2693 2676 3089 2746 ἐπαινούμενος
3112 2693 3128 2708 ο
3159 2677 3362 2748 ὁμοίως
3395 2679 3452 2732 δὲ
3479 2681 3632 2732 Mou-

2046 2763 2237 2826 σώνιος
2263 2763 2287 2795 ⁵
2319 2765 2412 2818 καὶ
2448 2766 2792 2837 Πλούταρχος
2825 2767 3108 2839 φιλόσοφοι
3137 2770 3510 2842 ὲγνωρίζοντο.

2115 2853 2271 2926 24],
2318 2856 2588 2928 Ζητητέον
2630 2857 2709 2927 (6)
2755 2857 2872 2911 ἐστὶ
2896 2859 2990 2911 καὶ
3026 2859 3088 2912 τὸ
3131 2859 3536 2932 πολυθρύλητον
3605 2861 3628 2892 ⁸

2045 2945 2223 2998 ἐκεῖνο
2253 2947 2345 2999 καὶ
2382 2946 2533 3016 παρά
2575 2948 2744 3000 πᾶσιν
2777 2947 2890 3002 ἄνω
2921 2949 3018 3002 καὶ
3055 2949 3209 3003 κάτω
3253 2950 3630 3020 περιφερόμε-

2043 3053 2134 3090 νον
2163 3037 2348 3108 ρητὸν,
2392 3037 2514 3091 τίνα
2553 3039 2650 3110 τὴν
2701 3037 2854 3094 λύσιν
2901 3040 3014 3111 ἔχει
3071 3041 3132 3094 τό
3157 3059 3171 3073 ·
3221 3060 3241 3094 ι
3279 3042 3394 3105 Πᾶς
3429 3043 3459 3096 6
3492 3044 3630 3095 ἀπο·

351 3131 498 3186 istud
531 3149 544 3185 :
585 3151 603 3184 ι
643 3129 834 3186 Omnis
863 3129 955 3201 qui
995 3129 1258 3186 occiderit
1285 3127 1441 3194 Cain,
1484 3129 1794 3198 scptuplum
1833 3144 1934 3198 pu-

2055 3131 2260 3194 κτείνας
2289 3130 2428 3184 Καῒν
2460 3132 2598 3185 ἔπτὰ
2623 3131 2985 3203 ὲκδικούμενα
3018 3131 3345 3200 παραλύσει.
3385 3151 3402 3183 ι

353 3221 552 3276 nietur.
596 3239 615 3273 ι

352 3313 508 3369 Beati
545 3313 735 3385 Cyrilli
774 3314 845 3367 ad
891 3313 1165 3385 Optimum
1192 3313 1512 3385 episcommt,
1541 3313 1594 3365 in
1617 3312 1711 3385 illa
1744 3311 1935 3365 verba:

387 3404 408 3438 ι
434 3383 617 3440 Omnis
637 3386 727 3454 qui
744 3386 987 3439 occiderit
1007 3383 1163 3450 Cain,
1187 3383 1242 3437 in
1256 3384 1554 3452 scptuplum
1581 3383 1848 3452 punietur.
1864 3399 1883 3432 ι

430 3603 450 3637 ι
497 3585 563 3638 Ει
588 3583 895 3654 prazsertim
923 3591 1106 3652 gratus
1135 3581 1268 3635 mihi
1303 3581 1406 3635 fuit
1443 3588 1697 3650 aspectus
1730 3579 1931 3634 libero-

352 3689 475 3729 rum
510 3675 806 3736 bonorum,
842 3690 968 3728 cum
1006 3681 1233 3743 propter
1261 3688 1474 3728 morum
1519 3688 1680 3742 supra
1720 3681 1934 3730 aetatem

353 3764 828 3835 elegantiam,tum
861 3771 1084 3833 propter
1117 3763 1420 3817 naturalem
1447 3763 1740 3832 quamdam
1769 3763 1939 3833 pieta-

354 3866 486 3920 tem,
514 3871 676 3926 quam
702 3871 732 3910 a
763 3865 816 3910 te
840 3855 1166 3920 hauserunt,
1199 3870 1266 3910 ex
1292 3871 1399 3924 qua
1425 3855 1647 3910 nonnisi
1675 3855 1936 3909 eximium

355 3949 486 4020 quid
516 3949 583 4002 ab
609 3948 715 4003 illis
760 3948 1088 4018 Sperandum
1129 3956 1231 4002 est.
1258 3946 1552 4018 Postquam
1587 3943 1710 4002 c'um
1742 3947 1938 4002 litteris

358 4040 467 4095 tuis
493 4039 611 4094 illos
647 4039 715 4094 ad
762 4053 849 4092 me
888 4038 1153 4094 adeuntes
1187 4037 1318 4101 vidi,
1354 4037 1620 4109 geminavi
1663 4053 1791 4109 erga
1820 4037 1939 4092 illos

357 4133 556 4188 amoris
580 4131 859 4187 allectum.
881 4129 1048 4185 Porro
1070 4146 1192 4185 cum
1213 4131 1422 4184 litteras
1447 4139 1567 4186 tuas
1587 4130 1936 4200 perlegissem

355 4223 948 4294 deprehendissemque
981 4223 1034 4276 in
1071 4222 1177 4276 illis
1211 4232 1265 4276 et
1293 4231 1442 4276 tuam
1477 4237 1604 4293 erga
1639 4220 1938 4276 Ecclesiam

356 4314 757 4388 providentiam
781 4329 845 4367 ac
875 4328 1084 4374 curam.
1127 4323 1180 4367 et
1211 4313 1449 4367 studium
1485 4327 1764 4367 sacrarum
1791 4312 1938 4366 litte-

357 4421 543 4461 rarum
568 4421 582 4469 ;
627 4405 845 4458 meritas
870 4404 980 4458 Deo
1017 4405 1254 4473 persolvi
1283 4404 1506 4474 gratias,
1537 4403 1770 4472 vovique
1795 4403 1937 4457 bona

2043 3310 2160 3366 Τοῦ
2189 3311 2489 3380 μακαρίου
2524 3311 2834 3382 Κυρίυζλου
2865 3312 3016 3381 πρὸς
3072 3314 3356 3382 Ὅπτιμον·
3381 3313 3634 3367 ἐπίσκο-

2109 3397 2228 3450 πον
2252 3382 2339 3444 είς
2395 3382 2464 3434 τό
2493 3398 2507 3412 ο
2555 3401 2572 3432 ι
2631 3381 2756 3448 Πᾶς
2795 3386 2827 3436 ὁ
2861 3381 3247 3450 ἀποκτείνας
3280 3384 3430 3438 Καῒν
3476 3384 3633 3438 ἑπτὰ

2106 3449 2504 3520 ἐκδικούμενα
2525 3454 2888 3522 παραλύσει.
2931 3471 2952 3505 ο

2116 3583 2134 3614 ι
2183 3564 2293 3618 Καὶ
2325 3565 2501 3634 ἄλλως
2528 3568 2706 3638 ἡδέως
2733 3569 2877 3640 ὁρῶν
2905 3570 3031 3634 τοὺς
3055 3570 3298 3638 ἀγαθοὺς
3319 3569 3515 3635 παῖδας
3541 3571 3634 3624 διὰ

2041 3673 2101 3710 τε
2129 3656 2190 3710 τὸ
2221 3659 2364 3736 ὑπὲρ
2401 3659 2501 3730 τὴν
2554 3659 2770 3730 ἠλικίαν
2809 3662 2828 3692 ⁸
2879 3661 2991 3714 τῶν
3033 3661 3183 3730 ὴθῶν
3229 3661 3493 3724 εὐσταθὲς
3533 3663 3632 3714 καὶ

2039 3757 2128 3810 διὰ
2159 3758 2219 3809 rb
2253 3756 2390 3827 πρὸς
2423 3756 2522 3826 τὴν
2547 3756 2647 3826 σὴν
2677 3753 2968 3807 εὐλάϐειαν
2993 3737 3216 3819 οἰκεῖον,
3251 3754 3345 3822 ἀφ’
3368 3746 3429 3805 οὐ
3457 3770 3509 3806 τι
3534 3754 3632 3805 καὶ

2045 3850 2186 3922 μέγα
2220 3849 2528 3921 προσδοκᾷν
2554 3848 2702 3901 ἐστιν
2723 3846 2812 3900 ἐπ’
2835 3846 3041 3912 αὐτοῖς,
3064 3845 3251 3918 ἐπειδὴ
3286 3845 3423 3916 μετὰ
3445 3862 3630 3915 γραμ-

2044 3943 2232 4014 μάτων
2269 3942 2379 3996 σῶν
2439 3937 2580 3995 εἶδον
2623 3941 2822 4003 αὐτοὺς
2872 3939 3198 4010 προσιόντας
3258 3955 3370 4008 μοι,
3407 3936 3631 3991 ἐδιπλα-

2043 4035 2208 4090 σίασα
2237 4035 2298 4087 rb
2337 4033 2425 4088 ἐπ’
2461 4034 2648 4096 αὐτοῖς
2689 4033 2938 4104 φίλτρον.
2988 4032 3117 4085 Ὅτε
3149 4031 3206 4084 δὲ
3258 4031 3500 4099 ἀνέγνων
3529 4031 3630 4102 τὴν

2042 4126 2355 4196 ἐπιστολὴν,
2388 4125 2484 4178 καὶ⁵
2505 4121 2646 4178 εἳδον
2677 4125 2696 4155 ⁷
2721 4126 2780 4178 ὲν
2810 4123 2947 4195 αὐτῇ
2979 4122 3114 4194 ὁμοῦ
3149 4123 3248 4193 μὲν
3274 4123 3336 4174 rb
3367 4123 3497 4192 περὶ
3527 4123 3631 4186 τὰς

2056 4218 2385 4289 Ἐκκλησίας
2418 4217 2777 4288 προνοητικὸν
2807 4216 2908 4288 τῆς
2951 4219 3048 4287 σῆς
3087 4216 3108 4249 ⁸
3137 4215 3450 4280 διαθέσεως,
3487 4215 3629 4285 ὁμοῦ

2041 4311 2097 4364 δὲ
2125 4310 2186 4363 τὸ
2217 4310 2238 4341 ⁹
2277 4309 2406 4380 περὶ
2435 4307 2533 4380 τὴν
2573 4308 2884 4376 ἀνάγνωσιν
2911 4306 3021 4360 τῶν
3056 4306 3218 4360 θείων
3246 4305 3479 4376 Γραφῶν
3505 4306 3630 4357 επι-

2046 4399 2226 4470 μελὲς,
2270 4399 2657 4472 ηὐχαρίστησα
2684 4397 2761 4469 τῷ
2792 4399 2982 4470 Κυρίῳ
3011 4399 3106 4452 καὶ
3134 4398 3461 4469 ἐπηυξάμην
3493 4399 3538 4428 ¹⁹
3560 4399 3629 4450 τά

357 4495 690 4566 sempiterna
728 4495 797 4548 iis
841 4495 932 4564 qui
965 4493 1098 4547 mihi
1135 4494 1272 4547 tales
1300 4494 1510 4547 litteras
1551 4501 1934 4562 porrexerunt,

2055 4493 2227 4562 ὶγαθά
2247 4495 2361 4553 τοῖς
2384 4491 2455 4545 τὰ
2487 4491 2718 4545 τοιαῦτα
2747 4493 2881 4563 ἡμῖν
2914 4491 3264 4562 διακομίσασι
3295 4492 3628 4561 γράμματα,

355 4596 518 4656 atque
544 4587 813 4657 imprimis
842 4585 940 4655 ipsi
959 4585 1260 4639 litterarum
1283 4584 1510 4638 auctori.
1535 4583 1786 4650 Quaesisti
1811 4585 1934 4654 quid

2055 4585 2139 4639 καὶ
2177 4585 2284 4656 πρό
2319 4601 2382 4652 γε
2411 4584 2592 4638 αὐτῶν
2622 4584 2701 4654 τῷ
2730 4583 3003 4656 γράψαντι
3041 4586 3194 4655 ἡμῖν.
3247 4583 3629 4653 Ἐπεζήτησας

358 4675 424 4730 ad
456 4676 587 4730 illud
621 4676 866 4730 omnium
897 4690 994 4730 ore
1021 4675 1282 4744 iactatum
1309 4673 1514 4728 dictum
1539 4682 1684 4727 esset
1715 4690 1941 4744 respon-

2035 4677 2097 4728 rb
2131 4674 2539 4746 πολυθρύλητον
2580 4677 2619 4706 “
2659 4677 2834 4729 ἐκεῖνο
2859 4677 2956 4729 καὶ
2990 4676 3141 4745 παρὰ
3184 4676 3348 4728 πᾶσιν
3383 4675 3492 4727 ἄνω
3531 4674 3630 4726 καὶ

1649 4890 1657 4902 .
1705 4850 2032 4908 ΠΗΟᾹΝΟΙΙ
2067 4849 2292 4907 ΝΟΤιιΕ.

877 4965 915 4988 κ

433 5013 508 5087 (6)
548 5014 868 5087 Ζητητέον.
913 5016 1042 5073 Haec
1069 5026 1125 5072 et
1173 5017 1455 5087 sequentia
1491 5016 1767 5084 absunta
1813 5014 1935 5087 cod.

361 5079 646 5154 Hols'tenii,
679 5079 850 5154 usque
881 5089 946 5142 ad
979 5103 1181 5142 annum
1224 5079 1314 5143 χίγ
1339 5087 1586 5142 Neronis.
1622 5081 1788 5138 Porro
1833 5085 1936 5154 Cy-

360 5153 468 5206 rilli
519 5153 776 5222 epistola"
810 5155 897 5211 hic
949 5159 1130 5222 allata,
1171 5159 1313 5213 inter
1337 5158 1510 5213 editas
1537 5171 1648 5209 non
1689 5153 1937 5216 habetur,

360 5223 518 5293 cujus
566 5225 1068 5293 interpretationem
1129 5227 1484 5284 Raderianam
1536 5227 1626 5280 hic
1672 5225 1941 5279 dedimus.

364 5293 472 5348 Sed
508 5294 690 5349 nescio
739 5311 808 5348 an
863 5297 908 5350 is
956 5299 1095 5353 bene
1146 5299 1442 5354 reddiderit
1479 5299 1593 5352 haec
1639 5296 1802 5350 verba
1845 5293 1946 5348 sub

2048 5016 2283 5090 initium,
2314 5015 2408 5090 καὶ
2439 5016 2527 5072 διὰ
2555 5016 2616 5090 rb
2643 5017 2799 5090 πρὸς
2817 5017 2915 5089 σὴν
2943 5011 3226 5071 εὐλάϐειαν
3264 5016 3484 5090 οἰκεῖον,
3510 5028 3636 5090 quae

2047 5087 2300 5140 videntur
2343 5086 2416 5142 ita
2463 5088 2602 5142 verti
2642 5086 2934 5143 debuisse:
2967 5095 3014 5140 et
3047 5096 3257 5154 propter
3291 5086 3632 5138 necessitudi-

2052 5173 2168 5209 nem
2200 5173 2360 5226 quam
2399 5158 2588 5212 habent
2621 5175 2738 5212 cum
2781 5169 2872 5212 tua
2919 5157 3144 5221 Pietate,
3191 5157 3273 5210 vel
3303 5155 3635 5210 Reverentia.

2055 5227 2186 5282 Vide
2214 5229 2390 5282 Moss.
2420 5230 2562 5284 med.
2595 5227 2810 5284 Graecit.
2839 5229 2893 5283 in
2924 5226 3202 5289 Εὐλαϐεϊς.

1655 5477 1894 5534 VARUE
1942 5476 2349 5534 LECTIONES.

454 5591 498 5625 θ’
524 5591 622 5655 τὰς
651 5606 761 5645 om.
809 5590 868 5645 P.
953 5592 998 5623 ⁸⁸

363 5658 454 5725 νδς
485 5661 544 5716 Ρ.
620 5662 642 5693 ’⁵
669 5662 725 5714 δὲ
755 5662 849 5715 καὶ
873 5658 1188 5724 Μουσώνιος
1213 5663 1272 5717 Ρ.

1029 5591 1262 5661 χάριστα
1297 5591 1363 5646 Β.
1443 5596 1487 5626 ”
1515 5593 1659 5647 πάνυ
1690 5589 1848 5644 πολύ.
1884 5588 2120 5661 πάνυΡ.

1369 5665 1389 5695 ⁵
1414 5662 1856 5732 πολυθρύλλητον
1885 5661 1942 5714 Ρ.
1970 5729 1994 5732 _
2013 5660 2058 5732 _'_’
2085 5660 2184 5730 τὴν
2214 5659 2451 5732 ἡλικίαν.
2495 5659 2713 5730 ἠλικίαν
2741 5657 2804 5713 Ρ.
2890 5655 2924 5692 ⁷⁷
2953 5658 3061 5712 [δον
3091 5658 3150 5712 Ρ.
3227 5657 3248 5688 ⁸
3277 5655 3375 5727 σῆς
3421 5669 3536 5709 οιιι.
3578 5662 3638 5719 Ρ,

2201 5592 2216 5620 ¹
2258 5590 2353 5643 καὶ
2372 5589 2542 5643 ἀντιδ.
2579 5587 2638 5644 Ρ.
2716 5588 2736 5618 ’
2763 5586 3171 5657 εὐαγγελιστῶν
3192 5585 3252 5640 Ρ.
3315 5584 3352 5657 λ³
3387 5584 3636 5637 Λουκια-

368 5732 388 5762 ⁹
410 5731 476 5785 τὸ
509 5748 618 5787 om.
657 5731 716 5786 Ρ.
797 5733 838 5764 ¹⁹
873 5733 1188 5804 ἐπηυξάμην
1221 5732 1329 5788 PV.
1413 5738 1451 5767 “
1501 5729 1939 5804 πολυθρύλλητον
1968 5729 2076 5784 PV.
