3870 6336
226 386 306 453 581
1353 380 1772 444 CIIRONICO§

1872 381 1933 439 ’A
1943 382 2082 443 ΞΟΠ
2090 380 2233 444 ALE

3348 380 3452 443 582

219 502 350 556 irim)
379 492 814 567 περιφερόμενον
844 490 1031 563 ῥητὸν,
1069 490 1189 545 τίνα
1219 491 1317 563 τὴν
1351 491 1506 544 λύσιν
1532 489 1647 560 ἔχει
1673 488 1735 541 τό
1764 504 1772 520 ε

1884 488 2144 552 denduni,
2193 486 2535 558 quomodovc
2584 486 2996 559 intelligendum
3054 505 3066 542 :
3122 488 3304 546 Omnis
3361 497 3454 564 qui

220 587 325 656 Πᾶς
350 591 385 644 ὁ
413 588 457 621 ⁸⁸
493 586 856 650 ἀποκτείνας
890 584 1041 638 Καῖν
1077 584 1225 639 ἑπτὰ
1248 583 1639 652 ἐκδικούμενα
1664 598 1777 635 πα-

217 681 472 751 ραλύσει.
524 675 626 731 Διά
666 676 725 730 δὲ
778 674 974 729 τούτου
1025 675 1165 737 τέως
1208 674 1308 744 μὲν
1371 673 1533 735 αὐτὸς
1587 670 1779 725 ἑαυτὸν

222 771 556 839 συνέστησας,
603 768 664 821 τὸ
709 765 978 837 Τιμοθέου
1021 766 1050 819 δ
1090 766 1406 837 παρέδωκεν
1470 765 1514 796 ⁸³
1571 759 1780 823 Παῦλος

219 858 368 928 αὐτῷ,
391 856 635 929 ἀκριδῶς
657 855 987 924 φυλάσσοντι
1011 853 1056 887 ⁸⁸
1070 869 1085 885 ’
1108 854 1267 924 δῆλος
1286 852 1396 924 γὰρ
1416 848 1467 905 εἷ
1494 849 1778 921 προσέχων

218 952 273 1019 τῇ
298 946 600 1015 ἀναγνώσει
625 963 639 975 ·
669 945 867 999 ἔπειτα
898 946 994 998 καὶ
1017 946 1168 1016 ἡμᾶς
1211 944 1341 1006 τοὺς
1382 942 1647 1012 ⁴γέροντας
1690 956 1778 991 νε-

220 1038 549 1108 ναρκηκότας
577 1036 677 1109 ἤδη
714 1036 812 1089 καὶ
834 1035 912 1105 τῷ
938 1034 1117 1106 χρόνῳ
1164 1034 1258 1088 καὶ
1288 1036 1358 1104 τῇ
1398 1031 1656 1100 ἀσθενείᾳ
1681 1028 1775 1081 τοῦ

222 1126 458 1196 σώματος
490 1127 586 1179 καὶ
627 1125 705 1195 τῷ
737 1124 934 1194 πλήθει
982 1124 1091 1177 τῶν
1139 1122 1391 1193 θλίψεων,
1422 1123 1478 1176 αἳ
1512 1122 1555 1154 ’⁸
1583 1120 1778 1173 πολλαὶ

219 1216 376 1269 τοίνυν
430 1216 563 1287 περὶ
612 1217 763 1286 ἡμᾶς
811 1214 1117 1285 κινηθεῖσαι
1169 1214 1445 1286 ἐδάρησαν
1477 1212 1634 1284 ἡμῶν
1678 1211 1778 1282 τὴν

220 1307 364 1380 ζωὴν,
400 1308 552 1378 ὅμως
606 1306 987 1375 διανέστησας,
1046 1305 1143 1360 καὶ
1191 1304 1327 1370 ζέων
1367 1302 1448 1375 τῷ
1504 1303 1776 1372 πνεύματι

220 1399 646 1469 κατεψυγμένους
680 1398 829 1467 ἡμᾶς
849 1396 925 1459 ὡς
938 1395 1009 1449 τὰ
1035 1394 1346 1465 φωλεύοντα
1375 1393 1483 1447 τῶν
1514 1392 1669 1458 ζώων
1696 1393 1778 1454 είς

218 1492 527 1562 ἐγρήγορσιν
596 1488 824 1560 μετρίαν
863 1486 958 1541 καὶ
1001 1485 1239 1557 ζωτικὴν
1290 1485 1575 1556 ἐνέργειαν
1613 1486 1773 1536 ὲποιν⁹

221 1581 372 1649 ἁγενς.
405 1581 597 1633 Ἔστιν
617 1574 709 1633 οὖν
738 1579 799 1631 rb
825 1578 986 1650 ῥητὸν
1020 1577 1114 1631 καὶ
1136 1577 1322 1640 ἁπλῶς
1346 1575 1489 1630 οὕτω
1520 1574 1776 1645 νοηθῆναι

216 1669 496 1741 δυνάμενον
521 1673 617 1723 καὶ
646 1668 931 1725 ἀποίκιλον
965 1668 1314 1733 ἐπιδέξασθαι
1342 1667 1520 1735 λόγον.
1575 1665 1638 1719 Ἦ
1677 1665 1775 1736 μὲν

220 1757 304 1814 οὖν
326 1760 677 1831 ἁπλουστέρα
708 1761 805 1813 καὶ
837 1760 1000 1814 παντὶ
1027 1759 1301 1829 δυναμένη
1332 1761 1398 1812 ὲκ
1435 1757 1531 1811 τοῦ
1555 1756 1777 1828 προχεί-

1881 577 2123 630 occiderit
2163 575 2317 641 Cain,
2356 576 2651 646 septuplum
2677 576 2963 646 punietur?
3009 578 3185 645 Atque
3211 592 3308 646 per
3348 582 3452 634 hoc

1879 669 2098 740 quidem
2127 670 2359 740 teipsum
2391 669 2444 723 in
2472 670 2663 740 primis
2690 668 3108 732 commendasti,
3135 667 3263 722 dum
3288 684 3449 724 accu-

1882 769 1998 814 rate
2022 759 2321 814 observasti
2355 759 2485 814 illud
2523 759 2669 830 quod
2707 758 2995 814 Timotheo
3029 757 3231 814 Paulus
3265 769 3451 813 custo-

1880 850 2138 906 diendum
2178 852 2504 918 tradiderat;
2532 859 2682 921 patet
2708 849 2857 905 enim
2890 860 2944 904 te
2973 849 3193 905 lectioni
3228 864 3450 919 operam

1878 943 2029 997 dare.
2058 943 2261 998 Deinde
2292 958 2396 998 nos
2425 951 2555 997 natu
2588 942 2824 1014 grandes
2847 950 2903 996 et
2932 942 3090 996 senio
3124 942 3450 996 invalctuili-

1880 1046 2054 1101 neque
2077 1031 2300 1096 fractos,
2334 1040 2389 1087 et
2419 1032 2679 1087 mrumnis
2706 1032 3012 1086 innumeris
3046 1030 3277 1084 afﬂictos
3309 1032 3448 1099 (ma-

1877 1121 2051 1177 lorum
2082 1122 2230 1177 enim
2272 1124 2429 1194 copia
2468 1124 2522 1177 in
2563 1139 2665 1178 nos
2703 1124 2956 1187 excitata,
2996 1121 3164 1177 vitam
3204 1130 3449 1175 nostram

1876 1219 2275 1286 propemodum
2305 1217 2599 1287 oppressit)
2637 1217 2831 1271 ardore
2866 1215 3090 1284 spiritus
3125 1214 3202 1269 tui
3239 1214 3457 1268 amatos

1876 1324 1941 1364 ac
1969 1310 2294 1380 permulsos,
2326 1309 2495 1365 veluti
2517 1310 2754 1364 ferarum
2781 1307 2946 1364 cubili
2978 1316 3033 1362 et
3052 1307 3304 1377 sepulcro
3328 1318 3452 1361 con:

1875 1398 2046 1454 ditum
2072 1399 2139 1453 ad
2165 1398 2517 1470 vigilandum,
2545 1400 2776 1469 vitaaque
2800 1398 3039 1469 vigorem
3079 1396 3450 1467 recipiendum

1875 1489 2146 1544 exeitasti.
2177 1489 2363 1545 Potest
2393 1506 2524 1563 ergo
2547 1490 2814 1546 sententia
2841 1490 2951 1553 illa,
2977 1498 3034 1545 ut
3062 1490 3223 1544 verba
3255 1497 3451 1542 sonant

1876 1580 2111 1651 simplici
2148 1582 2426 1636 intellectu
2454 1583 2673 1652 exponi,
2704 1591 2759 1637 et
2798 1589 2975 1652 potest
3012 1580 3224 1634 varium
3249 1580 3450 1634 admit—
3512 1604 3521 1613 -

1875 1680 1988 1728 tere
2026 1672 2408 1744 signiﬁcatum.
2445 1673 2577 1740 Quae
2602 1688 2731 1746 ergo
2765 1674 2938 1729 cuivis
2968 1674 3021 1727 in
3048 1682 3304 1743 promptu
3325 1687 3449 1726 esse

1875 1764 2051 1835 possit
2082 1765 2374 1835 explicatio
2416 1764 2532 1821 haec
2574 1776 2678 1831 est,
2714 1767 2883 1820 Caino
2927 1766 3128 1834 septies
3171 1765 3451 1835 geminan-

220 1870 301 1922 ρου
341 1852 697 1926 παραστῆσαι
746 1852 955 1907 διάνοια
1003 1851 1142 1924 αῦτη
1179 1852 1359 1905 ἐστίν·
1417 1851 1500 1904 ὅτι
1550 1850 1631 1902 δεῖ
1681 1850 1771 1901 τὸν

1873 1855 1994 1910 dam
2033 1871 2154 1911 esse
2198 1871 2417 1926 poenam
2455 1857 2527 1911 ob
2573 1857 2778 1911 scelera
2818 1872 2940 1925 qua:
2980 1857 3231 1926 patravit.
3263 1854 3451 1923 Neque

210 1946 341 2000 ὅαῖν
374 1943 790 2000 ἑπταπλασίονα
830 1942 1015 1997 δοῦναι
1063 1944 1162 2016 τὴν
1210 1943 1480 2014 τιμωρίαν
1516 1942 1657 2013 ὑπὲρ
1694 1934 1770 1995 ὧν

212 2036 460 2107 ἥμαρτεν.
492 2036 568 2091 Οὐ
606 2036 714 2108 γάρ
748 2037 865 2089 ἐστι
910 2035 1280 2108 δικαιοκρίτου
1313 2035 1433 2098 ῐσας
1476 2034 1611 2107 πρὸς
1652 2034 1770 2097 ῑσας

214 2127 394 2198 ὁρίζειν
422 2128 835 2193 ἀνταποδόσεις,
875 2125 993 2180 ἀλλ’
1024 2127 1239 2197 ἀνάγκη
1288 2125 1382 2178 τὸν
1425 2122 1772 2196 κατάρξαντα

213 2216 365 2271 κακοῦ
395 2217 537 2286 μετὰ
563 2214 882 2288 προσθήκης
906 2217 1162 2270 ἀποτῖσαι
1189 2215 1259 2269 τά
1285 2214 1631 2285 ὀφειλόμενα,
1656 2215 1704 2266 εί
1730 2214 1771 2247 ⁸⁵

216 2308 383 2377 μέλλει
410 2309 459 2341 ¹⁷
488 2308 653 2371 αὐτὸς
704 2308 928 2378 βελτίων
970 2308 1011 2339 ³⁸
1037 2308 1155 2371 ταῖς
1192 2306 1486 2378 τιμωρίαις
1519 2306 1773 2375 γενέσθαι

212 2399 446 2462 καὶτοὺς
476 2396 700 2461 λοιποὺς
751 2400 1225 2470 σωφρονεστέρους
1268 2400 1495 2470 ποιῆσαι
1526 2398 1605 2469 τῷ
1642 2399 1773 2452 ὐπο-

212 2488 470 2560 δείγματι.
504 2489 717 2543 Οὐκοῦν
746 2488 935 2561 ἐπειδὴ
974 2490 1234 2543 τέτακται
1262 2490 1491 2553 ἑπτάκις
1524 2490 1773 2562 ἀποπληο

212 2580 369 2650 βῶσαι
393 2581 492 2654 τὴν
527 2581 683 2653 δίκην
708 2581 816 2635 τῶν
851 2581 1258 2653 ἡμαρτημένων
1284 2582 1377 2636 τὸν
1409 2581 1572 2648 Καῒν,
1599 2600 1775 2655 παρα-

210 2670 366 2738 λύσει,
418 2675 610 2744 φησὶν,
664 2673 847 2744 τούτῳ
886 2674 947 2728 τδ
986 2675 1031 2707 ⁸⁸
1074 2673 1304 2744 ὑπὸτῆς
1350 2673 1499 2738 θείας
1537 2674 1772 2746 κρίσεως

212 2764 288 2815 ἐπ’
314 2764 459 2835 αὐτῷ
482 2765 803 2834 δεδογμένον
822 2767 850 2819 ὁ
870 2766 1195 2831 ἀποκτείνας
1218 2766 1401 2820 αὐτόν.
1425 2759 1595 2830 Οὗτός
1623 2769 1773 2821 ἐστιν

211 2856 238 2908 ὁ
263 2855 378 2921 νοῦς
406 2859 435 2910 ὁ
456 2856 711 2910 ἐντεῦθεν
739 2857 848 2911 ἀπὸ
864 2858 965 2928 τῆς
992 2859 1218 2930 πρώτης
1246 2858 1606 2928 ἀναγνώσεως
1637 2858 1772 2910 ὑπο-

214 2945 428 3001 πίπτων.
484 2946 706 3019 Ἐπειδὴ
742 2946 800 3000 δὲ
852 2950 1078 3020 ὲρευνᾷν
1128 2952 1340 3018 πέφυκε
1379 2950 1447 3003 τὰ
1494 2947 1634 3019 βάθη
1663 2948 1774 3003 τῶν
1802 2932 1823 2953 ’

209 3037 644 3111 φιλοπονωτέρων
670 3039 956 3111 ἡδιάνοια,
981 3038 1144 3113 242
1175 3041 1426 3112 ἐπιζητεί
1452 3041 1514 3095 τὸ
1564 3039 1772 3095 δίκαιον

212 3126 318 3190 πῶς
346 3130 403 3182 ὲν
434 3129 514 3200 τῷ
546 3127 779 3193 ἑπτάκις
826 3129 1131 3200 πληροῦται
1166 3130 1262 3185 κοιλ⁸
1288 3131 1358 3183 τὰ
1386 3131 1765 3201 ἑκδικούμενα,

212 3219 420 3289 πότερον
447 3222 518 3274 τὰ
549 3220 946 3291 ἁμαρτηθέντα
971 3220 1115 3275 ἑπτά
1167 3223 1314 3275 ἐστιν
1341 3222 1374 3294 ἢ
1409 3223 1454 3254 ’⁸
1484 3221 1543 3276 ἒν
1576 3223 1675 3293 μὲν
1708 3225 1769 3277 τὸ

210 3312 521 3384 ἁμάρτημα,
560 3313 704 3367 ἑπτὰ
750 3313 808 3367 δὲ
860 3312 955 3367 ἐπὶ
997 3313 1074 3384 τῷ
1109 3314 1191 3368 ἑνὶ
1231 3316 1288 3369 αί
1339 3314 1615 3380 κολάσεις.
1657 3316 1770 3370 Ἀεὶ

208 3400 300 3468 μὲν
326 3399 415 3457 οὖν
450 3405 487 3474 ἠ
532 3402 728 3475 Γραφη
764 3403 857 3456 τὸν
911 3402 1011 3473 τῆς
1046 3405 1294 3474 ἀφέσεως
1323 3405 1432 3459 τῶν
1486 3405 1771 3478 ἁμαρτιῶν

210 3493 427 3564 ἀριθμόν
456 3498 517 3549 ὲν
536 3498 649 3560 τοῖς
676 3497 817 3552 έπτά
842 3496 1165 3569 περιορίξει.
1195 3498 1483 3566 Ποσάκις,
1516 3502 1679 3572 φησὶν
1702 3503 1768 3566 ¹¹,

210 3585 522 3653 ἁμαρτήσει
567 3589 657 3654 είς
706 3586 812 3656 ἐμὲ
852 3590 886 3642 ὀ
931 3588 1195 3658 ἀδελφός
1217 3607 1358 3660 μου,
1406 3591 1505 3644 καὶ
1555 3591 1771 3660 ἀφήσω

210 3676 375 3745 αὐτῷ,
402 3680 432 3732 ὁ
452 3679 660 3750 Πέτρος
686 3681 800 3733 ἐστὶ
827 3679 1002 3748 λέγων
1025 3680 1102 3749 τῷ
1122 3681 1332 3753 Κυρίῳ,
1358 3680 1470 3750 ἕως
1489 3681 1770 3751 ἐπτάκις;

210 3759 333 3821 Εἶτα
370 3770 666 3843 ἀπόκρισις
722 3769 817 3824 τοῦ
848 3771 1056 3843 Κυρίου
1105 3787 1119 3802 ο
1178 3774 1261 3827 Οὐ
1317 3772 1473 3845 λέγω
1519 3792 1620 3829 σοι
1660 3776 1772 3842 ἕως

208 3855 460 3926 induc,
492 3861 630 3913 ἀλλ’
658 3858 772 3924 ἕως
807 3858 1322 3929 ἑϐδομηκοντάκις
1353 3861 1504 3916 ἑπτά
1529 3879 1543 3892 °
1572 3864 1634 3917 οὐ
1662 3864 1772 3932 γὰρ

210 3950 462 4007 ἔπ’ἀλλον
495 3954 729 4025 ἀριθμὸν
776 3954 976 4027 μετέϐη
1014 3958 1043 4009 ὁ
1073 3956 1293 4029 Κύριος.
1327 3958 1462 4012 ἀλλά
1507 3960 1598 4014 τὶν
1632 3961 1771 4015 ἑπτὰ

212 4043 639 4111 πολυπλασιάσας
660 4048 718 4100 έν
741 4047 889 4119 αὐτῷ
908 4048 999 4101 τὸν
1018 4050 1143 4120 ὅρον
1162 4049 1313 4104 ἔθετο
1328 4051 1424 4122 τῆς
1439 4052 1685 4122 ἀφέσεως
1701 4054 1768 4109 ’³.

210 4134 305 4189 Καὶ
333 4137 402 4192 δι’
424 4138 567 4192 ἐκ·τά
588 4140 726 4192 ἐτῶν
752 4142 780 4193 ὁ
819 4140 1068 4213 Ἐὅραῖος
1088 4142 1354 4197 ἀπελύετο
1385 4144 1483 4216 τῆς
1505 4145 1768 4209 δουλείας.

217 4223 375 4283 Ἑπτὰ
406 4227 463 4282 δὲ
494 4228 784 4301 έδδομάδες
806 4231 943 4284 ἐτῶν
970 4231 1061 4286 τὸν
1093 4233 1140 4264 ’³
1170 4232 1469 4304 ὀνομαστὸν
1497 4234 1771 4289 ίωϐίλαιον

206 4316 408 4374 ἐποίουν
441 4323 555 4384 τοῖς
586 4323 776 4387 πάλαι,
806 4324 864 4375 ὲν
906 4317 952 4391 ᾧ
985 4323 1342 4391 έσαδὸάτιζεν
1371 4327 1404 4397 ἡ
1441 4326 1536 4396 γῆ.
1577 4327 1771 4399 Χρεῶν

204 4405 255 4460 δέ
302 4404 442 4481 ἦσαν
512 4414 790 4466 ἀποκοπαὶ
847 4414 941 4467 καὶ
1000 4415 1245 4480 δουλείας
1303 4417 1615 4489 ἀπαλλαγὴ,
1674 4420 1770 4473 καὶ

1872 1946 2019 2002 enim
2050 1947 2193 2017 inqui
2226 1962 2349 2003 esse
2383 1947 2586 2018 judicis
2628 1963 2787 2017 pares
2825 1963 2924 2018 pro
2951 1948 3175 2017 paribus
3215 1946 3450 2017 peccatis

1872 2054 2066 2109 pinnas
2096 2039 2363 2111 irrogare,
2409 2040 2507 2096 sed
2549 2056 2647 2111 par
2687 2048 2794 2106 est,
2834 2051 2896 2096 ut
2940 2049 3221 2095 auctorem
3265 2040 3447 2095 delicti

1873 2128 2214 2198 gravioribus
2238 2128 2440 2200 afﬂigat
2469 2129 2771 2200 suppliciis,
2802 2139 2862 2185 ut
2896 2140 2949 2185 et
2981 2130 3096 2199 ipse
3126 2129 3446 2199 corrigatur,

1873 2228 1929 2273 et
1946 2218 2187 2289 reliquos
2214 2220 2467 2289 exemplo
2491 2236 2594 2277 suo
2618 2222 2885 2277 tardiores
2911 2220 2979 2276 ad
2999 2222 3213 2293 culpam
3237 2220 3445 2275 reddat.

1873 2308 2016 2380 Ergo
2067 2309 2195 2380 quia
2249 2310 2530 2367 decretum
2583 2320 2703 2367 erat
2742 2320 2802 2366 ut
2856 2312 2988 2367 Cain
3040 2312 3448 2383 septemplicem

1872 2398 2046 2455 lueret
2063 2415 2281 2470 pinnam
2307 2402 2574 2458 scelerum
2595 2418 2841 2465 suorum.
2866 2404 3059 2469 solvet,
3085 2404 3278 2474 inquit,
3306 2402 3448 2457 hanc

1874 2490 2050 2561 ipsam
2078 2492 2153 2547 illi
2197 2508 2415 2563 pinnam
2456 2509 2489 2548 a
2518 2494 2703 2548 divina
2734 2496 3005 2549 sententia
3040 2497 3312 2550 decretam
3351 2496 3445 2564 qui

1872 2582 2134 2638 occiderit
2177 2583 2428 2639 Cainum.
2486 2584 2582 2642 llic
2624 2587 2834 2657 primus
2885 2588 2988 2642 hoc
3042 2589 3162 2657 loco
3205 2588 3449 2643 occurrit

1875 2674 2122 2730 lectionis
2147 2675 2494 2732 intellectus:
2523 2676 2661 2742 Quia
2686 2693 2815 2733 vero
2838 2679 3207 2734 studiosorum
3229 2681 3449 2735 aninms

1872 2768 2013 2822 solet
2046 2767 2208 2823 altius
2255 2785 2435 2824 rerum
2495 2785 2690 2825 causas
2729 2770 3114 2842 pervestigare,
3155 2772 3350 2841 quaerit
3381 2774 3448 2826 de

1866 2858 2099 2928 justitia.
2131 2861 2405 2929 quomodo
2437 2877 2536 2933 per
2563 2863 2969 2933 septemplicem
3001 2879 3216 2932 poenam
3251 2864 3323 2918 illi
3356 2880 3445 2918 sa-

1874 2948 2080 3005 tisfiat?
2122 2960 2304 3006 utrum
2356 2954 2686 3024 septemplex
2729 2954 2801 3008 sit
2848 2954 3130 3020 delictum,
3177 2970 3245 3009 au
3292 2971 3443 3017 vero,

1871 3042 2030 3113 culpa
2064 3043 2291 3114 simplex
2318 3054 2414 3100 aut
2438 3062 2565 3111 una,
2586 3055 2643 3101 et
2666 3047 3001 3117 septemples
3030 3062 3191 3117 pmna
3213 3064 3314 3117 pro
3339 3064 3448 3102 uno

1871 3133 2107 3189 delicto?
2136 3133 2342 3191 Divina:
2368 3133 2665 3205 Scriptura:
2688 3135 2771 3189 lex
2791 3151 3083 3191 numerum
3108 3137 3449 3192 remissionis

1870 3238 2219 3297 peccatorum
2282 3241 2500 3297 semper
2561 3228 2871 3297 septenario
2927 3229 3138 3284 deﬁnit.
3196 3228 3443 3294 Quoties,

1871 3318 2069 3389 inquit,
2096 3319 2327 3389 peccabit
2368 3320 2426 3373 iu
2451 3336 2532 3373 me
2555 3321 2723 3390 frater
2757 3337 2922 3385 meus,
2955 3330 3005 3374 et
3046 3323 3311 3376 remittam
3342 3323 3443 3381 illi.

1872 3405 2057 3477 (verba
2078 3405 2222 3462 Petri
2243 3415 2373 3463 sunt
2393 3408 2460 3463 ad
2483 3405 2792 3477 Dorninum)
2817 3424 2977 3478 usque
2991 3410 3219 3478 septies?
3243 3409 3446 3463 Deinde

1870 3496 2164 3566 respondet
2184 3494 2444 3551 Dominus
2475 3513 2488 3549 :
2527 3494 2646 3550 Non
2667 3496 2784 3549 diro
2809 3495 2899 3549 tibi
2922 3496 3131 3564 septies,
3162 3499 3254 3550 sed
3286 3511 3447 3563 usque

1869 3584 2164 3654 septuagies
2201 3583 2419 3653 septies;
2458 3598 2561 3639 nec
2591 3582 2738 3638 enim
2768 3582 3032 3637 Dominus
3060 3583 3129 3638 ad
3159 3592 3447 3637 numerum

1871 3674 2037 3730 alium
2059 3674 2287 3741 transiit,
2316 3675 2408 3731 sed
2433 3674 2744 3746 septenario
2766 3674 3145 3745 multiplicato,
3174 3674 3229 3729 in
3250 3674 3443 3729 eodem

1871 3766 2137 3833 constitit,
2182 3775 2238 3822 et
2280 3767 2434 3837 quasi
2482 3768 2774 3822 terminum
2809 3766 2928 3822 ﬁxit
2972 3766 3335 3822 remissionis.
3384 3766 3448 3821 Et

1872 3861 2105 3930 septimo
2132 3874 2277 3913 anno
2304 3859 2565 3915 Hebraeus
2593 3860 2841 3915 libertate
2870 3858 3193 3915 donabatur.
3226 3858 3445 3929 Septem

1872 3965 2141 4005 annorum
2184 3950 2553 4006 bebdomades
2599 3950 2729 4004 illud
2780 3949 3271 4004 celebratissimum
3314 3950 3448 4002 anti-

1871 4041 1993 4113 quis
2034 4041 2322 4097 Jubilaaum
2358 4049 2546 4096 exacte
2584 4040 2876 4103 faciebant,
2917 4054 3025 4109 quo
3073 4040 3448 4108 requiescebat

1872 4142 2038 4198 terra,
2078 4134 2385 4189 debitorum
2426 4133 2648 4187 nomina
2697 4131 3168 4195 rescindebantur,
3213 4131 3449 4189 servitus

1875 4228 2183 4294 tollebatur,
2223 4236 2279 4282 et
2315 4226 2470 4297 quasi
2503 4241 2705 4281 novum
2750 4225 2876 4281 vitae
2910 4240 3083 4297 genus
3114 4224 3171 4279 in
3213 4224 3448 4295 septimo

1871 4335 2141 4377 annorum
2196 4318 2585 4391 quinquaginta
2638 4332 2869 4372 numero
2921 4317 3122 4387 (priore
3177 4324 3234 4370 et
3279 4315 3446 4370 veteri

1871 4410 2024 4482 quasi
2056 4409 2124 4465 ad
2158 4410 2319 4463 linem
2348 4407 2627 4479 perducto)
2658 4407 3085 4461 instaurabatur.
3107 4403 3240 4471 Quae
3264 4406 3447 4459 omnia

202 4498 351 4552 οἱονεὶ
370 4502 491 4567 νέος
520 4502 726 4557 ἄνωθεν
756 4504 1050 4559 καθίστατο
1093 4506 1208 4577 βίος
1232 4509 1291 4562 ἐν
1316 4508 1393 4580 τῷ
1425 4509 1767 4580 ὲῦδοματικῷ

1872 4501 2270 4558 adurnbrabant
2300 4501 2403 4554 boc
2424 4508 2669 4554 nostrum
2694 4512 2894 4562 arvum,
2919 4496 3064 4566 quod
3094 4504 3303 4565 septem
3330 4494 3448 4549 die-

202 4586 433 4661 ἀριθμῷ,
480 4592 574 4645 τοῦ
618 4592 850 4648 παλαιοῦ
901 4596 1102 4667 τρόπον
1144 4597 1266 4653 τινὰ
1307 4597 1406 4670 τὴν
1456 4598 1766 4654 συντέλειαν

200 4677 505 4751 δεχομένου.
547 4684 735 4739 Ταῦτα
777 4686 834 4740 δὲ
882 4687 1045 4742 τύποι
1093 4688 1187 4743 τοῦ
1230 4691 1429 4756 αἰῶνος
1465 4692 1679 4755 τούτου,
1711 4693 1770 4757 ὃς

198 4768 277 4826 6ιά
295 4774 402 4828 τῶν
441 4776 584 4830 ἑπτά
628 4779 853 4850 ἡμερῶν
897 4781 1373 4854 ἀνακυκλούμενος
1403 4786 1553 4856 ἡμᾶς
1595 4803 1774 4857 παρα-

199 4864 371 4937 τρέχει
396 4885 412 4900 ·
446 4870 512 4922 έν
538 4863 583 4938 ᾧ
610 4869 851 4938 γίνονται
882 4873 939 4925 αί
961 4873 1072 4926 τῶν
1101 4876 1484 4947 μετριωτέρων
1515 4879 1771 4951 ἁμαρτη-

201 4956 375 5024 μάτων
422 4961 661 5024 ἐκτίσεις
706 4962 848 5015 κατὰ
879 4962 979 5035 τὴν
1016 4964 1396 5036 φιλάνθρωπον
1452 4969 1768 5039 ἐπιμέλειαν

197 5046 284 5100 τοῦ
315 5050 531 5118 ἀγαθοῦ
562 5053 860 5117 Δεσπύτου,
900 5054 976 5117 ὡς
1024 5055 1098 5126 μὴ
1149 5056 1229 5128 τῷ
1272 5059 1564 5131 ἀπεράντῳ
1609 5061 1767 5115 αἰῶνι

200 5143 559 5215 παραδοθῆναι
588 5148 740 5219 ἡμᾶς
765 5149 847 5213 εἰς
882 5148 1127 5205 κόλασιν.
1164 5152 1239 5204 Τὸ
1287 5154 1387 5223 μὲν
1413 5147 1505 5206 οὖν
1536 5153 1768 5217 ἑπτάκις

194 5231 274 5289 διὰ
298 5237 397 5310 τὴν
426 5239 566 5312 πρὸς
601 5240 695 5295 τὸν
723 5242 929 5311 κόσμον
952 5240 1141 5297 τοῦτον
1172 5243 1519 5313 συγγένειαν,
1552 5242 1629 5306 ὡς
1657 5242 1766 5295 τῶν

1868 4611 1990 4650 rum
2041 4595 2217 4650 orbita
2266 4593 2513 4649 revoluta
2564 4608 2667 4647 nos
2718 4591 2944 4656 transit,
3003 4605 3112 4659 quo
3165 4590 3446 4659 culparum

1871 4687 2233 4741 humanarum
2265 4701 2367 4756 pro
2400 4685 2689 4741 clementia
2714 4693 2768 4738 et
2799 4699 2929 4739 cura
2968 4681 3099 4737 boni
3140 4680 3236 4736 Dei
3271 4680 3445 4735 nostri

1871 4793 2000 4849 erga
2018 4794 2140 4843 nos,
2170 4793 2345 4847 pinna:
2370 4785 2752 4849 reposcuntur,
2779 4776 2954 4845 culpa:
2977 4774 3350 4839 remittuntur,
3374 4788 3446 4827 ne

1872 4869 2156 4942 suppliciis
2189 4869 2535 4939 sempiternis
2569 4869 2623 4923 in
2651 4883 2869 4923 omnem
2899 4868 3259 4923 aeternitatem
3292 4865 3446 4921 addi-

1872 4976 2079 5016 camur.
2110 4960 2247 5015 lllud
2275 4959 2458 5031 igitur,
2487 4960 2709 5029 septies,
2744 4966 2965 5030 propter
2982 4956 3445 5028 propinquitatem

1868 5070 1965 5110 seu
1998 5053 2279 5109 hominum
2319 5050 2663 5105 aﬂectionem
2697 5065 2821 5122 erga
2858 5051 3119 5105 mundum
3157 5050 3327 5113 hunc.
3359 5051 3444 5106 di-

1868 5146 2031 5210 citur,
2072 5154 2131 5199 ut
2167 5144 2259 5215 qui
2300 5158 2424 5197 cum
2460 5141 2723 5197 mundum
2766 5142 2889 5212 plus
2916 5158 3071 5212 arquo
3100 5142 3346 5214 diligant,
3377 5145 3447 5198 ab

1867 5241 1999 5311 ipsis
2031 5238 2389 5305 debitoribus,
2416 5251 2644 5307 quorum
2668 5251 2829 5291 causa
2860 5244 3167 5291 statuerunt
3194 5251 3442 5306 peccare,

1484 5441 1716 5498 ΥΑΙὶΙίΕ
1757 5439 2164 5498 LECTIUNES.

280 5592 458 5659 "Ri;
491 5596 537 5649 ὁ.
572 5597 603 5649 ὁ
646 5597 752 5659 πᾶς
784 5595 842 5650 Ρ.

950 5596 991 5681 ’ξ
1098 5595 1514 5681 παρέδωκενλζ
1546 5596 1955 5681 ὥσπερνέδωκεν
1980 5593 2045 5681 P‘.
2148 5596 2193 5681 “I

2229 5594 2574 5666 φυλάσσοντα
2608 5595 2666 5651 Ρ.
2748 5597 2791 5630 ³⁸
2825 5601 2881 5652 αἱ
2912 5596 3022 5651 PV.
3119 5597 3164 5630 ¹⁶
3202 5597 3270 5650 εί.
3315 5594 3347 5656 ἢ
3379 5596 3439 5655 P.

189 5656 223 5783 ἒ
252 5659 314 5717 Ῡ.
388 5656 449 5696 ¹⁷⁷
478 5666 660 5735 μέλλει
688 5656 751 5720 Ρ.
824 5667 868 5697 ’⁸
905 5656 1099 5739 βελτίω
1130 5656 1190 5722 V':
1275 5669 1317 5698 ¹⁹
1347 5656 1523 5739 τούτῳ
1558 5667 1635 5738 τῷ
1665 5656 1771 5733 P'V,
1802 5666 1958 5720 τοῦτο
1985 5666 2044 5719 τὸ
2072 5679 2147 5720 m.
2180 5656 2253 5722 P.'
2316 5669 2363 5700 ‘°
2394 5660 2428 5732 ἢ
2462 5685 2572 5723 oni.
2606 5668 2664 5722 P.
2742 5670 2783 5701 "
2814 5669 2998 5739 φησίν.
3052 5667 3234 5722 Matth.
3284 5679 3439 5733 mu,

228 5727 273 5784 ι.
344 5730 394 5766 ³³
418 5734 519 5784 τῆς
544 5736 792 5784 ἀωέσεωε
825 5755 936 5784 inn-
980 5738 1038 5784 Ι)-
1116 5741 1162 5772 ’³
1194 5737 1255 5784 τὸ
1288 5736 1345 5784 Ρ.

253 5764 273 5786 ο
344 5730 394 5766 ³³
418 5730 519 5805 τῆς
544 5736 792 5806 ἀφέσεως
825 5730 937 5793 oui.
980 5738 1040 5795 Ρ.
1116 5741 1162 5772 ’³
1194 5737 1255 5792 τὸ
1287 5736 1345 5791 P.
