3870 6336
388 336 495 401 583

1580 316 1835 380 CHRON
1844 312 2011 376 [CON
2046 316 2135 375 PA
2143 312 2452 374 SCIIALE.

3534 314 3647 382 534

388 446 621 508 maxima
658 442 990 499 detrimenta
1016 436 1308 508 accipiant.
1342 434 1541 489 Delicta
1568 448 1730 503 porro
1752 431 1903 485 Caini
1928 429 1972 483 si

2079 427 2422 498 φιλοκόσμων
2478 423 2779 498 ἀνθρώπων
2828 425 2922 480 ἀπ’
2956 425 3140 480 αὐτῶν
3170 425 3493 497 ὀφειλόντων
3536 432 3655 502 μά-

386 540 474 595 cui
505 551 770 607 exponas,
807 540 1013 602 septem
1054 528 1332 600 reperias;
1364 526 1409 580 si
1439 525 1635 597 judicis
1665 538 1854 594 pmnas
1891 521 1967 575 illi

388 630 671 701 irrogatas,
702 634 907 703 septem
950 623 1139 677 itidem
1176 618 1503 690 cogitatione
1535 624 1623 671 tua
1659 615 1967 686 deprehen-

298 720 307 725 ’
386 723 506 777 des.
557 719 793 774 Primum
835 729 966 785 ergo
1006 712 1149 783 quod
1191 710 1392 766 Cainus
1425 709 1542 780 ipse
1586 707 1839 778 patravit,
1884 715 1969 761 cst

387 811 613 871 invidia,
647 808 790 880 quod
826 807 929 862 sibi
954 822 984 860 a
1018 805 1131 860 Deo
1154 803 1374 858 Abelem
1405 802 1685 872 praelatum
1714 794 1964 855 senserit.

388 899 635 953 Alterum
674 897 886 952 crimen
924 903 1008 950 est
1046 893 1195 948 fraus
1227 907 1323 946 seu
1365 891 1539 957 dolus,
1584 904 1693 960 quo
1731 889 1967 944 circum-

387 988 538 1041 venit
571 986 814 1050 fratrem,
851 996 976 1039 cum
1001 982 1173 1039 dixit:
1208 978 1474 1036 Exeamus
1503 979 1557 1033 in
1594 995 1802 1050 agrum.
1835 972 1968 1031 Ter-

391 1078 551 1143 tium,
584 1077 796 1142 czedes;
828 1083 1085 1146 quartum
1111 1071 1412 1128 auctarium
1443 1070 1663 1125 sceleris
1692 1084 1787 1124 seu
1817 1083 1970 1123 com-

387 1170 747 1241 plementum,
778 1162 922 1238 quod
957 1175 1013 1221 et
1041 1162 1261 1221 fratrem
1307 1162 1580 1227 mactarit,
1611 1160 1757 1232 quod
1790 1158 1969 1229 parri-

390 1260 590 1314 cidium
655 1269 818 1328 auget
875 1256 1126 1319 facinus;
1186 1252 1435 1324 quintum
1485 1268 1608 1308 cum
1659 1259 1715 1306 ct
1757 1253 1971 1321 primus

396 1346 623 1404 sicarius
659 1347 865 1401 Cainus
910 1338 1198 1410 exstiterit,
1231 1350 1287 1398 et
1328 1341 1624 1411 pessimum
1662 1337 1967 1408 exemplum

391 1441 445 1494 in
476 1438 849 1509 posteritatem
881 1435 1228 1507 propagarit;
1262 1440 1475 1487 sextum
1508 1430 1794 1494 delictum,
1824 1427 1970 1498 quod

308 1598 319 1609 θ
393 1530 709 1602 parentibus
729 1545 945 1601 gravem
978 1526 1183 1581 luctum
1209 1524 1485 1586 attulerit;
1510 1521 1799 1592 septimum
1824 1516 1969 1590 quod

395 1618 498 1691 ipsi
532 1618 644 1675 Deo
686 1620 757 1674 sit
794 1617 1072 1672 mentitus.
1102 1615 1470 1685 Interrogatus
1503 1611 1670 1677 enim,
1706 1606 1798 1665 Ubi
1841 1617 1970 1663 esset

396 1711 602 1780 frater?
624 1710 778 1774 dixit,
816 1707 1004 1762 Nescio
1040 1725 1054 1760 :
1094 1715 1302 1775 septem
1323 1716 1451 1775 ergo
1479 1702 1707 1757 crimina
1738 1700 1792 1754 in
1823 1697 1971 1755 caede

394 1803 547 1857 Caini
580 1803 770 1873 punita
801 1806 930 1855 sunt
949 1808 1159 1870 septem
1189 1794 1384 1868 pinnis.

474 1998 493 2030 ι
534 1972 741 2031 Etenim
776 1971 1037 2029 Dominus
1064 1970 1200 2026 dixit
1227 1988 1241 2025 ε
1281 1968 1587 2024 Maledicta:
1617 1966 1718 2022 eris
1748 1967 1804 2021 in
1831 1972 1974 2021 terra

397 2080 516 2135 qua:
554 2064 717 2117 hinvit
751 2072 807 2116 ut
835 2062 1072 2115 hauriret
1108 2059 1416 2130 sanguinem
1448 2057 1631 2129 fratris
1660 2056 1756 2118 tui,
1794 2063 1842 2109 et
1871 2055 1973 2108 eris

398 2171 606 2226 gemens
633 2163 681 2208 et
722 2162 947 2207 tremens
988 2167 1146 2220 super
1182 2159 1400 2204 terram.
1434 2147 1502 2202 Et
1533 2147 1671 2202 dixit
1700 2145 1832 2199 Cain
1867 2163 1880 2199 :
1911 2143 1972 2200 Si

399 2242 547 2312 ejieis
582 2256 665 2295 me
693 2238 844 2294 hodie
869 2256 901 2292 a
927 2250 1093 2303 terra,
1128 2246 1178 2291 et
1207 2254 1241 2290 a
1272 2235 1409 2307 faeie
1444 2245 1537 2287 tua
1574 2233 1892 2298 abscondar,
1923 2242 1971 2286 et

400 2348 489 2385 ero
514 2347 721 2403 gemens
750 2340 800 2385 et
819 2340 1041 2384 tremens
1072 2342 1230 2398 super
1249 2337 1465 2389 terram,
1497 2335 1545 2379 et
1575 2324 1744 2379 omnis
1768 2323 1858 2394 qui
1892 2338 1974 2376 me

400 2423 673 2490 invenerit,
703 2423 901 2477 occidet
931 2437 1030 2475 me.
1073 2420 1154 2475 Ad
1191 2420 1297 2474 hoc
1326 2417 1618 2488 respondet
1650 2414 1913 2470 Dominus
1956 2431 1969 2466 :

400 2512 749 2583 Nequaquam
780 2513 857 2566 ita
902 2512 1013 2582 fiet,
1059 2511 1151 2565 sed
1203 2510 1372 2564 omnis
1416 2509 1506 2580 qui
1544 2507 1788 2561 occiderit
1838 2503 1973 2561 Cain

402 2603 700 2673 septuplum
731 2604 1000 2673 punietur.
1031 2600 1131 2668 Qui
1169 2614 1299 2671 ergo
1335 2600 1469 2655 Cain
1500 2597 1827 2653 existimavit
1856 2610 1915 2651 se
1943 2611 1974 2650 a

402 2691 597 2760 quovis
628 2690 788 2745 facile
820 2698 1038 2762 captum
1062 2691 1149 2753 iri,
1190 2689 1336 2759 quod
1375 2688 1479 2744 nec
1517 2688 1572 2742 in
1606 2686 1765 2742 terris
1803 2685 1972 2740 ullum

401 2780 570 2839 sciret
592 2781 924 2851 praesidium,
949 2796 1074 2836 cum
1110 2789 1252 2834 terra
1275 2789 1418 2835 esset
1440 2780 1507 2834 ab
1538 2778 1630 2833 illo
1664 2777 1972 2843 maledicta,

406 2887 509 2928 nec
541 2888 571 2927 a
605 2871 714 2927 Deo
753 2872 1012 2927 auxilium
1046 2880 1406 2942 exspectaret,
1433 2871 1527 2941 qui
1556 2871 1728 2925 iratus
1752 2867 1827 2924 illi
1861 2879 1979 2924 erat

407 2971 635 3033 propter
670 2963 873 3017 caedem
896 3002 911 3026 ,
958 2961 1032 3017 ita
1070 2970 1130 3015 ut
1173 2961 1293 3017 coeli
1329 2968 1599 3030 terraeque
1645 2974 1742 3029 spe
1766 2970 1979 3030 opeque

2065 517 2221 570 λιστα
2239 516 2589 587 ζημιοῦσθαι,
2606 511 2681 570 ὧν
2702 516 2887 571 ἕνεκεν
2908 517 3122 571 εἵλαντο
3154 518 3199 549 ⁸⁵
3223 520 3646 591 πνηρεύεσθαι.

2079 606 2468 678 Ἐκδικούμενα
2513 606 2571 660 δὲ
2619 606 2730 660 εἴτε
2772 608 2839 661 τὰ
2861 608 2908 640 ⁸⁸
2942 607 3096 680 παρὰ
3142 607 3222 679 τῷ
3248 608 3390 663 Καῒν
3432 608 3646 682 λέγοις,

2066 698 2322 770 εὑρήσεις
2353 697 2514 765 ἑπτὰ,
2546 699 2655 752 εἴτε
2687 699 2733 731 ⁸⁸
2755 699 2825 752 τὰ
2856 699 3006 771 παρὰ
3038 696 3134 752 τοῦ
3161 699 3350 771 κριτοῦ
3371 702 3457 753 ἐπ’
3489 702 3647 772 αὐτῷ

2065 791 2377 862 ὁρισθέντα,
2407 790 2504 845 καὶ
2527 790 2702 854 οὕτως
2725 790 2826 845 οὐκ
2859 790 3131 863 ἀποτεύξῃ
3158 792 3260 861 τῆς
3286 793 3516 856 ἑννοίας.
3546 793 3648 846 Ἐν

2070 883 2168 953 μὲν
2205 877 2298 937 οὖν
2327 885 2439 948 τοῖς
2466 882 2617 955 παρὰ
2643 881 2740 937 τοῦ
2771 883 2817 914 ⁸⁷
2851 882 2993 936 Καῒν
3019 882 3446 954 τετολμημένοις
3489 885 3650 955 πρῶ-

2065 991 2156 1028 τον
2196 973 2498 1046 ἁμάρτημα
2527 973 2720 1043 φθόνος
2746 973 2840 1026 ἐπὶ
2865 975 2929 1044 τῇ
2969 975 3297 1045 προτιμήσει
3326 975 3420 1028 τοῦ
3454 975 3649 1029 Ἀϐελο

2065 1064 2318 1137 δεύτερον
2377 1065 2528 1130 δόλος
2574 1064 2694 1137 μεθ’
2745 1059 2806 1120 οὗ
2861 1063 3132 1135 διειλέχθη
3181 1060 3228 1097 ’⁸
3280 1064 3359 1135 τῷ
3408 1065 3651 1136 ἀδελφῷ,

2068 1154 2239 1210 εἰπών
2267 1172 2283 1186 ⁸
2314 1154 2649 1225 Διέλθωμεν
2687 1156 2775 1221 εις
2828 1153 2896 1208 τὸ
2945 1154 3188 1208 πεδίον·
3237 1155 3422 1224 τρίτον
3459 1155 3650 1222 φόνος.

2067 1246 2327 1318 τέταρτον
2360 1247 2405 1280 ’³
2455 1244 2744 1315 προσθήκη
2799 1242 2895 1297 τοῦ
2938 1242 3134 1307 κακοῦ,
3183 1243 3263 1297 ὅτι
3294 1244 3389 1298 καὶ
3414 1244 3653 1312 ἀδελφοῦ

2071 1337 2251 1407 φόνος,
2317 1334 2521 1408 μείζων
2581 1338 2616 1407 ἡ
2650 1326 2931 1400 ὲπῖτασιςο
2983 1335 3232 1406 πέμπτον
3286 1336 3369 1390 ὃτι
3429 1335 3656 1407 πρῶτος

2071 1429 2264 1496 φονεὺς
2292 1429 2321 1482 ό
2352 1426 2399 1460 ³⁸
2430 1427 2571 1482 Καῒν
2624 1427 2861 1500 πονηρὸν
2892 1427 3201 1498 ὑπόδειγμα
3231 1427 3311 1498 τῷ
3340 1427 3442 1501 βίῳ
3475 1445 3657 1481 καταο

2069 1517 2283 1574 λιπών·
2333 1519 2493 1573 ἕκτον
2556 1519 2822 1590 ἀδίκημα,
2871 1518 2955 1573 δτι
3001 1517 3254 1587 γονεῦσιν
3309 1518 3504 1583 πένθος
3562 1521 3657 1571 ὲν-

2073 1609 2330 1680 εποὶησεν
2354 1626 2367 1641 ·
2409 1609 2661 1682 ἕϐδομον,
2705 1611 2789 1665 ὅτι
2814 1610 2947 1664 Θεὸν
2979 1609 3269 1679 ἐψεύσατο.
3323 1608 3656 1681 Ἐρωτηθεὶς

2071 1699 2204 1770 γὰρ,
2233 1700 2316 1753 ὅτι
2351 1699 2477 1754 Ποῦ
2507 1701 2689 1754 Ἅϐελ
2722 1702 2756 1755 ό
2799 1699 3063 1769 ἀδελφός
3092 1713 3246 1765 σονς
3295 1695 3446 1753 εἶπεν
3472 1712 3488 1728 ⁸
3526 1701 3657 1753 οὐκ

2074 1789 2228 1847 οἶδα.
2270 1791 2441 1846 Ἑπτὰ
2468 1786 2560 1848 οὖν
2586 1786 2948 1862 ὲκδικοῦμενα
2971 1789 3281 1863 παρέλυσεν
3310 1792 3369 1844 ὲν
3390 1788 3469 1862 τῷ
3493 1790 3655 1846 ἀναι-

2079 1882 2301 1952 ρεθῆναι
2328 1882 2418 1936 τὸν
2447 1883 2610 1939 Καῖν.

2157 1967 2378 2039 Ἐπειδὴ
2405 1968 2514 2038 γὰρ
2543 1962 2698 2022 εἶπεν
2720 1962 2764 2000 ³¹
2817 1968 2847 2021 6
2901 1965 3127 2039 Κύριος,
3150 1969 3233 2022 ὅτι
3257 1966 3656 2038 Ἐπικατάρα-

2075 2074 2178 2124 τος
2215 2057 2249 2125 ἠ
2280 2056 2381 2127 γῆ,
2434 2054 2475 2126 ἦ
2531 2057 2751 2127 ἔχανεν
2799 2055 3087 2122 δέξασθαι
3140 2057 3210 2113 τὸ
3262 2052 3408 2128 αἷμα
3450 2061 3494 2091 ³¹
3542 2060 3657 2117 τοῦ

2076 2147 2347 2217 ἀδελφοῦ
2378 2161 2518 2214 σου,
2554 2147 2652 2201 καὶ
2677 2145 2914 2202 στένων
2941 2145 3038 2201 καὶ
3068 2145 3296 2217 τρέμων
3323 2145 3486 2219 243
3531 2147 3655 2216 ἔσῃ

2073 2243 2172 2297 ἐπὶ
2215 2236 2328 2311 τῆς
2358 2240 2492 2312 γῆς,
2523 2242 2554 2296 6
2578 2240 2719 2295 Καϊν
2768 2258 2933 2312 φησιν
2963 2256 2978 2272 ο
3016 2241 3086 2295 ει
3130 2239 3448 2306 ἐκϐάλλεις
3469 2241 3517 2272 ³⁸
3575 2258 3656 2310 με

2074 2332 2343 2401 σήμερον
2383 2331 2505 2387 ἀπὸ
2587 2331 2697 2401 τῆς
2740 2331 2874 2401 τῆς,
2913 2330 3010 2385 καὶ
3037 2331 3156 2385 ἀπὸ
3185 2331 3292 2387 τοῦ
3322 2329 3657 2399 προσώπου

2074 2435 2192 2476 σου
2231 2421 2626 2493 κρυϐήσομαι,
2662 2422 2759 2477 καὶ
2789 2422 3002 2492 ἔσομαι
3026 2422 3262 2476 στένων
3290 2421 3393 2476 καὶ
3424 2421 3662 2491 τρέμων

2073 2510 2173 2565 ἐπὶ
2200 2510 2312 2581 τῆς
2339 2512 2473 2582 γῆς,
2496 2513 2595 2567 καὶ
2615 2510 2735 2579 πᾶς
2756 2516 2789 2568 ὁ
2815 2513 3116 2581 εὑρίσκων
3135 2529 3213 2582 με
3241 2512 3565 2567 ἀποκτενεῖ
3587 2514 3658 2566 ⁸⁵.

2076 2602 2221 2673 Πρὸς
2258 2602 2323 2674 δὴ
2351 2603 2510 2658 τοῦτο
2536 2605 2564 2656 6
2601 2603 2809 2674 Κύριός
2835 2620 3020 2677 φησιν·
3052 2605 3177 2674 Οὐχ
3206 2604 3418 2671 οὕτως’
3450 2604 3574 2672 πᾶς
3626 2608 3664 2661 ὁ

2077 2688 2437 2756 ἀποκτείνας
2478 2690 2631 2745 Katr
2671 2691 2822 2746 ἑπτὰ
2861 2690 3257 2762 ἐκδικούμενα
3288 2695 3660 2761 παραλύσει.

2089 2776 2308 2850 Ἐπειδὴ
2359 2780 2468 2852 γὰρ
2517 2781 2767 2851 ἐνόμισεν
2825 2780 3095 2845 εὐάλωτος
3146 2777 3289 2836 εἶναι
3344 2785 3510 2838 παντὶ
3551 2787 3585 2838 6
3614 2783 3662 2818 ⁸⁸

2078 2869 2220 2926 Καῒν
2251 2871 2339 2924 διὰ
2360 2871 2421 2925 τὸ
2449 2872 2511 2925 ὲκ
2537 2874 2637 2944 τῆς
2663 2873 2768 2944 γῆς
2796 2871 2894 2944 τὴν
2912 2872 3215 2941 ἀσφάλειαν
3237 2872 3316 2947 μὴ
3347 2874 3516 2946 ἔχειν,
3542 2878 3683 2932 ἔπιε

2084 2963 2389 3035 κατάρατος
2421 2964 2531 3035 γὰρ
2564 2964 2598 3037 ή
2628 2964 2700 3034 γῆ
2742 2964 2838 3018 ἀπ’
2870 2964 3058 3031 αὐτοῦ,
3089 2965 3185 3018 καὶ
3214 2966 3314 3037 τῆς
3366 2968 3476 3021 ἀπὸ
3516 2968 3664 3025 Θεοῦ

405 3052 558 3108 illum
603 3052 889 3107 deserente
936 3051 1189 3106 exclusus
1236 3050 1433 3105 dixerit
1466 3054 1494 3103 ἐ
1539 3049 1726 3105 Omnis
1763 3049 1853 3119 qui
1898 3064 1976 3100 me

2086 3055 2337 3126 βοηθείας
2380 3054 2713 3127 ἠρημῶσθαι
2749 3055 2816 3124 ³⁸,
2845 3054 3193 3129 ὀργισθέντος
3225 3056 3390 3110 αὑτοῦ
3434 3058 3529 3113 ἐπὶ
3580 3060 3667 3131 τῷ

404 3145 685 3211 invenerit,
728 3144 924 3198 occidet
970 3159 1088 3207 me;
1127 3141 1346 3214 corrigit
1391 3141 1535 3196 illius
1568 3155 1810 3196 errorem
1845 3137 1979 3194 Ver-

405 3236 557 3299 bum.
589 3252 713 3292 cum
744 3235 920 3291 dicit:
959 3233 1310 3305 Nequaquam
1339 3232 1415 3286 ita
1444 3232 1575 3302 ﬁet:
1610 3232 1715 3286 hoc
1757 3238 1840 3286 est
1870 3245 1979 3284 non

404 3327 693 3383 occideris.
724 3327 831 3382 Sed
862 3327 951 3382 ille
976 3342 1088 3382 non
1128 3327 1302 3381 solum
1329 3326 1485 3380 ulcus
1519 3324 1673 3395 tegit,
1716 3324 1810 3379 sed
1845 3323 1998 3378 alte~

407 3432 527 3471 rum
556 3431 772 3487 quoque
800 3416 867 3471 ad
894 3417 1097 3471 caedem
1120 3416 1287 3481 addit,
1312 3414 1442 3469 dum
1474 3412 1817 3469 mendacium
1850 3427 1978 3467 cou-

406 3508 612 3575 cinnat,
641 3516 696 3562 et
726 3507 857 3562 dicit
885 3524 900 3561 :
930 3507 1140 3572 Nescio,
1170 3507 1404 3577 nunquid
1449 3515 1620 3560 custos
1659 3505 1844 3577 fratris
1876 3504 1979 3558 mei

406 3615 524 3653 sum
548 3599 675 3668 ego?
708 3598 849 3653 lliuc
871 3599 984 3668 jam
1021 3612 1214 3669 ptenas
1248 3612 1540 3652 numerare
1583 3596 1728 3652 Deus
1765 3597 1976 3666 incipit.

407 3691 694 3746 Maledicta
742 3689 841 3744 erit
881 3699 1022 3743 terra
1070 3689 1162 3743 abs
1207 3698 1277 3742 te.
1326 3688 1509 3743 Prima
1559 3687 1978 3743 animadversio.

412 3779 648 3849 Oper-are
691 3788 910 3834 terram.
952 3779 1084 3836 llaec
1124 3778 1297 3833 altera
1329 3792 1492 3846 poena
1533 3786 1661 3832 est:
1695 3777 1983 3848 inexplica-

411 3874 536 3930 bilis
569 3873 713 3928 enim
744 3875 993 3943 quaedam
1037 3873 1139 3943 ipsi
1179 3872 1478 3928 necessitas
1512 3872 1667 3926 allisa
1699 3880 1833 3936 erat,
1861 3886 1983 3940 quae

412 3966 563 4021 illum
594 3965 660 4020 ad
694 3981 832 4036 opus
864 3966 938 4020 ita
969 3962 1215 4036 urgebat,
1240 3963 1317 4018 uti
1336 3979 1513 4034 neque
1537 3961 1739 4018 volenti
1763 3962 1982 4033 quidem

412 4055 604 4114 liceret
632 4057 796 4112 ullam
836 4055 1037 4127 quietis
1072 4064 1283 4126 partem
1320 4069 1534 4126 capere,
1576 4053 1672 4110 sed
1714 4052 1982 4108 assiduis-

411 4149 548 4205 sime
573 4149 874 4220 premebat,
912 4158 1057 4205 terra
1100 4147 1175 4202 illi
1218 4146 1414 4204 infesta
1452 4155 1510 4202 et
1545 4146 1787 4213 inimica,
1818 4158 1983 4216 quam

411 4239 513 4293 sibi
544 4238 932 4293 exsecrabilem
977 4237 1198 4304 fecerat,
1243 4252 1369 4292 cum
1407 4251 1527 4291 eam
1566 4233 1808 4290 fraterno
1853 4249 1982 4289 san-

413 4330 580 4402 guine
606 4329 906 4400 polluisset.
937 4327 1207 4398 Acerbum
1241 4326 1388 4382 enim
1419 4340 1592 4395 genus
1620 4324 1869 4396 supplicii
1900 4332 1985 4379 est

2084 3146 2252 3218 φόνῳ,
2275 3146 2349 3210 ὡς
2379 3146 2503 3200 οὔτε
2538 3145 2649 3201 ἀπὸ
2676 3147 2779 3219 γῆς
2809 3145 2932 3201 οὔτε
2957 3147 3067 3201 ἀπὸ
3088 3146 3317 3218 οὐρανοῦ
3349 3149 3394 3181 ⁸⁷
3431 3149 3665 3223 ἀντιλή-

2080 3235 2227 3305 ψεως
2254 3236 2403 3307 αὐτῷ
2430 3236 2762 3308 λειπομένης
2789 3251 2804 3266 ⁸
2844 3234 3081 3304 Ἔσται,
3116 3238 3274 3308 φησὶ,
3298 3237 3418 3305 πᾶς
3440 3244 3473 3294 ὁ
3494 3243 3667 3311 εὑρί-

2080 3342 2247 3385 σκων
2265 3346 2365 3399 με,
2403 3328 2723 3385 ἀποκτενεῖ
2740 3346 2818 3401 με
2840 3347 2856 3364 ο
2878 3329 3090 3401 ἐλέγχει
3125 3330 3291 3385 αὑτοῦ
3321 3332 3384 3385 τὸ
3430 3334 3666 3404 σφάλμα

2077 3425 2106 3476 6
2136 3423 2307 3492 Λόγος
2338 3423 2514 3492 λέγων
2534 3439 2548 3453 ⁸
2577 3425 2699 3492 Οὐχ
2725 3424 2913 3491 οὕτως
2933 3439 2946 3452 ·
2973 3425 3268 3490 τουτέστιν,
3300 3426 3398 3479 οὐκ
3436 3427 3695 3498 ἀναιρε-,

2080 3514 2243 3590 θήσῃ.
2285 3515 2344 3569 '0
2374 3515 2432 3569 δὲ
2473 3516 2536 3569 οὐ
2584 3515 2746 3586 μόνον
2796 3514 3031 3587 κρύπτει
3057 3516 3117 3569 τὸ
3144 3515 3324 3580 ἕλκος,
3373 3517 3507 3572 ἀλλὰ
3558 3521 3666 3572 καὶ

2079 3606 2265 3678 ἕτερον
2296 3606 2750 3680 προσεργὸμζεται,
2779 3605 2858 3677 τῷ
2910 3607 3054 3678 φόνῳ
3108 3606 3169 3661 τὸ
3190 3606 3384 3677 ψεῦδος
3428 3610 3662 3661 ἐπισυν-

2080 3697 2268 3750 άπτων
2290 3715 2304 3728 ο
2339 3699 2461 3752 Οὐκ
2490 3693 2624 3753 οἶδα
2644 3715 2659 3730 ·
2680 3697 2763 3767 μὴ
2782 3694 2994 3766 φύλαξ
3020 3697 3125 3751 τοῦ
3161 3697 3431 3767 ἀδελφοῦ
3452 3699 3575 3767 μού
3609 3698 3662 3732 ³⁸

2079 3787 2196 3855 ειμι
2232 3785 2383 3856 ἐπνὶη
2408 3785 2688 3841 Ἐντεῦθεν
2718 3786 2906 3841 λοιπὸν
2936 3787 3331 3859 ἁπαριθμείται
3361 3788 3461 3852 τὰς
3491 3806 3669 3860 τιμω-

2085 3877 2223 3947 ρίας.
2252 3877 2713 3946 Ἐπικατάρατος
2733 3878 2772 3948 ἠ
2800 3876 2877 3949 γῆ
2899 3878 3019 3933 ἀπὸ
3055 3877 3195 3935 σοῦ.
3236 3879 3353 3934 Μία
3394 3880 3619 3946 κόλασις
3643 3898 3661 3913 ·

2085 3967 2264 4036 Ἔργα
2284 3964 2401 4035 τὴν
2428 3966 2575 4038 γῆν,·
2606 3966 2834 4039 δευτέρα
2861 3964 3025 4039 αὕτη·
3060 3950 3276 4040 ἀνάγκη
3309 3968 3416 4039 γάρ
3442 3984 3526 4032 τις
3558 3970 3665 4041 ἆῤ-

2083 4056 2248 4126 ρητος
2270 4054 2418 4126 αὐτῷ
2452 4055 2809 4122 συνέζευκται
2855 4056 2992 4128 πρὸς
3019 4057 3081 4110 τὸ
3102 4056 3265 4128 ἔργον
3290 4058 3388 4129 τῆς
3418 4058 3524 4129 γῆς
3552 4061 3666 4112 αὑ-

2079 4146 2172 4202 τὸν
2211 4146 2636 4215 κατεπείγουσα,
2671 4145 2812 4200 ὥστε
2840 4147 2978 4218 μηδὲ
3002 4146 3309 4218 βουλομένῳ
3342 4148 3490 4219 αὖτῷ
3514 4148 3664 4214 ἐξεῖ-

2081 4255 2170 4294 ναι
2207 4237 2604 4307 ἀναπαύεσθαι,
2652 4239 2770 4293 ἀλλ’
2798 4239 2886 4293 ἀεὶ
2932 4240 3093 4294 αὐτὸν
3145 4241 3666 4313 προσταλαιπωρεῖ-

2085 4329 2213 4383 σθαι
2258 4330 2304 4363 ⁸⁸
2347 4332 2416 4402 τῇ
2473 4329 2644 4402 ἐχθρᾷ
2680 4329 2727 4362 ⁸⁸
2775 4329 2940 4384 αὐτοῦ
2987 4333 3079 4401 γῇ,
3133 4332 3201 4404 ἧν
3250 4333 3665 4405 ἑπικατὰρατον

413 4422 601 4476 vivere
625 4435 751 4476 cum
773 4420 838 4474 iis
857 4419 948 4490 qui
975 4427 1026 4474 te
1051 4418 1284 4484 oderint,
1309 4425 1365 4472 et
1386 4417 1597 4471 hostem
1625 4415 1976 4470 domesticum

2088 4423 2260 4493 αὐτὴν
2297 4423 2574 4494 ἐποίησεν,
2609 4422 2808 4493 μιάνας
2847 4421 3205 4494 ἀδελφότητος
3251 4425 3462 4497 αἵματι.
3493 4428 3667 4499 Δεινὴ

413 4513 666 4577 retinere,
703 4520 760 4566 et
791 4511 976 4565 odium
1005 4516 1271 4565 aeternum
1299 4507 1465 4562 alere.
1495 4505 1732 4575 Operare
1762 4514 1983 4571 terram,

414 4606 519 4660 hoc
546 4615 651 4670 est,
684 4603 838 4658 nullo
867 4616 1106 4671 unquam
1146 4608 1391 4669 tempore
1420 4613 1451 4652 a
1482 4606 1642 4652 terrai,
1671 4594 1910 4651 colendae
1934 4604 1989 4651 et

414 4698 685 4755 fodiendae
712 4698 911 4753 sudore
933 4695 1175 4759 remitte,
1198 4692 1278 4746 uti
1309 4705 1487 4760 neque
1512 4690 1580 4744 de
1606 4697 1786 4752 nocte,
1811 4703 1989 4758 neque

415 4790 484 4846 de
511 4789 601 4845 die
628 4788 864 4859 respires
896 4801 926 4840 a
956 4785 1161 4848 labore,
1197 4782 1292 4838 sed
1319 4790 1380 4836 ut
1413 4780 1600 4835 ultima
1638 4777 1986 4843 necessitate,

422 4896 546 4953 qua:
573 4894 793 4936 omnem
832 4878 1086 4933 servilem
1120 4875 1436 4930 servitutem
1473 4879 1709 4942 superet,
1738 4878 1986 4941 cogente,

310 5010 319 5017 -
418 4988 634 5045 semper
666 4972 733 5027 ad
765 4984 904 5041 opus
932 4969 1198 5039 urgearis,
1233 4982 1336 5021 nec
1371 4964 1590 5020 assiduo
1619 4970 1800 5016 tamen
1839 4960 1988 5015 cultu

420 5064 564 5117 illam
613 5062 891 5116 meliorem
941 5060 1157 5115 reddas.
1198 5058 1333 5110 Nam
1378 5054 1626 5124 quamvis
1669 5052 1987 5105 continuum

2084 4509 2193 4581 γὰρ
2224 4510 2465 4581 τιμωρία
2494 4510 2526 4580 ἡ
2550 4508 2690 4581 μετὰ
2717 4510 2827 4565 τῶν
2852 4509 3152 4581 μισούντων
3177 4511 3441 4584 διαγωγὴ,
3476 4513 3665 4569 σύνοιο

2087 4616 2180 4654 κον
2205 4599 2348 4670 ἔχειν
2376 4599 2654 4671 πολέμιον,
2686 4599 2963 4654 ἄπαυστον
2997 4601 3139 4673 ἔχειν
3170 4601 3231 4657 τὸ
3265 4606 3442 4673 μῖσος.
3468 4605 3667 4675 Ἔργα

2085 4691 2202 4759 τὴν
2226 4689 2363 4760 γῆν,
2384 4691 2682 4759 τουτέστιν,
2716 4693 3168 4764 κατατεινόμενος
3201 4698 3313 4759 τοῖς
3332 4696 3515 4768 ἔργοις
3546 4703 3667 4763 τοῖς

2087 4784 2445 4852 γεωπονικοῖς
2485 4782 2676 4838 οὐδένα
2723 4784 2914 4856 χρόνον
2963 4786 3209 4857 ἀνήσεις,
3261 4786 3387 4840 οὔτε
3436 4790 3667 4853 νυκτὸς,

2090 4873 2214 4927 οὔτε
2246 4873 2462 4944 ἡμέρας
2484 4872 2809 4944 ἐκλυόμενος
2839 4874 2903 4927 ἐκ
2930 4875 3038 4927 τῶν
3073 4876 3270 4941 πόνων,
3302 4876 3440 4930 ἀλλὰ
3465 4877 3676 4933 δεσπό-

2090 4982 2184 5018 του
2229 4965 2373 5027 τινδς
2423 4963 2810 5036 χαλεπωτέραν
2843 4965 2982 5035 ἔχων
3033 4966 3132 5037 τὴν
3178 4967 3423 5037 ἀνάγκην
3454 4968 3549 5021 ἐπὶ
3601 4973 3677 5026 τὰ

2090 5056 2229 5126 ἔργα
2294 5073 2351 5107 σε
2413 5056 2802 5124 διεγείρουσαν,
2862 5057 2954 5108 καὶ
3007 5059 3068 5108 οὐ
3126 5058 3423 5129 προσθήσει
3476 5059 3677 5117 δοῦναι

1711 5264 1948 5321 VARIAS
2007 5261 2407 5324 LECTIONES.

486 5454 532 5484 "
550 5450 714 5504 ’ἑνεκα
750 5446 954 5501 εἵλοντο
976 5444 1037 5499 Ρ.
1113 5447 1159 5478 ’⁸
1192 5445 1302 5497 εἴτε
1330 5443 1419 5496 τά.
1452 5441 1505 5496 εἰ
1528 5459 1606 5513 τῳ
1631 5442 1739 5497 PV.
1816 5443 1865 5474 “
1892 5442 2024 5497 εἴτε.
2057 5444 2106 5497 εἰ
2135 5442 2196 5500 Ρ.
2269 5443 2315 5475 ’⁷
2345 5443 2494 5511 παρὰ
2536 5442 2652 5497 τοῦ.
2685 5445 2815 5516 παρ’
2850 5443 3016 5497 αὑτοῦ
3041 5444 3105 5499 Ρ.
3181 5443 3229 5476 ⁸³
3257 5443 3516 5546 διηλέρη
3556 5448 3673 5505 PV.

489 5522 749 5546 ..λ-..---..
882 5515 1134 5546 -£.........
1185 5514 1228 5546 Rt
1255 5543 1323 5546 _
1353 5521 1393 5546 εν
1431 5513 1573 5546 ...Ιιὶη
1630 5528 1681 5546 νη
1740 5510 1778 5546 Ιὶ
1837 5529 1926 5546 nm
1994 5512 2078 5546 DV
2216 5514 2262 5546 so
2293 5514 2484 5546 “metu
2517 5515 2546 5546 Α
2608 5515 2853 5546 nummus.-.
2885 5513 2923 5546 υ
3005 5517 3198 5546 ..ωηιξη-
3230 5513 3271 5546 ιι
3438 5517 3451 5546 ι
3486 5514 3653 5546 -Y---.

416 5524 463 5556 ι’
488 5522 751 5592 τέταρτοι
773 5546 849 5592 _-
882 5515 1153 5592 isseme-
1185 5514 1228 5567 δ’
1253 5543 1324 5592 .—
1351 5521 1393 5566 ε’
1427 5510 1589 5592 add“
1630 5528 1706 5592 In;
1740 5510 1973 5592 νηριῐιο,
1993 5512 2142 5592 PL
2174 5556 2181 5564 -
2216 5514 2262 5546 ³⁰

428 5593 565 5648 Gen.
613 5580 687 5653 ι’ν,
732 5588 817 5642 ιι.
892 5580 1026 5639 "te
1048 5580 1208 5654 αἷμα.
1238 5583 1304 5654 τδρ
1350 5583 1523 5654 στόμα
1550 5598 1626 5654 m.
1668 5582 1733 5654 R_.
1812 5584 1857 5615 ³³
1890 5585 1926 5654 ἡ
1957 5582 2225 5654 mam;
2276 5580 2343 5638 γ.

418 5664 462 5695 ³⁸
490 5665 519 5716 ὁ
547 5677 654 5715 om.
689 5659 748 5713 P.
857 5656 902 5688 “
929 5656 1001 5725 ἠρ

419 5733 463 5765 ⁸⁸
494 5730 662 5802 ἐχθρᾷ
704 5744 777 5785 tn.
812 5726 878 5792 Β,
914 5724 1084 5798 ἔχθρα
1116 5724 1220 5778 I‘V.

3485 5514 3674 5575 εἶπεν.

2293 5514 2484 5584 φονεὺς
2517 5515 2565 5566 ό.
2608 5513 2853 5583 φονεύσω
2885 5513 2956 5575 ν,
3005 5517 3198 5584 φονεὺς
3230 5513 3291 5570 ιι.

2841 5602 2907 5655 με
2936 5584 3008 5649 Ρ,
3041 5585 3442 5655 μελάποκτενεῖ
3484 5603 3557 5653 με
3602 5589 3673 5642 ll.

2442 5583 2488 5615 "
2517 5585 2809 5637 ἀποκτενεῖ

1005 5651 1247 5727 ημᾶίσθμαι
1280 5652 1339 5706 Ρ.
1418 5651 1461 5685 ⁸⁷
1492 5653 1599 5707 ἀπὸ
1629 5651 1723 5706 τοῦ
1753 5651 1981 5724 οὐρα-ἰοῦ
2016 5653 2075 5707 Ρ.
2153 5655 2198 5686 ³⁸
2231 5670 2331 5724 μου
2378 5668 2488 5708 om.
2520 5651 2580 5708 P.
2658 5655 2703 5687 ³⁹
2734 5651 2868 5726 πρὸς
2897 5655 3016 5709 ταλ.
3043 5651 3161 5720 RV,
3195 5654 3333 5727 πρὸς
3359 5653 3420 5706 τὸ
3445 5651 3567 5711 τω..
3608 5659 3675 5713 ι’.
