3870 6336
176 395 282 458 535

1358 392 1796 456 CHRONICON
1845 392 2250 454 PASCHALE.
2351 387 2356 394 ’

3327 387 3492 488 586'.

171 511 270 574 τὴν
290 502 334 534 ⁸⁸
367 501 527 572 ἰσχὺν
576 501 771 574 αὐτῆς,
812 503 1006 558 Καίτοι
1037 503 1087 557 εἰ
1117 503 1211 558 καί
1253 502 1315 558 τὸ
1349 505 1449 577 τῆς
1486 504 1746 576 ἐργασίας

1868 520 1988 574 )pus
2037 505 2242 572 habeat,
2275 502 2508 558 subinde
2553 516 2732 572 operae
2777 501 3051 566 fructum,
3086 507 3272 556 tamen
3314 503 3432 575 ipse

169 592 454 645 ἄπαυστον
479 587 598 661 εἶχέ
618 608 743 646 τινα
771 593 1004 663 καρπὸν,
1027 593 1190 657 αὐτὸς
1219 594 1248 646 6
1275 595 1435 657 πόνος
1461 595 1544 648 06"
1555 594 1755 664 μετρία

171 682 408 752 βάσανος
439 681 518 752 τῷ
549 682 637 736 ἀεὶ
666 683 1110 755 κατατεινομένῳ
1130 685 1224 739 καὶ
1257 685 1527 740 κοπιῶντι
1554 703 1568 717 ·
1601 687 1755 738 ἐπει-

171 773 234 843 δὴ
343 772 441 825 καὶ
467 773 502 842 ἡ
536 772 767 844 ἐργασία
791 773 1073 839 ἄπαυστος
1111 775 1207 829 καὶ
1247 775 1497 847 ἄκαρπος
1542 779 1576 848 ἡ
1629 777 1756 848 περὶ

167 861 273 930 ’γῆν
292 859 664 932 ταλαιπωρία,
695 862 729 931 ἡ
759 861 1008 932 ἀκαρπία
1037 861 1145 916 τῶν
1170 862 1368 916 πόνων.
1396 860 1632 916 Στένων
1654 861 1752 916 καί

169 950 400 1020 φέμων
429 950 549 1020 ἔσῃ
583 951 682 1004 ἐπὶ
715 949 824 1020 τῆς
850 950 987 1020 τῆς.
1039 950 1145 1005 Δύο
1192 952 1534 1022 προσέθηκεν
1589 951 1756 1014 ἄλλας

173 1045 290 1106 ταῖς
317 1043 493 1112 τρισὶ,
541 1043 846 1114 στεναγμὸν
891 1043 1118 1114 διηνεκῆ
1151 1044 1244 1097 καὶ
1276 1046 1476 1115 τρόμον
1521 1043 1616 1097 τού
1648 1042 1754 1095 σώ-

177 1152 366 1206 ματος,
388 1134 485 1188 τὸν
517 1135 583 1186 ὲκ
605 1135 704 1206 τῆς
739 1134 922 1205 ἰσχύος
958 1133 1265 1204 στηριγμδν
1308 1134 1416 1188 τῶν
1441 1133 1630 1204 ,μελῶν
1653 1133 1757 1186 ούκ

177 1227 428 1298 ἑχόντων.
479 1225 700 1296 Ἐπειδὴ
747 1226 858 1296 γάρ
894 1225 1080 1287 κακῶς
1111 1227 1385 1297 ἐχρήσατο
1424 1229 1491 1298 τῇ
1522 1226 1756 1298 δυνάμει

176 1321 265 1373 τοῦ
301 1318 582 1390 σώματος,
613 1317 862 1391 ύφῃρέθη
910 1318 1078 1371 αὐτοῦ
1109 1318 1138 1369 6
1165 1317 1340 1382 τόνος,
1371 1317 1512 1371 ὥστε
1552 1318 1757 1372 κλονεῖ-

178 1412 298 1465 σθαι
324 1411 493 1465 αὐτὸν
519 1410 616 1464 καὶ
641 1409 1056 1472 κατασείεσθαι,
1093 1407 1218 1463 οὕτε
1265 1410 1432 1482 ἄρτον
1459 1410 1756 1479 δυνάμενον

177 1502 510 1572 προσφέρειν
539 1499 740 1572 ῥᾳδίως
773 1499 820 1532 ⁵⁸
846 1499 925 1570 τῷ
947 1500 1197 1572 στόματι,
1235 1499 1358 1554 οὔτε
1389 1501 1554 1554 ποτὸν
1585 1517 1753 1569 προσ-

177 1592 441 1663 κομίζειν,
499 1595 600 1663 τῆς
634 1592 879 1663 πονηρὰς
913 1593 1121 1662 χειρὸς,
1190 1592 1329 1664 μετὰ
1376 1594 1478 1662 τὴν
1535 1592 1756 1646 ἀνοσίαν

179 1685 393 1753 πρᾶξιν,
419 1683 549 1736 οὔτε
571 1686 692 1752 ταῖς
717 1683 876 1746 ἰδίαις
900 1685 994 1737 καὶ
1014 1684 1343 1752 ἀναγκαίαις
1373 1684 1419 1715 ⁸³
1436 1683 1531 1737 τοῦ
1563 1683 1757 1753 σώμα-

176 1793 264 1839 τος
305 1775 520 1846 χρείαις
547 1774 734 1828 λοιπὸν
759 1775 1218 1846 ὲξυπηρετεῖσθαι
1273 1775 1754 1846 συγχωρουμένης.

1856 594 2011 649 labor
2063 593 2342 664 ingentem
2397 590 2558 646 εστι-ι
2621 589 2927 658 molestiam
2986 597 3044 644 et
3097 591 3430 646 tormentum

1858 695 2076 750 semper
2114 681 2375 745 distento,
2405 694 2623 749 semper
2653 690 2921 749 occupato
2949 691 3004 734 et
3045 694 3324 749 nunquam
3363 683 3432 737 ab

1858 786 2026 842 Opere
2053 770 2308 826 cessanti.
2334 770 2441 824 Sed
2473 778 2540 824 tu»
2560 784 2686 824 cum
2709 769 2913 838 ingenti
2937 769 3121 824 labore
3143 769 3280 824 nihil
3307 785 3434 840 pro-

1857 863 2147 923 ficies,nec
2180 877 2359 932 opera:
2387 860 2623 930 pretium
2659 859 2844 923 facies,
2869 874 2971 913 nec
2996 859 3233 914 fructum
3265 861 3432 915 ullum

1859 949 2184 1018 reportabis.
2249 947 2477 1017 Insuper
2517 963 2724 1016 gemens
2768 958 2814 999 et
2864 957 3087 1002 tremens
3131 950 3235 1003 eris
3279 967 3437 1018 super

1861 1049 2076 1091 terram.
2115 1037 2260 1091 Duas
2293 1036 2546 1107 adjunxit
2582 1036 2718 1089 alias
2758 1051 2946 1105 pmnas
2984 1036 3178 1102 tribus,
3219 1039 3434 1095 assidua

1858 1129 2112 1198 suspiria,
2131 1137 2191 1181 et
2217 1128 2463 1196 corporis
2489 1135 2800 1192 tremorem,
2823 1127 3438 1193 amissa-membrorum,

1860 1235 2022 1290 quam
2061 1235 2126 1274 ex
2153 1219 2474 1274 fortitudine
2512 1234 2609 1274 seu
2637 1219 2834 1273 robore
2865 1219 3230 1288 accipiebant,
3267 1221 3440 1275 firmi.-

1861 1314 2068 1370 tudine.
2112 1313 2248 1369 Cum
2287 1313 2434 1368 enim
2481 1313 2726 1383 corporis
2772 1312 2980 1366 viribus
3025 1314 3228 1368 abusus
3270 1324 3438 1378 esset,

1859 1422 2062 1461 nervus
2090 1406 2159 1461 ab
2190 1406 2279 1460 illo
2307 1406 2492 1472 cessit,
2526 1416 2585 1460 ut
2606 1416 2848 1476 paveret,
2875 1417 2928 1459 et
2958 1406 3174 1461 assidua
3205 1408 3441 1476 quadam

1860 1499 2223 1568 trepidatione
2267 1505 2676 1563 concuteretur,
2718 1498 2794 1552 uti
2833 1513 2938 1552 nec
2974 1497 3158 1552 cibum
3199 1507 3319 1554 tuto
3357 1501 3442 1554 ori

1860 1592 2172 1656 admovere,
2197 1605 2299 1645 nec
2317 1599 2526 1662 gestare
2550 1590 2805 1659 poculum
2829 1588 2946 1643 sine
2975 1598 3212 1643 tremore
3239 1599 3441 1658 posset,

1829 1699 2026 1744 _manu
2070 1683 2256 1753 impia,
2299 1690 2420 1752 post
2466 1682 2692 1752 impium
2737 1688 2794 1736 e-t
2843 1674 3169 1751 parricidale
3216 1681 3442 1746 factum,

1861 1791 2018 1830 usum
2041 1774 2366 1830 necessaria:
2389 1773 2633 1843 corporis
2653 1772 2915 1827 functioni
2941 1772 3301 1828 subducente.
3327 1772 3446 1827 Alia

184 1865 346 1935 ’Δλλη
371 1865 640 1936 τιμωρία,
658 1865 824 1938 244
849 1865 917 1937 ἢν
943 1866 1104 1930 αὐτὸς
1121 1865 1167 1898 ⁵⁵
1190 1866 1542 1935 ἀπεκάλυψεν
1562 1868 1590 1919 6
1618 1865 1757 1920 Κάῖν

1868 1880 2024 1937 paena
2075 1876 2181 1929 est,
2222 1880 2382 1935 quam
2438 1864 2675 1934 prodidit
2713 1862 2938 1932 Cainus,
2979 1879 3102 1918 cum
3152 1863 3288 1919 dixit
3331 1883 3344 1920 :
3385 1863 3447 1919 Si

175 1958 344 2012 εἰπών
369 1973 384 1989 ·
433 1957 508 2013 El
535 1957 857 2024 ἐκϐάλλεις
883 1957 931 1990 ⁵³
960 1975 1035 2028 με
1059 1957 1176 2012 νῦν
1205 1957 1323 2012 ἀπὸ
1348 1957 1460 2025 τῆς
1491 1957 1626 2027 γῆς,
1661 1955 1762 2010 καὶ

177 2048 293 2103 εἰπό
321 2048 430 2103 τοῦ
461 2047 805 2118 προσώπουι
819 2063 937 2103 σου
965 2048 1359 2117 κρυϐήσομαι.
1389 2049 1454 2102 Ἦ
1487 2048 1760 2120 βαρυτάτη

182 2139 398 2202 κόλασις
419 2141 534 2202 τοῖς
563 2137 939 2209 σωφρονοῦσιν
965 2140 993 2192 6
1016 2138 1126 2192 ἀπὸ
1153 2137 1292 2192 Θεοῦ
1320 2139 1620 2212 χωρισμός.
1651 2140 1762 2195 Kal

182 2232 366 2292 ἔσται,
395 2230 589 2300 φησιν,
615 2227 734 2295 πᾶς
791 2231 824 2282 ὀ
859 2229 1158 2297 εὑρίσκων
1181 2244 1280 2298 με,
1311 2229 1634 2284 ἀποκτενεῖ
1663 2245 1762 2298 με.

187 2323 402 2385 Εἰκάζει
457 2323 526 2374 ἐκ
593 2318 689 2372 τοῦ
750 2318 1046 2374 ἀκολούθου
1094 2318 1204 2372 τῶν
1268 2320 1641 2390 προαγόντων.
1701 2320 1766 2373 Εἰ

183 2411 286 2466 ἀπὸ
327 2415 428 2483 τῆς
463 2409 937 2481 γῆςὲκὸέὸλημαι
964 2410 1034 2476 ⁵⁸,
1066 2413 1116 2464 εἰ
1163 2411 1273 2464 ἀπὸ
1324 2410 1419 2464 τοῦ
1471 2410 1764 2482 προσώπου

188 2521 274 2556 σου
325 2503 704 2573 κρυϐήσομαι,
751 2501 1000 2555 λείπεται
1025 2502 1133 2556 ἀπὸ
1169 2501 1370 2567 παντὸς
1399 2501 1764 2574 ἀναιρεῖσθαι.

187 2593 248 2643 Τί
269 2588 360 2645 οὖν
388 2595 418 2645 6
445 2591 690 2663 Ku'pto;;
724 2593 848 2662 Οὐχ
877 2592 1085 2659 οὕτως·
1116 2592 1229 2645 ἀλλ’
1253 2592 1408 2646 ἔθετο
1433 2595 1657 2664 σημεῖον
1679 2593 1766 2646 ἐπ’

179 2683 359 2736 αὑτόν·
393 2682 599 2752 ἑϐδόμη
631 2681 773 2753 αὔτη
807 2683 1065 2754 τιμωρία,
1088 2685 1151 2737 τὸ
1182 2683 1319 2755 μηδὲ
1353 2684 1399 2716 δ”
1427 2684 1767 2756 κρύπτεσθαι

185 2772 277 2841 τὴν
299 2774 599 2844 τιμωρίαν,
635 2773 770 2826 ἀλλά
803 2775 1015 2846 σημείῳ
1049 2777 1304 2848 προδήλῳ
1326 2777 1461 2831 πᾶσι
1486 2775 1533 2808 ⁸⁸
1566 2793 1768 2849 προκε-

189 2865 452 2937 κηρῦχθαι
479 2867 564 2920 ὅτι
596 2859 766 2931 Οὗτός
788 2869 939 2921 ἐστιν
985 2870 1014 2921 6
1047 2868 1156 2921 τῶν
1186 2869 1417 2923 ἀνοσίων
1456 2868 1636 2941 ἔργων
1669 2868 1768 2940 δη-

191 2957 462 3027 μιουργός.
500 2958 616 3011 Καὶ
647 2957 756 3028 γὰρ
783 2957 864 3028 τῷ
887 2959 932 2990 ⁴⁹
959 2957 1136 3028 ὀρθῶς
1155 2959 1492 3032 λογιζομένῳ
1524 2960 1571 2992 ιθ
1604 2960 1770 3032 βαρυο

191 3046 316 3111 siti;
345 3047 628 3100 κολάσεων
680 3045 936 3116 αἰσχύνη,
983 3049 1050 3119 ῆν
1098 3048 1192 3100 καὶ
1225 3048 1486 3118 περὶτῆς
1534 3049 1770 3120 κρίσεως

191 3137 589 3209 μεμαθήκαμεν
629 3138 713 3192 ὅτι
740 3138 786 3169 ⁸⁸
839 3130 1000 3192 Οὗτοι
1039 3138 1439 3210 ἀναστήσόνται
1488 3141 1566 3203 εἰς
1623 3138 1768 3210 ζωὴν

185 3229 397 3283 althme
437 3232 537 3283 καὶ
586 3222 733 3283 οὗτοι
774 3231 855 3293 εἰς
891 3231 1152 3301 αἰσχύνην
1177 3231 1272 3284 καὶ
1298 3231 1602 3303 ὀνειδισμὸν
1629 3232 1763 3284 αἰώ-

192 3337 314 3374 νιον.
359 3320 678 3375 ’Δκολουθεί
719 3321 897 3392 τούτῳ
951 3320 1170 3394 ζήτημα
1212 3323 1475 3393 συγγενὲς
1524 3322 1586 3377 τὸ
1617 3324 1766 3396 παρά

194 3408 279 3462 τοῦ
329 3412 528 3481 Λάμεχ
579 3413 701 3473 ταῖς
747 3409 994 3478 γυναιξὶν
1043 3413 1365 3483 εἰρημένον·
1399 3415 1529 3468 ’Ότι
1578 3414 1768 3485 ἄνδρα

193 3499 510 3555 ἀπέκτεινα
570 3501 671 3555 καί
731 3503 1064 3556 νεανίσκον
1119 3504 1164 3536 ⁵³
1197 3521 1210 3534 ·
1265 3506 1372 3558 τὸν
1423 3505 1620 3576 ἄνδρα
1677 3509 1767 3572 εις

195 3593 410 3662 τραῦμα
445 3593 548 3646 καί
578 3595 908 3670 νεανίσκον
937 3593 984 3625 ⁸³
1026 3597 1116 3662 είς
1145 3594 1429 3663 μώλωπα.
1462 3594 1628 3650 *Ἄλλο
1672 3594 1766 3652 οὖν

195 3682 426 3752 τραῦμα,
473 3684 574 3736 καὶ
605 3683 736 3736 ἄλλο
787 3681 1014 3754 μώλωψ,
1049 3685 1143 3737 καὶ
1166 3685 1292 3738 ἄλλο
1319 3685 1478 3757 ἀνὴρ,
1511 3688 1607 3740 καὶ
1637 3687 1768 3742 ἄλλο

191 3771 485 3834 νεανίσκος.
518 3772 641 3824 Ὅτι
679 3773 726 3823 εἰ
755 3772 819 3824 ὲκ
849 3772 992 3826 Κάῖν
1039 3772 1379 3844 ἐκδεδίκηται
1419 3774 1668 3841 ἑπτάκις,
1702 3777 1768 3830 ὲκ

198 3854 247 3908 δὲ
292 3857 483 3928 Λάμεχ
529 3857 993 3928 ἑϐδομηκοντάκις
1039 3858 1200 3922 ἐπτά,
1256 3861 1614 3931 τετρακοσίας
1673 3865 1768 3917 καὶ

197 3944 511 4016 ἐνενήκοντα
549 3946 597 3977 ⁸⁴
656 3947 924 4017 τιμωρίας
971 3948 1251 4018 ὑποσχεῖν,
1308 3952 1358 4002 εἰ
1411 3951 1486 4020 μὴ
1530 3951 1766 4020 δίκαιος,

198 4035 341 4106 εἴπερ
376 4036 567 4090 δικαία
599 4036 694 4089 τοῦ
736 4037 871 4091 Θεοῦ
911 4040 945 4109 ἡ
988 4037 1168 4110 κρίσις
1199 4041 1291 4093 ἐπὶ
1317 4040 1409 4094 τοῦ
1437 4043 1597 4106 Κάῖν,
1625 4043 1766 4098 ὥστε

202 4125 324 4179 ἑπτὰ
357 4129 524 4182 αὐτὸν
557 4128 820 4199 παρέχειν
847 4130 946 4194 τάς
973 4130 1257 4194 κολάσεις’
1295 4133 1324 4185 6
1376 4134 1474 4203 μὲν
1517 4134 1628 4206 γάρ
1657 4133 1768 4188 ὦσ-

204 4233 295 4291 περ
327 4220 371 4252 ⁸⁸
418 4221 525 4273 οὐκ
571 4220 775 4290 ἔμαθεν
821 4223 954 4292 παρ’
975 4221 1137 4275 ἄλλου
1174 4222 1236 4275 τὸ
1284 4223 1553 4291 φονεύειν,
1595 4224 1770 4289 οὕτως

203 4310 310 4364 οὐδὲ
331 4311 376 4342 ⁸⁸
425 4309 571 4366 εἶδεν
613 4312 886 4384 τιμωρίαν
915 4313 1188 4385 ὑπέχοντα
1212 4317 1501 4388 φονευτήν.
1545 4317 1686 4388 Ἐγὼ
1712 4319 1769 4373 δὲ

207 4402 255 4453 ὲν
284 4403 582 4477 ὀφθαλμοῖς
615 4404 755 4474 ἔχων
781 4405 876 4458 -τδν
913 4405 1168 4460 στένοντα
1214 4408 1308 4460 καὶ
1345 4409 1638 4481 τρέμοντα,
1675 4412 1770 4464 καὶ

204 4491 258 4542 τὸ
299 4494 528 4563 μέγεθος
566 4494 668 4564 τῆς
699 4494 869 4566 ὀργῆς
899 4495 994 4548 τοῦ
1037 4495 1195 4562 Θεοῦ,
1228 4497 1328 4550 οὐκ
1358 4500 1769 4571 ἐσωφρονίσθην

208 4580 274 4652 τῷ
301 4560 698 4656 ’ὑποδείγματα
733 4560 870 4642 ⁷ὅθεν
914 4587 1064 4654 ἄξιός
1111 4560 1227 4659 εἰμι
1273 4560 1632 4662 τετρακοσίας
1671 4560 1846 4648 κανυ

209 4671 515 4746 ἐνενήκοντα
544 4675 592 4707 ⁸⁸
623 4675 808 4730 δοῦναι
833 4677 1105 4742 κολάσεις.
1138 4680 1312 4734 Ἔνιοι
1346 4681 1404 4734 δὲ
1437 4683 1570 4755 πρὸς
1595 4683 1771 4738 τοιοῦ-

209 4779 288 4816 τον
309 4764 575 4840 ὥρμησαν
605 4767 783 4839 λόγον,
817 4768 919 4823 ούκ
956 4769 1232 4841 ἀπᾴδοντα
1261 4771 1356 4826 τοῦ
1391 4774 1774 4845 ἐκκλησιαστι-

209 4855 294 4909 ιοῦ
320 4858 611 4928 δόγματος,
637 4862 719 4914 ὅτι
766 4861 875 4916 ἀπὸ
917 4860 1011 4915 τοῦ
1054 4862 1195 4916 Κᾶῖν
1239 4864 1344 4929 ἕως
1371 4865 1464 4920 τοῦ
1496 4869 1772 4924 κατακλυ-

213 4947 336 5015 σμοῦ
363 4950 505 5004 έπτά
530 4951 972 5022 παρεληλύθασιν
1016 4953 1238 5022 γενεαί·
1267 4957 1362 5010 καὶ
1393 4958 1598 5024 εὐθέως
1634 4961 1774 5033 ἐπη-

213 5039 358 5110 νέχθη
383 5045 448 5114 τῇ
481 5045 552 5114 τῇ
572 5045 606 5114 ἠ
639 5043 878 5114 τιμωρία
901 5044 992 5097 διὰ
1022 5044 1082 5098 τὺ
1107 5047 1310 5118 πολλὴν
1335 5050 1590 5116 γενέσθαι
1614 5054 1773 5122 χύσιν

211 5129 296 5199 τῆς
321 5134 620 5206 ἁμαρτίας.
643 5136 718 5188 T6
764 5135 822 5190 δὲ
854 5137 1159 5209 ἁμάρτημα
1181 5138 1279 5193 τοῦ
1311 5141 1501 5214 Λάμεχ
1521 5144 1580 5197 οὐ
1605 5161 1776 5200 κατα-

213 5221 438 5294 κλυσμοῦ
480 5227 655 5281 δεῖται
676 5228 815 5301 πρὸς
845 5228 1161 5300 θεραπείαν,
1189 5230 1306 5285 ἀλλ’
1323 5233 1490 5288 αὐτοῦ
1545 5235 1639 5290 τοῦ
1695 5239 1774 5294 ατ-

218 5328 377 5380 ροντος
409 5318 508 5391 τὴν
539 5320 813 5391 ἁμαρτίαν
845 5322 939 5376 τοῦ
965 5321 1191 5392 κόσμου.
1220 5343 1240 5378 ι

1864 1957 2012 2026 ejicis
2042 1973 2124 2010 me
2152 1957 2305 2010 hodie
2331 1972 2363 2008 a
2399 1957 2536 2026 facie
2575 1963 2749 2020 terrm,
2778 1964 2828 2010 et
2850 1973 2882 2008 a
2921 1956 3059 2027 facie
3098 1965 3190 2010 tua
3223 1958 3445 2011 abscon-

1865 2050 1982 2103 dar.
2042 2048 2431 2104 Gravissimum
2494 2047 2597 2102 hoc
2655 2047 2982 2117 suppliciqu
3047 2049 3445 2118 prudentibus,

1866 2139 2085 2212 repulsa
2125 2155 2155 2193 ιι
2190 2139 2327 2195 facie
2357 2149 2412 2193 et
2459 2147 2756 2208 conspectu
2806 2137 2921 2193 Dei.
2970 2138 3038 2192 Et
3077 2141 3197 2204 erit,
3244 2141 3445 2210 inquit,

1867 2232 2037 2285 omnis
2079 2232 2169 2301 qui
2209 2247 2290 2284 me
2336 2231 2610 2293 invenerit,
2649 2229 2845 2285 occidet
2903 2247 3006 2285 me.
3057 2231 3344 2302 Conjectat
3381 2249 3450 2288 ex

1866 2322 2144 2394 prioribus
2175 2322 2373 2392 pinnis,
2407 2332 2819 2378 consecuturas.
2857 2321 2914 2378 Si
2949 2323 3102 2392 ejicis
3132 2340 3219 2379 me
3251 2341 3281 2379 a
3309 2324 3450 2380 facie

1869 2422 2048 2478 terrm,
2081 2413 2126 2467 si
2161 2429 2191 2467 a
2224 2412 2360 2469 facie
2399 2421 2488 2468 tua
2524 2428 2610 2468 me
2634 2412 2874 2484 repellis,
2905 2413 3035 2484 quid
3058 2416 3448 2484 superest-nisi

1868 2514 1930 2560 ut
1962 2506 2299 2576 proscriptus
2325 2521 2356 2560 ιι
2388 2505 2584 2575 quovis
2605 2504 2808 2574 possim
2837 2505 2988 2560 tolli?
3012 2505 3154 2572 Quid
3179 2521 3308 2578 ergo
3341 2507 3450 2562 Do-

1868 2594 2052 2651 minus
2080 2613 2092 2650 :
2123 2595 2242 2650 Non
2259 2597 2339 2650 ita
2362 2611 2381 2649 :
2407 2596 2502 2651 sed
2524 2595 2704 2666 posuit
2729 2598 2944 2668 sigrmm
2970 2596 3023 2651 in
3054 2597 3148 2652 illo
3181 2616 3195 2652 :
3221 2598 3451 2668 septima

1869 2688 1989 2744 haec
2042 2697 2126 2744 εει
2178 2702 2363 2758 poma.
2418 2687 2575 2754 Quo'd
2631 2696 2815 2743 autem
2868 2687 3279 2744 animadversio
3339 2705 3450 2744 non

1866 2782 2104 2847 occulta,
2133 2781 2231 2837 sed
2256 2789 2447 2850 aperto
2469 2779 2625 2850 signo
2641 2779 3012 2850 praenuntiata
3035 2779 3129 2846 sit,
3163 2780 3311 2835 hunc
3327 2795 3453 2835 esse
3565 2772 3575 2783 ’

1868 2887 2067 2942 nempe
2089 2871 2240 2926 illum
2264 2869 2759 2926 consceleratorum
2778 2867 3044 2924 factorum
3063 2868 3449 2932 architectum,

1871 2963 2180 3035 sapientum
2223 2961 2451 3033 judicio,
2501 2975 2786 3032 poenarum
2831 2961 3076 3016 omnium
3127 2961 3452 3032 gravissima

1865 3064 1958 3111 est
1985 3055 2056 3111 ob
2083 3053 2461 3126 ignominiam,
2493 3066 2654 3122 quam
2681 3066 2748 3106 ex
2780 3049 2970 3105 ultimo
3000 3066 3216 3121 quoque
3244 3051 3454 3121 judicio

1876 3147 2190 3203 existimare
2223 3159 2534 3216 possumus,
2565 3143 2784 3214 quando
2814 3143 2868 3198 hi
2895 3152 3182 3214 resnrgent
3208 3143 3261 3196 in
3289 3142 3451 3196 \itam

1876 3246 2160 3302 aeternam,
2202 3245 2260 3291 et
2300 3235 2375 3290 illi
2408 3235 2463 3289 in
2503 3234 2855 3306 ignominiam
2895 3233 3305 3304 sempiternam.
3352 3235 3453 3287 δυ-
3499 3220 3508 3229 ’

1875 3328 2062 3399 quitur
2084 3326 2210 3382 huic
2238 3340 2448 3380 annexa
2468 3325 2716 3394 quaestio,
2736 3323 2866 3394 quid
2883 3323 2955 3377 sit
2978 3323 3121 3392 quod
3148 3323 3453 3378 Lameclius

1875 3417 2136 3472 uxoribus
2170 3413 2283 3469 suis
2321 3413 2456 3468 dixit
2501 3430 2514 3466 :
2559 3411 2825 3478 Quoniam
2876 3412 3048 3464 virum
3098 3412 3352 3483 inteifeci.
3404 3422 3455 3464 et

1871 3509 2115 3579 juvenem
2159 3508 2218 3560 in
2258 3507 2494 3560 livorem.
2549 3503 2710 3558 Aliud
2752 3518 2883 3575 ergo
2937 3504 3156 3569 vulnus,
3209 3513 3264 3559 et
3310 3503 3450 3559 aliud

1876 3597 2034 3664 livor,
2063 3605 2119 3652 et
2149 3595 2298 3651 aliud
2335 3596 2440 3663 vir,
2474 3605 2529 3652 et
2557 3595 2703 3651 aliud
2737 3595 3080 3651 adolescens.
3117 3594 3272 3662 Quod
3304 3595 3350 3651 si
3383 3596 3455 3650 ob

1875 3688 2104 3745 Cainum
2149 3688 2486 3760 septemplex
2517 3703 2680 3760 pmna
2710 3688 2928 3744 decreta
2967 3697 3071 3754 est,
3103 3699 3168 3743 ex
3199 3689 3454 3743 Lamecbi

1876 3779 2026 3834 caede
2052 3778 2362 3849 septuagies
2384 3787 2608 3850 septena
2637 3778 2964 3834 decernetur
2997 3797 3009 3833 :
3048 3778 3093 3833 si
3125 3767 3325 3850 impius
3344 3779 3454 3834 fuit

1875 3869 2098 3935 Cainus,
2130 3870 2174 3924 si
2211 3869 2362 3940 pium
2393 3879 2449 3924 et
2476 3885 2693 3940 aequum
2730 3869 2994 3940 judicium
3035 3870 3128 3924 Dei
3157 3869 3224 3924 de
3261 3871 3454 3934 Cainn,

1877 3970 1938 4016 ut
1981 3960 2409 4032 septemgemina
2448 3976 2608 4030 poena
2642 3961 2994 4030 plecteretur,
3027 3961 3073 4015 is
3118 3961 3262 4015 enim
3306 3963 3457 4016 nullo

1876 4053 2132 4122 exemplo
2169 4053 2374 4108 caedem
2420 4052 2750 4122 designavit,
2801 4052 2905 4108 iste
2949 4068 3076 4107 vero
3117 4053 3253 4106 vidit
3289 4054 3454 4108 etiam

1877 4143 2200 4214 parricidam
2241 4157 2459 4212 pmnam
2512 4141 2768 4197 subiisse.
2822 4143 2936 4213 Ego
2975 4158 3108 4198 vero
3151 4145 3222 4199 ob
3269 4146 3456 4200 oculos

1878 4233 2012 4289 mihi
2040 4241 2345 4287 versantem
2381 4231 2566 4287 videre
2597 4247 2814 4302 semper
2842 4233 3031 4288 videor
3061 4245 3368 4304 gementem
3402 4247 3458 4291 et

1880 4333 2203 4381 trementem
2238 4324 2490 4392 Cainum,
2518 4325 2952 4395 immensamque
2979 4325 3072 4381 Dei
3101 4327 3237 4382 iram
3267 4338 3325 4384 et
3357 4329 3456 4384 fu—

1879 4435 2082 4486 rorem,
2131 4435 2234 4475 nec
2279 4427 2457 4474 tamen
2511 4419 2762 4490 exemplo
2804 4433 2997 4490 sapere
3034 4420 3198 4474 didici
3243 4437 3256 4474 :
3311 4421 3456 4476 unde

1878 4515 2074 4585 dignus
2105 4528 2224 4569 sum
2252 4513 2662 4584 quadringentis
2689 4512 2979 4584 nonaginta
3003 4512 3192 4582 plagis.
3223 4511 3454 4578 Quidam

1872 4616 2056 4660 tamen
2077 4605 2144 4660 ad
2171 4605 2547 4674 hujuscemodi
2568 4605 2834 4660 rationem
2862 4605 3134 4676 progressi
3157 4615 3306 4668 sunt,
3334 4622 3456 4675 quae

1869 4692 2090 4764 quidem
2109 4693 2179 4747 ab
2204 4692 2576 4748 ecclesiastica
2594 4691 2843 4747 doctrina
2876 4693 3100 4747 minime
3130 4702 3212 4746 est
3231 4693 3404 4747 aliena
3437 4710 3452 4746 :

1870 4798 1901 4837 a
1932 4781 2104 4838 Caino
2132 4796 2330 4851 nempe
2368 4797 2540 4853 usque
2574 4782 2638 4836 ad
2673 4782 2933 4837 diluvium
2985 4792 3193 4851 septem
3231 4798 3457 4852 genera-

1873 4874 2052 4930 tiones
2081 4873 2433 4945 praet'eriisse,
2468 4883 2523 4928 et
2560 4874 2686 4928 inde
2719 4873 3004 4929 confestim
3046 4876 3205 4928 terris
3238 4891 3454 4945 poenam

1879 4975 2106 5037 propter
2143 4965 2388 5020 omnium
2436 4972 2785 5035 peccatorum
2822 4965 3187 5020 colluvionem
3228 4975 3283 5022 et
3323 4982 3459 5020 con-
3550 5005 3556 5030 ε

1883 5057 2151 5114 fusionem
2177 5056 2400 5112 illatam.
2436 5056 2689 5112 Lameclii
2723 5071 2883 5126 porro
2913 5056 3170 5111 delictum
3207 5057 3270 5112 ad
3302 5073 3461 5113 cura-

1886 5149 2087 5221 tionem
2119 5149 2448 5220 cataclysmo
2483 5165 2588 5204 non
2629 5147 2923 5220 indigebat,
2959 5148 3053 5204 sed
3083 5149 3174 5203 illo
3214 5149 3330 5219 ipso
3365 5152 3459 5222 qui
3541 5223 3547 5232 _

1883 5241 2022 5297 tollit
2049 5251 2270 5313 peccata
2302 5243 2510 5299 mundi.
2551 5261 2570 5294 ι

1497 5491 1735 5548 VARIJE
1765 5494 2165 5550 LECTlONES.
2337 5551 2341 5556 .

279 5565 316 5664 ζ’
341 5567 438 5640 τὴν
467 5586 578 5626 om.
611 5572 672 5627 P.
752 5572 1050 5695 δ’ὅῤαίως.
1080 5577 1254 5642 ἀδεῶς
1282 5581 1342 5636 Ρ.
1418 5583 1464 5615 ⁸³
1495 5586 1818 5650 ἀναγκαίοις
1865 5587 1924 5643 P.
1973 5590 2239 5656 ἀνάγκαις
2294 5589 2357 5644 Β.
2436 5590 2482 5621 ⁵³
2514 5590 2672 5656 αὐτὸς
2701 5606 2811 5645 om.
2859 5588 2920 5643 Ρ.
3024 5591 3067 5621 ⁸⁵
3095 5589 3362 5658 ἐκδάλλης
3395 5587 3457 5642 V.

283 5639 508 5696 ικϐέολη
543 5660 608 5696 με
639 5643 704 5696 γ.
733 5643 800 5696 ἐκ
839 5631 1076 5696 έδληκάε
1110 5666 1176 5696 ua
1211 5649 1270 5696 P-
1305 5653 1322 5670 '
1345 5655 1389 5686 ιτ
1421 5655 1492 5696 ιιιῆ
1521 5656 1574 5696 δὲ
1611 5654 1666 5696 v,
1703 5655 1758 5696 sa
1796 5659 1865 5696 ..ιι
1897 5657 1934 5696 ι)
2061 5660 2105 5690 ιιι
2137 5662 2264 5696 ns...
2304 5676 2390 5696 ,πη
2448 5659 2484 5696 n
2563 5685 2574 5691 .
2611 5663 2652 5693 ις
2681 5662 2756 5696 ...τι
2809 5661 2870 5696 φλ
2900 5659 2975 5696 nv
3105 5662 3151 5691 ao
3182 5658 3457 5696 ιηνιινηιά-

218 5633 257 5665 ⁸⁸
283 5633 508 5712 ὲκρέολῃ
543 5660 608 5712 με
639 5643 704 5707 V,
733 5643 800 5696 ἐκ

218 5719 308 5756 νων
471 5707 519 5743 τι
542 5707 629 5764 ὅτε
656 5712 716 5770 Ρ.
791 5715 839 5745 ⁸²
870 5707 1244 5780 νεᾴνιανίσκον
1275 5724 1338 5780 V.

219 5788 314 5830 oni.
343 5777 396 5832 Ρ.
477 5782 526 5812 ⁸⁴
550 5782 718 5846 οὕτως
746 5783 887 5836 οὐδὲ.
914 5779 1068 5849 οὗτος
1099 5788 1153 5841 δὲ
1187 5790 1244 5843 l’.

405 5871 675 5931 Pa'l'nnL.
731 5875 774 5930 G
789 5895 820 5932 ιι
835 5923 848 5933 .
886 5875 1062 5935 XCII.

905 5646 1076 5716 ληκάς
1099 5666 1176 5730 ,με
1210 5649 1322 5730 P.__‘
1345 5655 1389 5686 ιτ
1419 5655 1492 5730 μὴ
1521 5656 1576 5730 δι
1611 5646 1670 5730 ν,
1703 5655 1761 5730 ξι
1795 5646 1867 5730 μὴ
1897 5657 1955 5712 P.

1449 5727 1494 5758 ⁵³
1523 5728 1613 5779 τὸν
1641 5726 1805 5798 ἄνδρα
1838 5726 1904 5769 ἐ-
1929 5730 2208 5782 νεανίσκον
2244 5747 2352 5786 οιιι.
2399 5733 2456 5786 l’.

2061 5660 2105 5731 ἑκ
2137 5662 2268 5712 πᾶσι
2304 5659 2504 5723 οιη.,Ρ.
2563 5685 2574 5691 -
2611 5663 2652 5693 ⁸⁹
2681 5662 2774 5731 τῷ.
2809 5661 2870 5711 τὸ
2899 5659 3003 5712 ιιι.
3053 5662 3151 5731 “5°
3182 5658 3462 5731 λογιζομέ-

2551 5733 2592 5766 ⁵¹⁵
2628 5727 2981 5802 ἐννενήκοντα
3009 5729 3112 5788 PV,
3149 5800 3154 5806 Ι
3205 5730 3253 5760 ⁸³
3274 5727 3462 5801 ὥσπερ

3079 5888 3146 5948 19
