  <div class='ocr_page' id='page_1' title='image "/cluster/home/n/w/nwhite01/storage/ocr_20150623/92/hvd.32044073502080/454.png"; bbox 0 0 3858 6338; ppageno 0'>
   <div class='ocr_carea' id='block_1_1' title="bbox 294 371 395 432">
    <p class='ocr_par' dir='ltr' id='par_1_1' title="bbox 294 371 395 432">
     <span class='ocr_line' id='line_1_1' title="bbox 294 371 395 432; baseline 0 0"><span class='ocrx_word' id='word_1_1' title='bbox 294 371 395 432; x_wconf 77' lang='lat'><strong>705</strong></span> 
     </span>
    </p>
   </div>
   <div class='ocr_carea' id='block_1_2' title="bbox 1457 363 2333 428">
    <p class='ocr_par' dir='ltr' id='par_1_2' title="bbox 1457 363 2333 428">
     <span class='ocr_line' id='line_1_2' title="bbox 1457 363 2333 428; baseline -0.008 0"><span class='ocrx_word' id='word_1_2' title='bbox 1457 364 1890 428; x_wconf 71' lang='lat' dir='ltr'><strong>CllRONlCON</strong></span> <span class='ocrx_word' id='word_1_3' title='bbox 1932 363 2333 423; x_wconf 58' lang='lat' dir='ltr'><strong>P-XSCIIALE.</strong></span> 
     </span>
    </p>
   </div>
   <div class='ocr_carea' id='block_1_3' title="bbox 3430 367 3538 430">
    <p class='ocr_par' dir='ltr' id='par_1_3' title="bbox 3430 367 3538 430">
     <span class='ocr_line' id='line_1_3' title="bbox 3430 367 3538 430; baseline 0.009 -1"><span class='ocrx_word' id='word_1_4' title='bbox 3430 367 3538 430; x_wconf 84' lang='lat'><strong>706</strong></span> 
     </span>
    </p>
   </div>
   <div class='ocr_carea' id='block_1_4' title="bbox 291 470 1856 548">
    <p class='ocr_par' dir='ltr' id='par_1_4' title="bbox 291 470 1856 548">
     <span class='ocr_line' id='line_1_4' title="bbox 291 470 1856 548; baseline -0.005 -16"><span class='ocrx_word' id='word_1_5' title='bbox 291 477 547 532; x_wconf 70' lang='lat' dir='ltr'><strong>xawa&#39;t‘ltta</strong></span> <span class='ocrx_word' id='word_1_6' title='bbox 590 477 635 508; x_wconf 76' lang='lat'><strong>”</strong></span> <span class='ocrx_word' id='word_1_7' title='bbox 675 476 810 531; x_wconf 77' lang='grc' dir='ltr'><strong>πάνυ</strong></span> <span class='ocrx_word' id='word_1_8' title='bbox 847 478 1080 548; x_wconf 77' lang='grc' dir='ltr'><strong>φαιδρῶς</strong></span> <span class='ocrx_word' id='word_1_9' title='bbox 1130 479 1221 530; x_wconf 76' lang='grc' dir='ltr'><strong>καὶ</strong></span> <span class='ocrx_word' id='word_1_10' title='bbox 1257 478 1569 546; x_wconf 75' lang='grc' dir='ltr'><strong>φιλοτίμως,</strong></span> <span class='ocrx_word' id='word_1_11' title='bbox 1596 470 1708 526; x_wconf 63' lang='grc' dir='ltr'><strong>ὀιαὶ</strong></span> <span class='ocrx_word' id='word_1_12' title='bbox 1757 474 1856 524; x_wconf 78' lang='grc' dir='ltr'><strong>τῶν</strong></span> 
     </span>
    </p>
   </div>
   <div class='ocr_carea' id='block_1_5' title="bbox 1983 470 3540 548">
    <p class='ocr_par' dir='ltr' id='par_1_5' title="bbox 1983 470 3540 542">
     <span class='ocr_line' id='line_1_5' title="bbox 1983 470 3540 542; baseline 0.003 -20"><span class='ocrx_word' id='word_1_13' title='bbox 1983 471 2155 525; x_wconf 72' lang='lat' dir='ltr'><strong>Romae</strong></span> <span class='ocrx_word' id='word_1_14' title='bbox 2191 470 2494 525; x_wconf 71' lang='lat' dir='ltr'><strong>Vicennalia</strong></span> <span class='ocrx_word' id='word_1_15' title='bbox 2525 471 2652 542; x_wconf 80' lang='lat' dir='ltr'><strong>egit,</strong></span> <span class='ocrx_word' id='word_1_16' title='bbox 2681 471 2946 528; x_wconf 88' lang='lat' dir='ltr'><strong>artiﬁcum</strong></span> <span class='ocrx_word' id='word_1_17' title='bbox 2968 486 3182 541; x_wconf 87' lang='lat' dir='ltr'><strong>quoque</strong></span> <span class='ocrx_word' id='word_1_18' title='bbox 3213 487 3276 526; x_wconf 89' lang='lat' dir='ltr'><strong>ac</strong></span> <span class='ocrx_word' id='word_1_19' title='bbox 3309 473 3540 527; x_wconf 79' lang='lat' dir='ltr'><strong>tributa-</strong></span> 
     </span>
    </p>
   </div>
   <div class='ocr_carea' id='block_1_6' title="bbox 287 567 1866 638">
    <p class='ocr_par' dir='ltr' id='par_1_6' title="bbox 287 567 1866 638">
     <span class='ocr_line' id='line_1_6' title="bbox 287 567 1866 638; baseline -0.004 -16"><span class='ocrx_word' id='word_1_20' title='bbox 287 568 549 638; x_wconf 67' lang='grc' dir='ltr'><strong>τεχνιτῶν</strong></span> <span class='ocrx_word' id='word_1_21' title='bbox 573 570 616 599; x_wconf 80' lang='grc'><strong>⁸⁵</strong></span> <span class='ocrx_word' id='word_1_22' title='bbox 653 569 744 621; x_wconf 71' lang='grc' dir='ltr'><strong>καὶ</strong></span> <span class='ocrx_word' id='word_1_23' title='bbox 775 569 1142 622; x_wconf 86' lang='grc' dir='ltr'><strong>συντελεστῶν</strong></span> <span class='ocrx_word' id='word_1_24' title='bbox 1173 571 1240 622; x_wconf 72' lang='grc' dir='ltr'><strong>τὰ</strong></span> <span class='ocrx_word' id='word_1_25' title='bbox 1264 568 1612 637; x_wconf 75' lang='grc' dir='ltr'><strong>ἐπιτάγματα</strong></span> <span class='ocrx_word' id='word_1_26' title='bbox 1654 567 1866 634; x_wconf 84' lang='grc' dir='ltr'><strong>περιεῖ-</strong></span> 
     </span>
    </p>
   </div>
   <div class='ocr_carea' id='block_1_7' title="bbox 286 653 1868 726">
    <p class='ocr_par' dir='ltr' id='par_1_7' title="bbox 286 653 1868 726">
     <span class='ocr_line' id='line_1_7' title="bbox 286 653 1868 726; baseline -0.004 -16"><span class='ocrx_word' id='word_1_27' title='bbox 286 662 379 710; x_wconf 85' lang='grc' dir='ltr'><strong>λεν</strong></span> <span class='ocrx_word' id='word_1_28' title='bbox 412 656 506 710; x_wconf 86' lang='grc' dir='ltr'><strong>τοῦ</strong></span> <span class='ocrx_word' id='word_1_29' title='bbox 541 656 786 710; x_wconf 74' lang='grc' dir='ltr'><strong>ἐνιαυτοῦ</strong></span> <span class='ocrx_word' id='word_1_30' title='bbox 812 658 910 722; x_wconf 82' lang='grc' dir='ltr'><strong>τῆς</strong></span> <span class='ocrx_word' id='word_1_31' title='bbox 941 657 1110 726; x_wconf 81' lang='grc' dir='ltr'><strong>αὐτῆς</strong></span> <span class='ocrx_word' id='word_1_32' title='bbox 1135 655 1594 726; x_wconf 82' lang='grc' dir='ltr'><strong>εἰκοσαετηρίδος,</strong></span> <span class='ocrx_word' id='word_1_33' title='bbox 1624 653 1718 706; x_wconf 74' lang='grc' dir='ltr'><strong>καὶ</strong></span> <span class='ocrx_word' id='word_1_34' title='bbox 1746 655 1868 715; x_wconf 88' lang='grc' dir='ltr'><strong>ταῖς</strong></span> 
     </span>
    </p>
   </div>
   <div class='ocr_carea' id='block_1_8' title="bbox 284 747 1488 818">
    <p class='ocr_par' dir='ltr' id='par_1_8' title="bbox 284 747 1488 818">
     <span class='ocr_line' id='line_1_8' title="bbox 284 747 1488 818; baseline -0.001 -17"><span class='ocrx_word' id='word_1_35' title='bbox 284 749 520 803; x_wconf 78' lang='grc' dir='ltr'><strong>καθόλου</strong></span> <span class='ocrx_word' id='word_1_36' title='bbox 565 747 910 817; x_wconf 80' lang='grc' dir='ltr'><strong>Ἑκκλησίαις</strong></span> <span class='ocrx_word' id='word_1_37' title='bbox 960 747 1129 800; x_wconf 77' lang='grc' dir='ltr'><strong>πολλὰ</strong></span> <span class='ocrx_word' id='word_1_38' title='bbox 1157 747 1488 818; x_wconf 78' lang='grc' dir='ltr'><strong>ἐδωρήσατο.</strong></span> 
     </span>
    </p>
   </div>
   <div class='ocr_carea' id='block_1_9' title="bbox 353 835 1870 910">
    <p class='ocr_par' dir='ltr' id='par_1_9' title="bbox 353 835 1870 910">
     <span class='ocr_line' id='line_1_9' title="bbox 353 835 1870 910; baseline -0.004 -16"><span class='ocrx_word' id='word_1_39' title='bbox 353 842 764 901; x_wconf 74' lang='grc' dir='ltr'><strong>Κωνσταντῐνος</strong></span> <span class='ocrx_word' id='word_1_40' title='bbox 797 836 1037 910; x_wconf 84' lang='grc' dir='ltr'><strong>Νικητὴς</strong></span> <span class='ocrx_word' id='word_1_41' title='bbox 1068 837 1377 907; x_wconf 74' lang='grc' dir='ltr'><strong>Αὔγουστος</strong></span> <span class='ocrx_word' id='word_1_42' title='bbox 1399 838 1491 890; x_wconf 79' lang='grc' dir='ltr'><strong>τὸν</strong></span> <span class='ocrx_word' id='word_1_43' title='bbox 1519 836 1627 890; x_wconf 87' lang='grc' dir='ltr'><strong>τῶν</strong></span> <span class='ocrx_word' id='word_1_44' title='bbox 1661 835 1870 903; x_wconf 83' lang='grc' dir='ltr'><strong>Ἀδρια-</strong></span> 
     </span>
    </p>
   </div>
   <div class='ocr_carea' id='block_1_10' title="bbox 169 919 1870 999">
    <p class='ocr_par' dir='ltr' id='par_1_10' title="bbox 169 919 1870 999">
     <span class='ocr_line' id='line_1_10' title="bbox 169 919 1870 999; baseline -0.005 -13"><span class='ocrx_word' id='word_1_45' title='bbox 169 919 188 925; x_wconf 63' lang='grc'><em>’</em></span> <span class='ocrx_word' id='word_1_46' title='bbox 282 931 580 985; x_wconf 86' lang='grc' dir='ltr'><strong>νοπολιτῶν</strong></span> <span class='ocrx_word' id='word_1_47' title='bbox 602 931 710 998; x_wconf 81' lang='grc'>(91)</span> <span class='ocrx_word' id='word_1_48' title='bbox 732 930 967 998; x_wconf 80' lang='grc' dir='ltr'><strong>πόλεμον</strong></span> <span class='ocrx_word' id='word_1_49' title='bbox 986 928 1221 999; x_wconf 84' lang='grc' dir='ltr'><strong>θραύσας</strong></span> <span class='ocrx_word' id='word_1_50' title='bbox 1238 929 1342 999; x_wconf 77' lang='grc' dir='ltr'><strong>πρὸ</strong></span> <span class='ocrx_word' id='word_1_51' title='bbox 1361 935 1400 981; x_wconf 86' lang='grc' dir='ltr'><strong>ε’</strong></span> <span class='ocrx_word' id='word_1_52' title='bbox 1425 926 1715 982; x_wconf 80' lang='grc' dir='ltr'>Καλανδῶν</span> <span class='ocrx_word' id='word_1_53' title='bbox 1743 927 1870 978; x_wconf 88' lang='grc' dir='ltr'><strong>Ἰου-</strong></span> 
     </span>
    </p>
   </div>
   <div class='ocr_carea' id='block_1_11' title="bbox 282 1015 1870 1088">
    <p class='ocr_par' dir='ltr' id='par_1_11' title="bbox 282 1015 1870 1088">
     <span class='ocr_line' id='line_1_11' title="bbox 282 1015 1870 1088; baseline -0.009 -16"><span class='ocrx_word' id='word_1_54' title='bbox 282 1021 437 1082; x_wconf 79' lang='grc' dir='ltr'>λίων,</span> <span class='ocrx_word' id='word_1_55' title='bbox 454 1019 547 1072; x_wconf 68' lang='grc' dir='ltr'><strong>καὶ</strong></span> <span class='ocrx_word' id='word_1_56' title='bbox 561 1020 646 1070; x_wconf 83' lang='grc' dir='ltr'><strong>τὸν</strong></span> <span class='ocrx_word' id='word_1_57' title='bbox 658 1018 703 1050; x_wconf 84' lang='grc'><strong>¹⁶</strong></span> <span class='ocrx_word' id='word_1_58' title='bbox 715 1018 1087 1087; x_wconf 78' lang='grc' dir='ltr'><strong>Καλχηδονίων</strong></span> <span class='ocrx_word' id='word_1_59' title='bbox 1103 1018 1147 1049; x_wconf 76' lang='grc'><strong>’⁷</strong></span> <span class='ocrx_word' id='word_1_60' title='bbox 1163 1017 1270 1088; x_wconf 70' lang='grc'>(92)</span> <span class='ocrx_word' id='word_1_61' title='bbox 1300 1017 1541 1086; x_wconf 86' lang='grc' dir='ltr'><strong>πόλεμον</strong></span> <span class='ocrx_word' id='word_1_62' title='bbox 1576 1017 1810 1086; x_wconf 71' lang='grc' dir='ltr'><strong>ἡττήσας</strong></span> <span class='ocrx_word' id='word_1_63' title='bbox 1826 1015 1870 1078; x_wconf 54' lang='grc' dir='ltr'><strong>ιε</strong></span> 
     </span>
    </p>
   </div>
   <div class='ocr_carea' id='block_1_12' title="bbox 283 1103 1871 1179">
    <p class='ocr_par' dir='ltr' id='par_1_12' title="bbox 283 1103 1871 1179">
     <span class='ocr_line' id='line_1_12' title="bbox 283 1103 1871 1179; baseline -0.004 -18"><span class='ocrx_word' id='word_1_64' title='bbox 283 1110 396 1179; x_wconf 73' lang='grc' dir='ltr'><strong>πρὸ</strong></span> <span class='ocrx_word' id='word_1_65' title='bbox 432 1109 492 1161; x_wconf 85' lang='grc' dir='ltr'><strong>ιδ’</strong></span> <span class='ocrx_word' id='word_1_66' title='bbox 515 1107 804 1161; x_wconf 75' lang='grc' dir='ltr'>Καλανδῶν</span> <span class='ocrx_word' id='word_1_67' title='bbox 833 1107 1198 1178; x_wconf 77' lang='grc' dir='ltr'><strong>Ὀκτωϐρίων,</strong></span> <span class='ocrx_word' id='word_1_68' title='bbox 1222 1107 1466 1176; x_wconf 81' lang='grc' dir='ltr'><strong>Κρίσπον</strong></span> <span class='ocrx_word' id='word_1_69' title='bbox 1492 1104 1601 1175; x_wconf 80' lang='grc'>(95)</span> <span class='ocrx_word' id='word_1_70' title='bbox 1627 1104 1715 1156; x_wconf 86' lang='grc' dir='ltr'><strong>τὸν</strong></span> <span class='ocrx_word' id='word_1_71' title='bbox 1741 1103 1871 1156; x_wconf 76' lang='grc' dir='ltr'><strong>(διον</strong></span> 
     </span>
    </p>
   </div>
   <div class='ocr_carea' id='block_1_13' title="bbox 286 1193 1866 1269">
    <p class='ocr_par' dir='ltr' id='par_1_13' title="bbox 286 1193 1866 1269">
     <span class='ocr_line' id='line_1_13' title="bbox 286 1193 1866 1269; baseline -0.003 -17"><span class='ocrx_word' id='word_1_72' title='bbox 286 1201 429 1264; x_wconf 80' lang='grc' dir='ltr'><strong>υιδν,</strong></span> <span class='ocrx_word' id='word_1_73' title='bbox 459 1199 716 1269; x_wconf 80' lang='grc' dir='ltr'><strong>Καίσαρα</strong></span> <span class='ocrx_word' id='word_1_74' title='bbox 747 1197 876 1252; x_wconf 75' lang='grc' dir='ltr'><strong>ὄντα</strong></span> <span class='ocrx_word' id='word_1_75' title='bbox 907 1198 1000 1251; x_wconf 76' lang='grc' dir='ltr'><strong>καὶ</strong></span> <span class='ocrx_word' id='word_1_76' title='bbox 1027 1196 1384 1266; x_wconf 79' lang='grc' dir='ltr'><strong>διαϐληθέντα</strong></span> <span class='ocrx_word' id='word_1_77' title='bbox 1437 1196 1604 1266; x_wconf 79' lang='grc' dir='ltr'><strong>αὐτῷ,</strong></span> <span class='ocrx_word' id='word_1_78' title='bbox 1642 1193 1866 1248; x_wconf 78' lang='grc' dir='ltr'><strong>ἀνεῖλεν.</strong></span> 
     </span>
    </p>
   </div>
   <div class='ocr_carea' id='block_1_14' title="bbox 359 1285 1866 1360">
    <p class='ocr_par' dir='ltr' id='par_1_14' title="bbox 359 1285 1866 1360">
     <span class='ocr_line' id='line_1_14' title="bbox 359 1285 1866 1360; baseline -0.004 -18"><span class='ocrx_word' id='word_1_79' title='bbox 359 1291 453 1360; x_wconf 81' lang='grc' dir='ltr'><strong>Τῷ</strong></span> <span class='ocrx_word' id='word_1_80' title='bbox 497 1291 645 1360; x_wconf 79' lang='grc' dir='ltr'><strong>αὐτῷ</strong></span> <span class='ocrx_word' id='word_1_81' title='bbox 671 1289 782 1344; x_wconf 86' lang='grc' dir='ltr'><strong>ἔτει</strong></span> <span class='ocrx_word' id='word_1_82' title='bbox 809 1291 921 1359; x_wconf 71' lang='grc'>(94)</span> <span class='ocrx_word' id='word_1_83' title='bbox 952 1291 1366 1350; x_wconf 83' lang='grc' dir='ltr'><strong>Κωνσταντῖνος</strong></span> <span class='ocrx_word' id='word_1_84' title='bbox 1395 1289 1742 1358; x_wconf 86' lang='grc' dir='ltr'><strong>μοναρχήσας</strong></span> <span class='ocrx_word' id='word_1_85' title='bbox 1771 1285 1866 1354; x_wconf 86' lang='grc' dir='ltr'><strong>βα-</strong></span> 
     </span>
    </p>
   </div>
   <div class='ocr_carea' id='block_1_15' title="bbox 288 1374 1869 1450">
    <p class='ocr_par' dir='ltr' id='par_1_15' title="bbox 288 1374 1869 1450">
     <span class='ocr_line' id='line_1_15' title="bbox 288 1374 1869 1450; baseline -0.006 -16"><span class='ocrx_word' id='word_1_86' title='bbox 288 1381 474 1442; x_wconf 77' lang='grc' dir='ltr'><strong>σιλεὺς</strong></span> <span class='ocrx_word' id='word_1_87' title='bbox 503 1381 602 1450; x_wconf 84' lang='grc' dir='ltr'><strong>τῆς</strong></span> <span class='ocrx_word' id='word_1_88' title='bbox 647 1379 932 1450; x_wconf 82' lang='grc' dir='ltr'><strong>Ῥωμαίων</strong></span> <span class='ocrx_word' id='word_1_89' title='bbox 966 1380 1140 1449; x_wconf 83' lang='grc' dir='ltr'><strong>ἀρχῆς</strong></span> <span class='ocrx_word' id='word_1_90' title='bbox 1172 1379 1353 1448; x_wconf 80' lang='grc' dir='ltr'>πάσης</span> <span class='ocrx_word' id='word_1_91' title='bbox 1384 1378 1560 1431; x_wconf 82' lang='grc' dir='ltr'><strong>πάντα</strong></span> <span class='ocrx_word' id='word_1_92' title='bbox 1581 1377 1649 1430; x_wconf 76' lang='grc' dir='ltr'><strong>τὰ</strong></span> <span class='ocrx_word' id='word_1_93' title='bbox 1673 1374 1869 1428; x_wconf 81' lang='grc' dir='ltr'><strong>εἴδωλα</strong></span> 
     </span>
    </p>
   </div>
   <div class='ocr_carea' id='block_1_16' title="bbox 285 1464 1868 1543">
    <p class='ocr_par' dir='ltr' id='par_1_16' title="bbox 285 1464 1868 1543">
     <span class='ocr_line' id='line_1_16' title="bbox 285 1464 1868 1543; baseline -0.008 -17"><span class='ocrx_word' id='word_1_94' title='bbox 285 1472 565 1543; x_wconf 76' lang='grc' dir='ltr'><strong>πανταχοῦ</strong></span> <span class='ocrx_word' id='word_1_95' title='bbox 595 1472 981 1542; x_wconf 78' lang='grc' dir='ltr'><strong>κατέστρεψεν,</strong></span> <span class='ocrx_word' id='word_1_96' title='bbox 1005 1469 1100 1522; x_wconf 66' lang='grc' dir='ltr'><strong>καὶ⁸</strong></span> <span class='ocrx_word' id='word_1_97' title='bbox 1130 1469 1306 1522; x_wconf 74' lang='grc' dir='ltr'><strong>πάντα</strong></span> <span class='ocrx_word' id='word_1_98' title='bbox 1331 1466 1510 1521; x_wconf 80' lang='grc' dir='ltr'><strong>αὐτῶν</strong></span> <span class='ocrx_word' id='word_1_99' title='bbox 1538 1465 1796 1536; x_wconf 85' lang='grc' dir='ltr'><strong>ἀφείλατο</strong></span> <span class='ocrx_word' id='word_1_100' title='bbox 1821 1464 1868 1494; x_wconf 75' lang='grc' dir='ltr'><strong><em>η</em></strong></span> 
     </span>
    </p>
   </div>
   <div class='ocr_carea' id='block_1_17' title="bbox 286 1554 1871 1642">
    <p class='ocr_par' dir='ltr' id='par_1_17' title="bbox 286 1554 1871 1642">
     <span class='ocr_line' id='line_1_17' title="bbox 286 1554 1871 1642; baseline -0.006 -25"><span class='ocrx_word' id='word_1_101' title='bbox 286 1565 356 1617; x_wconf 82' lang='grc' dir='ltr'><strong>τὰ</strong></span> <span class='ocrx_word' id='word_1_102' title='bbox 401 1565 683 1642; x_wconf 57' lang='grc' dir='ltr'><strong>χρήματα,</strong></span> <span class='ocrx_word' id='word_1_103' title='bbox 714 1562 809 1615; x_wconf 75' lang='grc' dir='ltr'><strong>καὶ</strong></span> <span class='ocrx_word' id='word_1_104' title='bbox 843 1561 912 1614; x_wconf 82' lang='grc' dir='ltr'><strong>τὰ</strong></span> <span class='ocrx_word' id='word_1_105' title='bbox 940 1562 1209 1631; x_wconf 85' lang='grc' dir='ltr'><strong>κτήματα,</strong></span> <span class='ocrx_word' id='word_1_106' title='bbox 1248 1561 1342 1612; x_wconf 71' lang='grc' dir='ltr'><strong>καὶ</strong></span> <span class='ocrx_word' id='word_1_107' title='bbox 1375 1559 1553 1620; x_wconf 78' lang='grc' dir='ltr'><strong>πάσας</strong></span> <span class='ocrx_word' id='word_1_108' title='bbox 1583 1555 1744 1626; x_wconf 71' lang='lat'><strong>283</strong></span> <span class='ocrx_word' id='word_1_109' title='bbox 1771 1554 1871 1616; x_wconf 79' lang='grc' dir='ltr'><strong>τὰς</strong></span> 
     </span>
    </p>
   </div>
   <div class='ocr_carea' id='block_1_18' title="bbox 300 1647 1871 1726">
    <p class='ocr_par' dir='ltr' id='par_1_18' title="bbox 300 1647 1871 1726">
     <span class='ocr_line' id='line_1_18' title="bbox 300 1647 1871 1726; baseline -0.006 -18"><span class='ocrx_word' id='word_1_110' title='bbox 300 1652 634 1726; x_wconf 76' lang='grc' dir='ltr'><strong>Ἐκκλησιας</strong></span> <span class='ocrx_word' id='word_1_111' title='bbox 683 1651 778 1705; x_wconf 86' lang='grc' dir='ltr'><strong>τοῦ</strong></span> <span class='ocrx_word' id='word_1_112' title='bbox 819 1651 1058 1722; x_wconf 82' lang='grc' dir='ltr'><strong>Χριστοῦ</strong></span> <span class='ocrx_word' id='word_1_113' title='bbox 1090 1652 1348 1722; x_wconf 78' lang='grc' dir='ltr'><strong>ἐτίμησεν</strong></span> <span class='ocrx_word' id='word_1_114' title='bbox 1377 1649 1471 1702; x_wconf 77' lang='grc' dir='ltr'><strong>καὶ</strong></span> <span class='ocrx_word' id='word_1_115' title='bbox 1500 1649 1705 1710; x_wconf 77' lang='grc' dir='ltr'><strong>πάντας</strong></span> <span class='ocrx_word' id='word_1_116' title='bbox 1747 1647 1871 1708; x_wconf 79' lang='grc' dir='ltr'><strong>τοὺς</strong></span> 
     </span>
    </p>
   </div>
   <div class='ocr_carea' id='block_1_19' title="bbox 284 1741 667 1815">
    <p class='ocr_par' dir='ltr' id='par_1_19' title="bbox 284 1741 667 1815">
     <span class='ocr_line' id='line_1_19' title="bbox 284 1741 667 1815; baseline 0 -17"><span class='ocrx_word' id='word_1_117' title='bbox 284 1741 667 1815; x_wconf 79' lang='grc' dir='ltr'><strong>Χριστιανούς.</strong></span> 
     </span>
    </p>
   </div>
   <div class='ocr_carea' id='block_1_20' title="bbox 1975 561 3540 620">
    <p class='ocr_par' dir='ltr' id='par_1_20' title="bbox 1975 561 3540 620">
     <span class='ocr_line' id='line_1_20' title="bbox 1975 561 3540 620; baseline 0.004 -6"><span class='ocrx_word' id='word_1_118' title='bbox 1975 561 2178 616; x_wconf 88' lang='lat' dir='ltr'><strong>riorum</strong></span> <span class='ocrx_word' id='word_1_119' title='bbox 2228 562 2354 616; x_wconf 92' lang='lat' dir='ltr'><strong>anni</strong></span> <span class='ocrx_word' id='word_1_120' title='bbox 2401 562 2624 616; x_wconf 86' lang='lat' dir='ltr'><strong>istorum</strong></span> <span class='ocrx_word' id='word_1_121' title='bbox 2673 563 3107 617; x_wconf 76' lang='lat' dir='ltr'><strong>Vicennaliorum</strong></span> <span class='ocrx_word' id='word_1_122' title='bbox 3156 564 3540 620; x_wconf 81' lang='lat' dir='ltr'><strong>indictionibus</strong></span> 
     </span>
    </p>
   </div>
   <div class='ocr_carea' id='block_1_21' title="bbox 1974 652 3453 722">
    <p class='ocr_par' dir='ltr' id='par_1_21' title="bbox 1974 652 3453 722">
     <span class='ocr_line' id='line_1_21' title="bbox 1974 652 3453 722; baseline 0.001 -16"><span class='ocrx_word' id='word_1_123' title='bbox 1974 652 2220 716; x_wconf 75' lang='lat' dir='ltr'><strong>sublatis,</strong></span> <span class='ocrx_word' id='word_1_124' title='bbox 2248 653 2539 722; x_wconf 86' lang='lat' dir='ltr'><strong>multisque</strong></span> <span class='ocrx_word' id='word_1_125' title='bbox 2569 653 2766 722; x_wconf 84' lang='lat' dir='ltr'><strong>ubique</strong></span> <span class='ocrx_word' id='word_1_126' title='bbox 2817 653 3061 708; x_wconf 86' lang='lat' dir='ltr'><strong>ccclesiis</strong></span> <span class='ocrx_word' id='word_1_127' title='bbox 3092 653 3249 708; x_wconf 81' lang='lat' dir='ltr'><strong>factis</strong></span> <span class='ocrx_word' id='word_1_128' title='bbox 3277 655 3453 708; x_wconf 90' lang='lat' dir='ltr'><strong>donis.</strong></span> 
     </span>
    </p>
   </div>
   <div class='ocr_carea' id='block_1_22' title="bbox 2041 826 3543 901">
    <p class='ocr_par' dir='ltr' id='par_1_22' title="bbox 2041 826 3543 901">
     <span class='ocr_line' id='line_1_22' title="bbox 2041 826 3543 901; baseline 0.003 -21"><span class='ocrx_word' id='word_1_129' title='bbox 2041 826 2425 882; x_wconf 89' lang='lat' dir='ltr'><strong>Constantinus</strong></span> <span class='ocrx_word' id='word_1_130' title='bbox 2456 828 2637 883; x_wconf 80' lang='lat' dir='ltr'><strong>Victor</strong></span> <span class='ocrx_word' id='word_1_131' title='bbox 2671 827 2947 899; x_wconf 79' lang='lat' dir='ltr'><strong>Augustus</strong></span> <span class='ocrx_word' id='word_1_132' title='bbox 2986 829 3543 901; x_wconf 80' lang='lat' dir='ltr'><strong>lladrianopolitano-</strong></span> 
     </span>
    </p>
   </div>
   <div class='ocr_carea' id='block_1_23' title="bbox 1971 918 3542 977">
    <p class='ocr_par' dir='ltr' id='par_1_23' title="bbox 1971 918 3542 977">
     <span class='ocr_line' id='line_1_23' title="bbox 1971 918 3542 977; baseline 0.005 -8"><span class='ocrx_word' id='word_1_133' title='bbox 1971 931 2090 970; x_wconf 90' lang='lat' dir='ltr'><strong>rum</strong></span> <span class='ocrx_word' id='word_1_134' title='bbox 2120 932 2184 970; x_wconf 89' lang='lat' dir='ltr'><strong>ex</strong></span> <span class='ocrx_word' id='word_1_135' title='bbox 2209 933 2258 971; x_wconf 88' lang='lat' dir='ltr'><strong>a.</strong></span> <span class='ocrx_word' id='word_1_136' title='bbox 2289 919 2342 970; x_wconf 92' lang='lat' dir='ltr'><strong>d.</strong></span> <span class='ocrx_word' id='word_1_137' title='bbox 2376 934 2426 970; x_wconf 94' lang='lat' dir='ltr'><strong>v.</strong></span> <span class='ocrx_word' id='word_1_138' title='bbox 2460 919 2579 971; x_wconf 83' lang='lat' dir='ltr'><strong>Kal.</strong></span> <span class='ocrx_word' id='word_1_139' title='bbox 2620 918 2728 972; x_wconf 81' lang='lat' dir='ltr'><strong>Jul.</strong></span> <span class='ocrx_word' id='word_1_140' title='bbox 2761 919 3288 974; x_wconf 87' lang='lat' dir='ltr'><strong>Chalcedonensium</strong></span> <span class='ocrx_word' id='word_1_141' title='bbox 3323 938 3450 975; x_wconf 86' lang='lat' dir='ltr'><strong>vero</strong></span> <span class='ocrx_word' id='word_1_142' title='bbox 3475 939 3542 977; x_wconf 87' lang='lat' dir='ltr'><strong>ex</strong></span> 
     </span>
    </p>
   </div>
   <div class='ocr_carea' id='block_1_24' title="bbox 1971 1007 3542 1075">
    <p class='ocr_par' dir='ltr' id='par_1_24' title="bbox 1971 1007 3542 1075">
     <span class='ocr_line' id='line_1_24' title="bbox 1971 1007 3542 1075; baseline 0.003 -16"><span class='ocrx_word' id='word_1_143' title='bbox 1971 1022 2021 1059; x_wconf 92' lang='lat' dir='ltr'><strong>a.</strong></span> <span class='ocrx_word' id='word_1_144' title='bbox 2047 1007 2100 1060; x_wconf 93' lang='lat' dir='ltr'><strong>d.</strong></span> <span class='ocrx_word' id='word_1_145' title='bbox 2137 1023 2245 1062; x_wconf 81' lang='lat' dir='ltr'><strong>xlv.</strong></span> <span class='ocrx_word' id='word_1_146' title='bbox 2287 1007 2404 1061; x_wconf 85' lang='lat' dir='ltr'><strong>Kal.</strong></span> <span class='ocrx_word' id='word_1_147' title='bbox 2435 1009 2626 1061; x_wconf 83' lang='lat' dir='ltr'><strong>Octob.</strong></span> <span class='ocrx_word' id='word_1_148' title='bbox 2656 1008 2890 1063; x_wconf 84' lang='lat' dir='ltr'><strong>feliciter</strong></span> <span class='ocrx_word' id='word_1_149' title='bbox 2917 1009 3167 1064; x_wconf 80' lang='lat' dir='ltr'><strong>confecto</strong></span> <span class='ocrx_word' id='word_1_150' title='bbox 3221 1011 3384 1075; x_wconf 82' lang='lat' dir='ltr'><strong>bello,</strong></span> <span class='ocrx_word' id='word_1_151' title='bbox 3419 1013 3542 1064; x_wconf 83' lang='lat' dir='ltr'><strong>Cri-</strong></span> 
     </span>
    </p>
   </div>
   <div class='ocr_carea' id='block_1_25' title="bbox 1972 1097 3540 1170">
    <p class='ocr_par' dir='ltr' id='par_1_25' title="bbox 1972 1097 3540 1170">
     <span class='ocr_line' id='line_1_25' title="bbox 1972 1097 3540 1170; baseline 0.004 -21"><span class='ocrx_word' id='word_1_152' title='bbox 1972 1112 2129 1165; x_wconf 89' lang='lat' dir='ltr'><strong>spum</strong></span> <span class='ocrx_word' id='word_1_153' title='bbox 2171 1097 2434 1151; x_wconf 73' lang='lat' dir='ltr'><strong>Caesarem</strong></span> <span class='ocrx_word' id='word_1_154' title='bbox 2485 1099 2653 1152; x_wconf 90' lang='lat' dir='ltr'><strong>ﬁlium</strong></span> <span class='ocrx_word' id='word_1_155' title='bbox 2696 1115 2853 1154; x_wconf 90' lang='lat' dir='ltr'><strong>suum</strong></span> <span class='ocrx_word' id='word_1_156' title='bbox 2897 1101 3185 1154; x_wconf 83' lang='lat' dir='ltr'><strong>calumniis</strong></span> <span class='ocrx_word' id='word_1_157' title='bbox 3240 1103 3540 1170; x_wconf 82' lang='lat' dir='ltr'><strong>appetitum</strong></span> 
     </span>
    </p>
   </div>
   <div class='ocr_carea' id='block_1_26' title="bbox 1973 1185 2211 1238">
    <p class='ocr_par' dir='ltr' id='par_1_26' title="bbox 1973 1185 2211 1238">
     <span class='ocr_line' id='line_1_26' title="bbox 1973 1185 2211 1238; baseline 0 0"><span class='ocrx_word' id='word_1_158' title='bbox 1973 1185 2211 1238; x_wconf 86' lang='lat' dir='ltr'><strong>sustulit.</strong></span> 
     </span>
    </p>
   </div>
   <div class='ocr_carea' id='block_1_27' title="bbox 2040 1271 3540 1338">
    <p class='ocr_par' dir='ltr' id='par_1_27' title="bbox 2040 1271 3540 1338">
     <span class='ocr_line' id='line_1_27' title="bbox 2040 1271 3540 1338; baseline 0.005 -14"><span class='ocrx_word' id='word_1_159' title='bbox 2040 1271 2241 1326; x_wconf 85' lang='lat' dir='ltr'><strong>Eodem</strong></span> <span class='ocrx_word' id='word_1_160' title='bbox 2263 1289 2406 1326; x_wconf 90' lang='lat' dir='ltr'><strong>anno</strong></span> <span class='ocrx_word' id='word_1_161' title='bbox 2425 1273 2830 1338; x_wconf 83' lang='lat' dir='ltr'><strong>Constantinus,</strong></span> <span class='ocrx_word' id='word_1_162' title='bbox 2855 1290 2978 1329; x_wconf 90' lang='lat' dir='ltr'><strong>cum</strong></span> <span class='ocrx_word' id='word_1_163' title='bbox 3003 1277 3151 1330; x_wconf 72' lang='lat' dir='ltr'><strong>salus</strong></span> <span class='ocrx_word' id='word_1_164' title='bbox 3175 1275 3540 1331; x_wconf 81' lang='lat' dir='ltr'><strong>Romanorum</strong></span> 
     </span>
    </p>
   </div>
   <div class='ocr_carea' id='block_1_28' title="bbox 1971 1349 3542 1438">
    <p class='ocr_par' dir='ltr' id='par_1_28' title="bbox 1971 1349 3542 1438">
     <span class='ocr_line' id='line_1_28' title="bbox 1971 1349 3542 1438; baseline 0.005 -22"><span class='ocrx_word' id='word_1_165' title='bbox 1971 1374 2226 1432; x_wconf 70' lang='lat' dir='ltr'><strong>praeesset</strong></span> <span class='ocrx_word' id='word_1_166' title='bbox 2253 1349 2500 1433; x_wconf 78' lang='lat' dir='ltr'><strong>imperio,</strong></span> <span class='ocrx_word' id='word_1_167' title='bbox 2540 1367 2721 1420; x_wconf 89' lang='lat' dir='ltr'><strong>omnia</strong></span> <span class='ocrx_word' id='word_1_168' title='bbox 2773 1368 2973 1436; x_wconf 78' lang='lat' dir='ltr'><strong>ubique</strong></span> <span class='ocrx_word' id='word_1_169' title='bbox 3018 1369 3158 1422; x_wconf 78' lang='lat' dir='ltr'><strong>idola</strong></span> <span class='ocrx_word' id='word_1_170' title='bbox 3189 1369 3402 1438; x_wconf 84' lang='lat' dir='ltr'><strong>dejecit,</strong></span> <span class='ocrx_word' id='word_1_171' title='bbox 3445 1387 3542 1424; x_wconf 83' lang='lat' dir='ltr'><strong>co-</strong></span> 
     </span>
    </p>
   </div>
   <div class='ocr_carea' id='block_1_29' title="bbox 1971 1455 3537 1526">
    <p class='ocr_par' dir='ltr' id='par_1_29' title="bbox 1971 1455 3537 1526">
     <span class='ocr_line' id='line_1_29' title="bbox 1971 1455 3537 1526; baseline 0.005 -20"><span class='ocrx_word' id='word_1_172' title='bbox 1971 1469 2198 1522; x_wconf 87' lang='lat' dir='ltr'><strong>rumque</strong></span> <span class='ocrx_word' id='word_1_173' title='bbox 2226 1455 2475 1523; x_wconf 84' lang='lat' dir='ltr'><strong>pecuniis</strong></span> <span class='ocrx_word' id='word_1_174' title='bbox 2500 1456 2752 1509; x_wconf 90' lang='lat' dir='ltr'><strong>omnibus</strong></span> <span class='ocrx_word' id='word_1_175' title='bbox 2773 1466 2827 1510; x_wconf 91' lang='lat' dir='ltr'><strong>et</strong></span> <span class='ocrx_word' id='word_1_176' title='bbox 2854 1459 3292 1526; x_wconf 83' lang='lat' dir='ltr'><strong>possessionibus</strong></span> <span class='ocrx_word' id='word_1_177' title='bbox 3320 1461 3537 1526; x_wconf 85' lang='lat' dir='ltr'><strong>ablatis,</strong></span> 
     </span>
    </p>
   </div>
   <div class='ocr_carea' id='block_1_30' title="bbox 1972 1544 3542 1618">
    <p class='ocr_par' dir='ltr' id='par_1_30' title="bbox 1972 1544 3542 1618">
     <span class='ocr_line' id='line_1_30' title="bbox 1972 1544 3542 1618; baseline 0.007 -22"><span class='ocrx_word' id='word_1_178' title='bbox 1972 1545 2252 1598; x_wconf 89' lang='lat' dir='ltr'><strong>universas</strong></span> <span class='ocrx_word' id='word_1_179' title='bbox 2312 1544 2512 1600; x_wconf 90' lang='lat' dir='ltr'><strong>Christi</strong></span> <span class='ocrx_word' id='word_1_180' title='bbox 2561 1545 2820 1602; x_wconf 84' lang='lat' dir='ltr'><strong>ecclesias</strong></span> <span class='ocrx_word' id='word_1_181' title='bbox 2856 1563 3152 1618; x_wconf 88' lang='lat' dir='ltr'><strong>omnesque</strong></span> <span class='ocrx_word' id='word_1_182' title='bbox 3201 1549 3542 1607; x_wconf 86' lang='lat' dir='ltr'><strong>Christianos</strong></span> 
     </span>
    </p>
   </div>
   <div class='ocr_carea' id='block_1_31' title="bbox 1973 1637 2311 1693">
    <p class='ocr_par' dir='ltr' id='par_1_31' title="bbox 1973 1637 2311 1693">
     <span class='ocr_line' id='line_1_31' title="bbox 1973 1637 2311 1693; baseline -0.003 -4"><span class='ocrx_word' id='word_1_183' title='bbox 1973 1637 2040 1693; x_wconf 91' lang='lat' dir='ltr'><strong>iis</strong></span> <span class='ocrx_word' id='word_1_184' title='bbox 2069 1637 2311 1691; x_wconf 89' lang='lat' dir='ltr'><strong>donavit.</strong></span> 
     </span>
    </p>
   </div>
   <div class='ocr_carea' id='block_1_32' title="bbox 354 1807 1856 1904">
    <p class='ocr_par' dir='ltr' id='par_1_32' title="bbox 354 1821 1856 1904">
     <span class='ocr_line' id='line_1_32' title="bbox 354 1821 1856 1904; baseline -0.004 -18"><span class='ocrx_word' id='word_1_185' title='bbox 354 1835 494 1887; x_wconf 81' lang='grc' dir='ltr'><strong>Κατ’</strong></span> <span class='ocrx_word' id='word_1_186' title='bbox 531 1833 696 1887; x_wconf 84' lang='grc' dir='ltr'><strong>αὐτὸν</strong></span> <span class='ocrx_word' id='word_1_187' title='bbox 733 1831 790 1885; x_wconf 83' lang='grc' dir='ltr'><strong>δὲ</strong></span> <span class='ocrx_word' id='word_1_188' title='bbox 824 1831 916 1886; x_wconf 83' lang='grc' dir='ltr'><strong>τὸν</strong></span> <span class='ocrx_word' id='word_1_189' title='bbox 945 1832 1134 1904; x_wconf 83' lang='grc' dir='ltr'><strong>καιρὸν</strong></span> <span class='ocrx_word' id='word_1_190' title='bbox 1160 1831 1302 1885; x_wconf 78' lang='grc' dir='ltr'><strong>κατὰ</strong></span> <span class='ocrx_word' id='word_1_191' title='bbox 1331 1830 1440 1885; x_wconf 90' lang='grc' dir='ltr'><strong>τῶν</strong></span> <span class='ocrx_word' id='word_1_192' title='bbox 1468 1821 1741 1899; x_wconf 72' lang='grc' dir='ltr'><strong>πολεμίων</strong></span> <span class='ocrx_word' id='word_1_193' title='bbox 1767 1827 1856 1897; x_wconf 79' lang='grc' dir='ltr'><strong>τῆς</strong></span> 
     </span>
    </p>
   </div>
   <div class='ocr_carea' id='block_1_33' title="bbox 1983 1807 3536 1904">
    <p class='ocr_par' dir='ltr' id='par_1_33' title="bbox 2040 1833 3536 1903">
     <span class='ocr_line' id='line_1_33' title="bbox 2040 1833 3536 1903; baseline 0.005 -15"><span class='ocrx_word' id='word_1_194' title='bbox 2040 1833 2234 1888; x_wconf 86' lang='lat' dir='ltr'><strong>Eadem</strong></span> <span class='ocrx_word' id='word_1_195' title='bbox 2260 1840 2575 1902; x_wconf 86' lang='lat' dir='ltr'><strong>tempestate</strong></span> <span class='ocrx_word' id='word_1_196' title='bbox 2592 1844 2842 1903; x_wconf 84' lang='lat' dir='ltr'><strong>suscepta</strong></span> <span class='ocrx_word' id='word_1_197' title='bbox 2866 1836 2920 1888; x_wconf 92' lang='lat' dir='ltr'><strong>in</strong></span> <span class='ocrx_word' id='word_1_198' title='bbox 2956 1835 3077 1891; x_wconf 88' lang='lat' dir='ltr'><strong>ﬁdei</strong></span> <span class='ocrx_word' id='word_1_199' title='bbox 3101 1837 3536 1896; x_wconf 90' lang='lat' dir='ltr'><strong>Christianorum</strong></span> 
     </span>
    </p>
   </div>
   <div class='ocr_carea' id='block_1_34' title="bbox 281 1919 1865 1996">
    <p class='ocr_par' dir='ltr' id='par_1_34' title="bbox 281 1919 1865 1996">
     <span class='ocr_line' id='line_1_34' title="bbox 281 1919 1865 1996; baseline -0.006 -18"><span class='ocrx_word' id='word_1_200' title='bbox 281 1926 394 1979; x_wconf 83' lang='grc' dir='ltr'>τῶν</span> <span class='ocrx_word' id='word_1_201' title='bbox 439 1925 782 1996; x_wconf 79' lang='grc' dir='ltr'><strong>Χριστιανῶν</strong></span> <span class='ocrx_word' id='word_1_202' title='bbox 817 1925 1050 1988; x_wconf 78' lang='grc' dir='ltr'><strong>πίστεως</strong></span> <span class='ocrx_word' id='word_1_203' title='bbox 1081 1922 1415 1994; x_wconf 81' lang='grc' dir='ltr'><strong>στρατεύσας</strong></span> <span class='ocrx_word' id='word_1_204' title='bbox 1453 1920 1767 1989; x_wconf 82' lang='grc' dir='ltr'><strong>ὑπηγάγετο</strong></span> <span class='ocrx_word' id='word_1_205' title='bbox 1800 1919 1865 1988; x_wconf 80' lang='grc' dir='ltr'><strong>τῇ</strong></span> 
     </span>
    </p>
   </div>
   <div class='ocr_carea' id='block_1_35' title="bbox 283 2010 1866 2088">
    <p class='ocr_par' dir='ltr' id='par_1_35' title="bbox 283 2010 1866 2088">
     <span class='ocr_line' id='line_1_35' title="bbox 283 2010 1866 2088; baseline -0.004 -18"><span class='ocrx_word' id='word_1_206' title='bbox 283 2020 422 2088; x_wconf 81' lang='grc' dir='ltr'><strong>εὐχῇ</strong></span> <span class='ocrx_word' id='word_1_207' title='bbox 450 2018 550 2088; x_wconf 83' lang='grc' dir='ltr'><strong>τὴν</strong></span> <span class='ocrx_word' id='word_1_208' title='bbox 582 2018 758 2088; x_wconf 78' lang='grc' dir='ltr'><strong>νίκην.</strong></span> <span class='ocrx_word' id='word_1_209' title='bbox 794 2017 885 2070; x_wconf 81' lang='grc' dir='ltr'><strong>Διὸ</strong></span> <span class='ocrx_word' id='word_1_210' title='bbox 938 2017 1033 2070; x_wconf 74' lang='grc' dir='ltr'><strong>καὶ</strong></span> <span class='ocrx_word' id='word_1_211' title='bbox 1074 2014 1313 2086; x_wconf 75' lang='grc' dir='ltr'><strong>κυριακὰ</strong></span> <span class='ocrx_word' id='word_1_212' title='bbox 1348 2013 1482 2083; x_wconf 76' lang='grc' dir='ltr'><strong>πρὸς</strong></span> <span class='ocrx_word' id='word_1_213' title='bbox 1530 2010 1866 2081; x_wconf 72' lang='grc' dir='ltr'><strong>ἐπιστροφὴν</strong></span> 
     </span>
    </p>
   </div>
   <div class='ocr_carea' id='block_1_36' title="bbox 284 2102 1865 2175">
    <p class='ocr_par' dir='ltr' id='par_1_36' title="bbox 284 2102 1865 2175">
     <span class='ocr_line' id='line_1_36' title="bbox 284 2102 1865 2175; baseline -0.006 -13"><span class='ocrx_word' id='word_1_214' title='bbox 284 2108 394 2162; x_wconf 88' lang='grc' dir='ltr'>τῶν</span> <span class='ocrx_word' id='word_1_215' title='bbox 443 2107 615 2162; x_wconf 75' lang='grc' dir='ltr'>ἐθνῶν</span> <span class='ocrx_word' id='word_1_216' title='bbox 647 2107 788 2162; x_wconf 78' lang='grc' dir='ltr'><strong>κατὰ</strong></span> <span class='ocrx_word' id='word_1_217' title='bbox 828 2107 1025 2170; x_wconf 85' lang='grc' dir='ltr'><strong>τόπους</strong></span> <span class='ocrx_word' id='word_1_218' title='bbox 1069 2109 1148 2169; x_wconf 90' lang='grc' dir='ltr'><strong>εἰς</strong></span> <span class='ocrx_word' id='word_1_219' title='bbox 1187 2105 1353 2175; x_wconf 80' lang='grc' dir='ltr'><strong>τιμὴν</strong></span> <span class='ocrx_word' id='word_1_220' title='bbox 1401 2103 1494 2157; x_wconf 90' lang='grc' dir='ltr'><strong>τοῦ</strong></span> <span class='ocrx_word' id='word_1_221' title='bbox 1523 2104 1616 2156; x_wconf 80' lang='grc' dir='ltr'><strong>ἐπὶ</strong></span> <span class='ocrx_word' id='word_1_222' title='bbox 1646 2102 1865 2156; x_wconf 86' lang='grc' dir='ltr'><strong>πάντων</strong></span> 
     </span>
    </p>
   </div>
   <div class='ocr_carea' id='block_1_37' title="bbox 285 2194 1702 2271">
    <p class='ocr_par' dir='ltr' id='par_1_37' title="bbox 285 2194 1702 2271">
     <span class='ocr_line' id='line_1_37' title="bbox 285 2194 1702 2271; baseline -0.006 -18"><span class='ocrx_word' id='word_1_223' title='bbox 285 2199 541 2270; x_wconf 76' lang='grc' dir='ltr'><strong>Σωτῆρος</strong></span> <span class='ocrx_word' id='word_1_224' title='bbox 569 2197 805 2271; x_wconf 81' lang='grc' dir='ltr'><strong>Χριστοῦ</strong></span> <span class='ocrx_word' id='word_1_225' title='bbox 837 2198 931 2252; x_wconf 90' lang='grc' dir='ltr'><strong>τοῦ</strong></span> <span class='ocrx_word' id='word_1_226' title='bbox 964 2199 1007 2230; x_wconf 77' lang='grc' dir='ltr'><strong>³ο</strong></span> <span class='ocrx_word' id='word_1_227' title='bbox 1033 2196 1167 2250; x_wconf 85' lang='grc' dir='ltr'><strong>Θεοῦ</strong></span> <span class='ocrx_word' id='word_1_228' title='bbox 1193 2195 1352 2267; x_wconf 83' lang='grc' dir='ltr'>ἡμῶν</span> <span class='ocrx_word' id='word_1_229' title='bbox 1384 2194 1702 2265; x_wconf 79' lang='grc' dir='ltr'><strong>πεποίηκεν.</strong></span> 
     </span>
    </p>
   </div>
   <div class='ocr_carea' id='block_1_38' title="bbox 281 2307 1866 2376">
    <p class='ocr_par' dir='ltr' id='par_1_38' title="bbox 281 2307 1866 2376">
     <span class='ocr_line' id='line_1_38' title="bbox 281 2307 1866 2376; baseline -0.006 -10"><span class='ocrx_word' id='word_1_230' title='bbox 281 2311 468 2366; x_wconf 67' lang='grc' dir='ltr'><strong>Εἰσὶν</strong></span> <span class='ocrx_word' id='word_1_231' title='bbox 490 2311 566 2366; x_wconf 80' lang='grc' dir='ltr'><strong>τὰ</strong></span> <span class='ocrx_word' id='word_1_232' title='bbox 587 2310 706 2365; x_wconf 76' lang='grc' dir='ltr'><strong>ἀπὸ</strong></span> <span class='ocrx_word' id='word_1_233' title='bbox 731 2311 982 2374; x_wconf 74' lang='grc' dir='ltr'><strong>κτίσεως</strong></span> <span class='ocrx_word' id='word_1_234' title='bbox 1011 2308 1244 2376; x_wconf 82' lang='grc' dir='ltr'><strong>κόσμου</strong></span> <span class='ocrx_word' id='word_1_235' title='bbox 1263 2307 1361 2360; x_wconf 74' lang='grc' dir='ltr'><strong>ἐπὶ</strong></span> <span class='ocrx_word' id='word_1_236' title='bbox 1391 2307 1504 2374; x_wconf 82' lang='grc' dir='ltr'><strong>τὴν</strong></span> <span class='ocrx_word' id='word_1_237' title='bbox 1522 2308 1866 2376; x_wconf 71' lang='grc' dir='ltr'><strong>εἰκοσαετη-</strong></span> 
     </span>
    </p>
   </div>
   <div class='ocr_carea' id='block_1_39' title="bbox 383 2375 1756 2449">
    <p class='ocr_par' dir='ltr' id='par_1_39' title="bbox 383 2375 1756 2449">
     <span class='ocr_line' id='line_1_39' title="bbox 383 2375 1756 2449; baseline -0.006 -15"><span class='ocrx_word' id='word_1_238' title='bbox 383 2379 530 2449; x_wconf 81' lang='grc' dir='ltr'><strong>ριδα</strong></span> <span class='ocrx_word' id='word_1_239' title='bbox 554 2381 1014 2434; x_wconf 74' lang='grc' dir='ltr'><strong>Κωνσταντίνου</strong></span> <span class='ocrx_word' id='word_1_240' title='bbox 1038 2375 1390 2446; x_wconf 58' lang='grc' dir='ltr'><strong>Αὺάεούστου</strong></span> <span class='ocrx_word' id='word_1_241' title='bbox 1412 2377 1515 2443; x_wconf 82' lang='grc' dir='ltr'><strong>ἔτη</strong></span> <span class='ocrx_word' id='word_1_242' title='bbox 1550 2375 1756 2438; x_wconf 85' lang='grc' dir='ltr'><strong>οὕτως.</strong></span> 
     </span>
    </p>
   </div>
   <div class='ocr_carea' id='block_1_40' title="bbox 372 2481 1858 2559">
    <p class='ocr_par' dir='ltr' id='par_1_40' title="bbox 372 2481 1858 2559">
     <span class='ocr_line' id='line_1_40' title="bbox 372 2481 1858 2559; baseline -0.006 -16"><span class='ocrx_word' id='word_1_243' title='bbox 372 2489 512 2543; x_wconf 77' lang='grc' dir='ltr'><strong>’Δπδ</strong></span> <span class='ocrx_word' id='word_1_244' title='bbox 569 2489 834 2559; x_wconf 81' lang='grc' dir='ltr'><strong>γενέσεως</strong></span> <span class='ocrx_word' id='word_1_245' title='bbox 905 2487 1076 2557; x_wconf 84' lang='grc' dir='ltr'><strong>Ἀδὰμ</strong></span> <span class='ocrx_word' id='word_1_246' title='bbox 1151 2486 1256 2549; x_wconf 86' lang='grc' dir='ltr'><strong>ἔως</strong></span> <span class='ocrx_word' id='word_1_247' title='bbox 1325 2485 1418 2538; x_wconf 89' lang='grc' dir='ltr'><strong>τοῦ</strong></span> <span class='ocrx_word' id='word_1_248' title='bbox 1472 2481 1858 2553; x_wconf 83' lang='grc' dir='ltr'><strong>κατακλυσμοῦ</strong></span> 
     </span>
    </p>
   </div>
   <div class='ocr_carea' id='block_1_41' title="bbox 283 2579 474 2651">
    <p class='ocr_par' dir='ltr' id='par_1_41' title="bbox 283 2579 474 2651">
     <span class='ocr_line' id='line_1_41' title="bbox 283 2579 474 2651; baseline 0 -2"><span class='ocrx_word' id='word_1_249' title='bbox 283 2579 474 2651; x_wconf 55' lang='lat'><strong>15°53&#39;-</strong></span> 
     </span>
    </p>
   </div>
   <div class='ocr_carea' id='block_1_42' title="bbox 367 2664 1598 2738">
    <p class='ocr_par' dir='ltr' id='par_1_42' title="bbox 367 2664 1598 2738">
     <span class='ocr_line' id='line_1_42' title="bbox 367 2664 1598 2738; baseline -0.006 -14"><span class='ocrx_word' id='word_1_250' title='bbox 367 2669 503 2724; x_wconf 81' lang='grc' dir='ltr'><strong>Ἀπὸ</strong></span> <span class='ocrx_word' id='word_1_251' title='bbox 539 2669 634 2723; x_wconf 91' lang='grc' dir='ltr'><strong>τοῦ</strong></span> <span class='ocrx_word' id='word_1_252' title='bbox 664 2667 1047 2738; x_wconf 76' lang='grc' dir='ltr'><strong>κατακλυσμοῦ</strong></span> <span class='ocrx_word' id='word_1_253' title='bbox 1081 2667 1172 2720; x_wconf 69' lang='grc' dir='ltr'><strong>ἐπὶ</strong></span> <span class='ocrx_word' id='word_1_254' title='bbox 1207 2664 1458 2736; x_wconf 73' lang='grc' dir='ltr'><strong>Ἀϐραὰμ</strong></span> <span class='ocrx_word' id='word_1_255' title='bbox 1483 2671 1598 2728; x_wconf 83' lang='grc' dir='ltr'><strong>⁴αο’.</strong></span> 
     </span>
    </p>
   </div>
   <div class='ocr_carea' id='block_1_43' title="bbox 367 2753 1859 2830">
    <p class='ocr_par' dir='ltr' id='par_1_43' title="bbox 367 2753 1859 2830">
     <span class='ocr_line' id='line_1_43' title="bbox 367 2753 1859 2830; baseline -0.007 -16"><span class='ocrx_word' id='word_1_256' title='bbox 367 2760 500 2814; x_wconf 80' lang='grc' dir='ltr'><strong>Ἀπὸ</strong></span> <span class='ocrx_word' id='word_1_257' title='bbox 553 2760 860 2830; x_wconf 76' lang='grc' dir='ltr'><strong>γεννήσεως</strong></span> <span class='ocrx_word' id='word_1_258' title='bbox 922 2757 1173 2828; x_wconf 69' lang='grc' dir='ltr'><strong>Ἀϐραὰμ</strong></span> <span class='ocrx_word' id='word_1_259' title='bbox 1218 2757 1323 2819; x_wconf 84' lang='grc' dir='ltr'><strong>ἔως</strong></span> <span class='ocrx_word' id='word_1_260' title='bbox 1377 2761 1430 2808; x_wconf 86' lang='grc' dir='ltr'><strong>π’</strong></span> <span class='ocrx_word' id='word_1_261' title='bbox 1486 2755 1640 2818; x_wconf 88' lang='grc' dir='ltr'><strong>ἔτους</strong></span> <span class='ocrx_word' id='word_1_262' title='bbox 1695 2753 1859 2806; x_wconf 66' lang='lat' dir='ltr'><strong>Matii-</strong></span> 
     </span>
    </p>
   </div>
   <div class='ocr_carea' id='block_1_44' title="bbox 287 2850 1022 2920">
    <p class='ocr_par' dir='ltr' id='par_1_44' title="bbox 287 2850 1022 2920">
     <span class='ocr_line' id='line_1_44' title="bbox 287 2850 1022 2920; baseline -0.008 -14"><span class='ocrx_word' id='word_1_263' title='bbox 287 2852 428 2917; x_wconf 83' lang='grc' dir='ltr'><strong>σέως</strong></span> <span class='ocrx_word' id='word_1_264' title='bbox 459 2850 566 2920; x_wconf 80' lang='grc' dir='ltr'><strong>φε’.</strong></span> <span class='ocrx_word' id='word_1_265' title='bbox 1017 2891 1022 2894; x_wconf 93' lang='grc'>.</span> 
     </span>
    </p>
   </div>
   <div class='ocr_carea' id='block_1_45' title="bbox 367 2930 1860 3008">
    <p class='ocr_par' dir='ltr' id='par_1_45' title="bbox 367 2930 1860 3008">
     <span class='ocr_line' id='line_1_45' title="bbox 367 2930 1860 3008; baseline -0.007 -13"><span class='ocrx_word' id='word_1_266' title='bbox 367 2941 500 2995; x_wconf 83' lang='grc' dir='ltr'><strong>’Δπὸ</strong></span> <span class='ocrx_word' id='word_1_267' title='bbox 534 2946 622 2994; x_wconf 61' lang='grc' dir='ltr'><strong>πο]</strong></span> <span class='ocrx_word' id='word_1_268' title='bbox 651 2939 694 2971; x_wconf 76' lang='grc'><strong>⁸³</strong></span> <span class='ocrx_word' id='word_1_269' title='bbox 720 2939 872 3001; x_wconf 89' lang='grc' dir='ltr'><strong>ἔτους</strong></span> <span class='ocrx_word' id='word_1_270' title='bbox 899 2936 1194 3002; x_wconf 81' lang='grc' dir='ltr'><strong>Μωῡσέως,</strong></span> <span class='ocrx_word' id='word_1_271' title='bbox 1223 2937 1389 3008; x_wconf 70' lang='grc' dir='ltr'><strong>ἤγουν</strong></span> <span class='ocrx_word' id='word_1_272' title='bbox 1415 2935 1512 3004; x_wconf 83' lang='grc' dir='ltr'><strong>τῆς</strong></span> <span class='ocrx_word' id='word_1_273' title='bbox 1539 2933 1721 2999; x_wconf 80' lang='grc' dir='ltr'><strong>ἐξόδου</strong></span> <span class='ocrx_word' id='word_1_274' title='bbox 1749 2930 1860 2984; x_wconf 87' lang='grc' dir='ltr'><strong>τῶν</strong></span> 
     </span>
    </p>
   </div>
   <div class='ocr_carea' id='block_1_46' title="bbox 279 3016 1859 3103">
    <p class='ocr_par' dir='ltr' id='par_1_46' title="bbox 279 3016 1859 3103">
     <span class='ocr_line' id='line_1_46' title="bbox 279 3016 1859 3103; baseline -0.006 -16"><span class='ocrx_word' id='word_1_275' title='bbox 279 3032 416 3087; x_wconf 74' lang='grc' dir='ltr'><strong>υἱῶν</strong></span> <span class='ocrx_word' id='word_1_276' title='bbox 454 3031 672 3103; x_wconf 75' lang='grc' dir='ltr'><strong>Ἰσραὴλ</strong></span> <span class='ocrx_word' id='word_1_277' title='bbox 701 3031 804 3094; x_wconf 84' lang='grc' dir='ltr'><strong>ἔως</strong></span> <span class='ocrx_word' id='word_1_278' title='bbox 827 3029 875 3100; x_wconf 80' lang='grc' dir='ltr'><strong>γ’</strong></span> <span class='ocrx_word' id='word_1_279' title='bbox 905 3029 1060 3094; x_wconf 85' lang='grc' dir='ltr'><strong>ἔτους</strong></span> <span class='ocrx_word' id='word_1_280' title='bbox 1089 3027 1182 3084; x_wconf 84' lang='grc' dir='ltr'><strong>τοῦ</strong></span> <span class='ocrx_word' id='word_1_281' title='bbox 1223 3027 1448 3084; x_wconf 79' lang='grc' dir='ltr'>Δαὸδὼν</span> <span class='ocrx_word' id='word_1_282' title='bbox 1479 3026 1523 3058; x_wconf 82' lang='grc'><strong>³⁸</strong></span> <span class='ocrx_word' id='word_1_283' title='bbox 1553 3026 1686 3097; x_wconf 77' lang='grc'>(95),</span> <span class='ocrx_word' id='word_1_284' title='bbox 1719 3026 1776 3078; x_wconf 82' lang='grc' dir='ltr'><strong>ἔν</strong></span> <span class='ocrx_word' id='word_1_285' title='bbox 1815 3016 1859 3092; x_wconf 85' lang='grc' dir='ltr'>ᾧ</span> 
     </span>
    </p>
   </div>
   <div class='ocr_carea' id='block_1_47' title="bbox 277 3122 809 3194">
    <p class='ocr_par' dir='ltr' id='par_1_47' title="bbox 277 3122 809 3194">
     <span class='ocr_line' id='line_1_47' title="bbox 277 3122 809 3194; baseline -0.004 -16"><span class='ocrx_word' id='word_1_286' title='bbox 277 3123 344 3178; x_wconf 77' lang='grc' dir='ltr'><strong>τὸ</strong></span> <span class='ocrx_word' id='word_1_287' title='bbox 362 3124 527 3177; x_wconf 83' lang='grc' dir='ltr'><strong>Ἴλιον</strong></span> <span class='ocrx_word' id='word_1_288' title='bbox 550 3123 688 3194; x_wconf 71' lang='grc' dir='ltr'>ἥλω,</span> <span class='ocrx_word' id='word_1_289' title='bbox 715 3122 809 3176; x_wconf 86' lang='grc' dir='ltr'><strong>υδ¹.</strong></span> 
     </span>
    </p>
   </div>
   <div class='ocr_carea' id='block_1_48' title="bbox 372 3206 1860 3278">
    <p class='ocr_par' dir='ltr' id='par_1_48' title="bbox 372 3206 1860 3278">
     <span class='ocr_line' id='line_1_48' title="bbox 372 3206 1860 3278; baseline -0.005 -11"><span class='ocrx_word' id='word_1_290' title='bbox 372 3215 506 3268; x_wconf 77' lang='grc' dir='ltr'><strong>Ἀπὸ</strong></span> <span class='ocrx_word' id='word_1_291' title='bbox 567 3214 607 3266; x_wconf 76' lang='grc' dir='ltr'><strong>δ’</strong></span> <span class='ocrx_word' id='word_1_292' title='bbox 654 3214 806 3276; x_wconf 89' lang='grc' dir='ltr'><strong>ἔτους</strong></span> <span class='ocrx_word' id='word_1_293' title='bbox 847 3213 952 3276; x_wconf 90' lang='grc' dir='ltr'><strong>¹τοῦ</strong></span> <span class='ocrx_word' id='word_1_294' title='bbox 984 3210 1218 3267; x_wconf 80' lang='grc' dir='ltr'><strong>’Λαϐδὼν</strong></span> <span class='ocrx_word' id='word_1_295' title='bbox 1279 3211 1373 3264; x_wconf 74' lang='grc' dir='ltr'><strong>ἐπὶ</strong></span> <span class='ocrx_word' id='word_1_296' title='bbox 1408 3209 1466 3263; x_wconf 83' lang='grc' dir='ltr'><strong>τὸ</strong></span> <span class='ocrx_word' id='word_1_297' title='bbox 1511 3208 1556 3278; x_wconf 83' lang='grc' dir='ltr'><strong>β’</strong></span> <span class='ocrx_word' id='word_1_298' title='bbox 1593 3207 1704 3278; x_wconf 84' lang='grc'>(96)</span> <span class='ocrx_word' id='word_1_299' title='bbox 1741 3206 1860 3272; x_wconf 81' lang='grc' dir='ltr'><strong>ἔτος</strong></span> 
     </span>
    </p>
   </div>
   <div class='ocr_carea' id='block_1_49' title="bbox 1968 1924 3535 1999">
    <p class='ocr_par' dir='ltr' id='par_1_49' title="bbox 1968 1924 3535 1999">
     <span class='ocr_line' id='line_1_49' title="bbox 1968 1924 3535 1999; baseline 0.005 -20"><span class='ocrx_word' id='word_1_300' title='bbox 1968 1925 2152 1979; x_wconf 88' lang='lat' dir='ltr'><strong>hostes</strong></span> <span class='ocrx_word' id='word_1_301' title='bbox 2186 1924 2548 1993; x_wconf 80' lang='lat' dir='ltr'><strong>expeditione,</strong></span> <span class='ocrx_word' id='word_1_302' title='bbox 2586 1925 2866 1980; x_wconf 86' lang='lat' dir='ltr'><strong>victoriam</strong></span> <span class='ocrx_word' id='word_1_303' title='bbox 2916 1927 3129 1982; x_wconf 91' lang='lat' dir='ltr'><strong>illorum</strong></span> <span class='ocrx_word' id='word_1_304' title='bbox 3166 1932 3420 1999; x_wconf 89' lang='lat' dir='ltr'><strong>precibus</strong></span> <span class='ocrx_word' id='word_1_305' title='bbox 3448 1950 3535 1987; x_wconf 89' lang='lat' dir='ltr'><strong>re-</strong></span> 
     </span>
    </p>
   </div>
   <div class='ocr_carea' id='block_1_50' title="bbox 1967 2013 3534 2089">
    <p class='ocr_par' dir='ltr' id='par_1_50' title="bbox 1967 2013 3534 2089">
     <span class='ocr_line' id='line_1_50' title="bbox 1967 2013 3534 2089; baseline 0.004 -22"><span class='ocrx_word' id='word_1_306' title='bbox 1967 2016 2218 2083; x_wconf 85' lang='lat' dir='ltr'><strong>portavit.</strong></span> <span class='ocrx_word' id='word_1_307' title='bbox 2246 2013 2586 2084; x_wconf 85' lang='lat' dir='ltr'><strong>Quapropter</strong></span> <span class='ocrx_word' id='word_1_308' title='bbox 2614 2017 2890 2071; x_wconf 89' lang='lat' dir='ltr'><strong>Dominica</strong></span> <span class='ocrx_word' id='word_1_309' title='bbox 2923 2018 2991 2072; x_wconf 86' lang='lat' dir='ltr'><strong>ad</strong></span> <span class='ocrx_word' id='word_1_310' title='bbox 3036 2033 3363 2089; x_wconf 76' lang='lat' dir='ltr'><strong>paganorum</strong></span> <span class='ocrx_word' id='word_1_311' title='bbox 3401 2039 3534 2076; x_wconf 81' lang='lat' dir='ltr'><strong>con-</strong></span> 
     </span>
    </p>
   </div>
   <div class='ocr_carea' id='block_1_51' title="bbox 1966 2104 3530 2166">
    <p class='ocr_par' dir='ltr' id='par_1_51' title="bbox 1966 2104 3530 2166">
     <span class='ocr_line' id='line_1_51' title="bbox 1966 2104 3530 2166; baseline 0.005 -8"><span class='ocrx_word' id='word_1_312' title='bbox 1966 2105 2269 2158; x_wconf 81' lang='lat' dir='ltr'><strong>versionem</strong></span> <span class='ocrx_word' id='word_1_313' title='bbox 2298 2104 2352 2157; x_wconf 92' lang='lat' dir='ltr'><strong>in</strong></span> <span class='ocrx_word' id='word_1_314' title='bbox 2375 2109 2619 2160; x_wconf 90' lang='lat' dir='ltr'><strong>omnium</strong></span> <span class='ocrx_word' id='word_1_315' title='bbox 2657 2106 2963 2162; x_wconf 90' lang='lat' dir='ltr'><strong>Servatoris</strong></span> <span class='ocrx_word' id='word_1_316' title='bbox 2998 2108 3200 2164; x_wconf 85' lang='lat' dir='ltr'><strong>Christi</strong></span> <span class='ocrx_word' id='word_1_317' title='bbox 3231 2111 3325 2165; x_wconf 90' lang='lat' dir='ltr'><strong>Dei</strong></span> <span class='ocrx_word' id='word_1_318' title='bbox 3349 2113 3530 2166; x_wconf 90' lang='lat' dir='ltr'><strong>nostri</strong></span> 
     </span>
    </p>
   </div>
   <div class='ocr_carea' id='block_1_52' title="bbox 1967 2197 2781 2266">
    <p class='ocr_par' dir='ltr' id='par_1_52' title="bbox 1967 2197 2781 2266">
     <span class='ocr_line' id='line_1_52' title="bbox 1967 2197 2781 2266; baseline 0.001 -16"><span class='ocrx_word' id='word_1_319' title='bbox 1967 2197 2232 2251; x_wconf 86' lang='lat' dir='ltr'><strong>honorem</strong></span> <span class='ocrx_word' id='word_1_320' title='bbox 2273 2197 2472 2266; x_wconf 89' lang='lat' dir='ltr'><strong>ubique</strong></span> <span class='ocrx_word' id='word_1_321' title='bbox 2505 2199 2781 2252; x_wconf 80' lang='lat' dir='ltr'><strong>excitavit.</strong></span> 
     </span>
    </p>
   </div>
   <div class='ocr_carea' id='block_1_53' title="bbox 1965 2299 3532 2379">
    <p class='ocr_par' dir='ltr' id='par_1_53' title="bbox 1965 2299 3532 2379">
     <span class='ocr_line' id='line_1_53' title="bbox 1965 2299 3532 2379; baseline 0.006 -17"><span class='ocrx_word' id='word_1_322' title='bbox 1965 2309 2040 2362; x_wconf 76' lang='lat' dir='ltr'><strong>Ab</strong></span> <span class='ocrx_word' id='word_1_323' title='bbox 2072 2310 2192 2362; x_wconf 81' lang='lat' dir='ltr'><strong>orbe</strong></span> <span class='ocrx_word' id='word_1_324' title='bbox 2221 2310 2427 2363; x_wconf 83' lang='lat' dir='ltr'><strong>condito</strong></span> <span class='ocrx_word' id='word_1_325' title='bbox 2457 2299 2625 2379; x_wconf 59' lang='lat' dir='ltr'><strong>usque</strong></span> <span class='ocrx_word' id='word_1_326' title='bbox 2640 2315 2709 2364; x_wconf 86' lang='lat' dir='ltr'><strong>ad</strong></span> <span class='ocrx_word' id='word_1_327' title='bbox 2731 2312 3030 2366; x_wconf 74' lang='lat' dir='ltr'><strong>vicesimum</strong></span> <span class='ocrx_word' id='word_1_328' title='bbox 3061 2312 3396 2370; x_wconf 78' lang='lat' dir='ltr'><strong>Constantini</strong></span> <span class='ocrx_word' id='word_1_329' title='bbox 3424 2320 3532 2372; x_wconf 82' lang='lat' dir='ltr'><strong>Au-</strong></span> 
     </span>
    </p>
   </div>
   <div class='ocr_carea' id='block_1_54' title="bbox 2191 2379 3287 2452">
    <p class='ocr_par' dir='ltr' id='par_1_54' title="bbox 2191 2379 3287 2452">
     <span class='ocr_line' id='line_1_54' title="bbox 2191 2379 3287 2452; baseline 0.006 -21"><span class='ocrx_word' id='word_1_330' title='bbox 2191 2379 2327 2448; x_wconf 80' lang='lat' dir='ltr'><strong>gusti</strong></span> <span class='ocrx_word' id='word_1_331' title='bbox 2353 2396 2551 2432; x_wconf 83' lang='lat' dir='ltr'><strong>annum</strong></span> <span class='ocrx_word' id='word_1_332' title='bbox 2579 2390 2817 2448; x_wconf 84' lang='lat' dir='ltr'><strong>tempora</strong></span> <span class='ocrx_word' id='word_1_333' title='bbox 2849 2383 2924 2435; x_wconf 78' lang='lat' dir='ltr'><strong>ita</strong></span> <span class='ocrx_word' id='word_1_334' title='bbox 2960 2383 3287 2452; x_wconf 80' lang='lat' dir='ltr'><strong>digeruntur.</strong></span> 
     </span>
    </p>
   </div>
   <div class='ocr_carea' id='block_1_55' title="bbox 2034 2487 3529 2559">
    <p class='ocr_par' dir='ltr' id='par_1_55' title="bbox 2034 2487 3529 2559">
     <span class='ocr_line' id='line_1_55' title="bbox 2034 2487 3529 2559; baseline 0.008 -18"><span class='ocrx_word' id='word_1_335' title='bbox 2034 2487 2078 2542; x_wconf 82' lang='grc' dir='ltr'>Α</span> <span class='ocrx_word' id='word_1_336' title='bbox 2131 2488 2406 2542; x_wconf 87' lang='lat' dir='ltr'><strong>creatione</strong></span> <span class='ocrx_word' id='word_1_337' title='bbox 2453 2489 2644 2555; x_wconf 84' lang='lat' dir='ltr'><strong>Adam,</strong></span> <span class='ocrx_word' id='word_1_338' title='bbox 2683 2504 2854 2559; x_wconf 88' lang='lat' dir='ltr'><strong>usque</strong></span> <span class='ocrx_word' id='word_1_339' title='bbox 2897 2491 2964 2546; x_wconf 89' lang='lat' dir='ltr'><strong>ad</strong></span> <span class='ocrx_word' id='word_1_340' title='bbox 3001 2491 3282 2556; x_wconf 84' lang='lat' dir='ltr'><strong>diluvium,</strong></span> <span class='ocrx_word' id='word_1_341' title='bbox 3315 2496 3440 2551; x_wconf 91' lang='lat' dir='ltr'><strong>anni</strong></span> <span class='ocrx_word' id='word_1_342' title='bbox 3466 2511 3529 2553; x_wconf 84' lang='grc' dir='ltr'><strong>ιι.</strong></span> 
     </span>
    </p>
   </div>
   <div class='ocr_carea' id='block_1_56' title="bbox 1965 2596 2195 2635">
    <p class='ocr_par' dir='ltr' id='par_1_56' title="bbox 1965 2596 2195 2635">
     <span class='ocr_line' id='line_1_56' title="bbox 1965 2596 2195 2635; baseline -0.009 0"><span class='ocrx_word' id='word_1_343' title='bbox 1965 2596 2195 2635; x_wconf 72' lang='lat' dir='ltr'><strong>HCCLXlL</strong></span> 
     </span>
    </p>
   </div>
   <div class='ocr_carea' id='block_1_57' title="bbox 2033 2670 2900 2736">
    <p class='ocr_par' dir='ltr' id='par_1_57' title="bbox 2033 2670 2900 2736">
     <span class='ocr_line' id='line_1_57' title="bbox 2033 2670 2900 2736; baseline 0.006 -14"><span class='ocrx_word' id='word_1_344' title='bbox 2033 2671 2077 2722; x_wconf 84' lang='lat' dir='ltr'><strong>A</strong></span> <span class='ocrx_word' id='word_1_345' title='bbox 2099 2670 2302 2724; x_wconf 85' lang='lat' dir='ltr'><strong>diluvio</strong></span> <span class='ocrx_word' id='word_1_346' title='bbox 2328 2672 2392 2724; x_wconf 92' lang='lat' dir='ltr'><strong>ad</strong></span> <span class='ocrx_word' id='word_1_347' title='bbox 2420 2671 2715 2736; x_wconf 84' lang='lat' dir='ltr'><strong>Abraham,</strong></span> <span class='ocrx_word' id='word_1_348' title='bbox 2740 2689 2900 2728; x_wconf 77' lang='lat' dir='ltr'><strong>uLxx.</strong></span> 
     </span>
    </p>
   </div>
   <div class='ocr_carea' id='block_1_58' title="bbox 2033 2761 3528 2838">
    <p class='ocr_par' dir='ltr' id='par_1_58' title="bbox 2033 2761 3528 2838">
     <span class='ocr_line' id='line_1_58' title="bbox 2033 2761 3528 2838; baseline 0.004 -24"><span class='ocrx_word' id='word_1_349' title='bbox 2033 2763 2077 2814; x_wconf 85' lang='lat' dir='ltr'><strong>A</strong></span> <span class='ocrx_word' id='word_1_350' title='bbox 2124 2761 2288 2814; x_wconf 88' lang='lat' dir='ltr'><strong>natali</strong></span> <span class='ocrx_word' id='word_1_351' title='bbox 2327 2761 2596 2816; x_wconf 84' lang='lat' dir='ltr'><strong>Abraham</strong></span> <span class='ocrx_word' id='word_1_352' title='bbox 2643 2778 2813 2832; x_wconf 87' lang='lat' dir='ltr'><strong>usque</strong></span> <span class='ocrx_word' id='word_1_353' title='bbox 2851 2763 2916 2818; x_wconf 87' lang='lat' dir='ltr'><strong>ad</strong></span> <span class='ocrx_word' id='word_1_354' title='bbox 2958 2779 3096 2818; x_wconf 80' lang='lat' dir='ltr'><strong>Lxxx</strong></span> <span class='ocrx_word' id='word_1_355' title='bbox 3132 2781 3334 2820; x_wconf 86' lang='lat' dir='ltr'><strong>annum</strong></span> <span class='ocrx_word' id='word_1_356' title='bbox 3379 2766 3528 2838; x_wconf 80' lang='lat' dir='ltr'><strong>Moy-</strong></span> 
     </span>
    </p>
   </div>
   <div class='ocr_carea' id='block_1_59' title="bbox 1965 2853 2181 2917">
    <p class='ocr_par' dir='ltr' id='par_1_59' title="bbox 1965 2853 2181 2917">
     <span class='ocr_line' id='line_1_59' title="bbox 1965 2853 2181 2917; baseline 0 -9"><span class='ocrx_word' id='word_1_357' title='bbox 1965 2853 2061 2917; x_wconf 85' lang='lat' dir='ltr'><strong>sis,</strong></span> <span class='ocrx_word' id='word_1_358' title='bbox 2093 2870 2181 2908; x_wconf 76' lang='grc' dir='ltr'><strong>ον.</strong></span> 
     </span>
    </p>
   </div>
   <div class='ocr_carea' id='block_1_60' title="bbox 2035 2943 3530 3015">
    <p class='ocr_par' dir='ltr' id='par_1_60' title="bbox 2035 2943 3530 3015">
     <span class='ocr_line' id='line_1_60' title="bbox 2035 2943 3530 3015; baseline 0.005 -19"><span class='ocrx_word' id='word_1_359' title='bbox 2035 2943 2118 2998; x_wconf 87' lang='lat' dir='ltr'><strong>Ab</strong></span> <span class='ocrx_word' id='word_1_360' title='bbox 2149 2961 2286 2998; x_wconf 81' lang='lat' dir='ltr'><strong>Lxxx</strong></span> <span class='ocrx_word' id='word_1_361' title='bbox 2337 2959 2481 2998; x_wconf 89' lang='lat' dir='ltr'><strong>anno</strong></span> <span class='ocrx_word' id='word_1_362' title='bbox 2519 2943 2732 3015; x_wconf 80' lang='lat' dir='ltr'><strong>Moysis,</strong></span> <span class='ocrx_word' id='word_1_363' title='bbox 2771 2945 2887 2999; x_wconf 83' lang='lat' dir='ltr'><strong>sive</strong></span> <span class='ocrx_word' id='word_1_364' title='bbox 2911 2944 2979 2999; x_wconf 90' lang='lat' dir='ltr'><strong>ab</strong></span> <span class='ocrx_word' id='word_1_365' title='bbox 3010 2946 3155 3001; x_wconf 81' lang='lat' dir='ltr'><strong>exitu</strong></span> <span class='ocrx_word' id='word_1_366' title='bbox 3191 2947 3422 3006; x_wconf 89' lang='lat' dir='ltr'><strong>ﬁliorum</strong></span> <span class='ocrx_word' id='word_1_367' title='bbox 3451 2950 3530 3004; x_wconf 83' lang='lat' dir='ltr'><strong>ls-</strong></span> 
     </span>
    </p>
   </div>
   <div class='ocr_carea' id='block_1_61' title="bbox 1963 3033 3530 3108">
    <p class='ocr_par' dir='ltr' id='par_1_61' title="bbox 1963 3033 3530 3108">
     <span class='ocr_line' id='line_1_61' title="bbox 1963 3033 3530 3108; baseline 0.002 -20"><span class='ocrx_word' id='word_1_368' title='bbox 1963 3035 2075 3090; x_wconf 88' lang='lat' dir='ltr'><strong>rael</strong></span> <span class='ocrx_word' id='word_1_369' title='bbox 2103 3049 2272 3104; x_wconf 86' lang='lat' dir='ltr'><strong>usque</strong></span> <span class='ocrx_word' id='word_1_370' title='bbox 2303 3033 2367 3087; x_wconf 90' lang='lat' dir='ltr'><strong>ad</strong></span> <span class='ocrx_word' id='word_1_371' title='bbox 2403 3034 2621 3088; x_wconf 89' lang='lat' dir='ltr'><strong>tertium</strong></span> <span class='ocrx_word' id='word_1_372' title='bbox 2651 3049 2853 3088; x_wconf 90' lang='lat' dir='ltr'><strong>annum</strong></span> <span class='ocrx_word' id='word_1_373' title='bbox 2869 3033 3082 3101; x_wconf 81' lang='lat' dir='ltr'><strong>Abdon,</strong></span> <span class='ocrx_word' id='word_1_374' title='bbox 3113 3051 3221 3106; x_wconf 90' lang='lat' dir='ltr'><strong>quo</strong></span> <span class='ocrx_word' id='word_1_375' title='bbox 3251 3050 3404 3108; x_wconf 89' lang='lat' dir='ltr'><strong>capta</strong></span> <span class='ocrx_word' id='word_1_376' title='bbox 3444 3046 3530 3093; x_wconf 85' lang='lat' dir='ltr'><strong>est</strong></span> 
     </span>
    </p>
   </div>
   <div class='ocr_carea' id='block_1_62' title="bbox 1889 3124 2543 3198">
    <p class='ocr_par' dir='ltr' id='par_1_62' title="bbox 1889 3124 2543 3198">
     <span class='ocr_line' id='line_1_62' title="bbox 1889 3124 2543 3198; baseline 0 -19"><span class='ocrx_word' id='word_1_377' title='bbox 1889 3140 1931 3198; x_wconf 74' lang='grc' dir='ltr'>ο</span> <span class='ocrx_word' id='word_1_378' title='bbox 1965 3125 2146 3194; x_wconf 88' lang='lat' dir='ltr'><strong>Troja,</strong></span> <span class='ocrx_word' id='word_1_379' title='bbox 2178 3124 2305 3178; x_wconf 92' lang='lat' dir='ltr'><strong>anni</strong></span> <span class='ocrx_word' id='word_1_380' title='bbox 2340 3139 2543 3179; x_wconf 82' lang='lat' dir='ltr'><strong>ccccw.</strong></span> 
     </span>
    </p>
   </div>
   <div class='ocr_carea' id='block_1_63' title="bbox 2027 3213 3527 3282">
    <p class='ocr_par' dir='ltr' id='par_1_63' title="bbox 2027 3213 3527 3282">
     <span class='ocr_line' id='line_1_63' title="bbox 2027 3213 3527 3282; baseline 0.003 -16"><span class='ocrx_word' id='word_1_381' title='bbox 2027 3215 2111 3268; x_wconf 83' lang='lat' dir='ltr'><strong>Ab</strong></span> <span class='ocrx_word' id='word_1_382' title='bbox 2138 3229 2281 3267; x_wconf 91' lang='lat' dir='ltr'><strong>anno</strong></span> <span class='ocrx_word' id='word_1_383' title='bbox 2323 3231 2375 3268; x_wconf 81' lang='lat' dir='ltr'><strong>xv</strong></span> <span class='ocrx_word' id='word_1_384' title='bbox 2413 3213 2626 3277; x_wconf 83' lang='lat' dir='ltr'><strong>Abdon,</strong></span> <span class='ocrx_word' id='word_1_385' title='bbox 2685 3229 2856 3282; x_wconf 89' lang='lat' dir='ltr'><strong>usque</strong></span> <span class='ocrx_word' id='word_1_386' title='bbox 2891 3215 2956 3269; x_wconf 91' lang='lat' dir='ltr'><strong>ad</strong></span> <span class='ocrx_word' id='word_1_387' title='bbox 2995 3216 3290 3270; x_wconf 77' lang='lat' dir='ltr'><strong>secundum</strong></span> <span class='ocrx_word' id='word_1_388' title='bbox 3321 3233 3527 3271; x_wconf 87' lang='lat' dir='ltr'><strong>annum</strong></span> 
     </span>
    </p>
   </div>
   <div class='ocr_carea' id='block_1_64' title="bbox 278 3297 1856 3375">
    <p class='ocr_par' dir='ltr' id='par_1_64' title="bbox 278 3297 1854 3375">
     <span class='ocr_line' id='line_1_64' title="bbox 278 3297 1854 3375; baseline -0.005 -16"><span class='ocrx_word' id='word_1_389' title='bbox 278 3306 614 3375; x_wconf 80' lang='grc' dir='ltr'><strong>Σολομῶνος,</strong></span> <span class='ocrx_word' id='word_1_390' title='bbox 653 3303 774 3358; x_wconf 80' lang='grc' dir='ltr'><strong>καθ’</strong></span> <span class='ocrx_word' id='word_1_391' title='bbox 805 3303 833 3356; x_wconf 85' lang='grc' dir='ltr'><strong>δ</strong></span> <span class='ocrx_word' id='word_1_392' title='bbox 867 3303 1066 3374; x_wconf 75' lang='grc' dir='ltr'><strong>ἧρξατο</strong></span> <span class='ocrx_word' id='word_1_393' title='bbox 1097 3305 1130 3374; x_wconf 81' lang='grc' dir='ltr'>ἡ</span> <span class='ocrx_word' id='word_1_394' title='bbox 1176 3300 1366 3372; x_wconf 84' lang='grc' dir='ltr'><strong>πρώτη</strong></span> <span class='ocrx_word' id='word_1_395' title='bbox 1402 3299 1716 3369; x_wconf 80' lang='grc' dir='ltr'><strong>κατασκευὴ</strong></span> <span class='ocrx_word' id='word_1_396' title='bbox 1761 3297 1854 3351; x_wconf 89' lang='grc' dir='ltr'><strong>τοῦ</strong></span> 
     </span>
    </p>
   </div>
   <div class='ocr_carea' id='block_1_65' title="bbox 1983 3297 3526 3375">
    <p class='ocr_par' dir='ltr' id='par_1_65' title="bbox 1983 3300 3526 3371">
     <span class='ocr_line' id='line_1_65' title="bbox 1983 3300 3526 3371; baseline 0.001 -15"><span class='ocrx_word' id='word_1_397' title='bbox 1983 3301 2302 3362; x_wconf 64' lang='lat' dir='ltr'><strong>Solomonis,</strong></span> <span class='ocrx_word' id='word_1_398' title='bbox 2354 3315 2462 3370; x_wconf 93' lang='lat' dir='ltr'><strong>quo</strong></span> <span class='ocrx_word' id='word_1_399' title='bbox 2509 3300 2682 3369; x_wconf 85' lang='lat' dir='ltr'><strong>prima</strong></span> <span class='ocrx_word' id='word_1_400' title='bbox 2739 3301 2904 3370; x_wconf 71' lang='lat' dir='ltr'><strong>cmpit</strong></span> <span class='ocrx_word' id='word_1_401' title='bbox 2964 3303 3150 3371; x_wconf 91' lang='lat' dir='ltr'><strong>templi</strong></span> <span class='ocrx_word' id='word_1_402' title='bbox 3198 3304 3526 3370; x_wconf 55' lang='lat' dir='ltr'><strong>mdiﬁcatio,</strong></span> 
     </span>
    </p>
   </div>
   <div class='ocr_carea' id='block_1_66' title="bbox 279 3396 639 3467">
    <p class='ocr_par' dir='ltr' id='par_1_66' title="bbox 279 3396 639 3467">
     <span class='ocr_line' id='line_1_66' title="bbox 279 3396 639 3467; baseline 0 -17"><span class='ocrx_word' id='word_1_403' title='bbox 279 3396 459 3467; x_wconf 71' lang='grc' dir='ltr'><strong>ἱεροῦ,</strong></span> <span class='ocrx_word' id='word_1_404' title='bbox 493 3400 639 3460; x_wconf 80' lang='grc' dir='ltr'><strong>σκς’.</strong></span> 
     </span>
    </p>
   </div>
   <div class='ocr_carea' id='block_1_67' title="bbox 367 3480 1856 3557">
    <p class='ocr_par' dir='ltr' id='par_1_67' title="bbox 367 3480 1856 3557">
     <span class='ocr_line' id='line_1_67' title="bbox 367 3480 1856 3557; baseline -0.004 -18"><span class='ocrx_word' id='word_1_405' title='bbox 367 3487 498 3539; x_wconf 65' lang='grc' dir='ltr'><strong>Ἀπὸ</strong></span> <span class='ocrx_word' id='word_1_406' title='bbox 521 3493 568 3539; x_wconf 89' lang='grc' dir='ltr'><strong>α·</strong></span> <span class='ocrx_word' id='word_1_407' title='bbox 583 3487 736 3549; x_wconf 80' lang='grc' dir='ltr'><strong>ἔτους</strong></span> <span class='ocrx_word' id='word_1_408' title='bbox 761 3486 804 3517; x_wconf 86' lang='grc'><strong>⁸³</strong></span> <span class='ocrx_word' id='word_1_409' title='bbox 821 3485 1130 3557; x_wconf 81' lang='grc' dir='ltr'><strong>Σολομῶνος</strong></span> <span class='ocrx_word' id='word_1_410' title='bbox 1150 3484 1254 3547; x_wconf 80' lang='grc' dir='ltr'><strong>ἔως</strong></span> <span class='ocrx_word' id='word_1_411' title='bbox 1277 3492 1317 3537; x_wconf 91' lang='grc' dir='ltr'><strong>ν’</strong></span> <span class='ocrx_word' id='word_1_412' title='bbox 1346 3483 1498 3546; x_wconf 83' lang='grc' dir='ltr'><strong>ἔτους</strong></span> <span class='ocrx_word' id='word_1_413' title='bbox 1522 3481 1616 3535; x_wconf 91' lang='grc' dir='ltr'><strong>τοῦ</strong></span> <span class='ocrx_word' id='word_1_414' title='bbox 1652 3480 1856 3548; x_wconf 72' lang='grc' dir='ltr'><strong>’οζίου,</strong></span> 
     </span>
    </p>
   </div>
   <div class='ocr_carea' id='block_1_68' title="bbox 275 3574 1398 3650">
    <p class='ocr_par' dir='ltr' id='par_1_68' title="bbox 275 3574 1398 3650">
     <span class='ocr_line' id='line_1_68' title="bbox 275 3574 1398 3650; baseline -0.004 -18"><span class='ocrx_word' id='word_1_415' title='bbox 275 3582 455 3650; x_wconf 70' lang='grc' dir='ltr'><strong>ῆγουν</strong></span> <span class='ocrx_word' id='word_1_416' title='bbox 485 3580 584 3649; x_wconf 81' lang='grc' dir='ltr'><strong>τὴν</strong></span> <span class='ocrx_word' id='word_1_417' title='bbox 618 3577 838 3649; x_wconf 85' lang='grc' dir='ltr'><strong>πρώτην</strong></span> <span class='ocrx_word' id='word_1_418' title='bbox 877 3577 1234 3648; x_wconf 79' lang='grc' dir='ltr'><strong>Ὀλυμπιάδα,</strong></span> <span class='ocrx_word' id='word_1_419' title='bbox 1270 3574 1398 3640; x_wconf 75' lang='grc' dir='ltr'><strong>σξδ’.</strong></span> 
     </span>
    </p>
   </div>
   <div class='ocr_carea' id='block_1_69' title="bbox 366 3666 1853 3742">
    <p class='ocr_par' dir='ltr' id='par_1_69' title="bbox 366 3666 1853 3742">
     <span class='ocr_line' id='line_1_69' title="bbox 366 3666 1853 3742; baseline -0.003 -18"><span class='ocrx_word' id='word_1_420' title='bbox 366 3673 498 3726; x_wconf 79' lang='grc' dir='ltr'><strong>Ἀπὸ</strong></span> <span class='ocrx_word' id='word_1_421' title='bbox 527 3672 699 3742; x_wconf 75' lang='grc' dir='ltr'><strong>ἀρχῆς</strong></span> <span class='ocrx_word' id='word_1_422' title='bbox 731 3675 828 3742; x_wconf 83' lang='grc' dir='ltr'><strong>τῆς</strong></span> <span class='ocrx_word' id='word_1_423' title='bbox 852 3669 1073 3741; x_wconf 81' lang='grc' dir='ltr'><strong>πρώτης</strong></span> <span class='ocrx_word' id='word_1_424' title='bbox 1100 3669 1459 3740; x_wconf 84' lang='grc' dir='ltr'><strong>Ὀλυμπιάδος</strong></span> <span class='ocrx_word' id='word_1_425' title='bbox 1487 3669 1592 3730; x_wconf 87' lang='grc' dir='ltr'><strong>ἔως</strong></span> <span class='ocrx_word' id='word_1_426' title='bbox 1619 3674 1671 3733; x_wconf 86' lang='grc' dir='ltr'><strong>ς’</strong></span> <span class='ocrx_word' id='word_1_427' title='bbox 1698 3666 1853 3730; x_wconf 83' lang='grc' dir='ltr'><strong>ἔτους</strong></span> 
     </span>
    </p>
   </div>
   <div class='ocr_carea' id='block_1_70' title="bbox 271 3758 1850 3833">
    <p class='ocr_par' dir='ltr' id='par_1_70' title="bbox 271 3758 1850 3833">
     <span class='ocr_line' id='line_1_70' title="bbox 271 3758 1850 3833; baseline -0.004 -17"><span class='ocrx_word' id='word_1_428' title='bbox 271 3767 506 3833; x_wconf 83' lang='grc' dir='ltr'><strong>Δαρειου</strong></span> <span class='ocrx_word' id='word_1_429' title='bbox 538 3761 631 3815; x_wconf 84' lang='grc' dir='ltr'><strong>τοῦ</strong></span> <span class='ocrx_word' id='word_1_430' title='bbox 663 3762 990 3826; x_wconf 82' lang='grc' dir='ltr'><strong>Ὑστάσπου,</strong></span> <span class='ocrx_word' id='word_1_431' title='bbox 1023 3761 1144 3814; x_wconf 85' lang='grc' dir='ltr'><strong>καθ’</strong></span> <span class='ocrx_word' id='word_1_432' title='bbox 1183 3761 1212 3813; x_wconf 86' lang='grc' dir='ltr'>ὃ</span> <span class='ocrx_word' id='word_1_433' title='bbox 1262 3758 1619 3828; x_wconf 83' lang='grc' dir='ltr'><strong>συνετελέσθη</strong></span> <span class='ocrx_word' id='word_1_434' title='bbox 1659 3759 1692 3829; x_wconf 85' lang='grc' dir='ltr'><strong>ή</strong></span> <span class='ocrx_word' id='word_1_435' title='bbox 1730 3758 1850 3812; x_wconf 90' lang='grc' dir='ltr'><strong>δευ-</strong></span> 
     </span>
    </p>
   </div>
   <div class='ocr_carea' id='block_1_71' title="bbox 273 3851 1179 3924">
    <p class='ocr_par' dir='ltr' id='par_1_71' title="bbox 273 3851 1179 3924">
     <span class='ocr_line' id='line_1_71' title="bbox 273 3851 1179 3924; baseline -0.002 -17"><span class='ocrx_word' id='word_1_436' title='bbox 273 3853 415 3924; x_wconf 78' lang='grc' dir='ltr'><strong>τέρα</strong></span> <span class='ocrx_word' id='word_1_437' title='bbox 445 3852 535 3905; x_wconf 85' lang='grc' dir='ltr'><strong>τοῦ</strong></span> <span class='ocrx_word' id='word_1_438' title='bbox 572 3851 718 3924; x_wconf 75' lang='grc' dir='ltr'><strong>ἱεροῦ</strong></span> <span class='ocrx_word' id='word_1_439' title='bbox 745 3852 1017 3922; x_wconf 83' lang='grc' dir='ltr'><strong>οἰκοδομή,</strong></span> <span class='ocrx_word' id='word_1_440' title='bbox 1045 3853 1179 3922; x_wconf 87' lang='grc' dir='ltr'><strong>σμή.</strong></span> 
     </span>
    </p>
   </div>
   <div class='ocr_carea' id='block_1_72' title="bbox 364 3940 1846 4011">
    <p class='ocr_par' dir='ltr' id='par_1_72' title="bbox 364 3940 1846 4011">
     <span class='ocr_line' id='line_1_72' title="bbox 364 3940 1846 4011; baseline -0.003 -15"><span class='ocrx_word' id='word_1_441' title='bbox 364 3943 499 3997; x_wconf 80' lang='grc' dir='ltr'><strong>’Δπὺ</strong></span> <span class='ocrx_word' id='word_1_442' title='bbox 549 3942 592 4008; x_wconf 79' lang='grc' dir='ltr'><strong>ζ’</strong></span> <span class='ocrx_word' id='word_1_443' title='bbox 641 3943 790 4006; x_wconf 85' lang='grc' dir='ltr'><strong>ἔτους</strong></span> <span class='ocrx_word' id='word_1_444' title='bbox 840 3943 932 3996; x_wconf 79' lang='grc' dir='ltr'><strong>καὶ</strong></span> <span class='ocrx_word' id='word_1_445' title='bbox 968 3942 1133 3994; x_wconf 86' lang='grc' dir='ltr'><strong>αὐτοῦ</strong></span> <span class='ocrx_word' id='word_1_446' title='bbox 1175 3941 1269 3995; x_wconf 86' lang='grc' dir='ltr'><strong>τοῦ</strong></span> <span class='ocrx_word' id='word_1_447' title='bbox 1311 3940 1590 4010; x_wconf 82' lang='grc' dir='ltr'><strong>λεχθέντος</strong></span> <span class='ocrx_word' id='word_1_448' title='bbox 1622 3940 1846 4011; x_wconf 74' lang='grc' dir='ltr'><strong>Δαρείου</strong></span> 
     </span>
    </p>
   </div>
   <div class='ocr_carea' id='block_1_73' title="bbox 269 4030 1844 4105">
    <p class='ocr_par' dir='ltr' id='par_1_73' title="bbox 269 4030 1844 4105">
     <span class='ocr_line' id='line_1_73' title="bbox 269 4030 1844 4105; baseline -0.004 -17"><span class='ocrx_word' id='word_1_449' title='bbox 269 4037 384 4098; x_wconf 71' lang='grc' dir='ltr'><strong>ἕως</strong></span> <span class='ocrx_word' id='word_1_450' title='bbox 423 4033 483 4087; x_wconf 85' lang='grc' dir='ltr'><strong>ιε’</strong></span> <span class='ocrx_word' id='word_1_451' title='bbox 517 4035 668 4096; x_wconf 85' lang='grc' dir='ltr'><strong>ἔτους</strong></span> <span class='ocrx_word' id='word_1_452' title='bbox 695 4034 741 4064; x_wconf 72' lang='grc'><strong>³⁵</strong></span> <span class='ocrx_word' id='word_1_453' title='bbox 773 4033 1044 4105; x_wconf 79' lang='grc' dir='ltr'><strong>Τιϐερίου,</strong></span> <span class='ocrx_word' id='word_1_454' title='bbox 1095 4033 1264 4103; x_wconf 73' lang='grc' dir='ltr'><strong>ἡγουν</strong></span> <span class='ocrx_word' id='word_1_455' title='bbox 1299 4031 1390 4085; x_wconf 89' lang='grc' dir='ltr'><strong>τοῦ</strong></span> <span class='ocrx_word' id='word_1_456' title='bbox 1422 4031 1690 4104; x_wconf 82' lang='grc' dir='ltr'><strong>σωτηρίου</strong></span> <span class='ocrx_word' id='word_1_457' title='bbox 1747 4030 1844 4101; x_wconf 87' lang='grc' dir='ltr'><strong>βα-</strong></span> 
     </span>
    </p>
   </div>
   <div class='ocr_carea' id='block_1_74' title="bbox 270 4119 780 4192">
    <p class='ocr_par' dir='ltr' id='par_1_74' title="bbox 270 4119 780 4192">
     <span class='ocr_line' id='line_1_74' title="bbox 270 4119 780 4192; baseline 0.002 -18"><span class='ocrx_word' id='word_1_458' title='bbox 270 4122 604 4192; x_wconf 74' lang='grc' dir='ltr'><strong>πτίσματος,</strong></span> <span class='ocrx_word' id='word_1_459' title='bbox 643 4119 780 4190; x_wconf 70' lang='grc' dir='ltr'><strong>φνξ.</strong></span> 
     </span>
    </p>
   </div>
   <div class='ocr_carea' id='block_1_75' title="bbox 362 4209 1843 4284">
    <p class='ocr_par' dir='ltr' id='par_1_75' title="bbox 362 4209 1843 4284">
     <span class='ocr_line' id='line_1_75' title="bbox 362 4209 1843 4284; baseline -0.003 -18"><span class='ocrx_word' id='word_1_460' title='bbox 362 4213 491 4266; x_wconf 76' lang='grc' dir='ltr'><strong>’Δπδ</strong></span> <span class='ocrx_word' id='word_1_461' title='bbox 523 4211 596 4278; x_wconf 78' lang='grc' dir='ltr'><strong>ις’</strong></span> <span class='ocrx_word' id='word_1_462' title='bbox 627 4212 777 4276; x_wconf 77' lang='grc' dir='ltr'><strong>ἔτους</strong></span> <span class='ocrx_word' id='word_1_463' title='bbox 809 4212 1080 4284; x_wconf 77' lang='grc' dir='ltr'><strong>Τιϐερὲου,</strong></span> <span class='ocrx_word' id='word_1_464' title='bbox 1111 4213 1277 4283; x_wconf 73' lang='grc' dir='ltr'><strong>ἤγουν</strong></span> <span class='ocrx_word' id='word_1_465' title='bbox 1309 4210 1354 4282; x_wconf 81' lang='grc' dir='ltr'><strong>β’</strong></span> <span class='ocrx_word' id='word_1_466' title='bbox 1380 4211 1532 4272; x_wconf 84' lang='grc' dir='ltr'><strong>ἔτους</strong></span> <span class='ocrx_word' id='word_1_467' title='bbox 1563 4210 1654 4264; x_wconf 76' lang='grc' dir='ltr'><strong>καὶ</strong></span> <span class='ocrx_word' id='word_1_468' title='bbox 1680 4209 1843 4263; x_wconf 78' lang='grc' dir='ltr'><strong>αὑτοῦ</strong></span> 
     </span>
    </p>
   </div>
   <div class='ocr_carea' id='block_1_76' title="bbox 270 4302 1845 4375">
    <p class='ocr_par' dir='ltr' id='par_1_76' title="bbox 270 4302 1845 4375">
     <span class='ocr_line' id='line_1_76' title="bbox 270 4302 1845 4375; baseline -0.004 -16"><span class='ocrx_word' id='word_1_469' title='bbox 270 4303 359 4374; x_wconf 85' lang='grc' dir='ltr'><strong>σβ¹</strong></span> <span class='ocrx_word' id='word_1_470' title='bbox 398 4305 753 4374; x_wconf 81' lang='grc' dir='ltr'><strong>Ὀλυμπιάδος</strong></span> <span class='ocrx_word' id='word_1_471' title='bbox 777 4305 890 4374; x_wconf 86' lang='grc'>(97)</span> <span class='ocrx_word' id='word_1_472' title='bbox 917 4305 1019 4368; x_wconf 75' lang='grc' dir='ltr'><strong>ἕως</strong></span> <span class='ocrx_word' id='word_1_473' title='bbox 1048 4304 1144 4375; x_wconf 87' lang='grc' dir='ltr'><strong>τῆς</strong></span> <span class='ocrx_word' id='word_1_474' title='bbox 1171 4302 1600 4373; x_wconf 76' lang='grc' dir='ltr'><strong>εἰκοσαετηρίδος</strong></span> <span class='ocrx_word' id='word_1_475' title='bbox 1621 4302 1666 4332; x_wconf 79' lang='grc'>³⁸</span> <span class='ocrx_word' id='word_1_476' title='bbox 1691 4303 1845 4354; x_wconf 86' lang='grc' dir='ltr'>Κων-</span> 
     </span>
    </p>
   </div>
   <div class='ocr_carea' id='block_1_77' title="bbox 1955 3405 2168 3444">
    <p class='ocr_par' dir='ltr' id='par_1_77' title="bbox 1955 3405 2168 3444">
     <span class='ocr_line' id='line_1_77' title="bbox 1955 3405 2168 3444; baseline -0.009 0"><span class='ocrx_word' id='word_1_477' title='bbox 1955 3405 2168 3444; x_wconf 71' lang='lat' dir='ltr'><strong>CCXXVL</strong></span> 
     </span>
    </p>
   </div>
   <div class='ocr_carea' id='block_1_78' title="bbox 2023 3474 3521 3546">
    <p class='ocr_par' dir='ltr' id='par_1_78' title="bbox 2023 3474 3521 3546">
     <span class='ocr_line' id='line_1_78' title="bbox 2023 3474 3521 3546; baseline 0.003 -17"><span class='ocrx_word' id='word_1_478' title='bbox 2023 3476 2106 3530; x_wconf 88' lang='lat' dir='ltr'><strong>Ab</strong></span> <span class='ocrx_word' id='word_1_479' title='bbox 2138 3491 2281 3529; x_wconf 90' lang='lat' dir='ltr'><strong>anno</strong></span> <span class='ocrx_word' id='word_1_480' title='bbox 2320 3493 2379 3530; x_wconf 85' lang='grc' dir='ltr'><strong>ιι.</strong></span> <span class='ocrx_word' id='word_1_481' title='bbox 2411 3474 2715 3530; x_wconf 88' lang='lat' dir='ltr'><strong>Solomonis</strong></span> <span class='ocrx_word' id='word_1_482' title='bbox 2751 3491 2924 3545; x_wconf 89' lang='lat' dir='ltr'><strong>usque</strong></span> <span class='ocrx_word' id='word_1_483' title='bbox 2949 3476 3017 3530; x_wconf 92' lang='lat' dir='ltr'><strong>ad</strong></span> <span class='ocrx_word' id='word_1_484' title='bbox 3045 3494 3093 3532; x_wconf 78' lang='grc' dir='ltr'><strong>ι..</strong></span> <span class='ocrx_word' id='word_1_485' title='bbox 3127 3493 3332 3532; x_wconf 91' lang='lat' dir='ltr'><strong>annum</strong></span> <span class='ocrx_word' id='word_1_486' title='bbox 3358 3478 3521 3546; x_wconf 65' lang='lat' dir='ltr'><strong>Ozias,</strong></span> 
     </span>
    </p>
   </div>
   <div class='ocr_carea' id='block_1_79' title="bbox 1901 3566 3421 3637">
    <p class='ocr_par' dir='ltr' id='par_1_79' title="bbox 1901 3566 3421 3637">
     <span class='ocr_line' id='line_1_79' title="bbox 1901 3566 3421 3637; baseline 0.001 -15"><span class='ocrx_word' id='word_1_487' title='bbox 1901 3620 1903 3622; x_wconf 85' lang='lat'><strong>.</strong></span> <span class='ocrx_word' id='word_1_488' title='bbox 1954 3566 2070 3620; x_wconf 85' lang='lat' dir='ltr'><strong>sive</strong></span> <span class='ocrx_word' id='word_1_489' title='bbox 2092 3583 2262 3636; x_wconf 88' lang='lat' dir='ltr'><strong>usque</strong></span> <span class='ocrx_word' id='word_1_490' title='bbox 2286 3569 2350 3622; x_wconf 89' lang='lat' dir='ltr'><strong>ad</strong></span> <span class='ocrx_word' id='word_1_491' title='bbox 2381 3567 2612 3636; x_wconf 89' lang='lat' dir='ltr'><strong>primam</strong></span> <span class='ocrx_word' id='word_1_492' title='bbox 2641 3566 3036 3637; x_wconf 85' lang='lat' dir='ltr'><strong>Olympiadem,</strong></span> <span class='ocrx_word' id='word_1_493' title='bbox 3065 3569 3194 3622; x_wconf 90' lang='lat' dir='ltr'><strong>anni</strong></span> <span class='ocrx_word' id='word_1_494' title='bbox 3217 3585 3421 3624; x_wconf 77' lang='lat' dir='ltr'><strong>CCLXIV.</strong></span> 
     </span>
    </p>
   </div>
   <div class='ocr_carea' id='block_1_80' title="bbox 2020 3656 3524 3734">
    <p class='ocr_par' dir='ltr' id='par_1_80' title="bbox 2020 3656 3524 3734">
     <span class='ocr_line' id='line_1_80' title="bbox 2020 3656 3524 3734; baseline 0.001 -22"><span class='ocrx_word' id='word_1_495' title='bbox 2020 3657 2273 3712; x_wconf 85' lang='lat' dir='ltr'><strong>Abinitio</strong></span> <span class='ocrx_word' id='word_1_496' title='bbox 2298 3657 2483 3726; x_wconf 73' lang='lat' dir='ltr'><strong>primze</strong></span> <span class='ocrx_word' id='word_1_497' title='bbox 2506 3656 2832 3728; x_wconf 79' lang='lat' dir='ltr'><strong>Olympiadis</strong></span> <span class='ocrx_word' id='word_1_498' title='bbox 2865 3674 3034 3727; x_wconf 71' lang='lat' dir='ltr'><strong>usque</strong></span> <span class='ocrx_word' id='word_1_499' title='bbox 3071 3661 3136 3714; x_wconf 90' lang='lat' dir='ltr'><strong>ad</strong></span> <span class='ocrx_word' id='word_1_500' title='bbox 3165 3677 3218 3714; x_wconf 88' lang='lat' dir='ltr'><strong>vt</strong></span> <span class='ocrx_word' id='word_1_501' title='bbox 3245 3661 3383 3715; x_wconf 91' lang='lat' dir='ltr'><strong>Darii</strong></span> <span class='ocrx_word' id='word_1_502' title='bbox 3417 3661 3524 3734; x_wconf 70' lang='grc'><strong>11)·-</strong></span> 
     </span>
    </p>
   </div>
   <div class='ocr_carea' id='block_1_81' title="bbox 1949 3747 3520 3821">
    <p class='ocr_par' dir='ltr' id='par_1_81' title="bbox 1949 3747 3520 3821">
     <span class='ocr_line' id='line_1_81' title="bbox 1949 3747 3520 3821; baseline 0.003 -17"><span class='ocrx_word' id='word_1_503' title='bbox 1949 3749 2145 3819; x_wconf 89' lang='lat' dir='ltr'><strong>staspis</strong></span> <span class='ocrx_word' id='word_1_504' title='bbox 2175 3748 2287 3814; x_wconf 90' lang='lat' dir='ltr'><strong>ﬁlii,</strong></span> <span class='ocrx_word' id='word_1_505' title='bbox 2313 3765 2420 3817; x_wconf 92' lang='lat' dir='ltr'><strong>quo</strong></span> <span class='ocrx_word' id='word_1_506' title='bbox 2445 3747 2683 3818; x_wconf 81' lang='lat' dir='ltr'><strong>perfecta</strong></span> <span class='ocrx_word' id='word_1_507' title='bbox 2711 3757 2794 3803; x_wconf 87' lang='lat' dir='ltr'><strong>est</strong></span> <span class='ocrx_word' id='word_1_508' title='bbox 2837 3749 3009 3804; x_wconf 88' lang='lat' dir='ltr'><strong>altera</strong></span> <span class='ocrx_word' id='word_1_509' title='bbox 3044 3752 3228 3821; x_wconf 90' lang='lat' dir='ltr'><strong>templi</strong></span> <span class='ocrx_word' id='word_1_510' title='bbox 3259 3752 3520 3807; x_wconf 87' lang='lat' dir='ltr'><strong>llieroso-</strong></span> 
     </span>
    </p>
   </div>
   <div class='ocr_carea' id='block_1_82' title="bbox 1949 3840 2810 3912">
    <p class='ocr_par' dir='ltr' id='par_1_82' title="bbox 1949 3840 2810 3912">
     <span class='ocr_line' id='line_1_82' title="bbox 1949 3840 2810 3912; baseline -0.001 -18"><span class='ocrx_word' id='word_1_511' title='bbox 1949 3841 2192 3912; x_wconf 76' lang='lat' dir='ltr'><strong>lymitani</strong></span> <span class='ocrx_word' id='word_1_512' title='bbox 2223 3840 2527 3906; x_wconf 56' lang='lat' dir='ltr'><strong>aediﬁcatio,</strong></span> <span class='ocrx_word' id='word_1_513' title='bbox 2559 3857 2810 3895; x_wconf 80' lang='lat' dir='ltr'><strong>CCXLVIII.</strong></span> 
     </span>
    </p>
   </div>
   <div class='ocr_carea' id='block_1_83' title="bbox 2018 3931 3518 4002">
    <p class='ocr_par' dir='ltr' id='par_1_83' title="bbox 2018 3931 3518 4002">
     <span class='ocr_line' id='line_1_83' title="bbox 2018 3931 3518 4002; baseline 0.001 -16"><span class='ocrx_word' id='word_1_514' title='bbox 2018 3933 2101 3986; x_wconf 80' lang='lat' dir='ltr'><strong>Ab</strong></span> <span class='ocrx_word' id='word_1_515' title='bbox 2138 3947 2281 3986; x_wconf 86' lang='lat' dir='ltr'><strong>anno</strong></span> <span class='ocrx_word' id='word_1_516' title='bbox 2348 3948 2421 3985; x_wconf 83' lang='lat' dir='ltr'><strong>vn</strong></span> <span class='ocrx_word' id='word_1_517' title='bbox 2460 3932 2701 4000; x_wconf 72' lang='lat' dir='ltr'><strong>prtedicti</strong></span> <span class='ocrx_word' id='word_1_518' title='bbox 2741 3931 2983 4001; x_wconf 89' lang='lat' dir='ltr'><strong>ejusdem</strong></span> <span class='ocrx_word' id='word_1_519' title='bbox 3026 3933 3193 3997; x_wconf 91' lang='lat' dir='ltr'><strong>Darii,</strong></span> <span class='ocrx_word' id='word_1_520' title='bbox 3236 3950 3408 4002; x_wconf 88' lang='lat' dir='ltr'><strong>usque</strong></span> <span class='ocrx_word' id='word_1_521' title='bbox 3451 3936 3518 3989; x_wconf 83' lang='lat' dir='ltr'><strong>ad</strong></span> 
     </span>
    </p>
   </div>
   <div class='ocr_carea' id='block_1_84' title="bbox 1944 4021 3516 4091">
    <p class='ocr_par' dir='ltr' id='par_1_84' title="bbox 1944 4021 3516 4091">
     <span class='ocr_line' id='line_1_84' title="bbox 1944 4021 3516 4091; baseline 0.002 -16"><span class='ocrx_word' id='word_1_522' title='bbox 1944 4039 2014 4075; x_wconf 89' lang='lat' dir='ltr'><strong>xv</strong></span> <span class='ocrx_word' id='word_1_523' title='bbox 2057 4021 2277 4082; x_wconf 88' lang='lat' dir='ltr'><strong>&#39;l‘iberii,</strong></span> <span class='ocrx_word' id='word_1_524' title='bbox 2329 4021 2444 4074; x_wconf 88' lang='lat' dir='ltr'><strong>sive</strong></span> <span class='ocrx_word' id='word_1_525' title='bbox 2490 4036 2660 4089; x_wconf 87' lang='lat' dir='ltr'><strong>usque</strong></span> <span class='ocrx_word' id='word_1_526' title='bbox 2703 4022 2769 4075; x_wconf 90' lang='lat' dir='ltr'><strong>ad</strong></span> <span class='ocrx_word' id='word_1_527' title='bbox 2815 4022 3048 4076; x_wconf 88' lang='lat' dir='ltr'><strong>salutare</strong></span> <span class='ocrx_word' id='word_1_528' title='bbox 3089 4022 3356 4091; x_wconf 84' lang='lat' dir='ltr'><strong>baptisma</strong></span> <span class='ocrx_word' id='word_1_529' title='bbox 3410 4025 3516 4078; x_wconf 86' lang='lat' dir='ltr'><strong>lo-</strong></span> 
     </span>
    </p>
   </div>
   <div class='ocr_carea' id='block_1_85' title="bbox 1944 4111 2298 4172">
    <p class='ocr_par' dir='ltr' id='par_1_85' title="bbox 1944 4111 2298 4172">
     <span class='ocr_line' id='line_1_85' title="bbox 1944 4111 2298 4172; baseline -0.006 -9"><span class='ocrx_word' id='word_1_530' title='bbox 1944 4111 2099 4172; x_wconf 90' lang='lat' dir='ltr'><strong>mini,</strong></span> <span class='ocrx_word' id='word_1_531' title='bbox 2135 4126 2298 4163; x_wconf 83' lang='lat' dir='ltr'><strong>nLvn.</strong></span> 
     </span>
    </p>
   </div>
   <div class='ocr_carea' id='block_1_86' title="bbox 2017 4194 3516 4261">
    <p class='ocr_par' dir='ltr' id='par_1_86' title="bbox 2017 4194 3516 4261">
     <span class='ocr_line' id='line_1_86' title="bbox 2017 4194 3516 4261; baseline 0.004 -13"><span class='ocrx_word' id='word_1_532' title='bbox 2017 4197 2097 4250; x_wconf 81' lang='lat' dir='ltr'><strong>Ab</strong></span> <span class='ocrx_word' id='word_1_533' title='bbox 2135 4212 2277 4249; x_wconf 88' lang='lat' dir='ltr'><strong>anno</strong></span> <span class='ocrx_word' id='word_1_534' title='bbox 2320 4211 2410 4248; x_wconf 78' lang='lat' dir='ltr'><strong>xvr</strong></span> <span class='ocrx_word' id='word_1_535' title='bbox 2448 4194 2671 4261; x_wconf 89' lang='lat' dir='ltr'><strong>Tiberii,</strong></span> <span class='ocrx_word' id='word_1_536' title='bbox 2723 4196 2836 4250; x_wconf 88' lang='lat' dir='ltr'><strong>sive</strong></span> <span class='ocrx_word' id='word_1_537' title='bbox 2876 4197 3119 4251; x_wconf 91' lang='lat' dir='ltr'><strong>secundo</strong></span> <span class='ocrx_word' id='word_1_538' title='bbox 3162 4213 3305 4251; x_wconf 88' lang='lat' dir='ltr'><strong>anno</strong></span> <span class='ocrx_word' id='word_1_539' title='bbox 3347 4214 3516 4255; x_wconf 63' lang='lat' dir='ltr'><strong>ccrxx</strong></span> 
     </span>
    </p>
   </div>
   <div class='ocr_carea' id='block_1_87' title="bbox 1945 4288 3516 4360">
    <p class='ocr_par' dir='ltr' id='par_1_87' title="bbox 1945 4288 3516 4360">
     <span class='ocr_line' id='line_1_87' title="bbox 1945 4288 3516 4360; baseline 0.001 -16"><span class='ocrx_word' id='word_1_540' title='bbox 1945 4288 2290 4360; x_wconf 84' lang='lat' dir='ltr'><strong>Olympiadis,</strong></span> <span class='ocrx_word' id='word_1_541' title='bbox 2326 4303 2495 4356; x_wconf 79' lang='lat' dir='ltr'><strong>usque</strong></span> <span class='ocrx_word' id='word_1_542' title='bbox 2517 4288 2584 4342; x_wconf 89' lang='lat' dir='ltr'><strong>ad</strong></span> <span class='ocrx_word' id='word_1_543' title='bbox 2604 4305 2676 4342; x_wconf 86' lang='lat' dir='ltr'><strong>xx</strong></span> <span class='ocrx_word' id='word_1_544' title='bbox 2696 4303 2896 4342; x_wconf 86' lang='lat' dir='ltr'><strong>annum</strong></span> <span class='ocrx_word' id='word_1_545' title='bbox 2925 4289 3137 4359; x_wconf 87' lang='lat' dir='ltr'><strong>imperii</strong></span> <span class='ocrx_word' id='word_1_546' title='bbox 3175 4290 3516 4346; x_wconf 88' lang='lat' dir='ltr'><strong>Constantini</strong></span> 
     </span>
    </p>
   </div>
   <div class='ocr_carea' id='block_1_88' title="bbox 1630 4437 2216 4495">
    <p class='ocr_par' dir='ltr' id='par_1_88' title="bbox 1630 4437 2216 4495">
     <span class='ocr_line' id='line_1_88' title="bbox 1630 4437 2216 4495; baseline 0.002 -4"><span class='ocrx_word' id='word_1_547' title='bbox 1630 4437 1949 4494; x_wconf 79' lang='lat' dir='ltr'><strong>DUCANCII</strong></span> <span class='ocrx_word' id='word_1_548' title='bbox 1989 4437 2216 4495; x_wconf 74' lang='grc' dir='ltr'><strong>ΝΟΤᾹΞ.</strong></span> 
     </span>
    </p>
   </div>
   <div class='ocr_carea' id='block_1_89' title="bbox 347 4554 1856 4630">
    <p class='ocr_par' dir='ltr' id='par_1_89' title="bbox 347 4555 1850 4630">
     <span class='ocr_line' id='line_1_89' title="bbox 347 4555 1850 4630; baseline -0.004 -15"><span class='ocrx_word' id='word_1_549' title='bbox 347 4561 462 4629; x_wconf 83' lang='grc'>(91)</span> <span class='ocrx_word' id='word_1_550' title='bbox 509 4559 1206 4630; x_wconf 74' lang='grc' dir='ltr'><strong>ΊῶνἊδριιινοπολιτῶν.</strong></span> <span class='ocrx_word' id='word_1_551' title='bbox 1257 4557 1364 4630; x_wconf 81' lang='lat' dir='ltr'><strong>llas</strong></span> <span class='ocrx_word' id='word_1_552' title='bbox 1418 4557 1657 4630; x_wconf 77' lang='lat' dir='ltr'><strong>insignes</strong></span> <span class='ocrx_word' id='word_1_553' title='bbox 1703 4555 1850 4630; x_wconf 79' lang='lat' dir='ltr'><strong>Con-</strong></span> 
     </span>
    </p>
   </div>
   <div class='ocr_carea' id='block_1_90' title="bbox 1983 4554 2764 4630">
    <p class='ocr_par' dir='ltr' id='par_1_90' title="bbox 1985 4554 2764 4630">
     <span class='ocr_line' id='line_1_90' title="bbox 1985 4554 2764 4630; baseline -0.001 -17"><span class='ocrx_word' id='word_1_554' title='bbox 1985 4559 2158 4630; x_wconf 70' lang='lat' dir='ltr'><strong>ditum</strong></span> <span class='ocrx_word' id='word_1_555' title='bbox 2191 4565 2335 4630; x_wconf 82' lang='lat' dir='ltr'><strong>esset</strong></span> <span class='ocrx_word' id='word_1_556' title='bbox 2359 4554 2764 4630; x_wconf 75' lang='grc' dir='ltr'><strong>Καρκηδονίων.</strong></span> 
     </span>
    </p>
   </div>
   <div class='ocr_carea' id='block_1_91' title="bbox 263 4625 1850 4696">
    <p class='ocr_par' dir='ltr' id='par_1_91' title="bbox 263 4625 1850 4696">
     <span class='ocr_line' id='line_1_91' title="bbox 263 4625 1850 4696; baseline -0.007 -8"><span class='ocrx_word' id='word_1_557' title='bbox 263 4625 495 4688; x_wconf 78' lang='lat' dir='ltr'><strong>stantini</strong></span> <span class='ocrx_word' id='word_1_558' title='bbox 528 4625 779 4684; x_wconf 74' lang='lat' dir='ltr'><strong>victorias</strong></span> <span class='ocrx_word' id='word_1_559' title='bbox 822 4631 872 4683; x_wconf 92' lang='lat' dir='ltr'><strong>in</strong></span> <span class='ocrx_word' id='word_1_560' title='bbox 907 4631 1244 4684; x_wconf 87' lang='lat' dir='ltr'><strong>consulatum</strong></span> <span class='ocrx_word' id='word_1_561' title='bbox 1276 4628 1450 4696; x_wconf 89' lang='lat' dir='ltr'><strong>Crispi</strong></span> <span class='ocrx_word' id='word_1_562' title='bbox 1483 4625 1572 4689; x_wconf 80' lang='lat' dir='ltr'><strong>lli,</strong></span> <span class='ocrx_word' id='word_1_563' title='bbox 1603 4636 1671 4696; x_wconf 86' lang='lat' dir='ltr'><strong>ct</strong></span> <span class='ocrx_word' id='word_1_564' title='bbox 1703 4625 1850 4678; x_wconf 80' lang='lat' dir='ltr'><strong>Con-</strong></span> 
     </span>
    </p>
   </div>
   <div class='ocr_carea' id='block_1_92' title="bbox 264 4695 1850 4762">
    <p class='ocr_par' dir='ltr' id='par_1_92' title="bbox 264 4695 1850 4762">
     <span class='ocr_line' id='line_1_92' title="bbox 264 4695 1850 4762; baseline -0.006 -6"><span class='ocrx_word' id='word_1_565' title='bbox 264 4699 498 4756; x_wconf 84' lang='lat' dir='ltr'><strong>stantini</strong></span> <span class='ocrx_word' id='word_1_566' title='bbox 544 4700 612 4752; x_wconf 90' lang='lat' dir='ltr'><strong>lll</strong></span> <span class='ocrx_word' id='word_1_567' title='bbox 646 4710 790 4754; x_wconf 89' lang='lat' dir='ltr'><strong>recte</strong></span> <span class='ocrx_word' id='word_1_568' title='bbox 828 4699 1026 4752; x_wconf 80' lang='lat' dir='ltr'><strong>referre</strong></span> <span class='ocrx_word' id='word_1_569' title='bbox 1059 4699 1303 4762; x_wconf 79' lang='lat' dir='ltr'><strong>Idalium,</strong></span> <span class='ocrx_word' id='word_1_570' title='bbox 1347 4695 1456 4750; x_wconf 79' lang='lat' dir='ltr'><strong>nun</strong></span> <span class='ocrx_word' id='word_1_571' title='bbox 1501 4712 1631 4750; x_wconf 91' lang='lat' dir='ltr'><strong>vero</strong></span> <span class='ocrx_word' id='word_1_572' title='bbox 1662 4695 1715 4747; x_wconf 90' lang='lat' dir='ltr'><strong>in</strong></span> <span class='ocrx_word' id='word_1_573' title='bbox 1751 4711 1850 4747; x_wconf 86' lang='lat' dir='ltr'><strong>an-</strong></span> 
     </span>
    </p>
   </div>
   <div class='ocr_carea' id='block_1_93' title="bbox 259 4765 1845 4837">
    <p class='ocr_par' dir='ltr' id='par_1_93' title="bbox 259 4765 1845 4837">
     <span class='ocr_line' id='line_1_93' title="bbox 259 4765 1845 4837; baseline -0.003 -13"><span class='ocrx_word' id='word_1_574' title='bbox 259 4784 406 4824; x_wconf 87' lang='lat' dir='ltr'><strong>num</strong></span> <span class='ocrx_word' id='word_1_575' title='bbox 432 4778 767 4836; x_wconf 88' lang='lat' dir='ltr'><strong>sequentem,</strong></span> <span class='ocrx_word' id='word_1_576' title='bbox 800 4769 1056 4837; x_wconf 83' lang='lat' dir='ltr'><strong>colligunt</strong></span> <span class='ocrx_word' id='word_1_577' title='bbox 1086 4769 1184 4837; x_wconf 82' lang='lat' dir='ltr'><strong>viri</strong></span> <span class='ocrx_word' id='word_1_578' title='bbox 1228 4767 1369 4820; x_wconf 90' lang='lat' dir='ltr'><strong>docti</strong></span> <span class='ocrx_word' id='word_1_579' title='bbox 1413 4782 1479 4837; x_wconf 65' lang='lat' dir='ltr'><strong>ex</strong></span> <span class='ocrx_word' id='word_1_580' title='bbox 1515 4767 1630 4837; x_wconf 83' lang='lat' dir='ltr'><strong>leg.</strong></span> <span class='ocrx_word' id='word_1_581' title='bbox 1659 4765 1682 4816; x_wconf 84' lang='grc'><strong>1</strong></span> <span class='ocrx_word' id='word_1_582' title='bbox 1711 4765 1845 4819; x_wconf 81' lang='lat' dir='ltr'><strong>Cod.</strong></span> 
     </span>
    </p>
   </div>
   <div class='ocr_carea' id='block_1_94' title="bbox 261 4833 1842 4901">
    <p class='ocr_par' dir='ltr' id='par_1_94' title="bbox 261 4833 1842 4901">
     <span class='ocr_line' id='line_1_94' title="bbox 261 4833 1842 4901; baseline -0.004 -9"><span class='ocrx_word' id='word_1_583' title='bbox 261 4837 481 4892; x_wconf 79' lang='lat' dir='ltr'><strong>Theod.</strong></span> <span class='ocrx_word' id='word_1_584' title='bbox 509 4833 584 4891; x_wconf 74' lang='lat' dir='ltr'><strong>de</strong></span> <span class='ocrx_word' id='word_1_585' title='bbox 625 4833 1054 4901; x_wconf 42' lang='lat' dir='ltr'><strong>veteranisflata</strong></span> <span class='ocrx_word' id='word_1_586' title='bbox 1091 4836 1316 4889; x_wconf 87' lang='lat' dir='ltr'><strong>Paulino</strong></span> <span class='ocrx_word' id='word_1_587' title='bbox 1351 4846 1405 4889; x_wconf 92' lang='lat' dir='ltr'><strong>et</strong></span> <span class='ocrx_word' id='word_1_588' title='bbox 1443 4833 1658 4887; x_wconf 65' lang='lat' dir='ltr'><strong>Iuliano</strong></span> <span class='ocrx_word' id='word_1_589' title='bbox 1704 4849 1842 4888; x_wconf 84' lang='lat' dir='ltr'><strong>coss.</strong></span> 
     </span>
    </p>
   </div>
   <div class='ocr_carea' id='block_1_95' title="bbox 2023 4627 3515 4707">
    <p class='ocr_par' dir='ltr' id='par_1_95' title="bbox 2023 4627 3515 4707">
     <span class='ocr_line' id='line_1_95' title="bbox 2023 4627 3515 4707; baseline 0.001 -27"><span class='ocrx_word' id='word_1_590' title='bbox 2023 4629 2135 4707; x_wconf 39' lang='lat'><strong>(95).</strong></span> <span class='ocrx_word' id='word_1_591' title='bbox 2160 4627 2458 4707; x_wconf 59' lang='grc' dir='ltr'><strong>ῌρίσπονέ</strong></span> <span class='ocrx_word' id='word_1_592' title='bbox 2487 4628 2559 4681; x_wconf 91' lang='lat' dir='ltr'><strong>De</strong></span> <span class='ocrx_word' id='word_1_593' title='bbox 2590 4643 2733 4707; x_wconf 78' lang='lat' dir='ltr'><strong>anno</strong></span> <span class='ocrx_word' id='word_1_594' title='bbox 2777 4627 2940 4682; x_wconf 69' lang='lat' dir='ltr'><strong>credis</strong></span> <span class='ocrx_word' id='word_1_595' title='bbox 2969 4627 3141 4707; x_wconf 83' lang='lat' dir='ltr'><strong>Crispi</strong></span> <span class='ocrx_word' id='word_1_596' title='bbox 3179 4629 3515 4707; x_wconf 67' lang='lat' dir='ltr'><strong>dissentiunt</strong></span> 
     </span>
    </p>
   </div>
   <div class='ocr_carea' id='block_1_96' title="bbox 1948 4696 3514 4768">
    <p class='ocr_par' dir='ltr' id='par_1_96' title="bbox 1948 4696 3514 4768">
     <span class='ocr_line' id='line_1_96' title="bbox 1948 4696 3514 4768; baseline 0.002 -17"><span class='ocrx_word' id='word_1_597' title='bbox 1948 4696 2237 4768; x_wconf 70' lang='lat' dir='ltr'><strong>historiciL</strong></span> <span class='ocrx_word' id='word_1_598' title='bbox 2253 4713 2414 4768; x_wconf 82' lang='lat' dir='ltr'><strong>quem</strong></span> <span class='ocrx_word' id='word_1_599' title='bbox 2449 4698 2762 4768; x_wconf 72' lang='lat' dir='ltr'><strong>expendunt</strong></span> <span class='ocrx_word' id='word_1_600' title='bbox 2788 4712 2897 4768; x_wconf 76' lang='lat' dir='ltr'><strong>pra:</strong></span> <span class='ocrx_word' id='word_1_601' title='bbox 2932 4696 3143 4752; x_wconf 73' lang='lat' dir='ltr'><strong>cazteris</strong></span> <span class='ocrx_word' id='word_1_602' title='bbox 3179 4699 3417 4768; x_wconf 74' lang='lat' dir='ltr'><strong>Scaliger</strong></span> <span class='ocrx_word' id='word_1_603' title='bbox 3447 4702 3514 4754; x_wconf 85' lang='lat' dir='ltr'><strong>ad</strong></span> 
     </span>
    </p>
   </div>
   <div class='ocr_carea' id='block_1_97' title="bbox 1944 4765 3515 4835">
    <p class='ocr_par' dir='ltr' id='par_1_97' title="bbox 1944 4765 3515 4835">
     <span class='ocr_line' id='line_1_97' title="bbox 1944 4765 3515 4835; baseline 0.001 -16"><span class='ocrx_word' id='word_1_604' title='bbox 1944 4766 2148 4819; x_wconf 91' lang='lat' dir='ltr'><strong>Chron.</strong></span> <span class='ocrx_word' id='word_1_605' title='bbox 2200 4765 2439 4830; x_wconf 87' lang='lat' dir='ltr'><strong>Eusebii,</strong></span> <span class='ocrx_word' id='word_1_606' title='bbox 2499 4767 2767 4824; x_wconf 86' lang='lat' dir='ltr'><strong>Petavius.</strong></span> <span class='ocrx_word' id='word_1_607' title='bbox 2791 4765 2892 4820; x_wconf 87' lang='lat' dir='ltr'><strong>lib.</strong></span> <span class='ocrx_word' id='word_1_608' title='bbox 2932 4784 3006 4830; x_wconf 77' lang='lat' dir='ltr'><strong>xl,</strong></span> <span class='ocrx_word' id='word_1_609' title='bbox 3036 4782 3152 4835; x_wconf 85' lang='lat' dir='ltr'><strong>cap.</strong></span> <span class='ocrx_word' id='word_1_610' title='bbox 3191 4769 3278 4827; x_wconf 59' lang='lat' dir='ltr'><strong>Ill,</strong></span> <span class='ocrx_word' id='word_1_611' title='bbox 3305 4765 3357 4821; x_wconf 64' lang='lat' dir='ltr'><strong>et.</strong></span> <span class='ocrx_word' id='word_1_612' title='bbox 3385 4769 3515 4822; x_wconf 81' lang='lat' dir='ltr'><strong>Got-</strong></span> 
     </span>
    </p>
   </div>
   <div class='ocr_carea' id='block_1_98' title="bbox 1944 4835 3514 4906">
    <p class='ocr_par' dir='ltr' id='par_1_98' title="bbox 1944 4835 3514 4906">
     <span class='ocr_line' id='line_1_98' title="bbox 1944 4835 3514 4906; baseline 0.002 -18"><span class='ocrx_word' id='word_1_613' title='bbox 1944 4835 2224 4906; x_wconf 71' lang='lat' dir='ltr'><strong>tltol‘redus</strong></span> <span class='ocrx_word' id='word_1_614' title='bbox 2249 4836 2315 4906; x_wconf 81' lang='lat' dir='ltr'><strong>ad</strong></span> <span class='ocrx_word' id='word_1_615' title='bbox 2346 4835 2688 4906; x_wconf 59' lang='lat' dir='ltr'><strong>Philostorgii</strong></span> <span class='ocrx_word' id='word_1_616' title='bbox 2736 4836 2828 4890; x_wconf 91' lang='lat' dir='ltr'><strong>lib.</strong></span> <span class='ocrx_word' id='word_1_617' title='bbox 2863 4853 2924 4902; x_wconf 89' lang='grc' dir='ltr'><strong>ιι,</strong></span> <span class='ocrx_word' id='word_1_618' title='bbox 2955 4852 3072 4906; x_wconf 87' lang='lat' dir='ltr'><strong>cap.</strong></span> <span class='ocrx_word' id='word_1_619' title='bbox 3098 4838 3152 4903; x_wconf 72' lang='lat'><strong>4,</strong></span> <span class='ocrx_word' id='word_1_620' title='bbox 3182 4847 3235 4892; x_wconf 91' lang='lat' dir='ltr'><strong>et</strong></span> <span class='ocrx_word' id='word_1_621' title='bbox 3258 4838 3312 4890; x_wconf 94' lang='lat' dir='ltr'><strong>in</strong></span> <span class='ocrx_word' id='word_1_622' title='bbox 3342 4836 3514 4891; x_wconf 85' lang='lat' dir='ltr'><strong>Chro-</strong></span> 
     </span>
    </p>
   </div>
   <div class='ocr_carea' id='block_1_99' title="bbox 260 4902 2692 4975">
    <p class='ocr_par' dir='ltr' id='par_1_99' title="bbox 260 4902 2692 4975">
     <span class='ocr_line' id='line_1_99' title="bbox 260 4902 2692 4975; baseline -0.002 -13"><span class='ocrx_word' id='word_1_623' title='bbox 260 4908 320 4962; x_wconf 91' lang='lat' dir='ltr'><strong>ls</strong></span> <span class='ocrx_word' id='word_1_624' title='bbox 355 4921 482 4960; x_wconf 87' lang='lat' dir='ltr'><strong>vero</strong></span> <span class='ocrx_word' id='word_1_625' title='bbox 506 4907 571 4960; x_wconf 93' lang='lat' dir='ltr'><strong>de</strong></span> <span class='ocrx_word' id='word_1_626' title='bbox 599 4907 683 4960; x_wconf 89' lang='lat' dir='ltr'><strong>die</strong></span> <span class='ocrx_word' id='word_1_627' title='bbox 709 4906 1170 4975; x_wconf 75' lang='lat' dir='ltr'><strong>Adrianopolitani</strong></span> <span class='ocrx_word' id='word_1_628' title='bbox 1202 4905 1368 4975; x_wconf 72' lang='lat' dir='ltr'><strong>prtelii</strong></span> <span class='ocrx_word' id='word_1_629' title='bbox 1395 4920 1518 4975; x_wconf 77' lang='lat' dir='ltr'><strong>cum</strong></span> <span class='ocrx_word' id='word_1_630' title='bbox 1541 4905 1650 4975; x_wconf 79' lang='lat' dir='ltr'><strong>hoc</strong></span> <span class='ocrx_word' id='word_1_631' title='bbox 1671 4902 1845 4975; x_wconf 84' lang='lat' dir='ltr'><strong>Chro-</strong></span> <span class='ocrx_word' id='word_1_632' title='bbox 1941 4904 2154 4972; x_wconf 78' lang='lat' dir='ltr'><strong>nologia</strong></span> <span class='ocrx_word' id='word_1_633' title='bbox 2179 4904 2394 4975; x_wconf 85' lang='lat' dir='ltr'><strong>Co_dicis</strong></span> <span class='ocrx_word' id='word_1_634' title='bbox 2423 4903 2692 4975; x_wconf 64' lang='lat' dir='ltr'><strong>Theodos.</strong></span> 
     </span>
    </p>
   </div>
   <div class='ocr_carea' id='block_1_100' title="bbox 259 4971 1840 5043">
    <p class='ocr_par' dir='ltr' id='par_1_100' title="bbox 259 4971 1840 5043">
     <span class='ocr_line' id='line_1_100' title="bbox 259 4971 1840 5043; baseline -0.004 -13"><span class='ocrx_word' id='word_1_635' title='bbox 259 4977 399 5031; x_wconf 88' lang='lat' dir='ltr'><strong>nico</strong></span> <span class='ocrx_word' id='word_1_636' title='bbox 446 4991 550 5028; x_wconf 90' lang='lat' dir='ltr'><strong>non</strong></span> <span class='ocrx_word' id='word_1_637' title='bbox 582 4977 883 5036; x_wconf 81' lang='lat' dir='ltr'><strong>consentit,</strong></span> <span class='ocrx_word' id='word_1_638' title='bbox 929 4971 1088 5043; x_wconf 67' lang='lat' dir='ltr'><strong>tinem</strong></span> <span class='ocrx_word' id='word_1_639' title='bbox 1139 4991 1170 5028; x_wconf 87' lang='lat' dir='ltr'><strong>v</strong></span> <span class='ocrx_word' id='word_1_640' title='bbox 1200 4971 1338 5027; x_wconf 81' lang='lat' dir='ltr'><strong>Non.</strong></span> <span class='ocrx_word' id='word_1_641' title='bbox 1384 4972 1490 5026; x_wconf 82' lang='lat' dir='ltr'><strong>Jul.</strong></span> <span class='ocrx_word' id='word_1_642' title='bbox 1531 4973 1697 5026; x_wconf 87' lang='lat' dir='ltr'><strong>fuisse</strong></span> <span class='ocrx_word' id='word_1_643' title='bbox 1745 4971 1840 5024; x_wconf 88' lang='lat' dir='ltr'><strong>ait.</strong></span> 
     </span>
    </p>
   </div>
   <div class='ocr_carea' id='block_1_101' title="bbox 261 5043 1846 5112">
    <p class='ocr_par' dir='ltr' id='par_1_101' title="bbox 261 5043 1846 5112">
     <span class='ocr_line' id='line_1_101' title="bbox 261 5043 1846 5112; baseline -0.006 -12"><span class='ocrx_word' id='word_1_644' title='bbox 261 5045 435 5100; x_wconf 81' lang='lat' dir='ltr'><strong>Istius</strong></span> <span class='ocrx_word' id='word_1_645' title='bbox 468 5054 726 5112; x_wconf 67' lang='lat' dir='ltr'><strong>praetcrea</strong></span> <span class='ocrx_word' id='word_1_646' title='bbox 761 5043 1101 5099; x_wconf 82' lang='lat' dir='ltr'><strong>Constantini</strong></span> <span class='ocrx_word' id='word_1_647' title='bbox 1133 5043 1371 5097; x_wconf 70' lang='lat' dir='ltr'><strong>victoriae</strong></span> <span class='ocrx_word' id='word_1_648' title='bbox 1419 5043 1666 5112; x_wconf 89' lang='lat' dir='ltr'><strong>meminit</strong></span> <span class='ocrx_word' id='word_1_649' title='bbox 1711 5054 1846 5112; x_wconf 76' lang='lat' dir='ltr'><strong>ano-</strong></span> 
     </span>
    </p>
   </div>
   <div class='ocr_carea' id='block_1_102' title="bbox 2013 4971 3508 5040">
    <p class='ocr_par' dir='ltr' id='par_1_102' title="bbox 2013 4971 3508 5040">
     <span class='ocr_line' id='line_1_102' title="bbox 2013 4971 3508 5040; baseline 0.001 -13"><span class='ocrx_word' id='word_1_650' title='bbox 2013 4971 2122 5040; x_wconf 63' lang='grc'>(94)</span> <span class='ocrx_word' id='word_1_651' title='bbox 2185 4971 2272 5035; x_wconf 86' lang='grc' dir='ltr'><strong>Τῷ</strong></span> <span class='ocrx_word' id='word_1_652' title='bbox 2303 4972 2461 5036; x_wconf 78' lang='grc' dir='ltr'><strong>αὐτῷ</strong></span> <span class='ocrx_word' id='word_1_653' title='bbox 2511 4975 2647 5026; x_wconf 80' lang='grc' dir='ltr'><strong>ἔτει.</strong></span> <span class='ocrx_word' id='word_1_654' title='bbox 2715 4975 3070 5040; x_wconf 72' lang='lat' dir='ltr'><strong>Hieronymus</strong></span> <span class='ocrx_word' id='word_1_655' title='bbox 3098 4975 3151 5028; x_wconf 94' lang='lat' dir='ltr'><strong>in</strong></span> <span class='ocrx_word' id='word_1_656' title='bbox 3201 4974 3508 5030; x_wconf 85' lang='lat' dir='ltr'><strong>Chronico:</strong></span> 
     </span>
    </p>
   </div>
   <div class='ocr_carea' id='block_1_103' title="bbox 1944 5032 3508 5113">
    <p class='ocr_par' dir='ltr' id='par_1_103' title="bbox 1944 5032 3508 5113">
     <span class='ocr_line' id='line_1_103' title="bbox 1944 5032 3508 5113; baseline 0.003 -19"><span class='ocrx_word' id='word_1_657' title='bbox 1944 5032 2133 5113; x_wconf 66' lang='lat' dir='ltr'><strong>Edicto</strong></span> <span class='ocrx_word' id='word_1_658' title='bbox 2183 5032 2514 5113; x_wconf 73' lang='lat' dir='ltr'><strong>Constantini</strong></span> <span class='ocrx_word' id='word_1_659' title='bbox 2565 5045 2838 5113; x_wconf 82' lang='lat' dir='ltr'><strong>gentilium</strong></span> <span class='ocrx_word' id='word_1_660' title='bbox 2897 5032 3089 5111; x_wconf 60' lang='lat' dir='ltr'><strong>tEmpla</strong></span> <span class='ocrx_word' id='word_1_661' title='bbox 3141 5061 3318 5098; x_wconf 78' lang='lat' dir='ltr'><strong>eversa</strong></span> <span class='ocrx_word' id='word_1_662' title='bbox 3367 5057 3508 5100; x_wconf 80' lang='lat' dir='ltr'><strong>sunt.</strong></span> 
     </span>
    </p>
   </div>
   <div class='ocr_carea' id='block_1_104' title="bbox 256 5108 3509 5202">
    <p class='ocr_par' dir='ltr' id='par_1_104' title="bbox 256 5108 3509 5202">
     <span class='ocr_line' id='line_1_104' title="bbox 256 5108 3509 5202; baseline 0.002 -40"><span class='ocrx_word' id='word_1_663' title='bbox 256 5108 484 5202; x_wconf 44' lang='lat' dir='ltr'><strong>{az-inuis</strong></span> <span class='ocrx_word' id='word_1_664' title='bbox 517 5111 859 5202; x_wconf 70' lang='lat' dir='ltr'><strong>Valesianus,</strong></span> <span class='ocrx_word' id='word_1_665' title='bbox 915 5123 1137 5202; x_wconf 42' lang='lat' dir='ltr'><strong>prseter-</strong></span> <span class='ocrx_word' id='word_1_666' title='bbox 1161 5112 1483 5202; x_wconf 42' lang='lat' dir='ltr'><strong>Eusebium),</strong></span> <span class='ocrx_word' id='word_1_667' title='bbox 1539 5111 1630 5202; x_wconf 50' lang='lat' dir='ltr'><strong>lib;</strong></span> <span class='ocrx_word' id='word_1_668' title='bbox 1657 5108 1845 5202; x_wconf 40' lang='lat' dir='ltr'><strong>I{ille</strong></span> <span class='ocrx_word' id='word_1_669' title='bbox 1944 5110 2058 5163; x_wconf 79' lang='lat' dir='ltr'><strong>lino</strong></span> <span class='ocrx_word' id='word_1_670' title='bbox 2088 5110 2264 5163; x_wconf 82' lang='lat' dir='ltr'><strong>clausa</strong></span> <span class='ocrx_word' id='word_1_671' title='bbox 2281 5108 2583 5202; x_wconf 48' lang='lat' dir='ltr'><strong>Iduntaxat,’</strong></span> <span class='ocrx_word' id='word_1_672' title='bbox 2614 5114 2826 5202; x_wconf 58' lang='lat' dir='ltr'><strong>ut‘infra</strong></span> <span class='ocrx_word' id='word_1_673' title='bbox 2859 5108 3199 5168; x_wconf 85' lang='lat' dir='ltr'><strong>adnotamus.</strong></span> <span class='ocrx_word' id='word_1_674' title='bbox 3231 5114 3381 5169; x_wconf 84' lang='lat' dir='ltr'><strong>Adde</strong></span> <span class='ocrx_word' id='word_1_675' title='bbox 3407 5116 3509 5169; x_wconf 78' lang='lat' dir='ltr'><strong>So-</strong></span> 
     </span>
    </p>
   </div>
   <div class='ocr_carea' id='block_1_105' title="bbox 261 5178 1840 5250">
    <p class='ocr_par' dir='ltr' id='par_1_105' title="bbox 261 5178 1840 5250">
     <span class='ocr_line' id='line_1_105' title="bbox 261 5178 1840 5250; baseline -0.005 -13"><span class='ocrx_word' id='word_1_676' title='bbox 261 5178 392 5237; x_wconf 65' lang='lat' dir='ltr'><strong>Vita</strong></span> <span class='ocrx_word' id='word_1_677' title='bbox 425 5180 726 5245; x_wconf 76' lang='lat' dir='ltr'><strong>Constant.,</strong></span> <span class='ocrx_word' id='word_1_678' title='bbox 777 5198 894 5250; x_wconf 87' lang='lat' dir='ltr'><strong>cap.</strong></span> <span class='ocrx_word' id='word_1_679' title='bbox 915 5178 1013 5246; x_wconf 56' lang='lat' dir='ltr'><strong>&quot;l7,</strong></span> <span class='ocrx_word' id='word_1_680' title='bbox 1052 5183 1140 5235; x_wconf 91' lang='lat' dir='ltr'><strong>ubi</strong></span> <span class='ocrx_word' id='word_1_681' title='bbox 1174 5181 1538 5250; x_wconf 87' lang='lat' dir='ltr'><strong>consulendus</strong></span> <span class='ocrx_word' id='word_1_682' title='bbox 1578 5178 1840 5241; x_wconf 83' lang='lat' dir='ltr'><strong>Valesius,</strong></span> 
     </span>
    </p>
   </div>
   <div class='ocr_carea' id='block_1_106' title="bbox 253 5249 1838 5329">
    <p class='ocr_par' dir='ltr' id='par_1_106' title="bbox 253 5249 1838 5329">
     <span class='ocr_line' id='line_1_106' title="bbox 253 5249 1838 5329; baseline -0.004 -25"><span class='ocrx_word' id='word_1_683' title='bbox 253 5262 331 5329; x_wconf 51' lang='lat' dir='ltr'><strong>et;</strong></span> <span class='ocrx_word' id='word_1_684' title='bbox 344 5251 412 5329; x_wconf 65' lang='lat' dir='ltr'><strong>ad</strong></span> <span class='ocrx_word' id='word_1_685' title='bbox 444 5251 690 5329; x_wconf 77' lang='lat' dir='ltr'><strong>eumdem</strong></span> <span class='ocrx_word' id='word_1_686' title='bbox 712 5249 1036 5321; x_wconf 81' lang='lat' dir='ltr'><strong>anonymum</strong></span> <span class='ocrx_word' id='word_1_687' title='bbox 1054 5250 1338 5305; x_wconf 89' lang='lat' dir='ltr'><strong>Ammiano</strong></span> <span class='ocrx_word' id='word_1_688' title='bbox 1363 5249 1685 5320; x_wconf 85' lang='lat' dir='ltr'><strong>subjectum,</strong></span> <span class='ocrx_word' id='word_1_689' title='bbox 1719 5261 1838 5316; x_wconf 80' lang='lat' dir='ltr'><strong>pag.</strong></span> 
     </span>
    </p>
   </div>
   <div class='ocr_carea' id='block_1_107' title="bbox 252 5319 1842 5461">
    <p class='ocr_par' dir='ltr' id='par_1_107' title="bbox 252 5319 1842 5461">
     <span class='ocr_line' id='line_1_107' title="bbox 252 5319 1842 5461; baseline 0.001 -21"><span class='ocrx_word' id='word_1_690' title='bbox 252 5319 934 5457; x_wconf 46' lang='grc' dir='ltr'><strong>45ῗ9ἒίιὲἓῑὲωδω4ωπ</strong></span> <span class='ocrx_word' id='word_1_691' title='bbox 989 5387 1077 5443; x_wconf 91' lang='lat' dir='ltr'><strong>Sic</strong></span> <span class='ocrx_word' id='word_1_692' title='bbox 1122 5389 1482 5461; x_wconf 87' lang='lat' dir='ltr'><strong>reposuimus,</strong></span> <span class='ocrx_word' id='word_1_693' title='bbox 1511 5404 1634 5443; x_wconf 93' lang='lat' dir='ltr'><strong>cum</strong></span> <span class='ocrx_word' id='word_1_694' title='bbox 1674 5402 1842 5457; x_wconf 85' lang='lat' dir='ltr'><strong>prave</strong></span> 
     </span>
    </p>
   </div>
   <div class='ocr_carea' id='block_1_108' title="bbox 1945 5181 2878 5248">
    <p class='ocr_par' dir='ltr' id='par_1_108' title="bbox 1945 5181 2878 5248">
     <span class='ocr_line' id='line_1_108' title="bbox 1945 5181 2878 5248; baseline 0.003 -15"><span class='ocrx_word' id='word_1_695' title='bbox 1945 5195 2254 5240; x_wconf 88' lang='lat' dir='ltr'><strong>zomenum,</strong></span> <span class='ocrx_word' id='word_1_696' title='bbox 2280 5181 2373 5233; x_wconf 91' lang='lat' dir='ltr'><strong>lib.</strong></span> <span class='ocrx_word' id='word_1_697' title='bbox 2403 5196 2462 5243; x_wconf 92' lang='grc' dir='ltr'><strong>ιι,</strong></span> <span class='ocrx_word' id='word_1_698' title='bbox 2495 5197 2616 5248; x_wconf 86' lang='lat' dir='ltr'><strong>cap.</strong></span> <span class='ocrx_word' id='word_1_699' title='bbox 2653 5182 2740 5241; x_wconf 82' lang='lat' dir='ltr'><strong>l5.</strong></span> <span class='ocrx_word' id='word_1_700' title='bbox 2772 5192 2878 5237; x_wconf 91' lang='lat' dir='ltr'><strong>etc.</strong></span> 
     </span>
    </p>
   </div>
   <div class='ocr_carea' id='block_1_109' title="bbox 2017 5248 2838 5317">
    <p class='ocr_par' dir='ltr' id='par_1_109' title="bbox 2017 5248 2838 5317">
     <span class='ocr_line' id='line_1_109' title="bbox 2017 5248 2838 5317; baseline 0.006 -16"><span class='ocrx_word' id='word_1_701' title='bbox 2017 5250 2126 5316; x_wconf 80' lang='grc'>(95)</span> <span class='ocrx_word' id='word_1_702' title='bbox 2162 5248 2429 5302; x_wconf 73' lang='grc' dir='ltr'><strong>Λαϐδὼν.</strong></span> <span class='ocrx_word' id='word_1_703' title='bbox 2461 5249 2588 5317; x_wconf 67' lang='lat' dir='ltr'><strong>Leg.</strong></span> <span class='ocrx_word' id='word_1_704' title='bbox 2617 5250 2838 5306; x_wconf 71' lang='grc' dir='ltr'><strong>ἊΕδὼν.</strong></span> 
     </span>
    </p>
   </div>
   <div class='ocr_carea' id='block_1_110' title="bbox 2015 5317 3104 5389">
    <p class='ocr_par' dir='ltr' id='par_1_110' title="bbox 2015 5317 3104 5389">
     <span class='ocr_line' id='line_1_110' title="bbox 2015 5317 3104 5389; baseline 0.003 -17"><span class='ocrx_word' id='word_1_705' title='bbox 2015 5319 2125 5382; x_wconf 87' lang='grc'>(96)</span> <span class='ocrx_word' id='word_1_706' title='bbox 2162 5318 2292 5389; x_wconf 56' lang='grc' dir='ltr'><strong>Ἐξτζ</strong></span> <span class='ocrx_word' id='word_1_707' title='bbox 2319 5318 2386 5370; x_wconf 82' lang='grc' dir='ltr'><strong>τὸ</strong></span> <span class='ocrx_word' id='word_1_708' title='bbox 2417 5317 2498 5381; x_wconf 78' lang='grc' dir='ltr'><strong>β’.</strong></span> <span class='ocrx_word' id='word_1_709' title='bbox 2531 5319 2621 5389; x_wconf 61' lang='lat' dir='ltr'><strong>\:ir</strong></span> <span class='ocrx_word' id='word_1_710' title='bbox 2647 5320 2836 5389; x_wconf 81' lang='lat' dir='ltr'><strong>doctus</strong></span> <span class='ocrx_word' id='word_1_711' title='bbox 2873 5321 2997 5389; x_wconf 77' lang='lat' dir='ltr'><strong>legit</strong></span> <span class='ocrx_word' id='word_1_712' title='bbox 3034 5341 3067 5375; x_wconf 82' lang='lat' dir='ltr'><strong>a</strong></span> <span class='ocrx_word' id='word_1_713' title='bbox 3089 5361 3104 5375; x_wconf 91' lang='lat'><strong>.</strong></span> 
     </span>
    </p>
   </div>
   <div class='ocr_carea' id='block_1_111' title="bbox 2013 5385 3186 5461">
    <p class='ocr_par' dir='ltr' id='par_1_111' title="bbox 2013 5385 3186 5461">
     <span class='ocr_line' id='line_1_111' title="bbox 2013 5385 3186 5461; baseline 0.003 -20"><span class='ocrx_word' id='word_1_714' title='bbox 2013 5389 2122 5459; x_wconf 84' lang='lat'><strong>(97)</strong></span> <span class='ocrx_word' id='word_1_715' title='bbox 2154 5385 2243 5440; x_wconf 76' lang='grc' dir='ltr'><strong>σθ’</strong></span> <span class='ocrx_word' id='word_1_716' title='bbox 2274 5386 2517 5456; x_wconf 80' lang='grc' dir='ltr'><strong>Ὀλυμπ.</strong></span> <span class='ocrx_word' id='word_1_717' title='bbox 2551 5387 2680 5457; x_wconf 81' lang='lat' dir='ltr'><strong>ch.</strong></span> <span class='ocrx_word' id='word_1_718' title='bbox 2716 5388 2793 5458; x_wconf 72' lang='grc' dir='ltr'><strong>οβ’</strong></span> <span class='ocrx_word' id='word_1_719' title='bbox 2817 5406 2880 5444; x_wconf 85' lang='lat' dir='ltr'><strong>ex</strong></span> <span class='ocrx_word' id='word_1_720' title='bbox 2910 5385 3029 5461; x_wconf 73' lang='lat' dir='ltr'><strong>pag.</strong></span> <span class='ocrx_word' id='word_1_721' title='bbox 3061 5393 3186 5447; x_wconf 78' lang='lat' dir='ltr'><strong>2l5.</strong></span> 
     </span>
    </p>
   </div>
   <div class='ocr_carea' id='block_1_112' title="bbox 1544 5501 2222 5560">
    <p class='ocr_par' dir='ltr' id='par_1_112' title="bbox 1544 5501 2222 5560">
     <span class='ocr_line' id='line_1_112' title="bbox 1544 5501 2222 5560; baseline -0.004 -1"><span class='ocrx_word' id='word_1_722' title='bbox 1544 5503 1779 5560; x_wconf 71' lang='lat' dir='ltr'><strong>VARIAE</strong></span> <span class='ocrx_word' id='word_1_723' title='bbox 1818 5501 2222 5558; x_wconf 79' lang='lat' dir='ltr'><strong>LECTIONES.</strong></span> 
     </span>
    </p>
   </div>
   <div class='ocr_carea' id='block_1_113' title="bbox 335 5585 3490 5676">
    <p class='ocr_par' dir='ltr' id='par_1_113' title="bbox 335 5585 3490 5676">
     <span class='ocr_line' id='line_1_113' title="bbox 335 5585 3490 5676; baseline 0 0"><span class='ocrx_word' id='word_1_724' title='bbox 335 5591 855 5676; x_wconf 61' lang='grc' dir='ltr'><strong>’κβικεννέδιαιιν-</strong></span> <span class='ocrx_word' id='word_1_725' title='bbox 931 5585 1458 5676; x_wconf 58' lang='grc' dir='ltr'><strong>³’Ξεκνῃτέῆνέἶνκ</strong></span> <span class='ocrx_word' id='word_1_726' title='bbox 1490 5599 1662 5676; x_wconf 56' lang='lat' dir='ltr'><strong>&quot;w-</strong></span> <span class='ocrx_word' id='word_1_727' title='bbox 1694 5596 1896 5676; x_wconf 67' lang='grc' dir='ltr'><strong>,ιξ-</strong></span> <span class='ocrx_word' id='word_1_728' title='bbox 1972 5597 2014 5626; x_wconf 73' lang='grc' dir='ltr'><strong>’τ</strong></span> <span class='ocrx_word' id='word_1_729' title='bbox 2053 5593 2563 5676; x_wconf 62' lang='grc' dir='ltr'><strong>ιαρκηξοηίξωνιξι·</strong></span> <span class='ocrx_word' id='word_1_730' title='bbox 2639 5598 2683 5628; x_wconf 69' lang='grc' dir='ltr'>ἐ</span> <span class='ocrx_word' id='word_1_731' title='bbox 2717 5598 2923 5676; x_wconf 48' lang='lat' dir='ltr'><strong>mea:</strong></span> <span class='ocrx_word' id='word_1_732' title='bbox 2952 5597 3023 5676; x_wconf 64' lang='lat' dir='ltr'><strong>ft;</strong></span> <span class='ocrx_word' id='word_1_733' title='bbox 3093 5594 3490 5676; x_wconf 58' lang='grc' dir='ltr'><strong>’θεφεεξιετςρο</strong></span> 
     </span>
    </p>
   </div>
   <div class='ocr_carea' id='block_1_114' title="bbox 249 5659 2374 5734">
    <p class='ocr_par' dir='ltr' id='par_1_114' title="bbox 249 5659 2374 5734">
     <span class='ocr_line' id='line_1_114' title="bbox 249 5659 2374 5734; baseline 0.008 -22"><span class='ocrx_word' id='word_1_734' title='bbox 249 5659 302 5689; x_wconf 73' lang='grc'><strong><em>⁸⁸</em></strong></span> <span class='ocrx_word' id='word_1_735' title='bbox 325 5659 427 5734; x_wconf 59' lang='grc' dir='ltr'><strong>⁸τοῦ</strong></span> <span class='ocrx_word' id='word_1_736' title='bbox 452 5678 559 5719; x_wconf 90' lang='lat' dir='ltr'><strong>om.</strong></span> <span class='ocrx_word' id='word_1_737' title='bbox 589 5662 650 5716; x_wconf 85' lang='lat' dir='ltr'><strong>P.</strong></span> <span class='ocrx_word' id='word_1_738' title='bbox 705 5667 770 5734; x_wconf 61' lang='lat' dir='ltr'><strong>f‘</strong></span> <span class='ocrx_word' id='word_1_739' title='bbox 797 5673 963 5722; x_wconf 86' lang='grc' dir='ltr'><strong>πα’.π¹</strong></span> <span class='ocrx_word' id='word_1_740' title='bbox 999 5659 1100 5722; x_wconf 82' lang='grc' dir='ltr'><strong>Ρ.”</strong></span> <span class='ocrx_word' id='word_1_741' title='bbox 1135 5659 1178 5701; x_wconf 59' lang='grc'><strong>³³</strong></span> <span class='ocrx_word' id='word_1_742' title='bbox 1205 5667 1406 5722; x_wconf 75' lang='grc' dir='ltr'><strong>Ἀϐδὼν</strong></span> <span class='ocrx_word' id='word_1_743' title='bbox 1435 5669 1474 5724; x_wconf 77' lang='grc' dir='ltr'>Ρ</span> <span class='ocrx_word' id='word_1_744' title='bbox 1500 5669 1634 5723; x_wconf 84' lang='lat' dir='ltr'><strong>sola.</strong></span> <span class='ocrx_word' id='word_1_745' title='bbox 1712 5668 1754 5698; x_wconf 88' lang='grc'><strong>³³</strong></span> <span class='ocrx_word' id='word_1_746' title='bbox 1786 5665 1833 5718; x_wconf 87' lang='grc' dir='ltr'><strong>α’</strong></span> <span class='ocrx_word' id='word_1_747' title='bbox 1854 5666 2023 5728; x_wconf 66' lang='lat' dir='ltr'><strong>510D;-</strong></span> <span class='ocrx_word' id='word_1_748' title='bbox 2057 5659 2207 5727; x_wconf 58' lang='grc' dir='ltr'><strong>ἕτείυξ</strong></span> <span class='ocrx_word' id='word_1_749' title='bbox 2226 5659 2280 5734; x_wconf 52' lang='grc' dir='ltr'><strong>’β’</strong></span> <span class='ocrx_word' id='word_1_750' title='bbox 2316 5666 2374 5719; x_wconf 69' lang='lat' dir='ltr'><strong>P-</strong></span> 
     </span>
    </p>
   </div>
   <div class='ocr_carea' id='block_1_115' title="bbox 253 5732 804 5802">
    <p class='ocr_par' dir='ltr' id='par_1_115' title="bbox 253 5732 804 5802">
     <span class='ocr_line' id='line_1_115' title="bbox 253 5732 804 5802; baseline 0 -13"><span class='ocrx_word' id='word_1_751' title='bbox 253 5732 397 5802; x_wconf 72' lang='grc' dir='ltr'><strong>στῆς</strong></span> <span class='ocrx_word' id='word_1_752' title='bbox 426 5734 670 5802; x_wconf 76' lang='grc' dir='ltr'><strong>ἐτηρίδος</strong></span> <span class='ocrx_word' id='word_1_753' title='bbox 697 5732 804 5789; x_wconf 82' lang='grc' dir='ltr'><strong>Ρν.</strong></span> 
     </span>
    </p>
   </div>
   <div class='ocr_carea' id='block_1_116' title="bbox 2453 5665 3493 5731">
    <p class='ocr_par' dir='ltr' id='par_1_116' title="bbox 2453 5665 3493 5731">
     <span class='ocr_line' id='line_1_116' title="bbox 2453 5665 3493 5731; baseline 0.001 -13"><span class='ocrx_word' id='word_1_754' title='bbox 2453 5667 2496 5698; x_wconf 63' lang='grc'>³⁸</span> <span class='ocrx_word' id='word_1_755' title='bbox 2523 5666 2674 5731; x_wconf 78' lang='grc' dir='ltr'><strong>ἔτους</strong></span> <span class='ocrx_word' id='word_1_756' title='bbox 2707 5665 2816 5722; x_wconf 75' lang='lat' dir='ltr'><strong>om.</strong></span> <span class='ocrx_word' id='word_1_757' title='bbox 2847 5667 2902 5721; x_wconf 85' lang='lat' dir='ltr'><strong>P.</strong></span> <span class='ocrx_word' id='word_1_758' title='bbox 2981 5667 3024 5699; x_wconf 82' lang='grc'><strong><em>³⁵</em></strong></span> <span class='ocrx_word' id='word_1_759' title='bbox 3053 5671 3125 5719; x_wconf 76' lang='lat' dir='ltr'><strong>eo’</strong></span> <span class='ocrx_word' id='word_1_760' title='bbox 3159 5667 3217 5720; x_wconf 86' lang='lat' dir='ltr'><strong>P.</strong></span> <span class='ocrx_word' id='word_1_761' title='bbox 3279 5665 3324 5696; x_wconf 83' lang='grc'><strong>⁸⁵</strong></span> <span class='ocrx_word' id='word_1_762' title='bbox 3352 5667 3493 5719; x_wconf 54' lang='lat' dir='ltr'><strong>sine.</strong></span> 
     </span>
    </p>
   </div>
  </div>
