3858 6338
432 361 540 426 707

1617 366 2057 428 CHRONICON
2098 369 2503 430 PASCHALE.

3608 374 3700 438 708

433 471 613 544 Magni
661 469 1031 543 imperatoris,
1068 482 1126 529 et
1165 491 1204 529 ιι
1243 489 1445 530 annum
1477 490 1701 532 ccuxvr
1735 475 2014 548 Olympia-

2153 481 2396 534 ταντένου
2439 480 2532 534 τοῦ
2588 481 2824 551 μεγάλου
2869 482 3137 555 βασιλέως
3171 480 3266 538 καὶ
3298 478 3345 554 β’
3391 480 3546 548 ἔτους
3593 481 3697 550 σος⁹

433 565 538 630 dis,
571 581 803 621 ccxcvn.

505 657 551 711 Α
578 658 769 712 mundi
796 657 1042 721 conditu.
1075 674 1249 728 usque
1280 659 1346 713 ad
1372 677 1440 714 xx
1499 677 1704 714 annum
1745 660 2019 715 Constan-

437 747 558 812 tini,
584 749 711 802 anni
736 764 1159 802 v.uncccxxxm.

436 837 630 984 ABE-6.
666 929 751 1000 (A.
793 945 824 982 a
867 927 938 983 M.
979 927 1042 982 C.
1073 928 1261 998 5851.)
1293 947 1406 984 xxx.
1436 929 1557 983 Ind.
1591 942 1702 981 xxv.

436 1020 796 1075 Constantino
848 1021 1097 1092 Augusto
1151 1021 1220 1074 IX
1267 1029 1324 1075 et
1378 1017 1704 1076 Constantio

435 1111 648 1166 Caesare
672 1110 737 1164 IV
761 1127 904 1167 coss.
1223 1109 1228 1112 ’
1776 1110 1833 1165 2.

506 1203 632 1256 527.
657 1219 788 1258 χχιι.
806 1202 926 1256 lnd.
951 1218 1044 1257 xv.
1077 1200 1401 1258 Constantio
1421 1203 1638 1259 Caesare
1657 1201 1704 1259 ν

436 1300 492 1346 et
522 1291 756 1347 Maximo
787 1306 933 1348 coss.
1780 1293 1833 1348 5.

508 1381 906 1437 Constantinus
969 1382 1272 1438 instaurata
1339 1383 1588 1454 Drepano
1651 1385 1706 1439 in

439 1471 712 1543 Bithynia,
750 1473 807 1528 in
825 1475 1089 1528 honorem
1114 1476 1290 1530 sancti
1312 1475 1537 1531 Luciaui
1563 1493 1706 1530 mar-

440 1563 595 1634 tyris,
634 1564 778 1618 hanc
805 1565 964 1618 matri
997 1581 1107 1620 suae
1129 1568 1508 1637 cognominem
1545 1567 1707 1622 Hele-

439 1653 682 1722 nopolim
721 1656 1075 1724 nuncupavit,
1106 1656 1303 1711 donata
1338 1657 1567 1723 civitati,
1603 1673 1709 1726 qua

441 1760 614 1814 usque
648 1745 813 1800 hodie
839 1745 1058 1805 fruitur.
1084 1763 1370 1818 quousque
1394 1757 1545 1818 patet
1575 1757 1703 1803 ante

441 1836 632 1890 urbem
680 1843 1028 1906 prospectus,
1070 1838 1415 1908 vectigalium
1444 1838 1708 1892 immuni-

441 1934 576 1994 tate,
606 1927 659 1981 in
677 1927 944 1984 honorem
975 1931 1148 1986 sancti
1177 1930 1428 2002 Martyris
1452 1929 1701 1984 Luciani.

900 2019 1236 2077 CCLXXVII
1271 2021 1564 2092 Olympias.

512 2109 636 2163 3‘28.
680 2127 835 2165 χχιιι.
876 2111 996 2167 lnd.
1047 2129 1085 2166 ι.
1143 2113 1401 2172 Januario
1453 2121 1506 2168 et
1551 2113 1708 2168 Iusto

442 2213 586 2254 coss.
1783 2201 1836 2255 4.

511 2290 908 2346 Constantinus
972 2291 1100 2346 Pius
1155 2292 1464 2346 Danubium
1518 2291 1726 2362 pluries
1786 2294 2021 2363 trajecit.

443 2390 609 2454 ponte
633 2383 847 2453 lapideo
879 2383 933 2437 in
973 2384 1225 2438 eumdem
1260 2383 1481 2438 ﬂuvium
1514 2393 1705 2439 strato.

1729 837 1837 911 [οι.
1873 837 2020 912 lph.]

514 2577 610 2631 llis
645 2593 786 2632 coss.
827 2577 1226 2634 Constantinus
1257 2579 1491 2650 inclytus
1521 2580 1818 2648 imperator
1858 2578 2030 2634 Roma

444 2668 744 2739 profectus,
773 2680 828 2723 et
855 2670 1186 2726 Nicomedia
1219 2671 1487 2743 Bithynia:
1525 2671 1834 2741 metropoli,
1866 2682 2030 2741 atque

445 2759 573 2814 inde
606 2758 849 2830 Byzantii
881 2761 973 2814 diu
1015 2771 1281 2827 moratus,
1315 2762 1554 2832 primum
1603 2761 1846 2834 Byzantii
1875 2764 2027 2818 urbis

444 2866 663 2905 murum
693 2851 1036 2917 instauravit,
1071 2851 1228 2906 factis
1270 2853 1412 2908 haud
1441 2853 1691 2918 modicis,
1714 2869 1852 2924 quas
1876 2863 2029 2910 vete-

445 2941 522 2996 ris
572 2942 723 2996 urbis
777 2954 934 2997 muro
981 2943 1251 3012 adiunxit,
1302 2944 1696 3008 additionibus,
1742 2949 1877 3000 urbe
1915 2946 2031 3016 ipsa

447 3031 918 3102 ConstantinOpoli
963 3033 1253 3103 appellata.
1295 3031 1517 3088 Circum
1554 3044 1821 3103 praeterea
1851 3035 2032 3090 absol-

447 3123 544 3188 vit,
587 3138 749 3193 quem
787 3124 945 3178 azreis
985 3124 1180 3179 statuis
1221 3124 1450 3194 aliisque
1489 3125 1831 3181 ornamentis
1869 3126 2034 3182 deco-

446 3211 589 3266 ravit
627 3230 639 3265 :
678 3211 930 3267 confecto
966 3213 1133 3267 etiam
1165 3214 1446 3281 tribunali,
1486 3231 1552 3270 ex
1581 3229 1690 3286 quo
1732 3215 2033 3286 imperator

445 3301 737 3358 Circenses
767 3312 1063 3373 spectaret,
1096 3305 1270 3360 instar
1309 3305 1454 3361 illius
1485 3307 1630 3376 quod
1670 3305 1855 3360 Romae
1892 3315 2030 3360 erat.

445 3394 654 3450 Palatio
680 3411 878 3467 magno
901 3396 1146 3466 proxime
1174 3399 1382 3454 circum
1415 3399 1639 3470 insuper
1669 3398 1914 3462 condito,
1943 3413 2036 3451 as-

446 3499 675 3540 censum
723 3503 819 3556 per
859 3487 1150 3542 Cochleam
1189 3489 1257 3544 ab
1304 3491 1500 3545 eodem
1543 3491 1599 3543 in
1629 3490 1770 3545 Circi
1801 3488 2039 3543 tribunal

449 3576 704 3631 coniecit.
756 3577 1004 3648 Ilagnum
1047 3595 1264 3648 quoque
1315 3589 1370 3634 et
1422 3580 1768 3650 splendidum
1813 3579 2038 3633 omnino

453 3666 628 3720 lorum
664 3669 971 3733 :edilicavit,
1002 3669 1058 3723 in
1103 3671 1260 3738 cujus
1294 3671 1474 3726 medio
1506 3672 1782 3742 ingentem
1826 3685 1888 3723 ac
1915 3679 2032 3722 stu-

452 3758 687 3827 pendam
717 3759 1030 3814 columnam
1073 3759 1515 3829 porphyreticam
1555 3776 1623 3815 ex
1670 3760 1850 3830 lapide
1882 3757 2029 3813 The-

2137 569 2501 640 Ὀλυμπιάδος
2533 571 2672 640 σῖτζκ

2207 662 2371 731 Ὁμοῦ
2407 664 2449 694 ³⁷
2482 665 2590 716 ἀπὸ
2639 664 2874 732 γενέσιος
2910 666 3117 735 κόσμου
3149 664 3262 736 (98)
3294 665 3399 729 ἕως
3434 667 3532 736 τῆς
3557 665 3694 718 εἰκο-

2129 754 2440 823 σαετηρίδος
2485 755 2529 786 ³⁸
2578 756 2988 808 Κωνσταντξνου
3022 755 3120 824 ἔτη
3153 753 3355 826 δεωλγῖ

2209 926 2328 981 Ἰνδ.
2353 926 2430 981 ιδ’.
2457 927 2559 980 κα’.
2583 929 2676 984 ὑπ.
2701 932 3114 984 Κωνσταντίνου
3135 931 3446 998 Αὐγούστου
3465 930 3523 982 τὸ
3543 928 3584 982 Θ¹
3605 930 3701 998 (99)

2073 1045 2088 1059 -
2129 1017 2221 1068 καὶ
2257 1017 2638 1070 Κωνσταντίου
2671 1019 2950 1088 Καίσαρος
2977 1020 3038 1072 τὸ
3066 1017 3131 1072 δ’.

2207 1191 2324 1243 Ἰνδ.
2363 1189 2443 1245 ιε’.
2473 1191 2576 1262 κβ’.
2617 1194 2711 1248 ὑπ.
2740 1194 3121 1248 Κωνσταντίου
3149 1195 3436 1265 Καίσαρος
3463 1197 3524 1249 τι
3551 1195 3590 1248 ε’
3619 1197 3704 1249 καὶ

2131 1281 2415 1352 Μαξίμου.

2197 1375 2474 1446 Δρέπανον
2508 1377 2552 1410 ³⁰
2589 1377 2666 1447 (I)
2698 1378 2987 1440 ἐπικτίσας
3011 1379 3038 1431 ὁ
3076 1377 3328 1448 βασιλεὺς
3362 1381 3700 1433 Κωνσταντῖ-

2138 1481 2219 1528 θος
2261 1466 2320 1517 ἐν
2367 1466 2590 1538 Βιθυνίᾳ
2623 1471 2704 1531 εἰς
2734 1471 2901 1538 τιμὴν
2948 1468 3040 1522 τοῦ
3073 1470 3228 1537 ἁγίου
3267 1469 3542 1539 μάρτυρος
3575 1472 3702 1524 Λου-

2133 1556 2323 1610 κιανοῦ
2353 1557 2642 1629 ὁμώνυμον
2677 1563 2742 1630 τῇ
2799 1560 2968 1630 μητρὶ
2998 1559 3165 1614 αὑτοῦ
3206 1559 3581 1614 Ἐλενούπολιν
3622 1562 3706 1614 κέ-

2133 1645 2354 1718 κληκεν,
2401 1648 2783 1720 δωρησάμενος
2809 1650 2936 1719 ἄχρι
2961 1649 3055 1702 τοῦ
3085 1649 3180 1702 νῦν
3206 1650 3312 1713 ἕως
3344 1654 3584 1721 φανερᾶς
3621 1668 3707 1704 πε-

2137 1739 2320 1807 ριοχῆς
2366 1739 2473 1808 πρὸ
2516 1741 2617 1808 τῆς
2645 1739 2852 1804 πόλεως
2892 1741 2974 1802 εἰς
3001 1738 3170 1810 τιμὴν
3197 1739 3294 1793 τοῦ
3323 1741 3480 1809 ἁγίου
3517 1741 3710 1811 adpra-

2057 1832 2100 1886 B
2131 1843 2224 1898 ρος
2258 1829 2561 1884 Λουκιανοῦ
2585 1830 2866 1885 ἀτέλειαν.

2664 2021 2772 2085 σοξ
2813 2021 3155 2091 Ὀλυμπιάς.

2219 2112 2338 2166 Ἰνδ.
2375 2119 2442 2168 α’.
2488 2112 2592 2180 κγ’.
2627 2114 2722 2170 ὑπ.
2750 2116 3082 2187 ’ῐανουαρίου
3113 2116 3188 2186 (2)
3214 2116 3309 2169 καὶ
3349 2115 3614 2171 Ἰούστου.

2207 2291 2373 2363 284
2408 2294 2814 2358 Κωνσταντϊνος
2843 2297 2871 2348 ὁ
2895 2294 3124 2366 εὐσεϐής
3159 2297 3250 2350 τὸν
3275 2297 3535 2350 Δανοῦσιν
3573 2296 3620 2330 ⁵⁸
3643 2297 3710 2367 (3)

2136 2383 2454 2448 πλειστάκις
2483 2385 2772 2456 ἐπέρασεν,
2801 2389 2896 2441 καὶ
2920 2392 3164 2460 γέφυραν
3212 2391 3290 2459 (4)
3323 2390 3472 2459 αὐτῷ
3497 2390 3704 2460 λιθίνην

2135 2471 2410 2542 ἐποίησεν.

2217 2565 2340 2617 Ἐπὶ
2359 2565 2465 2617 τῶν
2488 2568 2860 2637 προκειμένων
2885 2570 3105 2624 ὑπάτων
3128 2568 3538 2636 Κωνσταντῖνος
3561 2576 3589 2626 ὁ
3608 2572 3714 2626 ἀοί-

2135 2656 2288 2726 διμος
2323 2657 2572 2727 βασιλεὺς
2601 2659 2707 2711 ἀπὸ
2755 2659 2972 2731 Ῥώμης
3018 2661 3209 2728 ἐλθὼν,
3263 2664 3357 2716 καὶ
3409 2664 3616 2731 διάγων
3661 2667 3713 2716 ὲν

2134 2748 2470 2820 Νικομηδεξᾳ
2517 2750 2614 2819 ('5),
2664 2753 2994 2821 μητροπόλει
3023 2754 3123 2823 τῆς
3167 2754 3436 2818 Βιθυνίας,
3483 2757 3716 2827 ποιήσας

2136 2841 2414 2911 πρόκεσσα
2457 2842 2550 2894 ὲπὶ
2600 2841 2767 2896 πολὺν
2807 2844 2997 2914 χρόνον
3037 2829 3094 2898 ἓν
3147 2845 3226 2916 τῷ
3276 2846 3580 2916 Βυζαντίῳ,
3628 2848 3717 2900 ἀν-

2137 2931 2332 2984 ενέωσε
2383 2932 2443 2985 τὸ
2497 2934 2711 3003 πρῶτον
2759 2938 2938 3004 τεῖχος
2989 2935 3066 3005 (6)
3114 2939 3213 3007 τῆς
3243 2937 3416 3000 Βύζου
3481 2939 3709 2999 πόλεως,

2137 3025 2366 3094 ποιήσας
2416 3025 2508 3076 καὶ
2562 3022 2877 3094 προσθήκας
2929 3025 3005 3094 τῷ
3037 3027 3184 3095 αὐτῷ
3237 3026 3408 3097 τείχει
3469 3029 3574 3080 οὐκ
3610 3026 3719 3078 ὀλί-

2138 3131 2241 3184 γας
2291 3115 2359 3177 ⁸⁸,
2411 3115 2506 3167 καὶ
2563 3114 2798 3184 συνῆψεν
2826 3115 2904 3185 τῷ
2929 3116 3144 3188 παλαιῷ
3165 3118 3333 3188 τειχει
3365 3119 3460 3188 τῆς
3489 3117 3713 3178 πόλεως.

2136 3206 2230 3260 καὶ
2277 3205 2534 3258 ἐκάλεσεν
2561 3205 2730 3276 αὐτὴν
2763 3207 3360 3273 Κωνσταντινούπολιν,
3391 3205 3719 3279 ἀναπληρὼο

2139 3315 2238 3361 σας
2267 3299 2362 3351 καὶ
2394 3298 2455 3351 τὸ
2489 3299 2716 3352 ἱππικὸν
2761 3299 2860 3368 (7),
2900 3302 3184 3370 κοσμήσας
3223 3301 3354 3354 αὐτὸ
3375 3302 3718 3373 χαλκουργή-

2141 3404 2273 3455 μασι
2311 3387 2404 3439 καὶ
2432 3387 2581 3457 πάσῃ
2614 3389 2804 3458 ἀρετῇ,
2837 3390 3070 3459 ποιήσας
3101 3391 3158 3441 ὲν
3190 3389 3339 3460 αὐτῷ
3373 3390 3622 3462 κάϐισμα
3646 3390 3716 3459 (8)

2139 3478 2364 3549 θεωρῐου
2426 3477 2704 3548 βασιλικοῦ
2751 3480 2871 3532 καθ’
2901 3481 3194 3550 ὁμοιότητα
3224 3481 3318 3534 τοῦ
3346 3480 3610 3552 ὲνῬὼμῃ
3641 3482 3720 3534 δν·-

2137 3587 2251 3634 τος.
2284 3571 2392 3623 Καὶ
2443 3570 2704 3624 παλάτιον
2749 3571 2825 3641 (9)
2879 3572 3024 3641 μέγα
3082 3574 3310 3644 ποιήσας
3362 3573 3596 3642 πλησίον
3631 3570 3719 3625 τοῦ

2141 3661 2307 3716 αὐτοῦ
2361 3661 2588 3715 ἱππικοῦ
2624 3663 2724 3732 τὴν
2761 3663 2946 3717 ἄνοδον
2980 3663 3089 3716 ἀπὸ
3114 3664 3208 3716 τοῦ
3258 3665 3524 3718 παλατίου
3557 3667 3636 3727 εἰς
3666 3663 3722 3714 τὸ

2138 3753 2383 3825 κάϐισμα
2405 3753 2500 3806 τοῦ
2530 3754 2758 3810 ἱππικοῦ
2790 3753 2879 3807 διὰ
2900 3755 2992 3808 τοῦ
3015 3754 3307 3827 λεγομένου
3329 3755 3566 3827 Κοχλιου
3589 3753 3717 3827 (10).

1800 3931 2168 3988 VARIORUM
2207 3929 2436 3986 ΝΟΤΑΞ.

525 4074 636 4145 (98)
664 4073 810 4127 Ἀπὸ
865 4074 1155 4144 γενέσεως
1187 4073 1357 4142 ὁμοῦ.
1397 4072 1706 4145 Delevimus
1747 4073 1900 4145 hanc
1933 4088 2034 4143 po-

454 4144 714 4202 stremam
767 4159 956 4199 vocem
1008 4160 1132 4199 cum
1173 4144 1472 4199 llolstenio.
1519 4144 1573 4199 Id
1618 4159 1784 4214 porro
1818 4144 2034 4199 videtur

455 4224 780 4283 excerptum
811 4229 879 4283 ex
909 4215 1090 4283 aliquo
1115 4214 1384 4268 Paschali.

528 4281 646 4355 (99)
677 4284 746 4355 'l_‘d
773 4281 840 4337 θ’.
891 4281 1033 4339 Fasti
1067 4300 1281 4347 omnes,
1331 4283 1674 4338 Constantino
1704 4284 1799 4338 VII
1821 4294 1870 4337 et
1902 4281 2038 4338 Con-

453 4351 649 4409 stantio
677 4351 908 4423 Caesare,
935 4357 1138 4423 absque
1161 4369 1390 4408 numero
1415 4355 1747 4408 consulatus.
1777 4355 2035 4420 Quaedam

2139 4070 2529 4127 Cotthol‘redus
2555 4072 2607 4126 in
2639 4071 2898 4128 Chronol.
2927 4075 2993 4128 ad
3025 4072 3280 4129 eumdem
3305 4074 3440 4130 Cod.

2214 4143 2292 4212 (4)
2323 4143 2430 4194 Kal
2465 4140 2751 4211 γέφυραν.
2807 4143 3001 4199 Nescio
3053 4161 3122 4199 an
3172 4145 3279 4199 huc
3328 4145 3605 4213 pertineat
3641 4145 3723 4199 in-

2140 4213 2366 4281 scriptio
2386 4214 2436 4264 in
2469 4221 2688 4281 pontem
2718 4214 2946 4268 Danubii
2973 4215 3038 4269 ad
3069 4215 3257 4268 ruinas
3287 4215 3432 4268 urbis
3459 4214 3720 4269 Warhel:

2139 4280 2501 4336 Ριιονιυεκτιλ
2555 4296 2674 4336 auc.
2725 4299 2863 4338 vene
2909 4300 3218 4340 pommus.
3270 4283 3471 4338 Vinrus
3515 4301 3723 4340 nouns

2140 4367 2262 4412 QUID
2287 4366 2385 4403 NON
2409 4367 2599 4405 DOIIET.
2627 4366 2720 4406 SUB
2748 4368 2913 4408 JUGUM
2951 4371 3078 4408 ECCE
3106 4370 3327 4408 RAPITUR
3350 4369 3416 4407 ΕΤ
3438 4371 3714 4410 ιυικιινιιςε.

454 4425 600 4495 leges
660 4421 794 4477 Cod.
857 4419 1066 4479 TheodI
1133 4425 1339 4478 habent
1370 4423 1676 4488 Constante,
1727 4419 1847 4479 aliae
1897 4424 2037 4478 Con-
2071 4483 2107 4495 ﬁ
2145 4419 2627 4495 Vide'l‘heophan.
2662 4438 2754 4495 an.
2787 4434 2987 4495 κιαι-ει
3017 4441 3163 4488 κλιν,
3205 4424 3582 4495 Golistantini.
3643 4423 3660 4440 '

453 4495 677 4548 stantia.

528 4565 602 4634 (l)
632 4561 958 4634 ᾼρέπανον.
1007 4561 1349 4634 Ammianus,
1378 4561 1470 4634 lib.
1501 4577 1655 4634 xxvi,
1703 4560 2032 4634 Drepanum,

457 4631 593 4688 nunc
626 4633 1009 4702 Helenopolim,
1038 4635 1174 4685 venit
1213 4632 1378 4702 iUrbs
1410 4631 1771 4702 Bithynitead
1806 4632 2035 4689 Astaca-

457 4721 588 4758 num
633 4701 835 4766 sinum,
895 4703 1178 4772 Stephano
1211 4701 1486 4772 Byzantio.
1525 4701 1656 4772 Vide
1687 4701 1833 4772 illius
1863 4702 2037 4755 inter—

455 4784 659 4843 pretes.
714 4769 1102 4843 Hieronymum
1132 4769 1546 4843 ill_Ciil‘0ﬂ._Cl_
1563 4771 1639 4843 ibi
1681 4770 2036 4843 scaligerym,

461 4839 576 4913 pag.
603 4843 728 4904 250,
763 4853 818 4896 et
843 4839 1032 4897 Iacob.
1065 4841 1406 4897 Gottliofrcd.
1432 4841 1489 4895 in
1509 4839 1873 4911 Chronologia
1899 4839 2035 4895 Cod.

459 4913 731 4967 Tlieodos.
768 4928 913 4966 anno
941 4928 1226 4968 cccxxvut.

530 4983 604 5052 (2)
635 4983 1030 5050 Ἰανουαρίων.
1064 4983 1140 5037 Ita
1174 4981 1318 5037 Fasti
1357 4979 1942 5052 Savilliani,_Prosperi
1986 4989 2042 5036 et

462 5049 705 5122 YiCtorii.
745 5053 814 5104 At
852 5049 1168 5107 Laterculus
1212 5052 1453 5122 praefect.
1487 5053 1607 5122 urb.
1657 5049 2040 5122 Fragmentum

462 5121 671 5186 lf‘aslor.
717 5131 771 5175 et
802 5122 1075 5176 Paschalis
1097 5121 1318 5178 centqu
1349 5138 1542 5174 annor.
1589 5121 1867 5186 Bucherii,
1901 5130 1960 5175 ut
1987 5130 2043 5174 et

463 5189 609 5244 Fasti
632 5191 786 5244 ldatii
826 5208 955 5245 mss.
987 5193 1344 5245 Januarinum
1377 5193 1580 5261 legunt.

537 5261 614 5330 (5)
643 5261 950 5316 Δανοῦϐιν.
990 5263 1047 5315 In
1081 5263 1238 5318 Dacia
1272 5260 1494 5331 Ripeusi
1544 5261 1719 5331 egisse
1765 5260 2041 5331 Constan-

465 5329 637 5384 tinum
687 5332 789 5384 hoc
828 5339 1071 5400 tempore
1116 5348 1186 5386 ex
1246 5329 1651 5400 subscriptione
1699 5333 1801 5400 leg.
1830 5330 1863 5383 5
1904 5329 2039 5384 Cod.

463 5401 674 5454 'l'heod.
705 5401 772 5454 de
797 5400 1042 5472 Privileg.
1078 5417 1268 5456 eorum
1308 5403 1399 5471 qui
1439 5403 1490 5454 iu
1520 5416 1660 5455 sacr.
1692 5401 1797 5470 pal.
1831 5400 2035 5468 colligit

2067 4483 2113 4537 D
2217 4483 2855 4564 t5)_'_Er'Nmop-ndet'gt.
2904 4493 3003 4547 Ubi
3037 4483 3160 4546 tum-
3182 4493 3358 4564 egisse
3407 4493 3720 4548 Constanti-

2136 4575 2269 4633 num
2315 4560 2412 4633 _his_
2441 4575 2582 4633 coss.
2619 4571 2850 4633 testatur
2884 4560 3379 4633 subscriptio'Leg.
3446 4579 3544 4617 un.
3588 4565 3719 4619 Cod.

2137 4630 2348 4684 Theod.
2385 4631 2452 4684 de
2479 4631 2682 4684 Mensis
2719 4632 2890 4685 olear.

2213 4701 2287 4772 (6)
2348 4701 2440 4772 Td,
2476 4699 2716 4768 ,πρῶτον
2771 4701 2993 4769 τεῖχος.
3051 4700 3205 4772 Vide
3243 4701 3721 4772 Constantinopol.

2135 4771 2340 4824 Christ.
2390 4769 2482 4824 lib.
2537 4786 2554 4844 ι
2605 4779 2742 4844 s_ect_.
2787 4773 2854 4824 de
2901 4772 3144 4844 Byzantii
3176 4771 3322 4841 Orig.
3360 4789 3416 4844 ιι.
3453 4775 3507 4824 8.
3543 4769 3631 4828 Ab
3659 4774 3723 4826 iis

2137 4853 2300 4912 porro
2339 4854 2459 4907 qua:
2487 4840 2554 4892 ad
2585 4840 2829 4908 ejusdem
2863 4840 3099 4896 civitatis
3125 4840 3570 4912 descriptionem,
3632 4858 3724 4898 seu

2139 4909 2406 4982 regiones,
2444 4925 2540 4963 seu
2569 4912 2714 4964 aedes
2739 4926 2943 4976 sacras,
2978 4920 3035 4965 et
3078 4913 3180 4965 alia
3215 4909 3526 4982 hujusmodi
3569 4929 3728 4982 specs

2140 4987 2282 5042 tant,
2324 4979 2585 5048 deinceps
2610 4990 2923 5046 occurrent,
2949 4979 3297 5036 enucleaudis
3339 4981 3419 5034 vel
3448 4979 3728 5036 illustran-

2141 5050 2226 5102 dis
2256 5049 2674 5113 abstinebimus,
2707 5051 2840 5104 locis
2864 5053 3128 5106 duntaxat
3147 5052 3306 5106 istius
3332 5051 3730 5108 lucubrationis

2141 5119 2418 5190 indicatis,
2458 5135 2530 5174 ne
2567 5131 2747 5174 actum
2783 5135 3029 5190 agamus.

2215 5189 2292 5256 (7)
2337 5189 2629 5244 Ἰππικόν.
2668 5189 2804 5244 Ibid.
2827 5189 2935 5246 ιιι).
2969 5209 3006 5257 ι,
3043 5200 3180 5245 sect.
3215 5191 3262 5256 Ι,
3297 5206 3355 5244 n.
3389 5189 3443 5246 5.

2214 5258 2290 5328 (8)
2322 5259 2617 5329 Κάθισμα.
2654 5259 2812 5325 lbid.,
2846 5277 2901 5315 ιι.
2937 5262 2989 5315 6.

2215 5329 2292 5396 (9)
2323 5329 2646 5384 Παλάτιον.
2684 5330 2845 5396 lbid.,
2882 5332 2978 5385 lib.
3021 5347 3085 5394 ιι,
3118 5338 3252 5385 sect.
3285 5331 3339 5395 4,
3375 5345 3431 5383 ιι.
3466 5330 3521 5386 1.

2213 5399 2324 5468 (ill)
2368 5401 2649 5467 Κοχλίου.
2698 5401 2860 5466 lbid.,
2889 5402 2980 5456 lib.
3025 5418 3063 5462 ι.
3096 5411 3230 5457 sect.
3259 5403 3310 5464 i,
3345 5417 3401 5457 ιι.
3430 5401 3485 5456 5.

1771 5560 1855 5615 VA
1866 5560 2008 5616 ΒΙᾸΞ
2046 5559 2343 5616 LECTION
2354 5563 2455 5617 ES.

537 5695 580 5779 ξ’
613 5696 750 5779 ὁμοῦ
777 5696 976 5779 om..P,
1002 5705 1123 5779 post
1153 5696 1420 5779 Laverna);
1462 5698 1617 5767 ponit
1663 5695 1726 5748 ιι.
1807 5697 1850 5727 ³⁸
1883 5702 1928 5748 κ’
1960 5695 2205 5766 ὲτηρῐδος
2245 5695 2354 5750 PV.
2433 5698 2476 5730 ³⁹
2508 5698 2792 5770 Δρέπαναν
2829 5701 2894 5756 ν.
2975 5704 3019 5736 ⁸ο
3046 5704 3320 5776 Δανούὸην
3357 5704 3465 5764 PV.

466 5767 656 5836 ὀλίγας
677 5767 753 5840 τῷ
787 5768 936 5839 αὐτῷ
961 5767 1126 5837 τείχει
1169 5767 1229 5820 Ρ.
