3858 6338
255 379 348 442 769

1401 381 1833 442 ΟΗΒΟΝΙΕΟΝ
1877 382 2282 442 PASCHALE.

3379 379 3485 444 710

253 485 432 551 κτίσας
482 487 578 542 κσή⁵
616 487 776 557 φόρον
823 488 934 560 (11)
971 490 1146 562 μέγαν
1198 490 1290 544 καί
1339 493 1590 563 εὐπρεπῆ
1655 483 1826 549 πάνυ.

1941 495 2072 548 [ιειιιο
2102 493 2309 554 statuit,
2344 493 2430 548 cui
2458 509 2608 548 suam
2641 495 2809 565 ipsius
2836 497 3198 570 praegrandem
3235 497 3490 568 imposuit

249 580 334 631 καὶ
378 577 605 649 ἔστησεν
645 583 704 632 ἐν
747 582 896 651 μέσῳ
939 581 1090 635 κίονα
1134 582 1243 651 (12)
1283 581 1595 654 πορφυροῦν
1643 583 1819 652 μέγαν

250 673 392 727 λίθου
439 673 678 744 Θηϐαίου
708 675 1161 746 ἀξιοθαύμαστον,
1191 677 1284 730 καὶ
1313 677 1567 748 ὑπεράνω
1597 676 1692 730 τοῦ
1721 677 1818 730 αὐ-

248 762 334 816 τοῦ
373 764 553 828 κίονος
581 765 811 834 ἔστησεν
841 766 1035 821 ἑαυτοῦ
1066 768 1358 839 ἀνδριάντα
1394 767 1588 838 μέγαν,
1625 767 1818 837 ἔχοντα

251 853 304 905 ἐν
349 856 418 924 τῇ
475 855 682 926 κεφαλῇ
731 856 894 910 αὐτοῦ
943 859 1188 921 ἀκτῖνας,
1236 859 1373 929 ὅπερ
1423 857 1819 930 χαλκούργημα

249 943 452 1028 ἤγαγεν
479 945 586 998 ἀπὸ
607 947 706 1014 τῆς
728 945 990 1016 Φρυγίας.
1027 947 1088 998 Ὀ
1113 946 1169 998 δὲ
1201 946 1359 1009 αὐτὸς
1391 946 1637 1016 βασιλεὺς
1675 947 1828 998 Κων-

252 1036 523 1097 σταντῖνος
571 1035 784 1102 ἀφελὼν
817 1035 1074 1105 κρυπτῶς
1118 1035 1226 1090 ἀπὸ
1257 1037 1475 1106 Ῥώμης
1500 1037 1561 1088 τὸ
1590 1035 1826 1105 λεγόμε-

253 1138 334 1175 νον
381 1123 681 1177 Παλλάδιον
722 1123 857 1195 (15),
893 1125 1088 1196 ἔθηκεν
1120 1126 1251 1178 αὐτὸ
1291 1128 1347 1178 ἐν
1399 1127 1476 1196 τῷ
1513 1127 1605 1178 ὑπ’
1664 1124 1826 1178 αὐτοῦ

251 1212 518 1266 κτισθέντι
565 1214 714 1285 φόρῳ
758 1216 1017 1270 ὑποκάτω
1053 1216 1146 1270 τοῦ
1177 1215 1352 1279 κίονος
1376 1217 1474 1286 τῆς
1502 1216 1701 1286 στήλης
1725 1216 1824 1268 αὑ-

1924 591 2177 646 statuam,
2212 582 2390 635 radios
2421 581 2707 636 habentem
2745 583 2799 636 in
2841 586 3015 654 capite
3045 605 3058 638 ι
3101 588 3243 656 quod
3269 587 3488 656 quidem

1923 687 2122 726 aereum
2152 687 2287 740 opus
2315 685 2382 725 ex
2405 670 2633 741 Phrygia
2657 673 2851 726 advehi
2885 676 3110 730 curavit.
3145 676 3291 730 Idem
3324 676 3492 745 impe-

1924 771 2070 815 rator
2096 762 2489 816 Constantinus
2519 762 2655 815 clam
2697 763 2933 818 ablatum
2963 765 3132 820 Roma
3167 767 3488 831 Palladium,

1927 853 2001 907 uti
2031 854 2350 922 appellatur,
2376 853 2429 905 in
2458 852 2576 906 foro
2607 868 2636 906 a
2657 868 2715 906 se
2750 863 3049 917 exstructo,
3077 858 3178 910 sub
3218 858 3490 923 columna,

1923 941 2010 996 cui
2037 941 2286 1010 imposita
2320 951 2402 994 est
2423 941 2564 994 illius
2592 949 2788 1004 statua,
2828 943 3148 1008 recondidit,
3181 954 3240 997 ιιι
3270 945 3490 1013 quidam

1924 1048 1990 1086 ex
2017 1031 2282 1102 Byzantiis
2320 1042 2589 1094 asserunt,
2627 1033 2717 1099 qui
2748 1032 2800 1085 id
2829 1048 2897 1086 ex
2932 1034 3221 1088 traditione
3259 1051 3489 1104 accepe—

1927 1133 2074 1178 runt.
2106 1124 2399 1176 Fortunam
2441 1139 2570 1176 vero
2616 1123 2776 1177 Urbis
2822 1125 2890 1177 ab
2923 1141 2988 1179 eo
3029 1127 3360 1192 instauratae,
3412 1127 3494 1180 in-

1931 1222 2162 1266 cruento
2191 1211 2333 1265 facto
2361 1212 2646 1277 sacriﬁcio,
2683 1212 2988 1267 Florentem
3010 1217 3316 1284 appellavit.

250 1305 356 1369 τοῦ,
396 1305 474 1370 ὦς
519 1324 658 1370 τινες
706 1307 923 1376 λέγουσι
967 1308 1080 1362 τῶν
1112 1309 1435 1374 Βυζαντίων.
1467 1311 1532 1363 ἐκ
1577 1309 1824 1379 διαδοχῆς
1851 1305 2201 1367 ἀκούσαντες.
2238 1305 2347 1374 Τὴν
2391 1304 2448 1356 δὲ
2497 1305 2668 1374 τύχην
2709 1305 2818 1374 (14)
2861 1307 2956 1374 τῆς
3012 1308 3216 1370 πόλεως
3270 1308 3370 1376 τῆς
3403 1305 3494 1359 ὑπ’

251 1393 410 1447 αὑτοῦ
445 1396 843 1468 άνανεωθείσης
868 1401 1092 1469 ποιήσας
1117 1398 1307 1452 θυσίαν
1335 1399 1686 1469 ἀναίμακτον,
1711 1399 1962 1452 ἐκάλεσεν
1990 1396 2278 1448 Ἀνοοῦσαν
2313 1398 2444 1466 (15).

329 1488 388 1540 Ὀ
435 1487 597 1551 αὐτὸς
649 1489 898 1558 βασιλεὺς
947 1489 1128 1544 ἔκτισε
1175 1489 1388 1544 καὶδύο
1417 1491 1676 1561 ἐμϐόλους
1708 1491 1819 1560 (16)
1859 1547 1862 1550 ,

253 1579 352 1632 ἀπὸ
384 1575 484 1644 τῆς
505 1578 712 1631 εἰσόδου
743 1579 842 1632 τοῦ
871 1580 1134 1634 παλατίου
1171 1580 1276 1643 ἓως
1304 1579 1398 1634 τοῦ
1430 1580 1597 1650 φόρου
1626 1581 1824 1650 εὐπρε-

253 1672 392 1734 πεῖς,
445 1671 727 1740 κοσμήσας
768 1671 1154 1742 ἁνδριᾶσι.καὶ
1203 1671 1537 1742 μαρμάροις,
1593 1670 1827 1732 καλέσας

252 1759 339 1812 τὸν
370 1760 536 1812 τόπον
575 1758 684 1812 τῶν
717 1761 962 1831 ἐμϐόλων
1004 1759 1228 1831 Ῥηγίαν
1261 1761 1396 1832 (17),
1429 1761 1621 1824 κτίσας
1663 1761 1854 1828 ἐγγὺς

255 1850 342 1903 καὶ
377 1849 666 1920 βασιλικὴν
710 1851 824 1924 (18)
867 1851 1094 1922 ἔχουσαν
1128 1851 1353 1922 κόγχην,
1391 1851 1484 1904 καὶ
1517 1851 1622 1916 ἔξω
1656 1851 1826 1921 μεγά-

254 1941 372 2005 λους
405 1942 591 2006 κίονας
623 1944 826 2014 στήσας
862 1943 958 1998 καὶ
990 1942 1338 2015 ἀνδριάντας,
1369 1942 1551 2013 ἥνπερ
1576 1941 1831 1995 ἐκάλεσεν

257 2035 476 2087 σενᾶτον
508 2035 643 2104 (19),
697 2035 936 2098 καλέσας
961 2034 1051 2087 τὸν
1091 2034 1255 2088 τόπον
1280 2033 1667 2102 Αὐγουσταῖον,
1696 2030 1831 2086 καθ-

254 2124 330 2176 ότι
381 2127 480 2178 καὶ
531 2126 732 2197 στήλην
783 2121 852 2196 ἦν
891 2125 938 2159 ⁸³
983 2127 1188 2196 στήσας
1231 2124 1519 2178 κατέναντι
1547 2123 1646 2192 τῆς
1698 2122 1832 2184 ἰδίας

256 2213 416 2267 αὐτοῦ
463 2215 668 2284 μητρὸς
703 2214 951 2286 Ἐλλένης
1003 2215 1316 2283 Αὑγούστας
1369 2212 1416 2244 ⁸³
1460 2211 1740 2281 δεσποίνης
1772 2210 1832 2263 ἐν

261 2301 530 2372 πορφυρῷ
560 2302 722 2355 κίονι.

332 2389 568 2460 Ὁμοίως
623 2391 679 2443 δὲ
703 2391 795 2445 καὶ
823 2391 885 2444 τὸ
908 2390 1165 2461 δημόσιον
1189 2389 1250 2443 τὸ
1271 2387 1562 2458 λεγόμενον
1605 2385 1830 2452 Ζεύξιπ-

256 2493 354 2532 πον
375 2479 518 2550 “’(20)
553 2479 961 2551 ἀνεπλήρωσεν,
995 2480 1279 2550 κοσμήσας
1319 2479 1462 2532 κίοσι
1482 2478 1578 2532 καὶ
1607 2477 1829 2548 μαρμά-

260 2584 370 2639 ροις
404 2568 667 2632 ποικίλοις
707 2570 804 2622 καὶ
832 2569 1335 2640 χαλκουργήμασιν.

335 2745 460 2801 Ἰνδ.
506 2743 571 2815 β’.
615 2746 713 2799 κδ’.
755 2745 851 2798 ὑπ.
901 2747 1312 2800 Κωνσταντίνου
1343 2742 1658 2812 Αὐγούστου
1703 2742 1764 2794 τὸ
1797 2746 1829 2794 ι’

260 2832 352 2886 καὶ
379 2831 761 2886 Κωνσταντίου
787 2833 1061 2903 Καίσαρος
1086 2833 1148 2886 τὸ
1174 2840 1215 2886 ε’
1240 2832 1374 2904 (21).

338 3005 460 3063 Ἵνδ.
491 3007 562 3076 γ’.
590 3015 691 3064 κε’.
717 3007 813 3064 ὑπ.
844 3007 1170 3064 Γαλλικανοῦ
1191 3010 1284 3064 καὶ
1314 3009 1632 3080 Συμμάχου.

1995 1489 2142 1542 Idem
2175 1489 2468 1558 imperator
2496 1489 2734 1558 geminas
2758 1488 3000 1541 condidit
3035 1489 3279 1557 porticus
3309 1489 3376 1542 ab
3407 1491 3493 1542 in—

1925 1595 2112 1650 gressu
2145 1578 2328 1648 palatii
2363 1593 2532 1646 usque
2555 1577 2621 1630 ad
2653 1576 2852 1636 forum.
2883 1577 3171 1630 admodum
3198 1577 3492 1646 elegantes,

1926 1667 2122 1722 statuis
2160 1677 2216 1720 et
2254 1665 2612 1718 marmoribus
2660 1663 2969 1726 adornatas,
3016 1662 3321 1731 porticuum
3375 1662 3495 1715 loco

1928 1757 2106 1827 Regia:
2129 1755 2348 1809 nomine
2378 1755 2548 1807 indito
2579 1772 2590 1805 :
2627 1763 2847 1822 propter
2878 1769 3037 1821 quam
3067 1751 3317 1806 excitavit
3347 1751 3495 1804 basi-

1929 1846 2086 1900 licam
2124 1861 2245 1899 cum
2291 1845 2517 1908 concha,
2563 1844 2984 1913 ingentibusque
3019 1851 3169 1895 extra
3200 1842 3367 1895 tndem
3404 1856 3498 1895 co-

1933 1934 2131 1987 lumnis
2154 1943 2210 1987 et
2236 1933 2450 1992 statuis.
2471 1949 2628 2001 quam
2653 1942 2899 1986 senatum
2927 1932 3262 1999 nuncupavit
3285 1951 3295 1984 :
3316 1931 3496 1984 locum

1931 2043 2059 2083 vero
2087 2037 2238 2082 extra
2262 2027 2402 2080 hanc
2429 2026 2596 2079 aedem
2632 2027 3002 2095 Augustazum,
3039 2025 3495 2092 quemadmodum

1930 2125 1986 2172 et
2013 2125 2264 2179 statuam,
2298 2131 2458 2184 quam
2489 2131 2518 2169 e
2545 2116 2762 2185 regione
2796 2115 2953 2168 matri
2977 2131 3087 2169 suae
3124 2115 3360 2168 domina:
3387 2113 3496 2167 lle-

1931 2211 2066 2266 lcna:
2131 2212 2384 2280 Augustae
2442 2209 2497 2262 in
2572 2207 2949 2278 porphyretica
3016 2207 3266 2260 columna
3332 2207 3500 2260 collo-

1930 2303 2092 2357 cavit.

1999 2391 2241 2447 Absolvit
2295 2403 2507 2459 quoque
2543 2387 2804 2441 Balneum
2843 2388 3179 2458 Zeuxippum
3215 2403 3499 2456 nuncupa-

1931 2494 2070 2547 tum,
2115 2480 2352 2548 illudque
2379 2477 2648 2532 columnis
2668 2493 2731 2529 ac
2758 2477 3118 2533 marmoribus
3147 2477 3280 2532 varii
3303 2477 3499 2532 coloris

1929 2585 1983 2630 et
2007 2573 2160 2629 aereis
2182 2571 2436 2641 operibus
2463 2569 2772 2624 exornavit.

1933 2666 1998 2720 A.
2030 2663 2092 2718 C.

1999 2755 2124 2809 529.
2161 2753 2246 2822 (Α.
2275 2767 2305 2804 a
2346 2749 2416 2802 M.
2450 2751 2510 2807 Β.
2544 2749 2727 2818 5857.)
2775 2767 2922 2805 xxxv.
2968 2751 3084 2805 Ind.
3119 2766 3179 2805 ιι.

1928 2842 2283 2900 Constantino
2328 2843 2568 2908 Augusto
2624 2839 2672 2893 Χ
2721 2849 2778 2895 et
2817 2840 3211 2896 Constantino
3255 2867 3258 2870 -

1930 2937 2143 2990 Caesare
2169 2931 2211 2984 γ
2243 2946 2385 2986 coss.
3238 2929 3289 2982 1.
3331 2927 3458 2984 277.

3220 2659 3326 2716 'Ol.
3353 2658 3498 2731 lph.]

1999 3023 2122 3078 550.
2146 3036 2268 3074 xxv.
2295 3019 2408 3074 Ind.
2435 3035 2514 3072 ιιι.
2543 3018 2816 3074 Gallicano
2846 3025 2900 3072 et
2936 3017 3190 3090 Symma-

1929 3117 2034 3171 cho
2053 3129 2194 3168 coss.
3251 3110 3308 3163 2.

332 3203 530 3266 Ἔτους
551 3210 634 3257 τα¹
653 3204 762 3274 (22)
786 3207 884 3275 τῆς
913 3207 993 3268 είς
1040 3205 1300 3275 οὐρανους
1363 3200 1819 3285 ἀναλήψεως-τοῦ

1994 3206 2152 3258 Αιιιιο
2181 3216 2312 3264 οεοι,
2370 3207 2492 3269 post
2529 3199 2730 3253 Christi
2757 3199 2808 3251 in
2837 3198 3002 3252 caelos
3053 3198 3498 3266 assumptionem,

261 3293 470 3364 Κυρίου
493 3295 586 3347 κιιι)⁸
601 3301 679 3348 κε’
706 3296 805 3367 τῆς
832 3294 1022 3348 ἑαυτοῦ
1053 3293 1342 3366 βασιλείας,
1375 3286 1866 3361 Κωνσταντῖνοςξό”

263 3382 672 3452 εὐσεϐέστατος,
710 3385 891 3458 πατὴρ
932 3387 1340 3440 Κωνσταντίνου
1369 3385 1531 3454 285
1573 3385 1692 3438 νέου
1721 3385 1828 3436 Αὑ-

261 3474 494 3541 γούστου
517 3478 611 3528 καὶ
631 3477 1004 3530 Κωνσταντίου
1025 3478 1121 3532 καὶ
1145 3476 1495 3539 Κώνσταντος
1511 3475 1826 3544 Καισάρων,

264 3564 422 3617 πόλιν
479 3565 772 3636 μεγίστην,
819 3565 1076 3637 λαμπρὰν
1117 3567 1211 3619 καὶ
1271 3565 1562 3635 εὐδαίμονα
1618 3563 1830 3629 κτίσας,

265 3653 558 3724 συγκλήτῳ
575 3671 635 3707 τε
663 3655 918 3726 τιμήσας,
941 3654 1509 3710 Κωνσταντινούπολιν
1525 3655 1572 3686 ⁸⁵
1599 3653 1832 3725 κέκληκε

265 3743 371 3811 πρὸ
396 3744 562 3796 πέντε
595 3745 739 3799 Ἱδῶν
764 3746 876 3818 (25)
906 3747 1120 3810 Μαίων,
1157 3745 1343 3816 ἡμέρᾳ
1375 3744 1602 3816 δευτέρα
1629 3745 1728 3815 τῆς
1749 3743 1836 3796 ἐϐ-

263 3832 520 3903 δομὼδος,
559 3835 887 3901 ἰνδικτιῶνος
916 3837 1128 3909 τρίτης,
1161 3839 1222 3890 τὸ
1246 3836 1512 3908 πρότερον
1568 3836 1836 3905 καλουμέ-

264 3939 364 3992 νην
397 3924 712 3992 Βυζάντιον,
755 3927 970 3998 Ῥώμην
993 3928 1161 3999 αὐτὴν
1188 3927 1446 3998 δευτέραν
1480 3927 1591 3998 (9.4)
1617 3943 1836 3998 χρημα-

1933 3304 1984 3354 et
2023 3312 2126 3351 xxv
2159 3295 2329 3367 ipsius
2371 3293 2606 3364 imperii,
2653 3295 3038 3348 Constantinus
3067 3293 3371 3357 Piissimus,
3405 3308 3501 3362 pa-

1931 3399 2012 3444 ter
2050 3389 2392 3442 Constantini
2441 3386 2682 3442 htnioris
2726 3385 2982 3455 Augusti,
3027 3393 3084 3439 et
3111 3383 3414 3440 Constantii
3446 3394 3504 3438 et

1929 3479 2240 3536 Constantis
2294 3479 2594 3544 Caasarum,
2638 3475 2898 3532 adiﬁcata
2948 3474 3080 3529 urbe
3133 3474 3395 3542 maxima,
3435 3473 3503 3527 il—

1930 3570 2103 3634 lustri,
2129 3578 2181 3624 et
2211 3569 2372 3633 felici,
2397 3583 2566 3638 eaque
2585 3576 2778 3622 senatu
2796 3567 3170 3629 cohonestata,
3196 3564 3336 3618 hanc
3361 3565 3504 3617 Con—

1935 3660 2339 3730 stantinopolim
2388 3660 2721 3728 nuncupavit
2765 3673 2830 3713 ex
2876 3673 2925 3712 a.
2959 3658 3013 3712 d.
3047 3675 3100 3710 v.
3148 3655 3273 3711 ldus
3318 3654 3500 3717 Maias,

1940 3752 2294 3806 hebdomadis
2337 3751 2468 3806 feria
2509 3767 2546 3806 ιι
2598 3749 2908 3805 indictionis
2933 3763 3014 3814 ιιι,
3062 3763 3184 3802 cum
3223 3747 3371 3816 prius
3402 3745 3504 3815 By-

1941 3843 2179 3896 zantium
2208 3851 2512 3904 vocaretur,
2543 3857 2703 3911 quam
2735 3839 2960 3895 Romam
3005 3837 3298 3893 secundam
3324 3835 3503 3890 vocari

1939 3934 2202 3998 decrevit,
2223 3933 2507 3990 celebratis
2533 3932 2676 3986 ludis
2700 3929 3066 3990 Circensibus,
3090 3928 3140 3982 in
3168 3927 3363 3995 quibus
3391 3925 3504 3979 dia-

1585 4062 1673 4119 DU
1682 4061 1908 4120 CANGll
1945 4065 2174 4121 NOTAE.

367 4177 455 4248 11)
485 4180 691 4248 ψόρον.
723 4179 897 4235 Const.
925 4180 1140 4244 Christ"
1164 4180 1257 4235 lib.
1286 4195 1323 4244 ι,
1344 4189 1476 4235 sect.
1507 4177 1596 4244 24,
1621 4194 1676 4232 ιι.
1707 4178 1757 4232 1.

366 4249 454 4314 19.)
492 4251 695 4303 Κίονα.
735 4251 889 4314 Ibid.,
917 4266 976 4302 ιι.
1008 4251 1062 4302 6.

437 4318 455 4387 )
486 4318 853 4372 Παλλάδιον.
891 4319 1050 4383 Ibid.,
1087 4334 1142 4372 ιι.
1184 4318 1236 4372 6.

367 4319 455 4387 15)
486 4319 853 4372 Παλλάδιον.
891 4319 1050 4383 Ibid.,
1087 4334 1142 4372 ιι.
1184 4319 1236 4372 6.

281 4447 286 4450 _
317 4321 459 4510 i314)
492 4388 709 4453 Τύχην.
737 4388 899 4448 Ibid.,
930 4403 986 4440 ιι.
1011 4387 1071 4440 11
1096 4403 1110 4451 ;
1137 4395 1193 4441 et
1220 4388 1312 4442 lib.
1346 4403 1407 4452 ιι,
1439 4395 1572 4441 sect.
1598 4388 1651 4451 9,
1683 4404 1738 4442 ιι.
1771 4388 1826 4441 ,1.

268 4453 313 4509 V
449 4465 711 4510 praeterea
763 4465 921 4510 notas
952 4465 1166 4510 nostras
1201 4459 1269 4510 ad
1309 4456 1532 4510 Zonara
1584 4457 1826 4510 Annales.

1936 4182 2066 4235 alias
2115 4180 2280 4234 fuisse
2337 4179 2660 4247 scriptorum
2701 4177 2998 4233 sententias
3017 4173 3500 4247 deAZeuxippiap-

1936 4250 2224 4320 pellatiﬁone
2247 4243 2580 4320 docemusin
2605 4245 3050 4320 Constantinopoli
3076 4243 3302 4320 Clu-ist;
3331 4243 3428 4298 lib.
3458 4259 3502 4310 ι,

1936 4315 2070 4374 sect.
2101 4319 2191 4380 27,
2222 4335 2278 4372 ιι.
2311 4317 2364 4370 2.
2399 4317 2454 4370 ld
2485 4317 2747 4370 duntaxat
2773 4316 3021 4370 addimus
3043 4316 3108 4369 ad
3140 4315 3282 4368 illius
3321 4326 3507 4381 aqum-

1935 4389 2194 4442 ductuum
2242 4389 2520 4442 tuitionem
2572 4387 2844 4454 pertinere
2897 4384 3275 4454 viderilegem
3313 4384 3332 4435 1
3369 4382 3501 4454 Cod.

449 4449 711 4524 praeterea
763 4465 921 4514 notas
952 4449 1166 4510 nostras
1201 4459 1269 4511 ad
1309 4449 1532 4510 Zonara
1584 4449 1831 4521 Armales,
1869 4463 1911 4517 ι)
1940 4458 2148 4512 Theod.
2177 4457 2244 4510 de
2273 4449 2612 4524 aquaeductu,
2641 4470 2759 4522 qua:
2789 4468 2974 4508 mense
2996 4451 3134 4506 Maio
3164 4449 3286 4506 data
3315 4449 3505 4504 scribi-

269 4525 849 4718 :f-iSEig'i-aizgoﬁoar.
877 4593 1034 4659 Ibid.,
1065 4609 1157 4648 nn.
1187 4609 1226 4658 ι,
1259 4601 1395 4648 sect.
1423 4594 1478 4659 5,
1511 4611 1568 4648 ιι.
1595 4596 1682 4660 11,
1714 4609 1837 4664 pag.

371 4732 457 4801 16)
487 4733 604 4785 Δύο
632 4732 944 4800 ἐμϐόλους.
977 4732 1137 4795 Ibid.,
1162 4732 1256 4787 lib.
1290 4748 1350 4800 ιι,
1380 4740 1516 4787 sect.
1545 4733 1598 4788 5.
1630 4747 1687 4784 ιι.
1710 4728 1764 4784 2.

372 4803 460 4868 l7)
501 4801 759 4869 Ῥηγίαν.
797 4801 951 4869 Ibid.,
983 4817 1041 4854 ιι.
1079 4805 1130 4852 1.

341 4868 459 4940 (18)
490 4869 848 4940 Βασιλικήν.
873 4868 1029 4930 Ibid.,
1073 4869 1258 4940 ηιξ-η,
1284 4877 1418 4940 sect.
1441 4869 1494 4923 9.
1527 4872 1664 4940 n_._I.

344 4937 461 5010 (19)
489 4937 771 4992 Σενάτον.
801 4939 1115 5010 Anonymus
1143 4938 1459 5010 Valesianus
1493 4955 1505 4990 :
1553 4938 1634 4991 Ibi
1681 4939 1841 5010 etiam

269 5006 517 5062 satiatum
569 5009 867 5072 constituit,
905 5006 1118 5061 secundi
1161 5007 1360 5061 ordinis
1385 5006 1569 5062 Claros
1617 5009 1839 5060 vocavit.

273 5077 438 5140 Ibid.,
468 5085 605 5131 sect.
637 5079 690 5140 9,
731 5093 788 5131 ιι.
820 5079 873 5131 1.

345 5146 464 5217 (20)
495 5148 855 5217 Ζεύξιππον.
902 5149 979 5203 De
1018 5147 1273 5217 Zeuxippi
1310 5148 1529 5201 nomine
1556 5146 1629 5217 ita
1667 5146 1840 5199 Euse-

272 5214 401 5269 bius
425 5216 479 5268 in
508 5216 781 5270 Chronico
800 5217 897 5270 lib.
928 5233 944 5270 ι
971 5236 983 5271 :
1019 5214 1529 5284 Zeruik'prwclarus
1566 5216 1732 5282 pictor
1755 5217 1840 5267 in-

270 5285 442 5357 signis
465 5285 720 5357 habetur,
745 5301 808 5338 ex
835 5288 984 5355 cujus
1028 5287 1291 5340 nonnullis
1339 5286 1675 5357 imaginibus,
1707 5300 1840 5352 quas

271 5355 537 5426 glurimas
577 5355 721 5422 apud
771 5357 1003 5426 diversas
1039 5357 1279 5426 civitates,
1323 5355 1547 5426 fecerat,
1573 5355 1841 5426 lavacrum

273 5419 694 5492 Byzantinorum
742 5424 1063 5478 arbitramur
1105 5419 1448 5492 appellatum.
1517 5423 1623 5477 Sed
1686 5423 1842 5490 longe

1947 4537 2032 4582 tur
2061 4543 2134 4589 tv,
2167 4535 2288 4594 post
2310 4525 2562 4579 Encarnia
2589 4524 2697 4594 die.

2017 4587 2130 4662 (21)
2169 4587 2266 4646 ’Τὺ
2308 4595 2580 4648 δέκατον.
2616 4592 2763 4647 Fasti
2802 4607 2991 4662 omnes
3037 4599 3091 4645 et
3133 4588 3266 4662 God.
3293 4587 3501 4662 Theod.

1943 4657 2284 4721 Constantino
2315 4662 2442 4718 VIII
2467 4674 2514 4716 et
2539 4663 2883 4717 Constantino
2911 4661 2935 4714 1
2947 4660 2984 4713 γ
3025 4675 3118 4714 seu
3161 4657 3506 4712 Constantino

1943 4734 2169 4799 Ca’sare,
2205 4742 2262 4786 ut
2284 4743 2366 4787 est
2389 4733 2530 4802 apud
2561 4733 2906 4802 Prosperum.
2943 4729 3082 4782 Fasti
3112 4726 3384 4782 Savilliani
3411 4726 3508 4780 ha-

1943 4803 2092 4862 bent.
2127 4808 2220 4855 κα.)⁸
2260 4800 2636 4872 Κωνσῖταντίου
2665 4800 2727 4854 τὸ
2766 4800 2831 4872 β’.

2015 4874 2128 4938 (22)
2179 4872 2396 4936 Ἐτους
2451 4870 2555 4925 ta'.
2616 4866 2776 4937 lmo,'
2819 4869 2995 4940 inquit
3047 4866 3307 4935 Scaliger,
3364 4880 3510 4919 anno

1938 4955 2186 4997 CCXCVIII.

2010 5011 2122 5076 (25)
2154 5009 2273 5075 Πρὸ
2301 5008 2478 5062 πέντε
2505 5008 2697 5060 εἰδῶν.
2720 5009 2852 5062 Vide
2879 5016 3074 5076 praeter
3100 5013 3336 5076 nostram
3363 5003 3509 5076 Con-

1941 5073 2286 5146 stantinopol.
2343 5078 2437 5132 lib.
2500 5093 2538 5142 ι,
2600 5093 2658 5138 ιι,
2693 5093 2776 5138 ιιι,
2829 5073 3159 5146 scaligerum
3209 5075 3304 5128 lib.
3354 5090 3383 5124 v
3429 5073 3512 5146 lle

1941 5142 2206 5201 emendat.
2243 5157 2424 5215 temp.,
2453 5163 2503 5214 p.
2537 5147 2675 5211 508;
2709 5142 3006 5203 Petaviuuf,
3036 5145 3127 5198 lib.
3158 5161 3232 5215 xi,
3265 5159 3384 5215 cap.
3416 5142 3510 5204 42,

1941 5225 1996 5272 et
2021 5213 2360 5287 Gotthol'red.
2385 5213 2465 5287 ad?
2483 5217 2645 5287 legal
2672 5215 2780 5270 Cod
2812 5215 3066 5287 _Theod._
3085 5216 3152 5268 de
3176 5213 3366 5287 Feriis.

1946 5285 2129 5410 “524)
2173 5287 2404 5409 Ῥὶὺμέν
2439 5281 2744 5355 δευτέραν.
2797 5283 3244 5353 Constantinopol.
3292 5281 3510 5343 Christ,

1969 5374 1981 5410 ι
2031 5397 2040 5409 .
2079 5373 2117 5410 ι.
2148 5371 2236 5410 sec
2271 5397 2284 5410 .
2365 5395 2379 5408 .

1969 5358 2040 5410 ib.
2079 5373 2117 5418 ι,
2148 5365 2284 5410 sect.
2325 5358 2379 5409 6.

1557 5557 1790 5614 VARIA‘I
1833 5556 2121 5612 LECTION
2133 5558 2233 5611 ES.

347 5695 398 5732 ⁸³
430 5694 522 5770 ἦν.
552 5699 620 5772 ην
646 5697 754 5755 PV.
831 5700 1213 5776 *ζΔῦγούστης
1242 5698 1303 5754 Ρ.
1381 5699 1426 5731 ⁸⁵
1450 5698 1860 5754 Κωνσταντίνου
1891 5697 2044 5753 πόλιν
2074 5698 2139 5752 R.
