3858 6338
379 391 455 459 ³ίῖ
467 388 489 458 ι

1581 387 2018 488 ςΗιιοΝιοοΝ
2057 386 2468 482 PASCIIALE.

3553 391 3660 458 ἨΞ

388 506 548 562 dema
587 517 655 558 ex
709 503 1016 574 margaritis
1061 503 1292 573 aliisque
1331 503 1527 573 lapnlis
1558 503 1812 572 pretiosis
1838 517 1946 556 con

2077 499 2245 562 τίζειν
2295 497 2723 569 ἀναγορεύσας,
2785 495 3107 560 ἐπιτελέσας
3176 495 3396 549 ἱππικὸν
3469 497 3650 564 ἀγῶνα

385 597 592 653 fectum
640 595 850 666 primus
896 596 1148 667 gestavit.
1210 595 1412 666 Insigni
1459 595 1656 650 deinde
1703 603 1965 664 apparatu

385 700 505 746 acta
535 689 848 756 festivitate,
879 691 1067 745 statuit
1094 689 1277 745 divina
1307 705 1402 743 sua
1421 687 1688 758 jussione,
1721 696 1780 740 ut
1809 697 1966 755 quot-

383 783 544 837 annis
565 781 758 836 eodem
791 791 1107 836 recurrente
1157 783 1244 836 die
1276 781 1522 850 ejusdem
1563 779 1712 834 urbis
1761 777 1966 832 Natalis

383 873 779 938 celebraretur,
836 881 892 927 et
947 890 1002 928 χι
1060 873 1267 928 mensis
1315 871 1628 937 Artemisii,
1687 871 1965 940 publicum

383 964 645 1035 Zeuxippi
671 963 954 1029 Balneum,
987 965 1132 1035 quod
1165 965 1308 1020 circo
1334 975 1389 1019 et
1437 964 1616 1036 Regia:
1645 963 1829 1034 palatii
1867 963 1965 1017 ad-

377 1057 538 1126 jacet,
573 1057 896 1126 aperiretur.
937 1058 1182 1128 Cumque
1214 1057 1372 1111 aliam
1409 1058 1514 1112 sibi
1539 1056 1864 1112 confecisset
1897 1070 1962 1108 ex

379 1164 544 1218 opere
590 1149 737 1203 rasili
783 1158 1017 1205 statuam
1077 1158 1344 1216 auratam,
1399 1165 1521 1219 qua:
1564 1165 1731 1203 manu
1772 1148 1962 1202 dextra

378 1241 550 1310 ipsius
587 1241 737 1296 urbis
790 1240 1085 1297 Fortunam
1121 1243 1390 1313 gestabat,
1431 1242 1711 1311 ipsamque
1738 1241 1960 1294 inaura-

379 1341 512 1396 tam,
543 1333 835 1402 prazcepit,
871 1343 932 1387 ut
983 1348 1050 1387 eo
1092 1333 1180 1387 die
1233 1348 1342 1402 quo
1393 1332 1680 1387 Circenses
1709 1331 1779 1386 ob
1809 1331 1960 1386 urbis

375 1423 622 1478 Natalem
649 1425 970 1490 ederentur,
1014 1425 1265 1480 introiret
1291 1425 1481 1480 eadem
1511 1433 1688 1479 statua
1719 1437 1959 1477 marmo-

378 1531 488 1582 rea,
522 1517 753 1571 deducta
782 1532 812 1570 a
851 1517 1132 1581 militibus,
1159 1517 1312 1572 laenis
1343 1525 1396 1571 et
1429 1516 1700 1587 campagis
1729 1514 1956 1581 indutis,

376 1609 589 1663 cunctis
634 1624 822 1664 cereos
871 1609 1022 1664 albos
1080 1608 1498 1664 deferentibus:
1548 1616 1714 1677 utque
1762 1622 1958 1662 currus

376 1715 485 1768 quo
519 1708 699 1754 statua
752 1699 1054 1754 vehebatur
1083 1699 1419 1769 superiorem
1467 1697 1667 1752 ﬂexum
1716 1697 1956 1752 circum-

377 1791 498 1855 iret,
526 1802 578 1846 et
607 1791 674 1846 ad
702 1807 939 1846 scamma
977 1790 1396 1861 progrederetur
1427 1805 1494 1843 ex
1524 1789 1754 1843 adverso
1785 1788 1957 1858 impe-

376 1883 562 1936 ratorii
615 1882 900 1937 tribunalis
939 1901 952 1937 :
996 1890 1165 1952 utque
1222 1881 1519 1950 imperator
1563 1880 1656 1949 qui
1712 1888 1960 1950 tempore

375 1975 467 2028 illo
508 1983 779 2045 regnaret,
825 1989 855 2029 e
897 1975 1034 2030 solio
1075 1988 1387 2044 assurgens,
1432 1981 1666 2027 statuam
1711 1972 1962 2027 adoraret

375 2067 621 2134 ejusdem
679 2067 1023 2139 imperatoris
1067 2065 1442 2132 Constantini,
1493 2064 1774 2135 ipsiusque
1823 2063 1960 2120 For-

378 2169 522 2215 tuna'
550 2159 725 2216 urbis.

442 2337 588 2395 Idem
622 2336 1058 2408 religiosissimus
1083 2335 1378 2406 imperator
1399 2335 1790 2390 Constantinus
1817 2335 1959 2390 Con-

369 2429 721 2499 stantinopoli
781 2430 1054 2498 imperans
1105 2429 1323 2492 mansit,
1379 2443 1540 2498 quam
1599 2427 1668 2482 ab
1723 2427 1955 2496 Europae

368 2518 666 2588 provincia,
721 2533 819 2572 seu
865 2518 1009 2572 illius
1057 2518 1363 2588 metropoli,
1413 2517 1689 2582 Heraclea,
1731 2516 1950 2585 avulsit,

368 2611 624 2680 praefecto
683 2610 958 2677 praetorio,
1009 2620 1065 2664 et
1123 2612 1380 2681 praefecto
1441 2611 1578 2675 urbi,
1630 2610 1952 2681 ueterisque

368 2703 666 2772 majoribus
699 2703 1102 2773 magistratibus
1129 2703 1185 2756 in
1219 2718 1283 2757 ea
1310 2703 1642 2757 constitutis.

437 2951 477 3002 A
508 2948 680 3004 Roma
712 2949 953 3014 condita,
981 2948 1048 3003 ad
1067 2964 1270 3003 annum
1295 2965 1404 3020 quo
1425 2949 1670 3005 dedicata
1699 2959 1784 3006 est
1811 2949 1951 3006 Con-

363 3043 763 3113 stantinopolis,
790 3053 1085 3098 censentur
1106 3045 1233 3098 anni
1258 3061 1449 3098 mxxx.

2070 587 2307 657 πρῶτος,
2339 589 2576 658 φορέσας
2607 587 2842 658 πρώτοις
2857 587 2902 618 ⁸⁸
2923 587 3162 658 διάδημα
3186 586 3273 648 διὰ
3294 591 3652 660 μαργαριτῶν

2067 678 2161 728 καὶ
2202 677 2404 747 ἐτέρων
2468 676 2665 746 τιμίων
2726 676 2911 729 λίθων.
2972 676 3082 729 Καὶ
3139 677 3412 746 ἐποίησεν·
3458 679 3652 748 ἑορτὴν

2069 767 2334 837 μεγάλην,
2385 767 2649 828 κελεύσας
2677 767 2766 820 διὰ
2809 767 2950 821 θείου
2985 767 3151 820 αὐτοῦ
3195 768 3368 820 τύπου
3399 773 3468 840 τῇ
3516 772 3649 839 αὐτῇ

2067 859 2250 930 ήμέρᾳ
2297 858 2662 911 ἐπιτελεῖσθαι
2688 860 2749 910 τὸ
2779 857 3054 926 γενέθλιον
3096 859 3193 928 τῆς
3243 859 3455 923 πόλεως
3487 860 3649 914 αὑτοῦ

2067 949 2160 1000 καὶ
2187 946 2426 1015 ἀνοίγειν
2455 951 2520 1018 τῇ
2542 947 2587 979 ⁸⁸
2617 954 2685 999 ια’
2713 947 2806 1000 τοῦ
2867 947 3032 1000 αὐτοῦ
3074 948 3419 1018 Ἀρτεμισίου
3486 951 3652 1018 μηνὶς

2064 1039 2125 1090 τὸ
2153 1039 2410 1108 δημόσιον
2454 1039 2677 1109 λουτρὸν
2712 1038 3040 1105 Ζεύξιππον,
3104 1040 3330 1109 πλησίον
3379 1043 3515 1094 ὅντα
3561 1042 3650 1094 τοῦ

2078 1128 2327 1182 Ἱππικοῦ
2355 1131 2448 1182 καὶ
2479 1129 2580 1200 τῆς
2649 1131 2874 1201 Ῥηγίας
2919 1132 3012 1184 τοῦ
3078 1132 3360 1198 παλατίου,
3418 1136 3652 1204 ποήσας

2065 1219 2241 1290 ἐαυτῷ
2270 1220 2434 1290 ἄλλην
2469 1223 2670 1292 στήλην
2691 1223 2799 1276 ἀπὸ
2824 1223 3013 1289 ξοάνου
3047 1225 3158 1295 (25)
3217 1229 3648 1296 κεχρυσωμένην

2065 1310 2437 1380 βαστάζουσαν
2459 1315 2517 1366 ἐν
2545 1317 2611 1384 τῇ
2641 1313 2790 1385 δεξιᾷ
2817 1315 2959 1388 χειρί
2996 1315 3166 1387 τύχην
3199 1317 3295 1386 τῆς
3343 1319 3517 1388 αὐτῆς
3554 1321 3650 1372 πύ-

2061 1400 2218 1466 λεως,
2249 1403 2343 1456 καὶ
2363 1402 2532 1474 αὐτὴν
2570 1405 3021 1477 κεχρυσωμένην,
3073 1407 3336 1471 κελεύσας
3373 1409 3522 1462 κατὰ
3550 1411 3645 1476 τὴν

2061 1493 2232 1564 αὐτὴν
2261 1495 2474 1566 ήμέραν
2505 1495 2601 1548 τοῦ
2635 1485 2991 1564 γειῖεθλιακοῦ
3022 1499 3250 1552 ἱππικοῦ
3278 1501 3509 1554 εἰσιέναι
3547 1502 3645 1572 τὴν

2061 1584 2230 1655 αὐτὴν
2261 1584 2356 1639 τοῦ
2405 1584 2592 1650 ξοάνου
2642 1588 2844 1659 στήλην
2865 1588 3280 1660 διριγευομένην
3306 1590 3350 1622 ⁵⁷
3380 1591 3488 1644 ὑπὸ
3539 1594 3647 1646 τῶν

2063 1679 2488 1747 στρατευμάτων
2537 1677 2677 1747 μετὰ
2729 1679 3018 1748 χλανιδίων
3061 1683 3156 1733 καὶ
3210 1682 3642 1750 καμπαγὶωνη,

2061 1767 2278 1820 πάντων
2310 1769 2649 1837 κατεχόντων
2699 1771 2905 1840 κηροὺς
2945 1771 3188 1835 λευκοὺς,
3215 1772 3309 1824 καὶ
3349 1775 3644 1844 περιέρχε-

2065 1855 2189 1909 σθαι
2214 1857 2276 1911 τὸ
2302 1857 2484 1928 ὄχημα
2521 1859 2613 1913 τὸν
2643 1860 2754 1914 ἄνω
2811 1863 3087 1933 καμπτὺν,
3128 1865 3221 1916 καὶ
3273 1864 3536 1934 ἔρχεσθαι
3570 1871 3648 1929 εἰς

2060 1947 2122 2000 τὸ
2155 1947 2388 2020 σκάμμα
2411 1950 2700 2004 κατέναντι
2731 1950 2824 2004 τοῦ
2848 1951 3130 2022 βασιλικοῦ
3155 1953 3519 2022 καθίσματος,
3554 1958 3648 2008 καὶ

2060 2039 2445 2111 ἐπεγείρεσθαι
2488 2041 2580 2095 τὸν
2601 2041 2645 2075 ⁸³
2669 2043 2810 2096 κατά
2855 2043 3046 2114 καιρὸν
3077 2043 3297 2114 βασιλέα
3327 2048 3420 2098 καὶ
3469 2063 3646 2117 προσ-

2061 2136 2244 2187 κυνεῖν
2273 2134 2374 2205 τὴν
2411 2136 2614 2205 στήλην
2657 2134 2752 2188 τοῦ
2783 2135 2946 2188 αὑτοῦ
2980 2135 3241 2205 βασιλέως
3299 2138 3648 2191 Κωνσταντίο

2060 2238 2150 2276 νου
2175 2224 2266 2276 καὶ
2296 2223 2468 2294 αὐτῆς
2493 2224 2592 2294 τῆς
2625 2224 2795 2294 τύχης
2816 2225 2912 2295 τῆς
2946 2225 3150 2288 πόλεως
3169 2227 3236 2279 ⁸⁸.

2142 2313 2200 2366 '0
2227 2314 2389 2377 αὐτὸς
2416 2313 2688 2378 θειότατος
2721 2315 2974 2386 βασιλεὺς
2997 2316 3406 2378 Κωνσταντῖνος
3426 2317 3647 2386 ἔμεινεν

2058 2402 2356 2474 βασιλεύων
2387 2406 2444 2456 ἐν
2471 2405 3038 2458 Κωνσταντινουπὸλει
3063 2406 3132 2470 ¹¹,
3168 2407 3508 2476 ἀφελόμενος
3547 2411 3646 2462 αὑ·

2053 2496 2154 2568 τὴν
2185 2496 2295 2549 ἀπὸ
2323 2497 2422 2567 τῆς
2466 2497 2734 2567 ἐπαρχίας
2764 2496 3058 2568 Εὐρώπης,
3099 2498 3266 2569 ήγουν
3298 2497 3398 2567 τῆς
3440 2515 3648 2569 μητρο-

2054 2588 2263 2652 πόλεως
2308 2587 2480 2658 αύτῆς
2520 2587 2844 2659 Ἡρακλείας
2875 2628 2890 2653 ,
2945 2587 3349 2659 προϐαλόμενος
3379 2592 3446 2659 τῇ
3496 2592 3642 2660 αὐτῇ

2053 2678 2622 2734 Κωνσταντινουπόλει
2651 2680 2697 2710 ⁸³
2741 2679 2979 2752 ἔπαρχον
3014 2679 3363 2750 πραιτωρίων
3394 2681 3494 2732 καὶ
3543 2681 3646 2732 ἕπ-

2053 2789 2223 2843 αρχον
2271 2771 2481 2834 πόλεως
2545 2772 2638 2826 καὶ
2712 2772 2838 2834 τοὺς
2904 2771 3124 2833 λοιποὺς
3189 2770 3460 2841 μεγάλους
3539 2772 3643 2842 ἄρ·

2050 2881 2266 2934 χοντας.

2120 2957 2274 3009 Είσὶν
2327 2953 2435 3009 ἀπὸ
2480 2955 2711 3018 κτίσεως
2753 2955 2974 3026 Ῥώμης
3035 2955 3138 3019 ἕως
3165 2949 3228 3008 οἶ)
3278 2955 3640 3010 Κωνσταντι-

2047 3046 2300 3110 νούπολις
2331 3046 2678 3116 ἐνεκαινίσθη
2711 3045 2807 3116 ἔτη
2833 3053 2960 3109 ,απ¹.

435 3135 546 3190 lloc
603 3151 748 3190 anno
787 3135 1092 3191 Alexander
1132 3137 1425 3207 episcopus
1476 3136 1817 3192 Alexandriae
1872 3153 1936 3193 ex

2120 3136 2306 3207 Τούτῳ
2334 3135 2411 3206 τῷ
2442 3135 2552 3188 ἔτει
2587 3135 2934 3207 Ἀλέξανδρος
2967 3135 3078 3206 (26)
3100 3136 3399 3199 ἐπίσκοπος
3443 3137 3637 3203 Ἀλεξ-

361 3245 411 3281 a.
440 3229 493 3281 d.
521 3244 610 3282 xw
635 3226 751 3281 Kal.
775 3226 959 3293 Maias,
986 3226 1304 3281 Pharmuthi
1339 3244 1471 3291 χχιι,
1498 3228 1753 3291 decessit,
1774 3229 1944 3284 illius-

2061 3227 2296 3299 ινδρείας
2353 3225 2708 3298 ἐτελεύτησεν
2767 3227 2874 3298 πρὸ
2919 3227 2981 3280 ιδ’
3041 3227 3334 3280 Καλανδῶν
3391 3229 3636 3294 Μαῖων,

359 3337 464 3389 que
511 3319 630 3372 loco
675 3328 1024 3375 consecratus
1063 3328 1146 3374 est
1175 3319 1463 3390 episcopus
1497 3319 1828 3374 Athanasius
1858 3320 1944 3374 ille

2061 3317 2324 3387 [Φαρμουθὶ
2350 3317 2433 3387 κβ⁹
2454 3317 2549 3370 καὶ
2574 3316 2954 3387 ἐχειροτονήθη
2980 3316 3096 3372 ἀντ’
3127 3317 3292 3372 αὑτοῦ
3324 3321 3636 3384 ἐπίσκοπος

359 3426 590 3480 magnus
615 3410 796 3464 Pater.

361 3505 425 3556 Α.
453 3503 514 3556 C.
1653 3501 1761 3572 [01.
1794 3501 1913 3574 Iph.

430 3592 555 3647 551.
587 3593 670 3658 (Α.
706 3608 736 3645 a
767 3592 838 3646 Μ.
869 3591 930 3647 C.
960 3591 1144 3662 5839.)
1179 3609 1328 3646 χχιιι.
1370 3594 1490 3648 lnd.
1519 3609 1594 3648 tv.

359 3681 526 3736 Basso
551 3690 605 3736 et
627 3682 851 3735 Ahlavio
884 3696 1030 3738 coss.
1672 3681 1705 3735 8

799 3776 1032 3832 CCLXX
1045 3776 1180 3830 νιιι
1215 3776 1506 3847 Olympias.

427 3867 553 3924 539..
589 3883 756 3923 xxvn.
789 3868 904 3924 lnd.
937 3886 993 3923 ν.
1030 3869 1319 3925 Pacatiano
1357 3879 1411 3923 et
1451 3868 1598 3923 llila-

358 3961 514 4016 riano
536 3977 680 4016 coss.
1671 3961 1726 4014 4.

428 4051 523 4107 His
549 4069 691 4108 coss.
717 4055 882 4124 coapit
913 4055 1070 4123 panis
1097 4053 1350 4108 distribui
1378 4053 1589 4108 civibus

355 4144 977 4216 Constantinopolitanis
1011 4162 1041 4200 a
1073 4163 1210 4201 xvm
1239 4146 1383 4200 Maii.

425 4318 550 4372 555.
585 4333 774 4371 xxvnt.
811 4319 930 4374 Ind.
962 4335 1038 4374 vr.
1066 4319 1336 4384 Dalmatio
1363 4327 1418 4373 et
1446 4318 1584 4372 Ani-

352 4408 441 4464 cio
468 4409 692 4464 Paulino
723 4425 863 4465 coss.
1661 4410 1710 4464 1.
1737 4410 1864 4465 278.

2056 3408 2374 3473 Ἀθανάσιος
2399 3410 2428 3461 ὁ
2461 3410 2635 3480 μέγας
2661 3409 2851 3479 Πατήρ
2871 3409 2958 3480 ⁵³η

2126 3585 2246 3642 Ἰνδ.
2271 3586 2333 3644 δ’.
2375 3593 2487 3650 κς’,
2515 3587 2610 3642 ὑπ.
2643 3588 2852 3642 Βάσσου
2885 3589 2979 3642 καὶ
3009 3589 3323 3644 Ἇσλαδίου.

2609 3771 2719 3836 σοη⁹
2767 3767 3119 3836 Ὀλυμπιάς.

2123 3857 2242 3911 Ἰνδ.
2268 3863 2329 3912 ε’.
2353 3857 2458 3922 κζ’.
2493 3857 2588 3915 ὑπ.
2622 3859 2966 3912 Πακατιανοῦ
2999 3861 3091 3911 καὶ
3137 3859 3457 3930 Ἱλαριανοῦ.

2121 4039 2244 4092 Ἐπὶ
2274 4037 2478 4092 τούτων
2536 4039 2646 4090 τῶν
2702 4039 2923 4093 ὑπάτων
2971 4041 3173 4112 ἤρξατο
3227 4043 3633 4103 ἀναλίσκεσθαι

2035 4133 2148 4194 τοῖς
2207 4130 2452 4193 πολίταις
2498 4131 3121 4195 Κωνσταντινουπόλεως
3147 4133 3238 4186 δ⁵⁸
3271 4136 3434 4206 ἄρτος
3491 4141 3633 4212 (28)

2035 4222 2142 4274 ἀπὸ
2177 4227 2245 4290 ιη’
2272 4221 2470 4274 Μαΐου.

2117 4311 2236 4366 Ἰνδ.
2284 4319 2356 4376 ς’.
2395 4317 2500 4381 κη’.
2549 4313 2643 4367 ὑπ.
2691 4315 2974 4386 Δαλμάτου
2993 4319 3039 4350 ⁸⁵
3089 4319 3185 4371 καὶ
3237 4318 3349 4390 (9.9)
3382 4322 3630 4400 Ζηνοφίο

2033 4403 2124 4457 λου
2139 4405 2202 4458 ⁵⁸.

1725 4525 2050 4584 DUCANGII
2087 4522 2316 4578 NOTAE.

428 4637 537 4714 (25)
570 4639 714 4692 Ἀπὸ
751 4639 994 4714 ξοάνου.
1033 4641 1293 4714 Ezropere
1322 4641 1493 4714 rasili,
1535 4641 1608 4694 uti
1655 4642 1796 4714 hanc
1834 4658 1927 4714 vo—

2061 4659 2096 4706 l,
2123 4637 2364 4714 gap.__29,
2401 4647 2958 4714 etquaeannotamus
2987 4658 3042 4696 m
3076 4652 3306 4714 utroque
3338 4643 3630 4706 Glossario

351 4723 493 4780 cem”
514 4711 903 4780 interpretatur
945 4711 1241 4780 Hesychius
1291 4729 1304 4762 :
1349 4710 1530 4774 ξόανα,
1578 4711 1801 4780 κυρίως,
1859 4713 1926 4765 τὰ

353 4781 418 4850 ἐκ
469 4778 639 4842 ξύλων
689 4779 956 4850 ἐξεσμὲνα
1011 4778 1064 4850 ἢῆ
1100 4780 1282 4835 λίθων.
1337 4781 1575 4835 (ὶΙοεείξιι
1614 4778 1922 4848 Delubrum,

354 4847 560 4920 ξόανον,
609 4847 938 4920 καθίδρυμα,
975 4847 1252 4920 ἀνάθημα,
1286 4851 1522 4920 ligneum
1577 4851 1925 4905 simulacrum

354 4917 591 5041 radengo
611 4917 970 5041 ppliendoque
993 4917 1215 4983 factum,
1241 4930 1300 4975 ut
1328 4917 1621 4974 Pausanias
1651 4921 1705 4974 in
1727 4921 1928 4975 Achai-

354 5002 431 5040 cus
462 5004 515 5040 Ill
559 5004 641 5041 ica
671 5027 686 5041 .

351 5002 431 5040 crs
462 4998 686 5042 Iudicat.

421 5057 533 5126 (εὔ)
568 5058 988 5130 pausat-apag
1053 5059 1129 5116 De
1179 5076 1369 5117 mense
1424 5071 1476 5114 et
1525 5061 1612 5116 die
1652 5076 1759 5130 quo
1793 5061 1930 5116 obiit

349 5124 671 5190 Alexander,
700 5124 971 5184 consentit
999 5140 1190 5185 auctor
1207 5131 1459 5186 Chronici
1486 5124 1796 5193 Orientalis,
1829 5132 1924 5185 ad-

350 5196 534 5264 ditque
557 5196 701 5250 diem
735 5199 900 5253 fuisse
925 5200 1096 5265 lunae;
1128 5217 1330 5255 annum
1358 5218 1486 5256 vero
1509 5203 1699 5256 mortis
1719 5201 1922 5255 Christi

350 5279 590 5320 cccxxx“
603 5306 616 5328 ,
651 5277 822 5321 notat.

419 5335 529 5411 (ἓῖ)
570 5336 636 5411 :0
659 5337 1092 5411 #érage'mtﬁp-
1137 5340 1382 5411 Ηοιειεη-
1422 5341 1672 5411 φωστὴρ.

422 5405 533 5476 (28)
570 5405 801 5474 “Aptae.
833 5407 963 5462 Vide
993 5405 1332 5466 Gotthofred.
1357 5405 1798 5481 ad‘Philo's'torgq
1829 5409 1926 5465 lib.

2033 4712 2102 4767 de
2125 4709 2364 4764 Panibus
2396 4709 2665 4777 palatinis.

2106 4781 2246 4856 (29)__
2270 4777 2584 4856 Δαλμᾴτου
2628 4780 2747 4856 καί.
2787 4780 2968 4856 Codex
3025 4782 3270 4856 Ilo_lsten.
3325 4785 3628 4856 Δαλμάται)

2034 4851 2348 4916 Ζενοφίλου.
2385 4849 2498 4914 καὶ,
2532 4857 2638 4904 etc.
2673 4850 2819 4904 Fasti
2860 4867 3052 4906 onmes
3081 4853 3409 4907 Dalmatium
3437 4849 3492 4910 ὲι
3519 4857 3632 4912 Ze-

2035 4920 2301 4990 nophilum
2349 4934 2490 4972 coss.
2526 4919 2631 4974 hoc
2679 4935 2823 4973 anno
2848 4920 3070 4988 habent,
3110 4924 3268 4990 cujus
3297 4927 3628 4984 consulatus

2034 4989 2251 5065 mentio
2277 4995 2541 5065 praeterea
2570 4990 2810 5065 occurrit
2837 4990 2894 5044 in
2928 4989 3212 5065 ltinera_rio
3238 4991 3528 5065 Burdegal.
3562 5009 3629 5053 et

2037 5061 2092 5113 in
2141 5060 2275 5132 Cod.
2331 5059 2372 5111 Τ
2379 5059 2542 5132 ίιειοὰΣ
2591 5059 2904 5132 consulatus
2927 5077 3056 5115 vero
3100 5061 3343 5128 Paulini,
3399 5059 3495 5132 q'ui
3525 5067 3626 5122 hic

2030 5129 2364 5200 nominatur,
2413 5137 2470 5182 et
2506 5127 2706 5198 Optati,
2748 5138 2803 5183 et
2844 5146 3133 5200 perperam
3159 5148 3283 5187 cum
3317 5127 3490 5188 altero
3517 5152 3622 5190 co.

2030 5199 2268 5272 pulatur,
2298 5200 2352 5255 in
2385 5213 2588 5272 annum
2619 5199 3144 5272 sequjentenrcadit,
3177 5203 3268 5270 qui
3305 5203 3530 5272 quidem
3556 5207 3624 5261 in

2032 5267 2598 5340 Chronicoomittitur
2630 5287 2642 5322 :
2675 5267 2830 5340 cujus
2855 5286 2967 5340 prae
2991 5267 3212 5326 caeteris
3233 5267 3481 5327 meminit
3511 5273 3622 5328 Ju-

2033 5339 2140 5392 lius
2163 5338 2426 5392 Firmicus
2454 5339 2549 5394 lib.
2586 5354 2624 5403 ι,
2652 5354 2770 5410 cap.
2795 5338 2864 5404 2,
2879 5341 2978 5395 sub
3003 5355 3112 5411 quo
3143 5342 3338 5397 accidit
3378 5342 3622 5416 insignis

2038 5409 2168 5461 solis
2199 5407 2441 5461 eclipsis.

2038 5422 2168 5465 sons
2199 5422 2441 5478 ecnpsns.

1643 5519 1881 5576 VAIUAE
1919 5518 2323 5577 LECTIONES.

420 5655 463 5686 "
498 5654 731 5726 πρώτοις
761 5672 870 5711 om.
899 5657 958 5716 P,
985 5658 1134 5713 uncis
1167 5659 1382 5716 inclusit
1415 5662 1480 5715 Β.

348 5741 458 5798 om.
519 5727 830 5798 ιιιτιν),ι».
909 5729 954 5759 ⁵ο
1007 5729 1106 5798 τῆς
1141 5731 1366 5794 πόλεως.
1439 5731 1645 5793 πόλεως
1693 5727 1749 5786 ιῖ.

1594 5661 1639 5692 ⁸⁸
1668 5665 1734 5731 τῇ
1769 5677 1876 5716 om.
1910 5661 1971 5714 P.

2049 5659 2092 5690 ’⁵⁷
2122 5659 2569 5733 δηρηγευομένην
2597 5658 2724 5733 _P_Y.
2787 5729 2804 5733 _
2835 5660 2880 5693 ⁸⁸
2902 5663 3230 5733 γαμπαγίων
3260 5661 3322 5719 R.
3410 5663 3483 5733 7"
3513 5663 3619 5733 τδν

1839 5733 1884 5763 ⁵⁸
1940 5729 2350 5782 Κώνσταντινου
2399 5729 2548 5782 πόλει
2597 5729 2705 5782 PV.
2784 5729 2828 5763 ⁸³
2867 5729 3276 5789 Κώνσταντίνου
3333 5732 3495 5788 πόλει
3539 5732 3610 5794 Ρ.

355 5793 402 5826 ⁸³
431 5793 633 5867 πατήρ.
666 5793 891 5871 φωστὴρ
931 5793 1268 5856 llolstcnius.
1329 5793 1391 5834 7“
1421 5804 1448 5853 ὁ
1476 5818 1584 5856 om.
1624 5803 1662 5856 P
1743 5802 1805 5872 ,⁸⁵
1831 5800 2138 5869 Δαλματίου
2173 5799 2214 5854 Ρ
2239 5799 2374 5856 sola.
2451 5800 2497 5832 ⁵⁵
2527 5800 2620 5855 καὶ
2644 5800 2938 5871 Ζηνοφίλου
