3858 6338
433 432 536 499 ’751

1630 433 2057 494 CHRONlCON
2097 418 2496 500 PASCHA'LE.

3597 441 3697 508 752

507 545 770 602 Jovianus
805 530 966 616 igitur
993 546 1284 617 imperator
1313 546 1408 602 uni
1443 562 1473 604 e
1502 551 1882 614 senatoribus,
1921 551 2015 620 qui

2191 554 2301 606 Kal
2329 553 2597 630 ἀφορίσας
2625 555 2651 608 6
2670 527 2692 584 ³-
2720 554 2972 625 βασιλεὺς
2993 557 3250 622 Ἰοϐιανὺς
3279 559 3376 612 ἕνα
3409 559 3692 634 συγ-κλητιο

441 655 564 692 cum
597 655 662 693 eo
693 647 882 702 erant,
939 639 1219 694 Arintbam
1265 640 1490 710 patricio
1545 642 1784 710 selecto,
1839 652 2015 698 totum

442 733 520 785 rei
564 731 840 801 negotium
869 731 940 785 ita
972 733 1279 796 mandavit,
1314 743 1374 788 ut
1401 734 1662 804 quidquid
1698 736 1788 790 ille
1819 737 2018 806 proba-

443 833 525 878 ret
547 839 669 877 cum
715 833 906 877 senatu
936 833 1000 878 et-
1018 822 1309 880 Persarum
1340 826 1516 896 legato
1542 827 1789 898 depacis
1827 830 2016 884 condi-

443 920 679 977 tionibus
703 958 715 981 ,
751 935 809 974 se
831 919 993 973 etiam
1022 920 1330 975 inconsulto
1349 959 1364 984 ,
1386 930 1684 988 statueret,
1711 933 1824 978 rata
1849 925 2017 979 babe-

443 1021 677 1065 rentur:
729 1012 1003 1065 concessis
1059 1011 1226 1065 trium
1279 1011 1489 1066 dierum
1543 1013 1823 1081 induciis,
1876 1016 2017 1070 intra

440 1120 574 1172 quos
617 1103 684 1158 de
727 1119 861 1173 pace
899 1103 1126 1158 consilia
1176 1105 1535 1175 agitarentur.
1573 1104 1652 1159 Ac
1677 1105 1768 1160 illa
1795 1106 2017 1174 quidem

441 1195 512 1249 ita
545 1194 788 1250 con-lecta
816 1203 912 1250 est
942 1195 1084 1248 inter
1120 1194 1454 1250 Arintheum
1494 1195 1780 1265 patricium
1815 1197 2018 1251 Roma-

443 1298 571 1336 num
594 1322 608 1345 ,
636 1291 690 1337 et
715 1282 980 1336 Surenam
1008 1280 1297 1336 Persarum
1331 1291 1676 1346 senatorem,
1702 1292 1762 1337 ut
1789 1283 2017 1338 Romani

442 1374 621 1429 Persis
645 1384 755 1429 tota
778 1373 1054 1445 provincia
1080 1373 1368 1438 cederent,
1401 1375 1624 1444 ipsaque
1649 1375 1782 1429 urbe
1806 1375 2014 1441 Nesibi,

443 1482 566 1520 cum
596 1468 724 1522 solis
748 1467 950 1530 muris,
978 1465 1125 1520 nuda
1155 1465 1225 1520 ab
1265 1465 1519 1520 omnibus
1548 1466 1778 1521 civibus.
1809 1465 2018 1532 Quibus

443 1559 522 1615 sic
577 1558 840 1623 ﬁrmatis,
899 1559 1155 1628 pacisque
1216 1557 1388 1626 pactis
1443 1557 1495 1611 in
1544 1557 1756 1613 tabulas
1806 1560 2015 1627 relatis,

444 1665 628 1704 secum
659 1650 868 1720 accepit
911 1649 1208 1720 imperator
1237 1647 1496 1704 Iovianus
1529 1665 1698 1704 unum
1727 1665 1758 1705 e
1786 1649 2019 1708 Persicis

442 1742 674 1812 satrapis
696 1785 711 1810 ,
741 1741 833 1811 qui
863 1757 985 1796 cum
1015 1741 1193 1812 legato
1217 1749 1480 1804 venerat,
1508 1740 1730 1794 Iunium
1761 1743 2015 1810 nomine,

2119 645 2213 698 κδν
2262 644 2447 711 αὐτοῦ,
2474 645 2567 699 τὸν
2619 645 2906 716 πατρίκιον
2933 648 3046 718 (85)
3080 649 3408 720 Ἀρίνθαιον,
3454 650 3696 716 δεδωκὼς

2119 733 2268 804 αὺτῷ
2307 735 2368 786 τὸ
2401 735 2528 798 πᾶν,
2559 735 2887 806 συνθέμενος
2928 739 3188 808 ἐμμένειν
3219 743 3330 803 τοῖς
3367 742 3496 811 παρ’
3531 742 3696 796 αὐτοῦ

2117 822 2564 892 δοκιμαζομένοις
2595 824 2714 894 ἦτοι
2741 828 3103 896 τυπουμένοις
3139 829 3278 898 μετὰ
3324 831 3422 896 τῆς
3463 833 3697 902 συγκλή-

2117 929 2212 966 του
2261 915 2356 966 καὶ
2404 914 2498 968 τοῦ
2544 917 2880 987 πρεσϐευτοῦ
2931 920 3157 989 Περσῶν
3208 921 3430 991 ποιῆσαι
3480 925 3698 994 εἰρήνης

2120 1005 2324 1069 πάκτα,
2355 1005 2430 1068 ὡς
2469 1007 2630 1070 αὐτὸς
2657 1007 3072 1078 ἀσχολούμενος.
3107 1010 3217 1062 Kal
3247 1012 3519 1082 παρέσχεν
3555 1014 3698 1068 ἔνδο-

2121 1110 2204 1146 σιν
2234 1094 2324 1147 τοῦ
2357 1096 2592 1166 πολέμου
2618 1098 2638 1128 ³
2670 1101 2819 1170 τρεῖς
2862 1101 3076 1170 ἡμέρας
3111 1101 3168 1153 ὲν
3199 1105 3263 1173 τῇ
3302 1103 3429 1174 περὶ
3465 1107 3562 1174 τῆς
3621 1108 3694 1158 εί-

2122 1186 2289 1256 ρήνης
2339 1186 2524 1258 βουλῇ.
2566 1189 2677 1242 Kal
2704 1189 2975 1260 -ὲτυπὼθη
3019 1192 3220 1260 μεταξὺ
3269 1193 3362 1246 τοῦ
3410 1197 3698 1266 πατρικίου

2133 1276 2441 1348 Ἀρινθαίου
2482 1279 2575 1332 τοῦ
2610 1267 2886 1351 Ῥωμαίου
2927 1284 3021 1336 καὶ
3064 1282 3299 1352 Σουρένα
3336 1286 3696 1355 συγκλητικοῦ

2119 1370 2345 1440 Περσῶν
2367 1371 2548 1426 δοῦναι
2580 1373 2880 1445 Ῥωμαίους
2910 1375 3148 1447 Πέρσαις
3181 1378 3361 1429 πᾶσαν
3395 1379 3491 1448 τὴν
3527 1379 3700 1450 ἐπαρ-

2101 1463 2243 1533 ,χίαν
2271 1464 2365 1517 καὶ
2394 1464 2493 1534 τὴν
2525 1465 2824 1536 λεγομένην
2869 1467 3021 1520 πόλιν
3045 1467 3290 1530 Νισίϐιος
3315 1468 3336 1500 ⁸
3361 1471 3572 1540 γυμνὴν
3605 1473 3699 1525 σὺν

2119 1553 2323 1622 τείχεσι
2345 1555 2441 1606 καὶ
2469 1554 2651 1624 μόνοις
2677 1554 2804 1607 ἄνευ
2829 1554 3040 1626 ἀνδρῶν
3064 1554 3170 1607 τῶν
3195 1554 3484 1608 οἰκούντων
3507 1556 3698 1626 αὐτήν.

2119 1644 2232 1698 Kal
2258 1644 2447 1698 τούτου
2481 1645 2864 1716 στηριχθέντος
2897 1645 2990 1699 καὶ
3021 1648 3248 1718 εἰρήνης
3297 1649 3572 1719 ἐγγράφου
3608 1667 3699 1717 γε·

2109 1735 2372 1808 ’νομὲνης,
2412 1737 2602 1790 ἔλαϐεν
2630 1737 2749 1806 μεθ’
2771 1737 2962 1792 ἑαυτοῦ
2987 1739 3016 1791 6
3047 1738 3301 1808 βασιλεὺς
3317 1739 3586 1804 ’Ἶοϐιανὸς
3607 1742 3702 1795 ἕνα

442 1833 532 1900 qui
569 1829 1244 1905 provincianracciperet,
1275 1838 1330 1886 et
1361 1830 1505 1884 illius
1535 1830 1882 1900 metropolim
1909 1830 2017 1886 Ne-

2122 1827 2229 1882 τῶν
2266 1829 2560 1899 σατραπῶν
2590 1829 2839 1900 Περσῶν,
2871 1829 3000 1883 ὄντα
3036 1831 3172 1900 μετὰ
3210 1830 3306 1882 τοῦ
3339 1831 3698 1902 πρεσϐευτοᾷ

443 1923 756 1977 sibcnorum
808 1921 1104 1976 civitatem.
1147 1921 1296 1993 Illam
1345 1930 1524 1976 tamen
1562 1922 1706 1976 haud
1737 1921 2014 1992 ingressus

2122 1919 2342 1991 ὀνόματι
2361 1920 2602 1987 Ἰούνιον,
2624 1924 2703 1985 είς
2731 1922 2791 1975 τὸ
2822 1921 3155 1992 παραλαϐεῖν
3183 1922 3282 1993 τὴν
3311 1924 3584 1993 ἐπαρχίαν
3607 1927 3703 1978 καὶ

443 2024 556 2074 est,
591 2015 684 2067 sed
726 2025 874 2066 extra
906 2012 1105 2067 moenia
1143 2012 1406 2067 constitit.
1442 2011 1634 2066 Junius
1660 2027 1790 2066 vero
1819 2009 2014 2066 Persa~

446 2120 560 2158 rum
587 2113 800 2172 satrapa
827 2103 1017 2156 urbem
1050 2101 1394 2171 imperatoris
1420 2101 1676 2155 mandato
1703 2100 2014 2170 ingressus,

445 2197 495 2250 in
531 2197 758 2250 turrium
798 2210 904 2248 una
931 2193 1186 2248 vexillum
1214 2193 1489 2247 Persicum
1515 2192 1663 2258 ﬁxit,
1689 2192 2018 2262 imperatore

443 2288 590 2342 cives
623 2303 814 2341 omnes
839 2287 905 2340 ad
942 2301 1108 2340 unum
1139 2299 1262 2339 cum
1287 2283 1445 2338 bonis
1468 2284 1740 2338 omnibus‘
1755 2285 2019 2340 excedere

439 2381 684 2449 iubente.
731 2379 994 2449 Egressus
1028 2393 1158 2432 vero
1191 2375 1446 2429 Silvanus
1467 2417 1482 2440 ,
1515 2375 1775 2446 dignitate
1803 2391 2017 2442 comes,

441 2487 504 2525 ac
537 2471 686 2525 urbis
715 2471 960 2540 ejusdem
987 2469 1215 2524 decurio
1235 2509 1250 2533 ,
1281 2468 1509 2538 pedibus
1545 2467 1891 2537 imperatoris
1920 2468 2018 2522 ad-

442 2561 694 2623 volutus,
753 2561 912 2615 enixe
961 2575 1087 2614 eum
1135 2567 1394 2628 precatus
1443 2567 1560 2622 est,
1616 2573 1688 2612 ne
1741 2557 2019 2613 civitatem

443 2650 624 2706 Persis
654 2652 898 2706 dederet.
924 2651 1132 2704 'Verum
1159 2664 1264 2704 nor
1301 2649 1573 2720 persuasit
1599 2649 2016 2718 imperatorem,

444 2743 532 2809 qui
565 2756 688 2795 cum
737 2750 1079 2795 sacramento
1129 2739 1412 2793 astrictum
1445 2753 1503 2792 se
1533 2738 1771 2804 diceret,
1801 2753 1864 2792 ac
1897 2753 2021 2806 per-

445 2833 570 2904 iurii
614 2847 810 2887 noxam
864 2833 1006 2886 nolle
1059 2847 1117 2886 se
1167 2831 1392 2886 omnino
1440 2831 1755 2894 incurrere,
1809 2827 2017 2895 vicum,

445 2926 538 2996 qui
587 2933 734 2979 extra
787 2939 976 2978 muros
1025 2922 1234 2977 Amida:
1285 2921 1522 2976 civitatis
1567 2931 1724 2984 erat,
1785 2919 2018 2985 muniit,

2117 2011 2215 2081 τὴν
2266 2012 2598 2083 μητρόπολιν
2649 2013 2992 2082 αὑτῆς.,Κα“ι
3035 2013 3425 2081 καταφθάσας⁸
3470 2017 3498 2066 6
3537 2015 3704 2078 αὐτὸς

2120 2103 2372 2174 βασιλεὺς
2399 2103 2651 2168 Ἰοϐιανδς
2697 2104 2798 2175 τὴν
2849 2104 3121 2158 Νισιϐἐων
3171 2105 3326 2158 πόλιν
3376 2107 3476 2160 οὐκ
3522 2107 3706 2177 εἰσῆλ-

2121 2195 2214 2251 Οεν
2243 2197 2356 2267 (86)
2404 2199 2462 2250 ὲν
2513 2198 2675 2268 αὐτῇ,
2715 2196 2829 2251 ἀλλ’
2859 2195 2964 2261 ἔξω
3004 2197 3114 2250 τῶν
3151 2197 3346 2268 τειχῶν
3379 2198 3534 2269 ἔστη.
3552 2193 3616 2252 'U
3647 2200 3704 2253 δὲ

2133 2286 2348 2351 Ἰούνιος
2378 2287 2490 2356 (87)
2522 2289 2550 2340 6
2577 2287 2688 2340 τῶν
2736 2287 2959 2363 [iapan
3005 2289 3291 2359 σατράπης
3329 2289 3617 2342 ἑπελθὼν⁶
3649 2290 3707 2342 ἔν

2119 2380 2186 2449 τῇ
2237 2378 2390 2431 πόλει
2443 2378 2584 2432 κατὰ
2639 2377 2885 2432 κέλευσιν
2931 2377 3025 2431 τοῦ
3064 2377 3332 2447 βασιλέως
3363 2380 3440 2441 είς
3470 2379 3570 2432 ἕνα
3599 2379 3706 2432 τῶν

2122 2469 2352 2541 πύργων
2381 2471 2490 2540 (88)
2529 2473 2755 2541 σημεῖον
2790 2470 3060 2540 Περσικὸν
3109 2471 3367 2540 ἐπέθηκε,
3399 2470 3494 2524 τοῦ
3546 2471 3707 2540 βασι-

2120 2563 2257 2626 λέως
2308 2563 2597 2634 Ῥωμαίων
2653 2565 3007 2630 κελεύσαντος
3057 2566 3185 2629 τοὺς
3245 2566 3469 2628 πολίτας
3520 2567 3712 2638 300

2122 2655 2330 2718 πάντας
2378 2655 2493 2709 σὺν·
2522 2657 2686 2710 πᾶσιν
2715 2659 2825 2720 τοῖς
2849 2645 3192 2728 διαφέρουσιν
3235 2659 3418 2721 αὐτοῖς
3449 2659 3556 2723 ἕως
3593 2660 3713 2724 ἐνὸς

2121 2745 2322 2809 εὐθέως
2346 2745 2599 2810 ἐξελθεῖν.
2622 2749 2732 2801 Kal
2759 2747 2988 2812 ἐξελθὼν
3014 2751 3148 2818 πρὸς
3167 2749 3327 2802 αὑτὸν
3350 2749 3647 2814 Σιλουανδς
3667 2752 3712 2816 ⁷,

2123 2836 2298 2908 κόμης
2335 2839 2447 2909 (89)
2487 2839 2584 2910 τὴν
2616 2839 2775 2905 ἀξίαν
2805 2840 2901 2893 καὶ
2940 2841 3355 2909 πολιτευόμενος
3389 2841 3489 2909 τῆς
3534 2842 3714 2912 αὐτῆς

2124 2929 2351 2994 πόλεως,
2389 2930 2726 3000 προσέπεσεν
2763 2931 2840 3002 τῷ
2871 2932 3099 3003 βασιλεῖ,
3123 2933 3378 3002 δεόμενος
3411 2933 3487 3004 μὴ
3527 2950 3716 3002 παρα-

446 3017 755 3086 inoetiiaque
798 3011 906 3070 vici
947 3030 1070 3069 eum
1112 3012 1384 3080 manibus
1431 3011 1585 3065 urbis
1639 3009 1844 3065 Amida:
1883 3026 2017 3064 eon-

2123 3015 2309 3070 δοῦναι
2332 3018 2431 3088 τὴν
2462 3019 2615 3072 πόλιν
2646 3020 2902 3092 Πέρσαις.
2921 3021 3008 3084 Ὠς
3044 3021 3101 3074 δὲ
3139 3021 3240 3073 οὐκ
3268 3019 3486 3073 ἔπεισεν
3517 3021 3714 3074 αὐτόν·

444 3108 654 3181 junxit,
694 3107 947 3164 Nesibeni
969 3106 1068 3160 vici
1099 3105 1322 3159 nomine
1347 3104 1549 3167 indito,
1583 3102 1798 3171 illicque
1829 3118 2017 3158 omnes

2125 3101 2476 3178 όμὼμοκέναι
2507 3109 2619 3180 (90)
2649 3111 2756 3182 γὰρ
2789 3111 3028 3180 ἔφασκεν
3057 3110 3153 3166 καὶ
3200 3109 3275 3182 μὴ
3306 3109 3600 3180 βούλεσθαι
3630 3110 3721 3162 δό-

443 3217 510 3254 ex
545 3200 820 3271 Mygdonia
851 3198 1072 3269 regione
1102 3203 1358 3252 evocatos
1384 3195 1672 3250 collocavit
1697 3235 1711 3248 .
1741 3195 2017 3249 Silvanum

2127 3199 2224 3263 ξαν
2255 3199 2366 3271 (91)
2395 3201 2651 3272 ἐπιόρκου
2677 3202 2826 3273 παρὰ
2861 3203 3027 3256 πᾶσιν
3054 3201 3217 3274 ἔχειν·
3251 3201 3491 3270 τειχίσας
3512 3199 3720 3270 κώμην

446 3306 662 3360 quoque
693 3290 947 3345 comitem
981 3289 1166 3343 statim
1199 3302 1264 3342 ex
1294 3286 1680 3356 MesOpotamia
1706 3326 1721 3353 ,
1754 3285 2017 3340 Christia-

2129 3286 2293 3346 οὖσαν
2340 3291 2446 3356 ἔξω
2491 3292 2585 3346 τοῦ
2633 3293 2844 3363 τείχους
2894 3293 2990 3363 τῆς
3038 3293 3243 3356 πόλεως
3275 3290 3500 3361 Ἀμίδης
3540 3309 3723 3361 προσ-

447 3399 658 3453 uosque
703 3397 898 3438 omnes
947 3381 1202 3445 reduxit,
1251 3394 1316 3435 ac
1359 3379 1686 3434 Christianis
1731 3378 2017 3449 dignitates

2126 3381 2342 3449 ἔζευξεν
2367 3384 2428 3438 τὸ
2454 3384 2589 3438 αὐτὸ
2607 3387 2783 3455 τεῖχος
2812 3385 2887 3456 τῷ
2914 3385 3080 3456 τείχει
3107 3387 3203 3456 τῆς
3227 3386 3433 3447 πόλεως
3456 3384 3721 3454 Ἀμίδης,

445 3481 502 3528 et
539 3473 890 3544 praefecturas
929 3473 1164 3527 tradidit.

2128 3473 2365 3536 καλέσας
2405 3475 2506 3544 τὴν
2530 3477 2723 3546 κώμην
2749 3476 3041 3543 Νισίϐεως,
3069 3479 3166 3530 καὶ
3194 3479 3311 3530 ἐκεῖ
3344 3477 3557 3540 πάντας
3590 3477 3726 3538 τοὺς

447 3566 514 3619 ὲκ
558 3567 656 3637 τῆς
700 3565 1004 3633 Μυγδονίας
1050 3562 1234 3634 χώρας
1284 3563 1452 3616 οἰκεῖν
1494 3561 1772 3632 ἐποίησεν,
1811 3562 1905 3615 καὶ
1957 3561 2240 3618 Σιλουανὺν
2284 3566 2377 3620 τὸν
2419 3567 2832 3639 πολιτευόμενον
2891 3570 3091 3645 εὐθέως
3119 3573 3182 3624 ἐκ
3237 3571 3334 3640 τῆς
3389 3571 3724 3624 Μεσοποτα-

449 3663 579 3732 μίας
613 3661 708 3714 καὶ
749 3661 927 3713 πάντα
959 3657 1283 3730 Χριστιανὸν
1308 3657 1605 3726 ἀνήγαγεν,
1647 3658 1741 3710 καὶ
1768 3658 2111 3728 Χριστιανοϊς
2136 3660 2460 3733 ἐνεχείρισεν
2482 3662 2581 3727 τὰς
2627 3664 2800 3736 ἀρχὰς
2851 3665 2951 3736 τῆς
2997 3665 3289 3736 Ἀνατολῆς
3345 3666 3572 3736 πάσης⁸
3625 3675 3726 3724 καὶ

449 3755 747 3825 ἐπάρχους.
1078 3805 1085 3813 ,
2413 3764 2416 3768 ’
2495 3758 2499 3762 ’

531 3805 682 3825 νην
708 3805 742 3818 ,ν
1078 3805 1085 3813 ,

521 3844 659 3899 Pace
686 3851 810 3899 cum
837 3843 1016 3899 Persis
1036 3841 1284 3898 confecta
1302 3880 1316 3903 ,
1350 3839 1536 3895 relicto
1561 3840 1784 3898 Oriente
1801 3883 1814 3908 ,
1845 3843 2017 3913 impe-

2197 3837 2308 3892 Kal
2341 3841 2479 3910 μετὰ
2500 3839 2560 3894 τὸ
2590 3841 2812 3912 ποιῆσαι
2858 3841 3042 3896 πάκτα
3071 3842 3292 3912 εἰρήνης
3323 3841 3464 3912 μετὰ
3494 3845 3518 3876 ⁵
3571 3845 3728 3917 Περ-

429 3944 596 3992 .rator
623 3936 884 3993 Jovianus
922 3936 1064 3992 intra
1096 3935 1263 3991 breve
1309 3945 1522 4004 tempus
1563 3933 2017 4006 Constantinopo-

2127 3932 2258 3999 σῶν,
2305 3933 2586 3988 ἀπολιπὼν
2635 3931 3054 4005 τὴνἋνατολὴν
3097 3935 3126 3987 6
3173 3933 3426 4003 βασιλεὺς
3455 3933 3726 4004 Ἰοϐιανὺς
3822 3998 3828 4002 _

1787 4093 2107 4152 DUCANGII
2145 4092 2378 4151 ΝΟΤᾸΞ.

523 4232 635 4302 (85)
677 4229 1172 4302 Ἀρινθιιῖοκβιιί
1225 4229 1512 4302 adjunctus
1573 4229 1676 4302 fuit
1703 4227 2026 4302 .Sallustius
2125 4226 2458 4302 Adranutzio
2489 4225 2804 4302 imperatori
2837 4228 3466 4302 Constantinopolitano,
3486 4246 3559 4285 ac
3600 4233 3731 4289 lbe-

429 4297 1008 4374 =-pr:iel‘ectusiprgetorio
1027 4297 1339 4374 Galliarum.
1357 4299 1436 4374 l‘ta
1465 4299 1762 4374 Aminiam,
1781 4300 1873 4353 lib.
1894 4314 2022 4361 xxv,
2126 4297 2990 4374 rorum_principe_tradito._Alia
3011 4300 3183 4374 paulo
3202 4297 3502 4374 '_scquioris
3537 4307 3733 4356 aetatis

450 4366 542 4442 qui
578 4366 838 4425 Arintiiazi
871 4379 1130 4442 praeterea
1167 4368 1567 4442 _meminit.__lib.
1604 4385 1726 4422 xxvi
1764 4377 1819 4422 et
1852 4383 2018 4422 xxvu.
2123 4368 2466 4442 suggerimus
2501 4366 2558 4421 in
2588 4366 2808 4424 dissert.
2839 4370 2931 4434 50,
2959 4366 3034 4423 ad
3059 4368 3390 4434 Joinvillam,
3425 4385 3556 4442 pag.
3595 4375 3729 4430 555.

452 4430 501 4498 Is
524 4430 1083 4510 postmodum'eonsul
1109 4440 1211 4494 fuit
1233 4439 1537 4510 ann._Cbr.
1568 4453 1838 4510 cee|.xxtt.
1940 4506 1950 4510 _
1977 4507 1987 4510 _
2123 4430 2292 4510 55f.“
2350 4507 2386 4510 _
2435 4509 2442 4510 ί
2471 4507 2488 4510 Α
2555 4481 2570 4495 ,

523 4502 634 4583 (86)
687 4513 808 4564 Οὐκ
854 4509 1164 4583 Πείσῆλθεν.
1217 4507 1574 4561 Ammianus:
1606 4507 1774 4561 Nisibi
1831 4506 2017 4575 cupide

523 4600 580 4631 :a-
617 4591 764 4631 errtra
807 4581 982 4631 urbem
1004 4581 1183 4631 statim
1212 4587 1383 4631 castra
1426 4578 1893 4631 posuit-princeps.
1938 4577 2012 4630 Ita

2153 4502 2298 4586 .(89)
2342 4505 2635 4586 Σιλϐανὸς
2673 4508 2890 4576 Κύμης.
2934 4509 2986 4589 Is
3017 4525 3296 4589 causarum
3342 4508 3599 4631 de{emor
3646 4513 3737 4566 di-

2122 4583 2260 4628 Clllll‘
2287 4574 2594 4631 Ammiano.
2622 4593 2730 4631 ouo
2763 4579 2880 4631 loco
2909 4579 3271 4631 miserabilem
3305 4593 3367 4631 ae
3428 4586 3735 4631 ucluosam

449 4573 580 4646 risit,
617 4573 764 4634 extra
807 4573 1183 4633 urbem'statim
1212 4587 1383 4631 castra
1426 4578 1615 4645 posuit-
1639 4573 2012 4646 princeps.'glta
2048 4629 2086 4646 n
2119 4573 2594 4646 situt-Ammiano,
2622 4593 2730 4644 quo
2753 4573 2880 4631 loCo
2909 4579 3271 4632 miserabilem
3305 4593 3367 4632 ac
3407 4573 3735 4637 luctuosam

450 4629 886 4706 ὲὶῖἇῖηῖὄέίηίὺέ
908 4629 1683 4702 ἷέιίιόέῆιιίρέΑηιίοοίιιεηυῐέ
1715 4629 1889 4701 biduo
1916 4629 2013 4700 Ni?
2045 4629 2089 4684 Ῐ)
2116 4642 2504 4698 Nisibiensium
2545 4629 2610 4699 ex
2641 4629 3407 4702 iube’eicésétihfdeséi-ibit.

451 4719 1262 4798 sibiﬁeomntoratum‘scribit;
1625 4793 1636 4798 _
1687 4785 1702 4798 ι
1840 4785 1852 4797 _
2191 4714 2305 4781 (90)
2346 4713 2757 4798 Ὀιιωμοριέιςᾳι.
2795 4715 2940 4798 Idem
2984 4717 3216 4798 scriptor
3251 4734 3264 4770 :
3296 4715 3536 4798 cumque
3577 4723 3737 4798 _nih_it

524 4791 634 4857 (87)
687 4791 739 4841 Ὀ
785 4789 854 4842 δὲ
889 4788 1150 4854 Ἰούνιος.
1204 4785 1454 4857 Binesem
1486 4793 1640 4857 vocat.
1676 4785 2017 4857 Ammianus.
2118 4784 3240 4857 promoveretur,jurisjurandireligionem
3283 4784 3522 4857 principe
3548 4791 3736 4844 desti-

521 4852 631 4925 (88)
673 4862 776 4926 Εἰς
793 4858 901 4911 ἕνα
927 4857 1047 4910 τῶν
1068 4852 1324 4926 πῧργων.
1359 4855 1678 4926 Ammianus
1707 4869 1720 4906 :
1763 4852 2023 4926 Postridie

452 4923 658 4982 Bineses
680 4923 812 4982 unus
835 4945 898 4981 ea:
933 4928 1124 4986 Persis.
1147 4923 1317 4997 'guent
1338 4927 1474 4978 inter
1498 4923 1632 4977 alios
1668 4923 2023 4997 excelleredi-

450 4999 642 5060 ximus,
679 4999 933 5051 mandata
986 4995 1404 5067 regiscomplere
1447 4997 1720 5071 festina_ns,
1763 4995 2022 5116 Kromissa

450 5067 726 5116 'ﬂanitabat
747 5070 1004 5116 instanter
1032 5084 1049 5116 :
1072 5078 1140 5116 et-
1170 5067 1402 5116 nrincine
1419 5065 1747 5116 nermittente
1809 5080 2018 5116 omano.

447 5067 726 5135 ﬂagitabat
747 5070 1004 5120 instanter
1032 5065 1056 5119 ί
1072 5078 1140 5130 et,
1170 5067 1402 5134 principe
1419 5065 1747 5135 permittiente
1763 5065 2018 5135 Romano,

452 5133 713 5189 civitatem
734 5139 1012 5204 ingressus,
1031 5133 1197 5207 gentis
1221 5153 1328 5207 sure
1344 5136 1557 5206 signum
1573 5134 1637 5207 ab
1664 5149 1784 5207 arce
1806 5133 2016 5197 extulit,

451 5203 916 5276 submigrationem
946 5223 973 5260 e
999 5203 1176 5271 patria
1203 5203 1406 5276 civibus
1434 5205 1680 5256 nuntians
1703 5203 2016 5276 luctuosam.

449 5273 822 5343 IStius'porro
858 5275 910 5326 in
965 5277 1212 5330 adeunda
1259 5275 1536 5328 civitatum
1582 5288 1666 5343 ac
1695 5273 2016 5343 oppidorum

453 5341 798 5414 possessione
835 5344 886 5396 in
926 5347 1172 5398 turribus
1206 5345 1400 5398 vexilla
1431 5341 1671 5412 erigendi
1700 5383 1714 5406 ,
1753 5343 1805 5394 in
1838 5342 2016 5414 adepti

454 5413 676 5468 dominii
701 5422 1100 5482 argumentum,
1123 5414 1308 5478 moris,
1328 5416 1632 5482 exemplum
1650 5419 1852 5482 prostat
1873 5413 2017 5482 apud

454 5481 872 5539 Constantinum
903 5483 978 5538 De
1011 5484 1312 5538 administr.
1348 5481 1557 5551 impetu,
1577 5496 1697 5550 cap.
1729 5481 1816 5547 46,
1842 5481 1932 5536 ubi
1953 5482 2020 5536 de

2121 4922 2269 4993 cinus
2300 4923 2497 4993 amictu
2527 4923 2752 4993 pgrjurii
2782 4925 3011 4993 fugiendi
3041 4922 3319 4976 comniisit.
3351 4922 3459 4977 Sed
3503 4922 3736 4990 revera,

2122 4998 2182 5044 ut
2213 4991 2287 5064 ait
2313 4990 2523 5064 _Fe_s_tus
2560 4990 2753 5064 Rufus,
2784 4990 3022 5064 cupidior
3055 4995 3201 5064 regini
3229 5009 3390 5062 quam
3428 4993 3634 5062 gloria:
3675 5000 3744 5053 iis

2122 5060 2530 5131 conditionibus
2588 5060 2892 5130 acquievit,
2943 5062 3072 5116 licet
3113 5060 3387 5116 'Romana:
3432 5060 3741 5131 potentiae
3795 5117 3798 5120 .

2121 5129 2306 5202 minus
2332 5129 2732 5202 consentaneis.
2763 5132 3064 5202 Excusatur
3096 5139 3276 5202 tamen
3325 5129 3620 5202 utcunque
3670 5139 3746 5191 ab

2122 5196 2332 5270 Qrosio,
2366 5199 2460 5252 lib.
2486 5215 2596 5270 vti,
2644 5216 2763 5270 cap.
2799 5201 2886 5255 5|.
2937 5199 3068 5255 Vide
3117 5200 3472 5270 Procopium,
3517 5196 3644 5262 'lib.
3685 5223 3706 5261 ι

2121 5265 2322 5340 Persio.
2355 5283 2474 5340 cap.
2507 5269 2591 5332 i7,
2617 5279 2671 5340 et
2699 5265 3028 5340 Scaligerum
3062 5271 3127 5323 ad
3154 5265 3360 5340 Chron.
3391 5271 3661 5330 Eusebii.

2194 5338 2306 5408 (91)
2345 5337 2560 5408 Αόξαν.
2611 5337 2750 5408 Quid
2803 5337 2870 5393 si"
2896 5339 3105 5408 legatur
3144 5339 3334 5403 νόξαν·
3379 5355 3519 5396 voce
3579 5347 3742 5401 enim

2120 5406 2310 5529 1Ιῐιιιὶηιι
2343 5407 2393 5461 id
2424 5409 2692 5478 expressit
2715 5406 2990 5464 Jovianus.
3019 5407 3150 5463 Vide
3171 5408 3388 5465 Glossas
3413 5409 3650 5470 Basilio.
3683 5417 3744 5470 in

2161 5491 2222 5529 ac
2251 5490 2402 5529 voce.

2161 5491 2222 5531 ac
2251 5490 2402 5531 V008.

1722 5637 1948 5695 .VARIAE
1982 5637 2384 5700 LECTIONES.

526 5779 558 5810 ¹
585 5781 614 5831 ό
661 5794 770 5834 om.
813 5774 878 5832 P.
972 5778 994 5810 ³
1021 5774 1258 5846 πολέμου
1275 5790 1392 5830 om.
1417 5773 1478 5828 P.
1574 5771 1595 5805 '*
1624 5772 1908 5846 qu_6éwv
1941 5771 1999 5825 P.
2073 5771 2096 5846 ξ
2124 5773 2216 5827 καὶ
2248 5775 2604 5846 καταφθάσας
2627 5805 2699 5818 -
2725 5770 2986 5841 Ἶοϐιανδς
3009 5791 3118 5834 om.
3170 5773 3231 5829 P.
3306 5778 3328 5811 ⁸
3348 5773 3628 5834 ἀπελθὼν
3679 5775 3746 5838 Ρ.

451 5843 470 5874 ²
504 5847 846 5922 ΣιλϐανὺςυΡ.
922 5847 944 5881 ⁸
966 5847 1064 5919 τῆς
1083 5842 1370 5916 ’Λνατολῆς
1401 5847 1580 5916 πάσης
1607 5842 1719 5898 om.
1751 5842 1812 5898 P.
1889 5843 1910 5875 ⁹
1957 5842 2098 5896 κατὰ
2143 5848 2212 5898 Π.
2253 5845 2320 5898 R.

2121 4853 2286 4930 nolim
2317 4853 2686 4930 prietendente,
2714 4863 2818 4930 etc.
2850 4853 3616 4930 Infra}Indignttmnimperio
3652 4863 3742 4930 [αα
3836 4860 3847 4866 ’
