3858 6338
199 271 296 336 761

200 465 542 536 Καρωσιαναὶ
577 462 662 529 ⁸⁵,
731 465 996 536 παρόντος
1061 465 1156 520 τοῦ
1231 465 1473 542 ἐπάρχου
1533 469 1760 522 Οὐινδα-

199 556 332 610 Θνίου
348 552 394 587 ⁸⁸
419 555 529 626 (51)
557 556 802 624 Μάγνου.

259 646 380 699 Ἐπὶ
422 645 528 699 τῶν
577 645 756 700 αὐτῶν
799 646 1021 702 ὑπάτων
1073 647 1286 719 ἐπήρθη
1319 647 1761 712 Οὐαλεντινιανὺς

197 738 303 801 νέος
321 737 367 769 ⁸⁸
414 737 725 805 Αὔγουστος
769 739 897 810 μηνὶ
940 739 1048 809 Δίῳ
1097 739 1203 811 πρὸ
1243 737 1284 792 ε’
1328 739 1619 793 Καλανδῶν
1648 739 1759 809 (51)

198 829 532 900 Δεκεμϐρίων
564 832 646 893 είς
677 830 832 882 πόλιν
861 831 1138 898 Ἀκυγκον
1162 832 1228 885 δτ.

715 940 854 997 σπθ¹
879 941 1232 1011 Ὀλυμπιάς.

270 1076 384 1130 Ἱνδ.
412 1073 475 1131 δ’.
514 1071 600 1144 ιβ’.
639 1073 734 1128 ύπ.
770 1068 1067 1136 Οὐάλεντος
1115 1071 1423 1141 Αὐγούστου
1470 1071 1530 1126 τὸ
1577 1070 1618 1125 ε’
1668 1073 1762 1127 καὶ¹

200 1164 628 1221 Οὐαλεντινιανοῦ
660 1166 934 1234 Καίσαρος
968 1164 1099 1232 (52).

256 1259 372 1311 Ίνδ.
409 1255 471 1310 ε’.
526 1253 617 1324 ιγ’.
670 1256 764 1310 ὐπ.
799 1255 838 1308 Γ
842 1254 1096 1327 ρατιοινοῦ
1131 1253 1442 1322 Αὐγούστου
1491 1253 1554 1307 τὸ
1577 1253 1618 1308 ε’
1648 1254 1759 1326 (55)

197 1350 280 1403 καὶ
301 1346 650 1418 Μεροσαύδου
670 1346 736 1397 ⁸⁸.

259 1441 371 1494 Ἰνδ.
414 1437 490 1504 ς’.
523 1437 604 1492 ιδ’.
637 1439 731 1492 ὑπ.
765 1437 1064 1500 Οὐάλεντος
1103 1437 1412 1506 Αὐγούστου
1461 1438 1524 1492 τὸ
1573 1436 1616 1503 ζ’
1647 1440 1758 1509 (54)

195 1534 280 1586 καὶ
307 1528 750 1585 Οὐαλεντινιανοῦ
782 1528 1062 1600 Καίσαρος
1088 1529 1149 1581 τὸ
1175 1527 1242 1600 β’.

269 1622 390 1676 Ἐπὶ
415 1621 621 1675 τούτων
651 1619 761 1674 τῶν
793 1622 1014 1674 ὑπάτων
1041 1620 1182 1691 νόσῳ
1212 1619 1323 1690 (55)
1358 1619 1575 1691 βληθεὶς
1601 1623 1629 1676 ὁ
1662 1622 1758 1693 βα-

1386 276 1814 340 CHRONlCON
1857 279 2140 339 PASCHA
2148 278 2259 338 LE.

1796 385 2034 448 AA.C.

3335 274 3446 337 762

3146 381 3254 454 {01.
3298 383 3444 452 :an

1866 477 2032 532 sianaa
2067 483 2334 546 praesente
2373 471 2632 544 praefecto
2663 471 2986 529 Vindanneo
3016 471 3131 528 Ma-

1866 581 1995 636 gno.

1937 636 2130 710 Iisdem
2161 669 2302 710 coss.
2351 654 2562 708 levatus
2597 660 2682 708 est
2714 651 3128 708 Valentinianus

1865 749 2175 818 Augustus,
2227 761 2415 800 mense
2453 744 2550 799 Dio
2580 787 2594 810 ,
2631 761 2695 799 ex
2736 761 2788 800 a.
2821 746 2875 800 d.
2909 763 2962 801 γ.
3009 745 3130 799 Kal.

1867 838 2150 893 Decembr.
2185 837 2238 891 in
2266 837 2399 891 urbe
2427 836 2663 907 Acynco.

2322 965 2674 1021 CCLXXXIX
2719 965 3019 1036 Olympias.

1897 1121 1900 1123 ·
1935 1101 2058 1158 576.
2089 1118 2184 1155 xtl.
2218 1101 2334 1155 Ind.
2366 1117 2443 1155 IV.
2473 1099 2695 1154 Valente
2723 1101 2970 1170 Augusto
3000 1097 3043 1152 V
3073 1107 3130 1152 et

2006 1195 2388 1250 Valentiniano
2425 1193 2638 1249 Caesare
2670 1209 2818 1248 coss.
3174 1193 3229 1246 4.

1933 1285 2057 1340 577.
2097 1301 2212 1338 xm.
2247 1283 2364 1338 Ind.
2401 1301 2452 1337 ν.
2481 1283 2736 1338 Gratiano
2782 1283 3027 1353 Augusto
3081 1281 3124 1331 V

2009 1383 2064 1429 et
2092 1374 2415 1428 Merobaude
2447 1387 2594 1427 coss.

1935 1467 2060 1521 378.
2089 1482 2198 1519 xlv.
2235 1465 2350 1517 Ind.
2399 1480 2473 1517 v1.
2509 1463 2733 1517 Valente
2756 1463 2998 1531 Augusto
3032 1461 3126 1515 VII

2009 1564 2064 1610 et
2093 1553 2478 1608 Valentiniano
2513 1553 2725 1606 Caesare
2767 1552 2810 1606 ll
2846 1568 2989 1606 coss.
3177 1553 3231 1606 2.

1939 1645 2134 1700 Iisdem
2185 1647 2324 1699 coss.
2363 1643 2774 1713 Valentinianus
2806 1643 3079 1714 Augustus
3108 1643 3296 1696 morbo
3327 1657 3447 1697 cor-

193 1714 363 1776 σιλεὺς
395 1712 829 1776 Οὐαλεντινιανὸς
859 1713 1081 1783 τελευτᾷ
1108 1715 1165 1766 ὲν
1194 1711 1493 1784 καστελλίῳ
1522 1712 1756 1784 Βιργιτι-

1886 1744 2050 1806 'eptus
2107 1735 2164 1788 in
2219 1735 2443 1789 castello
2487 1711 2798 1804 Vergitione
2832 1711 3060 1788 moritur
3087 1775 3100 1799 ,
3133 1749 3258 1788 cum
3303 1741 3447 1786 esset

192 1801 290 1852 νῶν
303 1801 347 1832 δ’
377 1800 509 1872 (56),
539 1799 615 1854 ὢν
640 1801 776 1854 ὲτῶν
810 1799 902 1855 νε’.

268 1893 388 1945 Ἐπὶ
416 1891 524 1944 τῶν
551 1893 732 1945 αὐτῶν
762 1892 983 1945 ὑπάτων
1006 1891 1303 1962 Γρατιανδς
1332 1891 1639 1961 Αὔγουστος
1671 1894 1761 1946 ἀν-

189 1982 475 2036 εκαλέσατο
505 1983 614 2054 (57)
645 1984 743 2055 τὴν
774 1982 979 2038 οἰκείαν
1030 1984 1240 2054 μητέρα
1269 1985 1516 2056 Μαρῖναν
1549 1984 1646 2056 τὴν
1677 1985 1762 2038 δέ-

192 2093 432 2130 σποιναν.

265 2165 547 2236 Ῥωμαίων
588 2164 664 2220 λθ¹
697 2166 1043 2220 ἐϐασίλευσεν
1071 2167 1366 2240 Γρατιανὺς
1401 2168 1494 2221 καὶ
1544 2166 1760 2239 Οὐάλης

187 2257 280 2308 καὶ
308 2256 579 2320 Θεοδόσιος
610 2259 638 2310 ὁ
679 2257 852 2327 μέγας
875 2256 970 2329 ἐτη
1003 2256 1099 2322 ις’.
1291 2258 1427 2328 ὁμοῦ
1455 2257 1616 2331 ,εῇγκ

269 2434 510 2504 Ἐπήρθη
541 2433 820 2498 Θεοδόσιος
846 2426 1154 2502 Αὐγουστος
1187 2435 1244 2488 ὲν
1275 2435 1487 2506 Σιρμίῳ
1513 2434 1621 2506 (38)
1655 2435 1760 2488 ὐπὸ

185 2525 479 2596 Γρατιανοῦ
499 2526 809 2593 Αὐγούστου
828 2527 872 2558 ¹⁰
894 2525 986 2579 τοῦ
1011 2525 1173 2579 αὐτοῦ
1191 2527 1620 2595 γυναικαδέλφου
1647 2527 1756 2598 (59)

189 2617 317 2686 μηνὶ
341 2617 626 2687 Αὐδηναίῳ
671 2616 775 2688 πρὸ
810 2617 870 2669 ιδ’
899 2616 1193 2684 Καλανδῶν
1217 2616 1620 2689 Φεϐρουαρίων.
1649 2617 1762 2669 Καὶ

186 2709 426 2778 εἰσῆλθεν
447 2711 504 2762 ὲν
523 2710 1092 2764 Κωνσταντινουπόλει
1112 2711 1220 2782 (40)
1244 2711 1373 2780 μηνὶ
1387 2710 1498 2780 Δίῳ
1525 2709 1630 2781 πρὸ
1650 2707 1700 2781 η’
1714 2709 1759 2741 ⁸³

186 2799 475 2852 Καλανδῶν
505 2799 616 2870 (41)
647 2799 1023 2870 Δεκεμὸρίων.

253 2973 370 3026 Ἰεθὸ.
399 2971 463 3036 ζ’.
497 2971 565 3028 α’.
599 2975 693 3028 ὑπ.
726 2974 984 3028 Αύσονίου
1014 2976 1108 3029 καὶ
1147 2975 1462 3047 Ὀλυϐρίου.’
1574 2996 1581 3002 ·

264 3065 389 3121 Ἐπὶ
436 3066 642 3122 τούτων
691 3067 802 3122 τῶν
848 3068 1070 3125 ὐπὰτων
1109 3068 1386 3134 Θεοδόσιος
1434 3073 1462 3124 ὀ
1507 3070 1758 3141 βασιλεὺς

1862 1841 2130 1881 annorum
2175 1843 2261 1879 LV.

1931 1918 2125 1972 Iisdem
2149 1916 2601 1970 coss.Gratianus
2617 1915 2891 1987 Augustus
2922 1915 3183 1969 Marinam
3217 1924 3442 1970 matrem

1861 2023 2013 2063 suam
2047 2010 2340 2078 Augustam
2375 2008 2669 2063 revocavit.

1932 2166 2034 2234 (Α.
2075 2182 2105 2220 a
2154 2166 2222 2220 M.
2270 2165 2333 2221 C.
2387 2165 2587 2236 5902.)
2620 2164 2886 2220 Romanis
2939 2181 3100 2219 xxxix
3158 2136 3446 2235 imperavit

1861 2255 2174 2320 Gratianus,
2206 2271 2331 2339 cum
2370 2256 2597 2311 Valente
2626 2264 2682 2310 et
2710 2253 3023 2310 Theodosio
3063 2253 3274 2326 Magno,
3307 2270 3441 2310 ann.

1860 2365 1972 2402 xw.
2002 2348 2342 2419 Colliguntur
2367 2347 2494 2400 anni
2531 2365 2584 2403 v.
2619 2363 2899 2402 IDCCCCIII.

1931 2436 2270 2492 Theodosius
2317 2437 2527 2491 levatus
2578 2442 2669 2490 est
2713 2435 2987 2506 Augustus
3040 2434 3093 2487 in
3125 2432 3322 2488 Sirmio
3376 2434 3444 2488 ab

1859 2528 2137 2591 Gratiano,
2186 2528 2369 2582 uxoris
2399 2527 2566 2582 fratre
2590 2567 2604 2590 ,
2640 2542 2827 2581 mense
2873 2525 3137 2579 Audinaao
3161 2566 3176 2589 ,
3211 2540 3276 2578 ex
3303 2539 3355 2586 a.
3387 2525 3442 2578 d.

1861 2635 1951 2673 xw
1981 2619 2097 2672 Kal.
2136 2618 2296 2674 Febr.
2330 2628 2386 2674 et
2429 2619 2955 2688 Constantinopolim
3012 2619 3292 2688 ingressus
3338 2624 3443 2679 est,

1861 2726 2050 2766 mense
2080 2709 2198 2779 Dio,
2233 2726 2299 2766 ex
2331 2727 2382 2766 a.
2415 2711 2469 2766 d.
2499 2726 2596 2766 vut
2629 2711 2745 2765 Kal.
2772 2710 3122 2766 Decembres.

1861 2889 1924 2944 Α.
1958 2888 2020 2945 c.
3150 2885 3258 2960 [οι.
3295 2884 3446 2957 lph.]

1931 2982 2055 3036 379.
2090 2996 2127 3036 I.
2155 2980 2269 3036 Iud.
2297 2997 2391 3036 vn.
2418 2979 2658 3034 Ausonio
2685 2989 2738 3035 et
2764 2978 2970 3035 Olibrio
2992 2995 3133 3034 coss.
3179 2982 3231 3034 3.

1935 3072 2096 3128 Hisce
2129 3088 2271 3128 coss.
2305 3073 2641 3128 Theodosius
2689 3073 2982 3142 imperator
3045 3070 3301 3127 ecclesias
3353 3084 3446 3123 or-

1566 3244 1892 3307 DUCANGII
1931 3244 2165 3303 ΝΟΤΑ..

252 3402 358 3474 (50)
412 3403 827 3460 Οὐτνδαννίου.
876 3404 1236 3459 Vindalom'um
1289 3402 1543 3474 Magnum
1597 3411 1756 3474 vocat
1785 3406 1826 3463 C
1856 3402 2142 3474 Anople-xia
2172 3411 2406 3469 vocatur,
2439 3401 2611 3474 inquit
2651 3407 2872 3464 Ilieron.
2908 3403 3040 3460 Vide
3087 3401 3359 3456 Ammian.
3392 3410 3447 3455 et
3557 3447 3564 3452 .

190 3471 284 3543 hoc
342 3471 462 3529 loco
531 3475 752 3528 Idalius.
807 3475 938 3530 Vide
993 3484 1235 3529 nostram
1299 3471 1752 3543 Constantinopol.

189 3542 391 3608 Cirrha,
423 3546 518 3599 lib.
544 3561 582 3604 I,
608 3553 742 3598 sect.
761 3544 852 3609 27,
873 3561 928 3598 n.
964 3545 1016 3600 8.
1647 3542 1676 3548 γ’

252 3613 358 3678 (51)
397 3615 517 3682 Πρὸ
555 3621 602 3667 ε’
633 3618 779 3669 Kal.
813 3614 1034 3676 ldatius,
1075 3629 1108 3667 x
1137 3611 1265 3670 Kal.
1291 3611 1559 3682 Decembr.
1589 3610 1656 3665 Et
1682 3612 1757 3666 le—

189 3691 328 3752 gatus
371 3681 448 3736 est
494 3684 885 3739 Valentinianus
914 3683 1103 3736 Junior
1127 3682 1259 3752 Aug.
1309 3681 1449 3752 ﬁlius
1484 3683 1618 3752 Aug.
1655 3682 1758 3752 Va-

193 3749 455 3806 lentiniani
507 3755 573 3806 ab
625 3755 853 3806 exercitu
907 3754 962 3806 in
1001 3749 1254 3806 tribunali
1285 3751 1369 3804 die
1415 3767 1448 3804 x
1488 3749 1615 3808 Kal.
1653 3751 1756 3805 De-

193 3822 373 3892 cembr.
415 3824 471 3875 in
520 3824 730 3876 civitate
763 3823 977 3876 Arinco.
1023 3822 1164 3892 ch:
1201 3821 1409 3892 Acinco,
1451 3836 1545 3875 seu
1581 3822 1759 3890 potius

190 3889 483 3951 Acaminco,
519 3892 606 3946 vel
634 3892 930 3954 Aciminco,
964 3889 1434 3945 urbe'Pannonize
1460 3889 1666 3959 primm,
1699 3901 1779 3946 ut.

192 3966 267 4030 est
289 3961 338 4013 in
365 3959 828 4030 Notitiaimperii.
856 3961 989 4016 Vide
1014 3961 1360 4016 Sirmoudum
1387 3958 1672 4016 ad’Sidon.
1702 3961 1758 4014 in

193 4027 506 4099 Panegyrico
533 4027 843 4099 Majo'riani,
874 4049 926 4085 ν.
963 4031 1084 4086 107.

255 4099 363 4170 (32)
423 4100 926 4170 Οὐαλεντινιανοῦ
985 4101 1092 4154 τοῦ
1156 4103 1475 4170 Καίσαρος.
1533 4099 1755 4164 ldatius,

197 4166 554 4224 Valentiniano
593 4169 811 4223 Juniore
856 4173 1105 4237 Augusto.
1133 4166 1448 4226 Laterculus
1487 4170 1759 4230 Pasehalis

194 4249 396 4291 rentum
440 4255 730 4303 annorum,
749 4239 1109 4294 Valentiniano
1131 4239 1339 4295 Ca'sare
1364 4241 1600 4294 Juniore.
1622 4239 1755 4295 Cod.

195 4304 390 4362 Theod.
427 4309 637 4363 Valente
664 4308 699 4362 V
721 4319 768 4362 et
803 4307 1168 4363 Valentiniano
1199 4310 1307 4362 ΛΑ.

257 4377 364 4446 (35)
403 4379 472 4431 Τὸ
499 4378 565 4436 ε’.
597 4395 668 4434 ιν.
702 4378 923 4443 ldatius,
955 4378 1224 4434 Victorius
1253 4389 1306 4433 et
1333 4379 1453 4433 cod.
1487 4379 1756 4434 Theodos.

256 4447 362 4516 (31)
398 4447 466 4501 Τὸ
517 4446 576 4507 ζ’.
631 4465 683 4502 VI
725 4448 888 4502 iidem
934 4448 1152 4510 ldatius,
1203 4447 1470 4504 Victorius
1522 4459 1577 4504 et
1635 4449 1757 4503 cod.

417 4517 492 4599 Ita
522 4519 682 4598 etiam
709 4518 1065 4599 Hieronymus
1088 4519 1138 4599 i_n
1159 4518 1326 4599 Epist.
1353 4519 1761 4599 prtelixa'trans-

195 4583 363 4639 lationi
421 4587 676 4642 Chronici
731 4583 1056 4652 Eusebiani,
1105 4583 1219 4642 hac'
1255 4583 1506 4655 formula,
1549 4587 1760 4642 Valente

197 4658 363 4726 sexies,
393 4668 439 4709 et
477 4657 843 4711 Valentiniano
890 4659 1095 4710 iterant.
1145 4661 1212 4710 At
1247 4657 1301 4710 in
1339 4657 1622 4713 Laterculo
1665 4673 1758 4726 pa-

1859 3473 2016 3528 alios.

1931 3544 2042 3612 (36)
2082 3544 2454 3612 Βεργιτινῶν.
2493 3545 2714 3603 Rectius
2748 3547 2912 3604 editio
2950 3541 3204 3610 Scaligeri
3241 3540 3443 3612 Βεργι-

1857 3611 2212 3689 ῗιῶνιὲβιειη
2233 3615 2446 3689 Virgilio
2486 3619 2774 3689 castellum
2826 3616 2969 3672 istud
3015 3611 3437 3689 diciturldatio:

1860 3683 2120 3754 Bregetio,
2150 3679 2456 3754 Ammiano,
2484 3686 2576 3740 lib.
2612 3704 2720 3743 xvu
2752 3698 2807 3744 et
2841 3704 2968 3746 xxx,
2993 3692 3048 3737 et
3088 3682 3326 3754 Socrati.
3344 3679 3436 3754 lib.

1862 3769 1932 3824 tv,
1965 3750 2208 3824 'cap.7751;
2256 3753 2579 3824 Hieronymo
2607 3773 2736 3814 vero
2781 3768 2835 3814 et
2881 3752 3150 3815 Senatori,
3183 3750 3440 3821 Brigitio:

1857 3822 2117 3896 lernandi
2141 3823 2374 3896 denique
2397 3822 2594 3896 Brigio.

1934 3894 2046 3962 (57)
2071 3890 2529 3949 Ἀνεκαξλέσατὸ.
2578 3895 2751 3962 Quam
2783 3896 2850 3950 ab
2883 3895 3017 3950 urbe
3050 3890 3442 3962 proscripserat

1859 3962 2054 4029 conjux
2082 3978 2227 4017 anno
2258 3979 2494 4018 cccutx.

1930 4027 2040 4101 (38)
2074 4031 2177 4084 Ἐν
2205 4035 2437 4100 Σιρμίῳ.
2468 4033 2542 4088 Ita
2604 4033 2874 4093 Socrates,
2927 4031 3020 4086 lib.
3073 4045 3126 4101 Vg,
3159 4043 3304 4101 γοῦν.
3359 4027 3436 4092 9;

1861 4097 2215 4172 Siojiomenus,
2260 4097 2351 4172 lib.
2387 4097 2488 4167 su,
2540 4119 2660 4172 cap.
2705 4104 2770 4167 2;
2807 4101 3035 4163 ldatius,
3076 4097 3334 4172 Sidonius
3360 4103 3434 4172 _et

1858 4171 1994 4224 alii:
2060 4185 2204 4224 anno
2263 4165 2484 4225 demum
2527 4165 2823 4236 cchxxxx,
2871 4179 2931 4224 ut
2983 4178 3068 4224 est
3125 4167 3267 4238 apud
3317 4165 3434 4219 lda-

1859 4241 2015 4294 tium.

1931 4310 2041 4378 (59)
2093 4308 2608 4378 Γυναικαδέλφου.
2674 4310 2916 4364 Necdum
2961 4317 3138 4363 tamen
3185 4302 3433 4378 Gratiani

1861 4377 2100 4433 sororem
2131 4378 2333 4434 Gallam
2361 4377 2646 4434 PlaCidiam
2675 4381 2900 4434 duxerat
2928 4377 3282 4440 Theodosius,
3317 4389 3434 4427 cum

1862 4449 2155 4517 imperator
2179 4449 2247 4502 ab
2291 4464 2356 4502 eo
2391 4450 2568 4504 dictus
2610 4459 2711 4504 est.
2748 4447 2879 4503 Vide
2920 4448 3172 4501 Familias
3210 4447 3432 4517 ltyzant.

1934 4516 2042 4586 (10)
2070 4518 2174 4572 Ἐν
2207 4521 2856 4573 Κωνσταντινουπόλει.
2886 4519 3044 4586 Atqui
3074 4516 3434 4570 Theodosium

1860 4585 2400 4663 Constantinopolim
2459 4599 2571 4663 tum
2645 4590 2904 4663 primum__
2941 4585 3440 4663 ingressumuanno

1862 4673 2113 4722 cccuxx,
2146 4653 2275 4712 xvtu
2308 4658 2424 4712 Kal.
2460 4653 2740 4713 Decembr.
2770 4659 2932 4712 tradit
2963 4653 3232 4719 ὃὸοτιιιοε,
3253 4653 3347 4722 lib.
3385 4667 3434 4704 ν.

193 4725 346 4803 actuali
399 4726 487 4781 hic
527 4727 841 4803 consulatus
889 4727 967 4803 sic
996 4726 1349 4803 describitur,
1383 4736 1569 4803 u_t__est
1597 4721 1756 4803 apud
1791 4749 1833 4803 ι)
1861 4742 1994 4803 cap._
2027 4721 2106 4791 6;
2144 4726 2435 4803 et__ldatiu_s_
2452 4736 2563 4803 tum
2605 4729 2657 4803 in
2691 4726 2883 4803 Fastis,
2909 4737 3018 4803 turn
3049 4727 3102 4779 in
3139 4721 3434 4803 illironico,

199 4789 535 4850 Senatorem:
583 4796 706 4850 Post
737 4797 1064 4850 consulatum
1105 4789 1350 4852 Gratiani
1389 4797 1476 4851 III
1503 4807 1552 4851 et
1588 4789 1759 4850 Mero-

197 4861 388 4935 laudis.
415 4864 646 4935 Quippe,
675 4875 735 4919 ut
781 4874 864 4919 est
903 4866 1043 4935 apud
1088 4865 1471 4935 Hieronymum
1505 4868 1558 4920 in
1585 4867 1759 4921 Chro-

197 4933 322 4997 nico,
341 4937 467 5004 quia
499 4933 766 5004 superiore
787 4933 1217 4991 anno‘Sarmatre
1252 4933 1558 4990 Pannonias
1583 4946 1760 4990 vasta-

195 5015 382 5067 verant,
443 5006 597 5058 iidem
645 5005 879 5059 consules
928 5021 1277 5073 permansere.
1336 5006 1412 5060 De
1463 5005 1760 5060 Sarmatico

197 5083 360 5144 autem
415 5075 551 5128 bello
581 5075 898 5130 consulendi
950 5075 1220 5136 Socrates.
1252 5075 1345 5128 lib.
1395 5093 1469 5140 tv,
1513 5091 1636 5144 cap.
1667 5077 1755 5142 5t;

201 5139 537 5215 Sozomenus,
571 5144 662 5198 lib.
689 5162 771 5215 τι.
802 5159 920 5215 cap.
950 5145 1048 5210 56;
1072 5146 1452 5214 Theophanes.
1474 5153 1578 5201 etc.

257 5212 360 5283 (55)
418 5216 614 5281 Νόσῳ.
675 5212 884 5290 ευὺίμί
917 5216 1190 5286 sanguinis
1230 5212 1508 5285 eruptione
1538 5255 1553 5279 ,
1612 5218 1748 5283 quod

1862 4793 1952 4851 ubi
1983 4797 2080 4851 ista
2111 4798 2324 4851 scribit:
2379 4799 2684 4851 Theodosius
2722 4795 3221 4862 Constantinopolim
3268 4793 3434 4858 ingre-

1855 4868 1999 4920 ditur
2052 4869 2106 4920 in
2153 4867 2324 4935 primo
2371 4867 2645 4920 consulatu
2689 4884 2802 4928 suo,
2841 4883 2991 4936 quem
3022 4881 3138 4917 cum
3177 4862 3435 4916 Gratiano

1857 4943 2044 4982 auebat
2076 4937 2332 4982 Anausin-
2365 4935 2560 4982 Paulus
2587 4939 2828 4982 ()rnsins-
2862 4937 2952 4982 lih.
2978 4949 3073 4982 VII-
3100 4949 3218 4982 can.
3251 4933 3338 4982 54.
3371 4929 3435 4982 de

1857 4943 2044 5005 agebat
2074 4933 2332 5006 Augusto.
2363 4935 2560 4990 Paulus
2587 4939 2829 5001 Orosius,
2855 4933 2952 4989 lib.
2978 4949 3073 4999 vn,
3100 4949 3218 5002 cap.
3251 4933 3338 4992 54,
3371 4933 3435 4982 de

1856 5005 2188 5059 Theodosio:
2246 5006 2429 5064 Urbem
2474 5006 3107 5075 Constantinopolitanam
3145 5003 3306 5056 victor
3351 5000 3435 5050 in-

1855 5076 2034 5137 travit,
2070 5084 2194 5146 post
2223 5076 2427 5146 deletas
2453 5076 2655 5130 seilicct
2687 5085 2872 5146 gentes
2901 5076 3202 5146 Scythicas.

1925 5146 2040 5267 (41)
2073 5139 2197 5212 Πρὸ
2226 5145 2294 5198 ιδ’
2325 5149 2475 5203 Kal.
2510 5139 2779 5210 Socrates,
2824 5148 2888 5217 τῇ
2944 5139 3300 5213 ἑξκαιδεκάτῃ
3330 5139 3435 5193 Ἰα-

1855 5231 2018 5284 νουαρ
2044 5232 2126 5270 ου.
2329 5262 2335 5268 .

1458 5414 1689 5471 VARIE
1730 5416 2134 5476 LECTIONES.

285 5573 728 5647 “ﬁngo-omum
752 5574 818 5647 V.
856 5643 866 5647 _
909 5573 955 5607 “
987 5573 1347 5647 Οὐινδαννήου
1376 5577 1437 5632 P.
1497 5573 1576 5647 _“-_
1590 5575 1710 5647 νέος
1743 5590 1849 5632 om.
1878 5576 1932 5635 P.
2013 5577 2057 5611 "
2090 5578 2348 5646 Ἀκιγκον
2377 5573 2441 5630 V.
2519 5575 2564 5609 “
2594 5573 2940 5647 Μεροσὰνδου
2977 5571 3043 5626 R.
3120 5572 3164 5605 ⁸³
3187 5570 3428 5642 Damnu-

201 5640 309 5694 νῶνι
330 5643 371 5697 Ρ
407 5640 538 5700 sala.
616 5647 660 5678 '°
694 5643 1000 5712 Αὐγούστου
1025 5659 1133 5699 οιιι.
1171 5644 1228 5699 Ρ.
1271 5640 1346 5678 ’⁵⁸
1379 5651 1446 5710 η’.
1475 5645 1532 5698 ιδ’
1553 5645 1593 5699 Ρ
1623 5646 1752 5700 sola.

3166 1371 3217 1423 1.
3268 1370 3396 1426 289.
3508 1421 3515 1428 .
