3856 6342
427 304 529 372 791

495 511 621 569 419.
653 528 728 568 xx.
779 506 899 568 Ind.
951 530 1010 570 ιι.
1063 513 1312 572 Monaxio
1369 527 1423 573 et
1470 510 1685 576 Plintha

426 619 571 659 coss.
1753 616 1807 669 5.

501 695 595 750 llis
621 711 764 753 coss.
789 697 879 753 die
906 698 1186 757 Dominica
1207 744 1222 766 ,
1256 703 1446 759 Actius
1488 705 1687 775 praefe-

425 792 547 839 ctus
577 786 861 854 urbi,cum
878 804 991 845 suae
1020 789 1302 860 dignitatis
1340 793 1548 859 habitu,
1572 795 1685 848 Ma-

425 892 586 946 gnam
611 879 898 934 ecclesiam
943 881 1220 954 ingressus
1246 900 1432 940 mense
1460 889 1680 951 Peritio,

426 984 492 1022 cx
527 984 579 1023 a.
610 970 665 1024 d.
697 986 769 1024 vn
805 972 1030 1028 Kalend.
1081 973 1332 1045 Martias,
1385 978 1513 1033 dum
1561 996 1684 1050 per~

427 1059 563 1114 actis
589 1062 847 1130 precibus
866 1063 1074 1118 abitum
1104 1076 1339 1135 pararet,
1370 1079 1594 1125 vocatus
1613 1071 1682 1124 ad

427 1149 719 1218 palatium,
761 1150 1020 1223 Cyriacus
1048 1155 1267 1224 quidam
1300 1172 1489 1223 senex,
1522 1174 1686 1229 gran-

428 1240 571 1295 diori
617 1243 795 1298 cultro
841 1245 897 1298 in
949 1245 1137 1300 charta
1191 1248 1481 1313 occultato,
1520 1250 1688 1304 veluti

430 1333 673 1389 libellum
697 1338 997 1407 supplicem
1018 1340 1095 1394 illi
1121 1342 1446 1412 porrigeret,
1464 1343 1532 1398 ad
1554 1343 1688 1398 dex-

1625 318 2060 381 CHRONICON
2097 321 2504 382 PASCHALE.

1725 428 1831 501 [οι.
1864 429 2007 501 lph.]
2035 439 2083 493 Α

2180 508 2299 563 Ἰνδ.
2334 509 2400 580 β’.
2434 515 2521 563 ια’.
2553 507 2647 563 ὑπ.
2663 510 2933 575 Μοναξίου
2965 510 3063 566 καὶ
3094 511 3301 567 Πλίνθα
3329 512 3470 585 (45).

2192 690 2312 745 Ἐπὶ
2344 691 2551 744 τούτων
2597 690 2705 745 τῶν
2747 692 2969 747 ὑπάτων
3000 693 3185 765 ἡμέρᾳ
3225 695 3490 766 κυριακῇ
3524 696 3705 749 εἰσελ-

2108 780 2290 843 θόντος
2320 780 2526 835 ’Δετίου
2561 780 2670 853 (46)
2728 781 2972 853 ἐπάρχου
3010 782 3219 847 πόλεως
3262 784 3401 853 μετά
3428 784 3541 837 τοῦ
3582 786 3709 855 σχή-

2112 888 2280 940 ματος
2309 873 2367 923 ὲν
2408 874 2474 942 τῇ
2513 872 2726 943 μεγάλῃ
2761 874 3029 945 ἐκκλησίᾳ
3065 874 3198 945 μηνὶ
3230 874 3480 945 Περιτίῳ
3516 874 3633 945 πρὸ
3663 875 3706 939 ζ’

2107 961 2404 1015 Καλανδῶν
2434 962 2696 1033 Μαρτίων
2744 963 2836 1017 ἐπὶ
2866 964 2948 1033 τῷ
2979 965 3277 1035 εὐξάμενον
3309 965 3485 1019 αὑτὸν
3536 966 3706 1019 ἀπελ-

2110 1051 2223 1102 θεῖν
2256 1049 2523 1122 κληθέντα
2553 1054 2610 1105 ὲν
2643 1052 2722 1122 τῷ
2767 1052 3035 1123 παλατίῳ,
3068 1055 3350 1125 Κυριακός
3391 1073 3485 1118 τις
3524 1056 3705 1125 γέρων

2113 1139 2294 1210 βαλὼν
2323 1141 2600 1213 μάχαιραν
2633 1143 2879 1215 μεγάλην
2907 1146 2987 1207 είς
3017 1145 3245 1215 χάρτην,
3279 1145 3495 1200 ὡσανεὶ
3532 1146 3704 1199 λίῦελ-

2111 1228 2202 1282 λον
2231 1228 2382 1299 αὐτῷ
2413 1230 2762 1302 προσφέρων,
2803 1231 3063 1302 ἔκρουσεν
3090 1232 3239 1302 αὐτῷ
3294 1235 3437 1287 κατά
3488 1233 3590 1286 τοῦ
3621 1233 3701 1285 δε-

2113 1318 2226 1384 ξιοῦ
2262 1319 2460 1389 μέρους
2486 1320 2638 1373 τοῦεδ
2668 1322 2916 1393 στήθους,
2940 1322 3081 1377 ὥστε
3104 1322 3167 1376 τὸ
3192 1324 3436 1378 πενόλιον
3454 1324 3506 1357 ⁸⁸
3538 1324 3699 1379 αὐτοῦ

432 1436 570 1479 tram
616 1429 851 1497 pectoris
876 1442 1081 1499 partem
1111 1432 1181 1486 ita
1212 1433 1362 1489 illum
1390 1435 1676 1503 percussit,

432 1523 492 1568 ut
514 1516 657 1571 illius
684 1520 881 1587 penula
911 1530 963 1574 et
996 1530 1116 1592 toga
1150 1522 1434 1590 perforata:
1460 1522 1685 1580 fuerint.

1003 1610 1126 1669 CCC
1150 1611 1448 1685 Olympias.

503 1698 628 1753 4‘20.
669 1716 764 1754 xu.
810 1701 926 1756 lnd.
976 1720 1055 1758 ιιι.
1106 1704 1414 1761 Theodosio
1465 1704 1690 1762 Juniore

434 1789 677 1859 Augusto
708 1791 780 1846 1X
806 1782 864 1848 ct
891 1794 1215 1850 Constantio
1245 1796 1314 1850 Ill
1344 1812 1489 1852 coss.
1765 1801 1818 1855 4.

503 1881 638 1936 Cum
687 1883 1027 1941 adolesceret
1075 1885 1419 1944 Theodosius
1467 1888 1663 1945 Junior
1712 1893 2006 1961 Augustus,

435 1985 661 2039 parente
710 1978 1028 2046 superstite,
1072 1978 1274 2035 studiis
1316 1993 1382 2034 ac
1428 1979 1651 2036 lectioni
1702 1980 1759 2034 in
1812 1981 2011 2051 palatio

435 2062 602 2118 dabat
641 2079 863 2134 operam
895 2083 909 2121 :
939 2083 1007 2122 eo
1041 2083 1173 2123 vero
1211 2077 1448 2134 mortuo,
1493 2084 1617 2124 cum
1671 2070 1767 2125 illo
1800 2070 2014 2142 legebat

435 2152 755 2209 adolescens
778 2155 996 2225 quidam
1035 2156 1318 2220 Paulinus,
1353 2157 1637 2225 cujusdam
1683 2159 2012 2214 domestico-

437 2259 557 2297 rum
584 2245 799 2301 comitis
836 2246 998 2302 filius.
1029 2248 1260 2304 Amabat
1306 2257 1490 2303 autem
1540 2249 1716 2319 ipsum
1758 2249 2012 2306 Theodo-

436 2333 573 2388 sius.
604 2332 815 2390 Etcum
838 2337 949 2407 jain
976 2337 1030 2392 in
1070 2338 1246 2393 virum
1291 2338 1620 2395 adolevisset
1672 2340 2014 2397 Theodosius

435 2424 630 2480 Junior
669 2428 965 2499 Augustus,
1028 2430 1286 2500 cupiebat
1339 2431 1618 2487 dominam
1669 2434 2016 2488 matrimonio

437 2519 540 2574 sibi
570 2519 888 2591 adjungere,
914 2537 1089 2592 coque
1119 2523 1347 2579 nomine
1375 2523 1608 2579 subinde
1638 2524 2017 2594 interpellabat
2040 2593 2055 2609 ’

437 2613 715 2667 dominam
744 2614 1090 2670 Pulcheriam
1123 2630 1390 2681 sororem,
1415 2631 1537 2685 quae
1568 2624 1678 2670 tum
1704 2615 1857 2685 virgo
1874 2627 2013 2681 erat,

439 2714 495 2759 et
532 2720 657 2759 cum
686 2704 908 2759 fratrem
940 2706 1210 2778 diligeret,
1249 2723 1280 2761 a
1310 2706 1521 2776 nuptiis
1557 2708 1823 2762 hactenus
1844 2708 2015 2762 absti-

439 2803 659 2851 nuerat.
702 2796 945 2851 Sollicita
984 2796 1278 2852 admodum
1308 2805 1425 2851 erat
1469 2813 1630 2867 quam
1672 2813 1739 2852 ex
1768 2799 2017 2869 complu-

440 2887 595 2942 ribus
650 2888 846 2958 puellis
884 2903 951 2943 ex
997 2888 1230 2959 patricio
1280 2888 1366 2943 vel
1418 2888 1769 2958 imperatorio
1817 2905 2016 2959 genere

440 2980 596 3035 fratri
630 2981 683 3034 in
715 2995 939 3035 uxorem
964 2980 1247 3051 deligeret,
1276 2989 1524 3036 statuens
1560 2995 1682 3034 cum
1721 2980 1814 3034 illo
1843 2981 1896 3035 in
1924 2997 2019 3051 pa-

2078 1468 2086 1476 ,
2113 1409 2207 1462 καὶ
2237 1409 2336 1479 τὴν
2364 1408 2530 1478 τόγαν
2558 1411 2843 1482 τρηθῆναι.

2684 1619 2728 1664 τ’
2783 1613 3111 1682 Ὀλυμπιάς
3126 1650 3141 1668 .
3300 1655 3306 1658 -

2199 1701 2317 1754 Ἰνδ.
2356 1708 2425 1769 γ’.
2465 1700 2553 1773 ιβ’.
2585 1702 2681 1759 ὑπ.
2715 1704 3001 1758 Θεοδοσίου
3048 1705 3192 1760 Νέου
3215 1708 3540 1779 Αὐγούστου
3563 1711 3625 1766 ea
3652 1712 3693 1767 θ’

2042 1780 2087 1839 Β
2115 1789 2211 1843 καὶ
2240 1791 2622 1846 Κωνσταντίου
2649 1794 2761 1865 (47)
2794 1794 2855 1848 τὸ
2883 1802 2954 1861 γ’.

2184 1882 2315 1937 Ὅτε
2341 1884 2645 1955 προέκοψεν
2675 1885 2772 1957 τὴν
2792 1886 3012 1957 ἠλικίαν
3040 1887 3319 1955 Θεοδόσιος
3340 1892 3461 1956 νέος
3492 1892 3698 1961 Αὔγου-

2114 1997 2261 2045 στος,
2290 1982 2655 2050 ἀνεγίνωσκεν
2676 1985 2734 2037 ὲν
2765 1984 2843 2054 τῷ
2871 1983 3118 2056 παλατίῳ
3139 1987 3201 2038 ὲν
3223 1986 3336 2059 ζωῇ
3368 1988 3465 2041 τοῦ
3495 1988 3698 2059 πατρὸς

2112 2073 2277 2128 αὑτοῦ
2303 2091 2320 2108 ο
2359 2075 2454 2130 καὶ
2484 2073 2624 2146 μετά
2646 2075 2904 2147 τελευτὴν
2930 2075 3025 2130 τοῦ
3059 2077 3268 2147 πατρὸς
3308 2066 3557 2132 αὐτοῦ’⁹⁸
3585 2096 3697 2133 συν-

2114 2166 2487 2235 ανεγίνωσκεν
2539 2167 2650 2239 (48)
2705 2168 2857 2238 αὐτῷ
2914 2167 3175 2240 νεώτερός
3227 2187 3312 2233 τις
3379 2171 3611 2241 ὀνόματι
3653 2171 3692 2202 ’τ

2119 2257 2402 2323 Παυλῖνος,
2445 2257 2561 2321 υἱός
2605 2274 2751 2310 τινος
2798 2258 3041 2328 κόμητος
3084 2259 3445 2329 δομεστίκων.
3494 2261 3695 2330 Ἐφίλει

2113 2349 2169 2402 δὲ
2203 2349 2362 2419 311
2389 2349 2550 2402 αὐτὸν
2582 2347 2882 2413 Θεοδόσιος.
2906 2351 3017 2403 Καὶ
3040 2350 3390 2421 ἀνδρειωθεὶς
3414 2350 3462 2384 ’⁸
3481 2353 3512 2405 ό
3538 2352 3696 2414 αὐτὸς

2114 2438 2392 2502 Θεοδόσιος
2446 2438 2567 2502 νέος
2595 2437 2906 2507 Λῦγουστος
2948 2440 3132 2511 ἐζήτει
3172 2438 3357 2493 λαϐεῖν
3411 2440 3696 2493 δέσποιναν

2116 2531 2197 2594 εἰς
2229 2530 2407 2600 γάμον
2432 2544 2449 2563 ο
2491 2530 2587 2583 καὶ
2614 2525 2787 2598 ’ὤχλει
2831 2531 2899 2600 τῇ
2941 2529 3146 2601 ἀδελφῇ
3182 2530 3346 2583 αὐτοῦ
3395 2531 3695 2602 Πουλχερίᾳ

2116 2619 2185 2688 τῇ
2218 2617 2494 2688 δεσποίνῃ,
2543 2614 2680 2687 οῦσῃ
2714 2616 2988 2687 παρθένῳ.
3038 2617 3279 2686 Κάκείνη
3310 2618 3474 2672 πάλιν
3496 2619 3576 2682 ὡς
3608 2636 3693 2687 cpt-

2116 2708 2286 2762 λοῦσα
2309 2707 2402 2761 τὸν
2429 2707 2558 2761 ἴδιον
2586 2707 2759 2778 αὐτῆς
2791 2707 3023 2777 ἀδελφὸν
3057 2709 3156 2778 οὐχ
3181 2709 3357 2763 εἵλετο
3383 2708 3692 2780 γαμηθῆναί

2116 2817 2245 2853 τινι.
2291 2800 2355 2852 Ἦ
2412 2799 2469 2853 δὲ
2528 2799 3015 2870 περιεργασαμένη
3050 2799 3179 2872 περὶ
3229 2799 3444 2854 πολλῶν
3495 2799 3694 2871 παρθέ-

2119 2910 2228 2946 νων
2252 2893 2299 2924 ²⁹
2324 2890 2618 2961 κορασίων,
2644 2890 2963 2961 θυγατέρων
2991 2892 3293 2962 πατρικίων
3322 2892 3419 2946 καὶ
3447 2890 3509 2955 ἑξ
3540 2892 3695 2961 αἷμα-

2119 3002 2209 3049 τος
2246 2983 2553 3055 βασιλικοῦ,
2588 2983 2821 3038 θέλουσα
2847 2983 2927 3054 τῷ
2949 2983 3163 3054 ἀδελφῷ
3197 2983 3370 3053 αὐτῆς
3392 2982 3692 3051 συνδιάγειν

440 3072 574 3127 latio
623 3088 727 3127 una
764 3072 993 3137 versari.
1032 3071 1170 3127 Tum
1225 3071 1590 3135 Theodosius,
1618 3089 1637 3121 ι
1666 3069 1892 3135 Vellem,
1935 3071 2019 3124 in-

2131 3080 2180 3130 εν
2233 3076 2310 3148 τῷ
2368 3076 2645 3147 παλατίῳ.
2709 3075 2820 3130 Καὶ
2883 3071 3038 3130 εἶπεν
3099 3077 3237 3147 αὐτῇ
3287 3075 3571 3139 Θεοδόσιος
3615 3076 3690 3127 ὅτι

441 3165 580 3235 quit,
612 3164 859 3219 invenire
889 3164 1351 3220 adolescentulam
1382 3163 1616 3234 aliquam
1659 3162 1856 3217 eximia
1882 3163 2020 3218 adeo

441 3257 872 3329 pulchritudine,
917 3265 976 3312 ut
1014 3258 1161 3312 nulla
1201 3259 1275 3313 sit
1303 3258 1357 3311 in
1392 3258 1529 3313 urbe
1556 3255 2019 3326 Constantinopo-

442 3349 611 3403 litana
637 3365 759 3419 quae
788 3350 932 3404 hanc
959 3349 1268 3413 antecellat,
1310 3364 1538 3419 eamque
1568 3364 1634 3402 ex
1671 3348 2021 3418 imperatorio

443 3457 663 3512 genere.
692 3441 751 3495 Si
786 3451 966 3497 tamen
1003 3443 1153 3497 nulla
1179 3449 1429 3496 occurrat
1452 3439 1745 3509 ejusmodi,
1774 3450 1935 3509 atque
1959 3455 2020 3493 ea

446 3538 636 3588 formae
677 3534 961 3604 elegantia,
1023 3543 1138 3588 tum
1181 3543 1322 3587 'vcro
1370 3548 1472 3587 nec
1522 3531 1657 3602 regii
1708 3530 1840 3584 mihi
1877 3545 2022 3585 cura:

447 3633 578 3677 sunt
602 3623 829 3687 natales,
865 3622 951 3677 vel
981 3622 1204 3688 divitiae,
1250 3632 1344 3677 aut
1382 3622 1625 3692 cujusvis
1650 3620 1759 3675 ﬁlia
1812 3621 1882 3675 sit
1918 3619 2023 3674 mi-

446 3716 597 3770 nime
641 3730 760 3771 sum
806 3714 1089 3779 sollicitus,
1137 3713 1433 3768 dummodo
1468 3728 1692 3782 prorsus
1722 3711 1923 3766 eximia
1955 3710 2025 3766 sit

449 3806 643 3870 forma,
698 3813 809 3858 tum
858 3803 1003 3857 illam
1044 3802 1176 3856 mihi
1231 3801 1285 3855 in
1332 3801 1618 3872 conjugem
1667 3816 1962 3856 assuniam.
2001 3819 2019 3850 ι

449 3897 661 3961 Quibus
690 3895 909 3963 auditis,
949 3894 1169 3950 domina
1193 3893 1481 3949 Pulcheria
1500 3894 1877 3963 hujuscemodi
1905 3910 2027 3965 per-

450 3986 731 4057 quirendae
757 3986 948 4056 puellae
970 4001 1132 4041 causa
1154 3985 1333 4040 varias
1360 3985 1415 4039 in
1446 3984 1697 4056 regiones
1718 3984 1885 4040 misit.
1917 3985 2027 4040 Sed

452 4091 508 4135 et
530 4078 814 4145 Paulinus,
846 4077 1138 4134 Theodosii
1173 4076 1355 4132 socius
1392 4084 1449 4132 et
1485 4076 1712 4141 amicus,
1749 4076 1853 4131 hac
1883 4075 1936 4130 in
1968 4090 2028 4128 re

454 4171 764 4226 Theodosio
794 4171 1011 4240 placere
1039 4169 1268 4239 cupiens
1290 4167 1775 4224 circumcursabat.
1817 4166 2030 4222 Accidit

458 4261 667 4315 interea
698 4269 756 4314 ut
782 4258 1314 4328 Constantinopolim
1352 4273 1476 4314 cum
1520 4258 1635 4312 suis
1663 4257 1908 4329 cognatis
1936 4271 2031 4311 ve-

456 4350 602 4405 niret
650 4350 829 4420 puella
875 4348 1206 4414 Graecanica,
1243 4347 1415 4402 forma
1447 4348 1737 4402 admodum
1768 4346 2026 4418 eleganti,

2129 3185 2147 3217 ι
2195 3167 2337 3235 Ἐγὼ
2371 3167 2511 3220 θέλω
2546 3168 2729 3238 εὑρεῖν
2758 3167 3029 3238 νεωτέραν
3077 3166 3353 3239 εὔμορφον
3399 3168 3563 3229 πάνυ,
3609 3165 3691 3217 ἵνα

2121 3259 2363 3314 τοιοῦτον
2386 3259 2581 3322 καλλος
2615 3259 2689 3330 μὴ
2722 3258 2820 3329 ἔχῃ
2850 3258 2985 3329 ἄλλη
3012 3260 3150 3328 γυνὴ
3180 3260 3237 3312 ὲν
3258 3261 3690 3313 Κωνσταντινου-

2124 3349 2296 3413 πόλει,
2327 3350 2422 3403 καὶ
2441 3347 2499 3414 ἐξ
2524 3348 2757 3418 αἵματος
2781 3347 3084 3417 βασιλικοῦ.
3110 3350 3172 3402 Εἰ
3197 3348 3254 3401 δὲ
3288 3349 3362 3420 μή
3391 3350 3538 3401 ἐστιν
3559 3347 3686 3415 καλὴ

2124 3440 2204 3502 είς
2253 3437 2581 3509 ὑπερϐολὴν,
2638 3438 2700 3490 οὐ
2736 3437 2926 3509 χρείαν
2956 3438 3065 3508 ἔχω
3104 3437 3227 3491 οὔτε
3258 3438 3619 3507 ἀξιωματιέοῦ
3645 3440 3685 3471 ³⁸

2124 3528 2249 3583 οὔτε
2285 3527 2568 3600 βασιλικοῦ
2599 3529 2833 3600 αἵματος
2874 3527 3003 3582 οὔτε
3031 3529 3310 3590 πλουσίαν,
3341 3529 3479 3582 ἀλλά
3511 3530 3602 3583 καὶ
3641 3531 3689 3582 εί

2125 3632 2269 3679 τινος
2325 3615 2524 3682 δήποτε
2554 3615 2651 3669 ὲὰν
2711 3617 2828 3669 ἐστι
2887 3614 3155 3687 θυγάτηρ,
3210 3615 3371 3684 μόνον
3420 3617 3683 3689 εὐπρεπής

2126 3708 2290 3771 πάνυ,
2327 3706 2498 3773 αὐτὴν
2555 3705 2839 3776 λαμὸάνω.
2888 3723 2908 3756 ι
2974 3706 3086 3766 Καὶ
3131 3705 3413 3759 ἀκούσασα
3465 3708 3683 3776 ταῦταή

2128 3799 2390 3852 δέσποινα
2417 3798 2728 3869 Πουλχερία
2762 3797 3042 3870 πανταχοῦ
3066 3797 3311 3870 ἔπεμψεν
3341 3798 3683 3872 περιεργαζο-

2134 3891 2271 3962 μένη
2299 3892 2368 3946 ³⁸.
2398 3892 2508 3945 Καὶ
2539 3892 2806 3955 Παυλῖνος
2840 3890 2896 3943 δὲ
2939 3892 2969 3944 ὁ
3006 3890 3173 3943 αὑτοῦ
3207 3890 3575 3964 συμπράκτωρ
3603 3895 3683 3945 καὶ

2129 3980 2282 4051 φίλος
2329 3980 2708 4052 περιέτρεχεν,
2751 3980 2947 4051 ἀρέσαι
2997 3978 3166 4033 θέλων
3217 3979 3370 4051 αὐτῷ
3423 3981 3572 4051 χάριν
3600 3978 3682 4034 τοῦ

2129 4072 2425 4143 κεφαλαίου
2456 4072 2669 4126 τούτου.
2724 4072 2815 4125 Ἐν
2852 4071 2909 4125 δὲ
2940 4070 3018 4141 τῷ
3055 4070 3259 4142 μεταξὺ
3302 4072 3496 4139 συνέϐη
3527 4071 3680 4125 ὲλθεῖν

2130 4163 2190 4215 ὲν
2246 4160 2819 4215 Κωνσταντινουπόλει
2891 4158 3032 4230 μετὰ
3081 4157 3193 4213 τῶν
3237 4150 3382 4211 ίδίων
3428 4156 3681 4226 συγγενῶν

2128 4253 2303 4325 κόρην
2333 4253 2804 4325 εὐπρεπεστάτην,
2862 4252 3169 4321 ἐλλόγιμον,
3204 4249 3531 4321 Ἐλλαδικὴν,
3573 4248 3678 4301 ὀνό-

2137 4362 2269 4417 ματι
2321 4343 2633 4416 ’Δθηναῖδα,
2671 4343 2950 4415 θυγατέρα
2998 4342 3300 4412 γενομένην
3347 4340 3677 4414 Ἡρακλείτου

458 4455 523 4497 ac
546 4441 858 4511 eloquentia
883 4439 1166 4511 singulari,
1191 4438 1457 4529 Athenais
1488 4438 1730 4504 nomine,
1768 4438 2022 4494 Heracliti

2134 4435 2229 4491 τοῦ
2296 4436 2613 4507 φιλοσόφου,
2667 4435 2791 4508 ἥτις
2826 4433 3083 4505 Ἀθηναῖς
3118 4432 3440 4505 ἠναγκάσθη
3466 4432 3675 4486 καταλα-

1797 4615 2124 4674 DUCANGII
2162 4614 2393 4670 NOTAE.

530 4777 644 4861 (d5)
684 4775 933 4861 mirga.
977 4773 1165 4861 [flente
1205 4772 1596 4861 appellatur‘in
1626 4772 2027 4861 Fastishldgt‘ii:

462 4860 519 4903 et
539 4841 608 4903 'in
627 4841 812 4903 'veter.
846 4845 1094 4914 inscript.
1137 4861 1205 4899 Ill.
1228 4841 1253 4906 ,⁷
1280 4841 1333 4896 Ἱ.
1385 4841 1445 4897 In
1496 4844 1619 4899 cod.
1651 4842 1860 4898 Canon.
1896 4843 2040 4897 Eccl.

461 4918 629 4994 Afric.
655 4917 912 4994 __c.___l_27,
957 4916 1050 4994 hic
1085 4913 1408 4994 consul-atus-
1452 4913 1860 4994 itas‘i‘gnatnh

466 4988 687 5067 Honorii
719 4985 821 5040 ΧΠ
868 4996 916 5041 et
955 4985 1223 5041 Theodosii
1266 4981 1431 5037 VI”.
1489 4984 1560 5038 At
1585 4981 1720 5038 Cim.
1761 4984 1879 5047 157,
1914 4982 2046 5052 legi-

468 5056 938 5201 ῑηΙίβΙέέΪἋεζίου.
988 5128 1132 5201 Aetii
1173 5130 1327 5201 praef.
1364 5127 1497 5185 Urbi
1532 5124 1781 5182 meminit
1824 5123 1909 5178 lex
1944 5123 2042 5177 ult.

468 5196 591 5251 cod.
618 5197 827 5251 'l‘heod.
853 5199 922 5254 de
943 5199 1108 5255 calcis
1135 5196 1338 5257 coctor.

540 5265 653 5337 (47)
695 5267 804 5321 Kal
834 5271 1275 5337 Κωνσταντίου.
1303 5267 1614 5325 Holstenius
1651 5276 1707 5323 ct
1732 5264 1877 5321 Fasti
1900 5263 2036 5319 Vos-

468 5336 607 5392 siani
625 5336 641 5403 ,
677 5338 773 5390 καὶ
808 5336 1151 5403 Κώσταντος.

2212 4774 2325 4843 (48)
2357 4769 2933 4843 Συνᾳνιιγινξὼσκων.
2973 4765 3590 4843 Joannesﬁntiochenus
3620 4764 3677 4843 de

2144 4834 2454 4899 Theodosio
2478 4834 2637 4896 ἔπηξε
2667 4840 2945 4911 Θεοδόσιος
2974 4841 3003 4911 δ
3034 4838 3287 4911 βασιλεὺς
3311 4834 3678 4911 χαίρεινείπῲν

2143 4916 2256 4983 τοῖς
2282 4912 2585 4983 παιγνίοις,
2616 4911 2708 4963 ἐπὶ
2733 4909 2925 4978 λόγους
2955 4906 3295 4983 έλεξθερίους
3327 4906 3566 4975 μετέϐαλε
3596 4906 3677 4975 τὴν

2143 4977 2406 5055 γνώμην,⁷
2454 4981 2721 5055 ῌΙαυλίνρυ
2779 4977 2841 5055 τε
2895 4979 2989 5055 καὶ
3017 4977 3303 5055 ιΠλακίτου
3354 4993 3676 5055 συναναγινωο

2145 5045 2384 5107 σκόντών
2412 5051 2560 5122 αὐτῷ
2586 5045 2715 5122 ,ρίς
2756 5052 2853 5122 καὶ
2898 5048 3074 5120 ἀρχὰς
3124 5047 3218 5122 καὶ
3251 5046 3491 5122 ἐξουσίας
3517 5046 3676 5122 ἐχαρί-

2144 5139 2274 5177 σατο
2308 5116 2569 5194 μεγάλας.
2609 5118 2728 5194 Ubi_
2745 5116 2950 5194 minus
2969 5116 3116 5194 recte
3162 5116 3500 5194 doctissinips
3532 5118 3677 5194 inter-

2184 5186 2560 5260 res,'Pdulino
2589 5206 2653 5244 ac
2688 5188 2897 5244 Placito
2937 5189 3205 5260 magistris
3245 5202 3389 5240 usus.
3431 5186 3676 5260 Paulinum

2142 5255 2437 5387 ggeodosii
2471 5260 2875 5332 συνανάτροφον
2907 5255 3066 5314 vocat
3093 5256 3291 5327 Georg.
3335 5257 3609 5331 monachus
3632 5255 3677 5308 in

2230 5350 2349 5387 ron.
2381 5348 2485 5387 ms.
3258 5348 3261 5353 '
3474 5384 3479 5387 .

2192 5334 2349 5391 bron.
2381 5348 2485 5388 ms.
3258 5348 3261 5353 '

1768 5502 2003 5570 ἺλῐὶῑιΕ
2041 5508 2452 5569 LECTIONES.

544 5683 594 5716 ’⁸
619 5678 715 5735 τοῦ
765 5694 875 5735 om.
931 5676 992 5730 P.
1072 5675 1119 5708 ⁸⁸
1144 5673 1404 5728 πενώλιον
1461 5671 1567 5727 PV.

1642 5673 1687 5705 "
1718 5672 1882 5726 αὐτοῦ
1937 5668 2031 5725 τοῦ
2087 5670 2296 5740 πατρὸς
2362 5666 2422 5721 Ρ.
2516 5667 2559 5740 _"
2589 5667 2817 5740 ὀνόματι
2852 5680 2961 5720 om.
3010 5662 3067 5722 P.

3168 5660 3213 5693 ιι
3242 5658 3539 5730 ἀνδριωθεὶς
3582 5654 3670 5715 rv.

481 5756 530 5787 ”
555 5750 837 5833 παρθένων
866 5764 974 5803 om.
1006 5744 1064 5801 Ρ.
1141 5745 1185 5777 ³ο
1215 5743 1339 5798 οὗτε
1372 5743 1741 5815 ἀξιωματικοῦ
1777 5759 1883 5797 oui.
1912 5742 1968 5796 P.
2045 5743 2087 5773 ³¹
2119 5735 2598 5811 περιεργασαμένη
2630 5735 2689 5791 Ρ.
