3856 6342
244 360 348 425 793

1439 355 1873 418 CHRONICON
1912 359 2317 422 PASCHALE.

3394 363 3510 428 ’794

246 469 363 522 δεῖν
387 461 489 537 ἠν
517 463 831 535 Εὐδαίμονα
854 461 1011 516 πόλιν
1042 462 1180 534 πρὸς
1204 460 1304 531 τὴν
1329 462 1464 515 ἰδίαν
1486 464 1658 533 αὐτῆς
1683 464 1834 515 θείαν

1951 467 2250 536 phiIOSOphi
2283 466 2390 520 filia
2425 483 2438 520 :
2475 481 2595 535 quae
2621 467 2843 536 quidem
2885 467 3146 522 Athenais
3179 478 3362 523 coacta
3390 471 3511 524 fne-

244 561 338 615 διὰ
375 558 647 632 πρόφασιν
672 554 947 625 τοιαύτην.

331 745 391 799 σο
432 742 724 814 φιλόσοφος
766 738 1122 811 Ἡράκλειτος
1178 738 1289 809 (49)
1343 739 1372 793 ὁ
1404 739 1576 802 αὐτῖτς
1623 739 1829 809 πατῆρν

247 838 393 908 ἔχων
415 836 513 889 καὶ
539 832 634 885 δύο
660 830 832 896 υίούς,
861 829 1069 899 μέλλων
1092 828 1350 899 τελευτᾷν
1367 827 1592 893 διέθετο,
1617 827 1834 896 γράψας

249 929 312 980 ὲν
342 929 412 997 τῇ
464 922 632 978 αὐτοῦ
680 919 914 991 διαθήκῃ
964 919 1338 992 κληρονόμους
1367 918 1549 988 πάσης
1600 918 1702 988 τῆς
1742 919 1835 970 ὐπ’

212 1016 420 1085 ,αὐτοῦ
471 1009 930 1081 καταλειφθείσης
995 1009 1313 1080 περιουσίας
1364 1009 1492 1072 τοὺς
1537 1009 1630 1061 δύο
1681 1008 1834 1071 υἱοὺς

202 1091 427 1197 ἑαυτοῦ
462 1099 834 1197 Οὐαλεριανὸν
851 1098 1483 1197 Δκιπὶ1““έξιιον,“είρηκιὶ›ς
1511 1101 1569 1152 ὲν
1595 1099 1832 1197 τῇΑαύτῇ

206 1185 493 1288 Ξδιαθὴκῃ
526 1206 543 1221 ⁸
589 1208 608 1240 ι
653 1186 927 1288 ’.λθηναῖδι
950 1187 1008 1239 δὲ
1037 1189 1105 1288 τῇ
1144 1185 1499 1288 ποθεινοτὸιτῃ
1531 1204 1631 1288 μου
1665 1186 1837 1288 θυγα-

214 1272 343 1357 ⁵’τρὶ
365 1284 591 1354 δοθῆναι
623 1278 885 1350 βούλομαι
932 1278 1246 1348 νομίσματα
1276 1277 1471 1332 ἑκατὸν
1509 1278 1604 1331 καὶ
1637 1277 1795 1349 μόνον
1821 1293 1836 1308 ·

256 1378 423 1447 ἀρκεῖ
456 1374 569 1444 γὰρ
604 1374 742 1441 αὐτῇ
800 1371 835 1439 ἡ
873 1371 1047 1437 αὐτῆς
1078 1368 1215 1440 τύχη
1258 1369 1600 1441 ὑπερέχουσα
1644 1370 1840 1432 ,πᾶσαν

254 1470 357 1538 τὴν
390 1463 717 1535 γυναικείαν
744 1460 938 1532 τύχην.
973 1480 993 1514 ι
1020 1461 1131 1514 Καὶ
1160 1461 1390 1533 τελευτᾷ
1413 1464 1441 1515 ὀ
1468 1463 1636 1532 αὐτῆς
1660 1461 1841 1531 πατὴρ

269 1557 627 1627 Ἡράκλειτος
656 1555 685 1606 ὁ
722 1553 886 1622 σοφὸς
923 1552 1230 1622 Ἀθηναῖος.
1267 1553 1425 1608 Μετὰ
1455 1553 1511 1606 δὲ
1540 1553 1637 1624 τὴν
1672 1552 1840 1606 αὐτοῦ

258 1648 565 1703 ἀποϐίωσιν
595 1646 689 1699 καὶ
717 1644 810 1697 τοῦ
839 1642 887 1674 ⁸⁸
906 1642 1043 1712 δῆλα
1069 1638 1327 1712 γενέσθαι
1348 1643 1417 1697 τὰ
1437 1642 1842 1696 διατυπωθέντα

258 1741 295 1810 ή
324 1738 477 1808 αὐτὴ,
517 1737 563 1768 ³³
599 1731 852 1803 Ἀθηναῒς
891 1734 1019 1796 τοὺς
1073 1733 1274 1805 ἑαυτῆς
1323 1732 1585 1802 ἀδελφοὺς
1648 1731 1841 1785 ὲδυσὼ·

1934 565 2018 611 rat
2061 557 2296 610 Felicem
2328 556 2516 610 urbem
2546 565 2770 627 petere,
2810 559 3031 612 amitam
3080 575 3232 613 suam
3267 576 3513 615 conven-

1936 656 2076 709 tura,
2111 647 2212 700 hac
2232 662 2394 715 quam
2419 646 2615 699 dicturi
2647 662 2836 701 sumus
2865 646 3178 702 occasione.

2007 734 2312 788 Heraclitus
2360 734 2736 803 philosophus,
2790 736 2934 789 illius
2977 746 3149 805 pater,
3201 752 3324 790 cum
3378 737 3515 792 duos

1934 826 2162 880 haberet
2187 825 2346 889 ﬁlios,
2380 826 2679 879 moriturus
2705 835 3090 880 testamentum
3124 828 3387 890 condidit,
3408 845 3517 897 quo

1935 916 2074 971 duos
2139 915 2259 969 illos
2311 913 2470 979 filios,
2500 913 2848 970 Valerianum
2897 925 2954 970 et
3000 916 3244 980 Gesiunt,
3300 933 3364 972 ex
3396 935 3516 974 asse

1937 1008 2154 1076 scripsit
2212 1006 2478 1069 haeredes,
2529 1006 2678 1061 hisce
2733 1008 2918 1060 verbis
2968 1008 3239 1077 adjectis:
3287 1028 3305 1058 ι
3344 1011 3517 1063 Athe-

1938 1098 2083 1153 naidi
2116 1112 2247 1151 vero
2275 1096 2753 1151 desideratissinne
2776 1097 2899 1151 filiae
2922 1114 3057 1152 meat
3084 1100 3207 1153 volo
3246 1101 3359 1153 dari
3381 1101 3520 1154 dun-

1940 1199 2089 1244 taxat
2126 1202 2346 1243 centum
2384 1204 2640 1243 nummos
2690 1207 2703 1243 :
2753 1190 2951 1245 sutlicit
3000 1191 3146 1245 enim
3190 1191 3264 1245 illi
3303 1192 3517 1247 fortuna

1940 1296 2057 1345 sua,
2113 1295 2235 1349 qua:
2278 1280 2552 1334 fortunam
2584 1294 2803 1334 omnem
2852 1281 3171 1336 muliebrem
3220 1284 3453 1337 excedit.
3496 1302 3514 1334 ι

1941 1376 2118 1442 Atque
2169 1372 2243 1426 ita
2300 1372 2533 1427 moritur
2595 1382 2750 1443 pater
2800 1371 3106 1429 Heraclitus
3162 1377 3524 1448 philosophus

1940 1463 2312 1518 Atheniensis.
2346 1462 2477 1518 Post
2498 1472 2728 1519 mortem
2754 1479 2885 1519 vero
2913 1465 3078 1530 illius,
3103 1468 3371 1522 Athenais
3396 1484 3521 1524 cum

1941 1568 2063 1623 quae
2095 1554 2151 1607 in
2190 1563 2422 1623 paterno
2465 1563 2795 1608 testamento
2824 1566 3046 1609 exarata
3092 1566 3252 1611 erant
3278 1559 3524 1629 accepis-

1944 1652 2048 1708 set,
2100 1643 2299 1698 fratres
2354 1659 2504 1710 suos,
2567 1652 2759 1713 utpote
2816 1655 2946 1700 natu
3002 1648 3258 1716 majores,
3308 1648 3523 1704 illorum

1944 1735 2107 1789 etiam
2155 1734 2385 1803 pedibus
2410 1733 2686 1798 advoluta,
2720 1736 2948 1805 rogavit,
2980 1747 3059 1802 ut,
3083 1739 3397 1806 posthabito
3428 1755 3524 1809 pa-

260 1800 357 1883 πει
387 1800 528 1900 (ὅθ),
560 1827 637 1890 ὼς
687 1800 944 1896 μείζονας
976 1824 1140 1888 ὄντας
1165 1800 1266 1895 τὴν
1314 1800 1554 1893 ἠλικίαν,
1603 1822 1843 1893 προσπί-

1951 1825 2045 1881 tris
2070 1800 2419 1887 testamento,
2438 1825 2654 1879 tertiam
2684 1800 3019 1880 hereditatis
3046 1800 3256 1896 partem
3290 1829 3393 1883 sibi
3424 1800 3525 1884 ha-

262 1934 481 1972 πτουσα
531 1915 720 1976 αὐτοῖς
763 1915 860 1968 κα)⁸
902 1914 1132 1966 αἰτοῦσα
1170 1912 1244 1983 μὴ
1294 1911 1555 1984 προσχεῖν
1603 1916 1669 1984 τῇ
1703 1914 1842 1983 αὐτῇ

259 2009 522 2081 διαθήκῃ,
558 2004 696 2061 ἀλλὰ
727 2004 790 2057 τὸ
814 2005 997 2075 τρίτον
1030 2004 1198 2075 μέρος
1229 2003 1414 2058 λαϐεῖν
1441 2004 1545 2072 τῆς
1585 2002 1847 2072 πατρῴας

260 2100 611 2171 περιουσίας,
656 2096 891 2166 λέγουσα
949 2095 1115 2165 μηδὲν
1165 2093 1574 2165 ἡμαρτηκέναι,
1615 2093 1731 2146 ἀλλ’
1759 2094 1843 2146 ὅτι

268 2210 290 2243 ι
326 2190 439 2243 Καὶ
465 2190 629 2260 ὑμεῖς
655 2189 958 2258 γινώσκετε
984 2186 1045 2240 τὸ
1069 2186 1115 2218 ³⁸
1135 2185 1254 2247 πῶς
1288 2184 1574 2254 διεκείμην
1594 2183 1733 2255 πρὸς
1754 2183 1847 2236 τὸν

262 2281 452 2335 κοινὸν
474 2279 638 2351 ἡμῶν
674 2278 914 2349 πατέρα,
949 2278 1044 2330 καὶ
1074 2278 1176 2330 οὐκ
1215 2272 1333 2329 οῖδα
1354 2275 1442 2329 διὰ
1463 2275 1516 2327 τί
1545 2274 1750 2346 ἄπορόν
1781 2292 1849 2345 με

262 2371 562 2427 κατέλιπεν
616 2369 828 2440 μέλλων
883 2367 1146 2439 τελευτᾷν
1202 2368 1298 2420 καὶ
1343 2366 1610 2437 εὐπορίας
1668 2368 1850 2436 τυχεῖν

264 2463 411 2533 μετὰ
442 2461 544 2533 τὴν
572 2459 736 2513 αὐτοῦ
783 2458 1055 2530 νέκρωσιν
1108 2457 1404 2528 ἐχαρίσατό
1453 2475 1564 2528 μοι.
1634 2475 1655 2509 ι
1696 2458 1762 2510 Οἱ
1794 2457 1851 2510 δὲ

262 2556 441 2625 αὐτῆς
485 2554 708 2621 ἀδελφοὶ
772 2552 997 2623 ἔμειναν
1048 2552 1316 2618 ἀπειθεῖς,
1356 2552 1453 2606 καὶ
1509 2552 1852 2623 ὀργισθέντες

262 2647 430 2718 312
476 2645 704 2711 ἐδίωξαν
755 2644 927 2715 αὐτὴν
974 2643 1073 2697 καὶ
1120 2645 1183 2696 ὲκ
1224 2643 1319 2697 τοῦ
1375 2642 1633 2714 πατρῴου
1674 2642 1852 2696 αὐτῶν

264 2740 449 2792 οἴκου.
484 2736 598 2789 Καὶ
633 2734 853 2799 ἐδέξατο
885 2735 1058 2806 αὐτὴν
1091 2732 1277 2787 λοιπὸν
1306 2735 1340 2803 ἡ
1393 2732 1600 2803 ἀδελφὴ
1628 2732 1732 2802 τῆς
1764 2749 1854 2800 γε·

263 2826 506 2898 νομένης
538 2825 714 2894 αὐτῆς
759 2824 989 2896 μητρὸς,
1029 2826 1123 2877 καὶ
1172 2817 1236 2878 οὐ
1281 2824 1444 2892 μόνον
1484 2824 1560 2888 ὡς
1584 2824 1850 2895 ὀρφανὴν,

263 2917 405 2972 ἀλλὰ
457 2917 555 2969 καὶ
595 2916 674 2978 ὡς
716 2915 988 2987 παρθένον
1027 2916 1122 2968 καὶ
1165 2915 1534 2985 ἀδελφόπαιδα
1589 2914 1854 2984 ἐφύλαξεν

263 3008 441 3076 αὐτήν
486 3020 500 3035 ⁶
553 3007 749 3076 ἥντινα
797 3005 1035 3059 λαϐοῦσα
1088 3006 1207 3077 μεθ’
1238 3007 1439 3078 ἑαυτῆς
1466 3007 1743 3076 ἀνήγαγεν
1796 3008 1854 3059 ἐν

265 3091 854 3147 Κωνσταντινουπόλει
914 3092 1052 3163 πρὸς
1103 3092 1204 3163 τὴν
1250 3093 1422 3163 ἄλλην
1472 3092 1625 3146 θείαν
1679 3093 1851 3162 αὐτῆς
1879 3134 1921 3191 c

263 3184 369 3255 τὴν
400 3182 639 3252 ἀδελφὴν
686 3182 779 3235 τοῦ
828 3183 998 3253 αὐτῆς
1035 3184 1241 3254 πατρὸς
1298 3183 1683 3255 Ἡρακλείτου.
1743 3185 1854 3237 Καὶ

264 3272 538 3327 λαϐοῦσαι
572 3272 744 3345 αὐτὴν
790 3274 1057 3342 ἐποίησαν
1100 3274 1329 3339 ἀξίωσιν
1363 3276 1505 3328 κατὰ
1535 3274 1646 3329 τῶν
1681 3278 1855 3346 αὐτῆς

262 3362 536 3431 ἀδελφῶν,
586 3363 682 3415 καὶ
736 3363 1042 3434 προσῆλθον
1086 3367 1152 3436 τῇ
1200 3366 1567 3440 εὐσεϐεστάτη
1596 3367 1852 3439 δεσποίνῃ

266 3452 583 3525 Πουλχερίᾳ
615 3456 684 3524 τῇ
706 3454 912 3525 ἀδελφῇ
956 3455 1244 3509 θεοδοσίου
1295 3456 1391 3510 τοῦ
1438 3457 1723 3527 βασιλέως,
1758 3461 1854 3511 καὶ

261 3542 519 3606 ἐδίδαξαν
547 3542 623 3606 ὡς
662 3542 956 3613 βιαζομένῃ
987 3546 1138 3615 παρὰ
1178 3544 1286 3601 τῶν
1321 3547 1466 3599 ἰδίων
1493 3548 1663 3618 αὐτῆς
1695 3549 1853 3603 ἀδελ-

262 3634 411 3702 φῶν,
434 3633 796 3704 διαλεγομένη
821 3635 866 3667 ⁸⁸
895 3635 1215 3707 ὲλλογίμως.
1240 3639 1352 3692 Καὶ
1379 3639 1665 3709 ἐωρακὸσα
1692 3639 1737 3672 ³⁸
1766 3640 1857 3694 αὐ·

265 3726 374 3795 τὴν
417 3727 452 3795 ἡ
486 3726 625 3794 αὐτὴ
649 3724 907 3779 δέσποινα
942 3728 986 3759 ⁸⁷
1022 3727 1326 3798 Πουλχερία
1352 3729 1601 3800 εὐπρεπῆ
1634 3730 1731 3785 καὶ
1763 3730 1853 3784 ἐλ-

262 3815 520 3884 λόγιμον,
557 3816 915 3886 ἰπηρὼτησεν
949 3816 1050 3881 τὰς
1086 3819 1255 3889 αὐτῆς
1300 3818 1453 3883 θείας
1483 3821 1532 3872 εί
1562 3820 1680 3873 ἐστι
1704 3838 1854 3891 παρο

263 3904 448 3967 θένος.
479 3903 592 3957 Καὶ
640 3904 894 3975 ἐδιδάχθη
920 3906 1003 3959 ὅτι
1043 3907 1313 3976 παρθένος
1364 3907 1711 3976 πεφύλακται
1748 3908 1858 3961 ἀπὸ

262 3988 365 4043 τοῦ
393 3989 566 4059 αὐτῆς
601 3989 811 4059 πατρὸς
844 3991 940 4044 καὶ
968 3992 1052 4044 ὅτι
1101 3991 1189 4046 διὰ
1216 3992 1393 4061 λόγων
1442 3993 1655 4048 πολλῶν
1690 3991 1856 4065 ἦκται

265 4079 616 4149 φιλοσοφίας,
665 4081 951 4135 ἐκέλευσεν
1010 4084 1056 4115 ³⁸
1115 4084 1287 4155 αὐτὴν
1337 4085 1455 4156 ἅμα
1495 4086 1631 4149 ταῖς
1685 4087 1857 4155 αὐτῆς

266 4170 449 4233 θείαις
475 4170 564 4223 διὰ
592 4171 1061 4245 κουϐικουλαρίων
1093 4175 1434 4246 φυλαχθῆναι
1467 4178 1563 4231 καὶ
1599 4181 1855 4251 περιμεῖ-

266 4278 386 4323 ναι,
410 4262 674 4327 λαϐοῦσα,
710 4265 899 4333 φησιν,
927 4267 1027 4337 τὴν
1062 4266 1246 4337 δέησιν
1274 4270 1406 4340 παρ’
1436 4271 1605 4340 αὐτῆς
1636 4270 1854 4341 εἰσῆλθε

271 4352 417 4421 πρὸς
444 4353 540 4406 τὸν
581 4353 713 4406 ἴδιον
761 4354 991 4424 ἀδελφὸν
1039 4356 1318 4411 Θεοδόσιον
1360 4359 1453 4413 τὸν
1483 4360 1729 4428 βασιλέα,
1764 4363 1858 4415 καὶ

1943 1918 2074 1972 bere
2095 1916 2362 1981 sinerent,
2376 1931 2499 1970 cum
2525 1916 2735 1970 diceret
2755 1916 2892 1969 nihil
2918 1931 2978 1970 se
3002 1933 3258 1986 peccasse
3298 1937 3312 1973 :
3342 1937 3360 1971 ι
3381 1920 3523 1985 Quin

1944 2007 2149 2079 potius.
2177 2006 2378 2073 aiebat,
2408 2014 2579 2061 testes
2612 2005 2831 2076 ipsimet
2868 2006 3019 2074 estis,
3049 2023 3155 2077 qua
3186 2008 3401 2064 ratione
3431 2025 3525 2065 er-

1945 2113 2010 2168 ga
2038 2112 2387 2153 communem
2424 2107 2710 2167 parentem
2742 2112 2827 2153 me
2856 2099 3139 2170 gesserim.
3158 2099 3313 2155 Unde
3342 2101 3529 2157 nescio

1947 2202 2045 2241 cur
2074 2186 2389 2252 moriturus,
2426 2187 2556 2241 dum
2587 2202 2675 2242 me
2704 2187 2924 2258 inopem
2958 2190 3238 2260 relinquit,
3281 2191 3525 2245 omnium

1947 2292 2129 2331 rerum
2177 2277 2334 2346 copia
2362 2286 2486 2347 post
2523 2277 2670 2332 illius
2702 2294 2990 2334 excessum
3031 2279 3134 2334 frui
3185 2280 3462 2351 largiatur.
3500 2300 3522 2332 ι

1948 2367 2150 2423 Verum
2177 2368 2495 2438 persuaderi
2538 2369 2737 2425 fratres
2777 2385 2888 2424 non
2929 2379 3179 2441 potuere,
3240 2371 3350 2426 imo
3406 2371 3530 2427 irati

1948 2468 2004 2514 et
2043 2459 2189 2514 hanc
2220 2459 2514 2529 persecuti,
2566 2460 2729 2514 domo
2763 2469 2989 2530 paterna
3042 2460 3303 2517 excedere
3335 2476 3531 2532 coege-

1950 2560 2079 2605 runt
2119 2568 2132 2604 :
2170 2565 2334 2620 quam
2363 2549 2583 2620 excepit
2612 2550 2873 2620 deinceps
2920 2552 3110 2606 matris
3158 2551 3304 2606 illius
3352 2567 3531 2618 soror,

1949 2657 2129 2710 neque
2159 2641 2249 2695 illa
2277 2641 2450 2695 solum
2478 2649 2540 2695 ut
2568 2640 2852 2710 pupillam,
2888 2642 2984 2696 sed
3013 2650 3068 2695 et
3095 2650 3155 2695 ut
3177 2641 3441 2713 virginem
3469 2657 3535 2698 ac

1949 2734 2154 2790 sororis
2183 2734 2345 2787 filiam
2381 2742 2552 2788 tutata
2592 2742 2694 2788 est.
2726 2733 2879 2788 Hanc
2907 2733 3108 2788 deinde
3132 2748 3320 2788 secum
3358 2734 3534 2789 addu-

1950 2825 2028 2879 xit
2052 2824 2582 2893 Constantinopolim
2615 2825 2682 2879 ad
2708 2825 2873 2879 aliam
2903 2825 3127 2879 amitam
3162 2839 3337 2884 suam.
3366 2825 3537 2895 patris

1951 2913 2213 2970 Heracliti
2258 2930 2526 2970 sororem.
2558 2915 2668 2970 lllat
2720 2930 2884 2970 causa
2932 2915 3128 2986 puellae
3174 2926 3449 2986 suscepta.
3481 2925 3539 2971 et

1952 3002 2167 3056 actione
2198 3008 2388 3056 contra
2422 3002 2568 3055 illius
2598 3002 2796 3058 fratres
2826 3004 3097 3070 instituta,
3124 3005 3382 3060 adierunt
3403 3006 3540 3075 piis-

1953 3092 2150 3147 simam
2178 3091 2454 3146 dominam
2477 3090 2842 3157 Pulcheriam,
2863 3093 3158 3149 Theodosii
3187 3094 3540 3164 imperatoris

1955 3198 2219 3249 sororem,
2247 3183 2499 3252 hancque
2532 3190 2591 3236 ut
2632 3198 2662 3236 a
2693 3182 2957 3238 fratribus
3007 3193 3198 3238 exacta
3236 3185 3308 3238 sit
3335 3185 3540 3239 docue-

1955 3287 2014 3328 re
2050 3290 2063 3326 :
2096 3270 2243 3341 quod
2267 3278 2325 3326 et
2350 3270 2440 3325 illa
2474 3270 2738 3341 singulari
2765 3270 3078 3339 eloquentia
3109 3272 3387 3341 exposuit.

2023 3361 2253 3418 Domina
2282 3376 2412 3417 vero
2440 3360 2725 3419 Pulcheria
2753 3362 2991 3432 puellam
3028 3363 3343 3432 conspicata
3365 3405 3378 3427 ,
3411 3363 3525 3418 for-

1955 3467 2043 3507 ma
2071 3465 2304 3522 prorsus
2340 3450 2596 3522 eleganti,
2628 3464 2693 3505 ac
2736 3450 2997 3520 praeclara
3030 3450 3249 3506 dicendi
3287 3452 3542 3506 facultate

1954 3543 2263 3614 praditam,
2294 3542 2651 3613 interrogavit
2675 3541 2823 3596 illius
2848 3541 3062 3608 amitas,
3095 3558 3164 3596 an
3192 3542 3346 3613 virgo
3377 3555 3539 3597 esset.

1955 3635 2251 3706 Postquam
2290 3651 2423 3690 vero
2455 3635 2721 3705 virginem
2765 3650 2795 3689 a
2827 3644 3055 3704 parente
3088 3634 3259 3689 fuisse
3302 3636 3544 3690 custodi-

1958 3737 2068 3781 tam
2104 3726 2393 3791 intellexit,
2439 3740 2672 3794 eamque
2723 3724 3086 3795 philosophiae
3137 3724 3331 3780 studiis
3388 3728 3545 3796 longo

1959 3825 2206 3888 tempore
2255 3816 2591 3882 institutam,
2620 3816 2783 3887 jussit
2814 3816 2958 3871 illam
2991 3831 3098 3870 una
3131 3832 3255 3870 cum
3300 3816 3482 3870 amitis
3514 3832 3544 3871 a

1957 3908 2313 3963 cubiculariis
2351 3906 2642 3967 custodiri,
2672 3916 2727 3960 et
2761 3906 3158 3974 aliquantulum
3183 3912 3542 3974 exspectare:

1956 4008 2320 4068 acceptoque,
2349 4006 2410 4051 ut
2442 3997 2616 4062 aiunt,
2651 3997 2884 4066 supplici
2925 3996 3072 4050 illius
3094 3996 3298 4059 libello,
3327 3998 3395 4050 ad
3429 3997 3543 4050 fra—

1958 4098 2098 4143 trem
2130 4086 2503 4143 Tbeodosium
2531 4086 2813 4157 ingressa:
2853 4104 2873 4135 ι
2919 4085 3126 4152 Inveni,
3160 4085 3355 4155 inquit,
3390 4085 3545 4154 puel-

1959 4184 2087 4249 lam,
2114 4198 2332 4254 puram,
2360 4181 2579 4253 egregie
2600 4188 2869 4247 ornatam,
2900 4180 3024 4235 exili
3049 4180 3294 4251 corporis
3314 4189 3542 4241 statura,

1958 4288 2094 4328 naso
2123 4270 2365 4339 decenti,
2401 4270 2549 4325 nivis
2579 4270 2750 4324 instar
2777 4268 3087 4335 candidam,
3111 4267 3286 4322 oculis
3312 4267 3542 4337 magnis,

1960 4364 2132 4435 gratia
2176 4361 2467 4433 singulari,
2506 4361 2704 4431 crispis
2743 4360 2916 4428 iisque
2951 4360 3106 4414 ﬂavis
3149 4359 3385 4429 capillis,
3427 4375 3544 4413 rna-

272 4437 434 4496 εἶπεν
472 4443 623 4515 αὐτῷ
662 4445 746 4498 ὃτι
781 4464 800 4496 ι
855 4440 1034 4516 Ηῦρον
1085 4449 1355 4520 νεωτέραν
1382 4450 1648 4523 καθαρὰν,
1676 4451 1849 4506 εὐστο·

1968 4465 2093 4510 turo
2123 4455 2364 4519 incessu,
2413 4451 2673 4508 disertam
2695 4493 2708 4516 ,
2754 4450 3159 4512 Graecanicam,
3186 4448 3480 4519 virginem.
3518 4466 3537 4498 ι

270 4532 393 4595 λον,
450 4533 990 4605 λεπτοχαράκτηρον,
1048 4536 1260 4606 εῠρινα,
1325 4541 1676 4610 ἀσπροτὰτην
1728 4541 1849 4595 ὡσεῖ

1968 4545 2093 4602 Haec
2121 4546 2284 4601 simul
2328 4545 2376 4600 is
2408 4543 2636 4605 audivit,
2681 4543 2754 4598 uti
2784 4541 3002 4612 juvenis
3035 4540 3254 4603 exarsit.
3284 4546 3339 4593 et
3363 4554 3550 4593 accer.

272 4625 432 4695 χιὼν,
472 4627 947 4698 μεγαλόφθαλμον,
978 4629 1510 4702 ὐποκεχαρισμένην,
1541 4633 1860 4700 οὐλοξανθὸ-

1968 4640 2077 4693 sito
2128 4637 2280 4693 socio
2320 4652 2422 4692 suo
2450 4644 2508 4691 et
2544 4635 2722 4690 amico
2770 4633 3030 4697 Paulino,
3064 4631 3256 4702 petivit
3296 4647 3327 4685 a
3361 4644 3548 4685 sorore

274 4732 470 4785 κομον,
504 4719 835 4788 σεμνόποδα,
857 4719 1167 4789 έλλὰγιμον,
1216 4722 1534 4794 Ἑλλαδικὴν
1560 4725 1695 4795 (5i),
1724 4742 1849 4795 παρ

1972 4745 2091 4793 sua,
2129 4737 2211 4792 ut,
2251 4727 2437 4798 specie
2456 4726 2680 4781 alterius
2711 4724 2995 4795 cujusdam
3015 4722 3239 4795 negotii,
3278 4721 3545 4777 Athenai-

278 4810 454 4864 θένον.
494 4828 514 4861 ι
560 4810 621 4863 ⁸0
649 4810 693 4843 ³⁸
721 4809 777 4864 δὲ
799 4810 1060 4877 ἀκούσας,
1086 4811 1162 4877 ὡς
1188 4813 1472 4886 νεώτερος,
1505 4815 1744 4888 ἀνήφθη,
1768 4818 1849 4871 καῖ

1973 4820 2097 4875 dem
2130 4820 2187 4875 in
2219 4834 2379 4874 suum
2425 4817 2739 4873 cubiculum
2772 4816 3084 4881 adduceret,
3114 4829 3277 4884 quam
3310 4829 3408 4885 per
3446 4825 3546 4867 ve.

230 4934 252 5095 ί
1597 5007 1920 5065 DUCANGII
1973 5007 2207 5065 NOTAE.

212 5162 233 5221 ,ί
349 5158 463 5229 (49)
510 5158 914 5231 Ἡράκλειτος.
945 5160 1209 5216 Leontius
1236 5161 1542 5231 appellatur
1578 5178 1608 5217 a
1635 5161 1849 5219 Socratt

1970 5168 2065 5219 πεῖ
2081 5208 2095 5230 ,
2135 5167 2498 5221 ἐπικαλεῖται.

272 5228 373 5307 τῃ).
404 5243 526 5307 vn,
549 5244 668 5298 cap.
696 5230 757 5282 2|
781 5246 801 5307 ξ
828 5228 1171 5307 Theophane
1202 5228 1349 5287 anno
1393 5248 1447 5287 x1
1476 5232 1707 5307 _'_l‘heod.
1760 5233 1849 5288 Ce-

1974 5306 1981 5307 ί
2039 5228 2154 5307 (51)
2221 5236 2609 5305 Ἐλλαδικιὶνε
2674 5239 2963 5306 Achivam,
3038 5237 3334 5295 Marcellin.
3400 5249 3542 5292 com.

273 5301 471 5372 crepo,
493 5296 764 5372 $gnieone
780 5296 1096 5372 Logoth'.,in
1111 5300 1318 5372 Chron.
1338 5302 1856 5367 ms.,Manasse,etc.
1970 5296 2085 5363 ind.
2125 5296 2199 5363 iv.

340 5368 463 5438 (50)
505 5367 885 5423 ἐδυσώπειί
917 5370 1260 5441 Hesychius,
1312 5375 1637 5440 ποτνιᾶται,
1685 5374 1859 5428 δυσω-

1552 5530 1786 5586 VABIE
1824 5530 2235 5589 LECTIONES.

383 5656 431 5691 ³⁸
464 5658 597 5738 τοῦει
618 5657 769 5738 Fort.
799 5661 879 5738 τύ.
961 5662 1200 5738 ’³⁸-αὐτη
1461 5666 1506 5698 ³⁸
1540 5667 1602 5721 τὺ
1630 5666 1832 5738 οιιιυΡἲ
1867 5737 1870 5738 ν
1935 5667 1979 5699 ³⁸
2008 5665 2401 5737 διαλεγομένην
2424 5665 2487 5722 Ρ.
2563 5666 2608 5699 ³⁸
2631 5666 2910 5738 ἑωρακυῖα
2945 5664 3004 5719 Ρ.

3115 5664 3158 5696 ³⁷
3187 5661 3457 5716 δέστωινα.
3513 5659 3546 5731 ἡ

277 5728 535 5785 δέσποινα
561 5729 622 5782 Ρ.
699 5729 743 5760 ³⁸
773 5734 865 5785 καὶ
896 5728 1199 5788 κελεύσασα
1228 5733 1467 5803 Malalas,
1508 5754 1632 5809 pag.
1664 5736 1786 5803 354,
1816 5736 1902 5791 l8.
1941 5748 1985 5777 ³*
2010 5739 2060 5791 ὁ.
2097 5728 2255 5802 ωςἸῖ
