3856 6342
325 292 430 355 807

301 404 366 454 A.
398 402 463 456 C.

302 490 469 545 fuisse
490 505 502 541 :
520 484 663 539 unde
703 481 998 552 quotannis
1030 480 1339 535 celebratur
1354 479 1568 533 ‘litaniae

301 578 459 636 istius
481 574 739 631 memoria
764 589 864 643 pro
884 573 1169 627 clcmenns
1195 571 1286 625 Dei
1321 570 1567 624 bonitate

302 685 367 724 ac
392 666 651 738 patientia
689 664 745 718 in
785 663 1113 721 Triconcho.
1145 675 1210 735 ea
1260 676 1313 714 a.
1363 660 1418 714 d.
1468 671 1568 712 vut

305 761 431 814 ldus
472 757 824 812 Novembres.
876 755 935 808 In
982 753 1149 807 tantis
1196 753 1397 822 quippe
1438 760 1552 803 ter—

329 848 541 904 roribus
575 845 848 900 neminem
880 840 1036 895 morti
1065 839 1235 894 dedit.

802 932 924 989 CCC
936 931 1027 985 VII
1038 929 1067 984 Ι
1094 929 1392 1001 Olympias.

375 1026 499 1080 H8.
561 1041 646 1079 XL.
702 1022 823 1078 lnd.
880 1037 919 1075 ι.
974 1018 1199 1073 Zenone
1249 1017 1569 1073 etPostbn-

306 1118 488 1170 miano
501 1130 643 1170 coss.
1638 1106 1693 1161 ι.

375 1207 497 1262 M9.
531 1222 640 1260 xu.
670 1204 787 1257 lnd.
815 1220 874 1257 ιι.
912 1203 1216 1275 Protogene
1273 1210 1329 1255 et
1353 1200 1569 1255 Asterio

308 1313 453 1351 €088.

376 1387 475 1441 His
498 1401 639 1440 coss.
683 1391 896 1438 mortua
930 1391 1014 1437 est
1066 1380 1273 1435 Marina
1328 1380 1570 1449 Augusta

308 1474 673 1530 Valentiniani
733 1472 962 1542 Augusti
1012 1486 1167 1535 uxor,
1217 1484 1406 1523 mense
1438 1468 1567 1532 Loo,

309 1583 372 1620 ex
415 1581 466 1619 a.
516 1564 570 1618 d.
605 1581 663 1617 ιιι
688 1563 873 1617 Nonas
902 1563 1152 1632 Augusti.
1597 1627 1611 1639 .

380 1655 503 1709 450.
530 1671 664 1708 XLII.
699 1652 819 1707 Ind.
844 1669 907 1707 ιι.
953 1649 1336 1706 Valentiniano
1387 1648 1572 1719 Augu-

310 1754 395 1802 sto
426 1745 512 1799 Vll
537 1755 592 1799 et
613 1743 809 1797 Albino
837 1757 982 1798 coss.

381 1835 477 1888 llis
508 1849 652 1888 coss.
675 1832 877 1902 Ephesi
924 1829 1160 1902 synodus
1191 1828 1357 1883 altera
1384 1837 1503 1881 aeta
1529 1834 1634 1888 est,
1690 1826 1745 1879 in
1781 1840 1885 1893 qua

313 1924 550 1980 damnati
575 1931 702 1977 sunt
726 1939 754 1976 a
774 1922 1031 1976 Dioscoro
1060 1918 1403 1974 Alexandria:
1431 1917 1689 1987 episcopo
1720 1916 1887 1969 Dom-

313 2031 417 2068 nus
447 2014 735 2083 episcopus
756 2011 1076 2071 Antiochiae.
1109 2009 1400 2064 Flavianus
1429 2008 1720 2077 episcopus
1754 2007 1892 2059 Con-

313 2104 785 2172 stantinopoleos,
838 2101 984 2166 Ibas,
1041 2099 1438 2161 Theodoretus,
1493 2095 1693 2163 aliique
1742 2109 1891 2147 com-

314 2197 512 2266 plures.

381 2284 782 2355 lmperantibus
834 2279 1143 2336 Theodosio
1197 2287 1253 2333 et
1296 2276 1678 2331 Valentiniano
1709 2274 1891 2345 Augu-

315 2375 436 2442 stis,
473 2374 870 2444 expeditionem
900 2371 1070 2426 movit
1091 2370 1352 2424 adversus
1382 2367 1608 2422 Romam
1656 2376 1712 2420 et
1744 2366 1892 2419 Con-

317 2465 721 2536 stantinopolim
752 2465 965 2527 Attilas,
994 2478 1060 2517 ex
1086 2461 1309 2530 Gepidis
1339 2458 1549 2512 llunnis
1579 2465 1749 2519 ortus,
1786 2470 1892 2509 una

320 2571 438 2610 cum
461 2556 671 2610 inﬁnita
695 2554 975 2623 copiarum
1014 2551 1382 2613 multitudine,
1418 2550 1642 2617 brecque
1691 2545 1893 2599 Valen-

318 2647 529 2701 tiniano
580 2646 673 2716 qui
726 2645 912 2700 Romae
959 2643 1281 2712 imperabat,
1320 2657 1420 2711 per
1444 2638 1733 2708 quemdam
1761 2637 1896 2691 Got-

318 2734 473 2788 thum
530 2748 690 2788 suum
737 2732 976 2801 legatum
1027 2731 1418 2785 denuntiavit:
1458 2748 1476 2778 ι
1532 2728 1768 2797 Imperat
1801 2741 1896 2795 per

318 2839 404 2877 me
442 2822 696 2877 dominus
724 2835 879 2875 meus
906 2829 963 2874 et
1014 2818 1267 2874 dominus
1295 2830 1421 2872 tuus
1448 2816 1661 2879 Attilas,
1695 2814 1772 2869 uti
1794 2814 1896 2868 sibi

318 2913 575 2983 palatium
608 2912 866 2966 instruas.
899 2928 917 2960 ι
954 2908 1075 2962 Pari
1101 2923 1319 2979 quoque
1361 2907 1544 2970 modo,
1579 2905 1892 2959 Theodosio

319 3004 630 3073 imperatori
689 3018 787 3072 per
834 3002 1122 3071 quemdam
1163 2999 1327 3054 alium
1355 2998 1615 3053 Gottlium
1662 2997 1897 3066 legatum

1498 267 1929 329 CIIRONICON
1961 267 2363 326 PASCHALE.

1612 382 1715 455 [OL
1750 380 1891 452 Iph.)
1924 385 1964 436 A

3462 276 3591 340 808

1988 464 2088 532 τῆς
2119 462 2212 515 τοῦ
2248 460 2628 530 φιλανθρώπου
2659 463 2795 516 Θεοῦ
2831 463 3214 534 μακροθυμίας
3244 467 3299 518 ἐν
3328 465 3406 538 τερ
3436 468 3583 534 Τρε-

1989 554 2171 624 κόγχῳ
2217 554 2328 624 (92)
2384 555 2488 623 πρὸ
2511 560 2561 623 η’
2601 553 2748 607 Ἰδών
2779 556 2822 587 ⁸⁷
2860 555 3204 627 Νοεμϐρίων.
3247 559 3337 612 Ἐν
3364 558 3478 630 γὰρ
3504 561 3582 633 tﬁ

1987 647 2222 716 τοσαύτῃ
2255 644 2452 714 ἀπειλῇ
2483 645 2583 699 οὐκ
2607 644 2948 700 ἐθανάτωσεν
2980 664 3132 710 τινας
3163 648 3230 680 ⁸⁷⁸

2547 922 2628 984 ti’
2683 922 3037 991 Ὀλυμπιάς.

2076 1010 2200 1063 Ἰνδ.
2249 1008 2319 1065 α’.
2357 1017 2429 1080 μ’.
2472 1011 2568 1064 ὑπ.
2609 1012 2857 1080 Ζήνωνος
2883 1012 2975 1065 καὶ
3002 1010 3409 1081 Ποστουμιανοῦ
3432 1011 3573 1082 (93).

2073 1179 2192 1234 Ἰνδ.
2222 1179 2288 1249 β’.
2322 1180 2432 1251 μα’.
2464 1182 2555 1235 ὑπ.
2590 1182 2977 1251 Πρωτογένους
3001 1184 3092 1237 καὶ
3115 1183 3398 1255 Ἀστερίου
3428 1184 3579 1255 (94).

2077 1355 2201 1406 Ἐπὶ
2224 1352 2429 1406 τούτων
2454 1353 2563 1406 τῶν
2600 1355 2824 1408 ὑπάτων
2843 1356 3192 1426 ὲτελεὺτησεν
3214 1358 3435 1430 Μαρῖνα
3457 1360 3579 1430 (93)

1988 1443 2288 1513 Αὐγουστα,
2347 1445 2485 1514 γυνὴ
2546 1446 2992 1500 Οὐαλεντινιανοῦ
3039 1449 3379 1516 Αὐγούστου,
3438 1455 3581 1523 μηνὶ

1987 1534 2125 1604 Λώῳ
2159 1535 2265 1606 πρὸ
2290 1534 2341 1602 γ’
2408 1536 2613 1588 Νωνῶν
2638 1536 2970 1602 Αὐγούστου.

2073 1626 2193 1680 Ἰνδ.
2234 1626 2304 1694 γ’.
2348 1625 2455 1696 μβ’.
2488 1628 2581 1681 ὑπ.
2616 1628 3058 1684 Οὐαλεντινιανοῢ
3086 1630 3401 1700 Αὐγούστου
3432 1635 3499 1688 τὸ
3526 1632 3578 1699 ζ’

1652 1736 1703 1791 1,
1723 1735 1848 1790 507,
1920 1766 1961 1822 Β
1989 1719 2372 1822 καὶᾋὸιήνου
2390 1717 2523 1822 ’(9ίξ)
2551 1719 2617 1822 δῖ,

2058 1809 2279 1872 Τούτοις
2329 1813 2441 1873 τοῖς
2483 1810 2769 1883 ὑπάτοεςή
2823 1814 2881 1866 ἐν
2912 1814 3122 1886 Ἐφέσῳ
3164 1816 3391 1887 δευτέρα
3440 1819 3577 1872 σύν-

1993 1900 2109 1962 οδος
2145 1902 2256 1968 (97)
2290 1902 2528 1967 ἐγένετο,
2571 1903 2666 1955 καὶ
2697 1902 3079 1974 καθῃρέθησαν
3134 1908 3239 1960 ὑπὸ
3279 1911 3579 1981 Διοσκόρου

1989 1990 2289 2043 ἐπισκόπου
2327 1990 2735 2062 ’Δλεξανδρείας
2777 1995 2981 2064 Δόμνος
3028 1998 3327 2063 ἐπίσκοπος
3372 2001 3580 2055 Ἀντιοο

1990 2079 2162 2147 χείας,
2183 2079 2276 2131 καὶ
2297 2078 2596 2141 Φλαϐιανδς
2622 2080 3257 2148 Κωνσταντινουπόλεως,
3290 2088 3385 2139 καὶ
3402 2087 3575 2152 Ἰσας,

1991 2167 2085 2219 καὶ
2132 2167 2500 2239 Θεοδώρητος,
2559 2171 2654 2222 καὶ
2688 2171 2838 2224 ἄλλοι
2872 2173 3137 2237 πλείονες.

2087 2258 2213 2310 Ἐπὶ
2243 2258 2343 2327 τῆς
2378 2259 2652 2327 βασιλείας
2679 2262 2959 2316 Θεοδοσίου
2993 2267 3086 2318 καὶ
3120 2267 3573 2323 Οὐαλεντινιανοῦ

1993 2349 2321 2417 Δὺγούστων
2377 2353 2990 2422 ὲπεστράτευσεν“κατὰ
3024 2357 3242 2429 Ῥώμης
3282 2361 3376 2412 καὶ
3413 2363 3575 2416 Κων-

1996 2441 2487 2505 σταντινουπόλεως
2518 2442 2765 2509 Ἀττίλας
2793 2448 2821 2498 ὁ
2841 2447 2904 2500 ἐκ
2929 2447 3024 2501 τοῦ
3045 2451 3235 2517 γένους
3264 2450 3371 2506 τῶν
3393 2452 3575 2522 Γηπέ-

1993 2528 2100 2581 δων
2126 2530 2172 2562 ⁸⁹
2206 2529 2440 2594 Οὖννων,
2471 2531 2609 2602 ἔχων
2652 2535 2854 2604 πλῆθος
2886 2539 3159 2607 μυριάδων
3194 2540 3427 2596 πολλῶν.
3460 2544 3576 2597 Καὶ

1997 2620 2265 2690 ἐδήλωσεν
2306 2621 2396 2675 διὰ
2436 2623 2632 2677 Γότθου
2671 2627 2867 2699 Μἑνὸς
2893 2631 2935 2661 ⁹¹
2970 2630 3303 2701 πρεσϐευτοῦ
3337 2634 3578 2687 Οὐαλεν-

2001 2710 2225 2781 τινιανῷ
2267 2711 2477 2782 βασιλεῖ
2520 2715 2741 2785 Ῥώμης
2770 2734 2783 2747 -
2835 2735 2855 2767 α
2900 2719 3182 2773 Ἐκέλευσέ
3211 2739 3291 2775 σοι
3321 2722 3387 2775 δι’
3436 2724 3576 2794 ἐμοῦ

1996 2802 2026 2852 ὁ
2065 2802 2330 2872 δεσπότης
2386 2819 2488 2873 μου
2535 2804 2630 2857 καὶ
2672 2806 2937 2879 δεσπότης
2975 2828 3067 2864 σου
3096 2813 3342 2877 ’Δττίλας
3372 2815 3461 2868 ἴνα
3484 2818 3579 2869 εὑ·

1998 2895 2260 2967 τρεπίσης
2291 2895 2437 2964 αὑτῷ
2464 2895 2727 2962 παλάτιον
2747 2901 2814 2953 θ’.
2850 2920 2868 2952 ι
2920 2902 3152 2973 Ὁμοίως
3172 2905 3230 2958 δὲ
3261 2908 3357 2959 καὶ
3381 2907 3577 2961 Θεοδο-

2002 2985 2101 3052 σίῳ
2136 2982 2346 3052 βασιλεῖ
2376 2982 2446 3035 τὰ
2493 2985 2632 3040 αὐτὰ
2680 2989 2738 3040 ἐν
2767 2989 3335 3047 Κωνσταντινουπόλει
3366 2996 3580 3066 ἐδήλω-

262 3106 271 3115 ’
317 3095 514 3153 similia
540 3093 793 3148 mandata
816 3091 1139 3147 transmisit.
1170 3088 1381 3154 Quibus
1422 3086 1641 3156 quidem
1673 3084 1893 3145 auditis.

2012 3090 2092 3127 τεν
2135 3075 2200 3127 δι’
2262 3073 2381 3138 ἑνὸς
2422 3076 2621 3133 Γότθου
2664 3080 2713 3111 ⁸³
2748 3082 3103 3152 πρεσϐευτοῦ.
3153 3088 3261 3140 Καὶ
3320 3090 3580 3159 ἀκηκοὼς

318 3185 505 3240 Aetius
534 3185 745 3255 primus
800 3183 985 3237 Romae
1033 3187 1272 3242 senator,
1333 3191 1456 3232 cum
1499 3173 1895 3229 intolerandam

317 3276 599 3332 audaciam
649 3273 782 3328 fatui
812 3287 877 3327 ac
930 3272 1099 3341 inepti
1158 3267 1399 3323 mandati
1435 3265 1613 3319 Attilae
1650 3263 1898 3332 accepis-

317 3376 420 3430 set,
454 3366 733 3437 prol‘ectus
763 3364 925 3419 estin
950 3363 1152 3419 Gallias
1182 3361 1249 3415 ad
1284 3358 1643 3421 Allarichum,
1696 3355 1903 3410 Roma-

319 3472 514 3510 norum
548 3457 763 3509 hostem
787 3463 1009 3524 propter
1038 3451 1362 3511 Honorium,
1406 3449 1666 3517 illumque
1707 3445 1762 3499 in
1806 3445 1903 3498 At-

320 3548 467 3600 tilam
520 3546 757 3615 impulit,
813 3554 876 3599 ut
933 3544 1025 3614 qui
1087 3541 1318 3595 Romani
1382 3538 1595 3609 imperii
1638 3536 1899 3607 plurimas

317 3635 602 3689 evertisset
638 3634 905 3687 civitates.
972 3631 1071 3697 llli,
1101 3645 1131 3684 e
1162 3629 1387 3698 vestigio
1440 3626 1798 3697 impressione
1841 3625 1899 3679 in

320 3726 467 3779 illum
498 3724 658 3787 facta,
689 3738 814 3778 cum
836 3723 881 3776 is
899 3722 966 3776 ad
1002 3721 1309 3774 Danubium
1342 3719 1567 3773 ﬂuvium
1593 3725 1770 3771 castra
1796 3732 1897 3786 po-

319 3815 754 3883 suissettmulta
806 3813 974 3867 millia
1020 3812 1088 3867 de
1136 3811 1254 3880 ejus
1278 3810 1519 3865 exercitu
1560 3808 1893 3863 ceciderunt.

320 3909 465 3963 later
504 3906 854 3978 pugnandum
888 3918 1016 3959 vero
1046 3901 1355 3956 Allarichus
1406 3898 1598 3968 sagitta
1638 3897 1778 3951 ictus
1808 3897 1894 3950 in-

321 4000 466 4054 teriit
485 4017 498 4054 :
516 3999 765 4055 similiter
781 4005 837 4051 et
862 3995 1074 4061 Attilas,
1097 3992 1364 4062 sanguine
1386 4006 1451 4045 ex
1472 3989 1696 4043 naribus
1711 4003 1896 4044 erum-

319 4099 480 4158 pente
504 4090 804 4144 exstinctus
830 4095 934 4151 est,
967 4086 1097 4142 dum
1119 4099 1242 4140 cum
1283 4082 1477 4137 llunna
1511 4080 1702 4151 pellice
1728 4087 1898 4135 noctu

2006 3165 2213 3229 Ἀἐτιος
2244 3167 2272 3221 ὀ
2317 3166 2531 3238 πρῶτος
2571 3171 2929 3241 συγκλητικὸς
2986 3174 3203 3248 Ῥώμης
3250 3182 3350 3245 τὴν
3400 3182 3577 3251 ὑπερ-

1998 3259 2297 3313 ϐάλλουσαν
2337 3260 2541 3329 τόλμαν
2571 3263 2669 3332 τῆς
2698 3263 3135 3338 ἁπονενοημένης
3161 3271 3325 3340 318
3347 3273 3580 3344 ἁποκρί·

1999 3366 2134 3411 σεως
2181 3350 2420 3416 Ἀττίλα,
2466 3351 2679 3420 ἀπῆλθε
2710 3355 2846 3425 πρὸς
2876 3356 3191 3429 Ἀλλάριχον
3226 3361 3336 3427 (98)
3369 3364 3454 3426 εἰς
3476 3367 3581 3427 τὰς

2000 3439 2228 3503 Γαλλίας
2272 3441 2319 3473 ³⁸
2368 3440 2501 3511 (99),
2556 3442 2683 3496 ὄντα
2708 3445 2899 3517 ἐχθρὸν
2934 3448 3152 3518 Ῥώμης
3172 3450 3260 3503 διὰ
3295 3452 3579 3523 Ὀνώριον,

2005 3530 2100 3584 καὶ
2135 3531 2510 3602 προετρέψατο
2553 3532 2714 3585 αὑτὸν
2745 3536 2860 3605 ἅμα
2893 3537 2941 3569 ⁸⁸
2983 3538 3131 3608 αὐτῷ
3159 3540 3300 3593 κατὰ
3335 3541 3576 3607 Ἄτται,

2004 3622 2193 3691 ἐπειδὴ
2241 3621 2521 3675 ἀπώλεσεν
2572 3624 2753 3685 πόλεις
2796 3626 2998 3691 πολλὰς
3045 3628 3144 3698 τῆς
3190 3629 3427 3700 Ῥώμης.
3464 3634 3579 3686 Καὶ

2003 3714 2261 3784 ἐξαίφνης
2303 3716 2687 3787 ἐπιρρίψαντες
2738 3720 2904 3789 αὐτῷ,
2931 3722 3005 3786 ὡς
3039 3722 3184 3775 ἐστιν
3217 3724 3577 3796 ὴπληκευμέο

2001 3820 2088 3867 νος
2123 3803 2168 3836 ⁸³
2208 3804 2433 3875 πλησίον
2477 3806 2571 3860 τοῦ
2596 3810 2888 3863 Λανουϐίου
2939 3814 3207 3883 ποταμοῦ,
3245 3815 3449 3885 ἔκοψαν
3474 3819 3578 3871 αὑ-

2001 3895 2095 3947 τοῦ
2136 3895 2358 3965 χιλὰδας
2405 3897 2604 3961 πολλάς
2633 3914 2648 3930 ·
2679 3901 2759 3960 ei;
2796 3900 2854 3953 δὲ
2887 3903 2986 3971 τὴν
3018 3906 3290 3976 συμϐολὴν
3322 3910 3350 3960 ὁ
3377 3907 3576 3963 Ἀλλάο

2007 4001 2152 4054 ριχος
2194 3985 2407 4056 πληγὴν
2453 3985 2630 4038 λαϐὼν
2669 3988 2778 4041 ἀπὸ
2812 3992 3072 4057 σαγίττας
3100 3995 3346 4066 τελευτᾷ.
3382 3997 3580 4050 Ὡσαὺ-

2000 4094 2109 4141 τως
2152 4076 2209 4130 δὲ
2255 4079 2348 4130 καὶ
2377 4078 2423 4109 ⁸⁸
2470 4080 2498 4131 ὁ
2524 4078 2775 4144 Ἀττιλας
2815 4082 3042 4155 τελευτᾷ
3081 4089 3369 4159 καταφορᾷ
3406 4089 3579 4158 αῐμα-

1674 4264 2017 4336 DUCANGII)
2044 4263 2275 4321 noua.

386 4425 496 4497 (9'2)
541 4424 848 4497 Τρικόγχῳ.
909 4424 1358 4497 Constantinopol.
1420 4423 1612 4479 Christ.
1668 4424 1763 4479 lib.
1809 4440 1883 4490 ιι,
1918 4428 1963 4482 D
1992 4422 2165 4497 Vatic.
2217 4421 2473 4497 Scaligeri
2515 4425 2647 4479 edit.
2688 4433 2759 4497 et
2791 4423 2938 4480 Fasti
2985 4425 3266 4497 Vossiani,
3295 4425 3569 4497 ’Λϐιηνοί,

314 4494 447 4554 seet.
472 4494 526 4560 4,
558 4512 612 4550 n.
646 4496 741 4559 ll;
776 4496 868 4548 lib.
897 4510 969 4557 ιν,
1005 4505 1138 4549 seet.
1163 4497 1214 4556 7,
1246 4494 1301 4547 ιι.
1331 4494 1381 4548 1.

389 4567 499 4635 (95)
540 4564 1012 4632 Ποστουμιανού.
1046 4562 1210 4635 Hanc
1254 4578 1439 4618 vocem
1487 4561 1630 4616 delet
1674 4561 1891 4617 Holste-

316 4633 457 4694 nius.
484 4633 650 4705 quain
682 4635 884 4688 habent
912 4633 1078 4705 Fasti.

1994 4494 2206 4566 Abicite.
2245 4494 2629 4566 Marcellinus:
2669 4495 2882 4555 Avieno.
2924 4497 3170 4566 Prosper.
3212 4494 3450 4561 ldatius,
3477 4499 3573 4551 Vi-

1989 4563 2193 4621 ctorius
2216 4572 2271 4617 et
2306 4563 2536 4618 Senator
2571 4566 2795 4621 habent.
2822 4566 2955 4619 Vide
2979 4563 3325 4620 Sir'mondum
3364 4568 3430 4620 ad
3462 4567 3573 4620 En-

1989 4633 2132 4704 nodii
2164 4633 2257 4704 lib.
2300 4649 2350 4697 ι,
2387 4635 2547 4704 epist.
2596 4635 2631 4688 5
2678 4642 2735 4689 et
2779 4635 2879 4699 12,
2911 4646 2968 4690 et
3008 4637 3075 4690 ad
3128 4636 3338 4689 Sidonii
3384 4637 3479 4689 lib.
3520 4655 3572 4703 ι,

387 4699 866 4776 (94)”Αο’τεριου.
918 4704 997 4758 lla
1039 4701 1307 4776 Victorius
1351 4710 1405 4756 et
1453 4699 1893 4776 Senator.___l"‘asti
1988 4703 2231 4776 epist:_9.

316 4770 583 4845 VoSsiani,
607 4772 970 4845 ’ᾼστοριῳλει
995 4773 1225 4845 Asturii),
1253 4772 1501 4841 Prosper.
1533 4770 1889 4833 Marcellinus,

2061 4771 2173 4840 (97)
2211 4772 2463 4840 Δευτέρα
2512 4772 2792 4838 σύνοδος.
2826 4773 2979 4828 Hanc
3018 4775 3071 4828 in
3123 4790 3327 4829 annum
3376 4790 3575 4831 cum:

316 4844 515 4899 ldatius
549 4846 601 4898 in
636 4842 781 4914 Fasti
808 4842 869 4914 et
896 4843 947 4914 in
985 4842 1255 4914 Chronico
1282 4857 1370 4895 an.
1400 4855 1535 4914 xvii,
1559 4857 1652 4914 xix
1680 4850 1735 4914 et
1767 4857 1891 4914 xxvi
1990 4842 2244 4914 rejiciunt
2287 4842 2630 4914 Marcellinus
2656 4851 2710 4895 et
2751 4843 3002 4914 Prosper,
3043 4844 3228 4900 Victor
3262 4860 3389 4899 vero
3420 4848 3575 4899 'l‘im-

316 4914 603 4969 Theodosii
632 4912 759 4967 Jun.
796 4913 915 4983 (ubi
967 4914 1089 4983 dum
1114 4912 1384 4983 utriusque
1424 4910 1626 4965 militia:
1660 4911 1894 4983 dicitur)

312 4991 370 5037 et
407 4983 586 5038 Victor
615 4981 1020 5037 Tunnunensis.
1052 4981 1184 5036 Vide
1227 4981 1573 5035 Sirmonduin
1606 4982 1673 5035 ad
1708 4981 1896 5035 Enno-

315 5052 464 5132 dium
509 5054 615 5132 ‘lib.
650 5069 697 5117 ι,
745 5053 904 5122 epist.
946 5054 1045 5115 24,
1083 5061 1137 5107 et
1179 5052 1245 5106 ad
1303 5051 1585 5106 Sidonium
1642 5051 1735 5106 lib.
1764 5068 1894 5115 Vlll,

315 5122 790 5262 OPZEl-iflilaplra.
836 5191 972 5247 Vide
1002 5191 1190 5262 Eamil.
1219 5189 1445 5262 Byzant.

393 5259 502 5332 (96)
541 5262 828 5315 Ἀλϐίνου.
875 5262 951 5316 Ita
1004 5261 1183 5316 Victor
1217 5259 1603 5335 Tunnunensis
1643 5277 1658 5315 :
1690 5267 1745 5314 at
1776 5259 1899 5316 cod.

1993 4912 2256 4967 nunensis
2285 4912 2341 4964 in
2370 4927 2572 4966 annum
2603 4927 2854 4967 cnxu'm.
2890 4912 2899 4914 ἡ
3191 4956 3197 4964 .

1997 5050 2028 5063 ν
2067 4980 2183 5063 (ῼβ)
2219 4981 2585 5063 ᾉλλᾴριζρινξ.
2616 4983 2691 5063 ρο
2718 4983 3053 5063 qnopassim
3079 4983 3393 5054 scriptores,
3429 4994 3486 5038 et
3509 5001 3574 5039 cx

1995 5050 2061 5105 iis
2092 5051 2330 5106 Catellus
2364 5053 2419 5106 in
2454 5049 2590 5107 Hist.
2614 5049 2932 5106 Orcitunira.

2072 5119 2181 5190 (99)
2222 5124 2325 5187 Εἰς
2364 5123 2469 5187 τὰς
2502 5122 2795 5186 Γαλλίας.
2831 5122 2963 5177 God.
3003 5122 3123 5176 Vat.
3169 5123 3261 5185 Εἰς
3288 5124 3387 5184 τὰς
3434 5124 3574 5175 Ta)-

1997 5189 2163 5264 λίους.
2199 5190 2317 5245 Mox
2355 5207 2371 5244 :
2407 5191 2780 5264 προετρέψατο
2813 5193 2929 5262 ἃμα
2970 5193 3117 5263 αὐτῴ
3149 5195 3289 5246 κατὰ
3317 5194 3570 5264 Ἀπήλα.

2000 5260 2212 5313 Radero
2243 5260 2515 5316 consentit
2552 5260 2808 5332 Scaliger.

1616 5432 1853 5488 VARle
1899 5433 2302 5490 LECTIUNES.

384 5571 429 5607 ⁸⁷
462 5596 582 5632 τινα
617 5575 675 5631 Ρ.

318 5640 365 5674 ’³
400 5649 651 5712 Fuit/109;
681 5643 743 5702 ν.
819 5647 865 5676 ’δ
894 5646 1053 5698 αὑτὸν
1082 5646 1196 5716 ἅμα
1252 5642 1366 5714 ἅμα
1399 5640 1560 5706 αὐτὸς
1595 5640 1651 5693 ιι.

780 5574 827 5607 ⁸⁸
857 5573 1099 5628 ’Δλῦίνου
1134 5572 1194 5627 Ρ.
1268 5574 1317 5643 ν
1343 5571 1626 5643 Γηπαίδων
1657 5569 1762 5624 [ιν.
1838 5572 1884 5604 ⁹⁰
1916 5570 2077 5624 Γόῦου
2111 5571 2172 5627 Β.
2250 5572 2295 5604 ⁹¹
2325 5571 2467 5636 τινὸς
2497 5572 2615 5635 sva;
2647 5572 2711 5627 Β.
2792 5577 2834 5607 ”
2869 5576 3126 5633 παλάτιον
3156 5578 3213 5641 P,
3241 5579 3482 5642 παλάτην
3509 5575 3571 5634 V,

1766 5642 1811 5673 ”
1840 5644 2325 5713 ἡπληκευσὰμενος
2356 5643 2413 5697 Ρ.

2524 5643 2570 5675 ⁸⁸
2604 5649 2696 5697 καὶ
2730 5662 2837 5699 om.
2874 5647 2931 5700 P.
