3856 6342
456 339 564 399 863

1653 333 2089 393 CIIRONICON
2124 337 2528 400 PASCHALE.
3608 343 3689 404 εστι

458 461 579 500 rum
611 439 980 500 dominatione
1013 441 1297 496 exstiterit.
1327 462 1344 492 ι
1389 443 1468 496 Ad
1498 442 1612 496 lure
1641 443 1889 499 Justinus
1932 445 2036 498 itu-

2159 465 2235 500 τεν
2258 450 2406 520 αὐτῷ
2427 454 2456 504 ὁ
2487 451 2647 513 αὐτὸς
2671 449 2924 520 βασιλεὺς
2945 450 3231 512 Ἰουστῖνος
3251 448 3448 502 ταῦτα.
3484 474 3499 500 ι
3530 450 3690 520 'Hps't;

458 544 678 605 perator
711 532 990 602 respondit
1021 549 1033 584 :
1069 559 1086 582 I
1119 531 1398 585 Neminem
1435 548 1499 585 ex
1529 532 1593 586 iis
1614 533 1704 601 qui
1745 550 1910 602 regno
1949 544 2040 588 tuo

459 627 690 696 subjecti
723 633 888 686 sunt,
931 623 1014 677 vel
1051 625 1398 692 excepimus,
1437 625 1519 678 vel
1572 625 1905 679 accivimus:
1944 626 2038 680 sed

460 731 586 769 cum
629 715 880 784 quidam,
918 713 1178 767 Tzatbins
1234 714 1485 777 nomine,
1520 713 1574 766 in
1625 721 1796 768 terras
1826 723 2041 768 nostras

460 805 734 868 venisset,
770 804 1000 874 pedibus
1031 803 1230 857 nostris
1259 805 1546 858 advolutus
1566 846 1578 867 ,
1615 804 1774 859 enixe
1820 820 1919 858 nos
1947 805 2039 858 de-

463 904 717 966 precatus
750 903 834 948 est
857 934 869 956 ,
899 894 975 947 uti
1025 894 1093 948 ab
1121 893 1334 963 impura
1364 895 1594 964 quadam
1627 904 1681 948 et
1712 910 1920 965 pagana
1955 911 2041 948 re—

463 987 692 1056 ligione,
742 984 1031 1054 impiisque
1081 985 1285 1050 sacris,
1327 993 1382 1039 et
1427 985 1689 1040 malorum
1733 987 2038 1040 daemonum

463 1077 758 1148 praastigiis
826 1076 1161 1145 expiaretur,
1214 1091 1277 1130 ac
1323 1077 1597 1131 Christum
1647 1076 1888 1146 proﬁteri
1937 1077 2038 1131 sibi

465 1170 688 1233 liceret,
723 1169 914 1223 :eterni
965 1184 1028 1226 ac
1057 1169 1293 1223 cmlestis
1339 1169 1471 1231 Dei,
1507 1179 1562 1224 et
1595 1169 1890 1224 conditoris
1921 1169 2041 1222 uni-

465 1261 610 1314 versi
641 1261 897 1314 virtutem
940 1269 995 1314 et
1038 1261 1376 1330 maiestatem
1412 1261 1745 1323 obtestatus,
1785 1260 1928 1312 hunc
1974 1260 2040 1314 ad

465 1353 746 1406 meliorem
782 1351 1099 1422 religionem
1149 1351 1378 1406 transire
1423 1351 1726 1414 volentem,
1764 1358 1824 1404 ut
1853 1366 2040 1406 verum

473 1442 648 1495 Deum
732 1452 1056 1512 agnosceret
1105 1441 1368 1511 impedire
1417 1457 1528 1496 non
1589 1441 1834 1496 decebat.
1889 1441 2044 1498 Unde

433 1595 436 1598 ,
467 1533 796 1587 Christianis
829 1532 998 1586 sacris
1048 1532 1320 1586 initiatum
1343 1573 1357 1597 ,
1387 1531 1806 1600 caelestibusque
1841 1539 2043 1602 myste-

467 1623 562 1676 riis
612 1623 931 1694 diguatum,
986 1623 1042 1676 in
1093 1639 1245 1678 suam
1318 1623 1592 1694 regionem
1646 1623 1973 1678 remisimus.
2019 1642 2038 1675 ι

2143 557 2263 594 τινα
2311 541 2420 594 τῶν
2464 543 2837 613 ὑποκειμένων
2871 545 2937 613 τῇ
2979 544 3046 612 σῇ
3091 541 3335 612 βασιλείᾳ
3379 539 3498 593 οὔτε
3549 561 3688 611 προσ-

2143 633 2448 702 ελασὸμεθα
2471 632 2594 686 οὔτε
2623 633 3057 704 προετρέψαμεν,
3074 633 3188 686 ἀλλ’
3209 631 3378 684 ἐλθών
3403 649 3483 694 τις
3498 633 3686 700 ὀνόματι

2142 721 2372 786 Τξάθιος
2394 724 2472 785 είς
2503 723 2572 776 τὰ
2599 723 2842 794 ἡμέτερα
2869 722 3117 792 βασίλεια
3144 722 3339 792 ἐδεήθη
3367 721 3686 793 προσπίπτων

2141 808 2274 880 ἡμῖν
2329 810 2594 882 ρυσθῆναι
2649 809 2894 880 μυσαροῦ
2929 828 3073 874 τινος
3122 811 3215 863 καὶ
3256 809 3565 880 Ἐλληνικώ
3592 810 3686 875 δότ,

2145 915 2316 970 ματος
2350 902 2442 953 καὶ
2475 901 2689 954 ἀσεϐῶν
2716 899 2920 953 θυσιῶν
2949 901 3044 954 καὶ
3079 901 3288 970 πλάνης
3316 900 3577 969 δαιμόνων
3599 901 3687 952 tiri-Z-

2144 1007 2274 1052 κων,
2313 991 2405 1042 καὶ
2443 991 2767 1059 Χριστιανὸς
2819 991 3073 1053 γενέσθαι
3111 987 3436 1057 ἀξιούμενος
3479 991 3571 1058 τῆς
3616 991 3686 1042 δυ-

2155 1081 2374 1150 νάμεως
2416 1081 2508 1134 τοῦ
2559 1082 2781 1135 αἰωνίου
2818 1083 2914 1134 καὶ
2973 1081 3298 1150 ἐπουρανίου
3344 1081 3478 1133 Θεοῦ
3507 1082 3589 1132 καὶ
3614 1081 3686 1148 δῃ-

2146 1171 2409 1240 μιουργοῦ
2444 1171 2551 1223 τῶν
2578 1171 2856 1234 ἁπάντων,
2889 1173 2979 1224 καὶ
3011 1170 3252 1224 κωλῦσαι
3281 1172 3373 1223 τὸν
3402 1170 3686 1240 βουλόμενον

2143 1263 2225 1324 εἰς
2270 1261 2330 1312 τὸ
2361 1260 2570 1330 βέλτιον
2607 1261 2782 1314 ἐλθεῖν
2815 1263 2913 1314 καὶ
2941 1261 3146 1329 γνῶναι
3177 1259 3312 1313 Θεὸν
3341 1259 3583 1331 ἀληθινὸν
3606 1261 3687 1312 οὐκ

2145 1351 2436 1420 ἐνεδέχετο.
2481 1349 2643 1405 Ὅθεν
2714 1351 3040 1422 Χριστιανὸν
3077 1351 3241 1404 αὑτὸν
3292 1353 3574 1424 γενόμενον
3614 1353 3688 1404 καὶ

2143 1443 2442 1507 ἀξιωθέντα
2475 1443 2581 1497 τῶν
2635 1445 2973 1514 ἐπουρανίων
3009 1444 3325 1514 μυστηρίων
3357 1447 3437 1508 εἰς
3458 1445 3550 1514 τὴν
3579 1444 3689 1497 ἰδίαν

2144 1535 2493 1604 ἀπελύσαμεν
2523 1533 2727 1605 χώραν.
2770 1554 2787 1586 ι
2823 1535 2930 1588 Καὶ
2969 1535 3186 1602 ἐγένετο
3217 1535 3401 1590 λοιπὸν
3431 1535 3589 1606 ἔχθρα
3613 1552 3689 1604 με·

2146 1623 2279 1690 ταξὺ
2331 1625 2621 1694 Ῥωμαίων
2680 1629 2774 1679 καὶ
2805 1624 3050 1695 Περσῶν.
3085 1627 3195 1677 Καὶ
3227 1626 3525 1694 προέτρεψε
3555 1625 3691 1677 Κωάρ

468 1713 610 1769 llinc
641 1714 938 1769 inimicitia:
989 1713 1247 1783 deinceps
1274 1713 1415 1768 inter
1459 1713 1736 1770 Romanos
1765 1723 1821 1770 et
1854 1714 2045 1770 Persas

2159 1714 2242 1784 5ης
2277 1713 2530 1783 βασιλεὺς
2560 1713 2786 1782 Περσῶν
2813 1713 2892 1782 τῷ
2920 1712 3063 1776 αὐτῷ
3089 1713 3264 1783 χρόνῳ
3287 1714 3428 1784 ρῆγα
3450 1712 3552 1766 τῶν
3579 1712 3692 1764 Οὕν-

469 1803 852 1858 intercessere.
895 1802 1098 1857 Eodem
1131 1802 1294 1873 igitur
1325 1817 1503 1868 anno,
1534 1801 1742 1858 Coades
1773 1818 1867 1858 rex
1913 1802 2046 1858 Per-

2277 1776 2527 1874 ’ὀνόματι
2581 1776 2768 1872 Ζίλγϐι
2801 1776 2933 1874 (ἳέ).
2981 1776 3210 1873 Περῖῠοῦ
3236 1776 3476 1865 dicati-aa;
3504 1805 3530 1856 ὁ
3557 1803 3693 1864 αὐτὸς

470 1905 654 1948 sarum
690 1891 1012 1950 Hunnorum
1051 1909 1266 1966 regem,
1300 1893 1470 1964 Zilgbi
1501 1893 1754 1959 nomine,
1789 1894 2048 1950 adversus

471 1985 742 2040 Rmuanos
772 1985 1078 2040 concitavit.
1115 1984 1270 2050 Quod
1304 1997 1428 2038 cum
1473 1983 1730 2038 rescisset
1760 1982 2006 2038 Justinus
2030 2026 2044 2050 ,

469 2083 531 2128 ut
563 2076 653 2144 qui
689 2077 804 2146 ipse
836 2077 904 2131 ad
943 2077 1312 2130 Romanorum
1360 2074 1621 2130 auxilium
1644 2117 1658 2141 ,
1692 2074 1875 2129 missis
1907 2075 2050 2129 mul-

474 2161 542 2214 tis
614 2163 934 2217 muneribus
1001 2162 1151 2216 illum
1214 2162 1365 2232 prius
1433 2162 1716 2224 invitarat,
1767 2162 2050 2233 fmdusque

469 2253 827 2322 iurejurando
857 2270 982 2311 cum
1015 2270 1081 2310 eo
1128 2254 1403 2321 ﬁrmarat,
1441 2270 1552 2309 non
1604 2255 1817 2311 modico
1855 2256 2051 2312 dolore

469 2345 700 2400 all'ectus
730 2354 835 2400 est.

541 2459 774 2514 Hunnus
826 2475 989 2530 porro
1037 2458 1273 2515 aPersis
1324 2459 1592 2529 impulsus
1648 2458 1715 2513 ad
1762 2457 2053 2514 Persarum

470 2567 656 2623 regem
720 2553 958 2606 Coadcm
1010 2568 1134 2615 cum
1211 2568 1278 2605 xx
1344 2553 1575 2606 militum
1634 2551 1874 2606 millibus
1922 2568 2053 2622 pro-

472 2642 648 2698 l'eetus
681 2653 796 2709 est,
829 2644 1095 2697 adversus
1134 2642 1408 2697 Romanos
1442 2640 1642 2696 bellum
1673 2652 1943 2712 gesturus.

544 2817 1002 2887 Religiosissimus
1056 2827 1240 2871 autem
1297 2816 1583 2882 Justinus,
1618 2834 1741 2872 eum
1791 2819 2056 2874 benevola

475 2925 571 2963 sua
601 2908 954 2977 responsione
981 2949 996 2973 ,
1031 2909 1226 2964 Coadae
1279 2909 1566 2964 Persarum
1615 2911 1726 2981 regi
1774 2927 1872 2981 per
1918 2913 2058 2984 lega-

477 3009 612 3062 tunt,
647 3001 794 3054 velut
841 3000 1064 3055 alterius
1114 3001 1312 3071 negotii
1350 3001 1571 3054 nomine
1608 3002 1862 3068 missum,
1900 3002 2056 3074 Ziag-

2151 1893 2404 1963 βασιλεὺς
2456 1895 2741 1957 Ἰουστϊνος
2795 1893 2888 1946 καὶ
2931 1893 3006 1955 ὡς
3050 1890 3239 1962 πρώην
3272 1891 3435 1952 αὐτὸς
3462 1891 3612 1944 αὑτὸν
3640 1886 3694 1960 ἦν

2150 1984 2602 2056 προτρεψάμενος
2659 1985 2796 2055 πρὸς
2850 1983 3102 2054 βοήθειαν
3142 1983 3452 2053 Ῥωμαίων,
3502 1982 3694 2052 πέμψας

2151 2074 2301 2146 αὒτῷ
2334 2075 2486 2144 δῶρα
2540 2075 2713 2128 πολλά
2760 2076 2855 2129 καὶ
2897 2075 3146 2138 σύνταξιν
3187 2074 3371 2130 λαϐὼν
3411 2075 3524 2147 μεθ’
3546 2076 3695 2146 ὅρκων

2152 2166 2282 2238 παρ’
2317 2166 2360 2199 ⁸⁸
2388 2165 2574 2234 αὑτοῦ,
2615 2167 2860 2239 ἐλυπήθη
2902 2167 3125 2238 σφόδρα.

2237 2449 2295 2504 '0
2327 2449 2383 2504 δὲ
2418 2451 2462 2483 ⁸⁸
2494 2449 2656 2514 αὐτὸς
2686 2442 2885 2514 Οὗννος
2917 2449 3258 2522 προτραπεὶς
3287 2450 3439 2520 παρὰ
3469 2448 3572 2502 τῶν
3585 2447 3700 2517 Περ·

2157 2541 2266 2596 σῶν
2314 2541 2552 2611 ἀπῆλθεν
2595 2541 2732 2612 πρὸς
2779 2540 3012 2610 Κωάδην
3063 2541 3290 2610 βασιλέα
3343 2540 3562 2610 Περσῶν
3585 2537 3698 2591 κατὰ

2167 2633 2453 2705 Ῥωμαίων
2485 2632 2624 2704 μετά
2656 2633 2906 2704 χιλιάδων
2941 2632 3008 2700 κ’,
3044 2633 3273 2703 ὀφείλων
3317 2632 3598 2703 Ῥωμαίοις
3623 2648 3698 2684 πο-

2156 2727 2414 2797 λεμῆσαι.

2240 2817 2299 2870 Ὀ
2321 2816 2377 2870 δὲ
2399 2816 2673 2880 θειότατος
2704 2815 2989 2879 Ἰουστῖνος
3015 2816 3248 2886 ἐδήλωσε
3269 2817 3361 2870 διὰ
3394 2815 3698 2889 πρεσϐευτοῦ

2159 2907 2362 2980 Κωάδῃ
2387 2907 2466 2976 τῷ
2515 2907 2745 2976 Περσῶν
2769 2907 2980 2977 βασιλεῖ
3015 2907 3154 2976 μετὰ
3176 2908 3396 2977 φιλικῆς
3421 2907 3577 2961 αὑτοῦ
3597 2908 3704 2959 ἀπο-

2159 2999 2391 3072 κρίσεως
2407 2999 2484 3064 ὠς
2502 3001 2587 3054 ἐπ’
2606 3001 2751 3072 ἄλλῳ
2768 3001 2874 3054 τινλ⁵
2896 3001 3116 3070 γράψας
3133 3002 3230 3072 τὴν
3252 3002 3348 3054 τοῦ
3365 3001 3526 3055 αὐτοῦ
3545 3002 3704 3066 Τξίλγ-

473 3091 608 3145 biris
674 3090 995 3144 llunuorum
1066 3091 1208 3161 regis
1268 3091 1547 3160 perﬁdiam
1617 3108 1682 3147 ac
1750 3095 2048 3164 pcrjuriam

2159 3094 2306 3164 διρος
2358 3093 2404 3124 "°
2438 3092 2606 3163 ῥηγδς
2637 3092 2748 3146 τῶν
2795 3091 3013 3146 Οὖννων
3040 3092 3394 3163 παραὸασίαν
3435 3094 3525 3147 καὶ
3548 3094 3705 3162 ἐπιορ-

475 3182 799 3254 signiﬁcavit
832 3197 845 3234 :
879 3193 935 3236 et
979 3184 1124 3252 quod
1159 3183 1205 3237 is
1237 3200 1265 3237 a
1315 3183 1574 3238 Romanis
1627 3186 1913 3254 pecuniam
1963 3203 2058 3240 ac-

475 3275 748 3344 cepisset,
781 3290 890 3343 quo
921 3270 1144 3336 Persas,
1180 3274 1282 3328 sub
1311 3275 1479 3344 pra-lii
1515 3283 1729 3344 tempus
1760 3276 1814 3330 in
1856 3275 2058 3331 Roma-

475 3383 668 3421 norum
724 3376 905 3434 partes
949 3365 1310 3442 transeundo,
1367 3381 1491 3420 cum
1543 3365 1610 3420 iis
1663 3367 2042 3435 przeliaturus,

484 3457 743 3525 proderet
798 3474 810 3508 :
877 3474 895 3506 ι
953 3455 1064 3510 Nos
1114 3455 1374 3524 proinde,
1427 3470 1552 3509 cum
1615 3455 1810 3511 fratres
1856 3457 2056 3522 simus,

475 3549 634 3601 decet
665 3556 724 3601 ιιι
779 3546 1072 3600 amicitiam
1100 3546 1333 3600 invicem
1368 3546 1640 3612 colamus,
1672 3557 1728 3603 et
1777 3565 1807 3603 a
1835 3550 2060 3603 canibus

479 3639 602 3692 istis
651 3654 761 3690 non
811 3638 1082 3706 patiamur
1124 3637 1282 3691 nobis
1338 3637 1510 3692 illudi.
1562 3657 1580 3690 ι
1634 3639 1846 3706 Quibus
1900 3640 2059 3694 intel—

478 3725 666 3790 lectis,
705 3726 914 3780 Coades
944 3723 1232 3780 Persarum
1295 3744 1390 3781 rex
1434 3725 1647 3799 Zilgbin
1683 3739 2058 3801 percontatur,

481 3816 677 3886 hisque
733 3816 930 3870 all'atur
975 3818 1178 3872 verbis.
1222 3837 1240 3870 ι
1297 3818 1640 3889 Accepistine
1699 3821 1838 3874 dona
1871 3836 1900 3874 a
1951 3821 2060 3874 Ro-

481 3908 656 3963 manis
701 3918 888 3962 contra
951 3907 1144 3963 Persas
1199 3910 1568 3965 sollicitatus?
1625 3930 1643 3962 ι
1679 3911 1780 3966 Cui
1824 3909 2059 3984 Zilghis,

487 4019 504 4050 ι
545 3995 752 4066 Etiam,
798 4020 814 4051 ι
857 4001 1049 4071 inquit.
1087 4001 1224 4056 Tum
1255 4001 1464 4058 Coades
1501 4001 1673 4057 iratus
1706 4003 1860 4058 illum
1891 4004 2062 4058 inter-

483 4089 645 4152 fecit,
690 4090 1008 4159 multosque
1029 4106 1094 4145 ex
1128 4091 1346 4146 llunnis
1392 4092 1493 4147 sub
1547 4101 1760 4147 noctem
1803 4093 2060 4156 sustulit,

483 4179 687 4251 ingenti
733 4181 789 4236 in
827 4181 944 4235 illos
1000 4181 1245 4235 immissa
1297 4181 1528 4236 militum
1575 4184 1768 4253 copia,
1805 4184 2060 4255 ignoran-

483 4271 629 4324 tibus
659 4269 723 4323 iis
751 4269 1101 4332 aJ’ersarum
1147 4287 1271 4343 rege
1318 4282 1508 4327 contra
1556 4289 1616 4327 se
1660 4274 1891 4337 missos,
1939 4290 2063 4328 cum

483 4377 547 4416 ex
577 4361 694 4416 aliis
726 4361 1036 4433 regionibus
1073 4363 1390 4430 advenisse,
1429 4379 1596 4434 seque
1623 4379 1686 4420 ac
1739 4380 1931 4421 eorum
1978 4381 2064 4420 re-

2159 3181 2305 3245 κίαν,
2349 3181 2445 3235 καὶ
2494 3181 2575 3234 ὅτι
2609 3181 2765 3251 παρά
2799 3180 3090 3250 Ῥωμαίων
3141 3181 3442 3249 ἐκομίσατο
3477 3182 3707 3252 χρήματα

2159 3271 2300 3326 κατά
2326 3271 2572 3342 Περσῶν,
2587 3269 2816 3340 ὀφείλων
2833 3270 3031 3334 αὐτοὺς
3061 3270 3350 3340 προδοῦναι
3365 3273 3458 3325 καὶ
3475 3273 3547 3342 τῷ
3559 3269 3708 3340 καιρῷ

2159 3366 2257 3435 τῆς
2292 3364 2566 3435 συμῦολῆς
2599 3365 2680 3425 είς
2698 3363 2761 3416 τὺ
2789 3363 2956 3434 μέρος
2980 3363 3264 3432 Ῥωμαίων
3289 3365 3608 3433 συμμαχεῖν,
3632 3360 3709 3414 καὶ

2159 3456 2242 3508 ὅτι
2277 3473 2295 3506 ι
2329 3456 2422 3508 Δεῖ
2445 3455 2592 3525 ἡμᾶς
2613 3452 2874 3522 ἀδελφοὺς
2906 3451 3017 3522 (25)
3049 3453 3208 3518 ὄντας
3233 3455 3314 3517 είς
3349 3455 3530 3524 φιλίαν
3557 3454 3710 3506 λαλεῖν

2161 3548 2254 3602 καὶ
2303 3547 2376 3618 μὴ
2407 3547 2515 3601 ἀπὸ
2551 3546 2662 3599 τῶν
2717 3544 2895 3599 κυνῶν
2929 3546 2972 3576 ⁷¹
3019 3544 3134 3616 (26)
3168 3545 3375 3599 τούτων
3428 3546 3708 3611 παίζεσθαι.

2161 3639 2272 3692 Καὶ
2311 3637 2474 3706 γνοὺς
2506 3635 2679 3689 ταῦτα
2717 3635 2951 3704 Κωάδης
2982 3634 3236 3704 βασιλεὺς
3264 3635 3494 3705 Περσῶν
3522 3633 3710 3704 ἐπηρώ-

2161 3745 2325 3800 τησεν
2353 3726 2444 3780 τὸν
2475 3726 2716 3795 Ζίλγὸιν,
2744 3725 2980 3797 εἰρηκὼς
3010 3726 3179 3796 αὐτῷ,
3199 3727 3280 3778 ὅτι
3307 3743 3327 3775 ι
3359 3725 3518 3795 Δῶρα
3547 3723 3711 3784 ἔλαϐες

2163 3818 2316 3890 παρά
2357 3817 2643 3888 Ῥωμαίων
2688 3817 3028 3887 προτραπεὶς
3087 3816 3228 3870 κατά
3268 3817 3535 3887 Περσῶν;
3574 3835 3590 3865 ι
3622 3813 3710 3866 Καὶ

2163 3902 2315 3960 εἶπεν
2341 3908 2369 3961 ὁ
2402 3906 2645 3975 Ζίλγὸις,
2671 3906 2755 3959 ὅτι
2787 3923 2805 3956 ι
2844 3905 2971 3958 Ναί.
3007 3925 3025 3956 ι
3070 3906 3180 3958 Kal
3209 3905 3491 3974 ὀργισθεὶς
3517 3906 3544 3957 ὁ
3573 3901 3708 3954 1(ωά-

2163 3999 2259 4068 δης
2303 3998 2592 4068 ἐφόνευσεν
2651 3997 2832 4059 αὑτὸν,
2867 3995 2961 4048 καὶ
2993 3994 3218 4057 πολλοὺς
3248 3994 3341 4047 τοῦ
3375 3994 3533 4064 δχλου
3571 3989 3710 4045 αὐτοῦ

2164 4091 2357 4153 νυκτὸς
2404 4089 2632 4155 ἀνεῖλεν,
2689 4086 2909 4156 πέμψας
2935 4085 3056 4138 κατ’
3089 4085 3269 4138 αὐτῶν
3323 4085 3526 4158 πλῆθος
3578 4083 3711 4142 πολὺ,

2165 4179 2500 4248 ἀγνοούντων
2547 4178 2657 4230 τῶν
2691 4175 2910 4229 Οῦννων
2939 4175 3024 4228 ὅτι
3057 4175 3165 4228 ἀπὸ
3195 4175 3288 4227 τοῦ
3336 4175 3598 4244 βασιλέως
3625 4171 3714 4224 τῶν

2167 4270 2394 4342 Περσῶν
2431 4266 2686 4338 ἐπέμφθη
2747 4266 2869 4320 κατ’
2912 4265 3093 4318 αὐτῶν
3134 4265 3196 4317 τὸ
3232 4265 3460 4334 πλῆθος,
3507 4265 3613 4319 ἀλλ’
3653 4262 3715 4322 ὡς

2167 4362 2260 4415 ἀπ’
2312 4359 2478 4428 ἄλλης
2531 4355 2715 4426 χώρας
2761 4356 2945 4421 τινῶν,
3002 4357 3186 4426 φησὶν,
3242 4354 3573 4408 ἐπελθόντων
3623 4353 3714 4410 τοῖς

1758 4536 2082 4595 DUCANGII
2125 4533 2357 4593 NOTAE.

558 4691 670 4768 (ἓξ)
726 4692 951 4768 Ζίλγβξ.
999 4695 1178 4768 Etlitio
1240 4694 1556 4768 Scaligerj,_
1601 4695 1808 4768 ζιλγϐί.
1866 4694 2048 4768 Infra,

2163 4695 2476 4753 llolstenius
2498 4697 2810 4768 scripserat,
2843 4689 3256 4768 forte_0l'wvwv.
3429 4681 3581 4736 mihil
3614 4694 3721 4768 nut-

486 4763 805 4834 ζιάγὸιρος,
835 4764 926 4817 ubi
976 4766 1165 4818 eadem
1217 4763 1758 4834 ρόίῑίοὛζιὰγὸιρος
1787 4764 2005 4834 praefert
2033 4781 2046 4816 :

2151 4769 2376 4824 tandum
2415 4751 2666 4823 ξ’τῐόιυὶιί
2707 4751 2851 4821 enim
2887 4763 3122 4817 militare
3181 4753 3522 4824 convicium,
3569 4751 3719 4804 canis-

486 4823 806 4904 Theophani
863 4842 939 4904 et“
981 4835 1294 4902 Logotheta:
1353 4823 1602 4904 Ζιλὶἧὸης
1649 4823 1867 4890 dicitur.
1923 4833 2056 4899 Qua:
2154 4823 2443 4893 Terentius
2473 4838 2528 4891 in
2559 4834 2986 4890 EunuchozAin
3008 4846 3126 4904 vero
3156 4823 3473 4904 αδμιρεδ-ἔμω
3504 4823 3722 4902 Donatus

487 4919 650 4971 porro
678 4905 741 4956 de
776 4903 875 4956 hac
899 4902 1217 4958 Hunnorum
1246 4905 1310 4959 ad
1347 4905 1538 4959 Persas
1559 4902 1874 4959 defectione
1912 4919 2059 4958 anno

490 4985 540 5024 tv
561 4971 756 5025 Justini
803 4974 888 5029 hic
921 4984 1231 5039 narrantur,
1258 4977 1359 5030 sub
1389 4993 1480 5029 an.
1521 4993 1603 5040 ιιι,
1640 4976 1874 5030 recitant
1895 4973 2059 5028 iidem

489 5042 854 5116 'l'heophattes
879 5054 934 5097 et
951 5044 1186 5116 _l.ogoth.

561 5113 672 5179 (25)
717 5113 1166 5184 Ἀδελερῶνξὸἱο
1189 5130 1391 5184 nempe
1423 5115 1571 5178 olim,
1603 5124 1660 5168 ut
1684 5124 1738 5168 ct
1771 5114 1950 5178 hodie,
1973 5129 2062 5167 re—

490 5195 582 5254 ges
624 5196 743 5254 sese
791 5183 1026 5238 invicem
1086 5183 1511 5254 compellabant.
1575 5185 1707 5239 Vide
1767 5193 2062 5254 utrumque

492 5250 845 5304 Glossarium.

567 5320 676 5389 (‘26)
712 5321 940 5393 Κυνῶν.
977 5322 1067 5378 Sic
1095 5324 1438 5392 reposuimus
1467 5339 1529 5378 ex
1559 5323 1914 5393 Theophane,
1933 5337 2058 5376 cum

449 5463 452 5466 _
495 5403 662 5459 prave
717 5391 770 5444 in
830 5402 1057 5463 utraque
1096 5391 1338 5450 editione
1369 5395 1631 5464 scriptum
1659 5391 1805 5449 esset
1843 5393 2057 5446 κοινῶν.

2161 4890 2543 4964 observat‘hoc
2562 4907 2730 4962 verbo
2751 4893 3416 4974 impudentibusinimicis
3439 4890 3721 4974 convicium

2161 4963 2278 5032 ﬁeri
2308 4978 2485 5032 solere
2514 4991 2528 5029 :
2570 4993 2716 5042 nam,
2772 4963 3064 5044 ut'subdit,
3090 4967 3323 5044 militare
3339 4963 3549 5044 dictum
3585 4963 3724 5044 est

2161 5049 2358 5101 hostem
2385 5033 2890 5100 canis.Vincentius
2909 5035 3310 5113 Bellovacettsjs
3472 5047 3594 5093 xxx,
3619 5042 3720 5113 cap.

2165 5119 2250 5179 74,
2285 5118 2354 5171 de
2383 5117 2622 5171 Tartaris
2651 5134 2664 5168 :
2697 5115 2902 5183 Papam
2935 5121 2983 5183 et
3031 5123 3207 5183 omnes
3245 5103 3572 5183 Caristia-nios
3592 5112 3724 5183 canes

2165 5170 2454 5256 appellant.
2497 5170 2790 5240 iFroissart.’
2829 5182 2950 5258 XXI
3004 5179 3110 5258 vol:
3155 5170 3522 5258 capUQS-t

2165 5243 2294 5311 ubi“
2329 5266 2453 5312 vaut
2480 5258 2653 5309 mieux
2684 5255 2903 5314 mourir,
2929 5266 3028 5320 que
3049 5249 3192 5320 quivre
3221 5246 3252 5296 ὰ
3285 5243 3441 5297 hante
3469 5248 3516 5292 et
3549 5253 3609 5292 cn
3626 5250 3724 5291 m-

2164 5344 2294 5397 vage
2322 5329 2531 5381 dessous
2562 5343 2642 5379 res
2675 5326 2848 5378 chiens
2881 5318 2950 5376 de
2975 5318 3284 5373 mécréants.

1797 5568 2034 5623 VARIAZ
2093 5567 2486 5624 LECTlONES.

595 5730 640 5766 ”
660 5729 787 5801 παρ’
817 5744 923 5784 om.
963 5728 1020 5784 Ρ.
1124 5730 1168 5762 ⁵⁵⁸
1195 5729 1248 5783 δὲ
1277 5729 1450 5786 0m.l‘.
1531 5729 1572 5760 το
1597 5727 1884 5797 Ζιάγῦιρος
1918 5727 1976 5782 Ρ.

2054 5729 2090 5760 ⁷¹
2123 5726 2299 5781 κυνῶν
2324 5741 2394 5781 ιιι.
2429 5723 2492 5791 Β,
2521 5723 2710 5778 κοινῶν
2745 5721 2863 5793 PV.
