  <div class='ocr_page' id='page_1' title='image "/cluster/home/n/w/nwhite01/storage/ocr_20150623/92/hvd.32044073502080/550.png"; bbox 0 0 3856 6342; ppageno 0'>
   <div class='ocr_carea' id='block_1_1' title="bbox 191 310 294 372">
    <p class='ocr_par' dir='ltr' id='par_1_1' title="bbox 191 310 294 372">
     <span class='ocr_line' id='line_1_1' title="bbox 191 310 294 372; baseline 0.039 -4"><span class='ocrx_word' id='word_1_1' title='bbox 191 310 294 372; x_wconf 72' lang='lat'><strong>893</strong></span> 
     </span>
    </p>
   </div>
   <div class='ocr_carea' id='block_1_2' title="bbox 190 507 1770 584">
    <p class='ocr_par' dir='ltr' id='par_1_2' title="bbox 190 507 1770 584">
     <span class='ocr_line' id='line_1_2' title="bbox 190 507 1770 584; baseline 0.011 -27"><span class='ocrx_word' id='word_1_2' title='bbox 190 518 322 576; x_wconf 82' lang='grc' dir='ltr'><strong>τορά</strong></span> <span class='ocrx_word' id='word_1_3' title='bbox 351 507 442 559; x_wconf 73' lang='grc' dir='ltr'>καὶ</span> <span class='ocrx_word' id='word_1_4' title='bbox 462 509 540 570; x_wconf 85' lang='grc' dir='ltr'><strong>είς</strong></span> <span class='ocrx_word' id='word_1_5' title='bbox 557 507 653 561; x_wconf 76' lang='grc' dir='ltr'>ἕνα</span> <span class='ocrx_word' id='word_1_6' title='bbox 673 508 876 579; x_wconf 82' lang='grc' dir='ltr'>Κύριον</span> <span class='ocrx_word' id='word_1_7' title='bbox 904 513 1110 583; x_wconf 80' lang='grc' dir='ltr'><strong>Ἰησοῦν</strong></span> <span class='ocrx_word' id='word_1_8' title='bbox 1127 518 1357 584; x_wconf 82' lang='grc' dir='ltr'>Χριστὸν</span> <span class='ocrx_word' id='word_1_9' title='bbox 1378 518 1506 573; x_wconf 86' lang='grc' dir='ltr'>Υἰὸν</span> <span class='ocrx_word' id='word_1_10' title='bbox 1525 518 1618 573; x_wconf 89' lang='grc' dir='ltr'><strong>τοῦ</strong></span> <span class='ocrx_word' id='word_1_11' title='bbox 1637 521 1770 574; x_wconf 88' lang='grc' dir='ltr'>Θεοῦ</span> 
     </span>
    </p>
   </div>
   <div class='ocr_carea' id='block_1_3' title="bbox 193 597 1774 681">
    <p class='ocr_par' dir='ltr' id='par_1_3' title="bbox 193 597 1774 681">
     <span class='ocr_line' id='line_1_3' title="bbox 193 597 1774 681; baseline 0.012 -34"><span class='ocrx_word' id='word_1_12' title='bbox 193 597 284 647; x_wconf 77' lang='grc' dir='ltr'>καὶ</span> <span class='ocrx_word' id='word_1_13' title='bbox 311 599 407 658; x_wconf 82' lang='grc' dir='ltr'>είς·</span> <span class='ocrx_word' id='word_1_14' title='bbox 427 597 487 648; x_wconf 88' lang='grc' dir='ltr'><strong>τὸ</strong></span> <span class='ocrx_word' id='word_1_15' title='bbox 520 597 674 666; x_wconf 71' lang='grc' dir='ltr'>ἅγιον</span> <span class='ocrx_word' id='word_1_16' title='bbox 724 601 948 673; x_wconf 81' lang='grc' dir='ltr'><strong>Πνεῦμα</strong></span> <span class='ocrx_word' id='word_1_17' title='bbox 981 606 1110 675; x_wconf 86' lang='grc' dir='ltr'>μίαν</span> <span class='ocrx_word' id='word_1_18' title='bbox 1137 609 1324 662; x_wconf 73' lang='grc' dir='ltr'>οὐσίαν</span> <span class='ocrx_word' id='word_1_19' title='bbox 1357 613 1415 663; x_wconf 79' lang='grc' dir='ltr'>ὲν</span> <span class='ocrx_word' id='word_1_20' title='bbox 1441 612 1620 681; x_wconf 74' lang='grc' dir='ltr'>τρισὶν</span> <span class='ocrx_word' id='word_1_21' title='bbox 1641 613 1774 665; x_wconf 84' lang='grc' dir='ltr'><strong>ὑπο·-</strong></span> 
     </span>
    </p>
   </div>
   <div class='ocr_carea' id='block_1_4' title="bbox 194 687 1771 772">
    <p class='ocr_par' dir='ltr' id='par_1_4' title="bbox 194 687 1771 772">
     <span class='ocr_line' id='line_1_4' title="bbox 194 687 1771 772; baseline 0.014 -37"><span class='ocrx_word' id='word_1_22' title='bbox 194 687 420 738; x_wconf 76' lang='grc' dir='ltr'>στάσεσι</span> <span class='ocrx_word' id='word_1_23' title='bbox 450 690 902 757; x_wconf 79' lang='grc' dir='ltr'><strong>προσκυνοῦντες,</strong></span> <span class='ocrx_word' id='word_1_24' title='bbox 928 695 1058 762; x_wconf 88' lang='grc' dir='ltr'>μίαν</span> <span class='ocrx_word' id='word_1_25' title='bbox 1086 696 1336 767; x_wconf 87' lang='grc' dir='ltr'>θεότητα,</span> <span class='ocrx_word' id='word_1_26' title='bbox 1367 701 1496 771; x_wconf 89' lang='grc' dir='ltr'>μίαν</span> <span class='ocrx_word' id='word_1_27' title='bbox 1520 702 1771 772; x_wconf 88' lang='grc' dir='ltr'>δύναμιν,</span> 
     </span>
    </p>
   </div>
   <div class='ocr_carea' id='block_1_5' title="bbox 194 775 1773 863">
    <p class='ocr_par' dir='ltr' id='par_1_5' title="bbox 194 775 1773 863">
     <span class='ocr_line' id='line_1_5' title="bbox 194 775 1773 863; baseline 0.012 -38"><span class='ocrx_word' id='word_1_28' title='bbox 194 775 406 844; x_wconf 82' lang='grc' dir='ltr'>Τριάδα</span> <span class='ocrx_word' id='word_1_29' title='bbox 453 779 759 845; x_wconf 81' lang='grc' dir='ltr'>όμοούσιον.</span> <span class='ocrx_word' id='word_1_30' title='bbox 794 782 913 834; x_wconf 85' lang='grc' dir='ltr'><strong>Ἐπ’</strong></span> <span class='ocrx_word' id='word_1_31' title='bbox 945 785 1174 854; x_wconf 73' lang='grc' dir='ltr'>ἐσχάτου</span> <span class='ocrx_word' id='word_1_32' title='bbox 1205 789 1260 842; x_wconf 82' lang='grc' dir='ltr'><strong>δὲ</strong></span> <span class='ocrx_word' id='word_1_33' title='bbox 1307 791 1352 823; x_wconf 78' lang='grc'><strong>’³</strong></span> <span class='ocrx_word' id='word_1_34' title='bbox 1405 791 1516 845; x_wconf 83' lang='grc' dir='ltr'><strong>τῶν</strong></span> <span class='ocrx_word' id='word_1_35' title='bbox 1549 795 1773 863; x_wconf 81' lang='grc' dir='ltr'>ἡμερῶν</span> 
     </span>
    </p>
   </div>
   <div class='ocr_carea' id='block_1_6' title="bbox 193 864 1772 952">
    <p class='ocr_par' dir='ltr' id='par_1_6' title="bbox 193 864 1772 952">
     <span class='ocr_line' id='line_1_6' title="bbox 193 864 1772 952; baseline 0.014 -38"><span class='ocrx_word' id='word_1_36' title='bbox 193 864 568 937; x_wconf 80' lang='grc' dir='ltr'>ὁμολογοῦμεν</span> <span class='ocrx_word' id='word_1_37' title='bbox 606 869 815 938; x_wconf 78' lang='grc' dir='ltr'><strong>Ἰησοῦν</strong></span> <span class='ocrx_word' id='word_1_38' title='bbox 841 874 1075 944; x_wconf 84' lang='grc' dir='ltr'>Χριστὸν</span> <span class='ocrx_word' id='word_1_39' title='bbox 1106 881 1198 930; x_wconf 89' lang='grc' dir='ltr'><strong>τὸν</strong></span> <span class='ocrx_word' id='word_1_40' title='bbox 1231 884 1492 952; x_wconf 80' lang='grc' dir='ltr'>μονογενῆ</span> <span class='ocrx_word' id='word_1_41' title='bbox 1522 884 1648 936; x_wconf 84' lang='grc' dir='ltr'>Υίὸν</span> <span class='ocrx_word' id='word_1_42' title='bbox 1679 883 1772 936; x_wconf 89' lang='grc' dir='ltr'><strong>τοῦ</strong></span> 
     </span>
    </p>
   </div>
   <div class='ocr_carea' id='block_1_7' title="bbox 193 954 1773 1042">
    <p class='ocr_par' dir='ltr' id='par_1_7' title="bbox 193 954 1773 1042">
     <span class='ocr_line' id='line_1_7' title="bbox 193 954 1773 1042; baseline 0.015 -36"><span class='ocrx_word' id='word_1_43' title='bbox 193 954 356 1021; x_wconf 92' lang='grc' dir='ltr'>Θεοῦ,</span> <span class='ocrx_word' id='word_1_44' title='bbox 389 957 478 1010; x_wconf 86' lang='grc' dir='ltr'><strong>τὸν</strong></span> <span class='ocrx_word' id='word_1_45' title='bbox 508 960 572 1011; x_wconf 80' lang='grc' dir='ltr'>ὲκ</span> <span class='ocrx_word' id='word_1_46' title='bbox 600 960 736 1014; x_wconf 83' lang='grc' dir='ltr'>Θεοῦ</span> <span class='ocrx_word' id='word_1_47' title='bbox 766 961 1043 1032; x_wconf 74' lang='grc' dir='ltr'>ἀληθινοῦ,</span> <span class='ocrx_word' id='word_1_48' title='bbox 1085 968 1176 1020; x_wconf 90' lang='grc' dir='ltr'><strong>τὸν</strong></span> <span class='ocrx_word' id='word_1_49' title='bbox 1205 970 1310 1042; x_wconf 84' lang='grc' dir='ltr'><strong>πρὸ</strong></span> <span class='ocrx_word' id='word_1_50' title='bbox 1341 973 1552 1025; x_wconf 80' lang='grc' dir='ltr'><strong>αἰώνων</strong></span> <span class='ocrx_word' id='word_1_51' title='bbox 1592 975 1657 1027; x_wconf 81' lang='grc' dir='ltr'>ὲκ</span> <span class='ocrx_word' id='word_1_52' title='bbox 1679 975 1773 1028; x_wconf 90' lang='grc' dir='ltr'><strong>τοῦ</strong></span> 
     </span>
    </p>
   </div>
   <div class='ocr_carea' id='block_1_8' title="bbox 201 1047 1777 1134">
    <p class='ocr_par' dir='ltr' id='par_1_8' title="bbox 201 1047 1777 1134">
     <span class='ocr_line' id='line_1_8' title="bbox 201 1047 1777 1134; baseline 0.014 -37"><span class='ocrx_word' id='word_1_53' title='bbox 201 1047 417 1134; x_wconf 78' lang='grc' dir='ltr'>Πατρὸς</span> <span class='ocrx_word' id='word_1_54' title='bbox 443 1049 795 1120; x_wconf 78' lang='grc' dir='ltr'><strong>γεννηθέντα,</strong></span> <span class='ocrx_word' id='word_1_55' title='bbox 834 1054 927 1108; x_wconf 88' lang='grc' dir='ltr'><strong>τὸν</strong></span> <span class='ocrx_word' id='word_1_56' title='bbox 968 1058 1233 1112; x_wconf 82' lang='grc' dir='ltr'>συναῖδιον</span> <span class='ocrx_word' id='word_1_57' title='bbox 1259 1061 1338 1132; x_wconf 82' lang='grc' dir='ltr'>τῷ</span> <span class='ocrx_word' id='word_1_58' title='bbox 1365 1063 1557 1134; x_wconf 79' lang='grc' dir='ltr'>Πατρὶ,</span> <span class='ocrx_word' id='word_1_59' title='bbox 1594 1065 1684 1119; x_wconf 83' lang='grc' dir='ltr'><strong>τὸν</strong></span> <span class='ocrx_word' id='word_1_60' title='bbox 1717 1066 1777 1132; x_wconf 78' lang='grc' dir='ltr'><strong>ἐξ</strong></span> 
     </span>
    </p>
   </div>
   <div class='ocr_carea' id='block_1_9' title="bbox 200 1131 1776 1215">
    <p class='ocr_par' dir='ltr' id='par_1_9' title="bbox 200 1131 1776 1215">
     <span class='ocr_line' id='line_1_9' title="bbox 200 1131 1776 1215; baseline 0.012 -24"><span class='ocrx_word' id='word_1_61' title='bbox 200 1131 256 1192; x_wconf 78' lang='grc' dir='ltr'>οὖ</span> <span class='ocrx_word' id='word_1_62' title='bbox 286 1142 366 1194; x_wconf 80' lang='grc' dir='ltr'>τὰ</span> <span class='ocrx_word' id='word_1_63' title='bbox 408 1141 452 1172; x_wconf 86' lang='grc'>⁷³</span> <span class='ocrx_word' id='word_1_64' title='bbox 481 1142 660 1196; x_wconf 83' lang='grc' dir='ltr'>πάντα</span> <span class='ocrx_word' id='word_1_65' title='bbox 697 1145 791 1197; x_wconf 74' lang='grc' dir='ltr'>καὶ</span> <span class='ocrx_word' id='word_1_66' title='bbox 814 1145 884 1198; x_wconf 85' lang='grc' dir='ltr'><strong>δι’</strong></span> <span class='ocrx_word' id='word_1_67' title='bbox 924 1139 984 1199; x_wconf 83' lang='grc' dir='ltr'><strong>οῦ</strong></span> <span class='ocrx_word' id='word_1_68' title='bbox 1020 1148 1087 1201; x_wconf 72' lang='grc' dir='ltr'><strong>τὰ</strong></span> <span class='ocrx_word' id='word_1_69' title='bbox 1117 1150 1313 1215; x_wconf 82' lang='grc' dir='ltr'>πάντα,</span> <span class='ocrx_word' id='word_1_70' title='bbox 1350 1154 1682 1208; x_wconf 81' lang='grc' dir='ltr'><strong>κατελθόντα</strong></span> <span class='ocrx_word' id='word_1_71' title='bbox 1710 1158 1776 1210; x_wconf 83' lang='grc' dir='ltr'>ὲκ</span> 
     </span>
    </p>
   </div>
   <div class='ocr_carea' id='block_1_10' title="bbox 200 1232 1775 1314">
    <p class='ocr_par' dir='ltr' id='par_1_10' title="bbox 200 1232 1775 1314">
     <span class='ocr_line' id='line_1_10' title="bbox 200 1232 1775 1314; baseline 0.01 -30"><span class='ocrx_word' id='word_1_72' title='bbox 200 1232 306 1284; x_wconf 84' lang='grc' dir='ltr'><strong>τῶν</strong></span> <span class='ocrx_word' id='word_1_73' title='bbox 363 1234 611 1304; x_wconf 74' lang='grc' dir='ltr'>ούρανῶν</span> <span class='ocrx_word' id='word_1_74' title='bbox 647 1236 742 1288; x_wconf 77' lang='grc' dir='ltr'>καὶ</span> <span class='ocrx_word' id='word_1_75' title='bbox 777 1239 1129 1307; x_wconf 82' lang='grc' dir='ltr'>σαρκωθέντα</span> <span class='ocrx_word' id='word_1_76' title='bbox 1177 1242 1241 1294; x_wconf 75' lang='grc' dir='ltr'>ἐκ</span> <span class='ocrx_word' id='word_1_77' title='bbox 1275 1243 1590 1314; x_wconf 85' lang='grc' dir='ltr'>Πνεύματος</span> <span class='ocrx_word' id='word_1_78' title='bbox 1619 1246 1775 1313; x_wconf 85' lang='grc' dir='ltr'>ἁγίου</span> 
     </span>
    </p>
   </div>
   <div class='ocr_carea' id='block_1_11' title="bbox 203 1322 1776 1400">
    <p class='ocr_par' dir='ltr' id='par_1_11' title="bbox 203 1322 1776 1400">
     <span class='ocr_line' id='line_1_11' title="bbox 203 1322 1776 1400; baseline 0.012 -29"><span class='ocrx_word' id='word_1_79' title='bbox 203 1323 296 1372; x_wconf 70' lang='grc' dir='ltr'>καὶ</span> <span class='ocrx_word' id='word_1_80' title='bbox 349 1322 449 1391; x_wconf 85' lang='grc' dir='ltr'>τῆς</span> <span class='ocrx_word' id='word_1_81' title='bbox 505 1323 670 1390; x_wconf 84' lang='grc' dir='ltr'>ἁγίας</span> <span class='ocrx_word' id='word_1_82' title='bbox 703 1325 918 1392; x_wconf 78' lang='grc' dir='ltr'>ἐνδόξου</span> <span class='ocrx_word' id='word_1_83' title='bbox 949 1327 1340 1400; x_wconf 83' lang='grc' dir='ltr'>Ἀειπαρθὲνου</span> <span class='ocrx_word' id='word_1_84' title='bbox 1387 1336 1480 1386; x_wconf 82' lang='grc' dir='ltr'>καὶ</span> <span class='ocrx_word' id='word_1_85' title='bbox 1509 1335 1776 1390; x_wconf 85' lang='grc' dir='ltr'>Θεοτόκου</span> 
     </span>
    </p>
   </div>
   <div class='ocr_carea' id='block_1_12' title="bbox 205 1409 1780 1494">
    <p class='ocr_par' dir='ltr' id='par_1_12' title="bbox 205 1409 1780 1494">
     <span class='ocr_line' id='line_1_12' title="bbox 205 1409 1780 1494; baseline 0.011 -33"><span class='ocrx_word' id='word_1_86' title='bbox 205 1409 425 1479; x_wconf 76' lang='grc' dir='ltr'>Μαρίας</span> <span class='ocrx_word' id='word_1_87' title='bbox 467 1412 564 1464; x_wconf 74' lang='grc' dir='ltr'>καὶ</span> <span class='ocrx_word' id='word_1_88' title='bbox 601 1413 1098 1486; x_wconf 79' lang='grc' dir='ltr'>ἐνανθρωπήσαντα</span> <span class='ocrx_word' id='word_1_89' title='bbox 1132 1422 1363 1492; x_wconf 82' lang='grc' dir='ltr'>σταυρόν</span> <span class='ocrx_word' id='word_1_90' title='bbox 1399 1439 1458 1474; x_wconf 87' lang='grc' dir='ltr'><strong>τε</strong></span> <span class='ocrx_word' id='word_1_91' title='bbox 1487 1423 1780 1494; x_wconf 83' lang='grc' dir='ltr'>ὑπομεῖναι</span> 
     </span>
    </p>
   </div>
   <div class='ocr_carea' id='block_1_13' title="bbox 205 1500 1780 1583">
    <p class='ocr_par' dir='ltr' id='par_1_13' title="bbox 205 1500 1780 1583">
     <span class='ocr_line' id='line_1_13' title="bbox 205 1500 1780 1583; baseline 0.012 -32"><span class='ocrx_word' id='word_1_92' title='bbox 205 1500 346 1571; x_wconf 81' lang='grc' dir='ltr'>ὑπὲρ</span> <span class='ocrx_word' id='word_1_93' title='bbox 380 1501 537 1570; x_wconf 81' lang='grc' dir='ltr'>ήμῶν</span> <span class='ocrx_word' id='word_1_94' title='bbox 568 1503 661 1555; x_wconf 75' lang='grc' dir='ltr'><strong>ἐπὶ</strong></span> <span class='ocrx_word' id='word_1_95' title='bbox 695 1505 920 1558; x_wconf 81' lang='grc' dir='ltr'>Ποντίου</span> <span class='ocrx_word' id='word_1_96' title='bbox 969 1508 1224 1572; x_wconf 84' lang='grc' dir='ltr'>Πιλάτου,</span> <span class='ocrx_word' id='word_1_97' title='bbox 1269 1513 1364 1564; x_wconf 77' lang='grc' dir='ltr'>καὶ</span> <span class='ocrx_word' id='word_1_98' title='bbox 1392 1515 1648 1583; x_wconf 72' lang='grc' dir='ltr'>ταφῆναι,</span> <span class='ocrx_word' id='word_1_99' title='bbox 1685 1518 1780 1570; x_wconf 75' lang='grc' dir='ltr'>καὶ</span> 
     </span>
    </p>
   </div>
   <div class='ocr_carea' id='block_1_14' title="bbox 206 1592 1779 1666">
    <p class='ocr_par' dir='ltr' id='par_1_14' title="bbox 206 1592 1779 1666">
     <span class='ocr_line' id='line_1_14' title="bbox 206 1592 1779 1666; baseline 0.011 -25"><span class='ocrx_word' id='word_1_100' title='bbox 206 1592 506 1661; x_wconf 77' lang='grc' dir='ltr'>ἀναστῆναι</span> <span class='ocrx_word' id='word_1_101' title='bbox 523 1595 590 1662; x_wconf 79' lang='grc' dir='ltr'>τῇ</span> <span class='ocrx_word' id='word_1_102' title='bbox 614 1593 774 1664; x_wconf 80' lang='grc' dir='ltr'>τρίτῃ</span> <span class='ocrx_word' id='word_1_103' title='bbox 791 1595 995 1666; x_wconf 71' lang='grc' dir='ltr'>ἡμέρᾳ,</span> <span class='ocrx_word' id='word_1_104' title='bbox 1020 1599 1138 1663; x_wconf 76' lang='grc' dir='ltr'>ἑνὸς</span> <span class='ocrx_word' id='word_1_105' title='bbox 1157 1600 1252 1652; x_wconf 71' lang='grc' dir='ltr'>καὶ</span> <span class='ocrx_word' id='word_1_106' title='bbox 1273 1601 1366 1655; x_wconf 86' lang='grc' dir='ltr'><strong>τοῦ</strong></span> <span class='ocrx_word' id='word_1_107' title='bbox 1386 1603 1552 1656; x_wconf 81' lang='grc' dir='ltr'>αὑτοῦ</span> <span class='ocrx_word' id='word_1_108' title='bbox 1569 1604 1612 1636; x_wconf 71' lang='grc'><strong>⁷⁸</strong></span> <span class='ocrx_word' id='word_1_109' title='bbox 1630 1607 1698 1660; x_wconf 78' lang='grc' dir='ltr'>τά</span> <span class='ocrx_word' id='word_1_110' title='bbox 1718 1622 1779 1658; x_wconf 88' lang='grc' dir='ltr'><strong>τε</strong></span> 
     </span>
    </p>
   </div>
   <div class='ocr_carea' id='block_1_15' title="bbox 211 1681 1777 1768">
    <p class='ocr_par' dir='ltr' id='par_1_15' title="bbox 211 1681 1777 1768">
     <span class='ocr_line' id='line_1_15' title="bbox 211 1681 1777 1768; baseline 0.011 -35"><span class='ocrx_word' id='word_1_111' title='bbox 211 1681 468 1752; x_wconf 82' lang='grc' dir='ltr'>θαύματα</span> <span class='ocrx_word' id='word_1_112' title='bbox 493 1685 667 1738; x_wconf 79' lang='grc' dir='ltr'>καὶτὰ</span> <span class='ocrx_word' id='word_1_113' title='bbox 691 1685 861 1758; x_wconf 85' lang='grc' dir='ltr'>πάθη,</span> <span class='ocrx_word' id='word_1_114' title='bbox 881 1689 1024 1760; x_wconf 73' lang='grc' dir='ltr'>ἅπερ</span> <span class='ocrx_word' id='word_1_115' title='bbox 1041 1691 1302 1756; x_wconf 77' lang='grc' dir='ltr'>ἑκουσίως</span> <span class='ocrx_word' id='word_1_116' title='bbox 1323 1693 1580 1764; x_wconf 81' lang='grc' dir='ltr'>ὑπέμεινε</span> <span class='ocrx_word' id='word_1_117' title='bbox 1594 1697 1777 1768; x_wconf 71' lang='grc' dir='ltr'>σαρκὶ,</span> 
     </span>
    </p>
   </div>
   <div class='ocr_carea' id='block_1_16' title="bbox 209 1772 1855 1855">
    <p class='ocr_par' dir='ltr' id='par_1_16' title="bbox 209 1772 1855 1855">
     <span class='ocr_line' id='line_1_16' title="bbox 209 1772 1855 1855; baseline 0.01 -29"><span class='ocrx_word' id='word_1_118' title='bbox 209 1775 588 1842; x_wconf 86' lang='grc' dir='ltr'>γινώσκοντες.</span> <span class='ocrx_word' id='word_1_119' title='bbox 620 1777 695 1831; x_wconf 78' lang='grc' dir='ltr'><strong>Οὐ</strong></span> <span class='ocrx_word' id='word_1_120' title='bbox 743 1779 850 1850; x_wconf 78' lang='grc' dir='ltr'><strong>γὰρ</strong></span> <span class='ocrx_word' id='word_1_121' title='bbox 879 1780 1038 1834; x_wconf 73' lang='grc' dir='ltr'>ἄλλον</span> <span class='ocrx_word' id='word_1_122' title='bbox 1070 1783 1161 1836; x_wconf 82' lang='grc' dir='ltr'><strong>τὸν</strong></span> <span class='ocrx_word' id='word_1_123' title='bbox 1190 1784 1323 1838; x_wconf 82' lang='grc' dir='ltr'>Θεὸν</span> <span class='ocrx_word' id='word_1_124' title='bbox 1363 1787 1536 1855; x_wconf 80' lang='grc' dir='ltr'>Λόγον</span> <span class='ocrx_word' id='word_1_125' title='bbox 1562 1789 1656 1842; x_wconf 71' lang='grc' dir='ltr'>καὶ</span> <span class='ocrx_word' id='word_1_126' title='bbox 1689 1787 1782 1843; x_wconf 80' lang='grc' dir='ltr'><strong>ἆλ-</strong></span> <span class='ocrx_word' id='word_1_127' title='bbox 1813 1772 1855 1827; x_wconf 77' lang='grc' dir='ltr'>Β</span> 
     </span>
    </p>
   </div>
   <div class='ocr_carea' id='block_1_17' title="bbox 208 1865 1783 1942">
    <p class='ocr_par' dir='ltr' id='par_1_17' title="bbox 208 1865 1783 1942">
     <span class='ocr_line' id='line_1_17' title="bbox 208 1865 1783 1942; baseline 0.01 -25"><span class='ocrx_word' id='word_1_128' title='bbox 208 1865 296 1918; x_wconf 89' lang='grc' dir='ltr'><strong>λον</strong></span> <span class='ocrx_word' id='word_1_129' title='bbox 336 1868 430 1920; x_wconf 84' lang='grc' dir='ltr'><strong>τὸν</strong></span> <span class='ocrx_word' id='word_1_130' title='bbox 469 1869 705 1938; x_wconf 87' lang='grc' dir='ltr'>Χριστὸν</span> <span class='ocrx_word' id='word_1_131' title='bbox 746 1873 1106 1942; x_wconf 72' lang='grc' dir='ltr'><strong>ἐπιστάμεθα,</strong></span> <span class='ocrx_word' id='word_1_132' title='bbox 1144 1875 1235 1929; x_wconf 86' lang='grc' dir='ltr'><strong>τὸν</strong></span> <span class='ocrx_word' id='word_1_133' title='bbox 1263 1876 1360 1930; x_wconf 73' lang='grc' dir='ltr'>ἕνα</span> <span class='ocrx_word' id='word_1_134' title='bbox 1388 1878 1480 1930; x_wconf 71' lang='grc' dir='ltr'>καὶ</span> <span class='ocrx_word' id='word_1_135' title='bbox 1505 1878 1595 1931; x_wconf 87' lang='grc' dir='ltr'><strong>τὸν</strong></span> <span class='ocrx_word' id='word_1_136' title='bbox 1621 1879 1783 1932; x_wconf 82' lang='grc' dir='ltr'>αὐτὸν</span> 
     </span>
    </p>
   </div>
   <div class='ocr_carea' id='block_1_18' title="bbox 210 1958 1784 2038">
    <p class='ocr_par' dir='ltr' id='par_1_18' title="bbox 210 1958 1784 2038">
     <span class='ocr_line' id='line_1_18' title="bbox 210 1958 1784 2038; baseline 0.01 -30"><span class='ocrx_word' id='word_1_137' title='bbox 210 1958 496 2026; x_wconf 69' lang='grc' dir='ltr'>ὀμοούσιον</span> <span class='ocrx_word' id='word_1_138' title='bbox 517 1959 594 2029; x_wconf 83' lang='grc' dir='ltr'>τῷ</span> <span class='ocrx_word' id='word_1_139' title='bbox 623 1961 800 2032; x_wconf 74' lang='grc' dir='ltr'>Πατρὶ</span> <span class='ocrx_word' id='word_1_140' title='bbox 829 1965 969 2016; x_wconf 81' lang='grc' dir='ltr'>κατὰ</span> <span class='ocrx_word' id='word_1_141' title='bbox 997 1966 1097 2036; x_wconf 86' lang='grc' dir='ltr'>τὴν</span> <span class='ocrx_word' id='word_1_142' title='bbox 1128 1966 1357 2038; x_wconf 83' lang='grc' dir='ltr'>θεότητα</span> <span class='ocrx_word' id='word_1_143' title='bbox 1380 1970 1472 2021; x_wconf 78' lang='grc' dir='ltr'>καὶ</span> <span class='ocrx_word' id='word_1_144' title='bbox 1501 1969 1784 2038; x_wconf 85' lang='grc' dir='ltr'>ὁμοούσιον</span> 
     </span>
    </p>
   </div>
   <div class='ocr_carea' id='block_1_19' title="bbox 213 2050 1785 2133">
    <p class='ocr_par' dir='ltr' id='par_1_19' title="bbox 213 2050 1785 2133">
     <span class='ocr_line' id='line_1_19' title="bbox 213 2050 1785 2133; baseline 0.009 -32"><span class='ocrx_word' id='word_1_145' title='bbox 213 2051 342 2118; x_wconf 77' lang='grc' dir='ltr'>ἡμῖν</span> <span class='ocrx_word' id='word_1_146' title='bbox 374 2050 465 2102; x_wconf 88' lang='grc' dir='ltr'><strong>τὸν</strong></span> <span class='ocrx_word' id='word_1_147' title='bbox 504 2050 666 2106; x_wconf 81' lang='grc' dir='ltr'>αὐτὸν</span> <span class='ocrx_word' id='word_1_148' title='bbox 685 2053 733 2084; x_wconf 79' lang='grc'><strong>⁷⁵</strong></span> <span class='ocrx_word' id='word_1_149' title='bbox 765 2054 907 2107; x_wconf 78' lang='grc' dir='ltr'>κατὰ</span> <span class='ocrx_word' id='word_1_150' title='bbox 943 2055 1043 2127; x_wconf 79' lang='grc' dir='ltr'>τὴν</span> <span class='ocrx_word' id='word_1_151' title='bbox 1071 2057 1463 2130; x_wconf 84' lang='grc' dir='ltr'>ἀνθρωπότητα</span> <span class='ocrx_word' id='word_1_152' title='bbox 1491 2060 1652 2133; x_wconf 65' lang='grc'><strong>343</strong></span> <span class='ocrx_word' id='word_1_153' title='bbox 1685 2062 1785 2131; x_wconf 80' lang='grc' dir='ltr'>τὴν</span> 
     </span>
    </p>
   </div>
   <div class='ocr_carea' id='block_1_20' title="bbox 212 2138 1786 2221">
    <p class='ocr_par' dir='ltr' id='par_1_20' title="bbox 212 2138 1786 2221">
     <span class='ocr_line' id='line_1_20' title="bbox 212 2138 1786 2221; baseline 0.009 -32"><span class='ocrx_word' id='word_1_154' title='bbox 212 2139 265 2190; x_wconf 73' lang='grc' dir='ltr'><strong>δὲ</strong></span> <span class='ocrx_word' id='word_1_155' title='bbox 299 2138 424 2192; x_wconf 85' lang='grc' dir='ltr'>καθ’</span> <span class='ocrx_word' id='word_1_156' title='bbox 458 2140 752 2194; x_wconf 81' lang='grc' dir='ltr'>ὑπόστασιν</span> <span class='ocrx_word' id='word_1_157' title='bbox 791 2143 1016 2213; x_wconf 80' lang='grc' dir='ltr'>ἑνότητα</span> <span class='ocrx_word' id='word_1_158' title='bbox 1057 2145 1326 2218; x_wconf 84' lang='grc' dir='ltr'>δεχόμεθα</span> <span class='ocrx_word' id='word_1_159' title='bbox 1369 2150 1461 2203; x_wconf 78' lang='grc' dir='ltr'>καὶ</span> <span class='ocrx_word' id='word_1_160' title='bbox 1491 2150 1786 2221; x_wconf 84' lang='grc' dir='ltr'>ὁμολογοῦ-</span> 
     </span>
    </p>
   </div>
   <div class='ocr_carea' id='block_1_21' title="bbox 216 2231 1784 2311">
    <p class='ocr_par' dir='ltr' id='par_1_21' title="bbox 216 2231 1784 2311">
     <span class='ocr_line' id='line_1_21' title="bbox 216 2231 1784 2311; baseline 0.01 -31"><span class='ocrx_word' id='word_1_161' title='bbox 216 2245 335 2298; x_wconf 78' lang='grc' dir='ltr'>μεν.</span> <span class='ocrx_word' id='word_1_162' title='bbox 357 2231 578 2298; x_wconf 81' lang='grc' dir='ltr'>Ἔμεινε</span> <span class='ocrx_word' id='word_1_163' title='bbox 608 2233 717 2303; x_wconf 82' lang='grc' dir='ltr'><strong>γὰρ</strong></span> <span class='ocrx_word' id='word_1_164' title='bbox 737 2233 951 2304; x_wconf 74' lang='grc' dir='ltr'>Τριὰςὴ</span> <span class='ocrx_word' id='word_1_165' title='bbox 972 2237 1140 2306; x_wconf 75' lang='grc' dir='ltr'>Τριὰς</span> <span class='ocrx_word' id='word_1_166' title='bbox 1167 2240 1262 2292; x_wconf 67' lang='grc' dir='ltr'>καὶ</span> <span class='ocrx_word' id='word_1_167' title='bbox 1289 2241 1511 2311; x_wconf 88' lang='grc' dir='ltr'>σαρκωθ</span> <span class='ocrx_word' id='word_1_168' title='bbox 1523 2242 1670 2305; x_wconf 83' lang='grc' dir='ltr'>ἐντος</span> <span class='ocrx_word' id='word_1_169' title='bbox 1691 2240 1784 2295; x_wconf 88' lang='grc' dir='ltr'><strong>τοῦ</strong></span> 
     </span>
    </p>
   </div>
   <div class='ocr_carea' id='block_1_22' title="bbox 217 2324 1788 2402">
    <p class='ocr_par' dir='ltr' id='par_1_22' title="bbox 217 2324 1788 2402">
     <span class='ocr_line' id='line_1_22' title="bbox 217 2324 1788 2402; baseline 0.006 -27"><span class='ocrx_word' id='word_1_170' title='bbox 217 2324 335 2387; x_wconf 81' lang='grc' dir='ltr'>ἑνὸς</span> <span class='ocrx_word' id='word_1_171' title='bbox 356 2324 458 2394; x_wconf 76' lang='grc' dir='ltr'>τῆς</span> <span class='ocrx_word' id='word_1_172' title='bbox 469 2325 697 2395; x_wconf 84' lang='grc' dir='ltr'>Τριάδος</span> <span class='ocrx_word' id='word_1_173' title='bbox 715 2327 850 2381; x_wconf 85' lang='grc' dir='ltr'>Θεοῦ</span> <span class='ocrx_word' id='word_1_174' title='bbox 865 2329 1058 2397; x_wconf 86' lang='grc' dir='ltr'>Λόγου·</span> <span class='ocrx_word' id='word_1_175' title='bbox 1075 2327 1198 2382; x_wconf 77' lang='grc' dir='ltr'>οὔτε</span> <span class='ocrx_word' id='word_1_176' title='bbox 1213 2330 1322 2401; x_wconf 77' lang='grc' dir='ltr'><strong>γὰρ</strong></span> <span class='ocrx_word' id='word_1_177' title='bbox 1337 2331 1598 2401; x_wconf 85' lang='grc' dir='ltr'>τετάρτου</span> <span class='ocrx_word' id='word_1_178' title='bbox 1618 2348 1788 2402; x_wconf 88' lang='grc' dir='ltr'>προσ-</span> 
     </span>
    </p>
   </div>
   <div class='ocr_carea' id='block_1_23' title="bbox 220 2412 1786 2488">
    <p class='ocr_par' dir='ltr' id='par_1_23' title="bbox 220 2412 1786 2488">
     <span class='ocr_line' id='line_1_23' title="bbox 220 2412 1786 2488; baseline 0.004 -23"><span class='ocrx_word' id='word_1_179' title='bbox 220 2412 371 2466; x_wconf 80' lang='grc' dir='ltr'>ώπου</span> <span class='ocrx_word' id='word_1_180' title='bbox 414 2413 736 2486; x_wconf 78' lang='grc' dir='ltr'>προσθήκην</span> <span class='ocrx_word' id='word_1_181' title='bbox 773 2417 1134 2488; x_wconf 78' lang='grc' dir='ltr'>ἑπιδέχεταιή</span> <span class='ocrx_word' id='word_1_182' title='bbox 1163 2417 1294 2485; x_wconf 76' lang='grc' dir='ltr'>ἁγία</span> <span class='ocrx_word' id='word_1_183' title='bbox 1338 2419 1529 2488; x_wconf 79' lang='grc' dir='ltr'>Τριάς.</span> <span class='ocrx_word' id='word_1_184' title='bbox 1564 2418 1786 2472; x_wconf 86' lang='grc' dir='ltr'>Τούτων</span> 
     </span>
    </p>
   </div>
   <div class='ocr_carea' id='block_1_24' title="bbox 218 2501 1788 2577">
    <p class='ocr_par' dir='ltr' id='par_1_24' title="bbox 218 2501 1788 2577">
     <span class='ocr_line' id='line_1_24' title="bbox 218 2501 1788 2577; baseline 0.003 -23"><span class='ocrx_word' id='word_1_185' title='bbox 218 2503 399 2555; x_wconf 78' lang='grc' dir='ltr'>τοίνυν</span> <span class='ocrx_word' id='word_1_186' title='bbox 417 2501 588 2566; x_wconf 76' lang='grc' dir='ltr'>οὕτως</span> <span class='ocrx_word' id='word_1_187' title='bbox 605 2504 854 2574; x_wconf 78' lang='grc' dir='ltr'>ἑχόντων,</span> <span class='ocrx_word' id='word_1_188' title='bbox 873 2505 1236 2574; x_wconf 77' lang='grc' dir='ltr'>ἅναθεματίζο</span> <span class='ocrx_word' id='word_1_189' title='bbox 1243 2522 1339 2575; x_wconf 84' lang='grc' dir='ltr'><strong>μεν</strong></span> <span class='ocrx_word' id='word_1_190' title='bbox 1356 2508 1539 2560; x_wconf 79' lang='grc' dir='ltr'>’πᾶσαν</span> <span class='ocrx_word' id='word_1_191' title='bbox 1556 2507 1788 2577; x_wconf 77' lang='grc' dir='ltr'>αἵρεσιν,</span> 
     </span>
    </p>
   </div>
   <div class='ocr_carea' id='block_1_25' title="bbox 219 2602 1813 2678">
    <p class='ocr_par' dir='ltr' id='par_1_25' title="bbox 219 2602 1813 2678">
     <span class='ocr_line' id='line_1_25' title="bbox 219 2602 1813 2678; baseline 0.004 -24"><span class='ocrx_word' id='word_1_192' title='bbox 219 2603 522 2672; x_wconf 74' lang='grc' dir='ltr'>ἐξαιρέτως</span> <span class='ocrx_word' id='word_1_193' title='bbox 548 2602 604 2657; x_wconf 84' lang='grc' dir='ltr'><strong>δὲ</strong></span> <span class='ocrx_word' id='word_1_194' title='bbox 644 2603 937 2674; x_wconf 87' lang='grc' dir='ltr'>Νεστόριον</span> <span class='ocrx_word' id='word_1_195' title='bbox 959 2604 1051 2658; x_wconf 89' lang='grc' dir='ltr'><strong>τὸν</strong></span> <span class='ocrx_word' id='word_1_196' title='bbox 1075 2605 1122 2637; x_wconf 82' lang='grc'><strong>⁷⁸</strong></span> <span class='ocrx_word' id='word_1_197' title='bbox 1145 2605 1608 2678; x_wconf 83' lang='grc' dir='ltr'>ἀνθρωπολάτρην</span> <span class='ocrx_word' id='word_1_198' title='bbox 1630 2607 1675 2639; x_wconf 77' lang='grc'><strong>⁷⁷</strong></span> <span class='ocrx_word' id='word_1_199' title='bbox 1697 2608 1813 2661; x_wconf 78' lang='grc' dir='ltr'>καὶ.</span> 
     </span>
    </p>
   </div>
   <div class='ocr_carea' id='block_1_26' title="bbox 215 2694 1791 2770">
    <p class='ocr_par' dir='ltr' id='par_1_26' title="bbox 215 2694 1791 2770">
     <span class='ocr_line' id='line_1_26' title="bbox 215 2694 1791 2770; baseline 0.002 -23"><span class='ocrx_word' id='word_1_200' title='bbox 215 2697 345 2758; x_wconf 67' lang='grc' dir='ltr'>τοὺς</span> <span class='ocrx_word' id='word_1_201' title='bbox 376 2696 445 2748; x_wconf 69' lang='grc' dir='ltr'>τὰ</span> <span class='ocrx_word' id='word_1_202' title='bbox 470 2694 644 2748; x_wconf 83' lang='grc' dir='ltr'>αὐτοῦ.</span> <span class='ocrx_word' id='word_1_203' title='bbox 673 2697 1050 2767; x_wconf 77' lang='grc' dir='ltr'>φρονήσαντας</span> <span class='ocrx_word' id='word_1_204' title='bbox 1072 2696 1105 2768; x_wconf 75' lang='grc' dir='ltr'>ἢ</span> <span class='ocrx_word' id='word_1_205' title='bbox 1129 2697 1480 2770; x_wconf 74' lang='grc' dir='ltr'>φρονοῦντας,</span> <span class='ocrx_word' id='word_1_206' title='bbox 1501 2699 1628 2761; x_wconf 84' lang='grc' dir='ltr'>τοὺς</span> <span class='ocrx_word' id='word_1_207' title='bbox 1647 2699 1791 2752; x_wconf 87' lang='grc' dir='ltr'>διαι-</span> 
     </span>
    </p>
   </div>
   <div class='ocr_carea' id='block_1_27' title="bbox 219 2784 1792 2860">
    <p class='ocr_par' dir='ltr' id='par_1_27' title="bbox 219 2784 1792 2860">
     <span class='ocr_line' id='line_1_27' title="bbox 219 2784 1792 2860; baseline 0.004 -23"><span class='ocrx_word' id='word_1_208' title='bbox 219 2784 451 2853; x_wconf 85' lang='grc' dir='ltr'>ροῦντας</span> <span class='ocrx_word' id='word_1_209' title='bbox 472 2785 564 2841; x_wconf 86' lang='grc' dir='ltr'><strong>τὸν</strong></span> <span class='ocrx_word' id='word_1_210' title='bbox 582 2787 677 2841; x_wconf 75' lang='grc' dir='ltr'>ἕνα</span> <span class='ocrx_word' id='word_1_211' title='bbox 693 2787 898 2857; x_wconf 78' lang='grc' dir='ltr'>Κύριον</span> <span class='ocrx_word' id='word_1_212' title='bbox 915 2789 948 2858; x_wconf 82' lang='grc' dir='ltr'><strong>ή</strong></span> <span class='ocrx_word' id='word_1_213' title='bbox 956 2787 1070 2858; x_wconf 85' lang='grc' dir='ltr'><strong>μῶν</strong></span> <span class='ocrx_word' id='word_1_214' title='bbox 1083 2789 1292 2857; x_wconf 83' lang='grc' dir='ltr'>Ἰησοῦν</span> <span class='ocrx_word' id='word_1_215' title='bbox 1311 2788 1542 2860; x_wconf 84' lang='grc' dir='ltr'>Χριστὸν</span> <span class='ocrx_word' id='word_1_216' title='bbox 1555 2789 1647 2843; x_wconf 88' lang='grc' dir='ltr'><strong>τὸν</strong></span> <span class='ocrx_word' id='word_1_217' title='bbox 1663 2789 1792 2844; x_wconf 87' lang='grc' dir='ltr'>Υίὸν</span> 
     </span>
    </p>
   </div>
   <div class='ocr_carea' id='block_1_28' title="bbox 217 2875 1792 2949">
    <p class='ocr_par' dir='ltr' id='par_1_28' title="bbox 217 2875 1792 2949">
     <span class='ocr_line' id='line_1_28' title="bbox 217 2875 1792 2949; baseline 0.003 -22"><span class='ocrx_word' id='word_1_218' title='bbox 217 2875 311 2930; x_wconf 80' lang='grc' dir='ltr'><strong>τοῦ</strong></span> <span class='ocrx_word' id='word_1_219' title='bbox 337 2875 477 2929; x_wconf 87' lang='grc' dir='ltr'>Θεοῦ</span> <span class='ocrx_word' id='word_1_220' title='bbox 499 2877 594 2929; x_wconf 69' lang='grc' dir='ltr'>καὶ</span> <span class='ocrx_word' id='word_1_221' title='bbox 615 2876 749 2930; x_wconf 87' lang='grc' dir='ltr'>Θεὸν</span> <span class='ocrx_word' id='word_1_222' title='bbox 765 2878 797 2948; x_wconf 76' lang='grc' dir='ltr'><strong>ἡ</strong></span> <span class='ocrx_word' id='word_1_223' title='bbox 806 2876 941 2946; x_wconf 82' lang='grc' dir='ltr'>μῶν,</span> <span class='ocrx_word' id='word_1_224' title='bbox 964 2878 1058 2931; x_wconf 81' lang='grc' dir='ltr'>καὶ</span> <span class='ocrx_word' id='word_1_225' title='bbox 1082 2876 1159 2949; x_wconf 86' lang='grc' dir='ltr'>μὴ</span> <span class='ocrx_word' id='word_1_226' title='bbox 1178 2877 1572 2948; x_wconf 81' lang='grc' dir='ltr'>ὁμολογοῦντας</span> <span class='ocrx_word' id='word_1_227' title='bbox 1589 2877 1792 2948; x_wconf 83' lang='grc' dir='ltr'>κυρίως</span> 
     </span>
    </p>
   </div>
   <div class='ocr_carea' id='block_1_29' title="bbox 217 2968 1793 3042">
    <p class='ocr_par' dir='ltr' id='par_1_29' title="bbox 217 2968 1793 3042">
     <span class='ocr_line' id='line_1_29' title="bbox 217 2968 1793 3042; baseline 0 -20"><span class='ocrx_word' id='word_1_228' title='bbox 217 2970 310 3022; x_wconf 83' lang='grc' dir='ltr'><strong>καί</strong></span> <span class='ocrx_word' id='word_1_229' title='bbox 345 2968 494 3024; x_wconf 80' lang='grc' dir='ltr'>κατὰ</span> <span class='ocrx_word' id='word_1_230' title='bbox 517 2968 776 3038; x_wconf 76' lang='grc' dir='ltr'>ἀλήθειαν</span> <span class='ocrx_word' id='word_1_231' title='bbox 803 2969 903 3040; x_wconf 82' lang='grc' dir='ltr'>τὴν</span> <span class='ocrx_word' id='word_1_232' title='bbox 931 2970 1090 3037; x_wconf 78' lang='grc' dir='ltr'>ἁγίαν</span> <span class='ocrx_word' id='word_1_233' title='bbox 1119 2969 1327 3036; x_wconf 72' lang='grc' dir='ltr'>ἔνδοξον</span> <span class='ocrx_word' id='word_1_234' title='bbox 1340 2969 1718 3042; x_wconf 82' lang='grc' dir='ltr'>’Δειπαρθένον</span> <span class='ocrx_word' id='word_1_235' title='bbox 1748 2970 1793 3002; x_wconf 78' lang='grc'><strong>⁷⁸</strong></span> 
     </span>
    </p>
   </div>
   <div class='ocr_carea' id='block_1_30' title="bbox 1380 319 2247 381">
    <p class='ocr_par' dir='ltr' id='par_1_30' title="bbox 1380 319 2247 381">
     <span class='ocr_line' id='line_1_30' title="bbox 1380 319 2247 381; baseline 0.005 -4"><span class='ocrx_word' id='word_1_236' title='bbox 1380 319 1811 378; x_wconf 73' lang='lat' dir='ltr'><strong>CHRONICON</strong></span> <span class='ocrx_word' id='word_1_237' title='bbox 1844 320 2247 381; x_wconf 71' lang='lat' dir='ltr'><strong>PASCHALE.</strong></span> 
     </span>
    </p>
   </div>
   <div class='ocr_carea' id='block_1_31' title="bbox 266 414 1842 500">
    <p class='ocr_par' dir='ltr' id='par_1_31' title="bbox 266 414 1842 500">
     <span class='ocr_line' id='line_1_31' title="bbox 266 414 1842 500; baseline 0.015 -33"><span class='ocrx_word' id='word_1_238' title='bbox 266 436 286 467; x_wconf 84' lang='grc'><strong><em>‹</em></strong></span> <span class='ocrx_word' id='word_1_239' title='bbox 323 416 663 486; x_wconf 78' lang='grc' dir='ltr'>Πιστεύομεν</span> <span class='ocrx_word' id='word_1_240' title='bbox 691 414 796 490; x_wconf 77' lang='grc' dir='ltr'>γὰρ</span> <span class='ocrx_word' id='word_1_241' title='bbox 821 421 902 484; x_wconf 86' lang='grc' dir='ltr'><strong>είς</strong></span> <span class='ocrx_word' id='word_1_242' title='bbox 931 423 1027 477; x_wconf 78' lang='grc' dir='ltr'>ἕνα</span> <span class='ocrx_word' id='word_1_243' title='bbox 1053 424 1183 478; x_wconf 85' lang='grc' dir='ltr'>Θεὸν</span> <span class='ocrx_word' id='word_1_244' title='bbox 1211 429 1431 497; x_wconf 75' lang='grc' dir='ltr'>Πατέρα</span> <span class='ocrx_word' id='word_1_245' title='bbox 1458 440 1768 500; x_wconf 81' lang='grc' dir='ltr'>παντοκρα-</span> <span class='ocrx_word' id='word_1_246' title='bbox 1800 442 1842 490; x_wconf 81' lang='grc' dir='ltr'><strong>Α</strong></span> 
     </span>
    </p>
   </div>
   <div class='ocr_carea' id='block_1_32' title="bbox 1950 432 3442 505">
    <p class='ocr_par' dir='ltr' id='par_1_32' title="bbox 1950 432 3442 505">
     <span class='ocr_line' id='line_1_32' title="bbox 1950 432 3442 505; baseline 0.013 -22"><span class='ocrx_word' id='word_1_247' title='bbox 1950 451 1970 483; x_wconf 71' lang='grc' dir='ltr'><strong>ι</strong></span> <span class='ocrx_word' id='word_1_248' title='bbox 2001 432 2284 490; x_wconf 85' lang='lat' dir='ltr'><strong>Credimus</strong></span> <span class='ocrx_word' id='word_1_249' title='bbox 2325 435 2505 505; x_wconf 80' lang='lat' dir='ltr'><strong>itaque</strong></span> <span class='ocrx_word' id='word_1_250' title='bbox 2549 436 2603 491; x_wconf 90' lang='lat' dir='ltr'><strong>in</strong></span> <span class='ocrx_word' id='word_1_251' title='bbox 2634 439 2801 493; x_wconf 82' lang='lat' dir='ltr'><strong>unum</strong></span> <span class='ocrx_word' id='word_1_252' title='bbox 2833 440 2999 496; x_wconf 87' lang='lat' dir='ltr'><strong>Deum</strong></span> <span class='ocrx_word' id='word_1_253' title='bbox 3025 443 3237 500; x_wconf 88' lang='lat' dir='ltr'><strong>Patrem</strong></span> <span class='ocrx_word' id='word_1_254' title='bbox 3264 450 3442 502; x_wconf 87' lang='lat' dir='ltr'><strong>omni-</strong></span> 
     </span>
    </p>
   </div>
   <div class='ocr_carea' id='block_1_33' title="bbox 1873 527 3447 592">
    <p class='ocr_par' dir='ltr' id='par_1_33' title="bbox 1873 527 3447 592">
     <span class='ocr_line' id='line_1_33' title="bbox 1873 527 3447 592; baseline 0.008 -18"><span class='ocrx_word' id='word_1_255' title='bbox 1873 533 2184 592; x_wconf 84' lang='lat' dir='ltr'><strong>potentem,</strong></span> <span class='ocrx_word' id='word_1_256' title='bbox 2230 535 2286 579; x_wconf 91' lang='lat' dir='ltr'><strong>et</strong></span> <span class='ocrx_word' id='word_1_257' title='bbox 2317 527 2372 579; x_wconf 89' lang='lat' dir='ltr'><strong>in</strong></span> <span class='ocrx_word' id='word_1_258' title='bbox 2407 543 2574 581; x_wconf 90' lang='lat' dir='ltr'><strong>unum</strong></span> <span class='ocrx_word' id='word_1_259' title='bbox 2613 528 2896 585; x_wconf 89' lang='lat' dir='ltr'><strong>Dominum</strong></span> <span class='ocrx_word' id='word_1_260' title='bbox 2939 532 3122 587; x_wconf 81' lang='lat' dir='ltr'><strong>Jesum</strong></span> <span class='ocrx_word' id='word_1_261' title='bbox 3164 536 3447 591; x_wconf 81' lang='lat' dir='ltr'><strong>Christum</strong></span> 
     </span>
    </p>
   </div>
   <div class='ocr_carea' id='block_1_34' title="bbox 1874 611 3444 685">
    <p class='ocr_par' dir='ltr' id='par_1_34' title="bbox 1874 611 3444 685">
     <span class='ocr_line' id='line_1_34' title="bbox 1874 611 3444 685; baseline 0.008 -21"><span class='ocrx_word' id='word_1_262' title='bbox 1874 611 2069 666; x_wconf 88' lang='lat' dir='ltr'><strong>Filium</strong></span> <span class='ocrx_word' id='word_1_263' title='bbox 2101 613 2230 677; x_wconf 89' lang='lat' dir='ltr'><strong>Dei,</strong></span> <span class='ocrx_word' id='word_1_264' title='bbox 2263 623 2318 669; x_wconf 82' lang='lat' dir='ltr'><strong>et</strong></span> <span class='ocrx_word' id='word_1_265' title='bbox 2353 615 2404 668; x_wconf 88' lang='lat' dir='ltr'><strong>in</strong></span> <span class='ocrx_word' id='word_1_266' title='bbox 2438 615 2700 685; x_wconf 76' lang='lat' dir='ltr'><strong>Spiritum</strong></span> <span class='ocrx_word' id='word_1_267' title='bbox 2729 628 2980 674; x_wconf 90' lang='lat' dir='ltr'><strong>sanetum</strong></span> <span class='ocrx_word' id='word_1_268' title='bbox 3005 662 3020 680; x_wconf 90' lang='lat'><strong>.</strong></span> <span class='ocrx_word' id='word_1_269' title='bbox 3055 637 3214 675; x_wconf 91' lang='lat' dir='ltr'><strong>unam</strong></span> <span class='ocrx_word' id='word_1_270' title='bbox 3255 637 3444 676; x_wconf 89' lang='lat' dir='ltr'><strong>essen-</strong></span> 
     </span>
    </p>
   </div>
   <div class='ocr_carea' id='block_1_35' title="bbox 1875 698 3449 780">
    <p class='ocr_par' dir='ltr' id='par_1_35' title="bbox 1875 698 3449 780">
     <span class='ocr_line' id='line_1_35' title="bbox 1875 698 3449 780; baseline 0.009 -30"><span class='ocrx_word' id='word_1_271' title='bbox 1875 698 2000 751; x_wconf 91' lang='lat' dir='ltr'><strong>tiam</strong></span> <span class='ocrx_word' id='word_1_272' title='bbox 2024 699 2076 752; x_wconf 89' lang='lat' dir='ltr'><strong>in</strong></span> <span class='ocrx_word' id='word_1_273' title='bbox 2106 701 2276 755; x_wconf 91' lang='lat' dir='ltr'><strong>tribus</strong></span> <span class='ocrx_word' id='word_1_274' title='bbox 2308 703 2707 773; x_wconf 84' lang='lat' dir='ltr'><strong>hypostasibus,</strong></span> <span class='ocrx_word' id='word_1_275' title='bbox 2739 707 2854 762; x_wconf 82' lang='lat' dir='ltr'><strong>sive</strong></span> <span class='ocrx_word' id='word_1_276' title='bbox 2884 709 3304 764; x_wconf 62' lang='lat' dir='ltr'><strong>subsistentibus</strong></span> <span class='ocrx_word' id='word_1_277' title='bbox 3327 727 3449 780; x_wconf 85' lang='lat' dir='ltr'><strong>per-</strong></span> 
     </span>
    </p>
   </div>
   <div class='ocr_carea' id='block_1_36' title="bbox 1873 789 3442 870">
    <p class='ocr_par' dir='ltr' id='par_1_36' title="bbox 1873 789 3442 870">
     <span class='ocr_line' id='line_1_36' title="bbox 1873 789 3442 870; baseline 0.009 -28"><span class='ocrx_word' id='word_1_278' title='bbox 1873 789 2040 852; x_wconf 88' lang='lat' dir='ltr'><strong>sonis,</strong></span> <span class='ocrx_word' id='word_1_279' title='bbox 2075 791 2362 846; x_wconf 87' lang='lat' dir='ltr'><strong>adorantes</strong></span> <span class='ocrx_word' id='word_1_280' title='bbox 2391 810 2550 848; x_wconf 86' lang='lat' dir='ltr'><strong>unam</strong></span> <span class='ocrx_word' id='word_1_281' title='bbox 2581 796 2858 861; x_wconf 84' lang='lat' dir='ltr'><strong>deitatem,</strong></span> <span class='ocrx_word' id='word_1_282' title='bbox 2905 815 3066 852; x_wconf 88' lang='lat' dir='ltr'><strong>unam</strong></span> <span class='ocrx_word' id='word_1_283' title='bbox 3101 809 3442 870; x_wconf 85' lang='lat' dir='ltr'><strong>potestatem,</strong></span> 
     </span>
    </p>
   </div>
   <div class='ocr_carea' id='block_1_37' title="bbox 1875 879 3448 948">
    <p class='ocr_par' dir='ltr' id='par_1_37' title="bbox 1875 879 3448 948">
     <span class='ocr_line' id='line_1_37' title="bbox 1875 879 3448 948; baseline 0.008 -14"><span class='ocrx_word' id='word_1_284' title='bbox 1875 879 2190 934; x_wconf 71' lang='lat' dir='ltr'><strong>Trinitatem</strong></span> <span class='ocrx_word' id='word_1_285' title='bbox 2221 885 2760 941; x_wconf 87' lang='lat' dir='ltr'><strong>consubstantialem.</strong></span> <span class='ocrx_word' id='word_1_286' title='bbox 2794 888 2854 941; x_wconf 90' lang='lat' dir='ltr'><strong>ln</strong></span> <span class='ocrx_word' id='word_1_287' title='bbox 2886 889 3089 943; x_wconf 86' lang='lat' dir='ltr'><strong>ultimis</strong></span> <span class='ocrx_word' id='word_1_288' title='bbox 3122 899 3304 944; x_wconf 89' lang='lat' dir='ltr'><strong>autem</strong></span> <span class='ocrx_word' id='word_1_289' title='bbox 3333 893 3448 948; x_wconf 53' lang='lat' dir='ltr'><strong>die.</strong></span> 
     </span>
    </p>
   </div>
   <div class='ocr_carea' id='block_1_38' title="bbox 1873 966 3446 1034">
    <p class='ocr_par' dir='ltr' id='par_1_38' title="bbox 1873 966 3446 1034">
     <span class='ocr_line' id='line_1_38' title="bbox 1873 966 3446 1034; baseline 0.01 -14"><span class='ocrx_word' id='word_1_290' title='bbox 1873 966 1978 1021; x_wconf 91' lang='lat' dir='ltr'><strong>bus</strong></span> <span class='ocrx_word' id='word_1_291' title='bbox 2006 968 2330 1024; x_wconf 83' lang='lat' dir='ltr'><strong>conﬁtemur</strong></span> <span class='ocrx_word' id='word_1_292' title='bbox 2353 972 2641 1028; x_wconf 88' lang='lat' dir='ltr'><strong>Dominum</strong></span> <span class='ocrx_word' id='word_1_293' title='bbox 2676 984 2923 1030; x_wconf 89' lang='lat' dir='ltr'><strong>nostrum</strong></span> <span class='ocrx_word' id='word_1_294' title='bbox 2949 976 3134 1032; x_wconf 81' lang='lat' dir='ltr'><strong>Jesum</strong></span> <span class='ocrx_word' id='word_1_295' title='bbox 3167 979 3446 1034; x_wconf 81' lang='lat' dir='ltr'><strong>Christum</strong></span> 
     </span>
    </p>
   </div>
   <div class='ocr_carea' id='block_1_39' title="bbox 1874 1058 3442 1136">
    <p class='ocr_par' dir='ltr' id='par_1_39' title="bbox 1874 1058 3442 1136">
     <span class='ocr_line' id='line_1_39' title="bbox 1874 1058 3442 1136; baseline 0.01 -25"><span class='ocrx_word' id='word_1_296' title='bbox 1874 1058 2212 1130; x_wconf 81' lang='lat' dir='ltr'><strong>unigenitum</strong></span> <span class='ocrx_word' id='word_1_297' title='bbox 2245 1063 2340 1116; x_wconf 87' lang='lat' dir='ltr'><strong>Dei</strong></span> <span class='ocrx_word' id='word_1_298' title='bbox 2368 1063 2584 1130; x_wconf 90' lang='lat' dir='ltr'><strong>Filium,</strong></span> <span class='ocrx_word' id='word_1_299' title='bbox 2629 1081 2695 1120; x_wconf 83' lang='lat' dir='ltr'><strong>ex</strong></span> <span class='ocrx_word' id='word_1_300' title='bbox 2733 1067 2844 1122; x_wconf 93' lang='lat' dir='ltr'><strong>Deo</strong></span> <span class='ocrx_word' id='word_1_301' title='bbox 2875 1083 3002 1124; x_wconf 89' lang='lat' dir='ltr'><strong>vero</strong></span> <span class='ocrx_word' id='word_1_302' title='bbox 3024 1069 3192 1124; x_wconf 84' lang='lat' dir='ltr'><strong>Deum</strong></span> <span class='ocrx_word' id='word_1_303' title='bbox 3231 1087 3442 1136; x_wconf 85' lang='lat' dir='ltr'><strong>verum,</strong></span> 
     </span>
    </p>
   </div>
   <div class='ocr_carea' id='block_1_40' title="bbox 1877 1152 3442 1226">
    <p class='ocr_par' dir='ltr' id='par_1_40' title="bbox 1877 1152 3442 1226">
     <span class='ocr_line' id='line_1_40' title="bbox 1877 1152 3442 1226; baseline 0.009 -24"><span class='ocrx_word' id='word_1_304' title='bbox 1877 1157 2003 1204; x_wconf 87' lang='lat' dir='ltr'><strong>ante</strong></span> <span class='ocrx_word' id='word_1_305' title='bbox 2065 1152 2260 1205; x_wconf 66' lang='lat' dir='ltr'><strong>saecula</strong></span> <span class='ocrx_word' id='word_1_306' title='bbox 2290 1192 2304 1218; x_wconf 87' lang='lat'><strong>,</strong></span> <span class='ocrx_word' id='word_1_307' title='bbox 2371 1163 2427 1208; x_wconf 90' lang='lat' dir='ltr'><strong>et</strong></span> <span class='ocrx_word' id='word_1_308' title='bbox 2471 1157 2589 1210; x_wconf 88' lang='lat' dir='ltr'><strong>sine</strong></span> <span class='ocrx_word' id='word_1_309' title='bbox 2632 1165 2874 1226; x_wconf 90' lang='lat' dir='ltr'><strong>tempore</strong></span> <span class='ocrx_word' id='word_1_310' title='bbox 2913 1175 2975 1212; x_wconf 83' lang='lat' dir='ltr'><strong>ex</strong></span> <span class='ocrx_word' id='word_1_311' title='bbox 3022 1157 3180 1216; x_wconf 86' lang='lat' dir='ltr'><strong>Patre</strong></span> <span class='ocrx_word' id='word_1_312' title='bbox 3205 1170 3442 1216; x_wconf 82' lang='lat' dir='ltr'><strong>natum:</strong></span> 
     </span>
    </p>
   </div>
   <div class='ocr_carea' id='block_1_41' title="bbox 1876 1242 3442 1318">
    <p class='ocr_par' dir='ltr' id='par_1_41' title="bbox 1876 1242 3442 1318">
     <span class='ocr_line' id='line_1_41' title="bbox 1876 1242 3442 1318; baseline 0.007 -24"><span class='ocrx_word' id='word_1_313' title='bbox 1876 1250 2205 1295; x_wconf 68' lang='lat' dir='ltr'><strong>comternum</strong></span> <span class='ocrx_word' id='word_1_314' title='bbox 2228 1242 2395 1308; x_wconf 84' lang='lat' dir='ltr'><strong>Patri,</strong></span> <span class='ocrx_word' id='word_1_315' title='bbox 2414 1259 2478 1298; x_wconf 80' lang='lat' dir='ltr'><strong>ex</strong></span> <span class='ocrx_word' id='word_1_316' title='bbox 2503 1259 2612 1313; x_wconf 89' lang='lat' dir='ltr'><strong>quo</strong></span> <span class='ocrx_word' id='word_1_317' title='bbox 2635 1245 2838 1311; x_wconf 84' lang='lat' dir='ltr'><strong>omnia,</strong></span> <span class='ocrx_word' id='word_1_318' title='bbox 2861 1258 2914 1302; x_wconf 90' lang='lat' dir='ltr'><strong>et</strong></span> <span class='ocrx_word' id='word_1_319' title='bbox 2936 1264 3032 1316; x_wconf 84' lang='lat' dir='ltr'><strong>per</strong></span> <span class='ocrx_word' id='word_1_320' title='bbox 3053 1266 3213 1318; x_wconf 88' lang='lat' dir='ltr'><strong>quem</strong></span> <span class='ocrx_word' id='word_1_321' title='bbox 3239 1253 3442 1315; x_wconf 56' lang='lat' dir='ltr'><strong>on‘mia,</strong></span> 
     </span>
    </p>
   </div>
   <div class='ocr_carea' id='block_1_42' title="bbox 1878 1331 3448 1408">
    <p class='ocr_par' dir='ltr' id='par_1_42' title="bbox 1878 1331 3448 1408">
     <span class='ocr_line' id='line_1_42' title="bbox 1878 1331 3448 1408; baseline 0.007 -24"><span class='ocrx_word' id='word_1_322' title='bbox 1878 1332 1972 1400; x_wconf 88' lang='lat' dir='ltr'><strong>qui</strong></span> <span class='ocrx_word' id='word_1_323' title='bbox 2003 1331 2286 1396; x_wconf 86' lang='lat' dir='ltr'><strong>descendit</strong></span> <span class='ocrx_word' id='word_1_324' title='bbox 2313 1333 2381 1388; x_wconf 89' lang='lat' dir='ltr'><strong>de</strong></span> <span class='ocrx_word' id='word_1_325' title='bbox 2411 1334 2563 1390; x_wconf 84' lang='lat' dir='ltr'><strong>ccelis</strong></span> <span class='ocrx_word' id='word_1_326' title='bbox 2588 1377 2604 1400; x_wconf 91' lang='lat'><strong>,</strong></span> <span class='ocrx_word' id='word_1_327' title='bbox 2641 1335 2958 1390; x_wconf 81' lang='lat' dir='ltr'><strong>incarnatus</strong></span> <span class='ocrx_word' id='word_1_328' title='bbox 2985 1338 3051 1392; x_wconf 88' lang='lat' dir='ltr'><strong>de</strong></span> <span class='ocrx_word' id='word_1_329' title='bbox 3080 1337 3285 1408; x_wconf 90' lang='lat' dir='ltr'><strong>Spiritu</strong></span> <span class='ocrx_word' id='word_1_330' title='bbox 3316 1354 3448 1395; x_wconf 87' lang='lat' dir='ltr'><strong>san-</strong></span> 
     </span>
    </p>
   </div>
   <div class='ocr_carea' id='block_1_43' title="bbox 1878 1423 3449 1498">
    <p class='ocr_par' dir='ltr' id='par_1_43' title="bbox 1878 1423 3449 1498">
     <span class='ocr_line' id='line_1_43' title="bbox 1878 1423 3449 1498; baseline 0.004 -20"><span class='ocrx_word' id='word_1_331' title='bbox 1878 1433 1986 1489; x_wconf 86' lang='lat' dir='ltr'><strong>cto,</strong></span> <span class='ocrx_word' id='word_1_332' title='bbox 2019 1431 2073 1477; x_wconf 89' lang='lat' dir='ltr'><strong>et</strong></span> <span class='ocrx_word' id='word_1_333' title='bbox 2106 1432 2290 1478; x_wconf 90' lang='lat' dir='ltr'><strong>sancta</strong></span> <span class='ocrx_word' id='word_1_334' title='bbox 2317 1423 2556 1494; x_wconf 80' lang='lat' dir='ltr'><strong>gloriosa</strong></span> <span class='ocrx_word' id='word_1_335' title='bbox 2589 1435 2642 1480; x_wconf 92' lang='lat' dir='ltr'><strong>et</strong></span> <span class='ocrx_word' id='word_1_336' title='bbox 2669 1442 2884 1496; x_wconf 83' lang='lat' dir='ltr'><strong>semper</strong></span> <span class='ocrx_word' id='word_1_337' title='bbox 2911 1427 3130 1498; x_wconf 78' lang='lat' dir='ltr'><strong>Virgine</strong></span> <span class='ocrx_word' id='word_1_338' title='bbox 3158 1428 3324 1483; x_wconf 81' lang='lat' dir='ltr'><strong>Maria</strong></span> <span class='ocrx_word' id='word_1_339' title='bbox 3347 1469 3362 1494; x_wconf 89' lang='lat'><strong>,</strong></span> <span class='ocrx_word' id='word_1_340' title='bbox 3393 1437 3449 1484; x_wconf 87' lang='lat' dir='ltr'><strong>et</strong></span> 
     </span>
    </p>
   </div>
   <div class='ocr_carea' id='block_1_44' title="bbox 1879 1514 3447 1586">
    <p class='ocr_par' dir='ltr' id='par_1_44' title="bbox 1879 1514 3447 1586">
     <span class='ocr_line' id='line_1_44' title="bbox 1879 1514 3447 1586; baseline 0.003 -18"><span class='ocrx_word' id='word_1_341' title='bbox 1879 1514 2286 1580; x_wconf 86' lang='lat' dir='ltr'><strong>inhumanatus,</strong></span> <span class='ocrx_word' id='word_1_342' title='bbox 2301 1515 2416 1569; x_wconf 85' lang='lat' dir='ltr'><strong>sive</strong></span> <span class='ocrx_word' id='word_1_343' title='bbox 2442 1515 2604 1570; x_wconf 91' lang='lat' dir='ltr'><strong>homo</strong></span> <span class='ocrx_word' id='word_1_344' title='bbox 2631 1516 2806 1570; x_wconf 79' lang='lat' dir='ltr'><strong>factus</strong></span> <span class='ocrx_word' id='word_1_345' title='bbox 2829 1526 2932 1583; x_wconf 89' lang='lat' dir='ltr'><strong>est,</strong></span> <span class='ocrx_word' id='word_1_346' title='bbox 2953 1526 3007 1571; x_wconf 90' lang='lat' dir='ltr'><strong>et</strong></span> <span class='ocrx_word' id='word_1_347' title='bbox 3026 1533 3214 1586; x_wconf 87' lang='lat' dir='ltr'><strong>passus</strong></span> <span class='ocrx_word' id='word_1_348' title='bbox 3229 1533 3447 1573; x_wconf 90' lang='lat' dir='ltr'><strong>crucem</strong></span> 
     </span>
    </p>
   </div>
   <div class='ocr_carea' id='block_1_45' title="bbox 1878 1603 3450 1672">
    <p class='ocr_par' dir='ltr' id='par_1_45' title="bbox 1878 1603 3450 1672">
     <span class='ocr_line' id='line_1_45' title="bbox 1878 1603 3450 1672; baseline -0.001 -15"><span class='ocrx_word' id='word_1_349' title='bbox 1878 1618 1978 1672; x_wconf 87' lang='lat' dir='ltr'><strong>pro</strong></span> <span class='ocrx_word' id='word_1_350' title='bbox 2005 1603 2164 1659; x_wconf 84' lang='lat' dir='ltr'><strong>nobis</strong></span> <span class='ocrx_word' id='word_1_351' title='bbox 2189 1603 2288 1657; x_wconf 89' lang='lat' dir='ltr'><strong>sub</strong></span> <span class='ocrx_word' id='word_1_352' title='bbox 2314 1603 2511 1658; x_wconf 88' lang='lat' dir='ltr'><strong>Pontio</strong></span> <span class='ocrx_word' id='word_1_353' title='bbox 2537 1603 2705 1657; x_wconf 83' lang='lat' dir='ltr'><strong>Pilato</strong></span> <span class='ocrx_word' id='word_1_354' title='bbox 2723 1645 2736 1668; x_wconf 96' lang='lat'><strong>,</strong></span> <span class='ocrx_word' id='word_1_355' title='bbox 2765 1603 3008 1672; x_wconf 89' lang='lat' dir='ltr'><strong>sepultus</strong></span> <span class='ocrx_word' id='word_1_356' title='bbox 3035 1616 3148 1669; x_wconf 88' lang='lat' dir='ltr'><strong>est,</strong></span> <span class='ocrx_word' id='word_1_357' title='bbox 3181 1612 3236 1658; x_wconf 93' lang='lat' dir='ltr'><strong>et</strong></span> <span class='ocrx_word' id='word_1_358' title='bbox 3265 1619 3450 1658; x_wconf 90' lang='lat' dir='ltr'><strong>resur-</strong></span> 
     </span>
    </p>
   </div>
   <div class='ocr_carea' id='block_1_46' title="bbox 1879 1693 3452 1764">
    <p class='ocr_par' dir='ltr' id='par_1_46' title="bbox 1879 1693 3452 1764">
     <span class='ocr_line' id='line_1_46' title="bbox 1879 1693 3452 1764; baseline 0 -16"><span class='ocrx_word' id='word_1_359' title='bbox 1879 1695 2022 1749; x_wconf 80' lang='lat' dir='ltr'><strong>rexit</strong></span> <span class='ocrx_word' id='word_1_360' title='bbox 2053 1695 2212 1749; x_wconf 84' lang='lat' dir='ltr'><strong>tertio</strong></span> <span class='ocrx_word' id='word_1_361' title='bbox 2238 1693 2346 1748; x_wconf 86' lang='lat' dir='ltr'><strong>die.</strong></span> <span class='ocrx_word' id='word_1_362' title='bbox 2378 1693 2551 1749; x_wconf 86' lang='lat' dir='ltr'><strong>Unius</strong></span> <span class='ocrx_word' id='word_1_363' title='bbox 2583 1709 2647 1748; x_wconf 89' lang='lat' dir='ltr'><strong>ac</strong></span> <span class='ocrx_word' id='word_1_364' title='bbox 2672 1694 2918 1763; x_wconf 84' lang='lat' dir='ltr'><strong>ejusdem</strong></span> <span class='ocrx_word' id='word_1_365' title='bbox 2949 1694 3232 1764; x_wconf 87' lang='lat' dir='ltr'><strong>passiones</strong></span> <span class='ocrx_word' id='word_1_366' title='bbox 3260 1703 3316 1749; x_wconf 88' lang='lat' dir='ltr'><strong>et</strong></span> <span class='ocrx_word' id='word_1_367' title='bbox 3343 1695 3452 1748; x_wconf 84' lang='lat' dir='ltr'><strong>mi-</strong></span> 
     </span>
    </p>
   </div>
   <div class='ocr_carea' id='block_1_47' title="bbox 1884 1784 3447 1854">
    <p class='ocr_par' dir='ltr' id='par_1_47' title="bbox 1884 1784 3447 1854">
     <span class='ocr_line' id='line_1_47' title="bbox 1884 1784 3447 1854; baseline 0 -15"><span class='ocrx_word' id='word_1_368' title='bbox 1884 1785 2086 1848; x_wconf 86' lang='lat' dir='ltr'><strong>racula,</strong></span> <span class='ocrx_word' id='word_1_369' title='bbox 2128 1799 2249 1854; x_wconf 63' lang='lat' dir='ltr'><strong>quae</strong></span> <span class='ocrx_word' id='word_1_370' title='bbox 2271 1791 2466 1853; x_wconf 86' lang='lat' dir='ltr'><strong>sponte</strong></span> <span class='ocrx_word' id='word_1_371' title='bbox 2492 1784 2714 1853; x_wconf 82' lang='lat' dir='ltr'><strong>pertulit</strong></span> <span class='ocrx_word' id='word_1_372' title='bbox 2749 1785 2805 1838; x_wconf 91' lang='lat' dir='ltr'><strong>in</strong></span> <span class='ocrx_word' id='word_1_373' title='bbox 2831 1800 2996 1839; x_wconf 87' lang='lat' dir='ltr'><strong>carne</strong></span> <span class='ocrx_word' id='word_1_374' title='bbox 3019 1825 3033 1850; x_wconf 87' lang='lat'><strong>,</strong></span> <span class='ocrx_word' id='word_1_375' title='bbox 3071 1794 3447 1853; x_wconf 80' lang='lat' dir='ltr'><strong>agnoscentes.</strong></span> 
     </span>
    </p>
   </div>
   <div class='ocr_carea' id='block_1_48' title="bbox 1883 1873 3450 1941">
    <p class='ocr_par' dir='ltr' id='par_1_48' title="bbox 1883 1873 3450 1941">
     <span class='ocr_line' id='line_1_48' title="bbox 1883 1873 3450 1941; baseline 0.001 -13"><span class='ocrx_word' id='word_1_376' title='bbox 1883 1873 2000 1930; x_wconf 88' lang='lat' dir='ltr'><strong>Non</strong></span> <span class='ocrx_word' id='word_1_377' title='bbox 2031 1876 2175 1930; x_wconf 88' lang='lat' dir='ltr'><strong>enim</strong></span> <span class='ocrx_word' id='word_1_378' title='bbox 2206 1874 2369 1928; x_wconf 89' lang='lat' dir='ltr'><strong>alium</strong></span> <span class='ocrx_word' id='word_1_379' title='bbox 2403 1873 2572 1930; x_wconf 87' lang='lat' dir='ltr'><strong>Deum</strong></span> <span class='ocrx_word' id='word_1_380' title='bbox 2603 1873 2877 1941; x_wconf 89' lang='lat' dir='ltr'><strong>Verbum,</strong></span> <span class='ocrx_word' id='word_1_381' title='bbox 2904 1881 2960 1930; x_wconf 90' lang='lat' dir='ltr'><strong>et</strong></span> <span class='ocrx_word' id='word_1_382' title='bbox 2985 1876 3148 1930; x_wconf 81' lang='lat' dir='ltr'><strong>alium</strong></span> <span class='ocrx_word' id='word_1_383' title='bbox 3172 1875 3450 1931; x_wconf 86' lang='lat' dir='ltr'><strong>Christum</strong></span> 
     </span>
    </p>
   </div>
   <div class='ocr_carea' id='block_1_49' title="bbox 1884 1964 3452 2030">
    <p class='ocr_par' dir='ltr' id='par_1_49' title="bbox 1884 1964 3452 2030">
     <span class='ocr_line' id='line_1_49' title="bbox 1884 1964 3452 2030; baseline -0.001 -10"><span class='ocrx_word' id='word_1_384' title='bbox 1884 1967 2158 2030; x_wconf 89' lang='lat' dir='ltr'><strong>novimus,</strong></span> <span class='ocrx_word' id='word_1_385' title='bbox 2190 1966 2284 2020; x_wconf 88' lang='lat' dir='ltr'><strong>sed</strong></span> <span class='ocrx_word' id='word_1_386' title='bbox 2327 1980 2498 2019; x_wconf 89' lang='lat' dir='ltr'><strong>unum</strong></span> <span class='ocrx_word' id='word_1_387' title='bbox 2545 1974 2600 2020; x_wconf 92' lang='lat' dir='ltr'><strong>et</strong></span> <span class='ocrx_word' id='word_1_388' title='bbox 2625 1964 2898 2030; x_wconf 89' lang='lat' dir='ltr'><strong>eumdem,</strong></span> <span class='ocrx_word' id='word_1_389' title='bbox 2931 1966 3452 2020; x_wconf 84' lang='lat' dir='ltr'><strong>consubstantialem</strong></span> 
     </span>
    </p>
   </div>
   <div class='ocr_carea' id='block_1_50' title="bbox 1885 2057 3450 2122">
    <p class='ocr_par' dir='ltr' id='par_1_50' title="bbox 1885 2057 3450 2122">
     <span class='ocr_line' id='line_1_50' title="bbox 1885 2057 3450 2122; baseline 0 -9"><span class='ocrx_word' id='word_1_390' title='bbox 1885 2057 2062 2113; x_wconf 87' lang='lat' dir='ltr'><strong>Patris</strong></span> <span class='ocrx_word' id='word_1_391' title='bbox 2111 2057 2410 2112; x_wconf 89' lang='lat' dir='ltr'><strong>secundum</strong></span> <span class='ocrx_word' id='word_1_392' title='bbox 2465 2057 2718 2111; x_wconf 82' lang='lat' dir='ltr'><strong>deitatem</strong></span> <span class='ocrx_word' id='word_1_393' title='bbox 2750 2099 2766 2122; x_wconf 92' lang='lat'><strong>,</strong></span> <span class='ocrx_word' id='word_1_394' title='bbox 2825 2067 2880 2112; x_wconf 88' lang='lat' dir='ltr'><strong>et</strong></span> <span class='ocrx_word' id='word_1_395' title='bbox 2933 2058 3450 2113; x_wconf 87' lang='lat' dir='ltr'><strong>consubstantialem</strong></span> 
     </span>
    </p>
   </div>
   <div class='ocr_carea' id='block_1_51' title="bbox 1885 2148 3455 2205">
    <p class='ocr_par' dir='ltr' id='par_1_51' title="bbox 1885 2148 3455 2205">
     <span class='ocr_line' id='line_1_51' title="bbox 1885 2148 3455 2205; baseline 0 -1"><span class='ocrx_word' id='word_1_396' title='bbox 1885 2149 2043 2204; x_wconf 89' lang='lat' dir='ltr'><strong>nobis</strong></span> <span class='ocrx_word' id='word_1_397' title='bbox 2081 2149 2379 2204; x_wconf 86' lang='lat' dir='ltr'><strong>secundum</strong></span> <span class='ocrx_word' id='word_1_398' title='bbox 2404 2149 2815 2204; x_wconf 77' lang='lat' dir='ltr'><strong>humanitatem.</strong></span> <span class='ocrx_word' id='word_1_399' title='bbox 2847 2148 2916 2204; x_wconf 91' lang='lat' dir='ltr'><strong>Ut</strong></span> <span class='ocrx_word' id='word_1_400' title='bbox 2937 2149 3081 2204; x_wconf 86' lang='lat' dir='ltr'><strong>enim</strong></span> <span class='ocrx_word' id='word_1_401' title='bbox 3112 2157 3196 2204; x_wconf 88' lang='lat' dir='ltr'><strong>est</strong></span> <span class='ocrx_word' id='word_1_402' title='bbox 3225 2149 3281 2202; x_wconf 90' lang='lat' dir='ltr'><strong>in</strong></span> <span class='ocrx_word' id='word_1_403' title='bbox 3313 2149 3455 2205; x_wconf 86' lang='lat' dir='ltr'><strong>divi-</strong></span> 
     </span>
    </p>
   </div>
   <div class='ocr_carea' id='block_1_52' title="bbox 1886 2237 3453 2310">
    <p class='ocr_par' dir='ltr' id='par_1_52' title="bbox 1886 2237 3453 2310">
     <span class='ocr_line' id='line_1_52' title="bbox 1886 2237 3453 2310; baseline 0.004 -19"><span class='ocrx_word' id='word_1_404' title='bbox 1886 2238 2060 2292; x_wconf 89' lang='lat' dir='ltr'><strong>nitate</strong></span> <span class='ocrx_word' id='word_1_405' title='bbox 2091 2237 2364 2307; x_wconf 81' lang='lat' dir='ltr'><strong>pert‘ectus</strong></span> <span class='ocrx_word' id='word_1_406' title='bbox 2397 2281 2410 2305; x_wconf 96' lang='lat'><strong>,</strong></span> <span class='ocrx_word' id='word_1_407' title='bbox 2448 2239 2522 2292; x_wconf 90' lang='lat' dir='ltr'><strong>ita</strong></span> <span class='ocrx_word' id='word_1_408' title='bbox 2555 2239 2697 2294; x_wconf 88' lang='lat' dir='ltr'><strong>idem</strong></span> <span class='ocrx_word' id='word_1_409' title='bbox 2743 2241 2860 2309; x_wconf 86' lang='lat' dir='ltr'><strong>ipse</strong></span> <span class='ocrx_word' id='word_1_410' title='bbox 2894 2251 2944 2295; x_wconf 89' lang='lat' dir='ltr'><strong>et</strong></span> <span class='ocrx_word' id='word_1_411' title='bbox 2977 2241 3248 2310; x_wconf 87' lang='lat' dir='ltr'><strong>perfectus</strong></span> <span class='ocrx_word' id='word_1_412' title='bbox 3281 2250 3365 2299; x_wconf 89' lang='lat' dir='ltr'><strong>est</strong></span> <span class='ocrx_word' id='word_1_413' title='bbox 3393 2243 3453 2298; x_wconf 88' lang='lat' dir='ltr'><strong>in</strong></span> 
     </span>
    </p>
   </div>
   <div class='ocr_carea' id='block_1_53' title="bbox 1889 2327 3452 2401">
    <p class='ocr_par' dir='ltr' id='par_1_53' title="bbox 1889 2327 3452 2401">
     <span class='ocr_line' id='line_1_53' title="bbox 1889 2327 3452 2401; baseline 0.002 -17"><span class='ocrx_word' id='word_1_414' title='bbox 1889 2328 2243 2384; x_wconf 81' lang='lat' dir='ltr'><strong>humanitate.</strong></span> <span class='ocrx_word' id='word_1_415' title='bbox 2275 2327 2411 2382; x_wconf 85' lang='lat' dir='ltr'><strong>Nam</strong></span> <span class='ocrx_word' id='word_1_416' title='bbox 2465 2331 2584 2399; x_wconf 88' lang='lat' dir='ltr'><strong>ejus</strong></span> <span class='ocrx_word' id='word_1_417' title='bbox 2633 2330 2932 2384; x_wconf 81' lang='lat' dir='ltr'><strong>secundum</strong></span> <span class='ocrx_word' id='word_1_418' title='bbox 2975 2331 3307 2401; x_wconf 81' lang='lat' dir='ltr'><strong>hypostasim</strong></span> <span class='ocrx_word' id='word_1_419' title='bbox 3356 2347 3452 2387; x_wconf 89' lang='lat' dir='ltr'><strong>seu</strong></span> 
     </span>
    </p>
   </div>
   <div class='ocr_carea' id='block_1_54' title="bbox 1889 2419 3458 2491">
    <p class='ocr_par' dir='ltr' id='par_1_54' title="bbox 1889 2419 3458 2491">
     <span class='ocr_line' id='line_1_54' title="bbox 1889 2419 3458 2491; baseline 0.003 -17"><span class='ocrx_word' id='word_1_420' title='bbox 1889 2419 2185 2474; x_wconf 87' lang='lat' dir='ltr'><strong>secundum</strong></span> <span class='ocrx_word' id='word_1_421' title='bbox 2221 2435 2508 2489; x_wconf 85' lang='lat' dir='ltr'><strong>personam</strong></span> <span class='ocrx_word' id='word_1_422' title='bbox 2541 2421 2800 2475; x_wconf 86' lang='lat' dir='ltr'><strong>unitatem</strong></span> <span class='ocrx_word' id='word_1_423' title='bbox 2826 2422 3152 2491; x_wconf 73' lang='lat' dir='ltr'><strong>suscipimus</strong></span> <span class='ocrx_word' id='word_1_424' title='bbox 3175 2461 3192 2488; x_wconf 91' lang='lat'><strong>,</strong></span> <span class='ocrx_word' id='word_1_425' title='bbox 3236 2431 3292 2477; x_wconf 87' lang='lat' dir='ltr'><strong>et</strong></span> <span class='ocrx_word' id='word_1_426' title='bbox 3317 2438 3458 2478; x_wconf 91' lang='lat' dir='ltr'><strong>eon-</strong></span> 
     </span>
    </p>
   </div>
   <div class='ocr_carea' id='block_1_55' title="bbox 1891 2511 3455 2583">
    <p class='ocr_par' dir='ltr' id='par_1_55' title="bbox 1891 2511 3455 2583">
     <span class='ocr_line' id='line_1_55' title="bbox 1891 2511 3455 2583; baseline 0 -17"><span class='ocrx_word' id='word_1_427' title='bbox 1891 2513 2142 2568; x_wconf 87' lang='lat' dir='ltr'><strong>ﬁtemur:</strong></span> <span class='ocrx_word' id='word_1_428' title='bbox 2169 2511 2367 2566; x_wconf 89' lang='lat' dir='ltr'><strong>mansit</strong></span> <span class='ocrx_word' id='word_1_429' title='bbox 2390 2511 2534 2565; x_wconf 89' lang='lat' dir='ltr'><strong>enim</strong></span> <span class='ocrx_word' id='word_1_430' title='bbox 2561 2511 2798 2566; x_wconf 89' lang='lat' dir='ltr'><strong>Trinitas</strong></span> <span class='ocrx_word' id='word_1_431' title='bbox 2825 2512 3064 2568; x_wconf 87' lang='lat' dir='ltr'><strong>Trinitas</strong></span> <span class='ocrx_word' id='word_1_432' title='bbox 3106 2522 3160 2568; x_wconf 89' lang='lat' dir='ltr'><strong>et</strong></span> <span class='ocrx_word' id='word_1_433' title='bbox 3201 2522 3324 2583; x_wconf 88' lang='lat' dir='ltr'><strong>post</strong></span> <span class='ocrx_word' id='word_1_434' title='bbox 3367 2514 3455 2566; x_wconf 79' lang='lat' dir='ltr'><strong>in-</strong></span> 
     </span>
    </p>
   </div>
   <div class='ocr_carea' id='block_1_56' title="bbox 1889 2603 3454 2675">
    <p class='ocr_par' dir='ltr' id='par_1_56' title="bbox 1889 2603 3454 2675">
     <span class='ocr_line' id='line_1_56' title="bbox 1889 2603 3454 2675; baseline -0.001 -15"><span class='ocrx_word' id='word_1_435' title='bbox 1889 2615 2172 2660; x_wconf 86' lang='lat' dir='ltr'><strong>carnatum</strong></span> <span class='ocrx_word' id='word_1_436' title='bbox 2204 2620 2370 2658; x_wconf 90' lang='lat' dir='ltr'><strong>unum</strong></span> <span class='ocrx_word' id='word_1_437' title='bbox 2398 2620 2464 2659; x_wconf 81' lang='lat' dir='ltr'><strong>ex</strong></span> <span class='ocrx_word' id='word_1_438' title='bbox 2509 2604 2774 2659; x_wconf 91' lang='lat' dir='ltr'><strong>Trinitate</strong></span> <span class='ocrx_word' id='word_1_439' title='bbox 2816 2603 2910 2660; x_wconf 89' lang='lat' dir='ltr'><strong>Dei</strong></span> <span class='ocrx_word' id='word_1_440' title='bbox 2961 2605 3197 2660; x_wconf 80' lang='lat' dir='ltr'><strong>Verbum</strong></span> <span class='ocrx_word' id='word_1_441' title='bbox 3230 2623 3243 2660; x_wconf 91' lang='lat'><strong>:</strong></span> <span class='ocrx_word' id='word_1_442' title='bbox 3277 2619 3454 2675; x_wconf 89' lang='lat' dir='ltr'><strong>neque</strong></span> 
     </span>
    </p>
   </div>
   <div class='ocr_carea' id='block_1_57' title="bbox 1892 2695 3456 2766">
    <p class='ocr_par' dir='ltr' id='par_1_57' title="bbox 1892 2695 3456 2766">
     <span class='ocr_line' id='line_1_57' title="bbox 1892 2695 3456 2766; baseline 0.001 -15"><span class='ocrx_word' id='word_1_443' title='bbox 1892 2697 2038 2751; x_wconf 89' lang='lat' dir='ltr'><strong>enim</strong></span> <span class='ocrx_word' id='word_1_444' title='bbox 2068 2704 2271 2765; x_wconf 79' lang='lat' dir='ltr'><strong>quarta:</strong></span> <span class='ocrx_word' id='word_1_445' title='bbox 2307 2712 2557 2766; x_wconf 66' lang='lat' dir='ltr'><strong>persona:</strong></span> <span class='ocrx_word' id='word_1_446' title='bbox 2583 2695 2940 2766; x_wconf 88' lang='lat' dir='ltr'><strong>adjectionem</strong></span> <span class='ocrx_word' id='word_1_447' title='bbox 2986 2697 3222 2752; x_wconf 85' lang='lat' dir='ltr'><strong>admittit</strong></span> <span class='ocrx_word' id='word_1_448' title='bbox 3269 2709 3456 2752; x_wconf 88' lang='lat' dir='ltr'><strong>sancta</strong></span> 
     </span>
    </p>
   </div>
   <div class='ocr_carea' id='block_1_58' title="bbox 1894 2782 3458 2851">
    <p class='ocr_par' dir='ltr' id='par_1_58' title="bbox 1894 2782 3458 2851">
     <span class='ocr_line' id='line_1_58' title="bbox 1894 2782 3458 2851; baseline 0.001 -13"><span class='ocrx_word' id='word_1_449' title='bbox 1894 2782 2148 2840; x_wconf 84' lang='lat' dir='ltr'><strong>Trinitas.</strong></span> <span class='ocrx_word' id='word_1_450' title='bbox 2185 2785 2282 2840; x_wconf 85' lang='lat' dir='ltr'><strong>llis</strong></span> <span class='ocrx_word' id='word_1_451' title='bbox 2335 2786 2407 2840; x_wconf 91' lang='lat' dir='ltr'><strong>ita</strong></span> <span class='ocrx_word' id='word_1_452' title='bbox 2458 2801 2518 2840; x_wconf 88' lang='lat' dir='ltr'><strong>se</strong></span> <span class='ocrx_word' id='word_1_453' title='bbox 2547 2786 2905 2851; x_wconf 84' lang='lat' dir='ltr'><strong>habentibus,</strong></span> <span class='ocrx_word' id='word_1_454' title='bbox 2938 2786 3458 2840; x_wconf 85' lang='lat' dir='ltr'><strong>anathematizamus</strong></span> 
     </span>
    </p>
   </div>
   <div class='ocr_carea' id='block_1_59' title="bbox 1892 2874 3459 2946">
    <p class='ocr_par' dir='ltr' id='par_1_59' title="bbox 1892 2874 3459 2946">
     <span class='ocr_line' id='line_1_59' title="bbox 1892 2874 3459 2946; baseline -0.002 -16"><span class='ocrx_word' id='word_1_455' title='bbox 1892 2891 2110 2930; x_wconf 88' lang='lat' dir='ltr'><strong>omnem</strong></span> <span class='ocrx_word' id='word_1_456' title='bbox 2157 2876 2423 2940; x_wconf 65' lang='lat' dir='ltr'><strong>haeresin,</strong></span> <span class='ocrx_word' id='word_1_457' title='bbox 2490 2875 2761 2946; x_wconf 60' lang='lat' dir='ltr'><strong>pracipne</strong></span> <span class='ocrx_word' id='word_1_458' title='bbox 2813 2891 2943 2931; x_wconf 88' lang='lat' dir='ltr'><strong>vero</strong></span> <span class='ocrx_word' id='word_1_459' title='bbox 2999 2874 3308 2930; x_wconf 73' lang='lat' dir='ltr'><strong>Nestorium</strong></span> <span class='ocrx_word' id='word_1_460' title='bbox 3358 2889 3459 2928; x_wconf 78' lang='lat' dir='ltr'><strong>an-</strong></span> 
     </span>
    </p>
   </div>
   <div class='ocr_carea' id='block_1_60' title="bbox 1894 2966 3458 3038">
    <p class='ocr_par' dir='ltr' id='par_1_60' title="bbox 1894 2966 3458 3038">
     <span class='ocr_line' id='line_1_60' title="bbox 1894 2966 3458 3038; baseline -0.004 -14"><span class='ocrx_word' id='word_1_461' title='bbox 1894 2969 2325 3038; x_wconf 85' lang='lat' dir='ltr'><strong>thropolatram,</strong></span> <span class='ocrx_word' id='word_1_462' title='bbox 2357 2975 2413 3022; x_wconf 90' lang='lat' dir='ltr'><strong>et</strong></span> <span class='ocrx_word' id='word_1_463' title='bbox 2461 2967 2553 3036; x_wconf 88' lang='lat' dir='ltr'><strong>qui</strong></span> <span class='ocrx_word' id='word_1_464' title='bbox 2601 2967 2790 3022; x_wconf 89' lang='lat' dir='ltr'><strong>eadem</strong></span> <span class='ocrx_word' id='word_1_465' title='bbox 2838 2972 2961 3021; x_wconf 85' lang='lat' dir='ltr'><strong>eum</strong></span> <span class='ocrx_word' id='word_1_466' title='bbox 3015 2967 3134 3036; x_wconf 90' lang='lat' dir='ltr'><strong>ipso</strong></span> <span class='ocrx_word' id='word_1_467' title='bbox 3180 2966 3458 3030; x_wconf 91' lang='lat' dir='ltr'><strong>sentiunt,</strong></span> 
     </span>
    </p>
   </div>
   <div class='ocr_carea' id='block_1_61' title="bbox 218 3053 1787 3127">
    <p class='ocr_par' dir='ltr' id='par_1_61' title="bbox 218 3053 1787 3127">
     <span class='ocr_line' id='line_1_61' title="bbox 218 3053 1787 3127; baseline 0.001 -19"><span class='ocrx_word' id='word_1_468' title='bbox 218 3053 442 3126; x_wconf 80' lang='grc' dir='ltr'>Μαρίαν</span> <span class='ocrx_word' id='word_1_469' title='bbox 490 3053 769 3122; x_wconf 83' lang='grc' dir='ltr'>Θεοτόκον,</span> <span class='ocrx_word' id='word_1_470' title='bbox 817 3055 1061 3108; x_wconf 85' lang='grc' dir='ltr'>τουτέστι</span> <span class='ocrx_word' id='word_1_471' title='bbox 1100 3056 1310 3127; x_wconf 79' lang='grc' dir='ltr'>μητέρα</span> <span class='ocrx_word' id='word_1_472' title='bbox 1341 3055 1497 3122; x_wconf 85' lang='grc' dir='ltr'>Θεοῦ,</span> <span class='ocrx_word' id='word_1_473' title='bbox 1529 3056 1668 3111; x_wconf 82' lang='grc' dir='ltr'>ἀλλὰ</span> <span class='ocrx_word' id='word_1_474' title='bbox 1699 3057 1787 3110; x_wconf 87' lang='grc' dir='ltr'><strong>δύο</strong></span> 
     </span>
    </p>
   </div>
   <div class='ocr_carea' id='block_1_62' title="bbox 1886 3053 3462 3127">
    <p class='ocr_par' dir='ltr' id='par_1_62' title="bbox 1897 3057 3462 3126">
     <span class='ocr_line' id='line_1_62' title="bbox 1897 3057 3462 3126; baseline -0.003 -11"><span class='ocrx_word' id='word_1_475' title='bbox 1897 3060 1981 3115; x_wconf 89' lang='lat' dir='ltr'><strong>vel</strong></span> <span class='ocrx_word' id='word_1_476' title='bbox 2039 3068 2364 3122; x_wconf 88' lang='lat' dir='ltr'><strong>senserunt,</strong></span> <span class='ocrx_word' id='word_1_477' title='bbox 2392 3061 2487 3126; x_wconf 89' lang='lat' dir='ltr'><strong>qui</strong></span> <span class='ocrx_word' id='word_1_478' title='bbox 2535 3058 2786 3113; x_wconf 82' lang='lat' dir='ltr'><strong>dividunt</strong></span> <span class='ocrx_word' id='word_1_479' title='bbox 2821 3073 2990 3112; x_wconf 90' lang='lat' dir='ltr'><strong>unum</strong></span> <span class='ocrx_word' id='word_1_480' title='bbox 3033 3057 3323 3112; x_wconf 88' lang='lat' dir='ltr'><strong>Dominum</strong></span> <span class='ocrx_word' id='word_1_481' title='bbox 3359 3072 3462 3110; x_wconf 89' lang='lat' dir='ltr'><strong>no-</strong></span> 
     </span>
    </p>
   </div>
   <div class='ocr_carea' id='block_1_63' title="bbox 218 3123 1787 3219">
    <p class='ocr_par' dir='ltr' id='par_1_63' title="bbox 218 3123 1787 3219">
     <span class='ocr_line' id='line_1_63' title="bbox 218 3123 1787 3219; baseline 0.002 -20"><span class='ocrx_word' id='word_1_482' title='bbox 218 3123 366 3208; x_wconf 71' lang='grc' dir='ltr'>υίοῦς</span> <span class='ocrx_word' id='word_1_483' title='bbox 399 3145 681 3215; x_wconf 83' lang='grc' dir='ltr'>λέγοντας,</span> <span class='ocrx_word' id='word_1_484' title='bbox 731 3147 890 3200; x_wconf 80' lang='grc' dir='ltr'>ἄλλον</span> <span class='ocrx_word' id='word_1_485' title='bbox 925 3149 1026 3218; x_wconf 83' lang='grc' dir='ltr'>μὲν</span> <span class='ocrx_word' id='word_1_486' title='bbox 1053 3123 1141 3201; x_wconf 82' lang='grc' dir='ltr'><strong>τὸν</strong></span> <span class='ocrx_word' id='word_1_487' title='bbox 1163 3123 1254 3202; x_wconf 55' lang='lat' dir='ltr'><strong>ty.</strong></span> <span class='ocrx_word' id='word_1_488' title='bbox 1275 3149 1488 3219; x_wconf 85' lang='grc' dir='ltr'>Πατρὸς</span> <span class='ocrx_word' id='word_1_489' title='bbox 1521 3139 1654 3202; x_wconf 83' lang='grc' dir='ltr'>Θεὸν</span> <span class='ocrx_word' id='word_1_490' title='bbox 1686 3149 1787 3202; x_wconf 80' lang='grc' dir='ltr'><strong>Δό-</strong></span> 
     </span>
    </p>
   </div>
   <div class='ocr_carea' id='block_1_64' title="bbox 1886 3123 3464 3219">
    <p class='ocr_par' dir='ltr' id='par_1_64' title="bbox 1896 3123 3464 3213">
     <span class='ocr_line' id='line_1_64' title="bbox 1896 3123 3464 3213; baseline -0.003 -6"><span class='ocrx_word' id='word_1_491' title='bbox 1896 3161 2072 3207; x_wconf 88' lang='lat' dir='ltr'><strong>strum</strong></span> <span class='ocrx_word' id='word_1_492' title='bbox 2101 3150 2288 3206; x_wconf 83' lang='lat' dir='ltr'><strong>Jesum</strong></span> <span class='ocrx_word' id='word_1_493' title='bbox 2335 3123 2613 3204; x_wconf 82' lang='lat' dir='ltr'><strong>Christum</strong></span> <span class='ocrx_word' id='word_1_494' title='bbox 2666 3148 2858 3204; x_wconf 86' lang='lat' dir='ltr'><strong>Filium</strong></span> <span class='ocrx_word' id='word_1_495' title='bbox 2901 3149 3023 3213; x_wconf 86' lang='lat' dir='ltr'><strong>Dei,</strong></span> <span class='ocrx_word' id='word_1_496' title='bbox 3071 3159 3126 3202; x_wconf 89' lang='lat' dir='ltr'><strong>et</strong></span> <span class='ocrx_word' id='word_1_497' title='bbox 3165 3149 3332 3202; x_wconf 89' lang='lat' dir='ltr'><strong>Deum</strong></span> <span class='ocrx_word' id='word_1_498' title='bbox 3363 3163 3464 3202; x_wconf 87' lang='lat' dir='ltr'><strong>no-</strong></span> 
     </span>
    </p>
   </div>
   <div class='ocr_carea' id='block_1_65' title="bbox 218 3235 1787 3311">
    <p class='ocr_par' dir='ltr' id='par_1_65' title="bbox 218 3235 1787 3311">
     <span class='ocr_line' id='line_1_65' title="bbox 218 3235 1787 3311; baseline 0.003 -23"><span class='ocrx_word' id='word_1_499' title='bbox 218 3254 309 3305; x_wconf 85' lang='grc' dir='ltr'>τον</span> <span class='ocrx_word' id='word_1_500' title='bbox 332 3279 348 3300; x_wconf 93' lang='grc'><strong>,</strong></span> <span class='ocrx_word' id='word_1_501' title='bbox 404 3235 567 3290; x_wconf 75' lang='grc' dir='ltr'>ἄλλον</span> <span class='ocrx_word' id='word_1_502' title='bbox 614 3236 672 3290; x_wconf 77' lang='grc' dir='ltr'>δὲ</span> <span class='ocrx_word' id='word_1_503' title='bbox 697 3237 788 3290; x_wconf 80' lang='grc' dir='ltr'><strong>τὸν</strong></span> <span class='ocrx_word' id='word_1_504' title='bbox 825 3239 891 3292; x_wconf 78' lang='grc' dir='ltr'>ἐκ</span> <span class='ocrx_word' id='word_1_505' title='bbox 931 3240 1030 3310; x_wconf 84' lang='grc' dir='ltr'>τῆς</span> <span class='ocrx_word' id='word_1_506' title='bbox 1071 3239 1234 3308; x_wconf 79' lang='grc' dir='ltr'>ἁγίας</span> <span class='ocrx_word' id='word_1_507' title='bbox 1269 3239 1658 3311; x_wconf 80' lang='grc' dir='ltr'>’Λειπαρθένου</span> <span class='ocrx_word' id='word_1_508' title='bbox 1702 3241 1787 3294; x_wconf 70' lang='grc' dir='ltr'>καὶ</span> 
     </span>
    </p>
   </div>
   <div class='ocr_carea' id='block_1_66' title="bbox 1886 3235 3462 3311">
    <p class='ocr_par' dir='ltr' id='par_1_66' title="bbox 1892 3239 3462 3310">
     <span class='ocr_line' id='line_1_66' title="bbox 1892 3239 3462 3310; baseline -0.003 -14"><span class='ocrx_word' id='word_1_509' title='bbox 1892 3251 2061 3296; x_wconf 86' lang='lat' dir='ltr'><strong>strum</strong></span> <span class='ocrx_word' id='word_1_510' title='bbox 2083 3281 2097 3306; x_wconf 88' lang='lat'><strong>,</strong></span> <span class='ocrx_word' id='word_1_511' title='bbox 2145 3248 2202 3295; x_wconf 90' lang='lat' dir='ltr'><strong>et</strong></span> <span class='ocrx_word' id='word_1_512' title='bbox 2249 3240 2340 3310; x_wconf 90' lang='lat' dir='ltr'><strong>qui</strong></span> <span class='ocrx_word' id='word_1_513' title='bbox 2370 3255 2479 3294; x_wconf 92' lang='lat' dir='ltr'><strong>non</strong></span> <span class='ocrx_word' id='word_1_514' title='bbox 2529 3239 2858 3295; x_wconf 79' lang='lat' dir='ltr'><strong>conﬁtentur</strong></span> <span class='ocrx_word' id='word_1_515' title='bbox 2886 3239 3139 3308; x_wconf 86' lang='lat' dir='ltr'><strong>proprie,</strong></span> <span class='ocrx_word' id='word_1_516' title='bbox 3181 3247 3236 3293; x_wconf 93' lang='lat' dir='ltr'><strong>et</strong></span> <span class='ocrx_word' id='word_1_517' title='bbox 3265 3254 3462 3293; x_wconf 83' lang='lat' dir='ltr'><strong>secun-</strong></span> 
     </span>
    </p>
   </div>
   <div class='ocr_carea' id='block_1_67' title="bbox 216 3329 1794 3402">
    <p class='ocr_par' dir='ltr' id='par_1_67' title="bbox 216 3329 1794 3402">
     <span class='ocr_line' id='line_1_67' title="bbox 216 3329 1794 3402; baseline 0.001 -20"><span class='ocrx_word' id='word_1_518' title='bbox 216 3329 487 3382; x_wconf 71' lang='grc' dir='ltr'>Θεοτόκου</span> <span class='ocrx_word' id='word_1_519' title='bbox 520 3329 758 3397; x_wconf 80' lang='grc' dir='ltr'>Μαρίας,</span> <span class='ocrx_word' id='word_1_520' title='bbox 807 3330 990 3402; x_wconf 77' lang='grc' dir='ltr'>χάριτι</span> <span class='ocrx_word' id='word_1_521' title='bbox 1015 3331 1072 3386; x_wconf 82' lang='grc' dir='ltr'><strong>δὲ</strong></span> <span class='ocrx_word' id='word_1_522' title='bbox 1111 3332 1205 3384; x_wconf 71' lang='grc' dir='ltr'>καὶ</span> <span class='ocrx_word' id='word_1_523' title='bbox 1231 3330 1414 3401; x_wconf 81' lang='grc' dir='ltr'>σχέσει</span> <span class='ocrx_word' id='word_1_524' title='bbox 1457 3332 1552 3384; x_wconf 78' lang='grc' dir='ltr'>καὶ</span> <span class='ocrx_word' id='word_1_525' title='bbox 1579 3331 1794 3384; x_wconf 75' lang='grc' dir='ltr'>οἰκειώ-</span> 
     </span>
    </p>
   </div>
   <div class='ocr_carea' id='block_1_68' title="bbox 219 3421 1796 3493">
    <p class='ocr_par' dir='ltr' id='par_1_68' title="bbox 219 3421 1796 3493">
     <span class='ocr_line' id='line_1_68' title="bbox 219 3421 1796 3493; baseline -0.001 -17"><span class='ocrx_word' id='word_1_526' title='bbox 219 3440 298 3476; x_wconf 83' lang='grc' dir='ltr'><strong>σει</strong></span> <span class='ocrx_word' id='word_1_527' title='bbox 329 3425 399 3493; x_wconf 74' lang='grc' dir='ltr'><strong>τῇ</strong></span> <span class='ocrx_word' id='word_1_528' title='bbox 433 3422 569 3492; x_wconf 78' lang='grc' dir='ltr'>πρὸς</span> <span class='ocrx_word' id='word_1_529' title='bbox 594 3421 687 3476; x_wconf 86' lang='grc' dir='ltr'><strong>τὸν</strong></span> <span class='ocrx_word' id='word_1_530' title='bbox 715 3421 848 3475; x_wconf 84' lang='grc' dir='ltr'>Θεὸν</span> <span class='ocrx_word' id='word_1_531' title='bbox 892 3421 1062 3492; x_wconf 78' lang='grc' dir='ltr'>Λόγον</span> <span class='ocrx_word' id='word_1_532' title='bbox 1106 3423 1202 3476; x_wconf 77' lang='grc' dir='ltr'>καὶ</span> <span class='ocrx_word' id='word_1_533' title='bbox 1229 3423 1360 3476; x_wconf 87' lang='grc' dir='ltr'>Θεὸν</span> <span class='ocrx_word' id='word_1_534' title='bbox 1375 3423 1538 3477; x_wconf 81' lang='grc' dir='ltr'>αὑτὸν</span> <span class='ocrx_word' id='word_1_535' title='bbox 1564 3423 1796 3492; x_wconf 84' lang='grc' dir='ltr'>γεγενῆ-</span> 
     </span>
    </p>
   </div>
   <div class='ocr_carea' id='block_1_69' title="bbox 222 3513 1800 3593">
    <p class='ocr_par' dir='ltr' id='par_1_69' title="bbox 222 3513 1800 3593">
     <span class='ocr_line' id='line_1_69' title="bbox 222 3513 1800 3593; baseline 0 -25"><span class='ocrx_word' id='word_1_536' title='bbox 222 3515 346 3569; x_wconf 83' lang='grc' dir='ltr'>σθαι</span> <span class='ocrx_word' id='word_1_537' title='bbox 363 3517 410 3547; x_wconf 80' lang='grc'><strong>⁷³</strong></span> <span class='ocrx_word' id='word_1_538' title='bbox 441 3513 831 3593; x_wconf 57' lang='grc' dir='ltr'>ἀρνουμένους,</span> <span class='ocrx_word' id='word_1_539' title='bbox 851 3514 948 3569; x_wconf 76' lang='grc' dir='ltr'>καὶ</span> <span class='ocrx_word' id='word_1_540' title='bbox 973 3515 1049 3586; x_wconf 78' lang='grc' dir='ltr'>μὴ</span> <span class='ocrx_word' id='word_1_541' title='bbox 1069 3515 1462 3586; x_wconf 78' lang='grc' dir='ltr'>ὁμολογοῦντας</span> <span class='ocrx_word' id='word_1_542' title='bbox 1488 3515 1578 3569; x_wconf 90' lang='grc' dir='ltr'><strong>τὸν</strong></span> <span class='ocrx_word' id='word_1_543' title='bbox 1602 3515 1800 3568; x_wconf 72' lang='grc' dir='ltr'>Δεσπόι</span> 
     </span>
    </p>
   </div>
   <div class='ocr_carea' id='block_1_70' title="bbox 219 3605 1799 3679">
    <p class='ocr_par' dir='ltr' id='par_1_70' title="bbox 219 3605 1799 3679">
     <span class='ocr_line' id='line_1_70' title="bbox 219 3605 1799 3679; baseline 0 -19"><span class='ocrx_word' id='word_1_544' title='bbox 219 3625 320 3679; x_wconf 78' lang='grc' dir='ltr'><strong>την</strong></span> <span class='ocrx_word' id='word_1_545' title='bbox 341 3606 510 3678; x_wconf 80' lang='grc' dir='ltr'>ἡμῶν</span> <span class='ocrx_word' id='word_1_546' title='bbox 537 3605 749 3677; x_wconf 83' lang='grc' dir='ltr'>Ἰησοῦν</span> <span class='ocrx_word' id='word_1_547' title='bbox 771 3607 1005 3677; x_wconf 82' lang='grc' dir='ltr'>Χριστὸν</span> <span class='ocrx_word' id='word_1_548' title='bbox 1025 3607 1116 3660; x_wconf 89' lang='grc' dir='ltr'><strong>τὸν</strong></span> <span class='ocrx_word' id='word_1_549' title='bbox 1139 3607 1264 3660; x_wconf 80' lang='grc' dir='ltr'>Υίὸν</span> <span class='ocrx_word' id='word_1_550' title='bbox 1287 3606 1382 3660; x_wconf 89' lang='grc' dir='ltr'><strong>τοῦ</strong></span> <span class='ocrx_word' id='word_1_551' title='bbox 1398 3605 1532 3659; x_wconf 89' lang='grc' dir='ltr'>Θεοῦ</span> <span class='ocrx_word' id='word_1_552' title='bbox 1555 3607 1651 3659; x_wconf 79' lang='grc' dir='ltr'>καὶ</span> <span class='ocrx_word' id='word_1_553' title='bbox 1665 3605 1799 3660; x_wconf 86' lang='grc' dir='ltr'>Θεὸν</span> 
     </span>
    </p>
   </div>
   <div class='ocr_carea' id='block_1_71' title="bbox 221 3697 1803 3770">
    <p class='ocr_par' dir='ltr' id='par_1_71' title="bbox 221 3697 1803 3770">
     <span class='ocr_line' id='line_1_71' title="bbox 221 3697 1803 3770; baseline -0.001 -19"><span class='ocrx_word' id='word_1_554' title='bbox 221 3699 382 3770; x_wconf 77' lang='grc' dir='ltr'>ἡμῶν</span> <span class='ocrx_word' id='word_1_555' title='bbox 437 3697 532 3751; x_wconf 86' lang='grc' dir='ltr'><strong>τὸν</strong></span> <span class='ocrx_word' id='word_1_556' title='bbox 583 3697 951 3768; x_wconf 83' lang='grc' dir='ltr'>σαρκωθέντα,</span> <span class='ocrx_word' id='word_1_557' title='bbox 1004 3697 1098 3750; x_wconf 75' lang='grc' dir='ltr'>καὶ</span> <span class='ocrx_word' id='word_1_558' title='bbox 1146 3697 1665 3768; x_wconf 78' lang='grc' dir='ltr'>ὲνανθρωπήσαντα,</span> <span class='ocrx_word' id='word_1_559' title='bbox 1707 3699 1803 3752; x_wconf 76' lang='grc' dir='ltr'>καὶ</span> 
     </span>
    </p>
   </div>
   <div class='ocr_carea' id='block_1_72' title="bbox 225 3782 1799 3859">
    <p class='ocr_par' dir='ltr' id='par_1_72' title="bbox 225 3782 1799 3859">
     <span class='ocr_line' id='line_1_72' title="bbox 225 3782 1799 3859; baseline 0 -17"><span class='ocrx_word' id='word_1_560' title='bbox 225 3787 634 3859; x_wconf 83' lang='grc' dir='ltr'>σταυρωθέντα,</span> <span class='ocrx_word' id='word_1_561' title='bbox 663 3787 759 3841; x_wconf 69' lang='grc' dir='ltr'>ἕνα</span> <span class='ocrx_word' id='word_1_562' title='bbox 802 3783 942 3855; x_wconf 68' lang='grc' dir='ltr'>εἶναι</span> <span class='ocrx_word' id='word_1_563' title='bbox 981 3788 1078 3859; x_wconf 83' lang='grc' dir='ltr'>τῆς</span> <span class='ocrx_word' id='word_1_564' title='bbox 1107 3787 1390 3858; x_wconf 85' lang='grc' dir='ltr'>ὁμοουσίου</span> <span class='ocrx_word' id='word_1_565' title='bbox 1420 3787 1666 3858; x_wconf 83' lang='grc' dir='ltr'>Τριάδος.</span> <span class='ocrx_word' id='word_1_566' title='bbox 1695 3782 1799 3842; x_wconf 74' lang='grc' dir='ltr'><strong>Οὗ-</strong></span> 
     </span>
    </p>
   </div>
   <div class='ocr_carea' id='block_1_73' title="bbox 223 3873 1802 3950">
    <p class='ocr_par' dir='ltr' id='par_1_73' title="bbox 223 3873 1802 3950">
     <span class='ocr_line' id='line_1_73' title="bbox 223 3873 1802 3950; baseline -0.002 -18"><span class='ocrx_word' id='word_1_567' title='bbox 223 3896 313 3944; x_wconf 85' lang='grc' dir='ltr'><strong>τος</strong></span> <span class='ocrx_word' id='word_1_568' title='bbox 343 3881 458 3950; x_wconf 80' lang='grc' dir='ltr'>γὰρ</span> <span class='ocrx_word' id='word_1_569' title='bbox 495 3878 654 3949; x_wconf 88' lang='grc' dir='ltr'>μόνος</span> <span class='ocrx_word' id='word_1_570' title='bbox 691 3879 840 3932; x_wconf 72' lang='grc' dir='ltr'>ἐστὶν</span> <span class='ocrx_word' id='word_1_571' title='bbox 867 3881 897 3932; x_wconf 83' lang='grc' dir='ltr'>ὁ</span> <span class='ocrx_word' id='word_1_572' title='bbox 937 3877 1523 3950; x_wconf 84' lang='grc' dir='ltr'>συμπρυσκυνούμενος</span> <span class='ocrx_word' id='word_1_573' title='bbox 1550 3873 1646 3932; x_wconf 75' lang='grc' dir='ltr'>καὶ</span> <span class='ocrx_word' id='word_1_574' title='bbox 1676 3894 1802 3930; x_wconf 86' lang='grc' dir='ltr'>συν-</span> 
     </span>
    </p>
   </div>
   <div class='ocr_carea' id='block_1_74' title="bbox 1892 3325 3464 3398">
    <p class='ocr_par' dir='ltr' id='par_1_74' title="bbox 1892 3325 3464 3398">
     <span class='ocr_line' id='line_1_74' title="bbox 1892 3325 3464 3398; baseline -0.004 -13"><span class='ocrx_word' id='word_1_575' title='bbox 1892 3329 2022 3385; x_wconf 90' lang='lat' dir='ltr'><strong>dum</strong></span> <span class='ocrx_word' id='word_1_576' title='bbox 2053 3329 2336 3383; x_wconf 87' lang='lat' dir='ltr'><strong>veritatem</strong></span> <span class='ocrx_word' id='word_1_577' title='bbox 2379 3339 2619 3383; x_wconf 88' lang='lat' dir='ltr'><strong>sanctam</strong></span> <span class='ocrx_word' id='word_1_578' title='bbox 2652 3329 2968 3398; x_wconf 77' lang='lat' dir='ltr'><strong>gloriosam,</strong></span> <span class='ocrx_word' id='word_1_579' title='bbox 2998 3337 3054 3382; x_wconf 91' lang='lat' dir='ltr'><strong>et</strong></span> <span class='ocrx_word' id='word_1_580' title='bbox 3097 3343 3309 3397; x_wconf 85' lang='lat' dir='ltr'><strong>semper</strong></span> <span class='ocrx_word' id='word_1_581' title='bbox 3339 3325 3464 3380; x_wconf 84' lang='lat' dir='ltr'><strong>Vir-</strong></span> 
     </span>
    </p>
   </div>
   <div class='ocr_carea' id='block_1_75' title="bbox 1893 3418 3463 3493">
    <p class='ocr_par' dir='ltr' id='par_1_75' title="bbox 1893 3418 3463 3493">
     <span class='ocr_line' id='line_1_75' title="bbox 1893 3418 3463 3493; baseline -0.001 -20"><span class='ocrx_word' id='word_1_582' title='bbox 1893 3422 2071 3493; x_wconf 77' lang='lat' dir='ltr'><strong>ginem</strong></span> <span class='ocrx_word' id='word_1_583' title='bbox 2121 3419 2344 3474; x_wconf 79' lang='lat' dir='ltr'><strong>Mariam</strong></span> <span class='ocrx_word' id='word_1_584' title='bbox 2390 3418 2704 3474; x_wconf 87' lang='lat' dir='ltr'><strong>Theotocon</strong></span> <span class='ocrx_word' id='word_1_585' title='bbox 2761 3434 2854 3473; x_wconf 89' lang='lat' dir='ltr'><strong>seu</strong></span> <span class='ocrx_word' id='word_1_586' title='bbox 2912 3419 3233 3488; x_wconf 80' lang='lat' dir='ltr'><strong>Deiparam,</strong></span> <span class='ocrx_word' id='word_1_587' title='bbox 3261 3419 3315 3474; x_wconf 88' lang='lat' dir='ltr'><strong>id</strong></span> <span class='ocrx_word' id='word_1_588' title='bbox 3342 3429 3463 3481; x_wconf 84' lang='lat' dir='ltr'><strong>est-.</strong></span> 
     </span>
    </p>
   </div>
   <div class='ocr_carea' id='block_1_76' title="bbox 1899 3509 3464 3580">
    <p class='ocr_par' dir='ltr' id='par_1_76' title="bbox 1899 3509 3464 3580">
     <span class='ocr_line' id='line_1_76' title="bbox 1899 3509 3464 3580; baseline -0.003 -12"><span class='ocrx_word' id='word_1_589' title='bbox 1899 3511 1996 3568; x_wconf 81' lang='lat' dir='ltr'><strong>Dei</strong></span> <span class='ocrx_word' id='word_1_590' title='bbox 2039 3521 2261 3566; x_wconf 84' lang='lat' dir='ltr'><strong>matrem</strong></span> <span class='ocrx_word' id='word_1_591' title='bbox 2303 3527 2322 3566; x_wconf 92' lang='lat'><strong><em>:</em></strong></span> <span class='ocrx_word' id='word_1_592' title='bbox 2374 3511 2468 3565; x_wconf 90' lang='lat' dir='ltr'><strong>sed</strong></span> <span class='ocrx_word' id='word_1_593' title='bbox 2513 3510 2605 3580; x_wconf 89' lang='lat' dir='ltr'><strong>qui</strong></span> <span class='ocrx_word' id='word_1_594' title='bbox 2650 3510 2787 3565; x_wconf 90' lang='lat' dir='ltr'><strong>duos</strong></span> <span class='ocrx_word' id='word_1_595' title='bbox 2833 3509 2971 3564; x_wconf 80' lang='lat' dir='ltr'><strong>ﬁlios</strong></span> <span class='ocrx_word' id='word_1_596' title='bbox 3021 3510 3236 3574; x_wconf 88' lang='lat' dir='ltr'><strong>dicunt,</strong></span> <span class='ocrx_word' id='word_1_597' title='bbox 3292 3525 3464 3563; x_wconf 91' lang='lat' dir='ltr'><strong>unum</strong></span> 
     </span>
    </p>
   </div>
   <div class='ocr_carea' id='block_1_77' title="bbox 1898 3599 3466 3665">
    <p class='ocr_par' dir='ltr' id='par_1_77' title="bbox 1898 3599 3466 3665">
     <span class='ocr_line' id='line_1_77' title="bbox 1898 3599 3466 3665; baseline -0.003 -7"><span class='ocrx_word' id='word_1_598' title='bbox 1898 3618 1965 3659; x_wconf 81' lang='lat' dir='ltr'><strong>ex</strong></span> <span class='ocrx_word' id='word_1_599' title='bbox 2012 3603 2125 3656; x_wconf 87' lang='lat' dir='ltr'><strong>Deo</strong></span> <span class='ocrx_word' id='word_1_600' title='bbox 2174 3601 2332 3656; x_wconf 86' lang='lat' dir='ltr'><strong>Patre</strong></span> <span class='ocrx_word' id='word_1_601' title='bbox 2387 3600 2555 3655; x_wconf 87' lang='lat' dir='ltr'><strong>Deum</strong></span> <span class='ocrx_word' id='word_1_602' title='bbox 2601 3599 2870 3665; x_wconf 83' lang='lat' dir='ltr'><strong>Verbum,</strong></span> <span class='ocrx_word' id='word_1_603' title='bbox 2906 3600 3135 3655; x_wconf 88' lang='lat' dir='ltr'><strong>alterum</strong></span> <span class='ocrx_word' id='word_1_604' title='bbox 3183 3615 3248 3654; x_wconf 85' lang='lat' dir='ltr'><strong>ex</strong></span> <span class='ocrx_word' id='word_1_605' title='bbox 3281 3607 3466 3654; x_wconf 87' lang='lat' dir='ltr'><strong>sancta</strong></span> 
     </span>
    </p>
   </div>
   <div class='ocr_carea' id='block_1_78' title="bbox 1899 3691 3469 3765">
    <p class='ocr_par' dir='ltr' id='par_1_78' title="bbox 1899 3691 3469 3765">
     <span class='ocr_line' id='line_1_78' title="bbox 1899 3691 3469 3765; baseline -0.005 -14"><span class='ocrx_word' id='word_1_606' title='bbox 1899 3710 2113 3765; x_wconf 77' lang='lat' dir='ltr'><strong>semper</strong></span> <span class='ocrx_word' id='word_1_607' title='bbox 2169 3691 2384 3764; x_wconf 75' lang='lat' dir='ltr'><strong>Virgine</strong></span> <span class='ocrx_word' id='word_1_608' title='bbox 2435 3692 2664 3764; x_wconf 84' lang='lat' dir='ltr'><strong>Deipara</strong></span> <span class='ocrx_word' id='word_1_609' title='bbox 2700 3691 2900 3758; x_wconf 76' lang='lat' dir='ltr'><strong>Maria,</strong></span> <span class='ocrx_word' id='word_1_610' title='bbox 2935 3693 3106 3763; x_wconf 77' lang='lat' dir='ltr'><strong>gratia</strong></span> <span class='ocrx_word' id='word_1_611' title='bbox 3145 3701 3200 3746; x_wconf 90' lang='lat' dir='ltr'><strong>et</strong></span> <span class='ocrx_word' id='word_1_612' title='bbox 3244 3691 3469 3746; x_wconf 83' lang='lat' dir='ltr'><strong>habitu-</strong></span> 
     </span>
    </p>
   </div>
   <div class='ocr_carea' id='block_1_79' title="bbox 1899 3781 3467 3856">
    <p class='ocr_par' dir='ltr' id='par_1_79' title="bbox 1899 3781 3467 3856">
     <span class='ocr_line' id='line_1_79' title="bbox 1899 3781 3467 3856; baseline -0.004 -14"><span class='ocrx_word' id='word_1_613' title='bbox 1899 3786 2028 3842; x_wconf 85' lang='lat' dir='ltr'><strong>dine</strong></span> <span class='ocrx_word' id='word_1_614' title='bbox 2049 3827 2064 3853; x_wconf 96' lang='lat'><strong>,</strong></span> <span class='ocrx_word' id='word_1_615' title='bbox 2091 3793 2148 3840; x_wconf 93' lang='lat' dir='ltr'><strong>et</strong></span> <span class='ocrx_word' id='word_1_616' title='bbox 2171 3785 2606 3856; x_wconf 88' lang='lat' dir='ltr'><strong>propinquitate,</strong></span> <span class='ocrx_word' id='word_1_617' title='bbox 2643 3799 2805 3852; x_wconf 90' lang='lat' dir='ltr'><strong>quam</strong></span> <span class='ocrx_word' id='word_1_618' title='bbox 2831 3798 2956 3838; x_wconf 90' lang='lat' dir='ltr'><strong>cum</strong></span> <span class='ocrx_word' id='word_1_619' title='bbox 2986 3782 3096 3837; x_wconf 89' lang='lat' dir='ltr'><strong>Deo</strong></span> <span class='ocrx_word' id='word_1_620' title='bbox 3135 3781 3316 3838; x_wconf 86' lang='lat' dir='ltr'><strong>Verbo</strong></span> <span class='ocrx_word' id='word_1_621' title='bbox 3363 3783 3467 3836; x_wconf 86' lang='lat' dir='ltr'><strong>ha-</strong></span> 
     </span>
    </p>
   </div>
   <div class='ocr_carea' id='block_1_80' title="bbox 1899 3872 3468 3944">
    <p class='ocr_par' dir='ltr' id='par_1_80' title="bbox 1899 3872 3468 3944">
     <span class='ocr_line' id='line_1_80' title="bbox 1899 3872 3468 3944; baseline -0.004 -12"><span class='ocrx_word' id='word_1_622' title='bbox 1899 3878 2026 3942; x_wconf 90' lang='lat' dir='ltr'><strong>bet,</strong></span> <span class='ocrx_word' id='word_1_623' title='bbox 2064 3884 2254 3930; x_wconf 89' lang='lat' dir='ltr'><strong>natum</strong></span> <span class='ocrx_word' id='word_1_624' title='bbox 2284 3889 2404 3930; x_wconf 92' lang='lat' dir='ltr'><strong>esse</strong></span> <span class='ocrx_word' id='word_1_625' title='bbox 2436 3893 2450 3928; x_wconf 90' lang='lat'><strong>:</strong></span> <span class='ocrx_word' id='word_1_626' title='bbox 2483 3883 2538 3930; x_wconf 90' lang='lat' dir='ltr'><strong>et</strong></span> <span class='ocrx_word' id='word_1_627' title='bbox 2588 3875 2682 3943; x_wconf 89' lang='lat' dir='ltr'><strong>qui</strong></span> <span class='ocrx_word' id='word_1_628' title='bbox 2729 3881 2961 3944; x_wconf 83' lang='lat' dir='ltr'><strong>negant,</strong></span> <span class='ocrx_word' id='word_1_629' title='bbox 2992 3889 3093 3928; x_wconf 85' lang='lat' dir='ltr'><strong>nec</strong></span> <span class='ocrx_word' id='word_1_630' title='bbox 3137 3872 3468 3927; x_wconf 80' lang='lat' dir='ltr'><strong>confitentur</strong></span> 
     </span>
    </p>
   </div>
   <div class='ocr_carea' id='block_1_81' title="bbox 223 3961 1787 4041">
    <p class='ocr_par' dir='ltr' id='par_1_81' title="bbox 223 3967 1616 4041">
     <span class='ocr_line' id='line_1_81' title="bbox 223 3967 1616 4041; baseline -0.001 -17"><span class='ocrx_word' id='word_1_631' title='bbox 223 3970 588 4040; x_wconf 75' lang='grc' dir='ltr'>δοξαζόμενος</span> <span class='ocrx_word' id='word_1_632' title='bbox 612 3969 690 4040; x_wconf 83' lang='grc' dir='ltr'>τῷ</span> <span class='ocrx_word' id='word_1_633' title='bbox 722 3970 900 4041; x_wconf 72' lang='grc' dir='ltr'>Πατρὶ</span> <span class='ocrx_word' id='word_1_634' title='bbox 924 3971 1020 4024; x_wconf 67' lang='grc' dir='ltr'>καὶ</span> <span class='ocrx_word' id='word_1_635' title='bbox 1048 3968 1124 4039; x_wconf 81' lang='grc' dir='ltr'><strong>τῷ</strong></span> <span class='ocrx_word' id='word_1_636' title='bbox 1152 3969 1292 4040; x_wconf 86' lang='grc' dir='ltr'>ἁγίῳ</span> <span class='ocrx_word' id='word_1_637' title='bbox 1315 3967 1616 4038; x_wconf 85' lang='grc' dir='ltr'>Πνεύματι.</span> 
     </span>
    </p>
   </div>
   <div class='ocr_carea' id='block_1_82' title="bbox 1886 3961 3470 4041">
    <p class='ocr_par' dir='ltr' id='par_1_82' title="bbox 1899 3961 3470 4027">
     <span class='ocr_line' id='line_1_82' title="bbox 1899 3961 3470 4027; baseline -0.007 -2"><span class='ocrx_word' id='word_1_638' title='bbox 1899 3969 2188 4026; x_wconf 88' lang='lat' dir='ltr'><strong>Dominum</strong></span> <span class='ocrx_word' id='word_1_639' title='bbox 2240 3975 2488 4021; x_wconf 88' lang='lat' dir='ltr'><strong>nostrum</strong></span> <span class='ocrx_word' id='word_1_640' title='bbox 2535 3965 2726 4020; x_wconf 84' lang='lat' dir='ltr'><strong>Jesum</strong></span> <span class='ocrx_word' id='word_1_641' title='bbox 2769 3963 3042 4018; x_wconf 87' lang='lat' dir='ltr'><strong>Christum</strong></span> <span class='ocrx_word' id='word_1_642' title='bbox 3091 3961 3285 4016; x_wconf 85' lang='lat' dir='ltr'><strong>Filium</strong></span> <span class='ocrx_word' id='word_1_643' title='bbox 3336 3962 3470 4027; x_wconf 89' lang='lat' dir='ltr'><strong>Dei,</strong></span> 
     </span>
    </p>
   </div>
   <div class='ocr_carea' id='block_1_83' title="bbox 225 4060 3473 4133">
    <p class='ocr_par' dir='ltr' id='par_1_83' title="bbox 225 4060 3473 4133">
     <span class='ocr_line' id='line_1_83' title="bbox 225 4060 3473 4133; baseline -0.007 1"><span class='ocrx_word' id='word_1_644' title='bbox 225 4075 278 4122; x_wconf 64' lang='grc' dir='ltr'>εἴ</span> <span class='ocrx_word' id='word_1_645' title='bbox 336 4067 512 4122; x_wconf 76' lang='lat' dir='ltr'><strong>Deum</strong></span> <span class='ocrx_word' id='word_1_646' title='bbox 558 4076 805 4122; x_wconf 66' lang='lat' dir='ltr'><strong>nostrum</strong></span> <span class='ocrx_word' id='word_1_647' title='bbox 853 4065 1228 4128; x_wconf 65' lang='grc' dir='ltr'>ίηοδΐηόιυω,</span> <span class='ocrx_word' id='word_1_648' title='bbox 1285 4072 1343 4118; x_wconf 90' lang='lat' dir='ltr'><strong>et</strong></span> <span class='ocrx_word' id='word_1_649' title='bbox 1409 4063 1688 4120; x_wconf 89' lang='lat' dir='ltr'><strong>hominem</strong></span> <span class='ocrx_word' id='word_1_650' title='bbox 1740 4066 1976 4133; x_wconf 81' lang='lat' dir='ltr'><strong>factum,</strong></span> <span class='ocrx_word' id='word_1_651' title='bbox 2047 4075 2103 4120; x_wconf 89' lang='lat' dir='ltr'><strong>et</strong></span> <span class='ocrx_word' id='word_1_652' title='bbox 2176 4060 2494 4118; x_wconf 78' lang='lat' dir='ltr'><strong>cruciﬁxum</strong></span> <span class='ocrx_word' id='word_1_653' title='bbox 2526 4097 2544 4122; x_wconf 96' lang='lat'><strong>,</strong></span> <span class='ocrx_word' id='word_1_654' title='bbox 2613 4072 2779 4111; x_wconf 90' lang='lat' dir='ltr'><strong>unum</strong></span> <span class='ocrx_word' id='word_1_655' title='bbox 2847 4071 2967 4110; x_wconf 89' lang='lat' dir='ltr'><strong>esse</strong></span> <span class='ocrx_word' id='word_1_656' title='bbox 3025 4071 3089 4108; x_wconf 84' lang='lat' dir='ltr'><strong>ex</strong></span> <span class='ocrx_word' id='word_1_657' title='bbox 3161 4061 3348 4108; x_wconf 85' lang='lat' dir='ltr'><strong>sancta</strong></span> <span class='ocrx_word' id='word_1_658' title='bbox 3413 4066 3473 4110; x_wconf 84' lang='lat' dir='ltr'><strong>et</strong></span> 
     </span>
    </p>
   </div>
   <div class='ocr_carea' id='block_1_84' title="bbox 227 4146 3476 4224">
    <p class='ocr_par' dir='ltr' id='par_1_84' title="bbox 227 4146 3476 4224">
     <span class='ocr_line' id='line_1_84' title="bbox 227 4146 3476 4224; baseline -0.004 -12"><span class='ocrx_word' id='word_1_659' title='bbox 227 4157 678 4213; x_wconf 73' lang='lat' dir='ltr'><strong>wnsuhstantiali</strong></span> <span class='ocrx_word' id='word_1_660' title='bbox 758 4155 1044 4211; x_wconf 85' lang='lat' dir='ltr'><strong>Trinitate.</strong></span> <span class='ocrx_word' id='word_1_661' title='bbox 1118 4151 1237 4224; x_wconf 88' lang='lat' dir='ltr'><strong>Ipse</strong></span> <span class='ocrx_word' id='word_1_662' title='bbox 1291 4155 1436 4209; x_wconf 87' lang='lat' dir='ltr'><strong>enim</strong></span> <span class='ocrx_word' id='word_1_663' title='bbox 1513 4157 1662 4211; x_wconf 89' lang='lat' dir='ltr'><strong>solus</strong></span> <span class='ocrx_word' id='word_1_664' title='bbox 1733 4167 1819 4214; x_wconf 90' lang='lat' dir='ltr'><strong>est</strong></span> <span class='ocrx_word' id='word_1_665' title='bbox 1880 4155 2259 4214; x_wconf 87' lang='lat' dir='ltr'><strong>coadorandus</strong></span> <span class='ocrx_word' id='word_1_666' title='bbox 2313 4161 2367 4206; x_wconf 91' lang='lat' dir='ltr'><strong>et</strong></span> <span class='ocrx_word' id='word_1_667' title='bbox 2430 4147 2915 4218; x_wconf 77' lang='lat' dir='ltr'><strong>eongloriﬁcandus</strong></span> <span class='ocrx_word' id='word_1_668' title='bbox 2969 4146 3116 4200; x_wconf 82' lang='lat' dir='ltr'><strong>Patri</strong></span> <span class='ocrx_word' id='word_1_669' title='bbox 3171 4154 3228 4200; x_wconf 90' lang='lat' dir='ltr'><strong>et</strong></span> <span class='ocrx_word' id='word_1_670' title='bbox 3281 4153 3476 4199; x_wconf 88' lang='lat' dir='ltr'><strong>sancto</strong></span> 
     </span>
    </p>
   </div>
   <div class='ocr_carea' id='block_1_85' title="bbox 231 4249 542 4320">
    <p class='ocr_par' dir='ltr' id='par_1_85' title="bbox 231 4249 542 4320">
     <span class='ocr_line' id='line_1_85' title="bbox 231 4249 542 4320; baseline -0.016 -16"><span class='ocrx_word' id='word_1_671' title='bbox 231 4249 482 4320; x_wconf 78' lang='lat' dir='ltr'><strong>Spiritui.</strong></span> <span class='ocrx_word' id='word_1_672' title='bbox 522 4267 542 4300; x_wconf 74' lang='grc' dir='ltr'><strong>ι</strong></span> 
     </span>
    </p>
   </div>
   <div class='ocr_carea' id='block_1_86' title="bbox 305 4323 1787 4412">
    <p class='ocr_par' dir='ltr' id='par_1_86' title="bbox 305 4338 1787 4412">
     <span class='ocr_line' id='line_1_86' title="bbox 305 4338 1787 4412; baseline -0.002 -17"><span class='ocrx_word' id='word_1_673' title='bbox 305 4362 326 4395; x_wconf 76' lang='grc' dir='ltr'><strong>ι</strong></span> <span class='ocrx_word' id='word_1_674' title='bbox 375 4340 873 4412; x_wconf 79' lang='grc' dir='ltr'>’Δναθεματίζομεν</span> <span class='ocrx_word' id='word_1_675' title='bbox 921 4341 979 4394; x_wconf 80' lang='grc' dir='ltr'><strong>δὲ</strong></span> <span class='ocrx_word' id='word_1_676' title='bbox 1025 4343 1120 4393; x_wconf 71' lang='grc' dir='ltr'>καὶ</span> <span class='ocrx_word' id='word_1_677' title='bbox 1175 4339 1422 4410; x_wconf 83' lang='grc' dir='ltr'>Εὐτυχέα</span> <span class='ocrx_word' id='word_1_678' title='bbox 1463 4338 1555 4392; x_wconf 84' lang='grc' dir='ltr'><strong>τὸν</strong></span> <span class='ocrx_word' id='word_1_679' title='bbox 1607 4357 1787 4411; x_wconf 71' lang='grc' dir='ltr'>φρενο-</span> 
     </span>
    </p>
   </div>
   <div class='ocr_carea' id='block_1_87' title="bbox 1886 4323 3476 4412">
    <p class='ocr_par' dir='ltr' id='par_1_87' title="bbox 1983 4323 3476 4394">
     <span class='ocr_line' id='line_1_87' title="bbox 1983 4323 3476 4394; baseline -0.005 -7"><span class='ocrx_word' id='word_1_680' title='bbox 1983 4352 2002 4387; x_wconf 72' lang='grc' dir='ltr'>σ</span> <span class='ocrx_word' id='word_1_681' title='bbox 2045 4327 2587 4386; x_wconf 79' lang='lat' dir='ltr'><strong>Anathematizamus</strong></span> <span class='ocrx_word' id='word_1_682' title='bbox 2610 4325 2926 4394; x_wconf 88' lang='lat' dir='ltr'><strong>insuper,et</strong></span> <span class='ocrx_word' id='word_1_683' title='bbox 2955 4323 3272 4394; x_wconf 78' lang='lat' dir='ltr'><strong>Eutychem,</strong></span> <span class='ocrx_word' id='word_1_684' title='bbox 3292 4333 3476 4380; x_wconf 83' lang='lat' dir='ltr'><strong>mento</strong></span> 
     </span>
    </p>
   </div>
   <div class='ocr_carea' id='block_1_88' title="bbox 231 4415 1787 4506">
    <p class='ocr_par' dir='ltr' id='par_1_88' title="bbox 231 4430 1780 4506">
     <span class='ocr_line' id='line_1_88' title="bbox 231 4430 1780 4506; baseline -0.003 -20"><span class='ocrx_word' id='word_1_685' title='bbox 231 4435 406 4506; x_wconf 70' lang='grc' dir='ltr'><strong>ελαῦῆ</strong></span> <span class='ocrx_word' id='word_1_686' title='bbox 439 4435 675 4496; x_wconf 78' lang='grc' dir='ltr'>καὶτοὺς</span> <span class='ocrx_word' id='word_1_687' title='bbox 707 4434 777 4486; x_wconf 72' lang='grc' dir='ltr'><strong>τὰ</strong></span> <span class='ocrx_word' id='word_1_688' title='bbox 807 4432 970 4486; x_wconf 78' lang='grc' dir='ltr'>αὐτοῦ</span> <span class='ocrx_word' id='word_1_689' title='bbox 998 4433 1372 4502; x_wconf 82' lang='grc' dir='ltr'>φρονήσαντας</span> <span class='ocrx_word' id='word_1_690' title='bbox 1401 4430 1780 4502; x_wconf 80' lang='grc' dir='ltr'>ἢφρονοῦντας</span> 
     </span>
    </p>
   </div>
   <div class='ocr_carea' id='block_1_89' title="bbox 1886 4415 3474 4506">
    <p class='ocr_par' dir='ltr' id='par_1_89' title="bbox 1909 4415 3474 4494">
     <span class='ocr_line' id='line_1_89' title="bbox 1909 4415 3474 4494; baseline -0.005 -14"><span class='ocrx_word' id='word_1_691' title='bbox 1909 4433 2125 4494; x_wconf 86' lang='lat' dir='ltr'><strong>captum</strong></span> <span class='ocrx_word' id='word_1_692' title='bbox 2151 4461 2165 4485; x_wconf 96' lang='lat'><strong>,</strong></span> <span class='ocrx_word' id='word_1_693' title='bbox 2199 4431 2255 4474; x_wconf 90' lang='lat' dir='ltr'><strong>et</strong></span> <span class='ocrx_word' id='word_1_694' title='bbox 2299 4419 2390 4489; x_wconf 93' lang='lat' dir='ltr'><strong>qui</strong></span> <span class='ocrx_word' id='word_1_695' title='bbox 2421 4433 2544 4472; x_wconf 90' lang='lat' dir='ltr'><strong>cum</strong></span> <span class='ocrx_word' id='word_1_696' title='bbox 2594 4432 2659 4470; x_wconf 89' lang='lat' dir='ltr'><strong>eo</strong></span> <span class='ocrx_word' id='word_1_697' title='bbox 2705 4415 2982 4478; x_wconf 86' lang='lat' dir='ltr'><strong>sentiunt,</strong></span> <span class='ocrx_word' id='word_1_698' title='bbox 3015 4426 3107 4470; x_wconf 86' lang='lat' dir='ltr'><strong>aut</strong></span> <span class='ocrx_word' id='word_1_699' title='bbox 3145 4428 3474 4482; x_wconf 80' lang='lat' dir='ltr'><strong>senserunt,</strong></span> 
     </span>
    </p>
   </div>
   <div class='ocr_carea' id='block_1_90' title="bbox 229 4504 1787 4601">
    <p class='ocr_par' dir='ltr' id='par_1_90' title="bbox 229 4504 1787 4593">
     <span class='ocr_line' id='line_1_90' title="bbox 229 4504 1787 4593; baseline -0.002 -18"><span class='ocrx_word' id='word_1_700' title='bbox 229 4526 358 4589; x_wconf 81' lang='grc' dir='ltr'>τοὺς</span> <span class='ocrx_word' id='word_1_701' title='bbox 392 4504 693 4593; x_wconf 61' lang='grc' dir='ltr'>φαντασίαν</span> <span class='ocrx_word' id='word_1_702' title='bbox 740 4523 1077 4591; x_wconf 81' lang='grc' dir='ltr'>εἰσάγοντας,</span> <span class='ocrx_word' id='word_1_703' title='bbox 1118 4520 1484 4592; x_wconf 84' lang='grc' dir='ltr'>ἀρνουμένους</span> <span class='ocrx_word' id='word_1_704' title='bbox 1511 4521 1568 4574; x_wconf 81' lang='grc' dir='ltr'><strong>δὲ</strong></span> <span class='ocrx_word' id='word_1_705' title='bbox 1607 4520 1704 4592; x_wconf 81' lang='grc' dir='ltr'>τὴν</span> <span class='ocrx_word' id='word_1_706' title='bbox 1743 4522 1787 4573; x_wconf 69' lang='grc' dir='ltr'>ὲι</span> 
     </span>
    </p>
   </div>
   <div class='ocr_carea' id='block_1_91' title="bbox 1886 4504 3474 4601">
    <p class='ocr_par' dir='ltr' id='par_1_91' title="bbox 1908 4504 3474 4583">
     <span class='ocr_line' id='line_1_91' title="bbox 1908 4504 3474 4583; baseline -0.008 -16"><span class='ocrx_word' id='word_1_707' title='bbox 1908 4513 1999 4583; x_wconf 90' lang='lat' dir='ltr'><strong>qui</strong></span> <span class='ocrx_word' id='word_1_708' title='bbox 2029 4508 2371 4582; x_wconf 88' lang='lat' dir='ltr'><strong>phantasiam</strong></span> <span class='ocrx_word' id='word_1_709' title='bbox 2397 4504 2782 4566; x_wconf 88' lang='lat' dir='ltr'><strong>introducunt,</strong></span> <span class='ocrx_word' id='word_1_710' title='bbox 2810 4511 3118 4573; x_wconf 82' lang='lat' dir='ltr'><strong>negantque</strong></span> <span class='ocrx_word' id='word_1_711' title='bbox 3165 4517 3346 4558; x_wconf 87' lang='lat' dir='ltr'><strong>veram</strong></span> <span class='ocrx_word' id='word_1_712' title='bbox 3373 4517 3474 4555; x_wconf 78' lang='lat' dir='ltr'><strong>na-</strong></span> 
     </span>
    </p>
   </div>
   <div class='ocr_carea' id='block_1_92' title="bbox 231 4592 1787 4692">
    <p class='ocr_par' dir='ltr' id='par_1_92' title="bbox 231 4592 1787 4689">
     <span class='ocr_line' id='line_1_92' title="bbox 231 4592 1787 4689; baseline -0.004 -18"><span class='ocrx_word' id='word_1_713' title='bbox 231 4620 327 4689; x_wconf 77' lang='grc' dir='ltr'>τῆς</span> <span class='ocrx_word' id='word_1_714' title='bbox 380 4592 540 4685; x_wconf 75' lang='grc' dir='ltr'>ἁγίας</span> <span class='ocrx_word' id='word_1_715' title='bbox 575 4613 962 4684; x_wconf 83' lang='grc' dir='ltr'>Ἀειπαρθὲνου</span> <span class='ocrx_word' id='word_1_716' title='bbox 1007 4613 1102 4667; x_wconf 78' lang='grc' dir='ltr'>καὶ</span> <span class='ocrx_word' id='word_1_717' title='bbox 1139 4611 1402 4666; x_wconf 83' lang='grc' dir='ltr'>Θεοτόκου</span> <span class='ocrx_word' id='word_1_718' title='bbox 1433 4611 1650 4683; x_wconf 85' lang='grc' dir='ltr'>Μαρίας</span> <span class='ocrx_word' id='word_1_719' title='bbox 1680 4612 1787 4680; x_wconf 61' lang='grc' dir='ltr'>ἀληε</span> 
     </span>
    </p>
   </div>
   <div class='ocr_carea' id='block_1_93' title="bbox 1886 4592 3480 4692">
    <p class='ocr_par' dir='ltr' id='par_1_93' title="bbox 1909 4592 3480 4669">
     <span class='ocr_line' id='line_1_93' title="bbox 1909 4592 3480 4669; baseline -0.008 -11"><span class='ocrx_word' id='word_1_720' title='bbox 1909 4603 2214 4664; x_wconf 73' lang='lat' dir='ltr'><strong>tivitatem,‘</strong></span> <span class='ocrx_word' id='word_1_721' title='bbox 2245 4615 2342 4655; x_wconf 87' lang='lat' dir='ltr'><strong>seu</strong></span> <span class='ocrx_word' id='word_1_722' title='bbox 2395 4597 2799 4669; x_wconf 77' lang='lat' dir='ltr'><strong>generationem</strong></span> <span class='ocrx_word' id='word_1_723' title='bbox 2832 4593 3042 4648; x_wconf 89' lang='lat' dir='ltr'><strong>Domini</strong></span> <span class='ocrx_word' id='word_1_724' title='bbox 3082 4601 3136 4647; x_wconf 90' lang='lat' dir='ltr'><strong>et</strong></span> <span class='ocrx_word' id='word_1_725' title='bbox 3183 4592 3480 4646; x_wconf 75' lang='lat' dir='ltr'><strong>Salvatoris</strong></span> 
     </span>
    </p>
   </div>
   <div class='ocr_carea' id='block_1_94' title="bbox 233 4678 1787 4782">
    <p class='ocr_par' dir='ltr' id='par_1_94' title="bbox 233 4678 1781 4780">
     <span class='ocr_line' id='line_1_94' title="bbox 233 4678 1781 4780; baseline -0.005 -18"><span class='ocrx_word' id='word_1_726' title='bbox 233 4678 390 4780; x_wconf 57' lang='grc' dir='ltr'>θινὴν</span> <span class='ocrx_word' id='word_1_727' title='bbox 420 4678 696 4778; x_wconf 75' lang='grc' dir='ltr'>σάρκωσιν</span> <span class='ocrx_word' id='word_1_728' title='bbox 735 4678 830 4759; x_wconf 79' lang='grc' dir='ltr'><strong>τοῦ</strong></span> <span class='ocrx_word' id='word_1_729' title='bbox 873 4704 1078 4776; x_wconf 81' lang='grc' dir='ltr'>Κυρίου</span> <span class='ocrx_word' id='word_1_730' title='bbox 1107 4703 1202 4758; x_wconf 72' lang='grc' dir='ltr'><strong>καὶ</strong></span> <span class='ocrx_word' id='word_1_731' title='bbox 1231 4703 1482 4774; x_wconf 79' lang='grc' dir='ltr'>Σωτῆρος</span> <span class='ocrx_word' id='word_1_732' title='bbox 1514 4678 1671 4773; x_wconf 61' lang='grc' dir='ltr'><strong>¹ημῶν</strong></span> <span class='ocrx_word' id='word_1_733' title='bbox 1704 4678 1781 4771; x_wconf 82' lang='grc' dir='ltr'>Ίη</span> 
     </span>
    </p>
   </div>
   <div class='ocr_carea' id='block_1_95' title="bbox 1886 4678 3478 4782">
    <p class='ocr_par' dir='ltr' id='par_1_95' title="bbox 1910 4678 3478 4751">
     <span class='ocr_line' id='line_1_95' title="bbox 1910 4678 3478 4751; baseline -0.013 -2"><span class='ocrx_word' id='word_1_734' title='bbox 1910 4693 2082 4748; x_wconf 89' lang='lat' dir='ltr'><strong>nostri</strong></span> <span class='ocrx_word' id='word_1_735' title='bbox 2109 4691 2237 4746; x_wconf 84' lang='lat' dir='ltr'><strong>Jesu</strong></span> <span class='ocrx_word' id='word_1_736' title='bbox 2283 4687 2484 4743; x_wconf 88' lang='lat' dir='ltr'><strong>Christi</strong></span> <span class='ocrx_word' id='word_1_737' title='bbox 2531 4701 2598 4740; x_wconf 80' lang='lat' dir='ltr'><strong>ex</strong></span> <span class='ocrx_word' id='word_1_738' title='bbox 2637 4693 2823 4738; x_wconf 89' lang='lat' dir='ltr'><strong>sancta</strong></span> <span class='ocrx_word' id='word_1_739' title='bbox 2854 4681 3073 4751; x_wconf 79' lang='lat' dir='ltr'><strong>Virgine</strong></span> <span class='ocrx_word' id='word_1_740' title='bbox 3121 4689 3176 4734; x_wconf 90' lang='lat' dir='ltr'><strong>et</strong></span> <span class='ocrx_word' id='word_1_741' title='bbox 3217 4678 3478 4746; x_wconf 84' lang='lat' dir='ltr'><strong>Deipara,</strong></span> 
     </span>
    </p>
   </div>
   <div class='ocr_carea' id='block_1_96' title="bbox 237 4769 1787 4872">
    <p class='ocr_par' dir='ltr' id='par_1_96' title="bbox 237 4769 1787 4872">
     <span class='ocr_line' id='line_1_96' title="bbox 237 4769 1787 4872; baseline -0.005 -18"><span class='ocrx_word' id='word_1_742' title='bbox 237 4769 622 4872; x_wconf 49' lang='grc' dir='ltr'>σοῦ-Χριστοῦ,</span> <span class='ocrx_word' id='word_1_743' title='bbox 655 4797 934 4850; x_wconf 75' lang='grc' dir='ltr'>τουτέστιν</span> <span class='ocrx_word' id='word_1_744' title='bbox 955 4769 1052 4867; x_wconf 72' lang='grc' dir='ltr'>τὴν</span> <span class='ocrx_word' id='word_1_745' title='bbox 1081 4769 1691 4868; x_wconf 26' lang='grc' dir='ltr'>ἡμετέραννσωτηνρίαν,</span> <span class='ocrx_word' id='word_1_746' title='bbox 1719 4769 1787 4846; x_wconf 81' lang='grc' dir='ltr'><strong>κα</strong></span> 
     </span>
    </p>
   </div>
   <div class='ocr_carea' id='block_1_97' title="bbox 1886 4769 3480 4872">
    <p class='ocr_par' dir='ltr' id='par_1_97' title="bbox 1913 4769 3480 4847">
     <span class='ocr_line' id='line_1_97' title="bbox 1913 4769 3480 4847; baseline -0.012 -6"><span class='ocrx_word' id='word_1_747' title='bbox 1913 4787 2018 4840; x_wconf 90' lang='lat' dir='ltr'><strong>hoc</strong></span> <span class='ocrx_word' id='word_1_748' title='bbox 2039 4791 2152 4847; x_wconf 92' lang='lat' dir='ltr'><strong>est,</strong></span> <span class='ocrx_word' id='word_1_749' title='bbox 2197 4789 2439 4835; x_wconf 87' lang='lat' dir='ltr'><strong>nostram</strong></span> <span class='ocrx_word' id='word_1_750' title='bbox 2481 4777 2707 4832; x_wconf 90' lang='lat' dir='ltr'><strong>salutem</strong></span> <span class='ocrx_word' id='word_1_751' title='bbox 2732 4815 2746 4840; x_wconf 91' lang='lat'><strong>,</strong></span> <span class='ocrx_word' id='word_1_752' title='bbox 2783 4782 2838 4828; x_wconf 91' lang='lat' dir='ltr'><strong>et</strong></span> <span class='ocrx_word' id='word_1_753' title='bbox 2882 4772 2971 4841; x_wconf 87' lang='lat' dir='ltr'><strong>qui</strong></span> <span class='ocrx_word' id='word_1_754' title='bbox 3012 4785 3118 4824; x_wconf 88' lang='lat' dir='ltr'><strong>non</strong></span> <span class='ocrx_word' id='word_1_755' title='bbox 3150 4769 3480 4823; x_wconf 79' lang='lat' dir='ltr'><strong>conﬁtentur</strong></span> 
     </span>
    </p>
   </div>
   <div class='ocr_carea' id='block_1_98' title="bbox 238 4859 1787 4960">
    <p class='ocr_par' dir='ltr' id='par_1_98' title="bbox 238 4859 1787 4960">
     <span class='ocr_line' id='line_1_98' title="bbox 238 4859 1787 4960; baseline -0.004 -20"><span class='ocrx_word' id='word_1_756' title='bbox 238 4891 313 4960; x_wconf 81' lang='grc' dir='ltr'>μὴ</span> <span class='ocrx_word' id='word_1_757' title='bbox 363 4859 762 4958; x_wconf 73' lang='grc' dir='ltr'>ὁμολογοῦντας</span> <span class='ocrx_word' id='word_1_758' title='bbox 803 4887 966 4940; x_wconf 83' lang='grc' dir='ltr'>αὐτὸν</span> <span class='ocrx_word' id='word_1_759' title='bbox 1010 4859 1298 4957; x_wconf 66' lang='grc' dir='ltr'>ομοούσιον</span> <span class='ocrx_word' id='word_1_760' title='bbox 1335 4885 1414 4957; x_wconf 83' lang='grc' dir='ltr'>τῷ</span> <span class='ocrx_word' id='word_1_761' title='bbox 1445 4859 1622 4957; x_wconf 65' lang='grc' dir='ltr'>Πατρὶ</span> <span class='ocrx_word' id='word_1_762' title='bbox 1668 4900 1787 4936; x_wconf 71' lang='grc' dir='ltr'>κατε</span> 
     </span>
    </p>
   </div>
   <div class='ocr_carea' id='block_1_99' title="bbox 1886 4859 3478 4960">
    <p class='ocr_par' dir='ltr' id='par_1_99' title="bbox 1914 4859 3478 4946">
     <span class='ocr_line' id='line_1_99' title="bbox 1914 4859 3478 4946; baseline -0.013 -16"><span class='ocrx_word' id='word_1_763' title='bbox 1914 4875 2093 4946; x_wconf 88' lang='lat' dir='ltr'><strong>ipsum</strong></span> <span class='ocrx_word' id='word_1_764' title='bbox 2130 4867 2650 4928; x_wconf 87' lang='lat' dir='ltr'><strong>consubstantialem</strong></span> <span class='ocrx_word' id='word_1_765' title='bbox 2683 4863 2828 4918; x_wconf 89' lang='lat' dir='ltr'><strong>Patri</strong></span> <span class='ocrx_word' id='word_1_766' title='bbox 2857 4861 3156 4917; x_wconf 83' lang='lat' dir='ltr'><strong>secundum</strong></span> <span class='ocrx_word' id='word_1_767' title='bbox 3187 4859 3478 4918; x_wconf 87' lang='lat' dir='ltr'><strong>deitatem.</strong></span> 
     </span>
    </p>
   </div>
   <div class='ocr_carea' id='block_1_100' title="bbox 234 4949 1787 5054">
    <p class='ocr_par' dir='ltr' id='par_1_100' title="bbox 234 4949 1787 5051">
     <span class='ocr_line' id='line_1_100' title="bbox 234 4949 1787 5051; baseline -0.006 -18"><span class='ocrx_word' id='word_1_768' title='bbox 355 4949 604 5047; x_wconf 66' lang='grc' dir='ltr'>θεότητα.</span> <span class='ocrx_word' id='word_1_769' title='bbox 639 4949 928 5030; x_wconf 13' lang='grc' dir='ltr'>Τὸνίαὺτὸν</span> <span class='ocrx_word' id='word_1_770' title='bbox 981 4949 1260 5047; x_wconf 68' lang='grc' dir='ltr'>δὲτρόπον</span> <span class='ocrx_word' id='word_1_771' title='bbox 1281 4949 1787 5042; x_wconf 44' lang='grc' dir='ltr'>καὶ-Ἀπολλινάριοε</span> 
     </span>
    </p>
   </div>
   <div class='ocr_carea' id='block_1_101' title="bbox 1886 4949 3480 5054">
    <p class='ocr_par' dir='ltr' id='par_1_101' title="bbox 1909 4949 3480 5021">
     <span class='ocr_line' id='line_1_101' title="bbox 1909 4949 3480 5021; baseline -0.013 0"><span class='ocrx_word' id='word_1_772' title='bbox 1909 4975 1966 5021; x_wconf 87' lang='lat' dir='ltr'><strong>et</strong></span> <span class='ocrx_word' id='word_1_773' title='bbox 2016 4958 2540 5020; x_wconf 86' lang='lat' dir='ltr'><strong>consubstantialem</strong></span> <span class='ocrx_word' id='word_1_774' title='bbox 2593 4955 2754 5010; x_wconf 85' lang='lat' dir='ltr'><strong>nobis</strong></span> <span class='ocrx_word' id='word_1_775' title='bbox 2795 4952 3097 5008; x_wconf 83' lang='lat' dir='ltr'><strong>secundum</strong></span> <span class='ocrx_word' id='word_1_776' title='bbox 3167 4949 3480 5003; x_wconf 77' lang='lat' dir='ltr'><strong>humanita—</strong></span> 
     </span>
    </p>
   </div>
   <div class='ocr_carea' id='block_1_102' title="bbox 234 5037 1787 5144">
    <p class='ocr_par' dir='ltr' id='par_1_102' title="bbox 234 5037 1787 5138">
     <span class='ocr_line' id='line_1_102' title="bbox 234 5037 1787 5138; baseline -0.006 -16"><span class='ocrx_word' id='word_1_777' title='bbox 234 5037 327 5122; x_wconf 57' lang='grc' dir='ltr'>τίν</span> <span class='ocrx_word' id='word_1_778' title='bbox 361 5037 726 5138; x_wconf 56' lang='grc' dir='ltr'>ψυχοιρθόρον,</span> <span class='ocrx_word' id='word_1_779' title='bbox 770 5066 863 5118; x_wconf 71' lang='grc' dir='ltr'>καὶ</span> <span class='ocrx_word' id='word_1_780' title='bbox 909 5064 1038 5128; x_wconf 76' lang='grc' dir='ltr'>τοὺς</span> <span class='ocrx_word' id='word_1_781' title='bbox 1065 5037 1134 5118; x_wconf 55' lang='grc' dir='ltr'><strong>τα</strong></span> <span class='ocrx_word' id='word_1_782' title='bbox 1172 5065 1336 5118; x_wconf 80' lang='grc' dir='ltr'>αὐτοῦ</span> <span class='ocrx_word' id='word_1_783' title='bbox 1381 5037 1787 5135; x_wconf 77' lang='grc' dir='ltr'>φρονήσανταςὶ</span> 
     </span>
    </p>
   </div>
   <div class='ocr_carea' id='block_1_103' title="bbox 1886 5037 3486 5144">
    <p class='ocr_par' dir='ltr' id='par_1_103' title="bbox 1909 5037 3486 5111">
     <span class='ocr_line' id='line_1_103' title="bbox 1909 5037 3486 5111; baseline -0.012 -2"><span class='ocrx_word' id='word_1_784' title='bbox 1909 5064 2039 5111; x_wconf 88' lang='lat' dir='ltr'><strong>tem.</strong></span> <span class='ocrx_word' id='word_1_785' title='bbox 2083 5053 2343 5108; x_wconf 90' lang='lat' dir='ltr'><strong>Similiter</strong></span> <span class='ocrx_word' id='word_1_786' title='bbox 2395 5057 2579 5103; x_wconf 89' lang='lat' dir='ltr'><strong>autem</strong></span> <span class='ocrx_word' id='word_1_787' title='bbox 2639 5039 3191 5106; x_wconf 81' lang='lat' dir='ltr'><strong>anathematizamus,</strong></span> <span class='ocrx_word' id='word_1_788' title='bbox 3221 5048 3279 5094; x_wconf 90' lang='lat' dir='ltr'><strong>et</strong></span> <span class='ocrx_word' id='word_1_789' title='bbox 3325 5037 3486 5108; x_wconf 81' lang='lat' dir='ltr'><strong>Apol-</strong></span> 
     </span>
    </p>
   </div>
   <div class='ocr_carea' id='block_1_104' title="bbox 235 5131 1787 5236">
    <p class='ocr_par' dir='ltr' id='par_1_104' title="bbox 235 5131 1787 5230">
     <span class='ocr_line' id='line_1_104' title="bbox 235 5131 1787 5230; baseline -0.005 -19"><span class='ocrx_word' id='word_1_790' title='bbox 235 5131 571 5230; x_wconf 58' lang='grc' dir='ltr'>φρονοῦῦτας</span> <span class='ocrx_word' id='word_1_791' title='bbox 604 5131 652 5188; x_wconf 62' lang='grc' dir='ltr'>έθ</span> <span class='ocrx_word' id='word_1_792' title='bbox 677 5155 801 5216; x_wconf 77' lang='grc' dir='ltr'>τοὺς</span> <span class='ocrx_word' id='word_1_793' title='bbox 825 5153 1108 5226; x_wconf 80' lang='grc' dir='ltr'>ἄνθρωπον</span> <span class='ocrx_word' id='word_1_794' title='bbox 1149 5152 1193 5186; x_wconf 80' lang='grc'>⁸¹</span> <span class='ocrx_word' id='word_1_795' title='bbox 1236 5131 1404 5226; x_wconf 28' lang='grc' dir='ltr'>μόνον.</span> <span class='ocrx_word' id='word_1_796' title='bbox 1427 5131 1683 5220; x_wconf 79' lang='grc' dir='ltr'>λέγοντας</span> <span class='ocrx_word' id='word_1_797' title='bbox 1718 5151 1787 5203; x_wconf 65' lang='grc' dir='ltr'>τὸτ</span> 
     </span>
    </p>
   </div>
   <div class='ocr_carea' id='block_1_105' title="bbox 1886 5131 3484 5236">
    <p class='ocr_par' dir='ltr' id='par_1_105' title="bbox 1906 5131 3484 5216">
     <span class='ocr_line' id='line_1_105' title="bbox 1906 5131 3484 5216; baseline -0.011 -14"><span class='ocrx_word' id='word_1_798' title='bbox 1906 5146 2160 5202; x_wconf 89' lang='lat' dir='ltr'><strong>linarium</strong></span> <span class='ocrx_word' id='word_1_799' title='bbox 2213 5141 2697 5216; x_wconf 76' lang='lat' dir='ltr'><strong>psychophthoron</strong></span> <span class='ocrx_word' id='word_1_800' title='bbox 2729 5177 2743 5200; x_wconf 89' lang='lat'><strong>,</strong></span> <span class='ocrx_word' id='word_1_801' title='bbox 2799 5137 2916 5191; x_wconf 81' lang='lat' dir='ltr'><strong>sive</strong></span> <span class='ocrx_word' id='word_1_802' title='bbox 2984 5131 3366 5194; x_wconf 87' lang='lat' dir='ltr'><strong>animicidam,</strong></span> <span class='ocrx_word' id='word_1_803' title='bbox 3429 5135 3484 5184; x_wconf 78' lang='lat' dir='ltr'><strong>et</strong></span> 
     </span>
    </p>
   </div>
   <div class='ocr_carea' id='block_1_106' title="bbox 236 5223 1787 5321">
    <p class='ocr_par' dir='ltr' id='par_1_106' title="bbox 236 5223 1787 5321">
     <span class='ocr_line' id='line_1_106' title="bbox 236 5223 1787 5321; baseline -0.006 -18"><span class='ocrx_word' id='word_1_804' title='bbox 236 5223 448 5321; x_wconf 50' lang='grc' dir='ltr'>Κύριον</span> <span class='ocrx_word' id='word_1_805' title='bbox 500 5246 656 5318; x_wconf 70' lang='grc' dir='ltr'>ἡμῶν</span> <span class='ocrx_word' id='word_1_806' title='bbox 683 5243 892 5316; x_wconf 77' lang='grc' dir='ltr'>Ἰησοῦν</span> <span class='ocrx_word' id='word_1_807' title='bbox 918 5223 1149 5318; x_wconf 72' lang='grc' dir='ltr'>Χριστὸν</span> <span class='ocrx_word' id='word_1_808' title='bbox 1169 5223 1260 5300; x_wconf 84' lang='grc' dir='ltr'><strong>τὸν</strong></span> <span class='ocrx_word' id='word_1_809' title='bbox 1281 5245 1407 5300; x_wconf 80' lang='grc' dir='ltr'>Υἱὸν</span> <span class='ocrx_word' id='word_1_810' title='bbox 1428 5243 1522 5299; x_wconf 87' lang='grc' dir='ltr'><strong>τοῦ</strong></span> <span class='ocrx_word' id='word_1_811' title='bbox 1551 5240 1685 5298; x_wconf 87' lang='grc' dir='ltr'>Θεοῦ</span> <span class='ocrx_word' id='word_1_812' title='bbox 1713 5241 1787 5294; x_wconf 74' lang='grc' dir='ltr'><strong>κα</strong></span> 
     </span>
    </p>
   </div>
   <div class='ocr_carea' id='block_1_107' title="bbox 1886 5223 3487 5321">
    <p class='ocr_par' dir='ltr' id='par_1_107' title="bbox 1903 5223 3487 5308">
     <span class='ocr_line' id='line_1_107' title="bbox 1903 5223 3487 5308; baseline -0.009 -15"><span class='ocrx_word' id='word_1_813' title='bbox 1903 5238 1997 5308; x_wconf 88' lang='lat' dir='ltr'><strong>qui</strong></span> <span class='ocrx_word' id='word_1_814' title='bbox 2037 5253 2160 5293; x_wconf 89' lang='lat' dir='ltr'><strong>cum</strong></span> <span class='ocrx_word' id='word_1_815' title='bbox 2217 5251 2283 5292; x_wconf 89' lang='lat' dir='ltr'><strong>eo</strong></span> <span class='ocrx_word' id='word_1_816' title='bbox 2334 5232 2611 5296; x_wconf 89' lang='lat' dir='ltr'><strong>sentiunt,</strong></span> <span class='ocrx_word' id='word_1_817' title='bbox 2662 5229 2747 5285; x_wconf 88' lang='lat' dir='ltr'><strong>vel</strong></span> <span class='ocrx_word' id='word_1_818' title='bbox 2796 5234 3121 5291; x_wconf 86' lang='lat' dir='ltr'><strong>senserunt,</strong></span> <span class='ocrx_word' id='word_1_819' title='bbox 3171 5223 3267 5296; x_wconf 89' lang='lat' dir='ltr'><strong>qui</strong></span> <span class='ocrx_word' id='word_1_820' title='bbox 3297 5223 3487 5278; x_wconf 83' lang='lat' dir='ltr'><strong>dicunt</strong></span> 
     </span>
    </p>
   </div>
   <div class='ocr_carea' id='block_1_108' title="bbox 1517 5393 2197 5456">
    <p class='ocr_par' dir='ltr' id='par_1_108' title="bbox 1517 5393 2197 5456">
     <span class='ocr_line' id='line_1_108' title="bbox 1517 5393 2197 5456; baseline -0.012 -1"><span class='ocrx_word' id='word_1_821' title='bbox 1517 5400 1754 5456; x_wconf 62' lang='lat' dir='ltr'><strong>VARIzE</strong></span> <span class='ocrx_word' id='word_1_822' title='bbox 1792 5393 2197 5454; x_wconf 73' lang='lat' dir='ltr'><strong>LECTIONES.</strong></span> 
     </span>
    </p>
   </div>
   <div class='ocr_carea' id='block_1_109' title="bbox 352 5532 3488 5610">
    <p class='ocr_par' dir='ltr' id='par_1_109' title="bbox 352 5532 3488 5610">
     <span class='ocr_line' id='line_1_109' title="bbox 352 5532 3488 5610; baseline -0.014 12"><span class='ocrx_word' id='word_1_823' title='bbox 352 5558 402 5590; x_wconf 57' lang='grc' dir='ltr'><strong>τ’</strong></span> <span class='ocrx_word' id='word_1_824' title='bbox 424 5557 476 5609; x_wconf 68' lang='grc' dir='ltr'><strong>δὲ</strong></span> <span class='ocrx_word' id='word_1_825' title='bbox 506 5570 616 5610; x_wconf 80' lang='grc' dir='ltr'><strong>οιιι-</strong></span> <span class='ocrx_word' id='word_1_826' title='bbox 644 5551 702 5604; x_wconf 75' lang='grc' dir='ltr'><strong>Ρ·</strong></span> <span class='ocrx_word' id='word_1_827' title='bbox 778 5550 825 5582; x_wconf 78' lang='grc'>⁷³</span> <span class='ocrx_word' id='word_1_828' title='bbox 847 5543 907 5604; x_wconf 66' lang='grc' dir='ltr'>οὗ</span> <span class='ocrx_word' id='word_1_829' title='bbox 940 5549 1030 5601; x_wconf 75' lang='grc' dir='ltr'><strong>τάο</strong></span> <span class='ocrx_word' id='word_1_830' title='bbox 1063 5546 1125 5603; x_wconf 66' lang='grc' dir='ltr'>οὗ</span> <span class='ocrx_word' id='word_1_831' title='bbox 1156 5552 1220 5609; x_wconf 86' lang='grc' dir='ltr'><strong>Ρ.</strong></span> <span class='ocrx_word' id='word_1_832' title='bbox 1296 5552 1342 5582; x_wconf 77' lang='grc'><strong>⁷⁸⁵</strong></span> <span class='ocrx_word' id='word_1_833' title='bbox 1372 5551 1465 5604; x_wconf 88' lang='grc' dir='ltr'><strong>τοῦ</strong></span> <span class='ocrx_word' id='word_1_834' title='bbox 1493 5550 1678 5604; x_wconf 84' lang='grc' dir='ltr'>αὑτοῦ.</span> <span class='ocrx_word' id='word_1_835' title='bbox 1710 5549 1874 5602; x_wconf 80' lang='grc' dir='ltr'>αὑτοῦ</span> <span class='ocrx_word' id='word_1_836' title='bbox 1900 5548 1959 5602; x_wconf 81' lang='grc' dir='ltr'><strong>Ρ.</strong></span> <span class='ocrx_word' id='word_1_837' title='bbox 2036 5549 2080 5578; x_wconf 84' lang='grc'><strong>⁷⁵</strong></span> <span class='ocrx_word' id='word_1_838' title='bbox 2103 5547 2194 5598; x_wconf 92' lang='grc' dir='ltr'><strong>τὸν</strong></span> <span class='ocrx_word' id='word_1_839' title='bbox 2228 5545 2410 5599; x_wconf 81' lang='grc' dir='ltr'>αὐτόν·</span> <span class='ocrx_word' id='word_1_840' title='bbox 2453 5541 2615 5597; x_wconf 73' lang='grc' dir='ltr'>αὐτὸν</span> <span class='ocrx_word' id='word_1_841' title='bbox 2655 5541 2716 5591; x_wconf 83' lang='grc' dir='ltr'><strong>Ρ.</strong></span> <span class='ocrx_word' id='word_1_842' title='bbox 2776 5538 2837 5610; x_wconf 22' lang='grc'><strong>*⁷⁸</strong></span> <span class='ocrx_word' id='word_1_843' title='bbox 2870 5537 3108 5610; x_wconf 35' lang='grc' dir='ltr'><strong>τὸν-01η.</strong></span> <span class='ocrx_word' id='word_1_844' title='bbox 3317 5533 3361 5563; x_wconf 78' lang='grc'><strong>⁷⁷</strong></span> <span class='ocrx_word' id='word_1_845' title='bbox 3394 5532 3488 5610; x_wconf 50' lang='grc' dir='ltr'><strong>ἀν.</strong></span> 
     </span>
    </p>
   </div>
   <div class='ocr_carea' id='block_1_110' title="bbox 243 5599 3484 5743">
    <p class='ocr_par' dir='ltr' id='par_1_110' title="bbox 243 5599 3484 5743">
     <span class='ocr_line' id='line_1_110' title="bbox 243 5599 3484 5743; baseline -0.007 -66"><span class='ocrx_word' id='word_1_846' title='bbox 791 5599 923 5674; x_wconf 68' lang='grc' dir='ltr'>ιιιὶιὶι</span> <span class='ocrx_word' id='word_1_847' title='bbox 1155 5599 1220 5653; x_wconf 50' lang='lat'><strong>7—&quot;</strong></span> <span class='ocrx_word' id='word_1_848' title='bbox 1245 5599 1770 5690; x_wconf 57' lang='grc' dir='ltr'>Ἀειτξάρθἱῐιὸῖόιίῖ</span> <span class='ocrx_word' id='word_1_849' title='bbox 1901 5599 1970 5648; x_wconf 54' lang='lat'><strong>&quot;&#39;7&quot;</strong></span> <span class='ocrx_word' id='word_1_850' title='bbox 1998 5616 2357 5686; x_wconf 74' lang='grc' dir='ltr'>γεγεννῆσθαι</span> <span class='ocrx_word' id='word_1_851' title='bbox 2392 5613 2454 5670; x_wconf 85' lang='lat' dir='ltr'><strong>V.</strong></span> <span class='ocrx_word' id='word_1_852' title='bbox 2530 5613 2574 5644; x_wconf 81' lang='grc' dir='ltr'><strong>⁸ο</strong></span> <span class='ocrx_word' id='word_1_853' title='bbox 2603 5607 2931 5680; x_wconf 77' lang='grc' dir='ltr'>φρονοῦντας</span> <span class='ocrx_word' id='word_1_854' title='bbox 2963 5607 2994 5677; x_wconf 82' lang='grc' dir='ltr'>ἦ</span> <span class='ocrx_word' id='word_1_855' title='bbox 3024 5605 3387 5677; x_wconf 79' lang='grc' dir='ltr'>φρονήσαντες</span> <span class='ocrx_word' id='word_1_856' title='bbox 3423 5599 3484 5654; x_wconf 72' lang='grc' dir='ltr'><strong>Ρ.</strong></span> 
     </span>
     <span class='ocr_line' id='line_1_111' title="bbox 311 5711 710 5743; baseline 0 0"><span class='ocrx_word' id='word_1_857' title='bbox 311 5712 378 5743; x_wconf 61' lang='grc' dir='ltr'>,πυ</span> <span class='ocrx_word' id='word_1_858' title='bbox 420 5711 610 5743; x_wconf 76' lang='grc' dir='ltr'>οωπων</span> <span class='ocrx_word' id='word_1_859' title='bbox 696 5729 710 5743; x_wconf 78' lang='grc' dir='ltr'><strong>ο</strong></span> 
     </span>
    </p>
   </div>
   <div class='ocr_carea' id='block_1_111' title="bbox 238 5692 710 5762">
    <p class='ocr_par' dir='ltr' id='par_1_111' title="bbox 238 5692 710 5762">
     <span class='ocr_line' id='line_1_112' title="bbox 238 5692 710 5762; baseline -0.017 -11"><span class='ocrx_word' id='word_1_860' title='bbox 238 5692 258 5722; x_wconf 78' lang='grc'><strong>⁸</strong></span> <span class='ocrx_word' id='word_1_861' title='bbox 273 5692 290 5727; x_wconf 32' lang='grc'><strong>⁸⁷</strong></span> <span class='ocrx_word' id='word_1_862' title='bbox 311 5692 610 5762; x_wconf 65' lang='grc' dir='ltr'>ἀνθρώπων</span> <span class='ocrx_word' id='word_1_863' title='bbox 651 5692 710 5743; x_wconf 75' lang='grc' dir='ltr'><strong>Ρ.</strong></span> 
     </span>
    </p>
   </div>
  </div>
