3856 6342
410 361 514 426 903

1585 361 2020 424 CHRONICON
2039 362 2463 425 PASCIIALE~

3552 345 3646 420 ςοι

413 481 466 535 in
503 494 606 549 qua
641 477 898 550 baptizati
936 494 1151 545 sumus,
1183 484 1237 533 et
1270 477 1465 549 quibus
1501 476 1673 549 cont]
1703 477 1982 542 dedimus,

2097 496 2199 544 τες,
2235 479 2479 539 ἑνοῦντες
2509 475 2566 530 δὲ
2595 474 2690 544 τὴν
2725 475 2974 544 θεότητα.
3001 471 3220 526 Μονάδα
3247 470 3358 541 γὰρ
3383 472 3441 524 ἐν
3471 473 3642 542 Τριάδι

412 571 778 639 proprietates
825 571 1044 640 quidem
1095 581 1441 640 separantes,
1490 570 1756 624 Deitatem
1805 580 1986 626 autem

415 661 686 714 nnientes.
715 660 987 715 Unitatem
1019 660 1161 714 enim
1193 661 1246 714 in
1275 660 1553 725 Trinitate,
1585 669 1640 715 ct
1665 659 1987 716 Trinitatem

323 749 336 754 ’
416 750 470 804 in
505 751 713 805 unitate
747 752 1066 817 adoramus,
1101 751 1398 805 mirabilem
1435 751 1724 806 habentem
1759 762 1813 808 et
1846 753 1990 808 divi-

414 843 623 896 sionem
655 849 709 896 et
741 841 1039 895 unitionem
1077 863 1088 896 :
1120 841 1385 895 unitatem
1417 841 1658 910 quidem,
1690 843 1987 898 secundum

414 932 680 986 rationem
723 932 1038 987 substantia:
1077 948 1173 987 seu
1224 932 1441 987 deitatis
1479 951 1492 986 :
1531 925 1852 1006 Trinitatem
1890 949 1989 988 au-

412 1032 544 1087 tem,
578 1024 875 1079 secundum
911 1025 1290 1093 proprietates,
1327 1024 1412 1078 vel
1444 1023 1844 1086 subsistentias.
1876 1025 1991 1080 sive

411 1125 689 1180 personas.
719 1113 990 1167 Dividitur
1013 1114 1160 1167 enim
1187 1113 1306 1167 sine
1334 1111 1605 1167 divisione
1635 1113 1716 1184 (ut
1742 1115 1819 1170 sic
1843 1115 1992 1170 dica—

411 1200 576 1269 mus).
611 1209 665 1255 et
699 1203 1048 1273 coniungitur
1077 1203 1268 1258 divise.
1303 1199 1480 1257 Unum
1516 1205 1664 1258 enim
1698 1215 1782 1260 est
1819 1207 1992 1262 deitas

411 1292 467 1346 in
506 1294 699 1359 tribus,
735 1305 789 1350 et
827 1295 925 1348 tria
962 1312 1150 1362 unum,
1189 1295 1244 1349 in
1281 1297 1476 1365 quibus
1518 1295 1693 1352 deitas
1729 1307 1813 1352 est
1846 1316 1862 1353 :
1900 1307 1993 1353 aut

414 1382 497 1450 (ut
527 1383 778 1438 subtilius
809 1385 1071 1456 dicamus)
1107 1385 1222 1457 ipsa
1257 1388 1356 1441 tria
1387 1397 1472 1441 est
1509 1387 1710 1450 deitas,
1743 1404 1863 1457 qua:
1891 1390 1992 1443 tria

415 1471 557 1544 [quae
579 1475 700 1540 tria,
727 1477 908 1529 desunt
935 1477 988 1529 in
1015 1475 1328 1548 cod.Colb.],
1359 1476 1501 1530 Deus
1523 1475 1701 1543 Pater,
1731 1478 1874 1532 Deus
1902 1479 1994 1532 Fi-

412 1563 538 1628 lius,
581 1566 722 1620 Deus
764 1565 997 1636 Spiritus
1039 1576 1280 1632 sanctus,
1325 1583 1447 1622 cum
1489 1583 1826 1637 unaquaque
1866 1583 1993 1639 per-

413 1671 546 1710 sona
582 1657 756 1711 solum
797 1657 1134 1728 intelligitur,
1175 1668 1358 1713 mente
1395 1667 1679 1728 separante
1714 1659 1995 1729 insepara-

411 1747 570 1812 bilia,
611 1759 665 1802 et
709 1749 808 1802 tria
851 1765 990 1802 unus
1035 1749 1207 1815 Deus,
1251 1765 1374 1804 cum
1419 1751 1580 1804 simul
1623 1751 1996 1822 intelliguntur

411 1849 635 1908 pr0pter
671 1840 917 1894 eamdem
957 1840 1248 1906 virtutem,
1289 1841 1646 1911 eamdemque
1685 1851 1934 1897 naturam
1979 1863 1992 1898 :

413 1929 669 1996 quoniam
712 1938 928 2000 oportet
967 1938 1022 1984 et
1064 1947 1234 1985 unum
1275 1930 1445 1985 Deum
1483 1930 1758 1999 conﬁteri,
1795 1942 1852 1988 et
1888 1943 1999 1989 tres

412 2017 792 2074 subsistentias
817 2023 1130 2090 praedicare,
1159 2038 1254 2076 seu
1280 2031 1391 2076 tres
1416 2037 1701 2091 personas,
1725 2033 1780 2078 et
1802 2040 1998 2079 unam-

411 2124 682 2178 quamque
722 2127 844 2165 cum
885 2127 980 2166 sua
1025 2113 1374 2181 proprietate.
1415 2111 1481 2167 Et
1522 2115 1787 2169 unitatem
1824 2119 1998 2171 conli-

413 2205 612 2263 tentes,
645 2200 1018 2254 confusionem
1058 2217 1165 2254 non
1202 2201 1430 2256 facimus
1466 2203 1765 2259 secundum
1802 2204 1992 2261 Sabel-

411 2291 565 2357 lium,
611 2293 904 2357 dicentem,
951 2291 1270 2348 Trinitatem
1322 2311 1485 2348 unam
1535 2311 1656 2351 esse
1703 2314 1992 2368 personam

2089 572 2182 626 καὶ
2236 572 2444 642 Τριὰδα
2497 572 2557 624 ὲν
2619 567 2807 640 μονάδι
2861 563 3303 637 προσκυνοῦμεν,
3363 565 3644 632 παράδοξον

2089 664 2317 734 ἔχουσαν
2358 663 2452 715 καὶ
2482 663 2582 733 τὴν
2609 659 2873 730 διαίρεσιν
2904 659 3000 711 καὶ
3035 657 3136 728 τὴν
3177 656 3397 710 ἕνωσιν.
3444 656 3645 709 Movet):

2089 757 2192 825 μὲν
2248 755 2390 809 κατά
2436 755 2526 807 τὸν
2569 755 2673 823 τῆς
2716 751 2925 816 οὐσίας,
2965 750 3134 819 ἤγουν
3185 747 3441 818 θεότητος
3483 747 3642 814 λόγον,

2088 846 2299 917 Τριάδα
2326 845 2382 899 δὲ
2403 844 2544 898 κατά
2565 842 2664 906 τὰς
2689 840 2978 906 ίδιότητας,
3003 839 3171 908 ἧγουν
3199 835 3526 898 ὑποστάσεις
3544 837 3649 906 ἢτοι

2092 939 2381 1008 πρόσωπα.
2413 936 2715 1005 Διαιρεῖται
2747 930 2856 1000 γὰρ
2890 927 3232 998 ἀδιαιρέτως,
3273 927 3363 978 ἵνα
3396 925 3563 987 οὕτως
3583 924 3649 976 εί-

2091 1048 2305 1101 πωμεν,
2329 1028 2423 1081 καί
2449 1026 2782 1080 συνάπτεται
2818 1022 2904 1091 διῃ
2915 1038 2979 1091 ρη
2992 1019 3185 1089 μένως.
3217 1019 3314 1070 Ἐν
3346 1018 3453 1088 γὰρ
3475 1018 3531 1068 ὲν
3547 1032 3652 1087 τρι-

2052 1187 2055 1190 _
2093 1123 2176 1174 σὶν
2209 1122 2241 1190 ἡ
2275 1120 2498 1188 Θεότης,
2529 1117 2624 1170 καὶ⁵
2648 1116 2718 1169 τὰ
2738 1114 2864 1186 τρία
2891 1113 2971 1176 ἓν,
3001 1113 3060 1163 ὲν
3087 1105 3169 1173 οἷς
3389 1110 3422 1178 ἠ
3448 1108 3655 1174 Θεότης,

2092 1213 2126 1283 ἢ
2156 1212 2216 1264 τό
2240 1228 2304 1279 γε
2335 1210 2726 1280 ἀκριϐέστερον
2771 1207 2970 1268 εἰπεῖν,
2997 1204 3033 1257 ἃ
3061 1205 3095 1273 ή
3134 1202 3359 1270 Θεότης,
3381 1198 3512 1254 Θεὸν
3535 1199 3656 1252 ’ἐκα-

2103 1320 2248 1368 στον,
2286 1303 2352 1356 ἂν
2399 1301 2685 1370 θεωρεῖται
2729 1297 2909 1368 μόνον,
2943 1295 3039 1348 τοῦ
3087 1293 3180 1345 νοῦ
3231 1290 3552 1361 χωρίζοντος
3593 1290 3660 1341 τὰ

2094 1394 2394 1465 ἀχώριστα,
2430 1391 2563 1445 Θεὸν
2591 1391 2661 1444 τὰ
2702 1389 2830 1460 τρία
2866 1388 2985 1457 μετ’
3020 1385 3264 1454 ἀλλήλων
3294 1382 3560 1452 νοούμενα
3591 1379 3664 1448 τῷ

2095 1485 2244 1554 αὐτῷ
2277 1484 2322 1516 ⁹⁶
2349 1485 2447 1552 τῆς
2481 1482 2750 1551 κινήσεως
2779 1479 2874 1532 καὶ
2901 1479 2999 1547 τῆς
3029 1476 3265 1546 φύσεως.
3312 1475 3532 1544 Ἐπειδὴ
3561 1474 3666 1544 χρὴ

2096 1570 2191 1624 καὶ
2237 1569 2328 1622 τὸν
2365 1569 2462 1622 ἕνα
2493 1567 2627 1621 Θεὸν
2678 1566 2959 1636 ὁμολογεῖν
2990 1565 3035 1596 ⁸⁷
3080 1565 3178 1616 καὶ
3211 1564 3313 1626 τὰς
3344 1565 3493 1633 τρεῖς
3546 1563 3672 1616 ὕπο-

2097 1660 2316 1724 στάσεις
2364 1658 2678 1730 κηρύττειν,
2710 1657 2877 1727 ἤγουν
2919 1654 3049 1724 τρία
3086 1653 3380 1724 πρόσωπα,
3413 1651 3510 1704 καὶ
3548 1653 3678 1705 ὲκά·

2099 1767 2230 1821 στην
2264 1751 2402 1820 μετά
2427 1751 2526 1819 τῆς
2556 1748 2837 1818 ἰδιότητος,
2868 1746 2962 1799 καὶ
2982 1743 3103 1798 οὕτε
3129 1743 3226 1814 τὴν
3253 1743 3448 1797 ἕνωσιν
3476 1743 3677 1813 σύγχυ-

2099 1860 2182 1896 σιν
2225 1840 2574 1912 ἐργαζόμεθα
2599 1838 2742 1893 κατά
2777 1837 3066 1891 Σαϐέλλιον
3098 1837 3146 1868 ³⁸
3187 1837 3245 1889 ἒν
3273 1837 3570 1906 πρόσωπον
3593 1834 3682 1887 λέ-

2096 1951 2262 2003 γοντα
2304 1934 2404 2003 τὴν
2443 1931 2672 2004 Τριάδα,
2705 1930 2798 1984 τὸν
2827 1929 2996 1983 αὑτὸν
3039 1927 3261 1999 Πατέρα
3291 1927 3388 1980 καὶ
3418 1927 3552 1980 Υίὸν
3586 1928 3682 1980 καὶ

2097 2026 2252 2094 ἅγιον
2307 2023 2557 2094 Πνεῦμα,
2601 2019 2726 2075 ούτε
2772 2019 3110 2090 διαιροῦντες
3157 2018 3552 2088 ἀλλοτριοῦμεν
3583 2018 3683 2086 τῆς

2100 2116 2198 2170 τοῦ
2229 2115 2366 2169 Θεοῦ
2406 2111 2621 2184 Πατρὸς
2654 2111 2844 2174 οὐσίας
2895 2111 2986 2164 τὸν
3029 2110 3160 2164 Υἱὸν
3187 2109 3220 2181 ἦ
3247 2109 3308 2162 τὸ
3350 2107 3582 2179 Πνεῦμα
3625 2108 3684 2159 τὸ

2099 2208 2274 2278 ἅγιον,
2327 2207 2468 2262 κατὰ
2499 2206 2596 2277 τὴν
2623 2203 2839 2276 ’Λρείου
2873 2203 3067 2274 μανίαν
3101 2204 3179 2266 είς
3212 2203 3362 2273 τρεῖς
3390 2201 3684 2271 διαφόρους

2100 2301 2288 2365 οὐσίας
2320 2299 2752 2369 κατατέμνοντες
2777 2297 2877 2368 τὴν
2906 2295 3169 2366 Θεότητα.

411 2387 725 2441 trinomium
754 2387 1130 2460 l'trionymum]
1155 2389 1406 2444 eumdem
1431 2389 1669 2466 Patrem,
1693 2401 1747 2448 et
1773 2393 1993 2463 Filium,
2052 2406 2107 2452 et
2158 2395 2420 2468 Spiritum
2457 2403 2706 2451 sanctum
2746 2412 2760 2448 :
2794 2407 2898 2448 nec
2957 2391 3262 2447 dividentes
3297 2389 3682 2460 proprietates,

409 2479 709 2534 alienamus
742 2497 772 2534 a
809 2480 900 2535 Dei
941 2482 1114 2536 Patris
1153 2484 1456 2539 substantia
1492 2485 1688 2543 Filium
1755 2498 1810 2544 et
1852 2490 2114 2562 Spiritum
2151 2500 2432 2559 sanctum,
2507 2490 2808 2546 secundum
2841 2488 2956 2543 Arii
3016 2487 3284 2550 furorem,
3357 2485 3416 2538 in
3453 2494 3570 2538 tres
3601 2483 3686 2537 di-

409 2587 596 2628 versas
639 2583 864 2628 naturas
912 2575 1216 2631 incidentes
1265 2578 1412 2648 [Arii
1461 2579 1784 2649 incidentis]
1839 2585 2124 2641 deitatem.

485 2687 504 2718 ι
535 2667 687 2722 Unus
715 2668 878 2737 igitur
905 2669 1048 2723 Deus
1075 2669 1256 2735 Pater,
1285 2687 1351 2726 ex
1379 2687 1488 2741 quo
1515 2676 1696 2730 omnia
1726 2695 1738 2731 :
1768 2687 1822 2733 et
1853 2695 1996 2735 unus

410 2758 722 2828 unigenitus
753 2757 950 2824 Filius,
982 2776 1081 2829 per
1106 2777 1266 2829 quem
1299 2763 1480 2817 omnia
1516 2782 1528 2817 :
1561 2775 1612 2820 et
1647 2784 1789 2824 unus
1817 2769 1996 2840 Spiri-

411 2857 500 2902 tus
526 2855 776 2912 sanctus,
806 2847 859 2901 in
887 2864 994 2917 quo
1020 2850 1222 2903 onmia.
1247 2851 1582 2909 Conﬁtemur
1605 2866 1788 2913 autem
1816 2861 1994 2930 ipsum

411 2937 751 3006 unigenitum
782 2935 976 2991 Filium
1007 2939 1123 3002 Dei,
1155 2939 1323 2994 Deum
1351 2940 1609 3009 Verbum,
1640 2957 1768 3004 ante
1797 2952 1993 3006 saecula

409 3037 469 3084 et
493 3029 610 3083 sine
641 3037 887 3099 tempore
913 3044 978 3084 ex
1007 3029 1166 3085 Patre
1193 3041 1404 3099 natum,
1433 3049 1542 3089 non
1571 3035 1797 3106 factum,
1824 3041 1882 3095 in
1907 3041 1993 3096 ul-

2174 2698 2193 2731 ι
2226 2673 2321 2743 Εἷς
2336 2679 2381 2711 ⁸³
2412 2677 2593 2732 τοίνυν
2623 2677 2758 2740 Θεὸς
2781 2679 2809 2731 6
2835 2675 3047 2747 Πατὴρ,
3075 2675 3137 2740 ἐξ
3164 2667 3226 2728 οὗ
3254 2675 3322 2729 τά
3352 2676 3556 2741 πάντα,
3595 2677 3686 2730 καὶ

2095 2761 2178 2831 εἷς
2202 2769 2330 2831 Υίὸς
2363 2767 2682 2837 μονογενὴς,
2715 2765 2785 2832 διῖ
2808 2757 2870 2818 οῦ
2912 2763 2984 2816 τά
3012 2763 3211 2827 πάντα,
3239 2763 3334 2816 καὶ
3362 2761 3423 2814 ἓν
3455 2762 3684 2832 Πνεῦμα

2095 2857 2270 2927 ἅγιον,
2305 2861 2365 2912 ὲν
2415 2852 2460 2926 ᾧ
2504 2859 2574 2912 τά
2619 2853 3244 2926 πάντα.’ομολογοῦμεν
3283 2854 3342 2908 δὲ
3381 2853 3550 2908 αὐτὸν
3595 2852 3688 2906 τὸν

2099 2949 2362 3020 μονογενῆ
2404 2947 2532 3001 Υἱὸν
2565 2946 2660 3000 τοῦ
2709 2945 2869 3009 Θεοῦ,
2904 2945 3038 2998 Θεὸν
3068 2945 3242 3012 Λόγον
3277 2944 3370 2998 τὸν
3404 2945 3512 3014 πρὸ
3555 2944 3688 2997 alii»

2095 3057 2223 3108 νων,
2255 3040 2350 3094 καὶ
2402 3039 2648 3110 ἀχρόνως
2693 3040 2759 3091 ὲκ
2803 3037 2898 3091 τοῦ
2952 3034 3166 3107 Πατρὸς
3212 3033 3565 3105 γεννηθέντα,
3621 3036 3683 3088 οὗ

409 3122 560 3180 timis
599 3121 793 3176 diebus
833 3132 1052 3192 propter
1087 3139 1187 3177 nos
1221 3134 1274 3178 et
1309 3135 1529 3196 propter
1563 3143 1806 3186 nosrram
1842 3133 1990 3187 salu-

2097 3130 2407 3200 ποιηθέντα,
2440 3130 2527 3184 ἐπ’
2554 3129 2799 3200 ἐσχάτων
2841 3128 2984 3181 τῶν¹
3036 3126 3258 3198 ἡμερῶν
3305 3126 3370 3179 δι’
3401 3127 3551 3196 ἡμᾶς
3588 3125 3686 3180 καὶ

410 3221 520 3268 tem
562 3214 908 3269 descendisse
951 3215 1018 3269 de
1062 3215 1244 3281 caelis,
1287 3225 1341 3272 et
1384 3217 1724 3277 incarnatum
1767 3239 1887 3280 esse
1927 3242 1993 3280 ex

411 3303 619 3377 Spiritu
645 3315 852 3372 sant-to,
876 3316 928 3361 et
955 3315 1140 3362 sancta
1167 3308 1398 3378 gloriosa
1432 3310 1522 3366 Dei
1549 3313 1822 3371 Genitrice
1849 3332 1992 3372 sem-

408 3414 506 3468 per
519 3398 738 3469 Virgine
759 3397 944 3462 Maria,
970 3407 1026 3453 et
1047 3409 1232 3454 natum
1259 3417 1325 3454 ex
1353 3402 1487 3471 ipsa,
1513 3403 1603 3472 qui
1627 3413 1711 3458 est
1734 3406 1994 3462 Dominus

407 3489 566 3544 Jcsus
598 3490 876 3554 Christus,
914 3507 1057 3544 unus
1095 3491 1164 3545 de
1200 3502 1388 3547 sancta
1422 3493 1718 3562 Trinitate,
1755 3501 1994 3554 consuba

409 3581 674 3635 stantialis
707 3582 817 3634 Deo
849 3582 989 3635 Patri
1021 3583 1319 3638 secundum
1364 3586 1638 3652 deitatem,
1670 3597 1726 3642 et
1755 3591 1994 3646 consub-

410 3671 678 3724 stantialis
713 3672 874 3725 nobis
908 3672 1051 3724 idem
1088 3673 1200 3742 ipse
1234 3677 1534 3731 secundum
1570 3678 1990 3745 humanitatem,

409 3761 682 3830 passibilis
710 3778 893 3826 carne,
925 3762 1268 3831 impassibilis
1299 3766 1439 3821 idem
1472 3768 1584 3836 ipse
1615 3770 1843 3824 Deitate.
1875 3771 1990 3826 Non

411 3852 556 3905 enim
599 3852 738 3906 alius
781 3852 1000 3922 quidam
1045 3862 1130 3907 est
1175 3863 1369 3922 pra‘ter
1404 3855 1569 3910 Deum
1605 3857 1862 3926 Verbum,
1901 3861 1993 3930 qui

409 3943 720 4014 passionem
753 3952 808 3997 et
840 3954 1068 3998 mortem
1100 3948 1338 4016 suscepit
1369 3966 1381 4002 :
1413 3948 1506 4002 sed
1539 3949 1653 4018 ipse
1683 3949 1993 4020 impassibi—

409 4035 477 4089 lis
505 4045 560 4089 et
591 4035 958 4105 sempiternus
994 4037 1136 4091 Deus
1164 4038 1400 4093 Verbum
1434 4042 1840 4111 generationem
1872 4059 1992 4098 car-

409 4127 497 4180 nis
544 4127 796 4182 humana:
845 4129 1118 4184 sustinere
1166 4131 1453 4202 dignatus,
1500 4133 1741 4203 implevit
1787 4136 1990 4190 omnia.

410 4217 536 4272 Ideo
578 4234 688 4273 non
736 4220 901 4272 alium
946 4219 1110 4274 Deum
1149 4221 1389 4278 Verbum
1435 4240 1557 4280 esse
1600 4227 1691 4296 qui
1731 4227 1990 4283 miracula

409 4316 668 4379 operatus
697 4319 798 4377 est,
831 4319 886 4365 et
915 4313 1078 4367 alium
1110 4314 1382 4368 Christum
1414 4317 1506 4384 qui
1539 4333 1732 4385 passus
1761 4328 1861 4384 est,
1895 4335 1990 4373 co-

411 4401 721 4471 gnoscimus
763 4421 774 4456 :
819 4404 912 4457 sed
957 4420 1125 4459 unum
1163 4406 1522 4477 eumdemque
1562 4408 1848 4464 Dominum
1888 4425 1988 4465 no-

2093 3223 2181 3278 διά
2201 3223 2300 3294 τὴν
2329 3222 2605 3294 ἡμετέραν
2635 3221 2908 3293 σωτηρίαν
2932 3219 3263 3275 κατελθόντα
3289 3220 3352 3271 ὲκ
3381 3219 3491 3270 τῶν
3517 3219 3686 3286 ούρα-

2095 3314 2232 3380 νῶν,
2268 3313 2365 3368 καὶ
2395 3313 2749 3385 σαρκωθέντα
2791 3315 2857 3366 ἐκ
2885 3311 3202 3382 Πνεύματος
3231 3310 3409 3379 ἁγίου,
3439 3311 3536 3364 καὶ
3579 3310 3686 3381 τῆς

2096 3408 2257 3477 ἁγίας
2279 3407 2490 3472 ἐνδόξου
2519 3407 2785 3460 Θεοτόκου
2816 3406 2908 3459 καὶ
2925 3403 3317 3475 ’Λειπαρθένου
3343 3403 3566 3475 Μαρίας
3587 3406 3684 3456 καὶ

2093 3499 2427 3570 γεννηθέντα
2458 3498 2517 3564 ἐξ
2545 3499 2737 3569 αύτῆς,
2772 3497 2832 3561 ὃς
2880 3499 3029 3550 ἐστιν
3062 3495 3266 3566 Κύριος
3295 3493 3510 3566 Ἰησοῦς
3547 3496 3684 3566 Χρυ-

2095 3589 2243 3654 στὸς,
2283 3585 2366 3653 εἷς
2395 3590 2496 3661 τῆς
2524 3590 2682 3658 ἁγίας
2722 3589 2948 3660 Τριάδος
2970 3629 2986 3654 ,
3017 3586 3302 3657 όμοούσιος
3330 3585 3408 3655 τῷ
3437 3586 3558 3656 Θεῷ
3589 3587 3684 3640 καὶ

2095 3681 2272 3752 Harp!
2297 3682 2441 3735 κατά
2468 3682 2567 3752 τὴν
2599 3681 2832 3749 θεότητα
2867 3679 2960 3732 καὶ
2990 3677 3274 3748 όμοοῦσιος
3303 3679 3435 3746 ἡμῖν
3459 3677 3487 3729 6
3517 3677 3683 3740 αὐτὸς

2095 3775 2236 3827 κατά
2284 3773 2384 3845 τὴν
2429 3773 2844 3844 ἀνθρωπότητα,
2877 3770 3121 3842 παθητὸς
3173 3769 3357 3839 σαρκὶ,
3403 3769 3625 3840 ἀπαθὴς
3652 3771 3685 3823 ὁ

2093 3864 2257 3928 αὐτὸς
2289 3861 2539 3935 Θεότητι.
2567 3862 2704 3917 Ούτε
2753 3862 2860 3934 γὰρ
2896 3861 3079 3930 ἕτερός
3106 3859 3190 3924 τίς
3223 3859 3369 3912 ἐστιν
3400 3860 3556 3930 παρά
3588 3861 3684 3913 τὸν

2093 3955 2251 4025 λόγον
2303 3955 2332 4008 6
2377 3954 2438 4008 τὸ
2485 3954 2658 4018 πάθος
2707 3953 2803 4008 καὶ
2830 3954 2922 4006 τὸν
2954 3952 3181 4006 θάνατον
3231 3950 3681 4020 ἀναδεδεγμένος,

2093 4049 2211 4102 ἀλλ’
2241 4049 2404 4112 αὐτὸς
2433 4049 2461 4100 6
2494 4046 2710 4117 ἀπαθὴς
2739 4047 2832 4100 καὶ
2858 4046 3028 4108 ἀΐδιος
3059 4044 3151 4098 τοῦ
3189 4044 3324 4098 Θεοῦ
3354 4044 3529 4112 Λόγος
3558 4060 3686 4112 γενο

2093 4144 2300 4214 νήσεως
2345 4140 2548 4212 σαρκὸς
2597 4139 2940 4212 ἀνθρωπίνης
2996 4139 3364 4208 ἀνασχόμενος
3396 4138 3463 4190 τὰ
3498 4138 3683 4190 πάντα

2093 4230 2479 4302 πεπλήρωκεν.
2509 4230 2600 4284 Διὸ
2627 4230 2727 4284 οὐκ
2759 4229 2919 4282 ἄλλον
2945 4229 3036 4282 τὸν
3064 4227 3196 4282 Θεὸν
3223 4229 3396 4295 Λόγον
3431 4227 3522 4281 τὸν
3543 4228 3686 4281 θαυας

2095 4323 2556 4394 ματουργήσαντα
2585 4322 2678 4375 καὶ
2707 4321 2866 4375 ἀλλον
2891 4320 2982 4375 τὸν
3017 4319 3251 4390 Χριστὸν
3291 4319 3382 4372 τὸν
3432 4319 3688 4374 παθόντα

2092 4413 2454 4482 ἐπιστάμεθα,
2494 4412 2609 4466 ἀλλ’
2637 4411 2734 4466 ἕνα
2778 4412 2872 4465 καὶ
2919 4412 3010 4465 τὸν
3057 4412 3216 4464 αὑτὸν
3262 4409 3465 4481 Κύριον
3519 4413 3690 4480 ἡμῶν

410 4503 581 4549 strum
610 4493 794 4549 Jesum
823 4495 1120 4561 Christum,
1153 4497 1248 4550 Dei
1274 4495 1509 4551 Verbum
1542 4499 1904 4566 incarnatum,
1934 4511 1989 4556 et

2109 4476 2313 4575 Ἰησοῦν
2343 4503 2577 4574 Χριστὸν
2609 4503 2700 4556 τὸν
2729 4502 2822 4556 τοῦ
2845 4503 2979 4556 Θεοῦ
3004 4502 3174 4570 Λόγον
3204 4476 3690 4571 σαρκωθέντανκαὶ

412 4588 685 4643 hominem
715 4587 935 4653 factum,
962 4597 1017 4642 et
1040 4589 1287 4657 ejusdem
1314 4588 1482 4658 ipsius
1506 4590 1765 4646 miracula
1787 4601 1843 4646 et
1865 4609 1991 4662 pas-

409 4681 614 4763 siones,
645 4696 780 4749 quas
810 4695 973 4734 carne
1003 4681 1304 4734 voluntarie
1335 4680 1615 4744 sustinuit.
1644 4683 1988 4739 conﬁtemur.

411 4773 528 4829 Non
557 4774 702 4827 enim
732 4773 893 4828 homo
920 4773 1114 4843 aliquis
1137 4789 1235 4843 pro
1258 4774 1416 4830 nobis
1439 4775 1791 4846 semetipsum
1819 4777 1986 4840 dedit,

411 4863 506 4916 sed
536 4861 651 4933 ipse
679 4861 824 4916 Deus
841 4861 1079 4917 Verbum
1110 4879 1267 4917 suum
1294 4879 1492 4933 corpus
1517 4880 1614 4934 pro
1639 4867 1796 4922 nobis
1821 4867 1990 4932 dedit,

410 4968 481 5007 ne
506 4953 560 5006 in
586 4954 861 5008 hominem
893 4954 1026 5009 ﬁdes
1051 4963 1107 5008 et
1135 4971 1260 5025 spes
1284 4965 1468 5011 nostra
1494 4957 1585 5020 sit,
1613 4958 1706 5012 sed
1735 4959 1788 5012 in
1816 4959 1991 5028 ipsum

413 5046 585 5099 Deum
617 5045 851 5100 Verbum
890 5057 1130 5101 nostram
1169 5046 1329 5102 ﬁdem
1369 5048 1683 5104 habeamus.
1719 5049 1788 5102 Et
1824 5049 1990 5104 Deum

414 5135 576 5205 igitur
605 5151 728 5190 eum
765 5137 1107 5204 conﬁtentes,
1143 5154 1254 5194 non
1287 5139 1621 5209 abnegamus
1658 5139 1836 5210 ipsum
1872 5156 1992 5195 esse

413 5236 468 5280 et
495 5225 769 5282 hominem
799 5248 812 5284 :
842 5239 897 5285 et
927 5232 1203 5286 hominem
1233 5232 1477 5286 dicentes
1506 5247 1654 5294 eum,
1681 5249 1792 5286 non
1820 5233 1993 5289 abue-

415 5333 604 5388 gamus
641 5318 818 5388 ipsum
850 5337 970 5376 esse
999 5331 1054 5377 et
1085 5325 1272 5378 Deum.
1308 5323 1362 5377 Si
1395 5324 1539 5378 enim
1573 5323 1715 5378 Deus
1751 5334 1991 5380 tantum-

417 5407 577 5463 modo
606 5422 768 5477 esset,
800 5413 1071 5481 quomodo
1102 5414 1446 5485 patiebatur?
1475 5416 1747 5486 quomodo
1776 5417 1994 5471 cruciﬁ-

2091 4593 2609 4664 ὲνανθρωπήσαντα,
2647 4595 2743 4648 καὶ⁴
2773 4592 2866 4648 τοῦ
2897 4593 3063 4647 αὐτοῦ
3103 4595 3173 4647 τά
3201 4611 3260 4646 τε
3291 4593 3547 4661 θαύματα
3585 4597 3692 4648 καὶ

2089 4683 2156 4737 τά
2196 4683 2367 4755 πάθη,
2401 4685 2544 4756 ἅπερ
2578 4685 2838 4750 ἑκουσίως
2870 4686 3131 4754 ὑπέμεινε
3164 4683 3346 4752 σαρκὶ,
3383 4684 3692 4752 ὁμολογοῦ-

2095 4795 2214 4842 μεν.
2244 4776 2380 4830 Οῠτε
2409 4778 2518 4848 γὰρ
2549 4777 2833 4848 ἄνθρωπός
2880 4794 2963 4840 τις
2996 4777 3136 4846 ὑπὲρ
3181 4777 3336 4846 ἡμῶν
3367 4776 3558 4830 ἑαυτὸν
3591 4778 3696 4830 δέ-

2091 4869 2285 4932 δωκεν,
2318 4869 2431 4922 ἀλλ’
2461 4869 2623 4932 αὐτὸς
2668 4871 2698 4921 6
2742 4869 2914 4938 Λόγος
2959 4869 3021 4921 τὸ
3063 4869 3193 4922 ἴδιον
3241 4868 3399 4938 σῶμα
3446 4867 3696 4921 δέδωκεν

2103 4961 2244 5031 ὑπὲρ
2274 4961 2450 5030 ἡμῶν,
2480 4962 2566 5014 ἴνα
2600 4961 2674 5032 μὴ
2707 4963 2785 5023 είς
2815 4961 3097 5031 ἄνθρωπον
3131 4961 3164 5030 ἠ
3195 4961 3377 5022 πίστις
3401 4960 3491 5012 καὶ
3521 4961 3555 5028 ἡ
3589 4961 3691 5013 ἐλ-

2105 5054 2195 5116 πὶς
2226 5057 2257 5123 ἡ
2268 5053 2383 5124 μῶν
2418 5050 2472 5127 ᾖ,
2499 5053 2613 5107 ἀλλ’
2649 5056 2728 5118 εἰς
2752 5053 2915 5109 αὑτὸν
2945 5054 3033 5106 τὸν
3057 5053 3189 5107 Θεὸν
3214 5054 3387 5120 Λόγον
3417 5053 3514 5120 τὴν
3541 5054 3704 5122 ἡμε-

2100 5143 2266 5212 τέραν
2315 5144 2496 5196 πίστιν
2535 5143 2766 5213 ἔχωμεν.
2799 5145 2907 5196 Καὶ
2933 5143 3067 5196 Θεὸν
3089 5144 3270 5196 τοίνυν
3297 5142 3457 5195 αὐτὸν
3489 5142 3706 5210 ὁμολο-

2100 5233 2323 5300 γοῦντες
2353 5233 2452 5287 οὐκ
2479 5233 2781 5303 ἀθετοῦμεν
2810 5233 2870 5285 τὸ
2893 5229 3031 5286 εἶναι
3062 5233 3223 5286 αὐτὸν
3253 5235 3346 5288 καὶ
3372 5232 3700 5304 ἄνθρωπον,

2099 5326 2192 5377 καὶ
2221 5325 2505 5394 ἄνθρωπον
2534 5325 2782 5392 λέγοντες
3033 5324 3194 5379 αὐτὸν
3221 5326 3322 5378 οὐκ
3373 5322 3708 5394 ἀρνούμεθα

2102 5417 2162 5469 τὸ
2189 5413 2324 5471 εἶναι
2355 5417 2515 5470 αὑτὸν
2549 5419 2642 5470 καὶ
2672 5417 2822 5472 Θεόν.
2862 5419 2922 5472 Ei
2957 5418 3066 5485 γὰρ
3095 5417 3224 5482 Θεὸς
3253 5417 3410 5470 μόνον
3438 5412 3527 5480 ἦν,
3569 5420 3710 5485 πῶς

1717 5571 1806 5625 VA
1821 5570 1960 5626 RIIE
2017 5565 2309 5628 LECTION
2321 5573 2420 5628 ES.

484 5702 544 5778 "_
564 5702 642 5774 τῷ
670 5704 716 5755 τ’
742 5705 892 5778 auiti?)
922 5701 981 5761 ν.
1089 5707 1130 5739 ⁹¹¹
1161 5693 1442 5778 ὁμολογεῖν
1469 5724 1577 5762 om.
1605 5709 1663 5765 Ρ.

429 5769 449 5804 ⁸
478 5773 586 5827 τῶν
613 5769 734 5830 ὀιιι.
761 5774 818 5828 Ρ.

1767 5711 1812 5742 ⁸³
1843 5708 1981 5780 μετὰ
2010 5709 2300 5764 Σαῦελλίου
2340 5709 2399 5764 Ρ.

2500 5713 2546 5745 ἐ’
2580 5706 2682 5776 εἷς.
2715 5713 2763 5766 εί
2792 5712 2844 5767 in
2877 5711 3064 5768 codice
3095 5711 3380 5769 invenerat
3407 5707 3702 5770 lladerus.
