3856 6342
238 369 341 440 905

1422 366 1862 435 CHRONICON
1914 368 2321 435 PASCHALE.

3396 366 3587 443 998.

239 484 499 551 ἔπασχεν.
540 477 659 540 πῶς
703 470 1036 543 ὲσταυροῦτο
1078 469 1172 527 καὶ
1222 470 1599 544 ἀπέθνησκεν;
1644 472 1825 527 ’Δλλόο

1937 474 2153 546 gebatur
2179 484 2236 531 et
2270 472 2640 531 moriebatur?
2670 472 2858 528 Aliena
2891 471 3036 529 enim
3072 470 3175 529 ista
3206 478 3337 530 sunt
3370 476 3500 531 Deo.

234 586 367 643 τρια
388 567 502 639 γὰρ
521 564 695 619 ταῦτα
714 562 873 617 Θεοῦ.
896 563 960 617 Εἰ
986 561 1042 616 δὲ
1066 561 1357 633 ἄνθρωπος
1384 561 1566 633 μόνον,
1599 562 1717 626 πῶς
1738 562 1826 617 διὰ

232 661 334 715 τοῦ
360 659 569 722 πάθους
592 657 768 723 ἐνίκα,
798 654 916 719 πῶς
942 655 1134 722 ἔσωζε,
1164 653 1285 717 πῶς
1303 652 1620 721 ὲζωοποίεις
1645 654 1826 709 Ταῦτα

236 753 349 823 γὰρ
378 747 839 825 ὑπὲρ-ἄνθρωπον
864 744 950 817 ἧν.
981 746 1096 800 Νῦν
1123 746 1182 800 δὲ
1210 748 1273 801 ὁ²
1302 745 1465 810 αὐτὸς
1496 746 1706 818 πάσχει,
1734 749 1829 801 καὶ

236 844 426 909 σώζει,
457 843 551 896 καὶ
590 842 680 896 διά
709 840 805 895 τοῦ
835 841 1041 904 πάθους
1070 840 1216 909 νικᾷ,
1253 839 1282 891 6
1306 837 1471 902 αὑτὸς
1495 838 1646 903 Θεὸς.
1672 842 1700 894 6
1726 839 1827 894 αὑ·-

237 941 334 1003 οτδς
364 939 674 1010 ἄνθρωπος,
702 937 765 992 τὸ
793 937 1221 1008 συναμφότερον,
1244 934 1452 1002 οὕτως⁸
1479 937 1538 989 ἓν
1568 936 1828 1008 ἑκάτερον

237 1030 316 1094 ὡς
354 1029 710 1100 μόνον.”Οθεν
756 1027 818 1093 ἐξ
863 1027 1132 1099 ἑκατέρας
1173 1026 1411 1096 φύσεως,
1443 1027 1724 1081 τουτέστιν
1762 1029 1829 1082 ὲκ

240 1120 497 1187 θεότητος
545 1119 641 1172 καὶ
684 1118 1105 1190 ἀνθρωπότητος
1154 1117 1252 1171 ἱνα
1281 1118 1517 1190 Χριστὸν
1575 1118 1828 1172 σύνθετον

244 1213 499 1281 λέγοντες
551 1211 813 1282 σύγχυσιν
855 1214 924 1284 τῇ
968 1210 1159 1266 ὲνὼσει
1191 1212 1292 1266 οὐκ
1317 1212 1703 1283 ὲπεισάγομεν,
1734 1213 1829 1266 καὶ

242 1306 301 1356 ὲν
349 1305 591 1375 ἑκατέρᾳ
630 1303 723 1359 δεῖ
751 1302 933 1372 φύσει,
955 1302 1250 1357 τουτέστιν
1280 1304 1340 1356 ἐν
1368 1302 1584 1372 θεότητι
1629 1303 1723 1356 καὶ
1771 1304 1829 1356 ἓν

241 1394 645 1466 ἀνθρωπότητι,
680 1394 770 1448 τὸν
798 1394 895 1449 ἕνα
926 1394 1130 1466 Κύριον
1162 1394 1321 1466 ἡμῶν
1353 1395 1562 1466 Ἰησοῦν
1595 1395 1830 1466 Χριστὸν

240 1487 335 1540 τὸν
355 1486 456 1540 τοῦ
480 1486 616 1539 Θεοῦ
644 1487 817 1555 Λόγον
840 1487 1195 1558 σαρκωθέντα
1216 1488 1311 1541 καὶ
1332 1486 1831 1557 ἐνανθρωπήσαντα

242 1578 631 1645 γινώσκοντες,
665 1579 760 1633 καὶ
791 1579 1062 1649 διαίρεσιν
1093 1572 1194 1648 μέν
1232 1595 1354 1633 τινα
1405 1579 1608 1651 ἀμερὸς
1629 1578 1649 1610 ⁸
1675 1578 1708 1650 ἢ
1742 1595 1829 1632 τοι

246 1671 357 1741 μὴν
383 1671 487 1723 οὐκ
514 1670 851 1742 ἐπιφέρομεν
895 1673 961 1740 τῇ
996 1671 1096 1741 μιᾷ
1124 1670 1292 1724 αὑτοῦ
1313 1672 1357 1702 ⁸⁸
1385 1670 1701 1735 ὑποστάσει,
1730 1670 1830 1742 τὴν

242 1760 302 1813 δὲ
345 1761 614 1830 διαφορὰν
659 1761 767 1815 τῶν
819 1761 1036 1831 φύσεων
1060 1761 1120 1828 ἐξ
1150 1755 1226 1816 ὧν
1260 1762 1392 1815 καὶ⁶
1425 1762 1681 1833 συνετέθη
1732 1779 1831 1835 ση-

248 1851 518 1924 μαίνομεν
564 1854 665 1906 οὐκ
711 1853 1068 1925 ἀνῃρημένην
1115 1852 1205 1907 διά
1249 1854 1350 1924 τὴν
1393 1853 1608 1917 ἕνωσιν,
1642 1853 1832 1925 ἐπειδὴ

243 1944 493 2015 ἑκατέρα
524 1944 687 2017 φύσις
711 1946 861 1999 ἐστὶν
894 1946 954 1999 ὲν
977 1944 1145 2016 αύτῷ.
1172 1945 1479 2009 Συνθέσεως
1511 1946 1621 2017 γὰρ
1641 1946 1833 2016 ὁμολο-

242 2035 543 2108 γουμένης,
572 2036 759 2089 καὶτὰ
791 2036 934 2108 μέρη
975 2037 1034 2090 ἒν
1081 2037 1159 2108 τῷ
1203 2036 1309 2107 ὅλῳ
1355 2036 1590 2108 ὑπάρχει
1632 2037 1727 2090 καὶ
1772 2036 1833 2092 τὸ

242 2124 373 2179 ὅλον
417 2126 477 2178 ὲν
518 2127 634 2188 τοῖς
683 2127 874 2197 μέρεσι
905 2125 1257 2194 γινώσκεται.
1296 2123 1432 2180 Οῦτε
1474 2128 1584 2200 γὰρ
1634 2129 1668 2198 ὴ
1714 2127 1833 2181 θεία

244 2215 416 2285 φύσις
455 2218 537 2295 είς
581 2217 680 2290 τὴν
724 2217 1078 2289 ἀνθρωπίνην
1126 2216 1457 2290 μετεϐλήθη,
1503 2219 1629 2274 οὔτε
1675 2221 1832 2292 δὲ”ἔι

244 2308 567 2379 ἀνθρωπίνη
601 2309 761 2379 φύσις
791 2312 873 2365 είς
920 2309 1020 2381 τὴν
1064 2309 1216 2364 θείαν
1263 2311 1497 2383 ἐτράπη,
1536 2313 1835 2384 νοουμένης

242 2401 305 2454 δὲ
337 2401 544 2470 μᾶλλον
571 2402 665 2456 κα)⁵
694 2404 1045 2474 ὑπαρχούσης
1070 2405 1339 2475 ἑκατέρας
1368 2409 1426 2460 ἐν
1460 2407 1536 2477 τῷ
1563 2407 1662 2475 τῆς
1698 2408 1834 2472 ἰδίας

244 2492 473 2562 φύσεως
522 2495 633 2564 ὅρῳ
678 2511 737 2546 τε
787 2496 883 2547 καὶ
928 2494 1091 2565 λόγῳ,
1142 2497 1462 2566 πεπρᾶχθαί
1511 2514 1691 2568 φαμεν
1733 2499 1833 2569 τὴν

243 2588 447 2641 ἱνωσιν
495 2586 615 2642 καθ’
636 2589 953 2642 ὑπόστασιν⁹
996 2588 1108 2660 ηδε
1148 2589 1274 2643 καθ’
1306 2588 1610 2644 ὑπόστασιν
1641 2591 1834 2655 ἓνωσις

244 2681 408 2751 δηλοῖ
452 2682 535 2735 ὅτι
559 2681 588 2733 6
617 2680 747 2744 Θεὸς
771 2680 965 2749 Λόγος,
996 2683 1273 2737 τουτέστιν
1324 2684 1357 2754 ἡ
1382 2683 1480 2754 μία
1513 2683 1831 2750 ὑπόστασις,

246 2778 316 2831 ἐκ
366 2776 477 2829 τῶν
509 2777 678 2849 τριῶν
720 2780 818 2848 τῆς
855 2778 1121 2845 Θεότητος
1171 2780 1523 2835 ὑποστάσεων
1575 2780 1638 2835 οὑ
1694 2792 1834 2852 προ-

252 2868 559 2924 ῦποστάντι
598 2869 870 2943 ἀνθρώπῳ
900 2872 1108 2944 ἡνώθη,
1155 2873 1270 2927 ἀλλ’
1300 2874 1358 2927 ἐν
1404 2875 1469 2945 τῇ
1504 2869 1705 2946 γαστρὶ
1731 2875 1834 2945 τῆς

244 2961 422 3030 ἁγίας
450 2962 724 3034 Παρθένου
752 2964 1181 3036 ἐδημιούργησεν
1206 2967 1266 3018 ὲν
1288 2966 1466 3036 ἑαυτῷ
1491 2966 1550 3032 ἐξ
1578 2967 1750 3039 αὐτῆς
1776 2968 1835 3021 ὲν

246 3055 317 3123 τῇ
357 3052 464 3123 ἰδίᾳ
498 3053 791 3108 ὑποστάσει
822 3056 998 3127 σάρκα
1027 3056 1421 3129 ὲιῖιυχωμι-ενην⁸
1458 3057 1604 3130 ψυχῇ
1641 3059 1832 3129 λογικῇ

1928 565 2027 620 Sin
2066 575 2250 622 autem
2293 567 2460 623 homo
2500 567 2707 634 solum,
2746 566 3020 638 quomodo
3060 581 3160 637 per
3197 568 3503 637 passionem

1927 657 2213 725 vincebat,
2242 658 2517 729 quomodo
2543 659 2723 716 salvos
2749 657 3000 722 faciebat.
3028 658 3303 728 quomodo
3330 660 3502 714 viviti—

1925 751 2120 807 cahat?
2164 749 2290 807 llaec
2338 752 2483 807 enim
2532 767 2695 823 supra
2749 751 2986 806 hominis
3028 760 3283 806 naturam
3330 760 3503 807 erant.

1926 842 2083 899 Nunc
2120 851 2301 898 autem
2344 844 2487 900 idem
2527 844 2643 915 ipse
2684 844 2913 914 patitur,
2947 852 3003 898 et
3038 844 3219 899 salvos
3256 842 3415 909 facit,
3453 853 3510 898 et

1929 948 2026 1004 per
2057 934 2364 1004 passionem
2396 934 2594 1000 vincit,
2630 934 2771 990 idem
2806 935 2922 1005 ipse
2954 934 3130 996 Deus,
3162 934 3279 1005 ipse
3312 935 3506 998 homo,

1928 1034 2220 1096 utrumque
2263 1034 2518 1097 tanquam
2563 1042 2751 1093 unum,
2794 1037 3086 1097 utrumque
3122 1036 3378 1097 tanquam
3419 1042 3510 1083 so-

1928 1116 2062 1172 lum.
2098 1117 2257 1174 Unde
2278 1134 2345 1174 ex
2374 1128 2606 1189 utraque
2634 1128 2857 1184 natura,
2892 1119 2944 1175 id
2978 1129 3089 1183 est,
3121 1130 3188 1175 ex
3229 1119 3429 1175 deitate
3456 1130 3512 1175 et

1931 1207 2270 1264 humanitate
2311 1225 2479 1264 unum
2521 1208 2798 1264 Christum
2840 1208 3200 1279 compositum
3242 1209 3507 1275 dicentes,

1930 1297 2305 1354 confusionem
2334 1299 2564 1355 unitioni
2592 1314 2703 1353 non
2734 1298 3152 1354 introducimus.
3180 1300 3250 1355 Et
3275 1301 3331 1355 in
3358 1310 3511 1357 utra-

1929 1403 2034 1458 que
2063 1396 2247 1444 autem
2274 1380 2499 1457 natura,
2532 1391 2586 1446 id
2616 1399 2726 1454 est,
2761 1391 2815 1444 in
2862 1390 3146 1446 divinitate
3174 1400 3228 1446 et
3257 1391 3512 1447 humani-

1932 1486 2062 1543 tate,
2095 1495 2265 1535 unum
2297 1482 2585 1536 Dominum
2616 1491 2864 1537 nostrum
2891 1481 3079 1537 Iesum
3110 1480 3387 1538 Christum
3419 1485 3512 1539 Dei

1934 1571 2172 1628 Verbum
2213 1574 2593 1640 incarnatum,
2636 1583 2692 1630 et
2736 1575 3017 1630 hominem
3062 1574 3263 1631 factum
3306 1588 3512 1645 cogno-

1931 1674 2177 1730 scentes,
2206 1666 2530 1723 divisionem
2560 1667 2777 1737 quidem
2809 1682 2907 1738 per
2932 1677 3144 1738 partes,
3178 1667 3261 1723 vel
3291 1668 3514 1723 incisio-

1930 1774 2057 1814 nem
2087 1774 2196 1815 non
2229 1759 2514 1814 inferimus
2542 1760 2636 1814 uni
2667 1760 2788 1829 ejus
2818 1760 3222 1827 subsistentiae;
3252 1759 3512 1816 differen-

1936 1850 2063 1906 tiam
2096 1860 2278 1906 autem
2312 1860 2630 1907 naturarum
2651 1893 2667 1918 ,
2700 1867 2764 1907 ex
2798 1851 2997 1921 quibus
3027 1850 3363 1922 compositus
3393 1861 3510 1915 est,

1934 1943 2331 2017 significamus,
2375 1960 2486 1999 non
2532 1944 2917 2015 interemptum
2959 1954 3180 2015 propter
3219 1936 3511 2011 unitatem,

1933 2035 2189 2105 quoniam
2213 2043 2446 2105 utraque
2467 2045 2660 2091 natura
2683 2036 2737 2090 in
2765 2036 2885 2107 ipso
2906 2044 3009 2092 est.
3033 2036 3168 2095 Cum
3194 2037 3338 2092 enim
3361 2053 3514 2093 com-

1936 2127 2265 2197 positionem
2299 2128 2564 2194 dicamus,
2597 2144 2820 2185 necesse
2850 2135 2937 2185 est
2968 2128 3214 2186 conﬁteri
3247 2138 3302 2184 et
3334 2139 3514 2200 partes

1936 2220 1991 2274 in
2016 2226 2131 2275 toto
2151 2235 2292 2284 esse,
2315 2229 2370 2275 et
2394 2228 2566 2275 totum
2590 2220 2646 2275 in
2667 2220 2915 2291 partibus
2935 2220 3209 2293 cognosci.
3232 2220 3345 2277 Nec
3367 2221 3511 2277 enim

1935 2312 2120 2368 divina
2146 2323 2340 2367 natura
2368 2313 2420 2367 in
2448 2314 2744 2368 humanam
2772 2322 3130 2370 transmutata
3153 2322 3255 2381 est,
3281 2327 3385 2370 nec
3411 2313 3514 2369 hu-

1936 2420 2093 2458 mana
2123 2414 2314 2459 natura
2350 2405 2405 2459 in
2436 2405 2675 2460 divinam
2710 2421 2974 2461 conversa
3006 2414 3110 2461 est.
3140 2406 3305 2478 Magis
3331 2415 3512 2462 autem

1937 2495 2277 2568 intelligitur,
2309 2497 2453 2567 quod
2492 2507 2722 2568 utraque
2760 2497 2813 2551 in
2848 2498 3181 2569 proprietate
3217 2507 3273 2554 et
3304 2498 3514 2555 ratione

1934 2603 2047 2643 sua:
2091 2599 2300 2645 naturae
2345 2600 2631 2654 manente,
2678 2590 2821 2645 facta
2865 2599 2950 2645 est
2992 2591 3170 2646 unitas
3215 2590 3514 2646 secundum

1936 2682 2366 2737 subsistentiam.
2406 2681 2599 2737 Unitas
2639 2690 2820 2737 autem
2867 2683 3167 2738 secundum
3210 2683 3517 2739 subsisten-

1938 2773 2065 2827 tiam
2092 2772 2389 2845 signiﬁcat.
2415 2773 2558 2842 quod
2581 2772 2725 2827 Deus
2740 2771 2980 2828 Verbum
2998 2814 3013 2840 ,
3040 2773 3092 2828 id
3116 2780 3231 2839 est,
3256 2787 3363 2828 una
3386 2774 3519 2829 sub-

1936 2862 2185 2919 sistentia
2226 2862 2311 2919 ex~
2342 2864 2515 2920 tribus
2553 2864 2771 2920 deitatis
2811 2864 3200 2931 subsistentiis,
3241 2880 3352 2920 non
3392 2874 3520 2923 ante

1936 2957 2202 3028 plasmata
2246 2957 2453 3012 homini
2500 2957 2684 3012 unitus
2725 2968 2843 3023 est,
2884 2958 2977 3014 sed
3023 2958 3079 3013 in
3123 2969 3279 3014 utero
3319 2966 3521 3015 sancta:

1937 3046 2174 3120 Virginis
2199 3050 2407 3104 creavit
2434 3048 2537 3105 sibi
2563 3065 2628 3104 ex
2658 3049 2773 3119 ipsa
2804 3049 2861 3103 in
2889 3065 2988 3104 sua
3015 3049 3366 3105 subsistentia
3393 3065 3517 3106 car-

248 3147 349 3199 καὶ
398 3147 583 3218 νοερᾷ,
621 3147 757 3218 ὅπερ
785 3148 933 3202 ἐστὶν
964 3147 1126 3217 φύσις
1159 3150 1493 3221 ἀνθρωπίνη.
1531 3149 1749 3221 Ταύτην
1776 3150 1833 3204 δὲ

1938 3154 2063 3194 nem
2089 3140 2384 3194 animatam
2409 3140 2590 3194 anima
2618 3140 2867 3196 rationali
2892 3147 2948 3196 et
2974 3141 3347 3204 intellectuaii,
3372 3142 3519 3213 quod

244 3240 353 3311 τὴν
382 3240 505 3293 καθ’
535 3240 833 3295 ὑπόστασιν
872 3241 966 3295 τοῦ
994 3241 1127 3295 Θεοῦ
1159 3240 1332 3312 Λόγου
1364 3241 1500 3313 πρὸς
1525 3242 1623 3314 τὴν
1653 3244 1832 3314 σάρκα

246 3333 453 3384 ἕνωσιν
475 3330 741 3385 διδάσκων
767 3333 912 3403 ἡμᾶς
943 3333 1038 3386 κα)⁸
1065 3334 1094 3387 6
1122 3332 1264 3396 θεῖος
1285 3332 1607 3397 ’Λπόστολος
1626 3332 1832 3400 λέγειό

256 3424 397 3484 «⁸ος
431 3423 490 3473 ἐν
525 3425 707 3493 μορφῇ
750 3423 884 3475 Θεοῦ
918 3421 1178 3493 ὑπάρχων
1218 3424 1314 3491 οὑχ
1361 3421 1654 3493 ἁρπαγμὸν
1697 3424 1836 3494 ἡγή-

252 3530 395 3566 σατο
437 3512 499 3565 τὸ
545 3509 682 3566 εἶναι
717 3513 805 3567 ίσα
840 3514 977 3587 Θεῷ,
1013 3510 1126 3568 ἀλλ’
1166 3515 1358 3569 ἑαυτὸν
1402 3517 1656 3580 ἐκένωσε,
1705 3532 1837 3586 μορ-

252 3607 369 3676 ιρῇν
412 3605 602 3659 δούλου
635 3606 833 3660 λαϐών.
874 3625 894 3659 ι
921 3607 1018 3661 Διά
1066 3607 1174 3678 γὰρ
1212 3607 1306 3661 τοῦ
1350 3610 1562 3670 εἰπεῖν,
1608 3610 1739 3671 «Ὃς
1780 3609 1837 3661 ἐν

256 3700 446 3768 μορφῇ
493 3696 628 3750 Θεοῦ
684 3698 964 3769 ὑπάρχων,
993 3716 1013 3750 ι
1052 3698 1150 3767 τὴν
1188 3684 1284 3752 τοῦ
1313 3698 1486 3766 Λόγου
1537 3699 1837 3753 ὑπόστασιν

256 3784 615 3856 ὑπάρχουσαν
648 3785 849 3852 ἔδειξεν
870 3789 929 3839 ὲν
950 3786 1108 3857 οὐσία
1134 3786 1290 3840 Θεοῦο
1325 3786 1413 3840 διὰ
1433 3786 1489 3838 δὲ
1519 3785 1611 3839 τοῦ
1634 3787 1832 3849 εἰπεῖν,

257 3895 279 3927 ι
309 3874 550 3946 Μορφὴν
576 3874 850 3939 ἐλαϐενιο,
880 3894 899 3924 ι
923 3876 1082 3947 οὐσίᾳ
1113 3875 1425 3946 ἀνθρώπου,
1460 3874 1556 3928 καὶ
1577 3876 1674 3946 οὑχ
1706 3876 1838 3929 ὑπο-

256 3967 452 4020 στάσει
486 3967 607 4038 ἦτοι
639 3963 916 4038 προσώπῳ
948 3966 1211 4037 ἐνωθῆναι
1235 3966 1325 4018 τὸν
1346 3964 1478 4017 Θεὸν
1504 3966 1674 4033 Λόγον
1707 3966 1837 4035 ὲσήα

257 4073 452 4128 μανεν.
493 4055 631 4109 Οὔτε
657 4055 766 4126 γὰρ
797 4050 982 4121 ίεῖειιεν⁹
1004 4054 1108 4108 Τὸν
1161 4056 1219 4106 ὲν
1256 4055 1435 4125 μορφῇ
1487 4051 1675 4105 δούλου
1735 4051 1840 4103 ὑπ-

251 4150 501 4220 άρχοντα
528 4145 739 4209 ἔλαϐεν,
766 4147 851 4199 ἵνα
881 4147 957 4218 μὴ
980 4148 1384 4217 προῦποστάντι
1407 4144 1676 4216 ἀνθρώπῳ
1707 4145 1839 4198 ἐνω-

253 4242 421 4314 θῆναι
457 4238 605 4310 δείξῃ
653 4238 744 4290 τὸν
789 4238 959 4305 Λόγον
1203 4235 1385 4300 καθὼς
1423 4236 1697 4304 Θεόδωρος
1744 4236 1839 4290 καὶ

256 4331 553 4400 Νεστόριος
619 4326 942 4389 ἀσεϐοῦντες
968 4323 1396 4396 ἐϐλασφήμησαν
1415 4362 1431 4388 ,
1460 4324 1716 4395 σχετικὴν
1743 4323 1840 4397 τὴν

252 4424 454 4476 ἕνωσιν
475 4420 743 4488 λέγοντες.

333 4618 355 4651 ι
378 4598 569 4668 Ἡμεῖς
593 4597 651 4651 δὲ
679 4600 746 4669 τῇ
779 4595 898 4667 θείᾳ
927 4594 1114 4667 Γραφῇ
1148 4595 1242 4651 καὶ
1269 4594 1383 4658 τοῖς
1416 4593 1591 4664 ἁγίοις
1617 4593 1843 4664 "arpi-

256 4708 348 4743 σιν
380 4690 637 4759 ἑπόμενοι
688 4685 1081 4759 ὁμολογοῦμεν,
1132 4686 1215 4739 ὅτι
1252 4687 1281 4739 6
1321 4684 1453 4748 Θεὸς
1486 4685 1658 4753 Λόγος
1709 4683 1847 4755 σὰρξ

252 4781 499 4850 ἐγένετο,
526 4782 664 4849 ὅπερ
688 4780 804 4832 ἐστὶ
828 4777 949 4832 καθ’
980 4777 1278 4830 ὑπόστασιν
1300 4774 1478 4845 ἐαυτῷ
1504 4774 1701 4827 ὲνῶσαι
1738 4774 1843 4842 φύ-

254 4888 348 4925 σιν
380 4871 746 4941 ἁνθρωπίνην.
775 4858 865 4923 Διό
902 4869 996 4922 καὶ
1027 4864 1108 4932 εἷς
1137 4867 1372 4937 ὑπάρχει
1404 4866 1433 4918 6
1457 4865 1658 4936 Κύριος
1688 4864 1844 4936 ἡμῶν

265 4961 486 5035 Ἰησοῦς
528 4962 615 5015 6⁸⁸
645 4961 901 5034 Χριστὸς,
928 4959 1067 5030 ιχων
1100 4960 1158 5011 ὲν
1191 4959 1368 5029 ἑαυτῷ
1408 4957 1468 5010 τὸ
1494 4955 1697 5010 τέλειον
1746 4958 1846 5026 τῆς

248 5054 455 5125 θεϊκῆς
496 5054 712 5124 φύσεως
749 5055 842 5108 καὶ
883 5054 944 5105 τὸ
991 5051 1195 5105 τέλειον
1222 5050 1321 5122 τῆς
1350 5048 1695 5120 ἀνθρωπίνης
1740 5046 1843 5117 φύο

248 5162 427 5207 σεως.
462 5145 573 5199 Καὶ
613 5144 759 5197 εστιν
794 5142 1086 5214 μονογενὴς
1104 5143 1147 5173 ¹¹
1178 5141 1277 5213 μὲν
1320 5142 1414 5197 καὶ
1444 5141 1637 5208 Λόγος,
1661 5136 1737 5206 ὡς
1779 5142 1844 5194 ἐκ

246 5233 403 5290 Θεοῦ
450 5233 662 5305 ﬂat-96;
704 5232 1007 5303 γεννηθεὶς,
1040 5231 1132 5285 καὶ⁸
1172 5231 1514 5304 πρωτότοκος
1542 5230 1597 5284 δὲ
1626 5233 1685 5285 ὲν
1715 5230 1845 5285 πολ-

246 5329 376 5391 λοῖς
406 5323 649 5393 ἀδελφοῖς
693 5326 722 5377 6
746 5323 928 5389 αὐτὸς,
957 5324 1046 5376 ὅτε
1077 5323 1298 5390 γέγονεν
1322 5321 1637 5393 ἄνθρωπος’
1669 5325 1698 5378 6
1723 5324 1834 5395 γὰρ

1939 3240 2022 3287 εει
2060 3242 2252 3287 natura
2288 3233 2546 3287 humana.
2583 3231 2731 3289 Hanc
2770 3243 2951 3287 autem
2994 3232 3294 3289 secundum
3336 3233 3517 3289 subsi-

1937 3325 2191 3379 stentiam
2222 3325 2487 3380 unitatem
2521 3326 2611 3380 Dei
2642 3324 2803 3379 Verbi
2832 3324 2899 3379 ad
2930 3340 3150 3380 carnem
3181 3324 3387 3382 docens
3416 3340 3518 3380 nos

1936 3425 1992 3472 et
2021 3416 2238 3471 divinus
2265 3417 2576 3489 Apostolus,
2612 3417 2778 3472 dicit:
2816 3416 2951 3483 «Qui
2978 3430 3103 3473 cum
3135 3416 3190 3472 in
3226 3417 3400 3473 forma
3420 3419 3517 3474 Dei

1937 3515 2103 3571 esset,
2134 3522 2243 3561 non
2277 3507 2520 3577 rapinam
2551 3508 2845 3563 arbitratus
2892 3517 2977 3564 est
3012 3508 3272 3580 aequalem
3307 3525 3367 3565 se
3398 3525 3520 3565 esse

1940 3598 2052 3654 Deo
2082 3618 2095 3649 τ
2124 3600 2218 3654 sed
2248 3600 2602 3670 semetipsum
2632 3600 2960 3664 exinanivit,
2993 3600 3220 3657 formam
3251 3601 3395 3658 servi
3423 3616 3520 3659 ac-

1939 3692 2165 3761 cipiens.
2195 3710 2214 3743 »
2263 3691 2365 3746 Per
2398 3693 2501 3747 hoc
2533 3694 2678 3747 enim
2713 3693 2857 3763 quod
2891 3692 3027 3749 dixit
3057 3711 3070 3748 :
3110 3712 3127 3746 ι
3167 3691 3270 3761 Qui
3303 3708 3427 3749 cum
3462 3694 3517 3748 in

1940 3782 2114 3839 forma
2142 3784 2232 3839 Dei
2259 3794 2424 3849 esset,
2461 3802 2478 3837 ι
2501 3784 2663 3839 Verbi
2691 3785 3096 3840 subsistentiam
3122 3785 3177 3840 in
3202 3794 3397 3841 natura
3424 3785 3519 3841 Dei

1940 3890 2062 3930 esse
2084 3876 2343 3930 ostendit.
2375 3875 2476 3930 Per
2505 3877 2606 3932 hoc
2632 3880 2811 3931 atatem
2840 3877 2983 3947 quod
3009 3877 3182 3933 dixit:
3215 3897 3235 3929 ‹
3267 3865 3520 3933 Formam

1941 3968 2081 4022 servi
2104 3969 2361 4037 accepit»
2398 3979 2605 4023 naturze
2640 3968 2895 4030 hominis,
2929 3977 2984 4024 et
3015 3985 3121 4022 non
3158 3968 3521 4025 subsistentia

1940 4059 2053 4114 sive
2085 4076 2355 4129 personae,
2391 4060 2602 4114 unitum
2634 4076 2755 4116 esse
2788 4062 2954 4115 Deum
2978 4060 3215 4115 Verbum
3247 4059 3522 4131 significa-

1939 4152 2037 4205 vit.
2073 4151 2185 4207 Nec
2221 4151 2367 4206 enim
2402 4151 2570 4216 dixit,
2609 4152 2753 4222 quod
2788 4168 2914 4207 eum
2951 4152 3042 4223 qui
3072 4146 3136 4207 i'u
3168 4150 3343 4207 forma
3375 4154 3517 4209 servi

1940 4251 2077 4306 erat,
2104 4243 2333 4312 accepit,
2381 4258 2451 4297 ne
2479 4252 2605 4298 ante
2633 4243 2898 4314 plasmato
2924 4243 3128 4301 homini
3159 4244 3372 4300 unitum
3400 4260 3520 4300 esse

1940 4333 2108 4388 Deum
2140 4333 2379 4389 Verbum
2415 4336 2758 4399 ostenderet,
2795 4338 2936 4391 sicut
2966 4332 3286 4393 Theodorus
3320 4336 3520 4393 et‘Ne-

1944 4428 2145 4484 storius
2170 4429 2318 4499 impii
2350 4429 2883 4500 blasphcmaverunt,
2909 4428 3250 4486 allectualem
3275 4429 3521 4486 dicentes

1873 4496 1917 4551 θ
1947 4521 2232 4576 unitatem.

2019 4628 2039 4664 ι
2087 4611 2193 4668 Nos
2236 4618 2419 4668 autem
2481 4624 2774 4684 sequentes
2832 4612 3042 4672 divinas
3093 4612 3400 4685 Scripturas
3464 4622 3542 4668 et.

1944 4711 2165 4758 sanctos
2230 4704 2454 4771 Patres,
2502 4705 2829 4761 confitemur
2873 4705 3019 4776 quod
3072 4706 3215 4762 Deus
3280 4704 3519 4760 Verbum

1944 4809 2074 4849 caro
2112 4793 2290 4849 factus
2324 4803 2445 4860 εει,
2481 4798 2625 4867 quod
2654 4808 2737 4853 est
2772 4799 3071 4855 secundum
3113 4797 3517 4854 subsistentiam

1945 4882 2047 4936 sibi
2111 4882 2270 4938 unire
2316 4893 2566 4938 naturam
2618 4885 2930 4941 humanam.
2958 4885 3091 4942 Ideo
3142 4896 3199 4942 et
3247 4901 3388 4942 unus
3434 4894 3520 4940 est
3578 4901 3584 4907 '

1946 4966 2212 5024 Dominus
2243 4980 2431 5024 noster
2460 4969 2617 5027 Jesus
2663 4973 2941 5035 Christus.
2980 4975 3189 5030 habens
3230 4974 3286 5029 in
3318 4982 3520 5030 semet-

1944 5058 2067 5130 ipso
2118 5058 2511 5131 perfectionem
2539 5061 2738 5116 divina:
2768 5072 3012 5129 naturae,
3043 5073 3099 5119 et
3125 5063 3517 5134 perfectionem

1945 5155 2158 5205 natura;
2216 5150 2487 5205 humanm.
2560 5148 2629 5206 Et
2669 5150 2914 5234 [quidem
2949 5152 3027 5226 et]
3062 5162 3147 5209 est
3207 5153 3519 5226 unigenitus

1942 5238 2165 5308 quidem
2200 5236 2478 5304 Verbum,
2522 5246 2711 5310 utpote
2755 5256 2821 5295 ex
2871 5240 2983 5298 Deo
3040 5244 3200 5299 Patre
3238 5254 3435 5311 natus,
3464 5253 3523 5300 et

1941 5330 2336 5401 primogenitus
2351 5340 2530 5385 autem
2542 5331 2596 5384 in
2608 5333 2793 5389 multis
2805 5333 3093 5391 fratribus:
3115 5337 3256 5394 idem
3270 5339 3383 5411 ipse
3395 5352 3518 5393 cum

1549 5500 1789 5559 VABIE
1837 5503 2247 5564 LECTIDNES.
2348 5498 2351 5501 ’

348 5621 379 5655 ⁸
412 5621 445 5673 6
482 5634 595 5674 om.
620 5617 682 5673 P.
758 5618 779 5651 ⁸
804 5617 995 5685 οὑτως.
1023 5620 1098 5685 ὡς
1126 5619 1185 5675 Ρ.

1291 5619 1404 5698 [δὲ
1430 5636 1540 5698 (ἔφυ
1569 5620 1635 5698 Ρ·
1729 5623 1763 5698 ⁸,
1777 5625 1986 5698 ἀμερὲς
2008 5626 2077 5698 Ρ.
2111 5625 2217 5698 ἀνὰ
2246 5624 2407 5698 μέρος
2444 5644 2517 5683 m.
2550 5624 2610 5683 Ρ.
2700 5628 2745 5663 ι’
2774 5627 2941 5685 αὑτοῦ
2972 5629 3107 5685 Θεοῦ
3139 5627 3202 5695 Ρ,
3228 5625 3391 5698 αὑτοῦ
3424 5624 3520 5681 τοῦ

246 5688 500 5771 φαμι
878 5689 943 5771 ενι
972 5760 984 5771 .
1016 5692 1035 5722 τ
1067 5691 1275 5771 δὲ--9¹)ἓ.·
1299 5691 1362 5745 P-
1437 5688 2267 5771 ⁸ἐξιΨΗχομένήνῬοξέκδιξέντιθ
2314 5688 2688 5771 apis-sanum
2718 5699 3051 5771 ιευηειεινεί.
3082 5688 3228 5771 ma
3254 5697 3517 5771 φασιν..

249 5768 372 5821 τοι.
409 5760 455 5822 Ι,
487 5774 608 5829 pag.
650 5759 777 5813 523.

468 5853 741 5908 ΡΑτιιοι..
792 5847 908 5909 Gn.
943 5849 1123 5910 XCII.

878 5759 899 5790 ⁹
928 5760 1098 5827 λέγει.
1131 5762 1366 5831 Philipp.
1398 5776 1459 5827 tt,
1496 5759 1875 5836 6.’¹⁶“μορφὴν
1897 5759 2083 5820 δοῦλόν
2101 5759 2300 5819 ἔλαϐεν
2333 5759 2394 5822 1⁵.
2422 5759 2452 5771 ν
2473 5759 2573 5822 ¹¹’ὁ
2605 5785 2717 5828 om.
2743 5770 2805 5825 P.
2881 5770 2925 5801 "
2957 5759 3223 5842 ὁμογενὴς
3254 5764 3315 5822 P.

3126 5855 3202 5919 29
