3856 6342
297 359 409 433 ’9³11

1500 359 1939 424 CHRONICON
1971 355 2376 421 PASCHAIE.

3469 352 3577 421 912

306 463 572 538 dicimus,
623 487 792 528 unum
841 479 1026 527 autem
1081 470 1314 532 Filium.
1361 479 1417 524 et
1467 470 1775 530 Christum.
1827 477 1881 520 et
1909 467 2222 532 Dominum,
2261 465 2353 519 Dei
2401 465 2578 518 Patris
2609 464 2846 518 Verbum
2909 466 3283 532 incarnatum,
3351 475 3410 520 et
3471 475 3570 523 no-

308 570 509 625 minem
541 566 762 623 factum.

382 678 402 712 ι
443 659 547 714 Per
577 658 678 711 ista
707 663 889 710 autem
925 655 1085 709 Pater
1125 654 1344 708 modum
1377 651 1767 708 incarnationis
1797 665 1886 703 vo-

2069 658 2087 690 c
2112 640 2212 694 Διὰ
2243 642 2448 695 τούτων
2472 641 2526 694 δὲ
2555 643 2584 694 6
2611 639 2800 712 Πατὴρ
2825 641 2914 694 τὸν
2946 642 3148 712 τρόπον
3175 643 3272 713 τῆς
3297 647 3574 720 ὲνανθρω-

307 751 426 804 lens
454 747 832 811 manifestare,
873 751 930 800 et
972 744 1259 798 indivisam
1307 754 1362 799 et
1402 743 1743 798 inconfusam
1784 758 1881 796 cu-

308 841 556 896 stodiens
608 838 908 893 unitionem
931 879 946 903 ,
979 847 1031 893 et
1085 853 1374 892 numerum
1416 845 1735 891 naturarum
1763 848 1883 904 quae

305 940 683 988 convenerunt
750 931 1182 1002 demonstravit,
1243 939 1299 984 et
1365 944 1534 983 unum
1606 927 1884 982 Christum

307 1022 651 1094 praedicavit,
678 1029 734 1076 et
765 1036 874 1075 non
907 1036 1069 1074 unam
1117 1030 1364 1074 naturam
1416 1019 1635 1074 dcitatis
1667 1028 1718 1072 ct
1763 1033 1885 1071 car-

307 1116 412 1170 nis.
445 1114 510 1169 Et
531 1115 586 1170 in
600 1114 838 1168 secunda
857 1114 922 1168 ad
938 1114 1190 1168 eumdem
1206 1113 1528 1166 Successum
1551 1110 1776 1180 cpistola
1807 1109 1884 1165 si-
1905 1115 1908 1118 '

306 1207 451 1262 milia
480 1207 712 1271 docens,
743 1205 816 1259 ita
847 1205 1036 1260 scribit
1065 1222 1080 1260 :
1121 1234 1184 1243 -—
1223 1203 1356 1258 Nam
1411 1201 1677 1272 siquidem
1722 1217 1882 1255 unam

307 1299 552 1354 dicentes
597 1295 760 1351 Verbi
827 1305 1077 1350 naturam
1131 1294 1524 1358 tacuissemus,
1579 1308 1685 1346 non
1744 1291 1885 1346 infe-

305 1400 524 1454 rentes,
557 1390 890 1442 incarnatam
911 1427 925 1451 ,
972 1387 1064 1442 sed
1095 1385 1248 1456 quasi
1282 1395 1434 1440 extra
1475 1395 1743 1454 ponentes
1769 1384 1884 1439 dis-

307 1482 722 1552 pensationem;
753 1487 872 1534 erat
900 1478 1004 1533 illis
1048 1479 1274 1533 forsitan
1306 1487 1361 1532 et
1391 1476 1703 1532 verisimilis
1745 1477 1885 1530 ratio

307 1573 749 1644 contingentibus
807 1571 1180 1641 interrogare,
1232 1569 1324 1624 ubi
1376 1569 1643 1640 perfectio
1691 1569 1744 1622 in
1791 1570 1886 1623 hu-

309 1665 570 1719 manitate
591 1705 605 1727 ,
638 1664 722 1719 vel
750 1663 1023 1733 quomodo
1052 1663 1299 1716 subsistit
1327 1659 1615 1734 [substitit]
1650 1661 1884 1716 humana

307 1769 489 1811 nostra
521 1756 862 1812 substantia?
897 1753 1164 1821 Quoniam
1215 1762 1396 1808 autem
1444 1764 1498 1807 et
1538 1753 1800 1823 perfectio
1831 1755 1886 1807 in

311 1849 685 1914 humanitate,
741 1857 798 1904 et
857 1838 1058 1902 nostra:
1115 1846 1437 1901 substantiae
1493 1847 1886 1900 demonstratio

310 1941 614 1996 introducta
642 1949 755 2003 est,
786 1939 1052 2004 dicendo,
1087 1939 1450 1999 incarnatam,
1484 1948 1702 1992 cessent
1722 1954 1885 1992 arun-

307 2034 522 2087 dineam
554 2033 756 2104 virgam
786 2032 888 2086 sibi
934 2038 1326 2099 supponentes.
1376 2029 1692 2097 Ejicientem
1737 2031 1881 2084 enim

308 2125 800 2195 dispensationem,
864 2132 919 2177 et
990 2123 1348 2192 abnegantem
1412 2121 1835 2176 incarnationem
1867 2161 1881 2186 ,

307 2217 596 2287 oportebat
623 2217 766 2286 iuste
815 2213 1090 2277 accusari,
1143 2213 1481 2268 auferentem
1531 2229 1560 2267 a
1598 2213 1731 2269 Filio
1757 2231 1884 2285 per-

312 2309 506 2364 fectam
535 2307 950 2363 humanitatem.
995 2306 1090 2359 Sin
1143 2314 1325 2360 autem
1363 2305 1446 2376 (ut
1475 2306 1606 2376 dixi)
1637 2307 1886 2362 incarna-

311 2414 426 2456 tum
457 2413 577 2455 esse
620 2399 853 2454 dicendo
883 2399 1056 2469 ipsum
1079 2439 1094 2464 ,
1142 2397 1426 2452 manifesta
1457 2407 1541 2452 est
1572 2407 1627 2454 et
1666 2400 1885 2454 indubi-

310 2493 490 2548 tabilis
519 2492 820 2556 confessio,
853 2491 996 2560 quod
1031 2489 1205 2544 factus
1249 2499 1333 2544 cst
1364 2491 1562 2558 homo;
1613 2491 1746 2571 nihil
1775 2492 1886 2564 jam

313 2586 565 2655 prohibet
615 2584 942 2653 intelligere,
981 2583 1127 2652 quia,
1181 2598 1304 2637 cum
1347 2599 1488 2636 unus
1535 2583 1604 2638 sit
1643 2593 1697 2638 et
1741 2585 1886 2638 solus

313 2678 480 2732 Filius
509 2677 761 2730 Christus
783 2716 798 2739 ,
831 2676 971 2729 idem
1006 2675 1121 2744 ipse
1153 2675 1294 2728 Deus
1325 2684 1406 2729 est
1437 2684 1492 2729 et
1522 2676 1718 2742 homo,
1746 2677 1889 2731 sicut

313 2769 368 2823 in
421 2769 624 2822 deitate
666 2767 972 2836 perfectus,
1033 2767 1105 2819 ita
1163 2775 1219 2819 et
1272 2766 1323 2819 in
1379 2767 1714 2821 humanitate
1761 2783 1887 2836 per-

315 2862 509 2914 fectus.
568 2857 886 2912 Rectissime
931 2865 1110 2911 autem
1148 2865 1203 2911 et
1257 2858 1418 2912 nimis
1462 2859 1758 2927 prudenter
1798 2869 1884 2914 tua

315 2951 578 3022 perfectio
631 2951 698 3004 de
749 2949 972 3003 salutari
1030 2949 1279 3018 passione
1327 2951 1591 3004 rationem
1623 2953 1885 3021 exponit,

312 3061 423 3098 non
449 3044 628 3113 ipsum
653 3042 988 3113 unigenitum
1022 3041 1216 3096 Filium
1249 3041 1376 3105 Dei,
1407 3043 1705 3097 secundum
1744 3045 1888 3113 quod

229 3119 232 3122 l
313 3135 633 3206 intelligitur
661 3145 716 3189 et
760 3143 843 3188 est
877 3131 1050 3197 Deus,
1082 3135 1281 3214 passim
1329 3149 1449 3188 esse
1486 3135 1536 3187 in
1568 3151 1665 3188 sua
1695 3147 1886 3190 natura

313 3243 433 3297 quae
461 3237 588 3281 sunt
638 3227 882 3296 corporis
909 3227 1213 3292 allirtuans,
1245 3227 1414 3297 magis
1455 3237 1634 3282 autem
1668 3244 1886 3297 passum

1989 733 2208 804 πήσεως
2241 735 2594 806 παραστῆσαι
2645 735 2970 807 βουλόμενος
3019 738 3114 804 καὶ
3158 738 3220 791 τὺ
3267 739 3578 813 ἀδιαίρετον

1989 827 2085 881 καὶ
2114 827 2418 900 ἀσύγχυτον
2448 829 2734 898 φυλάττων
2769 831 2864 883 καὶ
2906 831 2995 884 τὸν
3039 831 3274 902 ἀριθμὸν
3303 834 3414 887 τῶν
3443 853 3579 891 συν-

1987 920 2258 974 ελθουσῶν
2286 922 2502 989 φύσεων
2529 922 2698 988 ἔδειξε
2748 924 2842 978 καὶ
2889 923 2984 977 ἕνα
3014 925 3252 994 Χριστὸν
3279 927 3576 1000 ἐκήρυξεν,

1987 1009 2103 1062 ἀλλ’
2128 1011 2249 1080 οὐχὶ
2277 1011 2406 1080 μίαν
2429 1010 2590 1081 φύσιν
2624 1011 2879 1082 θεότητος
2907 1014 3000 1067 καὶ
3035 1015 3258 1084 σαρκός.
3283 1017 3393 1070 Καὶ
3422 1019 3480 1070 ἐν
3506 1021 3578 1089 τῇ

1987 1101 2216 1175 δευτέρᾳ
2237 1105 2294 1158 δὲ
2313 1105 2357 1135 ⁸⁸
2392 1105 2528 1176 πρὸς
2569 1103 2658 1158 τὸν
2692 1105 2858 1160 αὐτὸν
2885 1105 3185 1161 Σούκενσον
3214 1110 3471 1182 ἐπιστολῇ
3505 1113 3579 1165 τὰ

1987 1195 2342 1268 παραπλήσια
2382 1197 2650 1252 διδάσκων
2674 1199 2876 1269 γράφει
2904 1199 3098 1264 οὕτως·
3131 1233 3199 1243 -
3230 1201 3295 1256 Εἰ
3329 1203 3429 1273 μὲν
3461 1204 3580 1274 γὰρ

1991 1289 2120 1359 μίαν
2167 1290 2417 1354 εἰπόντες
2463 1289 2558 1343 τοῦ
2605 1290 2778 1360 Λόγου
2827 1292 2990 1362 φύσιν
3036 1296 3434 1365 σεσιγήκαμεν,
3467 1297 3578 1351 οὐκ

1988 1382 2377 1450 ἐπενεγκόντες
2407 1383 2488 1448 τὸ,
2521 1385 3023 1454 σεσαρκωμένην,
3045 1386 3160 1441 ἀλλ’
3193 1381 3307 1442 οἷον
3328 1388 3435 1456 ἔξω
3456 1389 3578 1442 θένα

1985 1489 2078 1537 τες
2095 1473 2142 1504 ”
2178 1473 2277 1544 τὴν
2317 1475 2651 1544 οἰκονομίαν,
2676 1472 2745 1546 ἦν
2793 1479 2979 1543 αὐτοῖς
3019 1478 3159 1550 τάχα
3208 1497 3313 1532 που
3347 1481 3442 1535 καὶ
3469 1481 3578 1535 οὑκ

1985 1563 2248 1628 ἀπίθανος
2269 1564 2313 1596 ³⁸
2347 1567 2375 1618 6
2407 1566 2563 1634 λόγος
2595 1570 3084 1640 προσποιουμένοις
3113 1573 3326 1644 ἐρωτᾷν
3364 1572 3470 1625 ποῦ
3511 1573 3579 1626 τὸ

1986 1656 2192 1710 τέλειον
2227 1658 2284 1710 ὲν
2317 1656 2699 1729 ἀνθρωπότητι
2737 1659 2769 1730 ἢ
2801 1659 2862 1712 τὸ
2894 1661 3010 1724 πῶς
3037 1661 3346 1733 ὑφέστηκεν
3374 1665 3407 1734 ἡ
3435 1663 3544 1716 καθ
3564 1665 3579 1683 ’

1987 1750 2134 1820 ἡμᾶς
2166 1749 2572 1820 ούσία.Ἐπειδὴ
2605 1750 2660 1802 δὲ
2686 1751 2782 1803 καὶ
2813 1752 2846 1818 ή
2876 1753 2932 1803 ὲν
2956 1751 3335 1824 ἀνθρωπότητι
3367 1753 3582 1807 τελειό-

1985 1858 2088 1912 της
2117 1842 2208 1894 καὶ
2251 1841 2353 1912 τῆς
2381 1842 2503 1896 καθ’
2530 1844 2676 1912 ἡμᾶς
2710 1842 2900 1906 οὐσίας
2928 1842 2960 1911 ἡ
2988 1843 3218 1914 δήλωσις
3257 1845 3580 1914 εἰσκεκόμι-

1991 1949 2110 1986 σται
2154 1932 2243 1986 διὰ
2284 1932 2379 1986 τοῦ
2425 1933 2606 2001 λέγειν
2656 1936 3104 2005 σεσαρκωμένην,
3159 1935 3576 1989 παυσάσθωσαν

1915 1989 1958 2046 Β
1989 2023 2296 2095 καλαμίνην
2341 1989 2536 2096 ρἀδόν
2575 1989 2806 2089 ἑαυτοῖς·
2836 1989 3260 2098 ύπρστήισαντες.
3304 2027 3411 2079 Τοῦ
3459 2027 3578 2096 γὰρ

1987 2115 2338 2179 ὲκόἀλλοντος
2365 2115 2463 2187 τὴν
2487 2115 2798 2190 οἰκονομίαν
2822 2119 2915 2171 κσιί⁵
2941 2119 3272 2188 ἀρνουμένου
3298 2119 3400 2190 τὴν
3434 2119 3579 2190 σάρ-

1986 2224 2154 2263 κωσιν
2188 2203 2256 2280 ἦν
2283 2209 2343 2262 τὸ
2369 2209 2966 2276 ὲγκαλεῖσθαι⁶δικαίως
2984 2211 3026 2243 ³¹
3062 2211 3137 2275 ὡς
3163 2213 3580 2283 ἀφαιρουμένου

1985 2299 2143 2372 351
2175 2301 2267 2354 τὸν
2296 2301 2421 2355 Υἰδν
2458 2301 2558 2372 τῆς
2582 2301 2793 2365 τελείας
2817 2301 3254 2372 ἀνθρωπότητος.
3289 2303 3354 2356 Εἰ
3381 2303 3461 2367 δὲ,
3495 2303 3581 2368 ὡς

1987 2393 2145 2463 ἔφην,
2175 2394 2232 2446 ὲν
2257 2393 2337 2462 τῷ
2367 2393 2746 2465 σεσαρκῶσθαι
2788 2393 2969 2462 λέγειν
3016 2393 3179 2447 αὐτὸν
3211 2395 3392 2466 σαφής
3419 2395 3578 2449 ἐστιν

1987 2491 2078 2545 καὶ
2105 2490 2473 2560 ἀναμφίὸολος
2501 2490 2760 2561 ὁμολογία
2787 2489 2882 2544 τοῦ
2905 2491 2986 2544 ὅτι
3009 2490 3233 2559 γέγονεν
3257 2490 3580 2562 ἄνθρωπος,

1987 2582 2138 2637 οὐδὲν
2167 2582 2365 2636 κωλύει
2396 2585 2535 2636 νοεῖν
2564 2585 2641 2647 ὼς
2673 2579 2752 2646 εἷς
2783 2583 3044 2654 ὑπάρχων
3069 2584 3164 2636 καὶ
3191 2584 3354 2654 μόνος
3386 2583 3519 2646 Tib;
3547 2586 3578 2638 6

1988 2674 2218 2747 Χριστὸς
2255 2677 2284 2728 6
2319 2674 2481 2738 αὐτὸς
2513 2675 2645 2738 Θεός
2670 2677 2788 2728 ἐστι
2819 2675 2910 2728 καὶ
2939 2673 3242 2744 ἄνθρωπος,
3277 2673 3467 2745 ὥσπερ
3516 2677 3580 2730 ἐν

1989 2763 2202 2836 θεότητι
2241 2763 2464 2827 τέλειος,
2499 2763 2640 2820 οὕτω
2688 2763 2784 2816 καὶ
2821 2765 2878 2816 ἐν
2922 2763 3297 2835 ἀνθρωπότητι
3340 2763 3576 2828 τέλειος.

2002 2855 2296 2927 Ὀρθότατα
2341 2855 2400 2908 δὲ
2445 2855 2540 2909 κα)⁸
2585 2856 2727 2910 πάνυ
2780 2855 3015 2919 συνετῶς
3049 2857 3145 2927 ή³¹
3178 2856 3245 2927 σὴ
3291 2855 3581 2928 τελειότης

1989 2945 2078 3000 τὸν
2105 2947 2231 3017 περὶ
2259 2947 2353 3000 τοῦ
2387 2947 2656 3018 σωτηρίου
2695 2947 2900 3009 πάθους
2942 2947 3214 3001 ἐκτίθεται
3252 2947 3433 3015 λόγον,
3469 2950 3580 3002 οὐκ

1990 3039 2152 3093 αὐτὸν
2179 3038 2266 3092 τὸν
2294 3039 2558 3108 μονογενῆ
2587 3039 2712 3092 Υίδν
2740 3038 2833 3092 τοῦ
2856 3038 3010 3103 Θεοῦ,
3042 3039 3162 3092 καθ’
3188 3039 3216 3092 6
3248 3042 3451 3093 νοεῖται
3473 3043 3577 3094 καὶ

1991 3131 2106 3184 ἔστι
2135 3131 2288 3195 Θεὸς,
2318 3131 2512 3184 παθεῖν
2557 3134 2636 3194 εἰς
2669 3132 2804 3186 ἰδίαν
2837 3131 2996 3200 φύσιν
3029 3131 3096 3184 τὰ
3130 3131 3380 3202 σώματος
3415 3134 3577 3202 ἰσχυ-

1993 3223 2272 3297 ριζομένη,
2307 3223 2502 3278 παθεῖν
2530 3224 2586 3278 δὲ
2619 3225 2820 3296 μᾶλλον
2852 3227 2915 3295 τῇ
2944 3228 3098 3296 χοῖκῇ
3131 3223 3312 3295 φύσει.
3345 3227 3439 3277 Δεῖ
3461 3225 3578 3298 γὰρ

313 3334 436 3373 esse
467 3328 681 3373 terrena
706 3327 919 3372 natura.
953 3318 1177 3388 Oportet
1218 3319 1362 3373 enim
1396 3323 1704 3374 necessario
1736 3329 1885 3375 ιλιι-τις

1991 3315 2304 3381 ἀναγκαίως
2329 3315 2615 3386 ἀμφότερα
2647 3313 2918 3378 σώζεσθαι
2946 3315 3023 3386 τῷ
3052 3315 3133 3368 ἐν),
3153 3317 3247 3368 καὶ
3267 3314 3411 3369 κατά
3435 3316 3578 3387 ἀλήο

319 3425 425 3480 que
453 3413 656 3465 servari
693 3411 786 3464 uni
836 3419 892 3464 et
928 3426 1054 3463 vero
1087 3411 1254 3472 Filio,
1299 3421 1354 3465 et
1404 3429 1508 3465 non
1542 3413 1649 3482 pati
1693 3430 1884 3468 secun-

318 3501 446 3554 dum
503 3502 794 3565 deitatem,
826 3509 881 3554 et
928 3501 1033 3554 dici
1089 3517 1308 3570 passum
1357 3517 1478 3556 esse
1521 3505 1767 3558 eumdem
1806 3505 1888 3574 ip-

314 3579 435 3644 isum
493 3592 792 3645 secundum
853 3592 1243 3645 humanitatem
1278 3611 1290 3646 :
1329 3594 1500 3662 ipsius
1542 3597 1686 3648 enim
1728 3613 1884 3664 passa

315 3689 401 3736 est
423 3695 568 3736 caro.
601 3711 674 3721 —
697 3681 762 3735 Et
790 3682 846 3734 in
877 3682 1035 3735 tertio
1065 3682 1278 3737 decimo
1306 3685 1480 3753 capite
1517 3687 1854 3741 Scholiorum
1873 3729 1886 3753 ,

318 3771 461 3827 idem
508 3781 730 3827 sanctus
759 3771 991 3842 Cyrillus
1043 3773 1292 3828 similiter
1337 3757 1588 3845 rejieiens
1632 3794 1756 3843 eos,
1799 3782 1888 3849 qui

320 3865 454 3920 duos
497 3864 635 3919 ﬁlios
680 3864 1068 3932 introducunt,
1120 3873 1175 3920 et
1207 3881 1301 3921 eos
1345 3869 1435 3937 qui
1491 3885 1654 3923 unam
1703 3871 1891 3926 dicunt

317 3965 566 4010 naturam
610 3955 825 4011 deitatis
862 3965 918 4011 et
958 3956 1137 4012 carnis
1176 3958 1405 4023 Christi,
1443 3958 1514 4012 ita
1555 3960 1738 4014 scribit
1772 3979 1785 4014 :
1823 3991 1890 4000 —

317 4046 435 4101 Non
497 4048 918 4103 discernendum
961 4065 1128 4102 unum
1187 4049 1473 4104 Dominum
1511 4051 1695 4106 Jesum
1730 4052 1890 4108 Chri-

318 4148 462 4194 stum
512 4139 565 4194 in
622 4141 899 4194 hominem
945 4142 1268 4210 separatim,
1305 4153 1360 4198 et
1409 4144 1464 4197 in
1519 4145 1683 4200 Deum
1729 4161 1890 4216 sepa-

319 4232 520 4296 ratim;
578 4233 672 4288 sed
738 4249 906 4286 unum
950 4235 1311 4304 eamdemque
1372 4235 1659 4292 Dominum
1704 4237 1888 4294 Jesum

321 4325 600 4379 Christum
652 4324 922 4390 dicimus,
973 4337 1292 4381 naturarum
1342 4329 1576 4385 scientes
1630 4331 1888 4386 diﬂ‘eren-

320 4416 446 4470 tiam
467 4456 480 4480 ,
516 4423 570 4470 et
597 4416 908 4471 inconfusas
955 4433 1048 4472 eas
1081 4419 1185 4474 sibi
1221 4420 1452 4473 invicem
1481 4433 1886 4478 conservantes.

315 4537 383 4546 —
416 4507 471 4562 Si
519 4509 681 4580 igitur
735 4508 918 4579 (prout
969 4510 1128 4565 docct
1193 4526 1292 4566 nos
1351 4522 1572 4568 sanctus
1633 4515 1888 4584 Cyrillus)

317 4615 460 4654 unus
487 4609 571 4654 est
601 4600 858 4656 Dominus
889 4611 1074 4655 noster
1098 4600 1259 4657 Jesus
1287 4603 1536 4659 Christus
1557 4645 1570 4671 ,
1617 4607 1890 4676 perfectus

316 4691 370 4746 in
419 4692 649 4756 deitate,
691 4701 747 4748 et
785 4695 1056 4763 perfectus
1088 4695 1231 4749 idem
1259 4695 1374 4765 ipse
1413 4696 1468 4751 in
1519 4698 1888 4764 humanitate,

315 4795 372 4841 et
395 4800 505 4841 non
535 4794 617 4840 est
659 4801 850 4856 passus
884 4787 1067 4842 divina
1101 4797 1292 4843 natura
1317 4831 1332 4855 ,
1379 4791 1475 4846 sed
1507 4800 1720 4846 terrena
1744 4835 1758 4859 ,
1791 4797 1893 4850 scit

317 4887 498 4934 autem
523 4886 579 4934 et
612 4887 931 4934 naturarum
958 4879 1320 4935 differentiam
1342 4922 1356 4948 ,
1398 4891 1455 4936 et
1501 4884 1647 4952 quod
1697 4885 1891 4941 incon-

317 4967 449 5022 l‘usa:
491 4967 593 5023 sibi
637 4968 867 5024 invicem
927 4969 982 5023 in
1015 4985 1119 5024 una
1159 4972 1510 5028 subsistentia
1562 4990 1894 5032 conservan-

317 5069 454 5114 tur:
503 5069 714 5116 certum
757 5071 842 5116 est
887 5062 1032 5132 quod
1073 5064 1324 5119 eumdem
1372 5066 1548 5136 ipsum
1606 5068 1660 5122 in
1708 5069 1890 5125 divina

316 5157 510 5204 natura
539 5159 593 5205 et
615 5151 668 5204 in
697 5151 931 5206 humana
956 5153 1088 5208 dicit
1119 5151 1278 5209 Pater
1305 5157 1579 5227 cognosci,
1600 5168 1655 5214 et
1686 5172 1892 5216 utram-

317 5257 422 5312 que
459 5249 708 5296 naturam
758 5243 813 5298 in
861 5245 978 5314 ipso
1027 5259 1186 5311 esse,
1227 5261 1291 5300 ex
1344 5248 1542 5316 quibus
1569 5261 1623 5305 et
1671 5267 1892 5323 compo-

1918 4648 1967 4706 υ

1992 3407 2142 3462 θειαν
2172 3408 2366 3478 Υίῴ³³,
2398 3411 2489 3462 καὶ
2528 3410 2589 3462 τὸ
2605 3410 2650 3441 ³⁸
2679 3410 2756 3482 μὴ
2785 3411 3014 3482 πάσχειν
3051 3409 3246 3472 θεῖκῶς
3273 3410 3366 3464 καὶ
3413 3409 3579 3479 λέγε-

1993 3499 2113 3553 σθαι
2151 3500 2340 3553 παθεῖν
2379 3501 2768 3570 ἀνθρωπίνως’
2818 3505 2851 3573 ἡ
2901 3503 3066 3555 αὐτοῦ
3112 3503 3286 3572 γάρ³⁸
3331 3503 3576 3556 πέπονθε

1993 3589 2145 3659 σάρξ.
2176 3620 2238 3628 -—
2267 3592 2374 3644 Καὶ
2406 3593 2464 3642 ὲν
2494 3593 2571 3661 τῷ
2604 3593 3038 3664 τρισκαιδεκάτῳ
3065 3594 3120 3647 δὲ
3149 3593 3432 3664 κεφαλαίῳ
3459 3594 3580 3647 τῶν

1992 3681 2219 3751 σχολίων
2249 3685 2276 3736 6
2307 3685 2469 3747 αὐτὸς
2487 3685 2530 3717 ³⁸
2564 3686 2622 3736 ὲν
2653 3685 2826 3752 ἁγίοις
2856 3684 3123 3754 Κύριλλος
3174 3685 3374 3756 ὁμοίως
3428 3688 3578 3740 ἀπο-

1991 3775 2320 3845 ϐαλλόμενος
2345 3777 2467 3842 τούς
2489 3796 2546 3831 τε
2568 3778 2660 3831 δύο
2683 3780 2830 3843 υἱοὺς
2859 3779 3175 3847 εἰσάγοντας
3199 3778 3326 3842 τούς
3353 3796 3412 3831 τε
3435 3779 3578 3848 μίαν

1991 3866 2152 3934 φύσιν
2196 3867 2451 3935 λέγοντας
2486 3869 2738 3940 θεότητος
2780 3871 2875 3923 καὶ
2922 3870 3024 3938 τῆς
3059 3871 3261 3941 σαρκὸς
3296 3869 3389 3923 τοῦ
3427 3871 3574 3941 Χρι-

1990 3957 2087 4010 τοῦ
2113 3959 2311 4028 γράφει
2343 3959 2533 4024 οὕτως·
2556 3991 2624 4001 —
2653 3963 2728 4014 Οὐ
2763 3962 3059 4034 διοριστέον
3086 3959 3180 4016 οὖν
3212 3964 3319 4033 ἄρα
3353 3961 3444 4014 τὸν
3471 3962 3578 4015 ἕνα

1993 4048 2194 4120 Κύριον
2243 4051 2447 4120 Ἰησοῦν
2495 4052 2730 4123 Χριστὸν
2780 4056 2860 4116 εἰς
2907 4053 3195 4124 ἄνθρωπον
3247 4054 3430 4117 ἰδικῶς
3473 4056 3580 4108 καὶ

1990 4141 2123 4196 Θεὸν
2139 4142 2182 4174 ⁸⁷
2219 4142 2418 4206 ίδικῶς,
2442 4143 2557 4197 ἀλλ’
2582 4144 2677 4198 ἕνα
2711 4147 2804 4199 καὶ
2834 4145 2923 4199 τὸν
2944 4127 3104 4199 αὑτὸν
3133 4145 3336 4218 Κύριον
3356 4145 3580 4214 Ἰησοῦν

1990 4234 2224 4305 Χριστόν
2255 4253 2454 4306 φαμεν,
2488 4235 2586 4309 τὴν
2636 4236 2744 4289 τῶν
2795 4235 3008 4305 φύσεων
3055 4237 3254 4300 εἰδότες
3305 4235 3580 4308 διαφορὰν

1992 4328 2086 4381 καὶ
2113 4327 2452 4398 ἀσυγχύτους
2474 4327 2732 4398 ἀλλήλαις
2761 4329 3056 4400 τηροῦντες
3078 4328 3345 4393 αύτάς.-
3362 4328 3422 4381 Εἰ
3454 4329 3581 4382 τοί-

1991 4437 2104 4484 νυν,
2146 4419 2327 4483 καθὼς
2362 4419 2602 4474 διδάσκει
2635 4423 2662 4474 6
2691 4423 2748 4475 ἐν
2781 4422 2957 4488 ἁγίοις
2991 4421 3277 4491 Κύριλ).ος,
3311 4415 3391 4483 εἷς
3421 4423 3584 4473 ἐστιν

1989 4513 2016 4564 6
2046 4511 2246 4582 Κύριος
2283 4511 2439 4583 ἡμῶν
2467 4513 2675 4582 Ἰησοῦς
2705 4513 2937 4584 Χριστὸς
2987 4513 3190 4576 τέλειος
3239 4516 3296 4565 ἐν
3351 4512 3582 4582 θεότητι

1994 4606 2086 4660 καὶ
2111 4605 2314 4667 τέλειος
2342 4607 2370 4658 6
2403 4606 2563 4666 αὐτὸς
2597 4607 2653 4658 ἐν
2681 4591 3080 4676 ἀνθρωπότήτι,
3115 4607 3207 4659 καὶ
3238 4607 3337 4658 ούκ
3366 4605 3588 4658 ἔπαθεν

1993 4703 2057 4771 τῇ
2094 4699 2214 4770 θείᾳ
2237 4700 2418 4768 φύσει,
2449 4697 2668 4770 ἀλλὰτῇ
2694 4701 2850 4770 χοῖκῇ
2883 4697 3071 4768 φύσει*
3096 4694 3234 4751 οἶδεν
3263 4698 3319 4750 δὲ
3347 4698 3440 4749 καὶ
3467 4698 3588 4770 τὴν

1987 4791 2098 4844 τῶν
2127 4792 2342 4860 φύσεων
2368 4790 2635 4861 διαφορὰν
2673 4790 2768 4843 καὶ
2800 4790 2860 4842 τὸ
2887 4788 3229 4860 ἀσυγχύτους
3268 4790 3438 4851 αὑτὰς
3467 4789 3584 4843 ἀλα

1987 4884 2177 4956 λήλαις
2206 4887 2263 4938 ὲν
2291 4885 2388 4955 μιᾷ
2421 4883 2716 4936 ὑποστάσει
2749 4883 3148 4950 φυλάττεσθαι⁸
3176 4882 3338 4950 δῆλον
3361 4883 3445 4934 ὅτι
3474 4883 3586 4934 τὸν

1989 4978 2151 5032 αὐτὸν
2205 4983 2264 5032 ἐν
2309 4981 2374 5050 τῇ
2412 4976 2534 5048 θείᾳ.
2567 4976 2724 5047 φύσει
2759 4976 2854 5029 καὶ
2892 4979 2959 5048 τῇ
3005 4975 3322 5047 ἀνθρωπίνῃ
3351 4973 3504 5041 λέγει
3550 4978 3590 5030 ὁ

1990 5071 2178 5143 Πατὴρ
2223 5068 2608 5140 γνωρίζεσθαι,
2639 5069 2732 5122 καὶ
2785 5069 3053 5140 ἑκατέραν
3096 5067 3258 5136 φύσιν
3309 5067 3366 5118 ὲν
3417 5064 3590 5138 αὐτῷ

1989 5159 2146 5228 εἶναι,
2176 5163 2234 5228 ἐξ
2259 5155 2334 5215 ὧν
2368 5161 2458 5215 καὶ
2497 5159 2780 5232 συνετέθη.
2813 5159 2922 5213 Καὶ
2951 5161 3051 5213 οὐκ
3083 5160 3149 5213 ἄν
3181 5176 3263 5223 τις
3291 5157 3432 5212 οὕτω
3458 5175 3589 5228 μα-

1988 5257 2106 5325 νείη
2134 5257 2208 5318 ὡς
2243 5254 2420 5326 ὀρθῶς
2452 5254 2671 5323 νομίσαι
2703 5257 2922 5323 φρονεῖν
2954 5255 3081 5316 τοὺς
3128 5253 3385 5322 λέγοντας
3433 5253 3590 5322 μίαν

1601 5439 1832 5500 VARUE
1869 5443 2271 5502 LECTIONES.

405 5566 447 5599 "
473 5574 530 5628 δὲ
561 5590 672 5629 om.
705 5571 766 5626 Ρ.
862 5575 908 5606 ’τ’
936 5573 1223 5640 ἐξωθέντες
1249 5575 1356 5631 PV.

317 5641 771 5716 (ἶηὲὶῖοαεγι-ἱίἰιις.
821 5660 960 5716 pag.
997 5645 1122 5716 lu;
1149 5650 1213 5700 Α.

1462 5579 1507 5610 ³⁸
1538 5580 1830 5657 ἀπειθανὸς
1859 5584 1920 5639 Ρ.
1997 5586 2038 5618 ³¹
2073 5585 2142 5657 ἢν
2191 5583 2416 5657 δικαίως
2459 5581 2576 5647 RV,
2621 5583 2716 5657 ,ἣν
2752 5581 2814 5657 τδ
2859 5582 3208 5657 ἐγκαλεῖσθαι
3497 5584 3589 5657 Ρ.

1324 5648 1372 5726 ’ξ
1403 5649 1638 5726 ceves-qr;
1676 5653 1847 5726 quas.
1898 5648 2210 5726 συνετῷσης
2237 5657 2269 5726 ἡ
2300 5653 2364 5720 V.
2399 5648 2752 5726 Advviﬂdlffi'ft‘,
2791 5655 2826 5722 ἡ

2887 5652 2954 5707 n.
3029 5653 3076 5722 ξι
3103 5653 3185 5707 ἑνὶ
3235 5652 3586 5722 ΥἰῷΡεοίτι.

317 5713 364 5796 :
393 5713 734 5796 YEQLiqi_tb
758 5713 962 5796 restitui
991 5730 1057 5770 ex
1083 5714 1299 5796 erillo,
1324 5717 1504 5796 ἐδΑκαὶ
1529 5713 1638 5774 PV.
1697 5713 1761 5754 ’³⁸
1792 5713 1899 5794 γὰρ
1928 5725 2094 5779 αὐτοῦ
2125 5713 2316 5796 Ρ’,’γᾶρ
2348 5713 2491 5793 αὐτὴ
2514 5719 2580 5776 Β.
2658 5713 2760 5777 ³⁸’ὀ
2781 5713 2941 5786 αῦτὸς
2969 5725 3001 5777 6‘
3040 5721 3101 5778 P.
3176 5722 3220 5753 ³⁷
3253 5713 3405 5779 Θέόν.
3439 5726 3474 5794 ἡ
3505 5725 3586 5781 ν.

315 5781 748 5854 (ἑοιιίζΕῩι-ἰίίιιε,
782 5787 886 5842 vol.
919 5783 983 5852 V,
1019 5803 1072 5856 p.
1109 5781 1148 5853 Ι,
1185 5802 1306 5858 pag.
1340 5787 1444 5842 787
1472 5804 1520 5844 ε.
