3856 6342
295 397 404 461 913

1493 391 1930 454 CHRONICON
1973 393 2376 455 PASCHAL-E.

3453 388 3556 453 914

293 503 437 558 εἷνίῑι
489 503 649 572 φύσιν
698 503 816 573 ἤτοι
871 501 1059 555 οὐσίαν
1097 499 1300 572 σαρκὸς
1349 501 1444 554 καὶ
1492 501 1746 573 θεότητος
1790 501 1872 555 τοί

1989 509 2126 564 situs
2153 522 2256 566 cst.
2293 512 2360 566 Et
2389 524 2495 564 non
2526 508 2721 576 aliquis
2749 507 2828 563 sic
2870 505 3131 571 insaniat,
3167 514 3227 560 ut
3263 505 3556 560 arbitretur

289 596 558 668 Χριστοῦ,
599 596 696 668 τὴν
741 595 910 666 αὐτὴν
941 595 1090 648 θείαν
1123 596 1218 648 καὶ
1251 593 1461 666 χοῖκὴν,
1493 595 1744 667 παθητὴν
1773 596 1881 658 ,καὶ

291 687 510 756 ἀπαθῆ.
528 687 746 756 Ἐπειδὴ
785 687 843 740 δὲ
885 687 978 739 καὶ
1004 685 1268 757 ἑτέρωθεν
1301 685 1733 751 κατασκευάζειν
1759 688 1882 740 ἐπι-

290 779 576 851 χειροῦσίν
606 795 753 840 τινες
780 776 842 830 τὸ
869 777 1000 846 μίαν
1029 771 1168 829 εἶναι
1200 775 1364 846 φύσιν
1380 777 1479 848 τῆς
1507 777 1761 849 θεότητος
1785 781 1882 833 καὶ

291 872 395 942 τῆς
445 869 865 943 ἀνθρωπότητος
912 869 1004 922 τοῦ
1055 868 1312 940 Χριστοῦ,
1339 869 1400 923 τὸ
1444 869 1538 924 τοῦ
1588 870 1880 942 ἀνθρώπου

291 963 656 1032 παράδειγμα
685 961 1119 1032 προϐαλλόμενοι
1147 962 1242 1016 καὶ
1271 962 1542 1032 λέγοντες,
1575 964 1656 1018 ὅτι
1688 964 1880 1036 ὥσπερ

291 1054 356 1120 ἐξ
384 1053 696 1124 ἑτεροφυῶν
715 1052 896 1123 ψυχῆς
925 1053 1017 1105 καὶ
1041 1051 1294 1123 σώματος
1317 1053 1591 1119 συνεστὼς
1615 1055 1644 1106 6
1667 1055 1880 1128 ἅνθρω-

293 1163 398 1208 πος
432 1147 532 1216 μία
561 1147 722 1216 φύσις
749 1147 984 1215 λέγεται,
1013 1146 1157 1201 οὕτω
1183 1149 1278 1202 καὶ
1306 1148 1370 1201 έκ
1398 1149 1492 1202 δύο
1522 1149 1737 1219 φύσεων
1763 1151 1882 1206 θεό·

290 1253 457 1307 τητος
481 1237 574 1290 καὶ
607 1237 1027 1308 ἀνθρωπότητος
1059 1238 1151 1292 τὸν
1179 1239 1414 1310 Χριστὸν
1454 1240 1704 1311 λέγοντες
1733 1241 1882 1312 ὀφεί-

290 1327 461 1399 λομεν
492 1327 622 1399 μίαν
656 1328 820 1398 φύσιν
848 1329 933 1382 ἐπ’
962 1328 1110 1401 αύτῷ
1139 1329 1338 1400 λέγειν,
1372 1331 1549 1385 έκεῖνο
1590 1332 1730 1402 πρὸς
1780 1334 1878 1386 αύ-

289 1422 422 1484 τοῦς
455 1421 689 1493 ἐροῦμεν
721 1422 804 1475 ὅτι
837 1425 865 1476 6
906 1422 1004 1494 μὲν
1037 1421 1342 1495 ἄνθρωπος,
1371 1423 1478 1478 κᾶν
1506 1427 1571 1479 ἐκ
1603 1426 1878 1497 διαφόρων

292 1512 647 1583 συνέστηκεν,
693 1513 976 1568 τουτέστιν
1029 1513 1212 1586 ψυχῆς
1256 1515 1352 1570 καὶ
1394 1515 1556 1588 352
1605 1517 1875 1589 σώματος,

289 1605 446 1674 ὅμως
491 1604 579 1658 διὰ
612 1603 770 1660 τοῦτο
819 1606 919 1677 μία
953 1606 1117 1676 φύσις
1165 1607 1409 1677 λέγεται,
1439 1609 1629 1682 ἐπειδὴ
1681 1611 1878 1675 κοινῶς

292 1695 439 1748 κατὰ
464 1696 654 1750 πασῶν
681 1697 790 1750 τῶν
813 1697 1189 1767 ὑποστάσεων,
1217 1701 1386 1773 ἤγουν
1407 1702 1738 1772 προσώπων,
1764 1703 1876 1758 τῶν

290 1785 402 1840 ὑπὸ
435 1786 497 1838 τδ
524 1787 656 1841 αὐτὸ
681 1784 834 1874 Ιεἶδος
856 1791 1209 1864 ἀναγομένων
1245 1797 1655 1867 κατηγορεῖται.
1685 1797 1750 1851 Εἰ
1779 1798 1875 1852 καὶ

289 1874 423 1928 τὰ⁸⁸
461 1876 697 1946 μάλιστα
723 1879 832 1950 γὰρ
855 1880 1062 1953 ἑκάστη
1089 1883 1388 1946 ὑπόστασις
1414 1885 1532 1956 ἦτοι
1559 1887 1872 1953 πρόσωπον,

288 1961 408 2020 οἷον
437 1967 643 2039 Πέτρος
668 1971 763 2029 καὶ
792 1971 1023 2039 Παῦλος,
1053 1977 1167 2039 τοῖς
1200 1975 1486 2047 ίδιώμασιν
1510 1978 1605 2031 ἀπ’
1632 1979 1878 2051 ἀλλήλων

287 2057 724 2129 διαχωρίζονται,
771 2061 889 2116 ἀλλ’
917 2064 1066 2134 ὅμως
1107 2065 1170 2120 οὐ
1201 2069 1266 2138 τῇ
1304 2067 1463 2138 φύσει
1503 2070 1870 2142 διαιροῦνται·

286 2149 596 2238 ἀμφότεροι
617 2152 729 2225 γὰρ
750 2153 1027 2226 ἄνθρωποι
1049 2173 1062 2188 ·
1089 2160 1186 2213 καὶ
1211 2160 1373 2214 πάλιν
1396 2159 1518 2215 οὔτε
1541 2162 1686 2236 ψυχὴ
1709 2167 1878 2238 χωρὶς

288 2237 551 2308 σώματος
597 2239 720 2296 οὔτε
754 2243 912 2315 σῶμα
943 2246 1114 2319 χωρὶς
1139 2246 1318 2321 ψυχῆς
1350 2250 1636 2322 ἄνθρωπος
1653 2254 1720 2320 δ’,
1748 2237 1878 2310 ἀλλ’

285 2329 360 2383 ὲκ
387 2329 480 2383 τοῦ
511 2333 585 2403 μὴ
619 2333 772 2398 ὄντος
797 2336 879 2399 είς
911 2336 972 2390 τὸ
1003 2333 1164 2406 εἶναι,
1195 2339 1260 2394 ἐκ
1288 2340 1470 2414 ψυχῆς
1498 2345 1592 2398 καὶ
1623 2345 1877 2417 σώματος

284 2418 724 2495 ἐδημιουργήθη.
757 2425 871 2478 Πᾶν
890 2427 938 2458 ⁸⁸
967 2426 1025 2481 δὲ
1061 2429 1270 2502 κτίσμα
1298 2433 1347 2485 εί
1377 2435 1473 2488 καὶ
1505 2435 1572 2490 ὲκ
1599 2436 1875 2511 διαφόρων

285 2511 646 2584 συνέστηκεν,
677 2515 792 2570 ἀλλ’
819 2512 913 2572 οὖν
945 2518 1074 2589 μίαν
1103 2522 1320 2596 ἐκείνην
1348 2523 1492 2596 ἔχειν
1527 2527 1744 2598 λέγεται
1773 2532 1873 2602 φύ-

284 2619 400 2668 σιν,
449 2604 573 2659 καθ’
606 2609 673 2677 ἣν
719 2609 871 2681 παρὰ
921 2609 1016 2665 τοῦ
1067 2613 1203 2668 Θεοῦ
1253 2616 1762 2693 ὲδημιουργήθη.’0
1814 2625 1873 2679 δὲ

281 2693 526 2764 Χριστὸς
556 2697 654 2769 οὐχ
677 2698 882 2765 οὕτως·
908 2701 1035 2756 οὔτε
1063 2707 1170 2778 γὰρ
1207 2708 1337 2778 μίαν
1368 2710 1548 2780 φύσιν,
1579 2714 1748 2784 ἤγουν
1779 2717 1872 2770 ούο

282 2785 435 2849 σίαν,
468 2787 621 2858 δηλοί
644 2792 840 2858 κοινῶς
859 2793 902 2826 ⁸⁸
935 2797 1079 2851 κατὰ
1122 2800 1336 2854 πολλῶν
1370 2803 1724 2862 ὑποστάσεων
1753 2810 1872 2881 ἢτοι

280 2878 598 2950 προσώπων
631 2889 1136 2962 κατηγορουμένην,
1167 2891 1358 2966 ὥσπερ
1392 2897 1421 2948 6
1460 2878 1785 2968 ἅνθρωποςξ
1823 2905 1872 2957 εί

279 2969 400 3060 γὰρ
445 2970 604 3030 τοῦτο
651 2971 744 3046 ἦν,
783 2978 966 3033 πολλοὶ
1017 2982 1246 3052 Χριστοὶ
1293 2986 1702 3060 εὑρεθήσονται,
1737 2994 1874 3048 καθ’

275 3053 430 3160 ὦτα-⁸⁵³Δ
453 3062 515 3160 τὸ
541 3066 724 3160 καινὸν
751 3069 853 3139 τῆς
891 3074 1022 3142 μιᾶς
1055 3075 1272 3144 φύσεως
1303 3053 1710 3152 κατηγορεῖται.⁹
1733 3087 1870 3160 ὅπερ

1981 617 2077 657 eos
2104 611 2251 657 recte
2287 616 2478 672 sapere
2500 639 2517 665 ,
2555 598 2646 669 qui
2696 597 2877 654 dicunt
2931 612 3094 652 unam
3145 612 3267 652 esse
3304 607 3552 651 naturam

1981 693 2096 748 sive
2145 692 2507 748 substantiam
2548 691 2730 745 carnis
2755 698 2811 744 et
2877 688 3093 745 dcitatis
3137 688 3373 754 Christi,
3405 703 3554 742 eam-

1986 786 2104 838 dem
2133 793 2187 840 et
2216 783 2454 839 divinam
2486 792 2540 837 et
2571 791 2873 846 terrenam,
2912 779 3222 851 passibilem
3264 788 3319 834 et
3354 779 3556 850 impaso

1980 875 2214 930 sibilem.
2268 873 2536 942 Quoniam
2587 880 2766 925 autem
2823 879 2880 925 et
2948 870 3055 925 alio
3116 869 3279 924 modo
3337 868 3554 938 quidam

1979 967 2268 1023 ostendere
2313 975 2580 1020 conantur
2647 979 2808 1018 unam
2857 977 2976 1016 esse
3046 969 3296 1016 naturam
3341 961 3557 1016 deitatis

1979 1069 2035 1114 et
2064 1057 2415 1112 humanitatis
2447 1054 2680 1119 Christi,
2726 1054 3035 1122 exemplum
3086 1051 3324 1106 hominis
3356 1065 3555 1120 propo-

1980 1161 2174 1206 nentes
2197 1190 2210 1215 ,
2241 1160 2296 1205 et
2337 1149 2614 1212 dicentes,
2647 1147 2791 1217 quod
2835 1146 2977 1201 sicut
3024 1161 3089 1200 ex
3131 1145 3361 1200 diversis
3392 1151 3555 1198 natu-

1981 1243 2058 1298 ris
2083 1283 2098 1308 ,
2143 1244 2324 1298 anima
2351 1253 2407 1296 et
2457 1255 2686 1310 corpore
2735 1237 3042 1293 consistens
3089 1236 3254 1291 homo
3276 1277 3290 1302 ,
3321 1251 3428 1291 una
3455 1252 3553 1290 na-

1981 1344 2102 1390 tura
2133 1335 2355 1400 dicit'ur,
2385 1333 2464 1389 sic
2511 1341 2566 1386 et
2622 1347 2684 1386 ex
2735 1331 2946 1386 duabus
2979 1327 3203 1391 naturis
3254 1328 3470 1383 deitatis
3499 1336 3556 1382 et

1979 1424 2337 1480 humanitatis
2393 1421 2672 1478 Christum
2745 1420 3022 1485 dicentes,
3059 1419 3322 1475 debemus
3390 1433 3555 1472 unam

1979 1516 2149 1587 ipsius
2186 1517 2368 1571 dicere
2394 1526 2648 1569 naturam
2679 1532 2693 1570 :
2729 1512 2861 1567 illud
2889 1512 2956 1567 ad
2993 1526 3088 1567 eos
3115 1511 3379 1572 dicemus.
3410 1509 3554 1580 quod

1979 1609 2142 1664 homo
2171 1607 2412 1679 quidem,
2467 1606 2593 1661 licet
2640 1620 2706 1660 ex
2757 1603 2988 1659 diversis
3033 1609 3273 1667 constet,
3324 1601 3376 1657 id
3435 1611 3552 1668 est,

1976 1703 2156 1757 anima
2185 1710 2242 1756 et
2279 1715 2541 1771 corpore,
2579 1708 2762 1754 tamen
2809 1697 2932 1753 ideo
2965 1710 3072 1751 una
3103 1703 3298 1750 natura
3332 1694 3555 1760 dicitur,

1977 1794 2235 1866 quoniam
2290 1792 2359 1848 de
2412 1791 2670 1847 omnibus
2732 1789 2814 1858 [in
2860 1787 3135 1861 omnibus]
3188 1786 3556 1843 subsistentiis

1978 1885 2092 1940 sive
2127 1881 2409 1954 personis,
2445 1896 2566 1950 qua:
2627 1881 2728 1935 sub
2765 1879 2954 1934 eadem
3003 1877 3184 1947 specie
3217 1876 3550 1939 referuntur,

1978 1976 2342 2032 communiter
2401 1974 2748 2046 prmdicatur.
2803 1970 2955 2024 Licet
3004 1969 3150 2024 enim
3212 1980 3554 2036 unaquaeque

1978 2068 2328 2125 subsistentia
2371 2067 2484 2123 sive
2518 2079 2748 2137 persona
2769 2104 2784 2126 ,
2819 2063 2960 2117 sicut
3001 2062 3198 2116 Petrus
3235 2069 3290 2114 et
3322 2058 3549 2123 Paulus,

1976 2159 2400 2232 proprietatibus
2437 2173 2467 2212 a
2495 2172 2554 2211 se
2585 2154 2818 2210 invicem
2867 2161 3208 2222 separentur,
3239 2149 3334 2204 sed
3369 2157 3550 2202 tamen

1976 2268 2084 2308 non
2116 2259 2308 2305 natura
2353 2248 2704 2312 dividuntur;
2751 2245 2912 2299 ambo
2968 2242 3114 2298 enim
3168 2239 3460 2295 homines:
3497 2247 3553 2294 et

1975 2346 2172 2400 iterum
2194 2384 2208 2404 ,
2241 2356 2344 2397 nec
2378 2340 2559 2394 anima
2590 2338 2706 2392 sine
2745 2350 3006 2406 corpore,
3054 2347 3156 2388 nec
3192 2346 3390 2400 corpus
3433 2331 3552 2386 sine

1976 2438 2156 2492 anima
2189 2437 2352 2490 homo
2382 2442 2491 2498 est,
2521 2431 2617 2486 sed
2645 2446 2708 2485 ex
2739 2443 2806 2483 eo
2841 2427 2984 2497 quod
3026 2440 3137 2480 non
3170 2433 3320 2500 erat,
3351 2423 3420 2477 ad
3449 2425 3553 2480 hoc

1975 2530 2119 2601 quod
2163 2538 2281 2594 est,
2315 2541 2381 2580 ex
2412 2525 2591 2580 anima
2644 2531 2700 2578 et
2743 2535 2971 2591 corpore
3001 2525 3217 2572 creatus
3263 2525 3365 2572 est.
3402 2515 3550 2571 Una-

1977 2624 2203 2694 quaeque
2238 2629 2420 2674 autem
2467 2624 2720 2673 creatura
2768 2614 2897 2669 licet
2945 2628 3011 2667 ex
3041 2603 3270 2666 diversis
3307 2616 3548 2675 constet,

1975 2715 2069 2771 sed
2130 2722 2308 2768 tamen
2360 2724 2523 2765 unam
2582 2709 2726 2763 illam
2764 2707 2966 2762 habere
2994 2704 3194 2759 dicitur
3254 2711 3548 2766 naturam,

1975 2807 2273 2863 secundum
2304 2819 2463 2874 quam
2516 2817 2546 2857 a
2593 2801 2706 2856 Deo
2737 2799 2823 2872 [ex
2869 2796 3001 2870 Deo]
3033 2807 3212 2852 creata
3253 2803 3356 2850 est.
3389 2795 3551 2850 Chri-

1975 2909 2094 2956 stus
2122 2908 2307 2955 aulem
2339 2914 2450 2953 non
2478 2897 2557 2952 sic
2587 2915 2598 2950 :
2633 2910 2737 2950 nec
2783 2892 2928 2948 enim
2961 2904 3124 2944 unam
3159 2897 3410 2943 naturam
3439 2887 3554 2942 sive

1975 2988 2335 3045 substantiam
2385 2983 2680 3057 signiﬁcat,
2737 2996 2858 3052 qua:
2904 2977 3267 3033 corumuniter
3317 2977 3384 3032 de
3429 2976 3552 3046 plu-

1975 3081 2128 3136 rimis
2157 3077 2526 3136 subsistentiis
2558 3077 2673 3131 sive
2724 3074 2972 3145 personis
3026 3071 3372 3143 praedicatur,
3413 3069 3555 3124 sicut

277 3153 386 3208 καὶ
416 3154 596 3259 λέγειν
608 3159 770 3259 ’ἐστὶν
799 3163 1025 3230 ἀσεϐές·
1051 3167 1168 3222 ἀλλ’
1190 3168 1313 3223 οὔτε
1347 3172 1442 3225 ἀπ’
1463 3175 1640 3246 ἀρχῆς
1663 3179 1726 3232 ἐκ
1751 3153 1868 3234 0:6:-

1977 3174 2158 3228 homo.
2223 3171 2278 3226 Si
2324 3171 2470 3226 enim
2521 3170 2624 3224 hoc
2663 3176 2841 3232 esset,
2895 3166 3048 3220 multi
3105 3164 3292 3220 christi
3342 3163 3552 3218 inveni-

274 3261 449 3350 τητος
478 3249 573 3350 καὶ
590 3248 1034 3350 ανθρωπότητος,
1071 3259 1260 3330 ὥσπερ
1281 3264 1308 3316 6
1339 3265 1622 3336 ἄνθρωπος
1665 3272 1731 3324 ἐκ
1759 3271 1867 3342 ψυ-

274 3341 391 3430 ζῆς
411 3342 506 3394 καὶ
538 3341 810 3414 σώματος,
834 3349 863 3402 6
891 3349 1125 3421 Χριστὸς
1149 3353 1578 3430 ὲδημιουργήθη,
1604 3361 1690 3416 ἵνα
1712 3341 1868 3419 τοῦτο

275 3425 314 3502 ᾖ
345 3429 393 3462 ⁸³
421 3432 586 3502 φύσις
612 3437 871 3508 Χριστοῦ,
903 3441 1041 3496 ἀλλὰ
1069 3444 1202 3509 Θεὸς
1233 3447 1310 3500 ὢν
1463 3425 1675 3508 αἰῶνων
1709 3457 1737 3508 6
1761 3457 1865 3512 A6-

275 3523 469 3626 yogr,
499 3525 595 3626 καὶ
790 3530 962 3602 αὐτῆς
992 3534 1204 3626 φύσεως
1236 3539 1354 3608 ἦτοι
1385 3541 1572 3608 οὐσίας
1606 3547 1867 3620 ὑπάρχων

273 3614 366 3710 τῶ
382 3614 576 3710 Πατρὶ,
597 3618 692 3710 καὶ
720 3620 1052 3694 δημιουργὸς
1081 3629 1188 3682 τῶν
1213 3631 1490 3700 ἁπάντων,
1517 3614 1866 3710 ἐπ’ὲσχόιτων

272 3706 396 3760 τῶν
442 3708 669 3780 ἡμερῶν
714 3711 1008 3784 ἀνθρώπου
1056 3719 1218 3787 φύσιν
1251 3723 1374 3777 καθ’
1407 3706 1867 3786 ὑπόστασιν-ἑνώ-

273 3817 392 3946 g1;
419 3802 616 3875 ἑαυτῷ,
651 3805 874 3874 γέγονεν
897 3809 1204 3883 ἄνθρωπος,
1254 3817 1328 3888 μὴ
1365 3819 1566 3884 ἐκστὰς
1599 3822 1696 3876 τοῦ
1726 3825 1864 3880 εἶναι

327 3909 356 3946 ε
393 3911 437 3946 :.

327 3909 437 3959 εος.

369 4195 592 4250 «Ἔστιν
611 4189 706 4250 οὖν
733 4196 762 4250 6
788 4195 1024 4267 Χριστὸς
1060 4197 1158 4268 μία
1189 4198 1508 4265 ὑπόστασις,
1543 4204 1660 4274 ἢτοι
1694 4206 1863 4276 πρόσ-

273 4305 456 4352 ωπον,
490 4288 584 4341 καὶ
606 4287 720 4358 ἔχει
743 4286 804 4341 τὸ
830 4288 1035 4342 τέλειον
1079 4291 1138 4343 ὲν
1163 4290 1340 4362 ἐαυτῷ
1368 4293 1470 4362 τῆς
1500 4311 1559 4348 τε
1591 4295 1742 4361 θείας
1769 4299 1864 4352 καὶ

273 4376 544 4431 ἁκτίστου
571 4377 787 4446 φύσεως
813 4377 907 4432 καὶ
937 4378 1000 4431 τὸ
1031 4378 1236 4433 τέλειον
1267 4381 1368 4453 τῆς
1398 4383 1743 4458 ἀνθρωπίνης
1772 4391 1865 4446 καὶ

273 4467 513 4538 κτιστῆς
537 4467 771 4537 φύσεως.
805 4468 928 4534 Πῶς
970 4464 1086 4534 οῦν,
1116 4471 1175 4524 ὲν
1226 4464 1271 4540 ᾧ
1312 4471 1405 4526 δύο
1450 4475 1640 4544 φύσεις
1671 4479 1864 4550 γνωρί-

273 4560 493 4624 ζονται,
519 4559 776 4624 ἄκτιστος
805 4561 898 4614 καὶ
938 4561 1153 4634 κτιστὴ,
1182 4564 1275 4617 ἐπὶ
1312 4565 1502 4619 τούτου
1539 4569 1668 4636 μίαν
1701 4570 1864 4638 φύσιν

269 4648 406 4719 ἢτοι
436 4646 626 4702 οὐσίαν
651 4647 906 4717 λέγεσθαι
933 4649 1189 4716 δυνατόν;
1220 4653 1282 4705 Ei
1309 4655 1419 4724 γὰρ
1444 4656 1542 4725 μία
1570 4658 1866 4724 ὑπόστασις

269 4737 406 4808 ἦτοι
435 4736 727 4807 πρόσωπον
751 4739 781 4792 6
809 4738 1068 4811 Χριστὸς,
1095 4739 1270 4795 ἀλλ”δδ
1297 4743 1581 4814 όμοούσιος
1627 4747 1706 4819 τῷ
1746 4749 1866 4820 Θεῷ

269 4829 383 4883 καὶ
410 4829 606 4900 Πατρὶ,
635 4830 731 4884 καὶ
753 4830 1038 4901 όμοούσιος
1066 4833 1198 4904 ἡμῖν
1225 4834 1254 4886 ό
1278 4836 1461 4900 αὐτὸς,
1492 4839 1552 4891 οὺ
1586 4840 1696 4909 μὴν
1726 4842 1866 4896 κατὰ

275 4918 423 4991 μίαν
472 4919 568 4974 καὶ
610 4919 712 4993 τὴν
761 4921 932 4991 αὐτὴν
983 4922 1146 4992 φύσιν
1186 4925 1305 4996 ἦτοι
1341 4927 1551 4982 οὐσίαν.
1585 4931 1646 4983 Εί
1674 4930 1732 4984 δὲ
1767 4933 1866 5002 μία

272 5009 454 5079 φύσις
477 5009 594 5080 ἦτοι
628 5008 786 5064 οὐσία
827 5005 898 5083 ἦν
923 5013 952 5065 6
979 5012 1236 5084 Χριστὸς,
1265 5014 1298 5084 ἢ
1333 5015 1573 5088 ἄσαρκος
1607 5019 1683 5074 ὢν
1723 5023 1870 5094 μόνῳ

268 5098 363 5169 τῷ
408 5098 529 5170 Θεῷ
567 5101 664 5155 καὶ
706 5101 883 5173 Πατρί
911 5103 1062 5156 ἐστιν
1086 5104 1389 5174 όμοούσιος,
1415 5107 1602 5181 ἐπειδὴ
1644 5111 1742 5181 μία
1771 5113 1870 5184 τῆς

266 5188 553 5260 Θεότητος
593 5190 752 5247 οὐσία
783 5192 903 5263 ἢτοι
949 5193 1136 5263 φύσις,
1170 5194 1260 5266 ii"
1294 5193 1447 5263 ψιλὸς
1483 5198 1558 5253 ὢν
1585 5202 1870 5276 ἄνθρωπος

273 5280 476 5353 μόνοις
501 5283 634 5354 ἡμῖν
677 5283 826 5340 ἐστιν
870 5285 1178 5356 όμοούσιος,
1211 5287 1399 5360 ἐπειδὴ
1433 5290 1532 5360 μία
1576 5293 1736 5361 φύσις
1769 5297 1870 5367 τῆς

269 5370 730 5447 ἅνθρωπότητος,
753 5375 790 5448 ἢ
810 5379 1080 5448 τραπεῐσα
1107 5379 1342 5452 ἑκατέρα
1372 5383 1535 5449 φύσις
1565 5387 1862 5461 ἐτεροφυής

1977 3275 2167 3321 rentur
2201 3265 2254 3319 in
2283 3265 2482 3334 quibus
2513 3260 2874 3317 communitas
2905 3259 3068 3313 unius
3109 3267 3320 3311 natura:
3350 3255 3551 3326 prredi-

1975 3359 2224 3422 cabitur;
2267 3357 2412 3427 quod
2445 3365 2502 3411 et
2547 3355 2728 3434 dicere
2777 3351 3003 3421 impium
3057 3357 3160 3405 est:
3217 3347 3321 3402 Sed
3370 3360 3553 3416 neque

1974 3453 2041 3508 ab
2071 3453 2225 3507 initio
2262 3467 2325 3506 ex
2374 3450 2576 3505 deitate
2615 3456 2670 3503 et
2719 3445 3057 3500 humanitate
3103 3442 3244 3496 sicut
3287 3441 3452 3494 homo
3484 3454 3553 3495 ex

1974 3545 2155 3600 anima
2185 3556 2240 3599 et
2267 3558 2495 3614 corpore
2515 3585 2528 3608 ,
2561 3540 2811 3596 Christus
2842 3546 3057 3592 creatus
3082 3543 3193 3599 est,
3236 3543 3295 3588 ut
3330 3533 3435 3587 hoc
3479 3531 3552 3584 sit

1974 3644 2168 3692 natura
2198 3635 2398 3692 Chris‘ti
2437 3653 2451 3688 :
2490 3633 2586 3688 sed
2635 3645 2758 3686 cum
2805 3628 2950 3684 Deus
2995 3635 3140 3682 esset
3192 3632 3318 3679 ante
3355 3622 3551 3694 saecula

1975 3728 2211 3783 Verbum
2232 3769 2246 3792 ,
2281 3735 2336 3780 et
2365 3734 2510 3780 esset
2540 3723 2781 3795 ejusdem
2833 3728 3044 3774 naturae
3090 3717 3204 3772 sive
3236 3699 3553 3770 substantia:

1973 3838 2096 3877 cum
2129 3819 2288 3875 Patre
2337 3816 2677 3892 [substantiae
2707 3812 2897 3886 Patri],
2920 3822 2975 3867 et
3009 3818 3220 3866 creator
3268 3805 3507 3862 omnium
3533 3844 3546 3865 ,

1975 3916 2029 3970 in
2063 3915 2265 3970 ultimis
2291 3908 2760 3969 diebus-hominis
2793 3916 3044 3961 naturam
3084 3901 3382 3958 secundum
3419 3897 3550 3952 sub-

1974 4009 2276 4063 sistentiatn
2343 4005 2444 4062 sibi
2493 4004 2722 4066 uniens,
2757 4000 2931 4054 factus
2977 4006 3061 4051 est
3116 3995 3279 4048 homo
3325 4005 3551 4045 manens

1976 4103 2137 4159 Deus.
2193 4106 2206 4111 '

2054 4217 2066 4248 ι
2111 4196 2206 4250 Est
2227 4193 2388 4265 igitur
2413 4189 2665 4245 Christus
2711 4202 2818 4240 una
2857 4180 3230 4245 subsistentia,
3269 4178 3384 4233 sive
3423 4192 3550 4248 per-

1973 4305 2126 4354 sona,
2161 4297 2217 4342 et
2263 4286 2426 4340 habet
2470 4283 2525 4337 in
2576 4279 2870 4349 semetipso
2921 4274 3310 4346 perfectionem
3351 4271 3570 4326 divinm'

1973 4389 2028 4436 et
2075 4363 2382 4434 increabilis
2413 4382 2641 4435 naturae,
2677 4378 2732 4425 et
2779 4367 3167 4440 perfectionem
3215 4365 3466 4419 humanae
3495 4371 3550 4416 et

1973 4473 2226 4529 creabilis
2265 4479 2493 4526 natura}.
2525 4463 2808 4533 Quomodo
2848 4461 3031 4533 igitur,
3062 4459 3118 4512 in
3155 4472 3264 4528 quo
3298 4456 3419 4512 dua:
3448 4471 3549 4508 na-

1973 4577 2106 4622 tura:
2147 4571 2581 4637 cognoscuntur,
2624 4553 2932 4613 increabilis
2973 4562 3030 4608 et
3061 4549 3349 4611 crcabilis,
3400 4547 3452 4600 in
3483 4563 3549 4601 eo

1971 4677 2134 4715 unam
2174 4669 2423 4713 naturam
2463 4655 2577 4710 sive
2606 4647 2963 4707 substantiam
2993 4644 3099 4702 dici
3139 4641 3395 4714 possibile
3429 4639 3550 4693 est?

1973 4752 2123 4806 Licet
2163 4748 2310 4804 enim
2359 4761 2466 4801 una
2499 4739 2850 4799 subsistentia
2881 4737 2992 4793 sive
3027 4748 3260 4806 persona
3295 4729 3548 4786 Christus

1971 4843 2062 4906 sit,
2102 4840 2197 4894 sed
2229 4832 2710 4894 consubstantialis
2750 4831 2861 4885 Deo
2904 4827 3047 4883 Patri
3087 4825 3224 4898 [Deo
3265 4832 3320 4878 et
3351 4819 3542 4890 Patri],

1971 4941 2027 4986 et
2051 4926 2531 4987 consubstantialis
2568 4924 2725 4979 nobis
2763 4921 2906 4975 idem
2941 4919 3058 4989 ipse
3093 4924 3196 4982 est,
3224 4930 3333 4968 non
3366 4921 3545 4968 tamen

1970 5022 2266 5079 secundum
2302 5034 2462 5074 unam
2493 5017 2850 5083 eamdemque
2878 5019 3152 5075 naturam,
3171 5023 3267 5062 seu
3289 5006 3546 5060 substan-

1970 5114 2121 5170 tiam.
2168 5111 2263 5168 Siu
2313 5117 2494 5165 autem
2539 5122 2644 5160 una
2687 5113 2880 5159 natura
2924 5100 3039 5156 sive
3072 5095 3375 5154 substantia
3400 5102 3547 5150 esset

1968 5207 2237 5270 Christus,
2265 5211 2357 5258 aut
2387 5201 2504 5256 sine
2544 5211 2708 5254 carne
2739 5203 2841 5257 est,
2868 5202 2926 5248 et
2962 5191 3060 5247 soli
3091 5189 3201 5246 Deo
3236 5186 3379 5244 Patri
3411 5203 3546 5243 con-

1969 5295 2342 5354 substantialis
2390 5286 2891 5367 [consubstantialis
2935 5280 3071 5356 est],
3128 5281 3389 5355 quoniam
3439 5294 3546 5334 una

1975 5393 2191 5449 deitatis
2229 5386 2531 5445 substantia
2553 5384 2666 5439 sive
2704 5389 2896 5436 natura
2923 5386 3040 5434 est:
3074 5383 3166 5432 aut
3196 5388 3362 5447 purus
3382 5371 3546 5426 homo

1581 5613 1813 5673 VARle
1845 5616 2249 5675 LEC'FIONES.

338 5753 391 5788 “
424 5760 488 5810 τὰ
540 5775 650 5816 om.
687 5758 743 5812 Ρ.

413 5760 755 5838 stam-.9.
829 5760 1343 5838 itﬁvoemémso;
1371 5764 1434 5838 γ.

281 5825 476 5890 καθὼς
495 5825 552 5881 Ρ.

687 5766 743 5812 Ρ.
852 5766 896 5794 ³⁹
929 5766 1343 5833 άνθρωπότητος
1371 5766 1434 5818 γ.
1560 5767 1607 5800 ⁸ο
1635 5770 1872 5824 πᾶν-ηέ

656 5830 701 5862 ⁸³
819 5833 850 5900 ἡ
885 5832 924 5886 Ρ
1016 5833 1063 5865 ⁴⁸
1091 5835 1118 5886 6
1143 5833 1277 5889 Θεοῦ
1310 5836 1481 5906 Λόγος
1506 5833 1568 5891 P.
1642 5839 1688 5873 “
1713 5840 1826 5896 ἀλλ’
1855 5857 1872 5898 ί

1977 5771 2260 5914 ιίξυργίιίέη
2285 5768 2489 5893 ωηιξ)ἶ
2565 5770 2604 5801 ⁸⁸
2635 5767 2828 5830 κοινῶς
2852 5767 2958 5838 γὰρ
3005 5766 3063 5821 Ρ.

2042 5880 2057 5896 .
2261 5857 2367 5897 om.
2451 5881 2465 5894 .

3169 5764 3212 5795 δ’
3266 5759 3442 5817 καθὼν
3474 5759 3537 5827 ν,
