3856 6342
241 401 348 468 917

1443 395 1876 458 CHRONICON
1913 393 2312 455 PASCIIAIE.

3396 382 3504 449 918

234 530 327 576 τος
341 509 390 543 ⁵⁷
417 510 496 581 τῷ
523 509 705 582 ὁρατῷ
725 509 819 564 καὶ
842 510 903 564 τὸ
924 508 1151 582 ἄχρονον
1176 509 1254 582 τῷ
1286 508 1388 563 ὑπὸ
1418 510 1610 580 χρόνον
1626 509 1695 576 ⁵⁸,
1722 507 1821 560 οὐκ

1952 506 2237 560 rinsecus:
2272 513 2326 558 et
2371 512 2429 557 ut
2462 499 2846 570 compendiose
2889 499 3160 561 dicamus,
3207 496 3352 550 aliud
3385 495 3506 565 qui-

235 603 393 666 ἄλλος
422 602 478 656 δὲ
514 603 612 656 καὶ
641 603 823 669 ἄλλος,
857 605 933 673 μὴ
961 605 1191 673 γένοιτο.

1930 598 2076 661 dem,
2109 607 2158 652 et
2200 596 2345 650 aliud
2393 610 2456 649 ea
2491 609 2558 648 ex
2584 593 2782 662 quibus
2827 589 3075 645 Salvator
3103 597 3205 653 est,
3240 603 3362 642 cum
3395 601 3505 640 non

237 693 379 749 idem
434 693 505 747 sit
558 692 829 748 invisibile
883 701 938 747 et
975 693 1214 761 visibile,
1265 703 1322 749 et
1371 695 1476 750 hoc
1515 693 1659 763 quod
1707 691 1825 748 sine
1870 698 2110 758 tempore
2149 698 2251 756 est,
2330 695 2383 742 et
2441 688 2545 741 hoc
2595 684 2738 756 quod
2782 685 2884 738 sub
2929 683 3334 755 temporefsub
3369 689 3508 735 tem-

237 798 371 855 pore
402 784 546 856 est];
577 801 688 840 non
715 793 899 840 autem
927 785 1063 841 alius
1093 795 1150 841 et
1175 787 1337 852 alius,
1363 787 1528 842 absit.

315 877 480 930 «Ἰδοὺ
516 877 604 930 διὰ
631 878 836 932 τούτων
869 879 1055 948 σαφῶς
1069 881 1312 936 διδάσκει
1337 884 1366 936 6
1395 883 1452 935 ὲν
1484 882 1660 949 ἀγίοις
1683 879 1825 950 Γρη-

235 969 448 1038 γόριος,
483 971 565 1023 ὅτι
613 969 707 1022 ἐπὶ
755 970 850 1024 τοῦ
898 973 1041 1026 κατὰ
1068 973 1302 1044 Χριστὸν
1338 973 1636 1044 μυστηρίου
1666 973 1694 1025 6
1731 973 1827 1042 μὲν

237 1059 337 1111 ἐπὶ
375 1059 688 1130 προσώπων
717 1062 808 1115 τὸν
848 1063 1080 1134 ἀριθμὸν
1096 1063 1140 1095 ⁵⁸
1170 1062 1343 1132 λέγων
1388 1065 1462 1128 ὡς
1494 1063 1695 1134 ἀσεϐὴς
1727 1081 1829 1116 κα-

239 1149 582 1219 τακρίνεται,
607 1152 636 1204 6
667 1151 724 1203 δὲ
770 1151 862 1204 ἐπὶ
900 1151 1008 1204 τῶν
1043 1152 1280 1222 φύσεων,
1311 1153 1370 1218 ἐξ
1413 1147 1488 1206 ὧν
1527 1155 1556 1206 6
1594 1149 1672 1216 εἷς
1708 1169 1832 1205 συν-

243 1239 405 1308 ετέθη
435 1240 693 1310 Χριστὸς,
720 1241 910 1295 τοῦτον
945 1244 1393 1303 παραλαμϐάνων
1426 1243 1602 1315 ὀρθῶς
1644 1245 1832 1314 ὁμολο-

243 1331 355 1396 γεῖ,
384 1328 461 1390 ὼς
483 1330 583 1398 τὴν
620 1331 718 1399 μὲν
759 1327 1023 1404 δἰαφοραν
1055 1335 1166 1387 τῶν
1216 1334 1587 1388 συνελθουσῶν
1617 1333 1833 1405 φύσεων

244 1419 333 1472 διὰ
365 1419 557 1473 τούτου
578 1422 622 1452 ⁵⁸
652 1423 956 1493 σημαίνων,
987 1425 1252 1496 διαίρεσιν
1293 1425 1352 1478 δὲ
1387 1425 1484 1497 τὴν
1528 1426 1629 1479 ἀνά
1671 1427 1834 1496 μέρος

250 1510 375 1563 κατ’
409 1510 600 1565 οὐδένα
645 1513 848 1584 τρόπον
891 1514 1465 1586 ποιούμενος.⁹Ωσττερ
1519 1517 1626 1584 γὰρ
1675 1515 1836 1584 ἑτέρα

253 1600 422 1668 φύσις
451 1603 551 1670 τῆς
589 1603 768 1674 ψυχῆς
799 1605 893 1658 καὶ
933 1605 1096 1674 ἑτέρα
1128 1606 1222 1659 τοῦ
1255 1605 1524 1676 σώματος,
1567 1607 1661 1658 καὶ
1687 1605 1835 1674 ὅμως

253 1684 334 1753 εἷς
369 1691 512 1744 κατὰ
547 1690 798 1748 σύνθεσιν
831 1695 1118 1764 ἄνθρωπος
1143 1695 1488 1750 ἀποτελεῖται
1523 1695 1616 1747 καὶ
1637 1695 1696 1747 ού
1720 1693 1831 1746 δύο·

247 1783 399 1836 οὕτω
438 1785 534 1837 καὶ
566 1786 624 1837 ὲν
653 1785 960 1856 Χριστῷ,εί
1005 1788 1098 1840 καὶ
1133 1786 1226 1840 δύο
1255 1786 1444 1856 φύσεις
1487 1785 1835 1856 θεωροῦνται,

2005 893 2022 924 ι
2060 872 2199 927 Ecce
2221 887 2317 941 per
2341 871 2457 926 haec
2475 869 2755 925 evidenter
2776 868 2936 922 docet
2957 875 3178 922 sanctus
3197 865 3506 936 Gregorius,

1925 965 2070 1035 quod
2101 964 2155 1018 in
2203 963 2462 1035 mysterio
2490 961 2694 1017 Christi
2727 960 2816 1015 ille
2857 959 3076 1029 quidem
3111 958 3202 1028 qui
3235 957 3287 1010 in
3319 973 3508 1028 perso-

1925 1055 2012 1111 nis
2053 1069 2340 1108 numerum
2391 1052 2540 1118 dicit,
2584 1061 2644 1106 ut
2694 1050 2893 1120 impius
2943 1048 3384 1104 condemnatur:
3422 1047 3510 1102 ille

1927 1156 2107 1200 autem
2135 1146 2225 1215 qui
2257 1145 2310 1199 in
2340 1144 2568 1210 naturis,
2599 1159 2664 1198 ex
2689 1142 2884 1212 quibus
2915 1156 3056 1194 unus
3077 1139 3330 1194 Christus
3356 1155 3508 1194 com-

1933 1238 2146 1308 positus
2181 1245 2284 1302 est,
2315 1251 2606 1291 numerum
2644 1234 2858 1304 accipit,
2897 1241 3043 1288 recte
3077 1232 3386 1296 conﬁtetur,
3419 1241 3508 1284 ut-

1929 1339 2057 1400 pote
2079 1329 2441 1384 differentiam
2472 1328 2692 1398 quidem
2735 1335 3053 1380 naturarum
3081 1340 3200 1393 qua:
3235 1339 3510 1378 convene—

1931 1431 2092 1487 runt,
2137 1437 2233 1491 per
2260 1422 2366 1476 hoc
2408 1420 2761 1491 signiﬁcans:
2803 1418 3123 1474 divisionem
3158 1424 3360 1480 autem,
3392 1432 3510 1484 qua:

1933 1529 2033 1584 per
2063 1523 2272 1583 partem
2306 1521 2410 1578 est,
2442 1513 2592 1567 nullo
2629 1511 2791 1566 modo
2819 1510 3041 1565 faciens.
3081 1508 3234 1563 Sicut
3261 1507 3404 1562 enim
3436 1506 3513 1559 al-

1937 1610 2052 1655 tera
2087 1609 2276 1654 natura
2308 1609 2392 1654 est
2427 1600 2644 1663 animae,
2676 1607 2732 1652 et
2757 1597 2926 1651 altera
2953 1595 3217 1666 corporis,
3251 1602 3306 1648 et
3331 1603 3512 1648 tamen

1940 1708 2084 1747 unus
2139 1691 2438 1746 secundum
2483 1689 2936 1760 compositionem
2979 1689 3140 1742 homo
3180 1687 3428 1751 efficitur,
3460 1693 3515 1739 et

1942 1797 2050 1836 non
2093 1781 2202 1837 duo
2232 1781 2520 1836 homines:
2555 1781 2632 1836 sic
2667 1788 2722 1834 et
2772 1781 2824 1833 in
2873 1780 3092 1834 Christo
3125 1780 3249 1834 licet
3277 1779 3396 1832 dua:
3431 1777 3516 1830 in-

259 1877 430 1947 ἑτέρα
459 1878 559 1947 μὲν
584 1880 681 1949 τῆς
710 1878 984 1949 θεότητος,
1012 1881 1174 1952 ἑτέρα
1203 1880 1257 1934 δὲ
1284 1881 1380 1950 τῆς
1403 1877 1838 1950 ἀνθρωπότητος,

1951 1873 2253 1944 tclligantur
2298 1880 2529 1939 naturae,
2574 1873 2739 1927 altera
2777 1873 2995 1942 quidem
3056 1871 3298 1936 deitatis,
3348 1870 3516 1924 altera

253 1968 377 2023 ἀλλ’
401 1969 463 2022 ού
486 1969 578 2023 διὰ
600 1970 758 2022 τοῦτο
787 1969 880 2024 δύο
918 1971 1142 2042 Χριστοὶ
1171 1971 1202 2040 ἢ
1231 1970 1326 2024 δύο
1353 1971 1457 2022 υἱοὶ
1483 1967 1791 2036 εἰσάγονται
1816 1982 1832 1996 ·

254 2057 402 2112 ὥστε
429 2059 517 2112 τὸν
547 2058 777 2130 ἀριθμὸν
809 2060 918 2115 τῶν
966 2062 1025 2114 ὲν
1067 2060 1288 2132 Χριστῷ
1331 2060 1546 2128 φύσεων
1578 2057 1719 2111 κατὰ
1746 2057 1836 2110 τὸν

257 2149 555 2220 εἰρημένον
568 2148 768 2219 τρόπον
793 2150 1221 2220 παραιτούμενοι
1239 2150 1418 2218 λέγειν
1444 2148 1593 2217 δῆλοί
1616 2148 1720 2200 εἰσι
1740 2143 1838 2214 τὴν

255 2239 524 2311 διαφορὰν
571 2238 774 2292 τούτων
813 2239 1136 2311 ἀρνούμενοι
1186 2240 1278 2294 καὶ
1327 2239 1583 2309 σύγχυσιν
1613 2236 1839 2290 ἐπεισά-

256 2349 452 2402 γοντες
483 2335 548 2402 τῇ
580 2331 880 2403 οἰκονομίᾳ.
914 2331 980 2386 Ei
1027 2332 1083 2385 δὲ
1130 2333 1229 2404 τὴν
1256 2331 1518 2402 διαφορὰν
1547 2327 1841 2399 ὁμολογοῦ-

257 2441 372 2490 σιν,
407 2425 620 2494 ἀνάγκη
655 2424 870 2488 πάντως
901 2424 993 2496 ἐπὶ
1019 2424 1190 2496 ταύτῃ
1227 2422 1433 2478 καὶτὸν
1477 2421 1708 2493 ἀριθμὸν
1731 2420 1839 2473 τῶν

255 2518 587 2587 ἀσυγχύτως
616 2493 985 2571 συνελθουσῶν
1017 2517 1232 2587 φύσεων
1260 2518 1339 2580 εἰς
1380 2517 1507 2587 μίαν
1544 2516 1841 2570 ὑπόστασιν

253 2608 442 2676 λέγειν
473 2607 872 2671 αὐτούς,⁸’οπου
907 2607 1014 2678 γὰρ
1043 2607 1274 2678 διαφορά
1298 2607 1646 2676 φυλάττεται,
1669 2604 1842 2676 ταύτῃ

253 2699 484 2762 πάντως
515 2701 608 2752 καὶ
651 2699 886 2770 ἀριθμὸς
935 2699 1146 2752 ἕπεται.
1179 2700 1274 2762 Είς
1326 2698 1582 2751 σύστασιν
1630 2697 1686 2750 δὲ
1733 2695 1841 2748 τῶν

256 2793 399 2864 παρ’
425 2792 580 2861 ἡμῶν
603 2793 908 2862 εἰρημένων
956 2795 1021 2863 τῇ
1069 2791 1178 2844 τῶν
1207 2789 1376 2859 ἁγίων
1409 2791 1667 2860 Πατέρων
1704 2804 1844 2858 μαρ-

252 2880 430 2951 τυρίᾳ
447 2877 716 2949 χρώμενοι
732 2879 978 2950 δείξομεν
1002 2881 1198 2942 αὐτοὺς
1220 2879 1496 2948 λέγοντας,
1525 2879 1606 2932 ὅτι
1632 2879 1726 2930 ἐπὶ
1749 2876 1841 2930 τοῦ

256 2970 409 3025 κατὰ
453 2970 686 3030 Χριστὸν
730 2971 1029 3042 μυστηρίου
1079 2973 1128 3024 οί
1166 2971 1266 3042 μὲν
1314 2970 1462 3038 λόγοι
1513 2969 1843 3040 διαιροῦν-ται

258 3061 414 3133 κατᾲ
437 3063 534 3134 τὴν
562 3063 828 3135 διαφορὰν
853 3065 963 3118 τῶν
992 3064 1226 3133 φύσεων,
1243 3063 1495 3134 θεότητος
1516 3064 1610 3116 καὶ
1633 3061 1847 3134 ἀνθρω-

258 3154 522 3225 πὸτητος,
565 3157 625 3222 ἐξ
657 3149 732 3208 ὧν
775 3157 870 3209 καὶ
911 3155 1194 3226 συνετέθη,
1240 3159 1333 3208 καὶ.
1366 3155 1458 3208 τὸν
1493 3153 1723 3224 ἀριθμὸν
1753 3153 1846 3206 ἐπὶ

259 3221 457 3299 τούτου
504 3246 1048 3317 παραλαμϐάνουσιν,
1075 3247 1135 3299 ού
1160 3221 1172 3226 ⁷
1190 3248 1298 3317 μὴν
1321 3221 1719 3316 πραγματικῶς
1747 3243 1852 3296 ἀνά
1877 3221 1922 3285 c

263 3336 440 3406 μέρος
489 3338 588 3407 τὴν
623 3337 732 3390 τῶν
763 3337 977 3407 φύσεων
1023 3338 1303 3392 ποιοῦνται
1335 3338 1600 3408 διαίρεσιν
1637 3339 1716 3400 είς
1759 3335 1854 3389 δύο

262 3427 601 3491 ὑποστάσεις
631 3428 752 3498 ήτοι
777 3427 870 3482 δύο
896 3430 1186 3499 πρόσωπα.
1216 3427 1376 3496 Λέγει
1407 3427 1514 3497 γὰρ
1538 3428 1568 3480 6
1596 3427 1653 3480 ὲν
1679 3425 1856 3493 ἁγίοις

264 3517 546 3588 Κύριλ).ος
598 3521 658 3572 ὲν
707 3523 773 3590 τῇ
830 3519 1094 3592 ἑρμηνείᾳ
1125 3519 1218 3574 τοῦ
1251 3517 1538 3575 Δευῖτικοῦ
1574 3517 1747 3582 οὕτως
1768 3517 1811 3550 ⁸⁸
1837 3533 1850 3548 ·
1875 3535 1888 3545 ·

269 3610 446 3664 Ὃλον
465 3610 528 3682 δὴ
560 3611 720 3664 πάλιν
751 3613 808 3665 ὲν
847 3611 1058 3676 τούτοις
1084 3611 1373 3683 περιάθρει
1408 3611 1593 3681 σαφῶς
1619 3609 1714 3664 τοῦ
1741 3610 1857 3664 Σω-

264 3701 442 3771 τῆρος
473 3701 630 3771 ἡμῶν
655 3703 715 3754 τὸ
747 3703 1045 3773 μυστήριον
1075 3704 1166 3758 καὶ
1195 3702 1288 3758 τὸν
1320 3703 1409 3756 διά
1445 3701 1540 3756 τοῦ
1569 3701 1728 3770 ἀγίου
1759 3699 1856 3771 βα-

270 3791 586 3860 πτίσματος
619 3791 985 3864 καθαρισμόν.
1019 3792 1123 3847 Δύο
1172 3794 1271 3864 μὲν
1316 3795 1482 3864 γὰρ⁶²
1507 3793 1716 3864 ὀρνίθια
1762 3793 1857 3864 λη-

270 3881 480 3953 φθῆναι
511 3883 720 3936 κελεύει
751 3884 929 3948 ζῶντα
958 3887 1050 3939 καὶ
1080 3885 1316 3958 καθαρὰ,
1343 3887 1430 3940 ἵνα
1461 3887 1660 3956 νοήσῃς
1681 3887 1747 3916 ⁶²¹
1771 3885 1859 3940 διὰ

267 3974 388 4029 τῶν
438 3975 701 4029 πετεινῶν
751 3977 841 4030 τὸν
889 3977 1138 4049 οὐράνιον
1173 3977 1460 4050 ἄνθρωπόν
1491 3995 1550 4030 τε
1595 3977 1732 4048 ὁμοῦ
1764 3978 1859 4030 καὶ

270 4066 411 4122 Θεὸν
443 4067 523 4129 είς
561 4066 656 4122 δύο
695 4067 904 4136 φύσεις,
929 4069 1053 4122 ὅσον
1085 4065 1218 4140 ἧκεν
1247 4071 1328 4133 είς
1360 4071 1450 4122 τὸν
1486 4069 1690 4140 ἑκάστῃ
1723 4069 1857 4138 πρέ-

271 4172 452 4210 ποντα
481 4157 658 4225 λόγον,
693 4159 1094 4229 διαιρούμενον·
1134 4161 1306 4230 Λόγος
1346 4162 1453 4232 γὰρ
1501 4158 1569 4233 ἦν
1615 4163 1750 4215 6"“
1795 4163 1860 4215 ὲκ

271 4245 414 4300 Θεοῦ
431 4247 644 4319 [ἰατρὸς
661 4248 985 4319 ἀναλάμψας
1001 4252 1058 4304 ἐν
1079 4253 1242 4321 σαρκὶ
1257 4255 1322 4323 τῇ
1343 4255 1406 4304 ἐκ
1423 4252 1704 4319 γυναικόςζ
1720 4250 1858 4322 πλὴν

272 4341 344 4392 οὐ.
379 4338 735 4410 μεριζόμενον
757 4356 769 4369 ·
824 4336 906 4405 εἷς
952 4343 1061 4414 γάρ
1103 4344 1162 4409 ἐξ
1207 4345 1408 4413 ἀμφοῖν
1439 4348 1465 4396 6
1499 4344 1755 4414 Χριστός.
1788 4371 1860 4384 —

274 4430 390 4483 Kal.
444 4430 607 4484 πάλιν
642 4430 672 4482 6
705 4431 865 4496 αὐτὸς
914 4435 972 4486 ὲν
1020 4435 1194 4501 ἁγίοις
1245 4434 1510 4506 Κύριλλος
1538 4438 1595 4488 έν
1620 4438 1686 4508 τῇ
1723 4435 1859 4506 πρὸς

1946 1981 2078 2021 vero
2109 1965 2484 2030 humanitatis,
2520 1964 2612 2019 sed
2645 1979 2753 2018 non
2784 1972 3004 2034 propter
3031 1963 3135 2017 hoc
3159 1963 3267 2017 duo
3297 1961 3511 2026 christi,

1944 2064 2039 2112 aut
2067 2057 2175 2112 duo
2202 2056 2296 2110 lilii
2338 2056 2780 2111 introducuntur.
2815 2054 2952 2126 Ergo
2979 2055 3082 2124 qui.
3101 2069 3388 2109 numerum
3417 2069 3517 2107 na-

1947 2158 2192 2204 turarum
2224 2162 2344 2218 quae
2368 2148 2421 2202 in
2449 2146 2668 2202 Christo
2711 2155 2860 2213 sunt,
2879 2147 3173 2202 secundum
3201 2145 3517 2216 praedictum

1945 2242 2167 2297 modum
2197 2241 2378 2296 dicere
2408 2251 2680 2308 recusant,
2715 2241 2982 2297 manifesti
3009 2251 3136 2297 sunt
3164 2240 3519 2296 differentiam

1947 2343 2264 2388 naturarum
2293 2335 2644 2404 ahnegantes,
2676 2343 2731 2388 et
2763 2333 3138 2389 confusionem
3169 2334 3520 2388 introducen-

1951 2430 2031 2477 tes
2055 2422 2470 2492 dispensationi.
2519 2421 2574 2476 Si
2614 2437 2741 2476 vero
2769 2421 3132 2476 differentiam
3169 2421 3516 2486 conﬁtentur,

1949 2527 2172 2568 necesse
2224 2521 2308 2567 est
2355 2512 2670 2568 omnimodo
2705 2513 2774 2566 ad
2815 2528 2933 2567 eam
2979 2511 3419 2582 signiﬁcandam,
3467 2523 3523 2567 et

1950 2619 2239 2660 numerum
2258 2604 2436 2658 dicere
2468 2614 2806 2670 naturarum,
2839 2621 2958 2673 quae
2981 2605 3097 2659 sine
3124 2604 3441 2658 confusione
3467 2604 3523 2657 in

1950 2688 2114 2749 unam
2147 2694 2554 2749 subsistentiam
2597 2704 2992 2750 convenerunt.
3042 2695 3146 2750 Ubi
3184 2696 3327 2748 enim
3364 2693 3522 2750 diﬁ‘e-

1951 2787 2123 2841 rentia
2153 2796 2422 2852 servatur,
2457 2787 2530 2842 ibi
2562 2787 2711 2842 omni
2751 2787 2914 2842 modo
2951 2797 3006 2842 et
3048 2803 3306 2842 numerus
3339 2787 3524 2856 sequi-o

1951 2888 2057 2934 tur.
2097 2879 2179 2934 Ad
2221 2878 2590 2934 confirmanda
2629 2888 2811 2934 autem
2849 2895 2912 2934 ea
2941 2895 3062 2949 quae
3110 2879 3366 2944 diximus,
3397 2894 3526 2933 san-

1952 2981 2162 3026 ctornm
2197 2971 2416 3026 Patrum
2442 2971 2753 3026 testimonio
2785 2981 3020 3038 utentes,
3061 2972 3410 3027 ostendemus
3433 2986 3526 3026 eos

1952 3063 2156 3127 dicere,
2185 3064 2329 3133 quod
2367 3063 2420 3118 in
2448 3080 2558 3118 uno
2584 3064 2813 3118 Domino
2833 3073 3021 3119 nostro
3042 3064 3169 3119 Jesu
3192 3063 3408 3118 Christo
3439 3079 3525 3117 ra-

1955 3155 2132 3209 tiones
2181 3155 2400 3224 quidem
2451 3155 2770 3210 dividuntur
2813 3144 3130 3210 secundum.
3163 3155 3524 3210 differentiam

1953 3254 2269 3300 naturarum
2297 3245 2514 3300 deitatis
2545 3253 2601 3299 et
2627 3245 2983 3299 humanitatis
3007 3261 3071 3299 ex
3088 3245 3283 3314 quibus
3307 3254 3363 3300 et
3385 3260 3528 3300 com-

1953 3336 2167 3408 positus
2193 3344 2299 3403 est,
2330 3343 2384 3390 et
2410 3345 2700 3389 numerum
2741 3335 2795 3390 in
2831 3335 2935 3389 hoc
2967 3345 3274 3400 assumunt,
3301 3352 3410 3389 non
3443 3345 3527 3391 ta-

1954 3444 2082 3484 men
2117 3427 2230 3498 ipsa
2277 3443 2335 3482 re
2363 3436 2418 3482 et
2453 3443 2548 3498 per
2582 3434 2762 3497 partes
2796 3435 3111 3481 naturarum
3153 3427 3359 3482 faciunt
3386 3428 3526 3483 divi-

1955 3519 2168 3576 sionem
2217 3519 2272 3574 in
2317 3519 2452 3574 duas
2493 3517 2870 3573 subsistentias
2909 3520 3024 3573 sive
3065 3534 3344 3588 personas.
3393 3519 3528 3575 Dicit

1955 3612 2102 3668 enim
2147 3623 2370 3668 sanctus
2406 3611 2638 3682 Cyrillus
2677 3611 2732 3664 in
2780 3610 3004 3665 Levitici
3057 3611 3523 3681 interpretatione,

1956 3701 2389 3758 sicz—Totum
2439 3703 2492 3756 in
2550 3701 2636 3757 his
2687 3703 2881 3756 iterum
2929 3703 3287 3772 circumspice
3343 3713 3529 3772 aperte

1959 3794 2254 3850 Salvatoris
2281 3795 2450 3850 nostri
2496 3795 2831 3866 mysterium,
2859 3804 2915 3849 et
2943 3795 3384 3850 emundationem
3411 3811 3530 3864 quae

1956 3903 2055 3958 per
2075 3897 2321 3942 sanctum
2352 3888 2617 3957 baptisma
2655 3887 2733 3942 ﬁt.
2771 3888 2913 3941 Duas
2944 3888 3090 3942 enim
3123 3888 3362 3942 aviculas
3392 3888 3529 3942 snmi

1953 3981 2110 4051 jubet
2138 3981 2290 4035 vivas
2311 3987 2367 4034 et
2394 3981 2644 4043 mundas,
2677 3990 2736 4034 ut
2763 3980 3028 4050 intelligas
3055 3995 3151 4048 per
3172 3980 3403 4033 volatilia
3423 3995 3532 4034 cce-

1959 4073 2150 4128 lestem
2190 4061 2468 4126 heminem
2517 4071 2675 4125 simul
2709 4079 2765 4125 ct
2811 4071 3000 4135 Deum,
3035 4071 3089 4125 in
3125 4070 3261 4125 duas
3290 4081 3529 4136 naturas,

1958 4171 2220 4232 quantum
2265 4161 2502 4230 pertinet
2544 4161 2611 4215 ad
2653 4161 2917 4215 rationem
2982 4161 3275 4232 unicuique
3331 4178 3533 4218 convc-

1959 4255 2200 4309 nientem
2221 4251 2310 4324 [ad
2330 4253 2592 4306 rationem
2610 4251 2960 4306 dividendum
2986 4253 3277 4323 unicuique
3315 4254 3532 4324 con....]

1960 4345 2306 4402 dividendum
2342 4343 2508 4412 (Deus
2551 4344 2697 4398 enim
2724 4342 2981 4406 Verbum.
3012 4346 3102 4414 qui
3135 4362 3199 4400 ex
3232 4345 3339 4400 Deo
3377 4346 3533 4399 Patre

1960 4446 2062 4502 est,
2082 4437 2354 4506 splenduit
2386 4437 2441 4489 in
2465 4452 2627 4491 carne
2653 4452 2771 4506 qua:
2801 4453 2866 4490 ex
2897 4437 3121 4491 muliere
3157 4447 3286 4507 est);
3315 4453 3534 4491 verum-

275 4523 582 4576 Σούκενσον
609 4523 844 4595 δευτέρᾳ’
868 4525 1125 4598 ἐπιστολῇ
1156 4527 1354 4598 γράφει
1387 4526 1560 4589 οὕτως
1587 4545 1602 4560 ο
1634 4527 1847 4580 -Ἀλλ

1966 4538 2146 4584 tamen
2171 4545 2279 4584 non
2306 4529 2644 4599 patiendum,
2679 4544 2819 4584 unus
2843 4529 2986 4584 enim
3015 4545 3081 4584 ex
3109 4530 3348 4599 utrisque
3377 4529 3533 4584 Chri~

276 4612 560 4684 ἠγνόησαν
583 4616 665 4668 ὃτι
696 4616 796 4669 ὅσα
824 4616 960 4688 pum“
991 4619 1130 4672 κατὰ
1158 4620 1325 4689 μόνην
1353 4619 1452 4691 τὴν
1474 4618 1707 4689 θεωρίαν
1733 4620 1862 4674 διαι-

279 4705 499 4775 ρεῖσθαι
524 4705 686 4776 355
714 4707 879 4777 φιλεῖ,
915 4707 1088 4762 ταῦτα
1117 4709 1177 4762 οὐ
1204 4710 1418 4774 πάντως
1446 4711 1539 4764 καὶ
1569 4711 1648 4773 είς
1676 4709 1860 4782 ἑτερό-

273 4815 426 4869 τητα
455 4798 555 4869 τὴν
583 4800 690 4860 ἀνὰ
719 4801 884 4871 μέρος
907 4801 1216 4874 όλοτρόπως
1238 4803 1334 4857 καὶ
1362 4802 1546 4866 ἰδικῶς
1573 4803 1864 4874 ἀποφοιτή-

278 4905 430 4942 σειεν
461 4889 528 4942 ἂν
551 4890 648 4944 ἀπ’
672 4890 936 4962 ἀλλήλων.
963 4923 1035 4936 -—
1084 4893 1196 4951 Kal.
1223 4895 1250 4946 6
1281 4894 1339 4946 ὲν
1371 4894 1548 4962 ἁγίοις
1587 4893 1864 4957 Βασίλειος

274 4984 343 5033 ὲν
377 4979 455 5050 τῷ
484 4982 729 5053 τετάρτῳ
762 4985 882 5036 κατ’
919 4983 1192 5055 Εύνομίου.
1217 4985 1360 5056 λόγῳ
1383 5026 1398 5050 ,
1434 4986 1750 5058 ἑρμηνεύων
1779 4985 1859 5052 τὸ,

280 5072 503 5139 Κύριος
537 5073 738 5128 ἐκτισέ
766 5091 844 5144 με
881 5074 981 5128 καὶ
1008 5075 1122 5144 πρὸ
1153 5075 1394 5130 πάντων
1407 5075 1655 5140 ﬂow-6w
1682 5076 1865 5146 γεννᾷ

271 5178 382 5232 με,
420 5163 620 5232 γράφει
647 5163 818 5229 οὕτως
839 5182 853 5197 ·
885 5195 956 5209 -——
1000 5165 1250 5236 Ληπτέον
1280 5161 1374 5220 οὖν
1399 5167 1460 5219 τὸ
1491 5167 1590 5236 μὲν
1614 5166 1865 5236 Ἐγέννη-

283 5271 387 5307 σεν
419 5256 510 5307 ἐπὶ
538 5255 632 5308 τοῦ
668 5255 802 5310 Θεοῦ
831 5257 984 5325 Υίοῦ,
1015 5259 1074 5312 τὸ
1119 5258 1177 5312 δὲ
1216 5259 1462 5314 ἔκτισεν
1493 5261 1586 5313 ἐπὶ
1624 5261 1716 5314 τοῦ
1766 5261 1866 5330 τὴν

282 5345 509 5419 μορφὴν
541 5346 634 5400 τοῦ
662 5348 849 5403 δούλου
879 5350 1157 5415 λαϐόντος.
1176 5351 1263 5406 Ἐν
1294 5353 1426 5406 πᾶσι
1469 5352 1525 5406 δὲ
1569 5353 1778 5415 τούτοις
1805 5353 1866 5406 οὑ

1964 4628 2100 4677 stus.
2127 4653 2196 4662 —
2219 4622 2288 4676 Et
2321 4621 2516 4676 iterum
2550 4621 2689 4676 idem
2715 4630 2936 4676 sanctus
2961 4619 3191 4692 Cyrillus
3219 4621 3270 4674 in
3302 4622 3535 4676 secunda

1963 4714 2030 4768 ad
2054 4713 2380 4769 Successum
2400 4713 2626 4782 epistola
2656 4712 2727 4766 ita
2748 4713 2907 4770 dicit:
2927 4744 2991 4752 —
3007 4715 3109 4768 Sed
3154 4713 3538 4783 ignoraverunt

1963 4805 2109 4876 quod
2145 4821 2265 4876 quae
2300 4821 2399 4876 per
2437 4805 2610 4860 solum
2646 4806 2978 4862 intellectum
3006 4807 3168 4862 dividi
3202 4807 3393 4872 solent,
3431 4823 3538 4860 non

1963 4898 2080 4953 haec
2127 4898 2435 4955 necessario
2463 4897 2627 4951 etiam
2677 4898 2732 4951 in
2781 4899 3124 4962 alteritatem,
3160 4914 3279 4966 quae
3325 4907 3408 4953 est
3447 4915 3540 4967 per

1963 4999 2168 5060 partes,
2200 4989 2517 5044 omnimodo
2550 4999 2602 5044 et
2639 4990 3008 5059 specialitern
3039 5006 3097 5049 se
3128 4991 3356 5045 invicem
3387 5006 3542 5061 sepa-

1961 5082 2244 5138 rabuntur.
2269 5111 2338 5120 -—-
2365 5081 2474 5136 Sed
2504 5091 2559 5136 et
2590 5092 2809 5138 sanctus
2840 5081 3064 5138 Basilius
3098 5083 3152 5136 in
3175 5093 3371 5152 quarto
3399 5083 3539 5136 libro

1963 5183 2152 5229 contra
2181 5173 2524 5237 Eunomium,
2559 5175 2922 5243 interpretans
2955 5175 3054 5230 hoc
3090 5177 3235 5244 quod
3278 5186 3398 5231 est:
3435 5177 3539 5230 Do-

1966 5266 2137 5322 minus
2163 5266 2357 5321 creavit
2388 5283 2486 5329 me,
2519 5275 2566 5320 et
2604 5276 2726 5323 ante
2752 5283 2927 5321 omnes
2953 5266 3104 5322 colles
3136 5270 3313 5338 genuit
3343 5286 3442 5334 me,
3472 5271 3539 5322 ita

1967 5355 2154 5414 scribit
2179 5373 2192 5414 :
2217 5356 2631 5428 Intelligendum
2653 5357 2747 5416 hoc
2785 5359 3001 5430 quidem
3031 5361 3173 5430 quod
3204 5360 3355 5426 dicit,
3387 5378 3536 5415 crea-

1595 5514 1832 5572 VARI/E
1868 5513 2266 5572 LECTIONES.

395 5643 440 5675 "
467 5645 529 5697 τὸ
552 5643 780 5713 ἀόρατον
806 5643 866 5698 Ρ.

969 5625 1013 5676 ⁸⁸
1039 5644 1142 5716 ὑπὸ
1165 5644 1375 5716 χρόνον.
1398 5621 1579 5716 χρόνω
1595 5645 1654 5700 Ρ.
1731 5647 1776 5678 ⁵³
1801 5645 1910 5701 τῶν
1939 5645 2190 5716 ἀριθμῶν
2220 5644 2333 5699 RV.
2411 5645 2700 5716 “sanitati.
2748 5648 2904 5700 τοῦτο
2925 5647 2982 5700 ῐ).
3061 5647 3099 5678 ⁶¹
3137 5645 3324 5716 οὕτως.
3361 5641 3464 5695 vol.
3502 5639 3540 5716 ί,

282 5727 414 5784 με.
438 5715 550 5789 sed
569 5697 634 5789 ξς
662 5697 670 5698 θ
701 5716 745 5746 η
765 5697 884 5785 γὰρ
918 5729 1028 5770 om.
1057 5697 1132 5770 p;
1167 5697 1509 5788 λειιίνσῆςέις.
1536 5697 1616 5770 ιις
1775 5697 2152 5772 sativis
2170 5697 2485 5789 pinsumpsi
2565 5697 3000 5788 eyea'us,".-;.i:v,
3028 5731 3081 5788 ρ.
3117 5697 3176 5770 η.
3198 5699 3390 5784 Epist,
3422 5727 3477 5787 ιι.
3501 5697 3542 5780 ι;

285 5783 414 5853 pag.
455 5784 552 5838 iis
578 5783 635 5838 Β.
