3856 6342
386 356 492 426 919

1567 354 2015 420 'CHRONICON
2052 363 2453 428 PASCIIALE.

3551 376 3655 438 920

378 470 474 534 vit.
507 466 575 522 de
611 481 679 522 eo
702 465 794 536 qui
817 464 1047 520 formam
1075 465 1218 520 servi
1245 463 1456 536 accepit
1489 464 1653 536 [quod
1683 466 1832 531 dicit,
1872 482 1968 537 ge-

2093 472 2166 562 ξύο
2194 472 2448 544 λέγομεν,
2484 477 2618 530 Θεὸν
2668 479 2778 548 ίδίσ.
2823 480 2914 532 καὶ
2943 480 3233 552 ἄνθρωπον
3263 484 3399 554 ἰδίᾳ·
3435 481 3519 550 εἷς
3550 490 3654 562 γὰρ

380 559 504 616 nuit
565 559 634 614 de
679 559 786 614 Deo
819 557 977 624 Filio,
1014 559 1117 613 hoc
1172 567 1357 614 autem
1397 559 1542 628 quod
1573 558 1708 614 dicit
1743 558 1966 623 creavit,

381 654 457 710 sic
481 653 643 710 etiam
679 650 1005 724 huncum].
1047 679 1120 692 --
1160 649 1219 705 ln
1261 651 1348 705 his
1372 659 1552 712 autem
1583 651 1836 706 omnibus
1860 666 1970 715 non

382 750 492 808 duo
515 749 770 812 dicimus,
815 750 983 805 Deum
1015 749 1332 818 separatim,
1380 755 1436 806 et
1473 748 1750 802 hominem
1791 747 2106 816 separatim,
2150 765 2292 805 unus
2356 753 2499 810 enim
2552 765 2670 814 erat

386 844 670 913 utriusque
696 851 945 902 naturam
981 841 1376 897 existimantes.
1411 867 1481 878 —

461 956 480 989 ι
524 936 630 992 Sed
690 943 747 991 et
799 944 1022 990 sanctus
1060 933 1354 1004 Gregorius
1383 930 1692 999 Theologus
1735 929 1790 984 in
1832 928 1970 983 libro

385 1027 627 1086 secundo
655 1026 724 1081 de
757 1025 923 1090 Filio,
961 1024 1166 1082 docens
1201 1038 1302 1077 nos
1339 1020 1614 1093 quomodo
1653 1020 1708 1074 in
1745 1019 1973 1074 Domino

385 1129 576 1180 nostro
599 1119 732 1174 Jesu
761 1118 982 1174 Christo
999 1124 1215 1188 Oportet
1242 1122 1466 1169 naturas
1499 1128 1620 1184 quae
1651 1112 1708 1166 in
1730 1127 1796 1168 eo
1823 1117 1969 1174 sunt,

385 1213 687 1272 secundum
712 1212 1046 1270 intellectum
1063 1209 1401 1272 discernere,
1423 1206 1496 1261 ita
1515 1205 1707 1260 scribit
1733 1221 1822 1262 :——
1838 1203 1974 1258 Cum

387 1317 597 1369 natum
654 1299 932 1364 intellectu
976 1302 1200 1361 distant.
1243 1299 1402 1356 simul
1449 1299 1770 1354 dividuntur
1809 1296 1972 1349 etiam

387 1397 632 1453 nomina.
682 1394 911 1449 Paulum
961 1392 1234 1450 dicentem
1276 1389 1442 1444 audi:
1483 1390 1544 1443 Ut
1583 1387 1722 1441 Deus
1767 1385 1976 1437 Domini

389 1491 557 1549 nostri
611 1491 736 1543 Iesu
783 1485 997 1548 Christi,
1051 1483 1217 1538 Pater
1260 1482 1482 1554 gloria;
1514 1478 1715 1534 Christi
1757 1478 1976 1548 quidem

389 1584 568 1648 Deus,
625 1580 810 1654 gloria:
869 1588 1054 1634 autem
1104 1575 1282 1632 Pater.
1337 1572 1471 1628 Nam
1527 1572 1629 1627 etsi
1686 1579 1978 1640 utrumque

391 1691 560 1734 unum
590 1682 693 1740 est,
727 1681 910 1727 tamen
947 1686 1056 1725 non
1083 1678 1296 1732 natura,
1321 1667 1418 1725 sed
1439 1667 1744 1722 conventu.
1780 1693 1852 1706 --

467 1786 486 1820 ι
527 1766 594 1822 Et
637 1774 861 1820 sanctus
902 1772 1086 1818 autem
1127 1760 1423 1832 Gregorius
1466 1757 1744 1828 Nyssenus
1774 1753 1978 1827 [Nysa]

393 1861 448 1915 in
481 1869 675 1929 quarto
720 1858 860 1912 libro
890 1864 1080 1920 contra
1125 1854 1478 1913 Eunoniium,
1510 1850 1703 1905 cadent
1744 1865 1847 1903 nos
1876 1849 1979 1903 do-

393 1967 547 2020 cens,
581 1951 654 2006 ita
685 1949 876 2006 scribit
903 1971 914 2005 :
941 1979 1012 1988 —
1038 1947 1104 2002 Et
1137 1961 1206 2000 ne
1235 1945 1430 2014 aliquis
1456 1939 1854 2011 incorruptibili
1879 1955 1980 1994 na-

399 2055 531 2103 turae
567 2043 748 2100 crucis
797 2039 1107 2112 passionem
1141 2037 1472 2108 applicaret,
1514 2051 1613 2104 per
1659 2033 1760 2086 alia
1802 2033 1981 2086 mani-

395 2134 588 2197 festius
615 2134 778 2190 talem
819 2131 1074 2188 emendat
1109 2144 1372 2193 errorem,
1414 2127 1768 2181 mediatorem
1803 2125 1980 2194 ipsum

397 2227 490 2288 Dei
522 2236 578 2282 et
609 2226 915 2288 hominum,
944 2233 1000 2278 et
1047 2224 1325 2277 hominem
1357 2229 1412 2276 et
1461 2219 1630 2273 Deum
1665 2217 1841 2287 ipsum
1881 2232 1982 2270 no-

396 2321 651 2382 minans:
680 2327 739 2372 ut
776 2331 901 2380 cum
939 2315 1048 2369 duo
1098 2314 1166 2368 de
1211 2330 1320 2368 uno
1375 2312 1645 2372 dicantur,
1679 2325 1982 2380 congruum

397 2412 767 2484 intelligantur
801 2410 944 2464 circa
995 2417 1317 2476 utrumque,
1363 2406 1507 2460 circa
1555 2404 1814 2459 deitatem
1858 2401 1985 2471 qui-

396 2506 519 2566 dem
553 2502 980 2574 impassibilitas,
1017 2500 1159 2562 circa
1205 2497 1598 2553 humanitatem
1640 2507 1822 2549 autem
1868 2493 1982 2548 dis-

396 2597 647 2672 pensatio
699 2595 987 2666 passionis.
1034 2591 1316 2650 lntellectu
1363 2590 1530 2660 igitur
1567 2587 1846 2643 dividente
1882 2587 1986 2640 hoc

398 2690 541 2759 quod
573 2704 670 2760 per
684 2687 1112 2750 misericordiam
1142 2685 1364 2755 quidem
1394 2683 1608 2736 unitum
1640 2690 1744 2744 est,
1775 2682 1986 2733 ratione

401 2791 585 2839 autem
631 2781 991 2845 discernitur,
1029 2793 1153 2833 eum
1195 2777 1300 2832 hoc
1329 2775 1572 2845 quidem,
1611 2773 1756 2843 quod
1791 2787 1982 2840 super-

402 2874 642 2947 positum
675 2881 758 2926 est
787 2881 843 2926 et
887 2869 1306 2942 supereminens
1326 2882 1545 2922 omnem
1565 2880 1810 2928 sensum,
1844 2879 1986 2932 pra:-

400 2963 577 3028 dicat,
630 2963 918 3018 altioribus
964 2961 1138 3017 utitur
1185 2957 1535 3020 nominibus,
1584 2972 1751 3026 super
1799 2955 1984 3010 omnia

2226 565 2361 618 ἁλλά
2379 569 2444 599 ⁸³·
2478 569 2600 622 κατ’
2632 569 2876 624 ἐπίνοιαν
2909 571 3005 643 τὴν
3035 575 3270 628 ἑκάστου
3302 576 3464 645 φύσιν
3508 557 3655 648 λογιλ

2141 671 2292 716 μενοι

2141 671 2292 722 μενοι

2720 777 2734 812 :
2789 761 2884 816 sed
2938 763 3235 819 secundum
3300 765 3651 831 intellectum,

2145 947 2161 977 ι
2191 931 2298 983 Καὶ
2314 933 2342 984 ό
2357 933 2414 985 ὲν
2437 934 2616 1002 άγίοις
2639 936 2694 990 δὲ
2713 938 3010 1009 Γρηγόριος
3040 941 3068 993 ό
3094 940 3342 1008 θεολόγος
3365 943 3425 994 ὲν
3441 942 3520 1012 τῷ
3533 941 3656 1014 περὶ

2071 1023 2203 1076 Υίοῦ
2229 1025 2470 1098 δευτέρῳ
2483 1027 2624 1099 λόγῳ
2645 1030 2913 1084 διδάσκων
2929 1035 3075 1102 ἡμᾶς
3089 1035 3240 1097 ὅπως
3255 1035 3337 1087 δεῖ
3364 1035 3460 1098 τὰς
3493 1037 3552 1088 ὲν
3582 1037 3656 1107 τῷ

2072 1119 2262 1188 Κυρίῳ
2305 1123 2463 1191 ἡμῶν
2513 1122 2688 1189 Ἰησοῦ
2734 1125 2957 1194 Χριστῷ
2999 1124 3192 1194 φύσεις
3242 1130 3359 1179 κατ’
3405 1129 3649 1181 ἐπίνοιαν

2071 1211 2367 1282 διακρίνειν
2395 1214 2805 1283 γράφειοὺτωςο
2833 1215 3028 1268 Ἥνίκα
3057 1218 3113 1270 αἱ
3131 1217 3332 1284 φύσεις
3357 1219 3656 1274 διίστανται

2072 1304 2193 1366 ταῖς
2229 1303 2515 1368 ἐπινοίαις,
2553 1305 2939 1376 σννδιαιρεῖται
2974 1307 3068 1359 καὶ
3098 1307 3167 1360 τά
3194 1309 3454 1378 ὀνόματα.
3509 1311 3656 1363 Παύ-

2072 1393 2163 1446 λου
2182 1393 2434 1462 λέγοντος
2450 1397 2682 1450 ἄκουσον
2697 1412 2711 1426 °
2739 1398 2863 1450 Ἵνα
2884 1401 2916 1450 ὀ
2943 1398 3088 1463 Θεὸς
3111 1399 3218 1452 τοῦ
3248 1402 3470 1468 Κυρίου
3489 1401 3659 1471 ἡμῶν

2003 1543 2018 1554 .
2086 1487 2280 1552 Ἰησοῦ
2313 1487 2570 1555 Χριστοῦ
2601 1491 2634 1541 ό
2664 1489 2863 1556 Πατὴρ
2894 1489 3004 1556 τῆς
3033 1489 3243 1558 δόξης
3285 1491 3525 1560 Χριστοῦ
3560 1493 3659 1560 μὲν

2075 1575 2229 1639 Θεὸς,
2257 1577 2357 1646 τῆς
2399 1576 2456 1630 δὲ
2500 1577 2660 1647 δόξης
2704 1579 2916 1649 Πατήρ.
2959 1581 3020 1634 Et
3051 1582 3161 1651 γάρ
3191 1582 3394 1634 καὶ⁶⁸⁸⁶
3428 1581 3489 1634 τὸ
3537 1600 3660 1635 σνν-

2080 1670 2391 1740 αμφότερον
2424 1670 2504 1733 ἒν,
2532 1669 2650 1723 ἀλλ’
2680 1672 2740 1725 οὑ
2771 1675 2836 1742 τῇ
2865 1671 3044 1740 φύσει,
3079 1677 3146 1743 τῇ
3181 1673 3240 1727 δὲ
3269 1675 3492 1745 συνόδῳ.

2157 1778 2176 1808 ι
2207 1761 2314 1814 Καὶ
2337 1761 2365 1812 ὁ
2395 1761 2452 1812 ἐν
2484 1761 2657 1829 ἁγίοις
2685 1761 2739 1814 δὲ
2767 1762 3066 1833 Γρηγόριος
3097 1766 3126 1816 ό
3159 1764 3346 1834 Νύσης
3360 1764 3408 1796 ⁸⁸
3440 1765 3664 1818 ἐπίσκο-

2080 1870 2182 1917 πος
2220 1856 2277 1908 ἐν
2306 1854 2382 1925 τῷ
2417 1856 2538 1908 κατ’
2564 1855 2829 1925 Εὑνομίου
2870 1857 3118 1928 τετάρτῳ
3135 1857 3181 1890 ⁸⁸
3209 1858 3351 1926 λόγῳ
3403 1857 3473 1910 τά
3525 1857 3665 1911 αὑτά

2082 1948 2228 2018 ἡμᾶς
2263 1946 2530 2000 διδάσκων
2560 1947 2758 2017 γράφει
2793 1947 2965 2010 οὕτως
2987 1964 2999 1976 ·
3035 1979 3105 1989 -
3139 1950 3248 2002 Καὶ
3271 1950 3348 2013 ὡς
3372 1949 3442 2003 ἂν
3472 1952 3550 2020 μή
3582 1967 3667 2012 τις

2081 2041 2146 2110 τῇ
2177 2040 2440 2109 άκηράτῳ
2467 2039 2625 2106 φύσει
2659 2039 2718 2092 τὸ
2749 2041 2889 2092 κατά
2915 2039 3006 2092 τὸν
3036 2041 3266 2111 σταυρὸν
3294 2040 3468 2102 πάθος
3495 2057 3667 2110 προσ-

2080 2132 2340 2197 τρίὸοιτο,
2373 2131 2440 2184 δι’
2473 2133 2675 2202 ἑτέρων
2718 2131 3103 2202 τρανότερον⁶⁶
3145 2132 3242 2192 τὴν
3280 2132 3541 2202 τοιαύτην
3569 2134 3666 2185 ἑπ-

2083 2223 2408 2293 ανορθοῦται
2440 2223 2668 2292 πλάνην,
2703 2223 2932 2293 μεσίτην
2957 2223 3116 2276 αὑτὸν
3145 2223 3282 2278 Θεοῦ
3325 2225 3420 2276 καὶ
3452 2223 3667 2295 ἀνθρὼ-

2085 2336 2202 2371 πων
2236 2318 2330 2370 καὶ
2353 2317 2638 2387 ἄνθρωπον
2668 2316 2764 2370 καὶ
2792 2316 2925 2369 Θεὸν
2955 2315 3117 2368 αὑτὸν
3145 2315 3450 2385 ὀνομάζων,
3481 2317 3567 2368 ίνα
3601 2318 3666 2370 ὲκ

2083 2410 2177 2462 τοῦ
2207 2410 2273 2462 τά
2299 2408 2393 2461 δύο
2420 2409 2552 2478 περὶ
2579 2408 2640 2461 τὸ
2671 2408 2729 2462 ἓν
2758 2407 3012 2474 λέγεσθαι
3049 2408 3112 2460 τὸ
3153 2401 3467 2477 πρόσφορον
3496 2411 3668 2461 νοοῖτο

2085 2499 2213 2566 περὶ
2244 2500 2524 2567 ἑκάτερον,
2555 2499 2683 2567 περὶ
2711 2499 2810 2568 μὲν
2837 2497 2895 2550 τὸ
2927 2496 3069 2550 θεῖον
3098 2499 3130 2567 η
3159 2497 3423 2558 ἀπάθεια,
3457 2499 3586 2569 περὶ
3610 2499 3670 2556 δὲ

2084 2591 2144 2643 τὸ
2172 2588 2510 2659 ἀνθρώπινον
2537 2591 2568 2658 ἡ
2612 2590 2753 2644 κατὰ
2787 2589 2845 2642 τὸ
2895 2589 3066 2652 πάθος
3099 2589 3404 2659 οἰκονομία.
3430 2589 3548 2658 Τῆς
3575 2584 3672 2643 οὖν

2087 2685 2330 2745 ἐπινοίας
2377 2682 2783 2753 διαιρουμένης,
2821 2681 2882 2734 τὸ
2932 2681 3072 2734 κατά
3125 2681 3538 2753 φιλανθρωπίαν
3569 2683 3672 2751 μὲν

2087 2776 2386 2848 ἡνωμένον,
2415 2775 2493 2845 τῷ
2537 2775 2592 2828 δὲ
2645 2775 2788 2843 λόγῳ
2838 2774 3273 2844 διακρινόμενον,
3307 2776 3440 2828 ὅταν
3479 2774 3582 2844 μὲν
3611 2774 3674 2826 τδ

2089 2869 2483 2939 ὑπερκείμενον
2530 2867 2625 2920 καὶ
2674 2866 2940 2936 ὑπερέχον
2991 2866 3172 2920 πάντα
3219 2867 3345 2918 νοῦν
3382 2865 3671 2936 κηρύσσει,

2088 2964 2199 3024 τοῖς
2246 2961 2600 3030 ὑψηλοτέροις
2640 2959 2904 3030 κέχρηται
2939 2959 3046 3013 τῶν
3078 2958 3378 3029 ὀνομάτων,
3407 2959 3503 3011 ἐπὶ
3533 2957 3675 3014 πάνθ

403 3060 595 3118 Deum.
626 3066 682 3113 et
729 3071 984 3127 magnum
1020 3055 1212 3119 Deum,
1260 3060 1316 3107 et
1363 3051 1619 3106 virtutem
1663 3049 1779 3114 Dei,
1816 3057 1873 3103 et
1900 3063 1977 3103 sa-

2093 3072 2198 3108 των
2223 3053 2355 3106 Θεὸν
2385 3052 2478 3106 καὶ
2520 3053 2694 3123 μέγαν
2737 3051 2872 3105 Θεὸν
2904 3053 2998 3105 καὶ
3027 3051 3257 3120 δύναμιν
3287 3051 3425 3104 θεοῦ
3455 3051 3552 3105 καὶ
3581 3067 3673 3104 σο⁴

403 3152 665 3230 pientiam
687 3190 700 3212 ,
749 3157 806 3214 et
851 3147 975 3203 talia
1004 3160 1207 3201 vocans
1237 3163 1249 3198 :
1283 3158 1408 3199 cum
1447 3151 1629 3197 autem
1672 3139 1986 3210 passionum

401 3244 840 3313 experimentum
874 3236 1189 3296 necessario
1232 3242 1453 3305 propter
1481 3242 1724 3288 nostram
1756 3230 1990 3298 inﬁrmis

405 3344 573 3398 tatem
603 3342 911 3404 acceptum,
939 3329 1124 3386 verbis
1164 3327 1458 3400 signiﬁcat,
1487 3341 1552 3380 ex
1589 3333 1782 3379 nostro
1809 3323 1988 3382 nomi—

404 3445 544 3493 nans
575 3437 864 3496 utrumque
887 3423 1170 3478 hominem
1197 3421 1375 3491 ipsum
1403 3418 1662 3488 appellat,
1689 3433 1800 3471 non
1830 3431 1987 3472 eom-

405 3521 693 3595 munieans
716 3534 814 3588 per
844 3531 1031 3571 vocem
1062 3513 1129 3568 ad
1157 3521 1408 3570 caeteram
1444 3519 1692 3564 naturam
1733 3523 1860 3562 eum
1896 3507 1991 3577 qui

393 3612 760 3686 ﬁigniiicatur,
799 3607 895 3662 sed
943 3616 1003 3665 ut
1041 3605 1187 3661 circa
1221 3611 1514 3671 utrumque
1559 3601 1735 3669 pietas
1762 3613 1991 3657 conser-

407 3715 587 3771 vetur.
612 3729 682 3742 -·

484 3815 500 3858 ι
545 3793 642 3862 llis
699 3793 775 3850 ita
823 3788 1212 3868 demonstratis
1265 3801 1365 3856 per
1405 3792 1721 3838 sanctorum
1770 3781 1992 3840 Patrum

407 3887 732 3952 doctrinam,
761 3895 977 3939 cessent
998 3881 1088 3951 qui
1118 3893 1406 3934 numerum
1450 3886 1768 3929 naturarum
1795 3889 1915 3943 quae
1937 3873 2014 3928 in.

405 3980 626 4045 Christo
649 3987 798 4043 sunt,
831 3975 1174 4037 occasionem
1210 3972 1292 4027 sui
1321 3969 1526 4026 erroris
1558 3968 1782 4031 faciunt,
1808 3977 1863 4022 et
1898 3983 1994 4022 ea-

407 4089 528 4133 rum
599 4069 963 4131 diﬂ'erentiam
1036 4065 1251 4122 numeri
1307 4062 1656 4120 recusatione
1726 4061 1993 4131 negando,

407 4165 787 4228 confusionem
819 4161 1170 4217 introducere
1195 4166 1485 4213 conantur.
1522 4155 1808 4221 Quomodo
1849 4153 1995 4208 enim

409 4273 521 4330 non
574 4265 660 4312 est
691 4254 1038 4317 necessarius
1077 4266 1363 4314 numerus,
1397 4265 1525 4320 quo,
1573 4247 1640 4302 ad
1683 4246 1998 4318 signiﬁcan-

409 4350 536 4408 dam
589 4346 955 4414 difl‘erentiam
1008 4353 1328 4401 naturarum
1375 4357 1494 4411 qua:
1523 4342 1577 4394 in
1611 4354 1773 4395 unam
1818 4335 1995 4402 subsi-

411 4444 670 4514 stentiam
704 4439 870 4498 unita;
902 4446 1050 4503 sunt,
1078 4446 1262 4491 etnon
1289 4435 1354 4488 ad
1386 4433 1706 4488 divisionem
1742 4446 1838 4499 per
1868 4445 1995 4498 par-

410 4543 494 4598 tes
555 4549 782 4602 earum,
833 4532 916 4586 usi
973 4538 1101 4584 sunt
1130 4527 1359 4582 Patres?
1401 4527 1780 4579 Demonstrato
1836 4521 1997 4590 igitur

412 4626 673 4698 undique,
713 4626 856 4696 quod
911 4623 1140 4692 impium
1195 4629 1286 4690 est
1327 4619 1509 4673 dicere
1541 4609 1720 4670 unam‘
1747 4623 1996 4668 naturam

370 4703 376 4708 ’
412 4721 526 4786 sive
556 4719 914 4774 substantiam
949 4715 1168 4780 deitatis
1213 4723 1268 4770 et
1297 4711 1476 4780 carnis
1512 4707 1740 4770 Christi,
1769 4715 1824 4760 et
1870 4705 1998 4759 illud

413 4815 670 4881 dicimus,
692 4812 817 4883 quia
848 4827 950 4866 nec
990 4809 1288 4874 secundum
1317 4805 1460 4878 quod
1494 4817 1654 4859 unam
1696 4799 1999 4855 subsisten-

416 4907 543 4972 tiam
567 4905 800 4972 dicimus
821 4902 1040 4959 deitatis
1076 4910 1127 4956 et
1147 4895 1500 4972 humanitatis
1521 4893 1742 4954 Christi,
1760 4892 1841 4946 sic
1875 4903 2000 4959 pos-

415 4995 571 5067 sibile
599 5002 758 5058 estet
786 5009 946 5048 unam
973 5003 1221 5057 naturam
1244 4989 1446 5060 Christi
1495 4988 1677 5042 dicere
1704 5001 1715 5036 :
1745 4982 2002 5054 quoniatn

417 5103 526 5143 non
573 5086 716 5142 idem
749 5097 835 5142 est
877 5096 1070 5160 natura
1110 5094 1164 5140 et
1203 5082 1576 5138 subsistentia.
1616 5081 1814 5132 Omnes
1857 5076 2003 5130 enim

417 5181 589 5234 sancti
615 5180 797 5235 Patres
807 5189 1171 5237 consonanter
1187 5194 1286 5231 nos
1305 5177 1521 5237 docent,
1539 5172 1684 5228 aliud
1698 5187 1817 5226 esse
1841 5178 2004 5224 natu-

419 5289 532 5328 ram
551 5273 664 5328 sive
679 5274 1033 5327 substantiam
1048 5282 1101 5327 et
1114 5267 1580 5332 formam,ctaliud
1593 5265 2000 5337 sulisistcntiam

419 5363 533 5419 sive
568 5379 893 5433 personam:
925 5374 980 5418 et
1018 5374 1265 5418 naturam
1285 5361 1502 5431 quidem
1525 5361 1605 5414 vel
1641 5359 1999 5414 substantiam

420 5457 738 5522 ctformam,
757 5459 857 5519 hoc
877 5456 1018 5528 quod
1043 5465 1126 5510 est
1148 5469 1457 5517 commune,
1487 5454 1808 5523 signiﬁcare,
1833 5453 2004 5506 subsi-

421 5551 676 5610 stentiam
707 5558 887 5606 autem
915 5550 1028 5612 sive
1043 5562 1348 5620 personam,
1367 5547 1467 5602 hoc
1485 5546 1726 5616 quodest
1745 5545 1999 5615 speciale.

2089 3147 2217 3216 φίαν
2247 3145 2341 3200 καὶ
2377 3145 2445 3198 τά
2475 3143 2699 3200 τοιαῦτα
2731 3143 3110 3205 καλῶν.”οταν
3135 3142 3189 3196 δὲ
3218 3142 3320 3214 τὴν
3357 3141 3680 3212 ἀναγκαίως

2087 3239 2173 3293 διὰ
2206 3238 2265 3292 τὸ
2292 3238 2558 3309 ἡμέτερον
2586 3236 2812 3299 ἀσθενὲς
2837 3234 3402 3308 σόμπαραληφθεῖσαν
3431 3235 3542 3286 τῶν
3569 3250 3679 3286 πα-

2090 3332 2347 3402 θημάτων
2374 3332 2574 3401 πεῖραν
2597 3313 2930 3399 περιγράφει
2950 3330 2993 3364 ⁸⁷
3028 3328 3105 3399 τῷ
3133 3327 3295 3398 λόγῳ·
3325 3327 3390 3378 ἐκ
3419 3325 3515 3379 τοῦ
3539 3327 3681 3394 ἡμε-

2089 3425 2252 3495 τέρου
2281 3422 2641 3492 κατονομάζει
2659 3421 2722 3474 τὸ
2745 3420 3174 3493 συναμφότερον,
3204 3417 3492 3489 ἄνθρωπον
3509 3415 3681 3470 αὑτὸν

2091 3516 2536 3588 προσαγορεύων,
2567 3515 2628 3567 οὑ
2655 3513 2973 3568 κοινοποιῶν
2999 3513 3134 3585 πρὸς
3161 3511 3258 3583 τὴν
3293 3511 3491 3581 λοιπὴν
3515 3511 3682 3579 φύσιν

2089 3608 2182 3662 διὰ
2209 3607 2309 3676 τῆς
2341 3605 2528 3676 φωνῆς
2559 3605 2652 3657 τὸν
2685 3603 3039 3674 δηλούμενον,
3069 3603 3184 3657 ἀλλ’
3211 3602 3352 3664 ὥστε
3387 3603 3516 3672 περὶ
3547 3602 3682 3656 ἑκά-

2092 3715 2252 3770 τερον
2277 3698 2340 3750 τδ
2373 3697 2597 3760 εὑσεσὲς
2631 3697 2996 3767 φυλαχθῆναι.

2172 3808 2191 3844 ι
2217 3789 2434 3842 Τούτων
2463 3787 2636 3850 οὕτως
2662 3786 3127 3857 ἀποδεδειγμένων
3155 3786 3240 3838 διὰ
3269 3785 3369 3855 τῆς
3387 3785 3684 3839 τῶνῐιιτέ-

2095 3901 2204 3953 ρων
2237 3879 2607 3944 διδασκαλίας,
2641 3879 3046 3932 παυσάσθωσαν
3093 3879 3142 3932 oi
3184 3878 3274 3930 τὸν
3305 3877 3542 3947 ἀριθμὸν
3571 3878 3686 3930 τῶν

2095 3977 2152 4028 ἐν
2201 3972 2417 4046 Χριστῷ
2466 3973 2682 4040 φύσεων
2736 3973 3009 4042 πρόφασιν
3066 3971 3163 4041 τῆς
3211 3970 3419 4032 οἰκείας
3470 3970 3687 4038 πλάνης

2098 4066 2410 4136 ποιούμενοι
2454 4065 2546 4120 καὶ
2593 4063 2672 4132 τῷ
2717 4062 2805 4116 διά
2831 4063 3022 4116 τούτου
3053 4064 3152 4131 τὴν
3414 4062 3690 4132 διαφορὰν

2096 4160 2379 4232 ἀρνεῖσθαι
2412 4159 2674 4228 σύγχυσιν
2705 4159 2947 4225 εἰσάγειν
2969 4143 3394 4226 ἐπιχειροῦντες.
3421 4155 3548 4219 Πῶς
3573 4156 3692 4226 γάρ

2097 4255 2196 4306 οὑκ
2226 4255 2522 4319 ἀναγκαῖος
2549 4249 2782 4321 ἀριθμὸς
2810 4243 2854 4315 ᾧ
2890 4249 2981 4301 ἐπὶ
3013 4248 3259 4320 σημασίᾳ
3290 4250 3389 4319 τῆς
3417 4249 3690 4316 διαφορᾶς

2098 4345 2206 4400 τῶν
2235 4343 2539 4398 ένωθεισῶν
2589 4343 2669 4404 είς
2715 4341 2846 4410 μίαν
2887 4340 3188 4392 ὑπόστασιν
3215 4339 3434 4407 φύσεων
3463 4340 3556 4392 καὶ
3584 4339 3692 4391 οὑκ

2096 4437 2192 4490 ἐπὶ
2237 4439 2302 4507 τῇ
2339 4435 2441 4489 άνά
2470 4435 2635 4504 μέρος
2658 4433 2918 4505 διαιρέσει
2952 4433 3130 4486 αὑτῶν
3169 4434 3216 4484 οἱ
3247 4431 3490 4500 Πστέρες
3523 4433 3698 4500 ἐχρή-

2097 4545 2290 4593 σαντο;
2323 4527 2802 4596 Ἀποδεδειγμένου
2834 4527 3010 4578 τοίνυν
3035 4511 3369 4593 πανταχόθεν
3388 4524 3466 4586 ὼς
3488 4524 3696 4583 άσεῦἐς

2097 4626 2213 4677 ἐστι
2250 4623 2310 4675 τὸ
2337 4621 2516 4689 λέγειν
2548 4620 2676 4690 μίαν
2719 4619 2884 4690 φύσιν
2927 4619 3045 4690 ἦτοι
3090 4618 3278 4670 οὐσίαν
3305 4616 3565 4684 θεότητος
3593 4617 3698 4667 καὶ

2095 4712 2196 4782 τῆς
2229 4711 2430 4780 σαρκὸς
2475 4709 2569 4762 τοῦ
2615 4710 2872 4782 Χριστοῦ,
2906 4711 3126 4761 κάκεῖνο
3160 4706 3393 4776 ἐροῦμεν
3442 4707 3520 4769 ὡς
3566 4706 3696 4758 οὐδὲ

2099 4799 2221 4854 καθ’
2247 4800 2276 4852 ὃ
2303 4801 2434 4868 μίαν
2461 4800 2758 4852 ὑπόστασιν
2785 4798 3015 4868 λέγομεν
3051 4799 3149 4866 τῆς
3177 4797 3431 4868 θεότητος
3463 4797 3560 4852 καὶ
3587 4798 3698 4865 τῆς

2099 4891 2517 4962 άνθρωπὸτητος
2553 4890 2646 4944 τοῦ
2683 4891 2942 4960 Χριστοῦ,
2969 4890 3112 4943 οὕτω
3153 4890 3378 4942 δυνατὸν
3425 4891 3518 4941 καὶ
3559 4889 3699 4958 μίαν

2101 4984 2261 5052 φύσιν
2306 4984 2484 5051 λέγειν
2514 4984 2770 5054 Χριστοῦ,
2801 4981 2988 5050 ἐπειδὴ
3022 4982 3096 5052 μὴ
3125 4981 3382 5034 ταυτὸν⁸⁸
3419 4980 3585 5050 φύσις
3635 4999 3698 5033 τε

2102 5075 2198 5128 καὶ
2225 5076 2539 5136 ὑπόστασις.
2573 5075 2779 5136 Πάντες
2812 5074 2921 5144 γάρ
2958 5075 3007 5125 οἱ
3060 5073 3204 5138 άγιοι
3254 5073 3498 5142 Πατέρες
3553 5089 3702 5138 συμ-

2106 5167 2297 5236 φώνως
2329 5168 2476 5236 ἡμᾶς
2504 5166 2848 5222 διδάσκουσιν
2889 5167 3016 5220 ἄλλο
3060 5162 3201 5219 εἶναι
3254 5165 3417 5234 φύσιν
3453 5165 3574 5234 ἢτοι
3605 5167 3706 5216 οὗ-

2112 5258 2236 5311 σίαν
2260 5258 2352 5310 καὶ
2382 5257 2596 5328 μορφὴν
2627 5259 2720 5310 καὶ
2745 5257 2876 5310 ἄλλο
2908 5258 3204 5310 ὑπόστασιν
3228 5256 3344 5324 ἦτοι
3374 5256 3705 5324 πρόσωπον,

2109 5352 2202 5406 καὶ
2227 5350 2323 5423 τὴν
2353 5351 2450 5420 μὲν
2489 5349 2649 5419 φύσιν
2679 5350 2796 5421 ἤτοι
2822 5351 3011 5403 οὐσίαν
3043 5350 3136 5402 καὶ
3174 5345 3389 5417 μορφὴν
3413 5346 3475 5398 τὸ
3511 5347 3710 5398 κοινῆν

2112 5445 2419 5518 σημαίνειν,
2452 5445 2550 5514 τὴν
2584 5444 2640 5498 δὲ
2671 5443 2966 5496 ὑπόστασιν
3015 5441 3131 5511 ἦτοι
3169 5439 3461 5509 πρόσωπον
3496 5439 3562 5489 τὸ
3598 5439 3712 5490 ἰδι-

2111 5541 2205 5594 κόν
2215 5579 2226 5592 .

1720 5664 1951 5722 VARI/fl
2000 5659 2402 5723 LECTIONES.

497 5760 563 5789 σοι·
593 5757 727 5810 ἀλλὰ
756 5773 859 5810 om.
894 5757 957 5810 Ρ,
1021 5756 1108 5786 "”
1139 5756 1228 5808 καὶ
1264 5773 1370 5809 οιιι.
1404 5754 1467 5808 R.

443 5845 588 5898 τερον
620 5827 731 5890 BV.
810 5828 851 5857 ⁸⁷
887 5826 1174 5898 ἐπιγράφεε
1205 5827 1258 5880 Ρ·

1562 5757 1604 5786 ⁸⁵³
1641 5759 1858 5826 Νύσσης
1895 5762 1955 5812 P.
2031 5761 2075 5791 ⁸⁵
2107 5757 2368 5824 τετάρτῳ,
2411 5750 2487 5819 τῷ
2522 5749 2765 5817 τετάρτῳ
2791 5747 2849 5800 Ρ.
2930 5747 2973 5778 ⁸⁸
2996 5741 3334 5814 τρανώτερον
3367 5741 3426 5809 Ρ,
3461 5739 3526 5794 τὸ
3559 5741 3686 5796 ἐκθεῖ.»

1371 5826 1413 5856 ⁸⁸
1452 5826 1574 5902 μήτ’
1608 5829 1836 5893 αὑτὸνΥ,
1865 5830 1976 5882 οὔτ’
2009 5832 2164 5885 αὐτὸν
2213 5827 2269 5880 l'.
