3856 6342
415 373 519 439 9‘23

1612 364 2050 429 CHRONICON
2085 366 2490 429 PASCHALE.

3582 370 3686 432 92$

410 488 662 543 salutem.
717 484 904 555 Neque
955 485 1102 540 enim
1145 485 1384 539 humana
1433 481 1636 537 Christi
1679 487 1872 534 natura
1906 495 2004 550 per

2112 481 2164 534 ὲν
2199 486 2264 555 τῇ
2295 482 2705 552 ύποστάσειξτοῦ
2737 483 2910 551 Λόγου
2943 483 3040 553 τὴν
3071 481 3245 552 ἀρχὴν
3273 485 3371 552 τῆς
3397 469 3684 554 ὑπάρξεως

409 595 470 634 se
523 577 773 632 absoluto
825 592 1066 645 unquam
1105 576 1325 639 dicitur,
1371 575 1466 629 sed
1496 590 1598 629 nec
1629 589 1780 627 suam
1815 572 1994 627 subsi-

408 670 664 725 stentiam
695 682 791 724 seu
827 683 1116 738 personam
1159 667 1348 722 habuit
1378 683 1391 720 :
1421 666 1516 721 sed
1546 666 1600 719 in
1634 665 1994 720 subsistentia

413 760 504 814 Dei
535 757 718 824 Verbi,
753 769 958 813 natura.
979 759 1215 812 humana
1244 758 1456 812 initium
1493 766 1552 811 ut
1583 766 1745 818 esset,
1769 755 1991 809 habuit:

411 849 556 904 unde
612 849 787 917 ipsum
842 847 1014 902 Deum
1069 848 1306 903 Verbum
1361 845 1771 901 immutabiliter
1818 844 1996 900 homi-

410 955 535 994 nem
575 938 778 992 factum
816 953 939 993 esse
967 938 1316 1004 conﬁtemur,
1349 947 1404 994 et
1458 953 1568 992 non
1606 938 1662 992 in
1715 938 1994 992 hominem

409 1032 698 1102 quemdam
729 1032 980 1097 venisse;
1019 1042 1069 1086 et
1111 1031 1356 1102 ejusdem
1397 1032 1491 1086 Dei
1524 1031 1686 1086 Verbi
1728 1031 1996 1086 incarnati

410 1129 531 1178 esse
580 1123 917 1177 nativitatem
948 1139 1014 1177 ex
1045 1123 1286 1191 Virgine,
1321 1132 1375 1178 et
1398 1133 1620 1193 propter
1638 1124 1741 1178 hoc
1766 1123 1861 1178 Dei
1889 1123 1997 1178 Ge-

410 1214 661 1269 nitricem
709 1223 954 1270 sanetam
997 1215 1289 1284 gloriosam
1327 1231 1540 1284 semper
1573 1215 1849 1285 Virginem
1883 1215 1996 1268 Ma-

412 1306 548 1360 riam
605 1321 746 1362 esse.
779 1306 914 1361 Ideo
943 1315 998 1360 et
1041 1315 1168 1362 ante
1199 1307 1631 1362 incarnationem
1680 1307 1776 1361 Dei
1813 1306 1994 1371 Verbi,

412 1407 466 1453 et
493 1408 616 1468 post
642 1399 762 1469 ejus
799 1399 1257 1461 incarnationem,
1292 1409 1402 1454 tres
1441 1399 1824 1454 subsistentias
1863 1399 2000 1454 dici-

412 1506 536 1544 mus
581 1489 780 1555 Patris,
822 1498 876 1545 et
904 1490 1044 1556 Filii,
1073 1501 1128 1546 et
1169 1491 1413 1562 Spiritus
1453 1492 1650 1546 sancti.
1693 1492 1811 1546 Non
1851 1490 1998 1546 enim

414 1588 602 1635 sancta
659 1580 900 1636 Trinitas
955 1591 1162 1652 quartae
1213 1583 1580 1638 subsistentia:
1618 1582 1705 1637 vel
1755 1597 2003 1652 personat

413 1671 775 1742 adjectioncm
818 1674 1079 1744 suscepit.
1112 1673 1188 1728 Ex
1227 1675 1314 1728 his
1358 1675 1525 1745 igitur
1571 1674 1824 1729 omnibus
1867 1690 2002 1729 eon-

417 1761 710 1815 vincuntur
734 1763 826 1832 qui
852 1762 1062 1828 dicunt,
1099 1770 1228 1818 ante
1258 1764 1559 1818 unitionem
1598 1764 1732 1820 duas
1775 1773 1998 1820 naturas

414 1868 555 1918 esse,
579 1856 725 1923 quod
765 1864 893 1909 ante
953 1854 1277 1924 plasmatum
1333 1856 1525 1911 dicunt
1575 1857 1885 1922 hominem,
1945 1866 2002 1912 et

416 1945 495 2000 sic
549 1945 760 1999 unitum
809 1961 931 2000 esse
983 1945 1093 2002 Deo
1128 1944 1326 2012 Verbo,
1383 1949 1683 2003 secundum
1734 1949 2000 2003 insaniam

418 2032 691 2090 Theodori
737 2045 792 2090 et
834 2035 1070 2091 Nestorii
1101 2037 1413 2106 impiorum.
1448 2036 1552 2103 Qui
1583 2046 1762 2091 autent
1792 2037 1998 2105 dicunt,

418 2126 562 2195 quod
609 2141 718 2180 non
768 2135 984 2196 oportet
1035 2135 1157 2196 post
1203 2127 1467 2181 unitatem
1497 2127 1630 2181 duas
1674 2136 1898 2181 naturas
1948 2128 2002 2182 in

418 2217 656 2282 Christo,
705 2218 798 2272 sed
831 2233 994 2272 unam
1039 2218 1244 2284 dicere,
1281 2219 1656 2273 confusionem
1687 2227 1743 2272 et
1769 2219 2002 2289 phanta-

419 2308 555 2362 siam
603 2309 962 2386 introducunt
1007 2310 1308 2364 secundum
1346 2310 1737 2380 Apollinarium
1793 2319 1847 2364 et
1892 2312 2005 2365 Eu-

423 2398 616 2468 tychen
655 2397 870 2467 impios.
931 2396 1035 2452 Sed
1087 2399 1173 2453 isti
1221 2400 1443 2468 quidem
1486 2401 1621 2454 haec.
1663 2399 1848 2455 Sancti
1876 2417 2007 2456 vero

424 2489 630 2554 Patres,
661 2497 783 2559 post
816 2489 908 2544 Dei
934 2489 1097 2545 Verbi
1131 2491 1566 2547 incarnationem
1599 2493 2008 2549 considerantes

421 2596 506 2646 ca,
537 2597 601 2636 ex
623 2583 821 2650 quibus
848 2582 1104 2637 Christus
1130 2591 1233 2649 est,
1263 2593 1319 2638 et
1339 2585 1484 2652 quod
1520 2584 1819 2640 inconfusae
1850 2601 2007 2639 man-

422 2681 614 2725 serunt
668 2682 896 2738 naturae,
943 2673 1244 2728 rectissime
1287 2674 1423 2728 duas
1471 2686 1717 2740 naturas,
1764 2676 2004 2730 divinam

423 2768 479 2813 et.
521 2760 834 2826 humanam,
873 2761 927 2815 in
985 2761 1203 2816 Christo
1243 2778 1365 2816 esse
1413 2764 1685 2818 dixerunt.
1722 2765 1832 2819 Nec
1859 2766 2008 2820 enim

424 2859 551 2904 ante
592 2850 1025 2906 incarnationem
1056 2853 1177 2906 duae
1211 2863 1420 2908 naturae
1453 2865 1606 2909 erant
1639 2856 1871 2922 Domini,
1908 2873 2012 2912 nec

425 2950 550 3010 post
579 2942 1010 2997 incarnationem
1036 2943 1157 2998 duae
1184 2953 1391 3000 natura:
1418 2961 1523 3000 una
1544 2946 1698 3002 facta:
1720 2958 1870 3012 sunt,
1889 2950 2014 3005 licet

426 3031 482 3084 in
510 3047 617 3086 una
648 3033 1009 3088 subsistentia
1036 3045 1454 3103 cognoscantur.

503 3228 522 3263 ι
559 3209 687 3264 Ilaec
713 3221 895 3265 autem
926 3221 982 3266 et
1023 3226 1089 3266 ex
1125 3211 1323 3266 divinis
1357 3211 1678 3282 Scripturis,
1713 3223 1768 3268 et
1793 3215 2012 3270 Patrum

427 3301 674 3358 doctrina
705 3303 903 3368 edocti,
951 3304 1019 3358 ad
1063 3303 1381 3360 refutandos
1412 3321 1508 3360 eos
1539 3307 1630 3375 qui
1673 3308 2016 3362 confundunt

428 3400 483 3447 ct
533 3394 785 3450 dividunt
823 3395 1022 3450 divinas
1057 3395 1480 3466 dispensationis
1525 3399 1866 3468 mysterium,
1898 3415 2015 3453 me-

430 3484 534 3540 rito
565 3486 906 3556 scripsimus,
940 3496 995 3542 et
1046 3503 1156 3542 non
1186 3504 1249 3544 eo
1273 3490 1416 3558 quod
1451 3491 1792 3546 declaramus
1829 3507 1912 3554 ea,
1950 3506 2017 3546 ex

431 3576 628 3644 quibus
665 3587 770 3643 est,
807 3587 863 3632 ct
888 3578 941 3631 in
975 3579 1174 3647 quibus
1203 3581 1550 3649 cognoscitur
1579 3581 1849 3648 Christus,
1875 3581 2045 3636 “Con--

434 3667 702 3720 fusionem
737 3669 822 3721 vel
851 3670 1177 3724 divisionem
1223 3671 1423 3726 divina:
1463 3673 1852 3742 dispensationi
1885 3676 2030 3740 faci-.

434 3772 576 3810 mus.
627 3759 812 3828 Itaque
858 3760 1304 3830 gloriﬁcationem
1350 3772 1406 3817 et
1444 3764 1709 3820 unitionis
1752 3767 2019 3820 rationem

436 3849 794 3918 proferentes,
819 3867 989 3906 unum
1016 3852 1294 3910 Christum
1326 3862 1382 3909 et
1411 3855 1607 3910 Filium
1627 3866 1681 3912 et
1708 3858 2018 3922 Dominum,

442 3940 676 3997 Verbum
729 3944 822 3999 Dei
855 3945 1194 4000 incarnatum
1227 3957 1283 4002 et
1317 3948 1592 4002 hominem
1611 3949 1836 4004 4actum
1888 3966 2022 4006 con-

437 4034 675 4105 ﬁtemur,
707 4046 763 4091 et
810 4037 1256 4096 adoramusenm
1292 4039 1452 4094 Patre
1481 4050 1534 4095 et
1567 4040 1770 4112 Spiritu
1811 4053 2018 4099 sancto.

441 4125 566 4181 Haec
619 4128 691 4182 ita
745 4144 868 4182 cum
920 4130 1214 4185 universali
1269 4131 1364 4186 Dei
1411 4131 1652 4188 Ecclesia
1700 4134 2072 4190 conﬁtentes'

443 4211 793 4280 [universalis
829 4215 892 4269 D.
939 4216 999 4271 Ε.
1050 4217 1387 4290 conﬁtetur],
1439 4219 1581 4275 scire
1612 4221 1862 4276 volumus
1904 4238 2023 4277 om-

441 4321 541 4360 nes
593 4307 956 4372 Christianos,
987 4310 1132 4378 quod
1184 4310 1324 4366 sicut
1354 4329 1521 4366 unum
1554 4313 1720 4368 Dcum
1752 4323 1805 4368 et
1841 4314 2026 4368 Domi-

447 4411 568 4473 num
609 4399 898 4464 habemus,
938 4401 1009 4454 ita
1043 4395 1099 4456 e't
1144 4417 1308 4456 unam
1341 4403 1523 4457 fidem.
1563 4404 1680 4458 Una
1707 4406 1852 4459 enim
1889 4405 2026 4460 deﬁ-

446 4471 580 4543 nitio
609 4490 730 4545 ﬁdei
766 4500 868 4557 est,
907 4493 1156 4549 conﬁteri
1188 4505 1244 4550 et
1275 4504 1424 4551 recte
1453 4495 1754 4564 glorificare
1788 4497 2022 4564 Patrem,
2054 4470 2103 4528 υ

425 4589 501 4634 ‘et
532 4581 811 4636 Christum
852 4583 1048 4637 Filium
1085 4585 1203 4651 Dei,
1243 4595 1299 4640 et
1341 4586 1604 4656 Spiritum
1632 4597 1904 4642 sanctum.
1945 4589 2026 4646 Is-

2098 575 2483 630 ἐλαϐεν.”Οθεν
2505 574 2668 628 αὐτὸν
2695 573 2788 628 τὸν
2811 573 2944 626 Θεὸν
2967 575 3142 644 Λόγον
3165 575 3452 646 ἀτρέπτως
3474 577 3686 647 ἄνθρω-

2097 685 2200 720 πον
2241 666 2569 736 γεγενῆσθαι
2600 665 2976 736 ὁμολογοῦμεν
3035 667 3125 720 ιιαὶ
3150 667 3250 719 ούκ
3286 667 3370 730 είς
3399 667 3685 738 ἄνθρωπόν

2096 775 2217 811 τινα
2270 757 2433 811 αὑτὸν
2487 757 2824 829 ἐληλυθέναι,
2863 759 2957 811 καὶ
3001 757 3096 810 τοῦ
3136 757 3302 811 αὐτοῦ
3341 758 3478 811 Θεοῦ
3511 759 3688 826 Λόγοι»

2099 846 2480 918 σαρκωθέντος
2523 847 2622 918 τὴν
2668 848 2733 900 ὲκ
2779 847 3058 916 Παρθένου
3104 847 3360 918 γέννησιν
3401 845 3567 912 εἷναι,
3597 851 3692 902 καὶ

2096 939 2187 1004 διὰ
2212 938 2370 992 τοῦτο
2398 938 2660 992 Θεοτόκον
2687 935 2825 992 εἶναι
2859 939 2960 1011 τὴν
2991 940 3154 1008 ἁγίαν
3180 939 3390 1005 ἔνδοξον
3421 943 3688 1010 ’Δειπαρ-

2099 1027 2252 1082 θένον
2285 1029 2524 1100 Μαρίαν.
2543 1029 2644 1082 Διὰ
2663 1028 2824 1082 τοῦτο
2846 1030 2940 1082 καὶ
2969 1029 3074 1101 πρὸ
3104 1031 3202 1100 τῆς
3235 1031 3568 1101 σαρκώσεως
3595 1032 3692 1084 τοῦ

2097 1119 2232 1172 Θεοῦ
2259 1121 2436 1189 Λόγου
2467 1120 2560 1173 καὶ
2589 1121 2728 1191 μετὰ
2755 1121 2854 1190 τὴν
2877 1121 3051 1192 αὐτοῦ
3079 1122 3359 1192 σάρκωσιν
3381 1125 3531 1194 τρεῖς
3555 1123 3690 1174 ὑπο.

2100 1212 2321 1274 στάσει-ς
2355 1210 2606 1281 λέγομεν,
2641 1210 2736 1264 τοῦ
2768 1213 3005 1283 Πατρός,
3033 1213 3130 1268 καὶ
3157 1213 3251 1266 τοῦ
3284 1213 3437 1277 Υίοῦ,
3465 1213 3562 1266 καὶ
3594 1213 3690 1265 τοῦ

2101 1302 2257 1370 ἁγίου
2289 1301 2627 1372 Πνεύματος,
2654 1303 2755 1371 τῆς
2787 1303 2946 1370 ἁγίας
2976 1303 3207 1372 Τριάδος
3238 1302 3508 1373 τετάρτης
3552 1305 3690 1356 ὑπο-

2102 1391 2348 1455 στάσεως
2381 1393 2500 1464 ῆτοι
2544 1391 2838 1464 προσώπου
2871 1392 3192 1464 προσθήκην
3241 1393 3314 1465 μὴ
3361 1394 3690 1463 ἐπιδεξαμέ-

2102 1500 2220 1554 νης.
2238 1485 2332 1536 Ἐκ
2360 1484 2567 1538 τούτων
2595 1484 2776 1538 τοίνυν
2803 1485 3020 1538 πάντων
3049 1484 3417 1554 διελέγχονται
3451 1485 3568 1536 of.”
3601 1485 3690 1538 λέ·

2104 1592 2296 1645 γοντες
2319 1575 2424 1646 πρὸ
2454 1576 2554 1645 τῆς
2583 1575 2829 1639 ὲνώσεως
2857 1576 2951 1628 δύο
2977 1574 3168 1644 φύσεις
3199 1576 3275 1638 ὡς
3306 1577 3690 1645 προῦποστάν-

2103 1683 2174 1721 τα
2199 1666 2451 1735 λέγουσιν
2476 1667 2565 1722 τὸν
2585 1667 2625 1699 ⁸⁸
2659 1667 2966 1739 ἄνθρωπον,
2991 1669 3083 1720 καὶ
3114 1667 3286 1731 οὕτως
3316 1668 3590 1738 ὲνωθῆναι
3613 1670 3692 1738 τῷ

2107 1759 2226 1830 Θεῷ
2253 1759 2431 1830 Λόγῳ,
2456 1759 2599 1812 κατὰ
2627 1759 2726 1829 τὴν
2753 1759 3234 1830 μανίανΘεοδώρου
3269 1759 3363 1812 καὶ
3387 1759 3690 1829 Νεστορίου

2105 1849 2212 1902 τῶν
2246 1849 2478 1914 ἀσεϐῶν,
2501 1849 2556 1902 οἵ
2579 1866 2637 1902 τε
2656 1850 2702 1881 ⁸¹
2729 1849 2979 1917 λέγοντες
3008 1850 3083 1920 μὴ
3118 1850 3311 1920 χρῆναι
3348 1849 3526 1916 λέγειν
3550 1849 3695 1921 μετὰ

2103 1943 2202 2012 τὴν
2248 1941 2441 1994 ἕνωσιν
2469 1941 2562 1994 δύο
2591 1939 2783 2009 φύσεις
2815 1939 2907 1993 ἐπὶ
2939 1939 3201 2011 Χριστοῦ,
3230 1939 3365 1994 ἀλλὰ
3411 1940 3540 2010 μίαν
3589 1941 3694 2009 φύ-

2106 2049 2190 2085 σιν
2209 2031 2256 2064 ⁸³
2308 2034 2408 2086 καὶ
2462 2031 2764 2100 φαντασίαν
2819 2031 3153 2101 εἰσάγοντες,
3198 2030 3694 2102 κατὰἋπολλινά-

2109 2139 2221 2194 ριον
2239 2121 2284 2154 ⁸⁵
2309 2121 2404 2175 καὶ
2449 2121 2694 2191 Εὑτυχέα
2715 2122 2762 2153 ⁸⁵
2787 2121 2916 2184 τοὺς
2965 2121 3205 2184 ἀσεϐεῖς.
3223 2119 3366 2174 Ἀλλ’
3397 2117 3542 2175 οὗτοι
3597 2122 3696 2191 μὲν

2106 2211 2301 2264 ταῦτα.
2332 2212 2394 2264 Ol
2425 2211 2479 2264 δὲ
2506 2210 2651 2278 ἆγιοι
2692 2210 2933 2282 Πατέρες
2963 2212 3102 2282 μετὰ
3137 2212 3236 2283 τὴν
3272 2210 3368 2264 τοῦ
3398 2212 3573 2278 Λόγου
3609 2213 3695 2264 ἑν-

2107 2300 2460 2373 ανθρώπησιν
2510 2302 2888 2374 θεωρήσαντες
2935 2304 3005 2356 τά
3051 2303 3111 2370 ἐξ
3151 2297 3225 2356 ὧν
3253 2305 3281 2356 ό
3308 2303 3566 2373 Χριστὸς,
3599 2305 3695 2356 καὶ

2107 2397 2189 2449 ὅτι
2221 2394 2518 2465 ἀσύγχυτοι
2555 2395 2931 2466 μεμενήκασιν
2963 2397 3016 2448 αί
3049 2396 3262 2464 φύσεις,
3296 2395 3564 2465 ὀρθότατα
3595 2394 3698 2458 τὰς

2107 2483 2200 2536 δύο
2230 2483 2445 2552 φύσεις,
2474 2484 2574 2552 τήν
2605 2501 2662 2536 τε
2695 2483 2847 2537 θείαν
2875 2484 2969 2537 καὶ
2989 2484 3363 2555 ἀνθρωπίνην,
3388 2486 3446 2536 ὲν
3470 2483 3544 2554 τῷ
3567 2485 3702 2552 Χρι-

2111 2575 2222 2646 στῷ
2251 2570 2388 2627 εἷναι
2421 2577 2730 2645 εἰρήκασιν.
2759 2573 2899 2628 Οὔτε
2939 2575 3047 2647 γὰρ
3083 2577 3188 2647 πρὸ
3217 2576 3315 2646 τῆς
3345 2575 3702 2645 ὲνανθρωπή-

2112 2682 2250 2728 σεως
2305 2663 2490 2735 358
2540 2663 2634 2718 δύο
2685 2664 2876 2733 φύσεις
2919 2661 3059 2736 ἦσαν
3108 2664 3202 2718 τοῦ
3245 2664 3473 2736 Κυρίου,
3507 2663 3702 2717 οὖτε⁸⁶

2115 2755 2254 2827 μετά
2281 2756 2381 2826 τὴν
2406 2753 2825 2826 ὲνανθρώπησιν
2850 2758 2905 2810 αἱ
2929 2756 3023 2810 δύο
3053 2755 3152 2828 μία
3180 2757 3496 2827 γεγόνασιν,
3522 2757 3574 2810 εί
3605 2756 3705 2810 καὶ

2113 2848 2173 2900 ὲν
2209 2849 2306 2918 μιᾷ
2339 2847 2637 2901 ὑποστάσει
2667 2847 3050 2918 γνωρίζονται.

2193 3247 2210 3280 ι
2237 3227 2422 3282 Ταῦτα
2448 3227 2503 3281 δὲ
2534 3227 2632 3281 καὶ
2663 3229 2729 3280 ὲκ
2777 3227 2888 3299 τῶν
2923 3227 3083 3284 θείων
3111 3227 3343 3300 Γραφῶν
3377 3228 3474 3282 καὶ
3505 3225 3570 3283 ἐκ
3601 3233 3709 3302 τῆς

2115 3319 2224 3371 τῶν
2257 3319 2516 3390 Πατέρων
2553 3317 2903 3384 διδασκαλίας
2929 3319 3272 3390 διδαχθέντες
3307 3320 3443 3392 πρὸς
3472 3321 3712 3391 ἀνατρο-

2117 3410 2226 3481 πὴν
2277 3411 2387 3464 τῶν
2437 3411 2778 3480 συγχεόντων
2830 3414 2925 3465 κα)⁸
2967 3412 3275 3483 τεμνόντων
3322 3413 3386 3466 τὺ
3428 3414 3526 3484 τῆς
3555 3414 3713 3476 θείας

2117 3499 2428 3572 οίκονομίας
2457 3503 2755 3572 μυστήριον
2769 3502 3012 3574 ,εἰκότως
3038 3502 3387 3572 ἐγράψαμεν,
3419 3505 3513 3556 καὶ
3540 3504 3603 3555 οῦ
3635 3503 3714 3574 τῷ

2121 3594 2442 3664 σαφηνίζειν
2476 3592 2520 3624 ⁸⁷
2552 3593 2618 3645 τὰ
2652 3594 2709 3660 ἐξ
2739 3587 2814 3648 ὧν
2850 3596 2964 3647 ἐστι
2995 3596 3087 3647 καὶ
3115 3597 3172 3649 ὲν
3197 3591 3279 3658 οἷς
3315 3595 3651 3665 γνωρίζεται
3686 3600 3716 3650 ό

2119 3686 2355 3756 Χριστὸς
2409 3685 2668 3756 σύγχυσιν
2713 3687 2744 3756 ἢ
2803 3685 3066 3755 διαίρεσιν
3116 3692 3182 3757 τῇ
3244 3687 3366 3756 θείᾳ
3426 3687 3716 3758 οἰκονομίᾳ

2121 3774 2435 3842 εἰσάγομεν.
2491 3774 2706 3844 Ἀμέλει
2739 3773 3047 3842 δοξολογίαν
3074 3776 3166 3828 καὶ
3197 3775 3286 3827 τὸν
3315 3776 3413 3845 τῆς
3457 3776 3716 3839 ὲνὼσεως

2121 3860 2278 3930 λόγον
2300 3860 2714 3932 προφέροντες³⁸
2740 3860 2837 3915 ἕνα
2863 3860 3095 3932 Χριστὸν
3118 3863 3212 3915 καὶ
3229 3861 3359 3914 Υἰὺν
3385 3863 3481 3915 καὶ
3503 3861 3717 3933 Κύριον

2121 3953 2210 4006 τὸν
2245 3951 2336 4006 τοῦ
2360 3952 2496 4005 Θεοῦ
2541 3953 2714 4020 Λόγον
2770 3952 3189 4023 σεσαρκωμένον
3221 3953 3312 4006 καὶ
3342 3952 3709 4024 ὲνανθρωπὴ-

2125 4061 2295 4098 σαντα
2334 4043 2736 4114 ὑμνολογοῦμέν
2781 4061 2842 4096 τε
2891 4043 2984 4096 καὶ
3034 4043 3449 4114 προσκυνοῦμεν
3493 4044 3592 4097 σὺν
3637 4045 3717 4114 τῷ

2125 4139 2304 4210 Πατρὶ
2334 4138 2429 4190 καὶ
2457 4136 2532 4207 τῷ
2559 4137 2702 4207 ἁγίῳ
2719 4137 3018 4207 Πνεύματι.
3039 4135 3258 4189 Τούτων
3283 4134 3456 4198 οὕτως
3479 4136 3586 4188 ὑπὸ
3615 4137 3720 4206 τῆς

2123 4229 2219 4282 τοῦ
2267 4228 2402 4282 Θεοῦ
2447 4229 2490 4261 ⁸⁸
2533 4228 2831 4298 καθολικῆς
2883 4227 3211 4298 Ἐκκλησίας
3241 4227 3718 4297 ὁμολογουμένων,

2125 4321 2418 4391 γινώσκειν
2459 4320 2758 4392 βουλόμεθα
2797 4321 3004 4383 πάντας
3053 4321 3182 4383 τοὺς
3233 4320 3594 4389 Χριστιανοὺς
3636 4320 3720 4372 ὅτι

2127 4414 2319 4486 ὥσπερ
2349 4414 2445 4472 ’ἐνα
2472 4414 2605 4466 Θεὸν
2645 4413 2741 4466 καὶ
2772 4411 2975 4483 Κύριον
3008 4411 3228 4482 ἔχομεν,
3268 4410 3412 4463 οὕτω
3444 4412 3542 4463 καὶ
3585 4411 3724 4485 μίαν

2129 4507 2332 4559 πίστιν.
2361 4499 2456 4566 Εἷς
2475 4505 2584 4574 γάρ
2620 4505 2767 4556 ἐστιν
2790 4504 2914 4573 ὅρος
2947 4502 3188 4564 πίστεως
3213 4501 3273 4553 τὸ
3301 4499 3588 4570 ὁμολογεῖν
3621 4502 3724 4553 καὶ

2125 4597 2302 4669 ὀρθῶς
2335 4595 2579 4660 δοξάζειν
2615 4593 2832 4664 Πατέρα
2866 4593 2961 4647 καὶ
3018 4592 3256 4664 Χριστὸν
3300 4592 3390 4644 τὸν
3445 4591 3576 4643 Υίδν
3619 4591 3724 4643 τοῦ

3819 0 3842 438 l

450 4679 556 4725 tam
589 4672 989 4729 confessionem
1019 4691 1432 4742 conservamus,
1476 4679 1528 4732 in
1559 4696 1662 4749 qua
1691 4689 1747 4733 et
1771 4681 2006 4750 baptizat

2127 4682 2263 4736 Θεοῦ
2299 4685 2392 4735 καὶ
2424 4682 2578 4749 ἆγιον
2615 4679 2858 4750 Πνεῦμα.
2896 4677 3114 4749 Ταύτην
3144 4679 3245 4749 τὴν
3286 4676 3581 4746 ὁμολογίαν
3613 4693 3726 4744 φυ-

448 4779 658 4828 sumus,
699 4765 956 4821 donatam
983 4769 1200 4838 quidem
1233 4784 1262 4823 a
1295 4787 1488 4840 magno
1527 4771 1632 4825 Deo
1663 4782 1718 4825 et
1753 4770 2006 4827 Salvatort

2128 4765 2449 4844 λάττομεν,
2482 4775 2562 4835 εἰς
2606 4773 2672 4844 ἢν
2727 4773 2822 4824 καὶ
2881 4769 3322 4840 ἐϐαπτίσθημεν,
3379 4767 3727 4838 δωρηθεῖσαν

447 4865 637 4912 nostro
683 4857 809 4913 Jesu
849 4859 1064 4915 Christo
1115 4863 1316 4917 sanctis
1363 4864 1476 4918 suis
1519 4865 1798 4933 discipulis
1827 4875 1881 4919 et
1899 4880 2002 4935 apo

2136 4865 2233 4934 μὲν
2287 4863 2439 4932 παρὰ
2487 4861 2581 4915 τοῦ
2631 4861 2868 4930 μεγάλου
2922 4860 3060 4914 Θεοῦ
3119 4861 3214 4914 καὶ
3263 4859 3512 4930 Σωτῆρος
3561 4861 3728 4930 mi.qu

449 4949 622 5014 stolis,
671 4951 739 5005 ab
793 4952 872 5007 eis
929 4962 1110 5007 autem
1160 4955 1504 5023 przudicatam
1552 4957 1605 5008 in
1661 4965 1774 5010 toto
1809 4959 2006 5011 mundo

2147 4955 2320 5025 Ἰησοῦ
2376 4953 2616 5024 Χριστοῦ
2677 4955 2792 5015 τοῖς
2847 4952 3025 5020 ἁγίοις
3081 4951 3248 5005 αὐτοῦ
3305 4949 3576 5022 μαθηταῖς
3629 4952 3731 5003 καὶ

451 5036 706 5096 Trecenti
735 5052 918 5098 autem
950 5045 1138 5100 decem
1164 5055 1218 5099 et
1245 5056 1368 5101 octo
1405 5049 1574 5104 sancti
1607 5048 1790 5102 Patres
1819 5050 2006 5104 collect

2134 5047 2472 5108 ἀποστόλοις,
2500 5046 2632 5116 παρ’
2661 5043 2842 5097 αὐτῶν
2880 5043 2938 5096 δὲ
2976 5041 3347 5114 κηρυχθεῖσαν
3391 5044 3449 5094 ὲν
3487 5042 3599 5111 ὅλῳ
3630 5031 3717 5110 τῷ

453 5131 508 5186 in
530 5132 712 5188 Nicaea
746 5136 1011 5192 adversus
1066 5139 1281 5205 Arium,
1328 5141 1418 5194 illo
1451 5157 1574 5194 cum
1618 5158 1716 5196 sua
1758 5143 2006 5212 impietat

2134 5139 2346 5212 κόσμῳ.
2389 5139 2452 5190 Oi
2479 5137 2537 5190 δὲ
2579 5143 2645 5188 τι¹
2673 5136 2770 5188 καὶ
2802 5134 2852 5206 η’
2875 5135 2921 5168 ⁸⁸
2955 5135 3102 5203 ἆγιοι
3133 5134 3178 5168 ⁸⁸
3209 5133 3452 5204 Πατέρες
3490 5135 3540 5186 oi
3592 5151 3731 5186 συν-

455 5223 830 5296 condemnato,
866 5231 1114 5286 eamdem
1167 5232 1606 5298 confessionem,
1649 5235 1699 5289 id
1753 5246 1856 5299 est,
1906 5251 2003 5290 sat

2136 5233 2393 5303 αχθέντες
2423 5233 2480 5284 ὲν
2494 5229 2698 5301 Νικαίᾳ
2717 5228 2858 5283 κατὰ
2871 5227 3108 5304 Ἀρείου,
3137 5227 3232 5282 καὶ
3251 5225 3441 5282 τοῦτον
3463 5227 3606 5299 μετὰ
3624 5229 3733 5297 τῆς

1751 5412 1984 5470 VAlile
2027 5410 2414 5468 LECTiONES

575 5555 624 5588 ⁸ο
654 5557 707 5632 οἳ
740 5571 859 5632 om.
1017 5556 1094 5632 _“
1126 5557 1444 5632 τὸνριῃίί).
1542 5561 1587 5592 ⁸³
1617 5564 1664 5615 οἱ
1693 5563 1752 5616 δὲ
1782 5561 1890 5617 PV.
1985 5564 2004 5593 ⁸

2112 5564 2241 5616 ύσιν.
2277 5561 2536 5630 σύγχυσιν
2553 5559 2618 5632 ξ,
2679 5627 2690 5632 _
2715 5557 2762 5589 “
2796 5529 3165 5628 ’Λπολινάριον
3192 5559 3300 5632 PV.
3391 5561 3443 5594 ⁸⁸
3463 5562 3734 5629 Εῦτυχὲα,

463 5623 738 5702 Εὐτυχέτα
765 5630 875 5682 cod.
900 5626 1076 5702 Vatia.
1112 5643 1186 5702 nt.
1219 5629 1278 5702 Ρ.
1307 5630 1421 5686 Mea
1451 5642 1700 5702 excerpta
1735 5641 1934 5686 tacent.
1969 5633 2006 5685 N

2115 5634 2294 5702 minus
2319 5623 2527 5702 rectum
2553 5627 2844 5702 Εὐτύχητα
2857 5641 3024 5702 quam
3055 5623 3322 5702 Εὐτυχέα.
3398 5633 3447 5665 ⁸⁸
3471 5623 3736 5691 ούδὲῬΥ.

461 5694 677 5821 :an
710 5694 1065 5768 σαφηνίζειν
1144 5698 1188 5733 ⁸⁸
1229 5701 1382 5769 λόγον
1409 5702 1464 5755 δὲ
1522 5694 1887 5772 πρόφέροντες
1920 5703 1955 5756 Ρ
1988 5719 2006 5756 ε

2112 5742 2120 5757 .
2198 5701 2243 5734 ⁸⁸
2275 5701 2365 5755 τοῦ
2398 5699 2530 5752 Θεοῦ
2555 5714 2663 5753 om.
2694 5694 2765 5752 PI
2827 5694 2950 5751 Μθ’τ’
2995 5701 3087 5756 καὶ
3130 5694 3273 5773 ιη”Ῥ
3298 5703 3431 5759 sola.
3509 5704 3556 5734 °'
3585 5703 3733 5768 ἅγιοι
