3856 6342
88 428 221 494 925

80 634 236 705 ἢτοι
262 635 311 668 ⁸³
343 634 614 705 σύμϐολον
658 633 752 687 καὶ
790 632 1023 704 μάθημα
1062 633 1162 705 τῆς
1188 635 1425 702 πίστεως
1455 636 1691 708 παραδε-

84 725 324 779 δώκασι
351 728 418 797 τῇ
453 726 583 797 ἁγίᾳ
610 725 704 779 τοῦ
741 724 878 779 Θεοῦ
925 725 1238 798 Ἐκκλησία,
1276 727 1369 780 καὶ
1399 728 1517 797 μετ’
1552 727 1695 781 ὲκεί-

88 832 241 878 νους
272 816 329 869 οἱ
371 821 447 886 ρν’
483 814 629 884 ἆγιοι
658 814 906 888 Πατέρες
950 817 1002 871 oi
1045 818 1404 889 συναχθέντες
1447 821 1507 873 ὲν
1540 820 1695 873 Κων-

92 905 563 959 σταντινουπόλει
617 905 760 961 κατὰ
825 906 1158 961 Μακεδονίαν
1227 907 1324 961 τοῦ
1390 925 1696 980 πνευματο-

94 997 301 1067 μὰχου
332 997 426 1048 καὶ
450 996 674 1065 Μάγνου
700 996 793 1050 τοῦ
810 996 1341 1071 ’Δπολλιναριστοῦ⁹³
1360 998 1451 1052 καὶ
1474 997 1698 1063 τούτους

92 1087 590 1152 καταδικάσαντες
626 1087 765 1159 μετὰ
799 1090 899 1159 τῆς
939 1088 1119 1144 αὐτῶν
1156 1088 1433 1155 ἁσεσείας,
1470 1089 1699 1143 ἀκολου-

96 1180 342 1242 θοῦντές
376 1197 435 1232 τε
459 1179 601 1233 κατὰ
636 1178 816 1234 πάντα
854 1179 931 1250 τῷ
960 1180 1110 1252 αύτῷ
1148 1181 1292 1253 ἁγίῳ
1325 1180 1582 1253 συμϐόλῳ
1620 1180 1699 1252 τῷ

98 1272 273 1342 παρὰ
323 1270 432 1323 τῶν
469 1277 577 1342 τιη¹
616 1269 791 1338 ἁγίων
822 1271 1082 1342 Πατέρων
1120 1270 1505 1343 παραδοθέντι,
1537 1270 1701 1341 ἐτρά-

100 1378 306 1416 νωσαν
346 1359 416 1414 τὰ
446 1361 575 1430 περὶ
595 1359 644 1391 ³⁸
669 1358 772 1429 τῆς
807 1358 1063 1427 θεότητος
1104 1358 1198 1413 τοῦ
1239 1358 1398 1428 ἁγίου
1444 1357 1700 1428 Πνεύμα-

100 1470 229 1516 τος.
268 1452 393 1505 Ἔτι
421 1451 477 1504 δὲ
500 1451 594 1504 καὶ
633 1451 682 1504 οί
721 1452 781 1504 έν
819 1449 1031 1519 Ἐφέσῳ
1073 1449 1433 1520 συναχθέντες
1468 1447 1529 1501 τὸ
1569 1447 1702 1519 πρό-

103 1558 282 1615 τερον
300 1541 448 1609 ἁγιοι
489 1541 537 1574 ’³
584 1540 826 1610 Πατέρες
863 1538 1008 1592 κατὰ
1049 1538 1346 1609 Νεστορίου
1392 1536 1487 1591 τοῦ
1512 1537 1705 1590 δυσσε-

106 1631 252 1694 ϐοῦς
282 1631 378 1684 καὶ
398 1632 448 1684 oi
489 1632 549 1684 έν
576 1628 885 1702 Χαλκηδόνι
915 1628 1062 1697 ἆγιοι
1092 1629 1335 1700 Πατέρες
1359 1626 1499 1682 κατὰ
1535 1629 1707 1680 Εύτυο

108 1722 256 1794 χοῦς
292 1722 389 1775 τοῦ
419 1720 735 1787 δυσσεϐοῦς,
767 1720 1231 1791 ἀκολουθήσαντες
1260 1719 1400 1774 κατὰ
1431 1720 1606 1775 πάντα
1626 1718 1706 1790 τῷ

107 1814 405 1886 εἰρημένῳ
431 1813 572 1883 ἁγίῳ
588 1812 842 1885 συμϐόλῳ
868 1814 989 1885 ἦτοι
1020 1812 1308 1885 μαθήματι
1324 1814 1423 1884 τῆς
1446 1812 1700 1876 πίστεως,

110 1903 490 1958 κατεδίκασαν
512 1903 640 1967 τοὺς
665 1900 1100 1974 προειρημένους
1112 1904 1422 1974 αίρετικοὺς
1439 1902 1580 1973 μετὰ
1606 1902 1704 1972 τῆς
1737 1888 1779 1944 Β

108 1994 313 2049 αὐτῶν
340 1994 599 2059 ἀσεϐείας
627 1996 723 2049 καὶ¹
753 1994 862 2049 τῶν
892 1994 963 2050 τὰ
1003 1994 1169 2066 ὅμοια
1190 1994 1375 2062 αὐτοῖς
1403 1994 1708 2067 φρονησάν-

110 2105 232 2143 των
264 2087 301 2156 ﬁ
338 2086 710 2158 φρονούντων.

200 2180 349 2234 «Καὶ
371 2179 512 2249 πρὸς
554 2178 768 2244 τούτοις
798 2178 1197 2252 ἀνεθεμάτισαν
1219 2181 1348 2245 τοὺς
1366 2180 1453 2235 ἔτι
1462 2197 1552 2252 ρον
1584 2180 1709 2252 ὅρον

112 2271 367 2334 πίστεως
411 2272 532 2342 ἢτοι
558 2270 834 2341 Σύμόολον
881 2272 975 2326 καὶ
1013 2271 1264 2344 Μαθημα
1316 2273 1710 2345 παραδιδόντας

112 2363 237 2424 τοῖς
272 2360 597 2431 προσιοῦσιν
634 2360 714 2433 τῷ
758 2362 900 2435 ἁγίῳ
941 2362 1278 2434 βαπτίσματι
1311 2362 1344 2435 ἢ
1393 2363 1452 2430 ιε
1491 2363 1607 2426 οἵας
1644 2362 1707 2434 δή

116 2469 257 2507 ποτε
294 2452 342 2484 ’⁸
375 2450 647 2523 αἱρέσεως
692 2452 1083 2522 ἐπιστρέφουσι
1136 2451 1289 2522 παρὰ
1333 2451 1425 2506 τὸν
1472 2451 1710 2522 παραδο-

115 2544 312 2610 θέντα,
355 2537 431 2605 ὠέ
452 2543 694 2613 εἴρηται,
728 2543 834 2596 ύπδ
859 2543 965 2597 τῶν
994 2550 1059 2597 τι¹
1091 2543 1185 2597 καὶ
1208 2543 1258 2616 η’
1275 2543 1320 2577 ⁸⁷
1356 2544 1526 2612 ἁγίων
1546 2542 1713 2615 359

116 2635 391 2706 Πατέρων
437 2634 536 2689 καὶ
581 2633 927 2705 τρανωθέντα
955 2633 1059 2688 ὑπὸ
1108 2634 1217 2688 τῶν
1275 2631 1350 2705 ρν⁹
1378 2635 1550 2704 ἁγίων
1597 2636 1711 2690 Πα-

115 2726 324 2799 τέρων.

200 2834 221 2870 ι
252 2815 478 2870 Τούτων
523 2814 696 2880 οὕτως
720 2818 954 2887 ἐχόντων
985 2817 1304 2890 συνείδαμεν
1338 2818 1386 2852 ⁸⁸
1407 2819 1502 2873 καὶ
1536 2817 1711 2889 κεφά-

116 2912 252 2964 λαια
290 2906 594 2975 ὑποτάξαι,
622 2909 724 2981 τήν
744 2925 806 2962 τε
830 2909 928 2980 τῆς
957 2909 1125 2982 ὀρθῆς
1155 2910 1390 2975 πίστεως
1421 2909 1713 2981 ὁμολογίαν

119 3004 179 3057 έν
214 3000 474 3071 συντόμῳ
519 3000 622 3071 τήν
660 3017 721 3054 τε
760 2999 870 3054 τῶν
915 3002 960 3034 ⁸⁸
994 3001 1287 3073 αίρετικῶν
1333 3001 1658 3072 κατάκρισιν
1692 2999 1710 3032 ¹

122 3092 481 3166 περιέχοντα.

197 3203 219 3236 ι
249 3184 323 3238 Εἰ
341 3200 428 3247 τις
449 3183 587 3254 οὐχ¹
616 3183 872 3255 ὁμολογεῖ
900 3182 1115 3257 Πατέρα
1136 3185 1233 3240 καὶ
1269 3184 1400 3240 Υίδν
1430 3184 1525 3241 καὶ
1555 3184 1710 3254 ἅγιον
1738 3214 1783 3274 c

120 3275 379 3347 Πνεῦμα,
434 3275 646 3347 Τριὰδα
707 3275 1014 3348 όμοούσιον,
1063 3276 1196 3348 μίαν
1241 3276 1494 3347 θεότητα,
1541 3278 1710 3349 ἤγουν

122 3368 293 3436 φύσιν
341 3368 438 3422 καὶ
475 3367 686 3433 οὐσίαν,
725 3368 858 3439 μίαν
887 3386 949 3422 τε
981 3368 1212 3439 δύναμιν
1242 3369 1338 3424 καὶ
1376 3368 1625 3437 ἐξουσίαν
1654 3370 1713 3426 ἐν

119 3459 313 3535 τρισὶν
343 3457 747 3526 ύποστάσεσιν,
790 3459 959 3529 ἧγουν
1005 3459 1340 3543 προσώποις,
1374 3476 1712 3531 προσκυνου-

125 3548 328 3620 μένην,
357 3548 389 3601 ό
410 3547 653 3612 τοιοῦτος
678 3546 924 3621 ἀνάθεμα
954 3549 1117 3604 ἔστω.

199 3640 309 3695 «Εἰ
324 3657 412 3703 τις
432 3641 535 3711 οὐχ
557 3640 810 3712 ὁμολογεῖ
844 3642 937 3695 τὸν
975 3641 1085 3714 πρὸ
1113 3641 1326 3698 αίὼνων
1355 3644 1451 3698 καὶ
1469 3641 1715 3715 ἁχρόνως

126 3732 191 3787 ὲκ
218 3729 324 3786 τοῦ
359 3731 576 3803 Πατρός
612 3730 946 3801 γεννηθέντα
976 3732 1110 3789 Θεὸν
1139 3733 1334 3803 Λόγον,
1354 3733 1441 3788 ἔπ’
1470 3734 1715 3804 ἐσχάτων

124 3818 237 3874 τῶν
254 3819 489 3891 ἡμερῶν
521 3819 874 3891 σαρκωθέντα
905 3820 969 3873 ὲκ
1002 3821 1102 3892 τῆς
1142 3822 1300 3890 ἁγίας
1328 3822 1591 3877 Θεοτόκου
1623 3822 1715 3877 καί

139 3909 531 3981 ’Δειπαρθένου
557 3910 777 3976 Μαρίας
818 3913 913 3966 καὶ
933 3911 1220 3984 ἄνθρωπον
1251 3912 1559 3984 γενόμενον,
1589 3930 1715 3982 γεν-

128 4001 363 4070 νηθέντα
405 4000 469 4067 ἐξ
505 4001 701 4073 αὐτῆς,
741 4002 839 4057 καὶ
877 4001 967 4055 διὰ
1007 4001 1171 4057 τοῦτο
1215 4001 1311 4057 τοῦ
1347 4001 1514 4057 αὐτοῦ
1540 4002 1717 4057 θεοῦ³

131 4093 307 4162 Λόγου
338 4089 481 4148 εἶναι
516 4094 618 4160 τὰς
660 4094 756 4149 δύο
783 4096 1087 4167 γεννήσεις,
1134 4095 1235 4169 τήν
1268 4111 1329 4148 τε
1369 4094 1476 4165 πρὸ
1505 4094 1718 4151 αἰώνων

132 4182 444 4255 ἁτωμάτως
478 4184 574 4239 καὶ
599 4184 700 4256 τὴν
740 4184 828 4238 ἔπ’
865 4184 1112 4256 ἐσχάτων
1152 4183 1262 4239 τῶν
1304 4183 1530 4257 ἡμερῶν
1579 4183 1720 4239 κατὰ

139 4276 343 4349 σάρκα,
376 4277 407 4332 ό
431 4275 674 4345 τοιοῦτος
690 4278 942 4351 ἀνάθεμα
959 4277 1120 4336 ἔστω.

858 500 861 503 λ
1300 433 1735 497 CHRONICON
1792 436 2197 507 PASCHALE.
2438 522 2455 540 ⁴

80 542 282 599 αὐτοῦ
307 543 560 611 ἀσεϐείας
584 541 1068 612 καταδικάσαντες,
1088 544 1188 617 τὴν
1198 545 1368 618 αὐτὴν
1395 547 1684 619 ὁμολογίαν
1714 551 1738 608 Α

1822 559 1934 604 tum
1956 548 2226 604 Mathema
2247 555 2304 602 et
2330 544 2647 619 Symbolum
2668 545 2791 602 ﬁdei
2815 546 3155 603 tradiderunt
3175 558 3376 605 sancta

3269 437 3372 501 995

1794 635 1891 690 Dei
1926 635 2220 701 Ecclesiae;
2259 643 2314 689 et
2364 641 2492 704 post
2537 633 2680 699 illos,
2733 641 2954 692 centum
2986 635 3376 707 quinquaginta

1795 725 1968 782 sancti
1991 724 2182 781 Patres
2228 723 2705 795 Constantinopoli
2738 724 2949 780 collecti
2980 725 3240 781 adversus
3263 724 3375 781 Ma-

1795 816 2086 873 cedonium
2121 825 2311 871 sancto
2339 815 2567 886 Spiritui
2596 824 3012 887 repugnantem,
3045 824 3100 871 et
3124 815 3377 887 Magnum

1795 906 2262 977 Apollinaristam,
2304 906 2410 960 illis
2454 905 2833 961 condemnatis
2855 895 2979 960 cum
3009 922 3105 961 sua
3129 907 3376 978 perﬁdia,

1798 998 1970 1053 secuti
2000 1013 2097 1069 per
2120 1000 2299 1052 omnia
2330 997 2473 1054 idem
2503 1006 2751 1053 sanctum
2776 996 3089 1068 Symbolum
3116 999 3375 1055 traditum

1796 1105 1829 1146 a
1859 1090 2116 1153 trecentis
2139 1090 2324 1145 decem
2353 1098 2407 1145 et
2437 1099 2563 1146 octo
2591 1089 2795 1145 sanctis
2816 1090 3088 1158 Patrihus,
3119 1090 3379 1161 explana-

1798 1191 1999 1238 verunt
2023 1199 2145 1252 qua:
2166 1190 2295 1237 sunt
2323 1180 2466 1255 [quae
2490 1192 2618 1236 sunt
2646 1183 2850 1247 desunt,
2882 1192 2929 1236 et
2958 1184 3102 1255 apud
3134 1182 3379 1256 Lemni]

1799 1273 1868 1328 de
1939 1272 2142 1327 deitate
2198 1273 2369 1328 sancti
2420 1270 2678 1342 Spiritus.
2726 1271 2953 1342 insuper
2986 1281 3167 1327 autem
3203 1279 3253 1326 el
3288 1273 3380 1344 qui

1800 1366 1859 1421 in
1886 1356 2106 1434 Epheso
2147 1363 2300 1435 prius
2332 1363 2546 1419 collecti
2590 1372 2719 1418 sunt
2766 1363 2937 1418 sancti
2972 1360 3155 1417 Patres
3185 1363 3381 1418 adver-

1801 1469 1895 1510 sus
1926 1454 2240 1511 Nestorium
2278 1453 2525 1524 impium,
2563 1461 2618 1509 et
2646 1452 2738 1523 qui
2775 1453 2830 1507 in
2869 1452 3214 1508 Chalcedone
3247 1468 3382 1508 con-

1802 1553 2078 1601 venerunt
2113 1546 2286 1600 sancti
2338 1543 2525 1600 Patres
2570 1545 2834 1600 adversus
2866 1544 3164 1615 Eutychem
3193 1542 3383 1616 [Euty-

1803 1652 1925 1694 cen.
1963 1637 2040 1692 sic
2067 1635 2218 1709 alibi]
2242 1636 2691 1707 impium,.secuti
2720 1651 2816 1706 per
2848 1635 3031 1690 omnia
3064 1635 3382 1707 praedictum

1803 1739 2052 1786 sanctum
2102 1727 2418 1801 Symbolum
2472 1728 2588 1784 sive
2631 1727 2900 1782 Mathema
2936 1726 3084 1793 ﬁdei,
3127 1726 3384 1782 condem-

1805 1828 2077 1876 naverunt
2120 1820 2409 1890 praedictos
2442 1818 2728 1874 haereticos
2761 1834 2867 1873 una
2901 1834 3026 1873 cum
3057 1833 3246 1874 eorum
3280 1818 3385 1872 im-

1808 1912 2028 1983 pietate.
2064 1918 2121 1967 et
2148 1892 2368 1984 hosu[et
2411 1910 2517 1982 his]
2549 1910 2645 1982 qui
2678 1909 2880 1966 similia
2921 1910 3031 1966 illis
3062 1917 3381 1980 sapuerunt,

1806 2003 2160 2085 vel_sapiunt.

1810 2196 1813 2201 '
1884 2204 1902 2236 ι
1935 2183 2002 2239 Et
2029 2198 2194 2254 super
2211 2182 2328 2238 haec
2347 2179 2948 2239 anathematizaverunt
2970 2197 3084 2248 eos,
3108 2180 3200 2252 qui
3225 2182 3385 2237 aliam

1808 2270 2184 2326 deﬁnitionem
2232 2269 2393 2336 ﬁdei,
2444 2269 2560 2326 sive
2598 2268 2935 2342 Symbolum,
2975 2269 3088 2325 sive
3119 2268 3387 2324 Mathema

1810 2363 2034 2419 tradunt
2076 2361 2464 2418 accedentibus
2500 2361 2567 2416 ad
2598 2372 2846 2417 sanctum
2888 2360 3177 2431 baptisma,
3208 2361 3293 2415 vel
3321 2375 3388 2415 ex

1808 2468 2132 2526 quacunque
2161 2453 2354 2510 haeresi
2391 2452 2690 2518 conversis,
2715 2461 2912 2523 praeter
2942 2452 3195 2507 traditum
3225 2452 3390 2521 (sicut

1809 2546 2013 2602 dictum
2043 2545 2147 2615 est)
2185 2560 2216 2599 a
2256 2543 2517 2600 trecentis
2554 2543 2744 2600 decem
2791 2552 2847 2598 et
2876 2551 3001 2598 octo
3042 2543 3245 2597 sanctis
3284 2541 3387 2597 Pa-

1811 2638 2005 2709 trihus,
2030 2647 2084 2693 et
2113 2636 2461 2708 explanatum
2506 2650 2540 2692 a
2579 2644 2801 2692 centum
2838 2634 3232 2707 quinquaginta
3261 2649 3390 2689 san-

1810 2730 1913 2785 ctis
1928 2728 2209 2784 Patrihus.

1888 2840 1907 2874 ι
1949 2819 2042 2877 His
2078 2820 2153 2876 ita
2185 2835 2244 2876 se
2286 2819 2638 2885 habentibus,
2674 2817 3053 2889 perspeximus
3081 2826 3136 2873 et
3157 2817 3392 2887 capitula

1812 2926 2145 2984 supponere,
2202 2913 2403 2983 quibus
2459 2921 2568 2966 tam
2630 2919 2791 2965 rectae
2821 2908 2946 2965 ﬁdei
3006 2908 3393 2979 compendiosa

1812 3005 2105 3073 confessio,
2149 3019 2312 3076 quam
2355 3002 2736 3059 haereticorum
2787 2999 3171 3058 condemnatio
3213 2999 3395 3063 conti-

1812 3104 1994 3151 nctur.

1890 3204 1910 3237 ι
1947 3182 1987 3239 1.
2023 3183 2079 3239 Si
2113 3184 2236 3253 quis
2259 3198 2371 3237 non
2401 3180 2691 3237 conﬁtetur
2717 3179 2955 3243 Patrem,
2990 3188 3044 3234 et
3072 3178 3265 3234 Filium
3287 3220 3302 3243 ,
3342 3191 3396 3234 et

1817 3276 2082 3348 Spiritum
2136 3283 2417 3338 sanctum,
2477 3271 2796 3326 Trinitatem
2850 3269 3390 3333 consubstantialem,

1812 3383 1974 3425 unam
2020 3365 2299 3430 deitatem,
2360 3379 2454 3419 seu
2491 3370 2772 3423 naturam,
2810 3371 2865 3415 et
2909 3359 3292 3425 substantiam,
3337 3370 3395 3415 et

1814 3472 1979 3512 unam
2007 3456 2263 3512 virtutem
2299 3460 2354 3506 et
2382 3458 2706 3520 potestatem
2745 3447 2799 3501 in
2829 3447 3003 3502 tribus
3027 3446 3395 3502 subsistentiis

1814 3532 1909 3605 seu
1942 3543 2189 3618 personis
2211 3541 2562 3602 adorandam,
2592 3539 2716 3594 talis
2748 3536 3037 3593 anathema
3069 3536 3160 3593 sit.

1888 3658 1908 3692 ι
1944 3638 2009 3693 ιι.
2059 3636 2115 3692 Si
2141 3636 2265 3706 quis
2303 3649 2410 3688 non
2436 3632 2729 3687 conﬁtetur
2756 3645 2902 3695 cum,
2934 3631 3024 3699 qui
3050 3638 3176 3683 ante
3202 3628 3397 3683 saecula

1815 3740 1873 3787 et
1897 3729 2015 3785 sine
2045 3736 2291 3796 tempore
2327 3740 2395 3780 ex
2436 3722 2601 3778 Patre
2631 3731 2792 3777 natus
2821 3730 2926 3788 est,
2962 3720 3129 3775 Deum
3160 3719 3397 3774 Verhutn
3482 3784 3489 3791 Ι

1818 3824 1871 3878 in
1914 3821 2118 3877 ultimis
2147 3820 2343 3875 diebus
2375 3815 2726 3873 descendisse
2760 3815 2827 3870 de
2859 3813 3031 3877 caelis,
3064 3822 3120 3869 et
3148 3812 3400 3867 incarna-

1819 3924 1933 3969 tum
1979 3928 2102 3969 esse
2134 3911 2203 3967 de
2244 3918 2430 3965 sancta
2460 3907 2690 3979 gloriosa
2724 3906 2817 3961 Dei
2853 3904 3128 3961 Genitrice
3157 3913 3212 3960 et
3254 3919 3401 3959 sem-

1817 4021 1915 4077 per
1945 4004 2163 4076 Virgine
2192 4002 2378 4066 Maria,
2415 4010 2470 4055 et
2495 3999 2773 4054 hominem
2809 3997 3035 4061 factum,
3064 4005 3252 4049 natum
3280 4008 3402 4050 esse

1817 4114 1884 4154 ex
1912 4099 2048 4168 ipsa,
2070 4106 2126 4151 et
2159 4104 2381 4165 prOpter
2409 4092 2511 4146 hoc
2536 4090 2778 4160 ejusdem
2816 4086 2908 4142 Dei
2935 4086 3092 4141 Verbi
3125 4085 3259 4141 duas
3279 4098 3402 4139 esse

1817 4189 2149 4253 nativitates,
2181 4200 2298 4241 eam
2334 4197 2460 4253 qum
2492 4190 2575 4238 est
2606 4181 2659 4235 in
2701 4178 2905 4235 ultimis
2951 4177 3145 4233 diebus
3181 4175 3403 4249 [nativi-

1820 4291 1979 4346 tates,
2013 4262 2135 4350 quae
2161 4286 2247 4333 est
2272 4282 2401 4330 ante
2438 4272 2637 4328 smcula
2668 4270 3158 4342 incorporabiliter,
3192 4279 3246 4325 et
3282 4285 3404 4340 qua:

1784 4382 1907 4431 .est
1951 4373 2005 4426 in
2039 4371 2137 4429 ult.
2190 4369 2267 4423 sic
2304 4368 2466 4422 etiam
2521 4361 2763 4436 Leuncl.]
2818 4363 3117 4419 secundum
3159 4378 3402 4428 carnem,

1824 4460 1944 4518 talis
1976 4458 2266 4515 anathema
2297 4456 2386 4511 sit.

206 4562 227 4596 ε
249 4542 324 4597 Et
346 4558 432 4605 τις
447 4541 597 4612 λέγει
627 4542 784 4598 ἄλλον
807 4537 947 4597 εἶναι
970 4544 1063 4599 τὸν
1096 4543 1229 4599 Θεὸν
1256 4544 1429 4615 Λόγον
1460 4545 1552 4600 τὸν
1600 4544 1723 4600 θαυ-

1901 4570 1921 4604 ι
1956 4548 2041 4605 lll.
2084 4548 2141 4604 Si
2171 4548 2292 4620 quis
2325 4545 2456 4602 dicit
2498 4544 2663 4600 alium
2697 4557 2816 4599 esse
2848 4542 3019 4597 Deum
3044 4539 3281 4595 Verbum
3311 4538 3403 4609 qui

142 4635 604 4707 ματουργήσαντα
625 4634 719 4690 καὶ
755 4634 915 4689 ἄλλον
934 4636 1027 4689 τὸν
1059 4637 1299 4708 Χριστὸν
1327 4637 1420 4692 τὸν
1451 4637 1718 4703 παθόντα,

138 4724 295 4799 ἢτδν
333 4723 470 4779 Θεὸν
501 4724 675 4793 Λόγον
708 4727 950 4781 συνεῖναι
987 4725 1138 4796 λέγει
1173 4726 1251 4798 τῷ
1282 4726 1524 4799 Χριστῷ,
1565 4743 1721 4796 γενο-

142 4812 285 4887 μένῳ
321 4815 387 4868 ὲκ
425 4815 712 4883 γυναικὸς,
752 4815 788 4886 ἢ
846 4817 906 4869 ὲν
950 4815 1102 4888 αύτῷ
1157 4812 1300 4870 εἶναι
1345 4816 1422 4880 ὡς
1465 4814 1625 4871 ἄλλον
1662 4817 1722 4870 ὲν

126 4905 303 4978 ἄλλῳ,
340 4904 454 4962 ἀλλ’
500 4906 623 4977 οὐχὶ
651 4907 746 4961 ἕνα
793 4907 889 4961 καὶ
916 4908 939 4940 δ
977 4908 1070 4962 τὸν
1103 4908 1266 4962 αὐτὸν
1311 4907 1518 4980 Κύριον
1565 4906 1721 4980 ἡμῶν

138 4994 349 5067 Ἰησοῦν
368 4997 605 5068 Χριστὸν
642 4997 734 5052 τὸν
754 4997 848 5052 τοῦ
883 4998 1019 5052 Θεοῦ
1048 4998 1221 5068 Λόγον
1245 4998 1598 5071 σαρκωθέντα
1626 5000 1723 5053 καί⁵

142 5088 658 5159 ἑνανθρωπήσαντα,
692 5091 784 5145 καί
816 5089 911 5153 τοῦ
936 5090 1102 5146 αὑτοῦ
1139 5091 1209 5145 τά
1252 5107 1313 5144 τε
1353 5089 1610 5162 θαύματα
1631 5092 1725 5145 καὶ

141 5180 207 5235 τὰ
238 5180 418 5254 πάθη,
446 5181 588 5255 ἅπερ
621 5183 884 5248 ἑκουσίως
921 5182 1187 5254 ὑπέμεινε
1220 5184 1406 5255 σαρκὶ,
1437 5184 1466 5238 ό
1485 5181 1726 5247 τοιοῦτος

144 5271 391 5344 ἀνάθεμα
414 5273 573 5329 έστω.

213 5366 320 5421 σει
344 5382 431 5430 τις
456 5366 604 5437 λέγει
637 5368 777 5423 κατὰ
798 5369 977 5441 χάριν,
1011 5369 1045 5440 ἦ
1074 5369 1196 5424 κατ’
1218 5368 1518 5441 ἐνέργειαν,
1548 5369 1581 5441 ἢ
1604 5368 1725 5423 κατ’

153 5455 319 5523 ἀξίαν,
358 5457 389 5524 ἢ
421 5461 541 5512 κατ’
572 5461 862 5530 ἰσοτιμίαν,
902 5460 1080 5531 ἦκατ’
1104 5460 1412 5527 αύθεντίαν,
1450 5460 1483 5531 ἢ
1522 5462 1725 5530 ἀναφο-

1820 4641 2080 4699 miracula
2129 4648 2387 4712 operatus
2417 4646 2522 4704 est,
2554 4645 2611 4692 et
2646 4635 2812 4691 alium
2862 4633 3133 4689 Christum
3164 4631 3254 4702 qui
3278 4646 3403 4701 pas-

1818 4751 1916 4791 sus
1951 4743 2058 4799 est,
2080 4741 2173 4788 aut
2220 4732 2351 4788 dicit
2389 4729 2560 4785 Deum
2599 4728 2835 4784 Verbum
2882 4741 3005 4782 cum
3030 4723 3249 4779 Christo
3284 4738 3408 4779 esse

1817 4836 2080 4885 nascente
2127 4842 2192 4881 ex
2236 4823 2488 4888 muliere,
2527 4821 2612 4877 vel
2647 4821 2700 4875 in
2733 4820 2852 4891 ipso
2884 4833 3005 4874 esse
3039 4826 3293 4887 tanquam
3322 4815 3405 4870 al-

1819 4927 1996 4975 terum
2035 4918 2088 4973 in
2118 4917 2308 4979 altero,
2342 4913 2457 4970 sed.
2489 4929 2596 4968 non
2630 4928 2795 4966 unum
2830 4910 3189 4978 eamdemque
3226 4906 3407 4961 Domi-

1823 5022 1953 5063 num
1984 5014 2231 5061 nostrum
2273 5001 2458 5057 Iesum
2499 5000 2802 5064 Christum,
2842 4996 3011 5052 Deum
3049 4994 3287 5051 Verbum
3323 4995 3407 5048 in-

1822 5106 2106 5155 carnatum
2137 5104 2194 5151 et
2244 5093 2523 5149 hominem
2568 5091 2800 5153 factum,
2843 5098 2899 5144 et
2944 5088 3188 5158 ejusdem
3235 5087 3409 5158 ipsius

1823 5188 2083 5246 miracula
2107 5194 2164 5243 et
2198 5184 2501 5257 passiones,
2540 5198 2675 5254 quas
2707 5196 2870 5237 carne
2901 5191 3094 5252 sponte
3124 5179 3407 5235 sustinuit.

1826 5281 1949 5337 talis
1976 5280 2267 5335 anathema
2290 5277 2380 5332 sit.
3214 5276 3225 5289 '

1909 5390 1928 5424 ι
1976 5366 2063 5430 I'V.
2099 5368 2157 5424 Si
2192 5368 2314 5439 quis
2343 5367 2474 5423 dicit
2501 5366 2800 5423 secundum
2826 5365 3074 5439 gratiam,
3098 5366 3184 5422 vel
3212 5380 3409 5422 secun-

1833 5464 1962 5519 dum
2025 5462 2421 5533 operationem,
2470 5460 2556 5516 vel
2611 5459 2911 5516 secundum
2949 5459 3286 5531 dignitatem,
3325 5455 3411 5511 vel

1440 5619 1673 5676 VARUE
1716 5617 2123 5678 LECTIONES.

215 5713 318 5786 ’τῆ
372 5714 415 5786 Ρ
460 5717 595 5771 sola.

162 5784 202 5819 ’⁸
226 5784 545 5841 συνοίδαμεν
570 5787 630 5841 Ρ.

200 5854 286 5917 καὶ
305 5870 418 5911 om.
441 5854 501 5912 Ρ.

732 5788 779 5820 ’³
822 5787 931 5843 τῶν
952 5784 1062 5843 om.
1101 5784 1160 5840 P.

695 5715 1228 5799 "n'Anolwaptg‘roﬁ
1270 5713 1394 5799 μιν.
1437 5716 1518 5798 ’⁸⁸
1576 5715 1726 5786 περί.
1754 5715 1907 5799 παρὰ
1947 5712 2180 5799 Ρν.Μςε
2215 5710 2577 5799 οίιᾶγιοι
2618 5710 2810 5799 ’ξοῖες
2846 5707 2979 5799 ποτέ
2998 5707 3131 5799 El:
3147 5699 3406 5799 ’Ἐφ’

1270 5785 1284 5816 ¹
1317 5781 1666 5856 κατάκρισινξ
1694 5781 2030 5858 παράκρισιν
2062 5781 2171 5841 PV.
2266 5785 2286 5815 ’
2311 5781 2411 5837 οὐκ
2460 5782 2496 5837 γ
2526 5782 2613 5839 hic
2643 5798 2695 5837 et
2730 5781 2812 5836 l5.

2949 5777 2970 5809 ³
2998 5773 3133 5829 Θεοῦ
3185 5787 3300 5830 om.
3334 5772 3400 5828 ι’.
