3856 6342
530 352 631 419 927

1721 361 2155 423 CIIRONICON
2196 365 2596 434 PASCHALE.

3667 379 3743 440 938

529 464 832 518 secundum
869 465 1230 535 aequalitatem
1285 467 1525 531 honoris,
1559 471 1644 524 vel
1680 473 1978 526 secundum
2009 488 2083 526 aui

2212 475 2331 544 ράν,
2363 477 2396 548 ἢ
2429 479 2633 550 σχέσιν,
2671 479 2703 550 ἦ
2736 481 2966 552 δύναμιν
2988 482 3088 556 τὴν
3103 483 3296 538 ἕνωσιν
3328 484 3422 539 τοῦ
3451 485 3580 539 Θεοῦ
3602 489 3742 556 Λόγου

531 555 857 620 ctdritatem,
887 556 972 611 vel
998 553 1340 624 relationem,
1373 559 1458 614 vel
1500 559 1776 628 aﬂectum,
1816 563 1900 619 vel
1933 564 2107 620 virtu-

533 653 663 710 tem,
695 647 997 702 unitionem
1025 647 1119 704 Dei
1144 648 1304 705 Verbi
1330 651 1398 706 ad
1429 653 1706 708 hominem
1732 654 1928 710 factam
1961 671 2104 727 esse,

523 738 621 819 vel
671 739 970 794 secundum
1021 740 1444 814 homonymiam,
1489 759 1585 814 per
1603 762 1766 816 quam
1800 747 2106 804 Nestoriani

525 831 586 884 'et
643 829 811 884 Deum
851 831 1089 886 Verbum
1121 844 1379 890 vocantes
1419 836 1696 894 Christum
1724 849 1780 894 et
1827 841 2104 898 hominem
2143 899 2147 904 .

522 909 819 990 separatim
886 923 1165 980 Christum
1228 927 1608 998 nominantes,
1666 932 1781 987 solo
1837 936 2103 991 vocabulo

527 1028 698 1068 unum
752 1013 1031 1071 Christum
1079 1017 1314 1074 dicunt:
1354 1029 1449 1075 aut
1498 1021 1546 1078 si
1590 1023 1711 1092 quis
1755 1041 1852 1095 per
1902 1027 2100 1083 bonam

523 1103 858 1159 voluntatem
882 1106 1017 1162 dicit
1042 1109 1344 1166 umtionem
1376 1111 1573 1167 factam
1597 1129 1740 1180 esse,
1765 1116 1905 1184 sicut
1930 1117 2103 1174 Theo-

521 1194 688 1251 dorus
740 1197 1033 1254 haereticus
1089 1199 1225 1270 ipsis
1272 1202 1452 1258 verbis
1497 1204 1660 1270 dicit,
1701 1209 1854 1276 quasi
1899 1210 2103 1278 placuit

522 1279 634 1342 Deo
657 1287 836 1364 Verbo
882 1289 1066 1357 homo,
1117 1307 1182 1347 eo
1223 1294 1368 1363 quod
1417 1295 1557 1350 bene
1587 1297 1760 1352 visum
1813 1310 1893 1355 est
1943 1302 1993 1356 ei
2032 1304 2099 1358 de

520 1373 660 1443 ipso,
707 1376 802 1430 sed
855 1393 964 1432 non
1011 1380 1312 1440 secundum
1353 1383 1760 1438 subsistentiam
1810 1387 1903 1441 Dei
1937 1386 2099 1445 Verbi

519 1466 587 1521 ad
634 1483 853 1523 carnem
900 1470 1200 1526 animatum
1245 1475 1425 1528 anima
1479 1474 1725 1530 rationali
1783 1489 1837 1533 et
1884 1479 2097 1536 intelle-

520 1558 688 1612 ctuali
716 1559 1019 1614 unitionem
1049 1564 1359 1630 conﬁtetur,
1400 1574 1453 1619 et
1481 1566 1602 1621 ideo
1629 1584 1788 1624 unam
1823 1571 1939 1641 eius
1968 1573 2098 1628 sub-

521 1648 824 1705 sistentiam
860 1654 1214 1724 compositam
1253 1671 1396 1720 esse,
1438 1658 1560 1713 talis
1588 1661 1876 1716 anathema
1907 1664 1997 1718 sit.

595 1759 613 1792 ι
655 1739 716 1794 V.
763 1741 961 1812 Siquis
1004 1760 1102 1814 per
1144 1746 1484 1813 relationem,
1540 1758 1634 1804 aut
1690 1753 1948 1820 abusive,
2000 1755 2093 1811 Dei

2208 565 2344 636 πρὸς
2370 567 2659 639 ἄνθρωπον
2682 572 3034 642 γιγενῆσθαι,
3062 573 3096 643 ἦ
3124 573 3247 627 καθ’
3274 577 3610 646 ὁμωνυμίαν,
3650 581 3743 632 καθ’

2203 655 2272 727 ἣν
2319 659 2368 711 ol
2417 659 2794 731 Νεστοριανοὶ,
2842 663 2932 716 καὶ
2979 663 3070 717 τὸν
3107 664 3242 720 Θεὸν
3273 669 3294 698 ⁵
3324 666 3496 736 Λόγον
3523 670 3742 738 Χριστὸν⁸

2204 746 2518 815 καλοῦντες,
2573 753 2668 805 καὶ
2715 752 2808 806 τὸν
2859 754 3146 826 ἄνθρωπον
3184 760 3603 829 κεχωρισμένως
3637 762 3741 832 Χρι-

2204 840 2328 892 στὸν
2353 840 2733 911 ὀνομάζοντες,
2772 844 2914 899 κατὰ
2947 845 3116 917 μόνην
3147 848 3249 918 τὴν
3280 851 3644 920 προσηγορίαν
3669 853 3743 905 ἕνα

2202 929 2439 1001 Χριστὸν
2472 931 2744 1000 λέγοντες,
2794 934 2827 1006 ἢ
2867 935 2921 988 εῐ
2953 953 3036 998 τις
3065 936 3216 1006 λέγει
3248 941 3370 993 κατ’
3399 941 3641 996 εὐδοκίαν
3666 945 3743 1015 τὴν

2171 1053 2176 1068 ε
2200 1017 2393 1074 ἕνωσιν
2425 1021 2776 1091 γεγενῆσθαι,
2813 1023 2998 1090 καθὼς
3019 1025 3296 1101 Θεόδωρος
3321 1032 3349 1083 ό
3375 1031 3642 1103 αίρετικδς
3664 1036 3742 1087 αὖ·

2197 1113 2320 1175 ταῖς
2342 1111 2519 1177 λέξεσι
2577 1114 2746 1182 λέγει,
2775 1115 2852 1180 ὠς
2889 1118 3211 1188 άρεσθέντος
3244 1121 3338 1175 τοῦ
3377 1122 3515 1178 Θεοῦ
3548 1126 3705 1194 Λόγω
3727 1127 3742 1158 '

2197 1199 2292 1252 τοῦ
2323 1201 2613 1272 ἀνθρώπου
2653 1205 2761 1257 ἀπὸ
2789 1205 2884 1258 τοῦ
2914 1203 2971 1260 εὖ
2997 1209 3089 1261 καὶ
3111 1209 3250 1263 καλὰ
3284 1211 3431 1279 δόξαι
3471 1215 3616 1285 αὐτῷ
3641 1218 3746 1288 περὶ

2199 1290 2388 1352 αὐτοῦ,
2436 1291 2553 1346 ἀλλ’
2601 1294 2724 1364 ούχὶ
2768 1295 2894 1348 καθ’
2934 1297 3230 1354 ὑπόστασιν
3271 1301 3365 1354 τοῦ
3420 1303 3556 1357 Θεοῦ
3598 1307 3744 1375 Λόγον

2199 1381 2334 1451 πρὸς
2369 1383 2466 1454 τὴν
2505 1383 2704 1456 σάρκα,
2737 1387 3124 1467 ⁸ὲιζιυχωμένην
3163 1391 3187 1424 ⁸
3240 1393 3385 1464 ψυχῇ
3433 1395 3621 1467 λογικῇ
3667 1399 3746 1450 καὶ

2197 1475 2378 1544 νοερᾷ,
2407 1474 2506 1544 τὴν
2539 1457 3036 1548 ἓνωσινκόμολογεί,
3064 1457 3160 1534 καὶ
3188 1457 3279 1536 διά
3317 1457 3478 1538 τοῦτο
3507 1457 3639 1556 hic;
3666 1489 3746 1540 αύ-

2195 1563 2289 1615 τοῦ
2340 1565 2438 1634 τὴν
2484 1567 2780 1622 ὑπόστασιν
2827 1569 3100 1639 σύνθετον,
3148 1575 3176 1627 ό
3231 1575 3472 1640 τοιοῦτος
3527 1579 3746 1649 ἀνάθεμα

2196 1650 2356 1706 ἔστω.

2274 1743 2372 1796 «Εἴ
2397 1762 2479 1808 τις
2505 1747 2641 1800 κατὰ
2664 1749 2943 1822 ἀναφορὰν
2975 1753 3007 1823 ἦ
3040 1758 3495 1826 καταχρηστικῶς
3510 1759 3747 1814 Θεοτόκον

517 1831 849 1888 Genitricem
893 1835 1026 1890 dicit
1058 1848 1300 1892 sanctam
1345 1840 1633 1912 gloriosam
1673 1859 1888 1916 semper
1916 1846 2083 1920 Virgi-

2197 1833 2344 1904 λέγει
2371 1836 2469 1908 τὴν
2503 1839 2666 1908 ἁγίαν
2708 1840 2915 1906 ἔνδοξον
2935 1843 3323 1916 ’Λειπαρθένον
3370 1850 3591 1920 Μαρίαν
3617 1853 3648 1924 ἢ
3676 1854 3747 1906 άν-

515 1940 640 1979 nem
685 1925 926 1994 Mariam,
967 1941 1060 1984 aut
1111 1930 1349 1986 hominis
1397 1934 1738 2003 genitricem,
1789 1947 1883 1994 aut
1933 1939 2093 1996 Chri-

515 2023 784 2082 stotocon,
823 2029 1078 2090 tanquam
1103 2021 1321 2077 Christo
1361 2023 1474 2079 Deo
1505 2043 1616 2081 non
1646 2029 1965 2095 exsistente,
1997 2034 2093 2090 sed

516 2123 623 2160 non
652 2109 870 2179 proprie
893 2117 948 2164 et
973 2125 1098 2165 vere
1115 2112 1207 2166 Dei
1231 2113 1563 2170 Genitricem
1587 2117 1758 2186 ipsam
1778 2121 2088 2190 conﬁtetur,

513 2213 580 2250 eo
608 2200 750 2268 quod
796 2200 909 2270 ipse
955 2202 1046 2271 qui
1096 2212 1223 2258 ante
1265 2205 1460 2266 saecula
1507 2223 1572 2262 ex
1614 2207 1774 2264 Patre
1808 2221 1970 2268 natus
2009 2224 2094 2270 est

513 2288 658 2344 Deus
687 2290 947 2357 Verbum,
984 2293 1038 2348 in
1081 2294 1287 2352 ultimis
1323 2297 1516 2353 diebus
1537 2314 1601 2353 ex
1632 2301 1745 2370 ipsa
1780 2302 2092 2361 incarnatus

510 2387 566 2434 et
593 2389 755 2436 natus
783 2390 886 2447 est,
921 2383 1044 2438 talis
1072 2375 1364 2444 anathema
1395 2387 1485 2442 sit.

585 2488 604 2522 ι
645 2469 726 2527 Vl.
767 2471 821 2526 Si
852 2474 975 2542 quis
1031 2490 1142 2530 non
1183 2477 1474 2533 conﬁtetur
1505 2479 1792 2536 Dominum
1844 2496 2090 2542 nostrum

507 2559 695 2617 Jesum
751 2561 1028 2622 Christum
1087 2569 1180 2638 qui
1224 2585 1388 2625 carne
1441 2573 1731 2629 crucifixus
1775 2584 1877 2643 est,
1920 2577 2090 2634 Deum

507 2668 628 2710 esse
661 2671 869 2721 verum,
903 2667 958 2713 et
983 2659 1271 2715 Dominum
1303 2662 1509 2732 gloriaa,
1536 2673 1778 2721 etunum
1809 2669 1877 2724 de
1905 2681 2092 2726 sancta

508 2743 794 2812 Trinitate,
830 2750 951 2804 talis
979 2752 1268 2807 anathema
1295 2755 1384 2808 sit.

584 2856 603 2889 ι
643 2836 758 2892 Vll.
795 2838 852 2894 Si
892 2841 1016 2910 quis
1051 2843 1104 2896 in
1129 2843 1339 2900 duabus
1367 2849 1574 2904 naturis
1607 2850 1795 2907 dicens
1820 2869 1930 2909 non
1968 2865 2090 2911 tan-

505 2945 668 2998 quam
728 2931 782 2986 in
835 2932 1042 2990 deitate
1099 2945 1152 2990 et
1197 2937 1537 2996 humanitate
1581 2958 1748 2998 unum
1798 2945 2088 3020 Dominum

504 3031 753 3077 nostrum
787 3023 978 3080 Jesum
1014 3025 1316 3096 Christum,
1355 3031 1525 3086 Deum
1561 3033 1798 3091 Verbum
1836 3039 2089 3096 incarna-

2195 1921 2542 1994 θρωποτόκον
2568 1925 2600 1996 ἢ
2630 1926 2990 1998 Χριστοτόκον
3017 1932 3180 2004 360
3202 1934 3277 1998 ὼς
3307 1936 3400 1990 τοῦ
3427 1921 3657 2010 Χριστοῦ
3686 1942 3746 2009 μὴ

2192 2013 2357 2078 ὄντος·
2377 2015 2533 2081 Θεοῦ,
2563 2017 2697 2072 ἀλλὰ
2735 2020 2809 2093 μὴ
2840 2023 3041 2093 κυρίως
3070 2027 3163 2078 καὶ
3199 2027 3318 2079 κατ’
3349 2029 3610 2100 ἀλήθειαν
3635 2032 3745 2086 Θεοο

2191 2105 2352 2160 τόκον
2390 2107 2560 2179 αυτὴν
2583 2109 2856 2180 ὁμολογεῖ,
2891 2113 2977 2168 διὰ
3001 2117 3061 2168 τὸ
3086 2120 3178 2170 τὸν
3208 2119 3314 2190 πρὸ
3345 2122 3562 2178 αίὼνων
3593 2127 3654 2178 ὲκ
3671 2125 3747 2180 τοῦ

2193 2197 2409 2270 Πατρδς
2446 2200 2777 2271 γεννηθέντα
2814 2203 2948 2258 Θεὸν
3007 2208 3177 2276 Λόγον
3223 2213 3309 2263 ἐπ’
3364 2213 3610 2283 ἐσχάτων
3656 2217 3750 2268 τῶν

2191 2288 2418 2358 ἡμερῶν
2470 2290 2530 2355 ἐξ
2579 2292 2753 2363 αὐτῆς
2787 2297 3135 2367 σαρκωθῆναι
3187 2302 3280 2354 καὶ
3333 2305 3688 2376 γεννηθῆναι,
3726 2309 3751 2360 6

2190 2380 2433 2446 τοιοῦτος
2462 2383 2710 2454 ἀνάθεμα
2741 2385 2903 2443 ἔστω.

2272 2472 2373 2526 ιΕτ
2423 2491 2508 2537 τις
2531 2475 2628 2546 οὐχ
2655 2478 2676 2509 ⁸
2722 2478 2978 2547 ὁμολογεί
3022 2482 3112 2536 τὸν
3155 2486 3575 2557 ἐσταυρωμένον
3607 2491 3754 2562 σαρκὶ

2191 2562 2397 2635 Κύριον
2436 2565 2595 2635 ἡμῶν
2651 2569 2858 2638 Ἰησοῦν
2895 2572 3291 2653 Χριστὸηθεδν
3328 2574 3469 2632 εἶναι
3518 2581 3752 2651 ἀληθινὸν

2191 2655 2284 2706 καὶ
2315 2653 2518 2727 Κύριον
2552 2657 2652 2727 τῆς
2683 2658 2839 2729 δόξης
2871 2662 3096 2736 καὶοὲνα
3145 2665 3243 2735 τῆς
3277 2667 3441 2735 ἁγίας
3466 2670 3709 2742 Τριάδος,
3729 2673 3754 2724 ὁ

2189 2743 2430 2808 τοιοῦτος
2460 2747 2707 2819 ἀνάθεμα
2730 2749 2889 2804 ἔστω.

2270 2835 2368 2890 «Et
2390 2855 2471 2901 τις
2500 2841 2558 2891 ὲν
2585 2839 2706 2893 δυσὶ
2736 2841 2929 2910 φύσεσι
2963 2844 3134 2916 λέγων
3161 2847 3234 2919 μὴ
3258 2849 3334 2913 ὼς
3363 2851 3422 2905 ὲν
3440 2851 3654 2926 θεότητι
3672 2857 3755 2909 καὶ

2189 2925 2248 2978 ὲν
2278 2927 2662 3000 ἀνθρωπότητι
2707 2933 2750 2964 ¹⁰
2797 2933 2889 2986 τὸν
2948 2935 3044 2989 ἕνα
3098 2937 3302 3010 Κύριον
3363 2943 3521 3013 ἡμῶν
3561 2925 3754 3016 Ἰησοῦν

2189 3017 2423 3088 Χριστὸν
2444 3020 2534 3074 τὸν
2570 3023 2664 3078 τοῦ
2698 3025 2833 3080 Θεοῦ
2872 3027 3044 3097 Λόγον
3100 3033 3452 3103 σαρκωθέντα
3489 3039 3752 3108 ὁμολογεῖ,

506 3119 619 3167 tum
661 3114 971 3181 conﬁtetur,
1016 3133 1118 3173 nec
1165 3119 1231 3175 ad
1278 3121 1686 3192 signiﬁcandam
1723 3127 2083 3187 diﬁ‘ercntiam

2197 3109 2330 3197 μηξὲ
2374 3111 2468 3164 ἐπὶ
2519 3113 2596 3183 τῷ
2637 3118 2880 3186 σημᾶναι
2928 3120 3029 3191 τὴν
3065 3121 3328 3194 διαφορὰν
3374 3126 3484 3180 τῶν
3529 3129 3752 3197 φύσεων,

504 3212 846 3272 naturarum,
881 3222 947 3262 ex
968 3209 1166 3278 quibus
1195 3215 1530 3283 compositus
1557 3226 1662 3283 est,
1697 3221 1791 3274 sed
1819 3237 1920 3291 pro
1947 3224 2084 3279 divi-

501 3292 656 3347 sione
686 3307 784 3362 per
821 3304 1052 3364 partem,
1096 3298 1256 3353 talem
1289 3301 1493 3372 excipit
1520 3320 1708 3360 vocem
1740 3306 1792 3361 in
1826 3312 2084 3379 mysterio

500 3382 724 3452 Christi,
762 3389 916 3458 quasi
973 3392 1264 3461 separatim
1319 3410 1642 3466 unaquaque
1687 3411 1879 3456 natura
1927 3417 2081 3459 suam

501 3475 736 3532 habente
779 3480 1210 3548 subsistentiam,
1253 3483 1394 3540 sicut
1446 3485 1768 3546 Theodorus
1803 3501 1860 3548 et
1888 3493 2082 3550 Nesto-

501 3570 614 3622 rius
644 3570 1182 3640 blasphemaverunt,
1210 3575 1329 3631 talis
1354 3578 1644 3635 anathema
1672 3583 1760 3637 sit.

575 3679 595 3711 ι
637 3659 774 3716 Vill.
807 3661 861 3715 Si
885 3663 1010 3731 quis
1040 3663 1094 3716 in
1127 3681 1237 3719 uno
1269 3666 1500 3724 Domino
1533 3669 1664 3726 .lesu
1691 3672 1933 3738 Christo.
1977 3679 2082 3735 hoc

499 3762 603 3816 est,
643 3753 756 3808 Deo
785 3753 962 3810 Verbo
1012 3754 1314 3820 incarnato,
1355 3775 1645 3817 numerum
1678 3767 1950 3824 conﬁtens
1979 3786 2078 3825 na-

501 3851 766 3909 turarum,
798 3861 906 3900 non
939 3846 1219 3902 intellectu
1244 3849 1609 3906 differentiam
1641 3870 1851 3923 earum,
1873 3875 1938 3914 ex
1959 3863 2080 3930 qui.-

496 3935 600 3991 hus
637 3946 693 3992 et
718 3939 1053 4008 compositus
1079 3950 1182 4006 est,
1206 3943 1423 4014 excipit,
1457 3955 1645 4016 utpote
1676 3964 1786 4004 non
1815 3951 2077 4009 interem-

496 4037 644 4098 ptam
682 4039 904 4100 pr0pter
935 4033 1218 4098 unitatem,
1253 4036 1347 4092 sed
1387 4053 1484 4106 pro
1511 4035 1780 4098 divisione
1821 4060 1917 4115 per
1950 4062 2078 4117 par-

496 4127 606 4176 tem
642 4137 871 4178 numero
899 4125 1090 4192 utitur,
1121 4127 1244 4182 talis
1273 4129 1566 4186 anathema
1597 4132 1688 4189 sit.

571 4312 591 4346 ι
638 4292 732 4348 ιΧ.
782 4293 839 4350 Si
869 4297 992 4367 quis
1033 4297 1221 4354 dicens
1264 4317 1427 4356 unam
1476 4311 1728 4360 naturam
1779 4306 1872 4362 Dei
1913 4309 2072 4364 Verbi

494 4385 849 4455 incarnatam,
896 4406 1006 4444 non
1040 4391 1116 4446 sic
1148 4392 1251 4446 hoc
1296 4393 1568 4466 intelligit,
1617 4397 1761 4467 quod
1791 4416 1858 4455 ex
1887 4401 2070 4457 divina

2187 3200 2245 3266 ἐξ
2265 3193 2340 3255 ὧν
2365 3202 2460 3256 καὶ
2493 3207 2776 3278 συνετέθη,
2812 3208 2927 3261 ἀλλ’
2955 3211 3047 3263 ἐπὶ
3081 3193 3343 3282 διαιρέσει
3367 3218 3434 3288 τῇ
3467 3193 3577 3272 ἀνά
3604 3220 3755 3290 μέρος

2181 3291 2280 3364 τὴν
2330 3293 2586 3366 τοιαύτην
2624 3296 2893 3368 λαμϐάνει
2937 3301 3122 3372 φωνὴν
3165 3303 3257 3355 ἐπὶ
3309 3304 3404 3358 τοῦ
3450 3309 3598 3360 κατὰ
3639 3310 3753 3379 Χρι-

2184 3385 2307 3438 στὸν
2359 3388 2681 3459 μυστηρίου,
2726 3390 2802 3454 ὡς
2845 3395 3251 3464 κεχωρισμένας
3285 3396 3381 3449 καὶ
3419 3398 3753 3453 ίδιοῦποστά-

2181 3493 2309 3541 τους
2333 3473 2473 3531 εἶναι
2519 3481 2616 3542 τὰς
2654 3482 2869 3549 φύσεις,
2913 3483 3097 3548 καθὼς
3129 3485 3402 3557 Θεόδωρος
3433 3492 3531 3544 καὶ
3560 3491 3751 3546 Νεστό-

2185 3587 2296 3641 ριος
2329 3571 2766 3642 βλασφημοῦσιν,
2807 3576 2835 3628 ό
2868 3575 3109 3642 τοιοῦτος
3138 3578 3385 3650 ἀνάθεμα
3429 3581 3596 3636 ἔστω.

2262 3667 2360 3719 (Et
2383 3684 2468 3729 τις
2486 3667 2579 3719 ἐπὶ
2601 3667 2693 3720 τοῦ
2719 3668 2836 3732 ἐνὸς
2861 3669 3066 3739 Κυρίου
3096 3671 3254 3742 ἡμῶν
3283 3672 3461 3743 Ἰησοῦ
3489 3674 3756 3745 Χριστοῦ,

2181 3760 2459 3814 τουτέστιν
2490 3760 2583 3814 τοῦ
2612 3761 2990 3832 σαρκωθέντος
3019 3762 3154 3816 Θεοῦ
3182 3763 3380 3834 Λόγου,
3414 3766 3507 3818 τὸν
3534 3767 3756 3838 ἀριθμὸν

2178 3849 2288 3903 τῶν
2315 3849 2526 3918 φύσεων
2557 3851 2837 3921 ὁμολογῶν
2879 3851 2954 3924 μὴ
2993 3854 3062 3925 τῇ
3105 3852 3310 3924 θεωρίᾳ
3353 3855 3454 3926 τὴν
3502 3857 3756 3929 διαςοράν

2178 3940 2384 3995 τούτων
2428 3943 2486 4009 ἐξ
2533 3937 2609 3997 ὧν
2664 3945 2760 3998 καὶ
2807 3944 3064 4017 συνετέθη
3101 3946 3390 4016 λαμϐάνει,
3436 3948 3512 4012 ὡς
3560 3951 3755 4014 ταύτης

2177 4033 2277 4086 οῦκ
2299 4034 2650 4108 ἀνῃρημένης
2671 4034 2758 4089 διὰ
2773 4034 2872 4106 τὴν
2897 4035 3240 4097 ἒνωσιν,ἀλλ’
3272 4037 3365 4090 ἐπὶ
3397 4039 3676 4109 διαιρέσει
3715 4033 3750 4062 ¹¹

2177 4125 2244 4194 τῇ
2287 4123 2392 4177 ἀνὰ
2441 4124 2606 4194 μέρος
2642 4125 2720 4196 τῷ
2755 4124 2976 4197 ἀριθμῷ
3023 4124 3309 4198 κέχρηται,
3350 4128 3378 4180 ὀ
3411 4127 3477 4159 ¹¹⁶
3519 4128 3756 4189 τοιοῦτος

2177 4219 2425 4288 ἀνάθεμα
2449 4217 2609 4274 ἔστω.

2253 4309 2354 4365 «Εἴ
2382 4328 2467 4374 τις
2505 4311 2682 4380 λέγων
2713 4311 2842 4382 μίαν
2871 4311 3032 4382 φύσιν
3054 4311 3150 4367 τοῦ
3184 4311 3320 4366 Θεοῦ
3346 4313 3525 4383 Λόγου
3565 4331 3756 4384 σεσαρ-

2176 4400 2454 4472 κωμὲνην,
2478 4403 2575 4472 οὐχ
2601 4401 2773 4467 οὕτως
2803 4403 2936 4456 αὐτὸ
2957 4402 3309 4474 ἐκλαμϐάνει,
3347 4405 3421 4468 ὡς
3452 4404 3535 4458 ὅτι
3568 4408 3636 4459 ὲκ
3659 4405 3755 4475 τῆς

491 4486 684 4534 natura
715 4487 771 4535 et
801 4481 1036 4541 humana
1068 4499 1210 4538 unus
1239 4483 1489 4540 Christus
1521 4489 1750 4544 ell’ectus
1785 4501 1899 4556 est,
1933 4509 2069 4548 con-

2197 4491 2330 4556 Ιείας
2365 4493 2577 4563 φύσεως
2627 4495 2720 4548 καὶ
2748 4493 2849 4565 τῆς
2879 4493 3228 4567 ἀνθρωπίνης
3265 4489 3347 4559 εἷς
3384 4486 3628 4566 Χριᾶτὺς
3658 4498 3756 4550 ὰπ-

490 4571 865 4628 substantialis
899 4573 1045 4628 Patri
1084 4577 1384 4630 secundum
1436 4578 1715 4645 deitatem,
1747 4589 1801 4636 et
1831 4586 2068 4639 consub-

489 4664 760 4719 stantialis
790 4667 948 4722 nobis
985 4666 1127 4721 idem
1169 4667 1284 4738 ipse
1315 4671 1617 4724 secundum
1650 4672 2067 4742 humanitatem,

488 4757 581 4812 sed
607 4758 752 4828 quod
788 4759 1004 4814 deitatis
1043 4767 1100 4814 et
1131 4760 1312 4816 carnis
1341 4762 1542 4816 Chri.-.ti
1589 4780 1696 4818 una
1733 4776 1926 4822 natura
1956 4770 2071 4826 sive

487 4847 790 4903 substantia
825 4849 1020 4904 eﬁ'ecta
1048 4860 1130 4906 est
1163 4853 1463 4907 secundum
1495 4852 1833 4924 Apollinarii,
1863 4869 1920 4912 et
1947 4860 2057 4914 Eu-

489 4942 717 5012 tychetis
754 4941 1056 5012 perﬁdiam,
1093 4944 1210 4999 talis
1243 4947 1531 5002 anathema
1554 4948 1656 5003 sit.

561 5053 578 5084 ι
621 5034 925 5105 Αζιιιιοιὶιοιυ
951 5037 1097 5091 enim
1130 5047 1184 5092 et
1205 5053 1300 5093 eos
1329 5039 1420 5109 qui
1455 5056 1548 5110 per
1575 5052 1784 5111 partem
1815 5045 2066 5102 incidunt

488 5126 571 5180 vel
605 5127 876 5195 dividunt,
907 5142 963 5184 et
982 5146 1077 5186 eos
1110 5131 1203 5201 qui
1237 5131 1580 5188 confundunt
1614 5136 1812 5192 divinae
1841 5138 2065 5208 dispen-

485 5217 712 5272 sationis
763 5223 1077 5291 mysterium
1124 5222 1353 5290 Christi,
1407 5225 1582 5296 rejicit
1634 5234 1690 5282 et
1737 5228 2066 5286 condemnat

485 5308 807 5365 universalis
839 5310 930 5366 Dei
965 5315 1227 5370 Ecclesia.

557 5416 580 5452 ι
615 5400 679 5458 Χ.
729 5401 786 5456 Si
826 5403 948 5474 quis
1000 5422 1106 5461 non
1149 5410 1571 5466 anathematizat
1616 5413 1825 5480 Arium,
1873 5413 2058 5470 Euno-

2172 4585 2452 4658 ετελέσθη,
2493 4587 2776 4658 όμοούσιος
2798 4588 2877 4659 τῷ
2911 4589 3087 4660 Πατρλ⁸
3118 4589 3255 4644 κατὰ
3279 4589 3378 4660 τὴν
3402 4587 3641 4660 θεότητα
3665 4589 3755 4642 καὶ

2170 4679 2453 4749 όμοούσιος
2484 4681 2660 4752 ἠμίνὸ
2681 4680 2846 4744 αὐτὸς
2875 4681 3016 4736 κατὰ
3049 4681 3149 4752 τὴν
3181 4681 3602 4752 ἀνθρωπότητα,
3635 4681 3749 4736 ἀλλ’

2169 4771 2250 4824 ὅτι
2299 4769 2400 4840 τῆς
2454 4769 2708 4842 θεότητος
2762 4771 2856 4824 καὶ
2895 4769 2995 4840 τῆς
3029 4770 3231 4841 σαρκὸς
3263 4767 3358 4823 τοῦ
3386 4769 3633 4839 Χριστοῦ
3659 4768 3755 4839 μία

2169 4862 2331 4930 φύσις
2354 4861 2472 4932 ¹ἢτοι
2503 4860 2657 4914 οὐσία
2683 4859 3021 4933 ἀπετελέσθη
3051 4861 3192 4916 κατὰ
3207 4860 3308 4930 τὴν
3339 4859 3755 4932 Ἀπολλιναρίου

2113 4947 2124 4960 ’
2168 4953 2261 5007 καὶ
2274 4951 2548 5024 Εὑτυχοῦς
2567 4952 2946 5019 κακοπιστίαν,
2963 4956 2992 5007 ὁ
3010 4953 3250 5015 τοιοῦτος
3265 4951 3514 5022 ἀνάθεμα
3528 4956 3674 5008 ἔστω
3686 4953 3752 5006 ⁸⁸.

2241 5063 2260 5095 ι
2291 5035 2521 5112 Ἐτιίσης
2555 5043 2597 5076 ⁸³
2639 5042 2748 5115 γὰρ
2799 5042 2894 5096 καὶ
2933 5043 3062 5109 τοὺς
3115 5045 3217 5098 ἀνὰ
3269 5046 3434 5115 μέρος
3478 5044 3753 5114 διαιροῦν-

2162 5151 2262 5196 τας
2306 5134 2426 5206 ἦτοι
2467 5135 2763 5204 τέμνοντας
2803 5133 2901 5189 καὶ
2938 5137 3065 5200 τοὺς
3137 5136 3473 5206 συγχέοντας
3530 5137 3598 5192 τδ
3657 5138 3754 5206 τῆς

2163 5228 2316 5294 θείας
2356 5229 2671 5301 οἰκονομίας
2721 5231 3023 5301 μυστήριον
3063 5230 3157 5284 τοῦ
3204 5231 3448 5302 Χριστοῦ
3487 5233 3754 5302 ἀποστρέ-

2163 5336 2325 5388 φεται
2352 5322 2446 5375 καὶ
2478 5319 2866 5392 άναθεματίζει
2891 5322 2924 5390 ἠ
2961 5319 3224 5392 καθολικὴ
3261 5323 3587 5393 Ἐκκλησία.

2247 5413 2342 5467 «Εἰ
2362 5431 2445 5478 τις
2468 5413 2543 5485 μὴ
2570 5413 2958 5484 ἀναθεματίζει
2979 5414 3217 5487 Ἀρειον,
3243 5415 3528 5488 Εὐνόμιον,
3563 5417 3754 5472 Maxe-

1761 5589 1992 5646 VARIAS
2034 5590 2443 5649 LECTIONES.
2909 5682 2913 5685 _

555 5702 573 5730 ⁸
603 5696 731 5780 Θεξιν
754 5713 862 5784 tun.
899 5695 995 5790 P.n
1036 5701 1055 5730 ⁶
1086 5700 1321 5790 δριστοῦ
1354 5700 1425 5790 P’.‘
1489 5703 1506 5733 '
1533 5701 1609 5790 si)
1630 5702 1748 5790 9εῷ
1773 5703 2040 5790 Λόγῳ]ὶῶ
2099 5703 2118 5734 ⁸
2148 5702 2540 5790 ἐμψυχομένηχ
2555 5700 2616 5756 Ρ.
2695 5705 2714 5736 ⁹
2733 5703 2831 5756 οὐκ
2849 5701 2914 5758 V.
2994 5705 3040 5737 η
3061 5704 3150 5758 καὶ
3179 5704 3622 5778 ἑνανθρωπὸτητι
3641 5706 3747 5762 PV.

491 5773 532 5814 .“
563 5775 622 5841 τῇ
661 5767 925 5839 διαιρέσει
956 5770 1016 5823 P.
1097 5767 1159 5802 ⁸⁸³
1196 5774 1222 5825 ό
1251 5786 1357 5826 om.
1386 5772 1444 5826 Ρ.
1561 5767 1601 5804 η
1631 5767 1788 5828 ἕστο).
1823 5767 1968 5845 αύτῴ
2000 5775 2062 5831 ν.

2171 5771 2210 5806 ³⁷³
2233 5771 2331 5843 ἐφδί
2349 5771 2469 5844 ἴσης
2500 5771 2561 5826 Ρ.
