3856 6342
103 373 208 435 99.9

1262 340 1696 410 Ci’lRONiCON
1753 334 2158 402 PASCHALE.

3233 332 3338 399 930

95 481 270 541 δόνιον,
306 468 734 540 ’Λπολλινάριον,
769 457 1086 534 Νεστόριον,
1123 458 1385 527 Ιίὺτυχέα,
1407 458 1502 508 καὶ
1528 455 1652 515 τοὺς
1683 497 1688 507 .

1791 448 1942 510 tium,
1976 443 2374 510 Macedonium,
2406 441 2827 513 Apollinarium,
2861 440 3197 510 Nestorium,
3235 445 3341 502 Eu-

94 577 151 624 τι
175 573 338 622 ὅμοια
373 564 584 624 τούτοις
625 557 960 629 φρονοῦντας
1013 554 1046 624 ἣ
1087 553 1488 620 φρονήσαντας,
1527 547 1658 601 ἀνά-

96 663 224 732 θεμα
257 662 420 711 ὶστω.

163 752 262 806 «Et
299 767 390 814 τις
424 745 782 802 ἀντιποιεῖται
823 735 1101 808 Θεοδώρου
1128 734 1221 788 τοῦ
1253 730 1628 800 Μοψουεστίας
1649 769 1662 793 ,
1755 775 1758 778 ,

96 841 177 895 τοῦ
204 839 454 902 εἰπόντος
491 835 650 890 ἀλλον
677 828 820 886 εἶναι
856 829 948 883 τὸν
998 827 1130 881 Θεὸν
1161 824 1334 892 Λόγον
1371 822 1467 874 καὶ
1493 821 1667 890 ξάλλον

98 935 174 984 τὸν
207 928 468 1000 Χριστὸν,
501 925 606 979 ὑπὸ
635 921 824 977 παθῶν
845 919 1025 991 ψυχῆς
1066 915 1166 970 κα)⁸
1199 915 1307 968 τῶν
1335 913 1435 983 τῆς
1466 910 1669 981 σαρκὸς

101 1016 398 1088 ἐπιθυμιῶν
447 1010 876 1083 ἐνοχλούμενον,
923 1006 1019 1060 καὶ
1071 1005 1137 1058 ὲκ
1175 1002 1457 1074 προκοπῆς
1493 1001 1670 1070 ἔργων

103 1106 473 1178 βελτιωθέντα,
506 1103 601 1157 καὶ
626 1096 993 1171 βαπτισθέντα
1023 1096 1104 1158 εις
1136 1093 1308 1162 ὄνομα
1334 1089 1546 1158 Πατρὺς
1579 1089 1672 1140 καὶ

104 1197 222 1250 Υἱοῦ
248 1198 347 1250 καὶ
373 1195 531 1263 ἁγίου
565 1190 908 1261 Πνεύματος,
941 1187 1036 1241 καὶ
1061 1185 1152 1238 διὰ
1172 1183 1266 1237 τοῦ
1300 1180 1672 1252 βαπτίσματος

105 1291 192 1358 τὴν
237 1289 402 1357 χάριν
441 1285 602 1356 361
650 1282 744 1336 τοῦ
787 1279 946 1348 ἁγίου
994 1275 1312 1344 Πνεῦματος
1359 1272 1546 1325 λαϐεῖν
1578 1270 1674 1323 καὶ

106 1380 365 1442 υἱοθεσίας
393 1376 710 1445 ἀξιωθῆναι,
770 1371 866 1426 καὶ
925 1369 1048 1423 κατ’
1109 1367 1329 1436 ἰσότητα
1388 1361 1675 1432 βασιλικῆς

109 1472 305 1533 εἰκόνος
349 1469 430 1531 είς
460 1466 754 1538 πρόσωπον
795 1460 892 1516 τοῦ
933 1458 1074 1514 Θεοῦ
1104 1458 1281 1526 Λόγου
1332 1452 1673 1524 προσκυνού-

113 1577 288 1628 μενον,
322 1560 416 1613 καὶ
457 1557 597 1628 μετὰ
645 1556 745 1625 τὴν
775 1544 1088 1607 ἀνάστασιν
1120 1548 1392 1621 ἄτρεπτον
1437 1546 1558 1607 ταῖς
1589 1545 1676 1596 ὲν-

107 1651 267 1713 νοίαις
324 1650 419 1703 καὶ
465 1647 853 1717 ἀναμάρτητον
898 1641 1178 1702 παντελῶς
1212 1638 1526 1708 γενόμενον,
1577 1633 1676 1687 καὶ

107 1743 261 1795 πάλιν
284 1741 568 1812 είρηκότος
594 1738 691 1810 τὴν
711 1737 908 1790 ἕνωσιν
933 1736 1027 1789 τοῦ
1047 1731 1182 1786 Θεοῦ
1203 1729 1378 1797 Λόγου
1412 1727 1550 1794 πρὸς
1585 1724 1676 1778 τδν

108 1831 335 1901 Χριστὸν
377 1827 633 1898 τοιαύτην
686 1824 1038 1894 γεγενῆσθαι,
1091 1821 1213 1874 οἵαν
1257 1815 1412 1872 εἶπεν
1447 1818 1476 1868 ὁ
1515 1812 1676 1867 Ἀπό-

89 1921 285 1996 ἱστολος
317 1918 359 1952 ⁸⁸
401 1920 493 1972 ἐπὶ
520 1917 715 1988 ἀνδρὸς
749 1915 843 1969 καὶ
880 1911 1160 1982 γυναικός,
1215 1911 1501 1963 Ἔσονται
1531 1907 1586 1960 oi
1632 1904 1676 1936 "

109 2013 206 2067 δύο
243 2014 331 2078 εἷς
360 2011 558 2079 σάρκα
595 2009 762 2078 μίαν,
814 2007 910 2061 καὶ
943 2005 1080 2075 πρὸς
1126 2003 1246 2064 ταῖς
1273 2000 1463 2061 ἄλλαις
1489 1999 1680 2070 ἀναρι-

111 2095 328 2166 θμήτοις
363 2092 532 2171 αὑτοῦ
565 2089 938 2162 βλασφημίαις
973 2087 1340 2156 τολμήσαντος
1373 2083 1551 2136 εἰπεῖν
1595 2082 1680 2134 ὅτι

113 2188 237 2256 μετᾲ
265 2185 365 2257 τὴν
391 2184 685 2238 ἀνάστασιν
717 2181 1042 2250 ὲμφυσήσας
1067 2179 1096 2231 ὁ
1121 2175 1326 2248 Κύριος
1363 2177 1474 2238 τοῖς
1508 2172 1681 2244 μαθη-

111 2281 218 2340 ταῖς
238 2277 336 2331 καὶ
359 2274 531 2328 εἰπὼν
560 2275 625 2339 η,
657 2273 879 2327 Λάϐετε
921 2267 1164 2338 Πνεῦμα
1200 2268 1241 2300 ¹⁷
1273 2267 1466 2336 ἅγιον,
1499 2266 1560 2319 οὐ
1598 2265 1683 2318 δε-

111 2356 290 2420 δωκὼς
320 2357 504 2418 αὐτοῖς
530 2353 756 2424 Πνεῦμα
813 2353 990 2420 ἅγιον,
1048 2349 1185 2403 ἀλλὰ
1232 2349 1470 2420 σχήματι
1521 2347 1682 2418 μόνον

114 2448 458 2518 ἐνεφύσησεν.
488 2439 658 2507 Οὗτος
704 2445 760 2497 δὲ
808 2443 900 2496 καὶ
929 2443 1026 2512 τὴν
1057 2441 1349 2510 ὁμολογίαν
1381 2439 1581 2510 Θωμᾶ,
1614 2439 1682 2508 ἣν

113 2541 198 2591 ἐπὶ
223 2543 292 2610 τῇ
323 2539 639 2608 ψηλαφήσει
683 2535 793 2588 τῶν
830 2533 1030 2604 χειρῶν
1071 2531 1164 2586 καὶ
1192 2531 1289 2602 τῆς
1315 2531 1556 2600 πλευρᾶς
1588 2529 1682 2582 τοῦ

115 2632 315 2702 Κυρίου
350 2632 491 2701 μετὰ
515 2631 616 2700 τὴν
651 2629 950 2682 ἀνᾱστασιν
979 2613 1380 2690 τὸ,⁹01ῗύριός
1413 2640 1534 2692 μου
1582 2621 1680 2674 καί

117 2723 409 2792 Beck-you,
431 2717 608 2783 εἶπεν,
645 2719 719 2790 μὴ
751 2717 1002 2789 εἰρῆσθαι
1021 2713 1261 2784 περὶτοῦ
1280 2713 1516 2783 Χριστοῦ
1539 2713 1686 2782 παρά

115 2813 198 2865 τοῦ
225 2815 405 2884 Θωμᾶ
427 2830 441 2844 ο
473 2813 596 2866 οὐδὲ
631 2813 674 2844 ¹⁸
691 2811 800 2881 γὰρ
825 2805 964 2862 εἶναι
988 2807 1138 2876 λέγει
1161 2805 1253 2859 τὸν
1283 2805 1517 2876 Χριστὸν
1530 2803 1682 2868 Θεὸν,

115 2905 217 2958 ἀλλ’
252 2907 350 2960 ἐπὶ
384 2905 463 2976 τῷ
490 2903 780 2976 παραδόξῳ
817 2905 917 2972 τῆς
958 2900 1306 2962 ἀναστάσεως
1345 2897 1687 2965 ἐκπλαγέντα

115 2999 197 3050 τὸν
225 2999 436 3068 Θωμᾶν
478 2995 720 3068 ὑμνῆσαι
755 2995 848 3047 τὸν
885 2992 1016 3045 Θεὸν
1046 2992 1138 3045 τὸν
1172 2993 1215 3024 ³⁸
1259 2989 1550 3061 ἐγείραντα
1595 2988 1686 3041 τὸν

117 3090 365 3159 Χριστόν.
389 3089 463 3142 Τὸ
476 3089 535 3141 δὲ
552 3089 598 3120 ¹⁰
615 3089 818 3160 χεῖρον,
838 3086 920 3139 ὃτι
940 3086 1034 3138 καὶ
1051 3083 1094 3116 ¹¹
1117 3084 1175 3136 ὲν
1191 3085 1258 3153 τῇ
1286 3081 1394 3135 τῶν
1424 3079 1686 3150 Πράξεων

117 3182 215 3232 τῶν
247 3181 566 3235 ἀποστόλων
580 3179 848 3250 γενομένῃ
884 3179 1013 3249 παρ’
1041 3173 1207 3230 αὑτοῦ
1234 3173 1394 3244 δῆθεν
1419 3171 1688 3243 ἑρμηνείᾳ

121 3274 422 3344 συγκρίνων
455 3275 484 3325 ὁ
519 3271 684 3334 αὐτὸς
721 3270 996 3341 Θεόδωρος
1017 3267 1128 3344 ,τὸν
1169 3266 1406 3338 Χριστὸν
1440 3264 1688 3318 Πλάτωνι

119 3366 206 3417 καὶ
235 3342 532 3434 Μανιχαίῳ
573 3363 666 3416 καὶ
700 3342 1151 3431 Ἑπικούριρ’καὶ
1196 3358 1484 3430 Μαρκίωνι
1519 3355 1686 3424 λέγει,

121 3459 193 3509 ὅτι
223 3455 415 3524 ὥσπερ
445 3455 674 3507 ἐκείνων
707 3452 936 3514 ἕκαστος
956 3450 1260 3521 εὑράμενος
1291 3451 1488 3501 οἰκεῖον
1515 3447 1691 3515 δόγμα

119 3548 236 3610 τοὺς
271 3545 424 3616 αὖτῷ
453 3544 903 3617 μαθητεύσαντας
931 3541 1200 3614 πεποίηκε
1237 3539 1520 3594 καλεῖσθαι
1547 3539 1692 3592 Πλα-

121 3639 378 3701 τωνικοὺς
430 3639 522 3691 καὶ
581 3637 915 3708 Μανιχαίους
977 3635 1073 3690 καὶ
1133 3634 1543 3704 Ἐπικουρείους
1598 3633 1694 3686 καὶ

128 3728 565 3800 Μαρκιωνιστὰς,
595 3729 686 3781 τὸν
724 3729 908 3800 ὅμοιον
947 3727 1146 3799 τρόπον
1191 3727 1286 3780 καὶ
1326 3724 1420 3778 τοῦ
1457 3721 1694 3796 Χριστοῦ

123 3823 423 3893 εὑραμένου
455 3822 516 3874 τὸ
551 3821 725 3892 δόγμα
751 3820 810 3888 ἐξ
837 3818 1001 3873 αὐτοῦ
1045 3819 1170 3880 τοὺς
1195 3815 1556 3888 Χριστιανοὺς
1593 3829 1696 3866 κα-

121 3912 354 3966 λεῖσθαι.
379 3912 446 3965 Εἴ
475 3929 560 3974 τις
583 3912 763 3965 τοίνυν
799 3910 1156 3964 ἀντιποιεῖται
1183 3907 1462 3978 Θεοδώρου
1499 3904 1596 3958 τοῦ
1628 3902 1698 3957 τά

123 4003 347 4057 τοιαῦτα
384 4000 904 4075 βλασφημήσαντος.
931 3999 1069 4055 ἀλλὰ
1109 3999 1186 4070 μὴ
1222 3997 1608 4068 ἀναθεματίςει
1650 3997 1696 4028 ³⁸

125 4097 281 4150 αὐτὸν
305 4099 403 4152 καὶ
433 4097 503 4152 τὰ
531 4095 697 4150 αὐτοῦ
731 4094 1141 4164 συγγράμματα
1172 4090 1266 4145 καὶ
1290 4091 1416 4153 τοὺς
1440 4089 1509 4144 τὰ
1537 4091 1700 4160 ὅμοια

124 4189 285 4242 αὑτοῦ
341 4189 674 4260 φρονοῦντας
713 4187 748 4258 ἢ
811 4186 1210 4257 φρονήσαντας,
1255 4180 1506 4251 ἀνάθεμα
1534 4180 1695 4234 ἔστω.

199 4281 299 4333 ιεῖ
343 4297 427 4343 τις
467 4279 834 4333 ἀντιποιεῖται
864 4275 974 4328 τῶν
1009 4271 1460 4342 συγγραμμάτων
1502 4269 1702 4324 Θεοδω-

125 4371 313 4439 ρήτου,
348 4370 494 4442 ἅπερ
525 4369 740 4436 ἐξέθετο
770 4368 912 4436 ὑπὲρ
950 4363 1246 4434 Νεστορίου
1281 4362 1376 4416 τοῦ
1419 4359 1699 4432 αἱρετικοῦ

1767 536 1962 604 tychen
1990 542 2045 588 et
2071 549 2164 590 eos
2189 533 2282 602 qui
2314 531 2510 587 similia
2538 532 2617 586 eis
2661 530 2959 601 sapuerunt
2980 531 3064 586 vel
3099 533 3338 602 sapiunt,

1768 626 1888 680 talis
1918 626 2206 680 anathema
2244 623 2334 690 sit,

1843 736 1863 768 ι
1897 715 1988 769 XI.
2014 713 2070 769 Si
2091 714 2214 784 quis
2235 712 2480 768 defendit
2502 711 2848 768 Theodorum
2875 713 3341 784 Mopsuestennm,

1767 806 1861 877 qui
1892 807 2028 862 dixit
2058 805 2224 860 alium
2258 819 2379 859 esse
2409 804 2581 858 Deom
2606 803 2864 869 Verbum,
2904 813 2960 860 et
2990 806 3155 861 alium
3181 804 3344 862 Chris-

1769 905 1914 952 stum
1940 911 1970 950 a
2007 895 2352 965 passionihus
2379 895 2575 949 animae
2611 903 2666 948 et
2695 896 2982 951 desideriis
3010 898 3192 952 carnis
3228 913 3346 954 mo—

1770 987 1956 1042 lestias
1986 987 2301 1056 patientem,
2337 993 2394 1039 et
2433 1000 2498 1039 ex
2533 985 2776 1054 proiectu
2826 1001 3053 1055 operum
3090 989 3348 1044 meliora-

1768 1087 1910 1144 tum,
1936 1089 1990 1134 et
2036 1079 2369 1148 baptizatum
2413 1078 2470 1132 in
2524 1078 2745 1133 nomine
2786 1078 2983 1144 Patris,
3015 1087 3070 1134 et
3121 1077 3261 1147 Filii,
3293 1087 3350 1136 et

1771 1171 2009 1241 Spiritus
2029 1168 2223 1234 sancti,
2260 1177 2316 1222 et
2341 1183 2439 1238 per
2471 1168 2737 1237 baptisma
2764 1171 2993 1239 gratiam
3017 1171 3189 1224 sancti
3225 1169 3351 1242 Spi-

1772 1262 1912 1315 ritus
1935 1259 2233 1328 accepisse,
2269 1267 2326 1313 et
2367 1257 2734 1312 aiiilialionem
2772 1259 3061 1323 meruisse,
3091 1268 3142 1313 et
3173 1259 3240 1314 ad
3278 1258 3353 1314 si-

1774 1349 2138 1404 militudinem
2189 1348 2486 1418 imperialis
2531 1347 2784 1418 imaginis
2827 1347 2882 1401 in
2930 1363 3216 1418 personam
3257 1350 3352 1404 Dei

1777 1440 1938 1496 Verbi
1972 1440 2207 1505 adorari,
2241 1449 2298 1495 et
2326 1450 2449 1510 post
2479 1439 2932 1494 resurrectionem
2958 1439 3351 1496 immutabilem

1777 1532 2228 1604 cogitationibus,
2283 1540 2339 1586 et
2399 1531 2807 1600 impeccabilem
2868 1532 3092 1586 omnino
3151 1530 3354 1587 factum

1779 1622 1982 1676 fuisse:
2013 1631 2069 1676 et
2097 1620 2299 1675 iterum
2321 1621 2463 1675 dixit
2489 1620 2648 1675 talem
2674 1619 2870 1675 factam
2901 1635 3022 1675 esse
3055 1619 3353 1676 unitionem

1779 1713 1876 1766 Dei
1909 1711 2070 1766 Verbi
2122 1713 2189 1766 ad
2222 1712 2520 1776 Christum,
2559 1712 2774 1781 qualem
2805 1711 2938 1766 dixit
2965 1712 3258 1781 Apostolus
3287 1713 3355 1768 de

1779 1805 1896 1860 viro
1934 1813 1990 1859 et
2022 1805 2283 1868 muliere;
2314 1803 2484 1858 Erunt
2521 1805 2624 1857 duo
2648 1806 2704 1857 in
2734 1819 2894 1858 carne
2927 1821 3034 1858 una
3054 1821 3074 1859 :
3109 1813 3164 1860 et
3193 1810 3359 1875 super

1776 1896 1909 1950 alias
1942 1911 2070 1951 suas
2096 1895 2523 1950 innumerabiles
2549 1895 2914 1964 blasphemias
2947 1911 3114 1952 ausus
3142 1905 3229 1952 est
3268 1896 3356 1952 di-

1778 2003 1922 2054 cere,
1977 1988 2122 2058 quod
2173 1996 2298 2057 post
2346 1987 2804 2042 resurrectionem
2850 2003 2975 2042 cum
3027 1985 3358 2045 insulﬁasset

1780 2077 2043 2133 Dominus
2071 2077 2353 2147 discipulis
2372 2077 2510 2141 suis,
2549 2085 2607 2132 et
2627 2077 2854 2132 dixisset
2879 2096 2892 2132 :
2919 2077 3152 2148 Accipite
3182 2079 3356 2150 Spiri-

1781 2177 1893 2222 tum
1924 2177 2166 2222 sanctum
2189 2184 2207 2220 :
2240 2183 2352 2223 non
2382 2168 2530 2223 dedit
2554 2169 2636 2224 eis
2666 2167 2926 2238 Spiritum
2959 2178 3228 2237 sanctum,
3261 2171 3358 2227 sed

1783 2260 2055 2332 ﬁguratim
2083 2261 2456 2316 tantummodo
2487 2259 2796 2316 insumavit.
2823 2260 2930 2316 Sed
2955 2269 3012 2318 et
3042 2260 3160 2334 [sed
3193 2263 3358 2318 etiam

1781 2354 1855 2407 sic
1901 2362 1950 2407 et
2000 2351 2238 2424 LeuacL]
2277 2352 2708 2419 confessionem,
2743 2368 2906 2423 quam
2947 2353 3075 2409 fecit
3120 2355 3358 2410 Thomas

1783 2456 1906 2500 cum
1937 2444 2210 2514 palpasset
2247 2459 2441 2499 manus
2487 2453 2543 2498 et
2591 2445 2732 2500 latus
2781 2443 2995 2500 Domini
3029 2456 3153 2516 post
3173 2462 3358 2502 resur-

1783 2537 2102 2601 rectionem,
2134 2535 2360 2590 dicens:
2397 2535 2650 2590 Dominus
2695 2553 2863 2602 meus,
2901 2545 2950 2590 et
2995 2537 3136 2592 Deus
3188 2556 3354 2606 meus,

1785 2628 1959 2698 inquit
2016 2643 2127 2681 non
2159 2642 2280 2682 esse
2325 2627 2524 2682 dictam
2568 2643 2599 2682 a
2633 2627 2843 2683 Thoma
2881 2629 2951 2684 de
2981 2627 3199 2685 Christo
3235 2631 3360 2702 (nec

1785 2719 1932 2776 enim
1985 2719 2122 2774 dixit
2170 2719 2493 2774 Theodorus
2525 2719 2692 2774 Deum
2731 2735 2854 2775 esse
2892 2721 3214 2794 Christum),
3264 2723 3359 2778 sed

1785 2811 1854 2867 ad
1881 2811 2200 2866 miraculum
2235 2811 2651 2866 resurrectionis
2701 2811 3067 2881 stupefactnm
3095 2813 3361 2870 Thomam

1785 2903 2113 2974 gloriﬁcasse
2163 2903 2368 2967 Deum,
2406 2903 2496 2972 qui
2554 2903 2829 2958 Christum
2876 2906 3240 2962 resuscitavit.
3297 2909 3366 2964 Et

1786 2997 1926 3066 quod
1961 2997 2112 3066 pejus
2165 3005 2268 3059 est,
2318 2995 2482 3048 etiam
2516 2995 2569 3048 in
2617 2996 3065 3066 interpretatione
3110 3017 3270 3071 quam
3307 3005 3365 3059 in

1713 3115 1755 3172 ο
1787 3089 1936 3143 Actis
1964 3088 2327 3157 apostolorum
2356 3087 2571 3156 scripsit
2604 3087 2944 3156 Theodorus,
2979 3091 3210 3148 similem
3238 3094 3368 3152 fecit

1789 3180 2066 3236 Christum
2094 3179 2322 3244 Platoni,
2345 3188 2399 3233 et
2432 3179 2747 3244 Manichaee,
2777 3189 2833 3235 et
2857 3179 3112 3251 Epicuro,
3140 3195 3196 3240 et
3222 3186 3367 3244 Mar-

1790 3272 1965 3336 cioni,
2013 3271 2198 3326 dicens
2239 3271 2383 3339 quod
2429 3271 2570 3324 sicut
2625 3271 2840 3325 illorum
2895 3277 3266 3346 unusquisque
3298 3295 3364 3336 ex

1791 3365 2042 3435 dogmate
2070 3363 2213 3433 quod
2257 3362 2483 3426 invenit,
2530 3378 2658 3418 suos
2687 3364 2983 3434 discipulos
3029 3367 3158 3423 fecit
3187 3375 3364 3427 vocari

1796 3455 2120 3520 Platonicos,
2148 3463 2202 3510 et
2225 3454 2570 3536 Manichaeos,
2597 3463 2650 3510 et
2684 3455 2982 3526 Epicureos
3013 3457 3364 3538 [Epicurios],

1795 3557 1851 3603 et
1877 3547 2265 3612 Marcionistas,
2296 3545 2454 3601 simili
2486 3547 2646 3601 modo
2670 3556 2871 3602 etcum
2902 3548 3152 3608 Christus
3177 3555 3370 3627 dogma

1795 3639 2112 3705 invenisset,
2145 3655 2208 3693 ex
2239 3639 2358 3708 ipso
2385 3637 2724 3694 Christianos
2745 3641 2945 3696 vocari.
2977 3643 3033 3697 Si
3056 3645 3180 3715 quis
3208 3648 3374 3720 igitur

1795 3731 2040 3788 defendit
2072 3731 2322 3786 eumdem
2350 3730 2716 3797 Theodorum,
2737 3733 2830 3802 qui
2871 3733 2994 3788 talia
3028 3736 3374 3809 blasphema-

1797 3825 1897 3890 vit,
1924 3833 2104 3879 etnon
2142 3823 2566 3878 anathematizat
2598 3839 2745 3890 eum,
2794 3833 2851 3880 et
2879 3815 2997 3896 ejus
3041 3833 3370 3903 conscripta,

1798 3927 1854 3972 et
1891 3931 1987 3971 eos
2022 3916 2113 3986 qui
2153 3916 2346 3971 similia
2393 3915 2467 3969 illi
2513 3925 2831 3985 sapuerunt,
2872 3917 2956 3972 vel
2987 3919 3226 3990 sapiunt,
3252 3925 3374 3979 talis

1798 4009 2086 4065 anathema
2113 4008 2201 4064 sit.

1876 4273 1895 4307 ι
1937 4252 1992 4332 Si
2041 4251 2166 4321 quis
2210 4247 2455 4305 defendit
2489 4247 2797 4318 conscripta
2846 4248 3207 4321 Theodoreti,
3255 4272 3377 4328 qua:

1802 4343 2053 4422 ejposnit
2095 4357 2194 4414 pro
2240 4340 2492 4396 Nestorio
2547 4341 2807 4396 bmretieo
2859 4343 3122 4402 adversus
3173 4358 3377 4405 rectam

124 4433 214 4516 καὶ
244 4433 392 4519 κατὰ
425 4433 525 4534 τὴς
557 4433 723 4534 όρθῆς
743 4433 979 4524 πίστεως
1006 4461 1100 4514 καὶ
1116 4459 1217 4529 τῆς
1236 4459 1296 4512 ὲν
1319 4455 1530 4526 Ἐφέσῳ
1557 4455 1688 4528 πρώ

1805 4439 1987 4503 ﬁdem,
2021 4444 2078 4491 et
2114 4433 2442 4505 Ephesinam
2475 4433 2702 4504 primam
2735 4443 2979 4490 sanctam
3008 4440 3294 4508 synodum,
3323 4453 3378 4497 ct

123 4573 218 4624 της
245 4556 415 4624 ἀγῖας
449 4554 667 4607 συνόδου
713 4555 806 4607 καὶ
851 4554 942 4606 τοῦ
991 4555 1049 4606 ὲν
1079 4551 1256 4619 ἁγίοις
1293 4547 1562 4619 Κυρίλλου
1610 4546 1702 4601 καὶ

123 4646 228 4701 τῶν
251 4648 322 4718 ιβ’
345 4645 514 4700 αὑτοῦ
542 4644 934 4714 κεφαλαίων,έν
955 4639 1038 4708 οἷς
1060 4642 1282 4697 ἀσεῦέσι
1309 4641 1701 4712 συγγράμμασι

127 4739 384 4810 σχετικὴν
416 4738 570 4805 λέγει
597 4736 697 4808 τὴν
727 4736 920 4790 ἕνωσιν
943 4733 1039 4789 τοῦ
1068 4733 1204 4788 Θεοῦ
1231 4733 1408 4802 Λόγου
1435 4732 1572 4798 πρὸς
1612 4732 1702 4784 τόν

123 4848 241 4884 τινα
269 4829 588 4899 ἄνθρωπον,
631 4827 760 4898 περὶ
794 4821 855 4881 οὗ
894 4821 1231 4896 βλασφημῶν
1265 4824 1413 4890 λέγει
1446 4822 1529 4875 ὅτι
1561 4822 1701 4894 ἑψη-

124 4916 368 4986 λάςησεν
389 4912 596 4982 Θωμᾶς
625 4909 715 4963 τὸν
745 4908 1052 4963 ἀναστάντα
1079 4907 1173 4961 καὶ
1207 4906 1584 4979 προσεκύνησε
1610 4905 1702 4960 τὸν

125 5009 444 5079 ἐγείραντα·
478 5004 574 5058 καὶ
590 5004 680 5058 διὰ
701 5001 859 5056 τοῦτο
879 5001 1096 5064 ἀσεϐεῖς
1128 4999 1284 5054 καλεῖ
1297 5000 1425 5063 τοὺς
1455 5001 1556 5069 τῆς
1581 5000 1704 5053 Ἐκ-

123 5100 360 5170 κλησίας
375 5095 732 5158 διδασκάλους
749 5094 874 5156 τοὺς
898 5092 1022 5146 καθ’
1047 5093 1350 5146 ὑπόστασιν
1379 5090 1478 5163 τὴν
1511 5089 1707 5146 ἕνωσιν

123 5193 215 5247 τοῦ
241 5192 387 5246 Θεοῦ
426 5189 604 5258 Λόγου
648 5187 784 5259 πρὸς
805 5186 904 5258 τὴν
940 5185 1119 5257 σάρκα
1150 5181 1569 5254 ὁμολογοῦντας
1611 5181 1707 5236 καὶ

127 5284 262 5355 προς
292 5282 512 5343 τούτοις
544 5279 806 5333 Θεοτόκον
837 5259 1166 5348 ἀπαρνεῖται
1211 5273 1312 5345 τὴν
1352 5272 1516 5342 ἁγίαν
1561 5271 1705 5325 ἔνδο-

129 5376 215 5441 ξον
245 5371 641 5443 ’Δειπαρθένον
667 5369 904 5440 Μαρίαν.
937 5367 1005 5420 Et’
1031 5383 1114 5430 τις
1141 5365 1320 5435 τοίνυν
1350 5364 1418 5420 τά
1443 5363 1709 5436 εἰρημένα

1805 4537 2054 4586 sanctum
2093 4527 2383 4600 Cyrillum,
2438 4533 2492 4581 et
2531 4526 2816 4581 duodecim
2866 4529 2986 4598 ejus
3015 4533 3269 4600 capitula,
3321 4534 3376 4588 in

1803 4623 2004 4692 quibus
2033 4619 2306 4676 sceleratis
2347 4617 2670 4688 conscriptis
2714 4618 2854 4673 idem
2891 4619 3267 4679 Theodoretus
3293 4625 3377 4680 af-

1805 4713 2091 4771 fectnalem
2153 4711 2284 4766 dicit
2334 4710 2597 4764 unitatem
2655 4710 2747 4764 Dei
2777 4710 2939 4766 Verbi
2986 4713 3054 4768 ad
3102 4715 3378 4772 hominem

1806 4805 2118 4877 quemdam,
2147 4804 2216 4858 de
2265 4817 2371 4872 quo
2415 4801 2801 4870 blasphemans
2828 4803 2982 4870 dixit,
3014 4807 3157 4875 quod
3190 4809 3378 4879 palpa-

1807 4898 1888 4954 vit
1918 4898 2158 4953 Thomas
2213 4909 2336 4948 eum
2369 4893 2460 4962 qui
2519 4895 2832 4959 resurrexit,
2879 4905 2935 4950 et
2979 4898 3222 4954 adoravit
3254 4915 3381 4955 eum

1809 4993 1901 5062 qui
1925 4986 2296 5050 resuscitavit;
2326 4993 2381 5040 et
2406 4994 2625 5054 propter
2653 4985 2756 5040 hoc
2787 4986 2980 5057 impios
3009 5000 3163 5046 vocat
3190 4993 3381 5049 docto—

1805 5101 1896 5142 res
1927 5081 2202 5145 Ecclesiae,
2221 5077 2312 5148 qui
2340 5078 2602 5132 unitatem
2643 5080 2940 5134 secundum
2972 5083 3382 5140 subsistentiam

1804 5177 1899 5233 Dei
1931 5174 2092 5229 Verbi
2124 5172 2192 5227 ad
2222 5185 2440 5226 carnem
2459 5169 2808 5226 conﬁtentur.
2847 5173 2915 5228 Et
2943 5191 3108 5246 super
3137 5177 3255 5234 haec
3287 5178 3383 5235 Dei

1812 5267 2141 5326 Genitricem
2187 5264 2418 5334 abnegat
2458 5271 2700 5318 sanetam
2742 5275 2798 5320 et
2841 5267 3126 5338 gloriosam
3168 5286 3388 5344 semper

1814 5361 2091 5430 Virginem
2145 5355 2386 5411 Mariam.
2438 5351 2493 5409 Si
2539 5354 2662 5426 quis
2715 5357 2877 5430 igitur
2910 5377 3208 5424 memorata
3250 5382 3386 5424 conc

2589 5454 2622 5480 ο

1438 5543 1676 5604 ῩᾹΒΙᾹΞ
1715 5540 2114 5598 LECTIONES.

232 5681 282 5712 ἰ
307 5677 344 5732 δ
367 5673 683 5736 ἀπόστολος.
710 5669 935 5741 Ephes_.,
961 5665 1040 5741 V_._
1056 5665 1150 5741 51ἶ
1223 5662 1266 5693 ¹⁸
1299 5661 1348 5741 οξ
1371 5674 1490 5741 om_._
1629 5656 1714 5741 ﬁ“
1743 5653 2164 5741 sindiv.h.'ioan.,
2225 5667 2311 5718 xx,
2373 5650 2463 5708 22.

2570 5657 2611 5688 ⁸⁷
2643 5656 2705 5710 τὸ
2727 5657 2947 5730 Πνεῦμα
2977 5660 3038 5713 Ρ.
3116 5661 3158 5691 ’⁸
3201 5659 3272 5724 οὐ,
3320 5659 3380 5718 Ρ.

138 5749 177 5779 ⁵³
203 5751 297 5802 τὸν
309 5723 933 5803 Still'iwi'o‘kt'tsé'tiv.’
998 5723 1043 5767 ίί
1068 5734 1162 5788 καὶ
1192 5729 1370 5790 om.P.
1445 5731 1490 5762 "
1522 5726 1911 5798 ἀναθεματίσει
1937 5723 2046 5780 PV.
