3856 6342
539 351 636 416 93:
1733 349 2170 425 CHRONICON
2215 355 2622 429 PASCHALE.
3674 369 3749 428 93:»

537 477 737 537 scnpta
762 467 1086 526 Theodoreti
1128 471 1394 538 defendit,
1441 480 1498 527 et
1546 485 1658 527 non
1702 473 2060 527 anathemati:

2231 475 2638 544 συγγράμματα
2667 473 3016 544 Θεοδωρήτου
3058 474 3291 540 ἐπαινεῖ,
3317 473 3450 528 ἀλλὰ
3485 475 3556 545 μὴ
3595 477 3748 529 ἀναθε-

537 574 626 624 ea,
658 559 784 613 talis
822 560 1114 615 anathema
1155 562 1248 617 sit.
1273 563 1502 634 Propter
1529 563 1664 619 tales
1689 564 1836 619 enim
1863 565 2060 635 blasph

2293 564 2444 627 ιτίζει
2477 564 2638 627 αὐτὰ,
2672 566 2700 616 ὁ
2726 563 2964 626 τοιοῦτος
2994 563 3241 631 ἀνάθε;.-α
3285 563 3446 616 ἔστω.
3487 563 3639 633 362
3679 566 3750 615 Διὰ
3815 559 3816 648 ξ

539 650 675 705 mias
702 651 773 704 ab
793 651 1106 721 episcopatu
1133 654 1378 723 deiectus
1403 661 1506 719 est,
1529 663 1590 709 et
1613 664 1802 724 postea
1834 657 1890 710 in
1925 671 2062 712 sane

2297 655 2432 718 ύτας
2461 655 2570 726 γὰρ
2606 655 2704 718 τὰς
2734 655 3081 725 βλασφημίας
3110 655 3208 725 τῆς
3234 655 3534 724 ἐπισκοπῆς
3573 655 3750 724 ἐξεϐλή-
3815 689 3816 718 λ

539 737 969 795 Cbalcedonensi
1002 741 1234 796 concilio
1279 743 1592 812 compulsus
1625 753 1710 798 est
1758 744 1943 799 omnia
1990 759 2062 799 co}

2298 787 2311 807 .
2340 748 2434 799 καὶ
2458 725 2596 815 μετὰ
2624 746 2797 800 ταῦτα
2819 748 2878 800 ἐν
2899 748 2966 816 τῇ
3001 746 3136 816 ἁγία
3178 745 3380 816 συνόδῳ
3422 747 3488 815 τῇ
3543 748 3599 797 ἐν
3639 747 3750 797 Χαλ-
3815 725 3816 734 ί

541 830 706 884 traria
735 832 1050 886 memoratis
1088 832 1201 888 suis
1227 835 1552 904 conscriptis
1594 834 1793 900 facere,
1831 844 1886 891 et
1918 845 2063 892 recta

2229 837 2408 908 κηδόνι
2436 837 2719 909 συνωθήθη
2767 837 2944 891 πάντα
2974 837 3042 890 τά
3089 837 3311 890 ἐναντία
3337 839 3452 899 τοῖς
3483 854 3752 908 μνημονευ-

540 920 698 976 fidem
729 922 998 977 confiteri.

2295 928 2390 978 ίσιν
2435 924 2600 978 αὐτοῦ
2651 925 3034 996 συγγράμασιν
3068 925 3294 991 ποιῆσαι
3335 925 3430 978 καὶ
3477 925 3575 994 τὴν
3620 925 3753 994 ὀρθὴν
3815 912 3818 972 ί

2222 1015 2405 1067 πίστιν
2437 1013 2793 1084 ὁμολογῆσαι.

615 1112 635 1146 ι
669 1093 724 1148 Si
777 1095 898 1164 quis
953 1094 1196 1150 defendit
1247 1096 1470 1167 impiam
1518 1097 1827 1168 epistolam,
1856 1114 2020 1168 quam
2054 1099 2121 1153 ad

2299 1100 2401 1153 «Εἰ
2440 1118 2524 1163 τις
2566 1102 2924 1153 ἀντιποιεῖται
2951 1100 3053 1170 τῆς
3084 1099 3314 1161 άσεϐους
3363 1099 3642 1168 ἐπιστολῆς
3682 1098 3755 1165 τῆς

539 1182 729 1236 Marim
758 1183 978 1240 Persam
1031 1185 1348 1240 haereticum
1403 1186 1522 1242 lbas
1565 1189 1851 1257 scripsisse
1895 1189 2062 1243 dicitu

2234 1187 2522 1259 λεγομένης
2568 1188 2722 1258 παρὰ
2780 1187 2899 1240 Ἴϐα
2943 1187 3251 1257 γεγράφθαι
3289 1187 3425 1257 πρὸς
3471 1188 3646 1257 Μάριν
3689 1185 3757 1236 τὸν

537 1290 659 1344 qua:
701 1276 932 1346 abnegat
969 1277 1139 1330 Deum
1167 1275 1404 1332 Verbum
1435 1279 1708 1333 hominem
1738 1279 1936 1334 factum
1970 1295 2058 1334 ess

2232 1275 2440 1346 Πέρσην
2468 1275 2559 1327 τὸν
2595 1274 2890 1345 αἱρετικὸν,
2922 1275 3021 1342 τῆς
3039 1275 3378 1344 ἀρνουμένης
3408 1273 3499 1326 τὸν
3529 1272 3653 1324 Θεὸν
3675 1273 3755 1324 Δό-

538 1375 593 1420 et
645 1365 779 1421 dicit
833 1382 942 1421 non
972 1368 1142 1422 Deum
1199 1367 1436 1424 Verbum
1485 1387 1550 1424 ex
1593 1370 1810 1442 Virgine
1859 1371 2061 1425 incarn:

2232 1382 2318 1433 γον
2371 1365 2660 1435 ἄνθρωπον
2727 1365 3055 1435 γεγενῆσθαι
3121 1366 3216 1419 καὶ
3266 1365 3528 1433 λεγούσης
3579 1362 3648 1432 μὴ
3687 1364 3755 1416 τὸν

459 1493 466 1499 .
539 1467 695 1521 tum;
730 1466 918 1511 natum
971 1473 1126 1524 esse,
1173 1460 1268 1514 sed
1323 1475 1521 1529 purum
1572 1461 1848 1516 hominem
1902 1478 1966 1516 ex

2235 1460 2392 1527 Λόγον
2426 1459 2472 1491 ³³
2501 1461 2566 1512 ἐκ
2593 1461 2692 1529 τῆς
2731 1457 3006 1530 Παρθένου
3057 1456 3412 1528 σαρκωθέντα
3443 1455 3758 1524 γεννηθῆναι,

538 1562 661 1602 esse
707 1557 926 1616 natum,
977 1565 1140 1618 quem
1199 1553 1463 1620 templum
1518 1561 1698 1615 vocat,
1753 1561 1813 1606 ut
1861 1553 1997 1607 alius
2051 1570 2061 1606 ε

2239 1548 2360 1601 ιλλά
2401 1546 2557 1615 ψιλὸν
2598 1547 2886 1618 ἄνθρωπον
2939 1547 2986 1578 ’⁵
3024 1547 3085 1611 ἐξ
3129 1547 3298 1616 αὐτῆς
3341 1544 3679 1614 γεννηθῆναι,
3718 1543 3762 1594 ὃν

540 1636 685 1693 Deus
700 1638 958 1706 Verbum,
988 1649 1042 1694 et
1063 1641 1201 1695 alius
1237 1642 1406 1696 homo
1434 1660 1449 1697 :
1480 1655 1536 1697 et
1567 1657 1734 1714 super
1753 1644 1870 1698 haec
1903 1644 2063 1713 injuri

2240 1639 2349 1692 ναὸν
2375 1639 2665 1704 ἀποκαλεῖ,
2716 1639 2792 1702 ὡς
2839 1639 2998 1692 ἄλλον
3025 1635 3164 1692 εἶναι
3192 1639 3284 1692 τὸν
3312 1637 3444 1691 Θεδν
3489 1639 3654 1705 Λόγον
3690 1638 3763 1688 καὶ

540 1729 868 1798 Ephesiuam
893 1731 1121 1799 primam
1142 1735 1428 1803 synodum,
1451 1733 1604 1804 quasi
1630 1735 1746 1790 sine
1771 1735 2063 1804 inquisitio:

2241 1729 2390 1783 ἱλλον
2420 1729 2511 1782 τὸν
2556 1727 2862 1798 ἄνθρωπον,
2902 1729 3040 1800 πρὸς
3069 1727 3280 1790 τούτοις
3320 1727 3375 1780 δέ
3411 1725 3764 1795 ἐνυϐριζούσης

541 1828 598 1874 et
637 1820 1042 1876 examinatione
1070 1822 1139 1876 ab
1181 1822 1298 1892 ipsa
1349 1822 1602 1881 Nestorio
1653 1825 2037 1892 condemnato,

2242 1821 2322 1888 τὴν
2349 1819 2406 1872 ἐν
2455 1807 2666 1888 Ἐφέσῳ
2697 1818 2918 1889 πρώτην
2951 1818 3191 1883 σύνοδον,
3221 1818 3296 1881 ὡς
3317 1817 3483 1887 χωρὶς
3517 1815 3765 1884 ζητήσεως

439 1945 442 1948 -
540 1921 790 1968 sanctum
836 1911 1092 1983 Cyrillum
1145 1923 1302 1968 vocat
1349 1914 1684 1981 hmreticum,
1723 1924 1782 1972 et
1822 1916 1962 1972 duod

2244 1913 2320 1966 cal.
2343 1911 2580 1982 κρίσεως
2616 1909 2906 1981 Νεστόριον
2936 1909 3382 1964 καταδικάσασαν
3419 1909 3465 1939 ⁸⁵
3491 1906 3690 1960 καὶτὸν
3723 1906 3767 1956 ἐν

542 2001 661 2070 ejus
689 2003 923 2072 capitula
949 2004 1113 2072 impia
1137 2005 1291 2067 dicit,
1316 2006 1626 2060 Nestorium
1648 2015 1829 2062 autem
1853 2017 1909 2062 et
1939 2007 2065 2062 Tth

2242 2002 2404 2069 ὶγίοις
2436 2001 2702 2072 Κύριλλον
2733 2000 3010 2070 αἱρετικὸν
3055 1997 3433 2068 ἀποκαλούσης
3481 1997 3578 2049 καὶ
3623 1994 3765 2061 ἀσεϐῆ

539 2093 732 2148 dorum
771 2111 896 2150 cum
930 2096 1112 2164 impiis
1153 2093 1343 2151 eorum
1390 2098 1716 2168 conscriptis
1767 2099 2043 2154 collaudat

2246 2083 2293 2144 τά
2323 2090 2388 2162 ιβ’
2421 2092 2586 2144 αὑτοῦ
2621 2091 2916 2159 κεφάλαια,
2950 2091 3248 2159 Νεστόριον
3294 2089 3353 2141 δέ
3396 2088 3442 2120 ³⁸
3469 2089 3570 2141 καὶ
3592 2085 3769 2140 8568a)-

539 2185 809 2240 defendit.
845 2185 902 2238 Si
949 2188 1072 2256 quis
1113 2187 1297 2258 igitur,
1347 2189 1488 2243 sicut
1515 2190 1722 2245 dictum
1750 2201 1853 2255 est,
1877 2193 2062 2246 eamdc

2248 2200 2320 2236 ›ον
2358 2184 2498 2254 μετὰ
2527 2184 2635 2236 τῶν
2683 2183 2899 2236 ἀσεϐῶν
2949 2180 3115 2234 αὐτοῦ
3155 2179 3608 2250 συγγραμμάτων
3643 2179 3771 2230 ἐπαι-

539 2277 714 2348 ipsam
771 2278 1056 2347 epistolam
1115 2280 1376 2346 vindicat,
1422 2281 1510 2337 vel
1569 2290 1774 2336 rectam
1830 2297 1951 2338 esse
1994 2282 2062 2338 die

2248 2279 2424 2349 νούσης
2447 2280 2539 2332 καὶ
2563 2278 2903 2348 ἐκδικούσης.
2945 2277 3015 2330 Εί
3039 2294 3121 2340 τις
3150 2277 3350 2341 τοίνυν,
3379 2274 3526 2329 καθὰ
3565 2273 3771 2344 εἴρηται,

549 2371 737 2437 ipsam,
779 2369 864 2424 vel
910 2380 1117 2439 partem
1165 2371 1368 2442 ipsius,
1409 2373 1504 2428 sed
1550 2388 1659 2428 non
1696 2375 2067 2429 anathematiz

2252 2371 2328 2442 τὴν
2359 2372 2658 2440 εἰρημένην
2687 2370 2860 2438 ἀσεϐῆ
2892 2367 3180 2439 ἐπιστολὴν
3209 2367 3415 2420 ἐκδικεῖ
3443 2366 3476 2435 ἦ
3507 2365 3672 2435 ὀρθὴν
3699 2364 3775 2416 αύ-

545 2475 690 2527 cam,
716 2462 1005 2517 anathema
1039 2461 1130 2516 sit.

2251 2463 2322 2532 τὴν
2350 2461 2490 2517 εἶναι
2522 2462 2670 2530 λέγει
2703 2461 2735 2532 ἢ
2778 2462 2943 2531 μέρος
2984 2459 3176 2530 αὐτῆς,
3218 2457 3353 2513 ἀλλὰ
3404 2455 3480 2527 μὴ
3526 2455 3774 2525 ἀναθεμα-

2226 2553 2368 2620 τίςει
2404 2554 2596 2624 αὐτὴν,
2633 2553 2880 2622 ἀνάθεμα
2912 2551 3073 2603 ἔστω.

617 2655 637 2689 ι
671 2635 790 2692 Tali
839 2655 967 2710 ergo
1022 2641 1185 2711 impia
1232 2643 1458 2713 epistola
1499 2646 1644 2715 juste
1674 2647 2125 2702 anathematizata

2304 2641 2445 2711 ιΤῆς
2471 2639 2728 2710 τοιαύτης
2759 2640 2938 2692 τοίνυν
2961 2638 3250 2709 ἐπιστολῆς
3270 2638 3492 2704 δικαίως
3528 2639 3779 2708 ἁναθεμιο

543 2739 770 2799 propter
812 2730 1046 2786 insertas
1097 2734 1146 2786 ci
1186 2734 1572 2804 blasphemias,
1616 2737 1884 2791 Theodori
1921 2747 1977 2792 et
2015 2739 2066 2790 Ν

2256 2731 2506 2800 λισθείσης
2533 2729 2619 2783 διὰ
2643 2731 2741 2793 τὰς
2773 2729 3169 2801 περιεχομένας
3189 2730 3235 2761 ⁸⁷
3265 2731 3402 2800 αὐτῇ
3429 2730 3779 2801 βλασφημίας,

541 2819 692 2872 storii
748 2820 1035 2889 impiorum
1077 2838 1341 2895 sequaces
1383 2836 1654 2881 conantur
1695 2829 1898 2892 dicere,
1937 2843 2062 2883 susc

2261 2827 2276 2877 ί
2309 2825 2377 2878 τά
2403 2825 2448 2855 ³³
2477 2821 2753 2892 Θεοδώρου
2804 2822 2898 2875 καὶ
2939 2822 3232 2892 Νεστορίου
3269 2822 3380 2876 τῶν
3404 2823 3623 2876 ἀσεϐῶν
3667 2839 3780 2892 φρο-

540 2919 690 2980 ptam
739 2926 862 2966 esse
901 2928 1020 2967 eam
1081 2929 1112 2967 a
1171 2925 1360 2970 sancto
1399 2916 1833 2974 Chalcedonensi
1874 2921 2063 2975 concili

2261 2916 2445 2978 οῦντες
2495 2914 2828 2985 ἐπιχειροῦσι
2881 2914 3059 2984 λέγειν
3117 2915 3324 2984 ταύτην
3359 2913 3610 2984 δεδέχθαι
3653 2913 3784 2983 παρὰ

544 2997 660 3054 Hoc
711 3009 892 3054 autem
930 3001 1138 3070 dicunt,
1175 3014 1418 3060 sanctam
1467 3008 1686 3077 quidem
1718 3009 2067 3065 Chalcedone

2263 3007 2330 3077 ἧς
2368 3007 2531 3074 ἁγίας
2562 3007 2620 3058 ἐν
2657 3000 2962 3076 Χαλκηδόνι
2995 3006 3232 3059 συνόδου.
3269 3003 3440 3057 Τοῦτο
3480 3004 3543 3056 δέ
3591 3003 3784 3071 λέγουσι

541 3105 658 3144 sem
705 3092 970 3162 synodum
1023 3095 1450 3162 calumniantes,
1500 3101 1722 3155 nomine
1773 3111 1955 3156 autem
2007 3103 2064 3172 ej'

2264 3101 2330 3169 ὴν
2357 3099 2456 3170 μὲν
2477 3099 2639 3166 ἁγίαν
2661 3097 2878 3152 σύνοδον
2902 3096 3385 3166 συκοφαντοῦντες,
3415 3095 3492 3166 τῷ
3521 3096 3581 3148 δὲ
3603 3095 3786 3163 ταύτης

541 3176 863 3234 festinantes
905 3181 1087 3236 debita
1128 3185 1582 3242 condemnatione
1609 3188 1841 3244 liberare
1869 3191 2064 3246 'l‘heod'

2263 3191 2582 3261 προσχήματι
2614 3189 3007 3254 σπουδάζοντες
3027 3190 3127 3259 τῆς
3151 3189 3509 3259 ὀφειλομένης
3547 3186 3786 3256 κατακρί-

542 3285 684 3335 rum,
712 3279 768 3325 et
810 3271 1146 3341 Nestorium,
1179 3283 1236 3330 et
1290 3277 1510 3347 impiam
1555 3279 1860 3349 epistolam,
1896 3297 1995 3350 pro
2022 3297 2065 3350 (ιι

2265 3299 2368 3344 εως
2405 3279 2771 3348 ἐλευθερῶσαι
2800 3279 3076 3347 Θεόδωρον
3098 3280 3192 3332 καὶ
3226 3271 3525 3348 Νεστόριω
3563 3279 3655 3332 καὶ
3703 3277 3785 3345 τὴν

547 3361 670 3414 ibas
693 3362 891 3431 saepius
923 3374 1232 3431 accusatus,
1263 3384 1372 3423 non
1404 3379 1488 3424 est
1518 3386 1683 3426 ausus
1704 3387 1824 3426 eam
1855 3387 2008 3426 suam
2039 3374 2070 3427 d

2269 3373 2400 3442 σεϐῆ
2432 3371 2743 3442 ἐπιστολὴν,
2798 3371 2928 3440 περὶ
2976 3366 3044 3443 ἦς
3084 3370 3236 3434 Ἰϐας
3263 3370 3526 3434 πολλάκις
3571 3385 3788 3438 κατηγο-

542 3467 668 3507 cere
690 3464 910 3524 propter
931 3455 1161 3512 insertas
1186 3459 1234 3511 ei
1265 3460 1646 3535 blasphemias.
1671 3461 1736 3516 Et
1762 3463 1876 3517 hac
1897 3463 2065 3517 deme}

2264 3463 2416 3534 ηθεὶς
2446 3463 2547 3516 οὐκ
2577 3463 2846 3532 ἐτόλμησε
2902 3461 3106 3532 ταύτην
3149 3462 3543 3516 οἰκειώσασθαι
3579 3460 3668 3515 διὰ
3704 3459 3787 3520 τὰς

545 3545 842 3599 strabimus
882 3561 946 3598 ex
999 3548 1106 3612 his,
1138 3565 1258 3618 qua:
1292 3532 1508 3606 diverse
1534 3553 1601 3606 de
1630 3553 1732 3608 ista
1774 3569 1936 3608 causa
1979 3568 2068 3608 mo

2266 3532 2630 3627 τεριεχομένας
2662 3556 2799 3624 αὐτῇ
2833 3553 3206 3624 βλασφημίας.
3238 3555 3349 3608 Καὶ
3377 3552 3555 3607 ταῦτα
3591 3551 3789 3608 ἀποδεί-

545 3644 692 3687 suut.
737 3633 790 3688 In
827 3635 913 3689 his
961 3638 1107 3690 enim
1169 3655 1290 3707 qua:
1339 3643 1481 3710 apud
1533 3642 1785 3697 Photium
1832 3653 1887 3698 et
1932 3644 2068 3698 Eust

2262 3663 2394 3715 ομεν
2435 3647 2498 3698 ἐκ
2530 3646 2639 3699 τῶν
2696 3645 2967 3715 διαφόρως
3017 3645 3146 3715 περὶ
3185 3644 3371 3698 τούτου
3403 3645 3785 3714 κεκινημένων.

547 3725 722 3779 thium
775 3726 900 3796 Tyri
944 3736 1061 3782 acta
1108 3737 1255 3795 sunt,
1291 3747 1414 3786 cum
1451 3745 1803 3789 accusaretur
1840 3735 2070 3803 prmdictl

2264 3737 2331 3788 Ev
2353 3734 2462 3806 γὰρ
2491 3737 2604 3798 τοῖς
2639 3734 2791 3804 παρὰ
2814 3733 3018 3787 Φωτίου
3064 3734 3159 3787 καὶ
3205 3733 3504 3787 Εὐσταθίου
3553 3749 3787 3803 πεπραγ-

548 3816 671 3872 lbas
721 3818 788 3870 de
840 3816 1052 3884 injuriis
1081 3821 1250 3874 sancti
1274 3821 1480 3890 Cyrilli,
1526 3825 1812 3880 manifeste
1843 3825 2071 3880 confess:

2264 3826 2422 3888 ιένοις
2451 3827 2508 3876 ἐν
2538 3824 2698 3895 Τύρῳ
2743 3826 3220 3896 κατηγορούμενος
3249 3827 3276 3877 ὁ
3298 3823 3624 3894 προλεχθεὶς
3655 3822 3787 3879 Ἰϐας

549 3917 652 3971 est,
679 3916 801 3977 post
831 3909 1094 3963 unitatem
1127 3910 1505 3978 Orientalium,
1532 3931 1653 3983 quae
1681 3916 1746 3969 ad
1781 3926 1984 3971 sanctae
2010 3932 2072 3969 ml

2266 3919 2361 3989 εερὶ
2395 3916 2504 3971 τῶν
2541 3917 2756 3989 ὕϐρεων
2795 3916 2888 3970 τοῦ
2919 3919 2976 3969 ἐν
3025 3918 3205 3986 ἁγίοις
3236 3915 3506 3986 Κυρίλλου
3557 3913 3789 3984 φανερῶς

546 3997 734 4052 moria:
775 3995 1029 4066 Cyrillum
1073 3997 1211 4052 facta
1263 4009 1364 4064 est,
1411 4000 1548 4054 nihil
1589 4002 1909 4072 iniuriosum
1944 4001 2012 4055 de
2061 4021 2069 4052 ι

2267 4009 2490 4062 ατέθετο
2518 4009 2657 4078 μετά
2683 4009 2782 4079 τὴν
2801 4008 2996 4061 ἕνωσιν
3036 4009 3145 4060 τῶν
3170 4007 3502 4061 ἀνατολικῶν
3548 4007 3648 4076 τὴν
3673 4004 3789 4075 πρὸς

545 4089 767 4143 dixisse.
810 4088 1046 4157 Epistola
1095 4100 1275 4146 autem
1331 4092 1489 4161 plena
1542 4093 1812 4162 praedictis
1869 4094 2068 4162 blasplm

2267 4101 2320 4153 δν
2352 4103 2412 4154 ἐν
2438 4101 2614 4168 ἁγίοις
2644 4100 2913 4169 Κύριλλον
2933 4100 3098 4171 μηδὲν
3131 4099 3340 4171 ὕϐρεως
3370 4101 3633 4169 ἐχόμενον
3654 4101 3790 4167 εἰρη-

547 4181 690 4243 miis,
730 4197 828 4249 pro
877 4181 1073 4249 quibus
1117 4186 1476 4238 accusabatur
1521 4185 1662 4251 lbas,
1707 4187 1906 4239 multas
1935 4193 2070 4239 cont:

2269 4192 2384 4245 έναι
2421 4194 2547 4263 περὶ
2577 4191 2766 4246 αὑτοῦ.
2804 4193 2866 4244 'H
2892 4192 2949 4244 δὲ
2975 4192 3228 4261 ἐπιστολὴ
3257 4194 3290 4262 ἡ
3327 4191 3372 4222 ¹’
3394 4189 3792 4261 πεπληρωμένη

547 4280 796 4326 sanctqu
851 4271 1106 4342 Cyrillum
1165 4272 1390 4341 injurias
1443 4276 1748 4338 continens,
1805 4274 1945 4329 facta
2001 4289 2070 4329 es:

2271 4285 2336 4336 ὦν
2364 4283 2669 4354 εἰρημένων
2700 4281 3080 4353 βλασφημιῶν,
3129 4282 3213 4349 ἐφ’
3242 4274 3328 4343 αἷς
3375 4282 3736 4349 κατηγορεῖτο
3759 4277 3794 4306 ³⁹

549 4362 850 4416 ostenditur
881 4374 1004 4432 post
1051 4357 1412 4419 unitatem'ad
1456 4363 1761 4420 Orientales
1794 4366 2013 4430 factam,
2049 4380 2072 4418 ε

2272 4374 2404 4437 [ϐας,
2438 4373 2638 4436 πολλάς
2672 4373 2812 4426 κατὰ
2843 4371 2940 4424 τοῦ
2981 4373 3037 4424 ἐν
3071 4372 3245 4438 ἁγίοις
3298 4370 3575 4440 Κυρίλλου
3625 4368 3795 4436 ὕϐρεις

548 4471 656 4524 quo
684 4455 1090 4509 demonstratur
1123 4455 1243 4508 lbas
1275 4471 1392 4509 eam
1437 4457 1753 4525 abnegasse.
1793 4456 1948 4511 Unde
1981 4473 2071 4526 pra

2274 4465 2554 4536 εριέχουσα
2578 4465 2930 4534 παρίστησιν,
2953 4462 3034 4515 ὅτι
3058 4463 3194 4532 μετὰ
3215 4461 3312 4532 τὴν
3336 4463 3529 4514 ἕνωσίν
3551 4461 3654 4530 τὴν
3677 4457 3797 4527 πρὸς

549 4547 676 4599 dicti
707 4545 931 4599 Pbotius
959 4555 1012 4599 et
1042 4545 1359 4601 Eustathius
1399 4547 1796 4602 satisfacientes
1834 4557 2072 4602 accusati

2276 4557 2355 4618 ὡς
2409 4554 2761 4617 ἁνατολικοὺς
2805 4555 3030 4624 γέγονεν
3069 4569 3084 4584 ·
3139 4553 3199 4617 ἐξ
3239 4549 3299 4607 οὗ
3352 4552 3634 4605 δείκνυται
3661 4551 3799 4609 Ἰϐας

551 4639 722 4702 ribus,
763 4640 818 4692 in
850 4637 1064 4706 scriptis
1093 4637 1444 4702 definierunt,
1481 4639 1796 4706 praedictum
1831 4639 1978 4692 Ibam
2009 4654 2074 4693 on

2278 4645 2430 4716 ιύτην
2493 4645 2974 4715 ἀπαρνησάμενος.
3020 4644 3185 4698 Ὅθεν
3242 4645 3291 4697 οί
3339 4643 3801 4714 μνημονευθέντες

551 4733 639 4786 nia
683 4731 954 4786 contraria
986 4728 1231 4798 epistolae
1279 4743 1557 4798 peragere,
1589 4729 1728 4783 sicut
1755 4729 2025 4799 judicium
2059 4747 2074 4784 ε

2280 4737 2434 4800 timo;
2465 4737 2557 4790 καὶ
2583 4737 2879 4800 Εὐστάθιος
2901 4734 2989 4789 διὰ
3011 4737 3107 4808 τὴν
3133 4735 3242 4789 τῶν
3267 4735 3655 4804 ἐγκαλούντων
3680 4733 3803 4799 πλη-

551 4828 630 4881 eis
678 4825 746 4880 de
794 4826 897 4879 hoc
943 4824 1128 4878 datum
1188 4820 1476 4892 significat.
1531 4820 1639 4875 Sed
1683 4838 1804 4875 cum
1859 4822 1980 4876 lbas
2019 4839 2074 4876 nr

2281 4829 2495 4900 >φορίαν
2525 4829 2822 4899 ἐγγράφως
2845 4826 3188 4880 διετύπωσαν
3218 4827 3308 4880 τὸν
3330 4824 3630 4897 είρημένον
3661 4824 3804 4876 Ἰϐαν

552 4919 902 4989 adimplesset
929 4932 992 4972 ea
1035 4931 1155 4985 quae
1186 4915 1258 4968 illi
1289 4913 1691 4984 iudicaverunt,
1722 4915 1929 4983 ejectus
1957 4925 2075 4968 est:

2282 4921 2412 4974 άντα
2433 4919 2499 4972 τὰ
2529 4918 2746 4972 ἐναντία
2772 4919 2837 4987 τῇ
2867 4916 3122 4988 ἐπιστολῇ
3153 4915 3375 4988 πρᾶξαι,
3407 4913 3597 4978 καθὼς
3627 4917 3662 4985 ἡ
3688 4913 3805 4980 περὶ

554 5013 870 5082 episcopatu
900 5018 1118 5080 propter
1139 5005 1504 5077 blasphemias
1530 5005 1832 5074 praedicata:
1857 5007 2077 5077 epistola

2280 5011 2426 5064 ιύτου
2476 5009 2694 5062 δοθεῖσα
2739 5009 2871 5078 παρ’
2937 5008 3114 5061 αὐτῶν
3184 5009 3464 5080 ἐπίκρισις
3511 5007 3803 5059 δείκνυσιν.

555 5113 612 5160 ct
658 5103 882 5158 Nonnus
923 5119 1019 5173 pro
1059 5101 1148 5155 illo
1194 5099 1476 5154 ordinatus
1509 5107 1610 5160 est,
1653 5099 1746 5167 qui
1783 5108 1839 5152 et
1879 5099 2078 5153 consed

2282 5103 2407 5154 ma
2440 5101 2514 5172 μὴ
2564 5099 2860 5170 πληρώσας
2893 5099 3054 5170 363
3091 5099 3243 5162 Ἴϐας
3290 5099 3359 5152 τά
3400 5097 3529 5166 παρ’
3588 5094 3805 5152 ἐκείνων

556 5197 613 5250 in
641 5206 828 5249 sancto
856 5191 1280 5248 Chalcedonensi
1311 5190 1561 5245 concilio.

2286 5192 2591 5264 τικριθέντα
2622 5189 2887 5261 ἐξεϐλήθη
2917 5191 3015 5260 τῆς
3057 5189 3364 5259 ἐπισκοπῆς
3390 5188 3482 5241 διά
3525 5191 3631 5251 τὰς
3662 5188 3809 5239 ϐλασ·

557 5284 766 5355 φημίας
824 5285 923 5354 τῆς
980 5281 1277 5353 εἰρημένης
1342 5279 1651 5348 ἐπιστολῆς,
1719 5280 1815 5333 καὶ
1847 5281 1888 5311 ³¹
1950 5280 2146 5344 Νάννος
2213 5284 2326 5336 ἀντ’
2383 5282 2550 5337 αὐτοῦ
2602 5279 3010 5354 ἐχειροτονήθη,
3069 5279 3129 5343 ὃς
3185 5280 3280 5333 καὶ
3338 5278 3716 5347 συνεκαθέσθη
3749 5278 3806 5342 τῇ

556 5375 689 5448 ἁγίᾳ
716 5378 773 5430 ἐν
796 5375 1102 5445 Χαλκηδόνι
1135 5373 1358 5444 συνόδῳ.

1852 5461 2084 5519 νΑιιιᾹε
2127 5460 2531 5518 LECTIONES.

625 5584 674 5618 ³³
705 5583 793 5636 τὸν
821 5566 956 5635 Θεδν
986 5579 1248 5652 ΛᾷγονγΡ.
1323 5579 1368 5652 ῗδ
1394 5579 1548 5652 ψιλὸν
1579 5581 1980 5652 τὴν-ἄνθρωπον
2010 5582 2048 5634 Ρ
2071 5581 2205 5636 sola.
2305 5580 2351 5652 ξ’
2379 5579 2821 5652 καταδικασάσης
2855 5581 2894 5635 Ρ
2920 5581 3058 5636 sola.
3117 5578 3179 5652 ξ’
3210 5577 3265 5631 δὲ
3303 5591 3412 5628 om.
3470 5575 3543 5652 I‘1
3621 5578 3668 5609 ³⁷
3709 5592 3814 5652 3:5-

560 5653 874 5780 ριεχομὲνας
905 5653 1004 5722 (ἐν)
1026 5645 1233 5776 assde.
1309 5651 1354 5682 ’⁸
1387 5645 1433 5703 οι
1483 5651 1568 5704 τά.
1629 5647 1715 5705 οἷα
1769 5645 1876 5707 PV.
1987 5654 2092 5721 ’θὴ
2147 5667 2257 5704 om.
2315 5650 2374 5703 P.
2453 5651 2497 5682 ³ο
2555 5645 2911 5722 κατηγορεῖτο
2968 5667 3040 5706 ιιι.
3115 5649 3181 5716 R,
3244 5648 3644 5718 κατηγορεῖται
3709 5645 3812 5703 PV.

568 5735 706 5779 δίκα
787 5737 1020 5779 emcou
1101 5738 1200 5776 ll.
3032 5771 3039 5774 ..

568 5735 605 5764 ³¹
635 5735 728 5779 καὶ
750 5735 817 5779 σε
850 5737 970 5777 meo
991 5735 1166 5776 ilddldl
1185 5760 1200 5776 ο
3032 5771 3039 5774 η
