3856 6342
143 349 258 413 933

1346 348 1783 415 CHRONICON
1833 352 2235 415 PASCHALE.

3314 353 3421 418 634

228 461 403 534 «Περὶ
427 461 538 516 τῶν
561 460 744 516 αὐτῶν
771 462 951 517 τοίνυν
976 463 1070 517 καὶ
1094 462 1152 519 ἐν
1178 461 1480 532 Χαλκηδόνι
1502 479 1729 535 κατηγοι

1917 482 1935 513 ι
1970 462 2047 517 De
2093 461 2299 516 eisdem
2346 462 2510 534 igitur
2555 461 2718 517 etiam
2755 461 3102 519 Chalcedone
3136 475 3420 520 accusatus

145 552 341 618 φηθεὶς
365 554 393 606 6
426 555 822 624 μνημονευοεὶς
848 555 1000 613 Ἰϐας
1024 554 1164 623 μετὰ
1189 554 1289 626 τὴν
1316 555 1620 621 ἀνάγνωσιν
1641 557 1741 624 τῆς

147 644 393 707 ἀσεϐοῦς
443 645 737 714 ἐπιστολῆς
770 646 873 699 οὐκ
905 644 1171 715 ἐτόλμησε
1220 646 1423 717 ταύτην
1455 645 1744 700 οἰκειώσα-

146 735 301 799 σθαι,
327 736 442 789 ἀλλ’
461 737 624 800 εὐθὺς
656 736 846 799 αὐτοῖς
867 736 1075 802 λέξεσιν
1105 737 1410 806 ἐπήγαγεν,
1435 737 1516 790 ὅτι
1556 735 1740 790 Ἀλλά-

141 825 300 893 τριὸς
332 828 449 895 εἰμι
479 824 585 879 τῶν
620 826 979 896 ἐπαγομένων
1008 843 1120 898 μοι.
1163 825 1329 881 Ὅθεν
1365 830 1398 898 ἡ
1450 827 1580 897 ἁγία
1616 826 1743 882 σύν·

142 915 292 979 οδος.
344 916 421 986 μὴ
448 916 782 987 ἀρκεσθεῖσα
814 921 880 990 τῇ
902 919 1132 991 ἀρνήσει
1166 919 1288 975 Ἴϐα
1313 923 1380 992 τῇ
1397 921 1491 975 ἐπὶ
1520 922 1587 992 τῇ
1612 921 1742 975 ἀσε-

143 1008 235 1061 ϐεῖ
255 1008 541 1080 ἐπιστολῇ,
572 1008 888 1082 συνὼθησεν
911 1010 1077 1065 αὑτὸν
1101 1012 1362 1065 τάναντία
1383 1010 1554 1082 ταύτῃ
1589 1012 1738 1081 πρᾶ-

144 1099 257 1165 ξαιο
280 1100 565 1155 τουτέστιν
588 1099 689 1172 τὴν
711 1102 772 1155 ἐν
792 1102 931 1174 αὐτῇ
962 1102 1331 1176 ἀθετουμένην
1365 1104 1535 1176 ὀρθὴν
1546 1103 1738 1183 ’πίστιν

142 1193 507 1264 ὁμολογῆσαι,
529 1194 621 1247 καί⁵
641 1195 743 1266 τὴν
762 1195 822 1248 ἐν
850 1192 1064 1267 Ἐφέσῳ
1087 1195 1313 1269 πρώτην
1335 1197 1497 1264 ἁγίαν
1519 1195 1738 1250 σύνοδον

145 1274 437 1349 δέξασθαι,
478 1285 574 1338 καὶ
614 1285 707 1338 τὸν
749 1287 809 1341 ἐν
835 1287 1015 1356 ἁγίοις
1056 1287 1328 1358 Κύριλλον
1369 1288 1591 1358 Πατέρα
1640 1287 1736 1343 καὶ

153 1374 481 1429 διδάσκαλον
507 1375 941 1448 ἐπιγράψασθαι,
969 1375 1039 1431 τὰ
1053 1378 1112 1429 ἐν
1137 1379 1203 1449 τῇ
1233 1378 1370 1448 αὐτῇ
1397 1376 1585 1432 ἀσεϐεῖ
1610 1378 1736 1430 ἐπι-

146 1462 313 1534 στολῇ
344 1462 702 1534 ὑϐριζόμενα,
749 1466 846 1519 καὶ
885 1465 1186 1539 Νεστόριον
1212 1466 1390 1521 καὶτὸ
1417 1465 1615 1529 ἀσεϐὲς
1647 1465 1740 1519 αύο

142 1553 240 1607 τοῦ
271 1552 457 1623 δόγμα
487 1553 910 1625 ἀναθεματίσαι,
953 1557 1094 1627 ὅπερ
1118 1557 1163 1589 ³³
1186 1558 1220 1628 ἡ
1241 1556 1445 1629 ἀσεϐὴς
1474 1557 1734 1628 ἐπιστολὴ

142 1645 366 1697 ἐπαινεῖ
388 1644 482 1697 καὶ
500 1643 733 1699 ἐκδικετ.

220 1733 525 1789 «Είτοίνυν
553 1742 646 1791 καὶ
676 1735 842 1801 αὐτὸς
871 1731 1017 1800 Ἵϐας
1041 1736 1315 1811 διαφόρως
1330 1736 1734 1811 κατηγορηθεὶς

1841 563 2177 609 memoratus
2231 553 2378 617 lbas,
2435 562 2559 623 post
2608 554 2898 610 lectionem
2951 555 3132 626 impia:
3176 554 3421 626 epistola:

1841 659 1951 701 non
1981 656 2065 701 est
2093 661 2260 701 ausus
2309 661 2429 701 eam
2465 661 2618 700 suam
2650 661 2772 701 esse
2801 646 3075 713 conﬁteri,
3111 646 3207 702 sed
3238 647 3421 702 statim

1839 737 1973 808 ipsis
2002 738 2181 793 verbis
2208 737 2388 793 intulit
2414 756 2427 791 :
2460 739 2712 793 Alienum
2735 754 2794 794 se
2820 754 2942 793 esse
2971 754 3161 793 eorum
3199 754 3323 809 qua
3356 738 3407 794 ci

1838 825 2232 883 inferebantur.
2261 826 2415 882 Unde
2436 835 2623 881 sancta
2652 827 2911 897 synodus,
2939 843 3062 882 cum
3091 828 3142 882 ei
3172 843 3281 883 non
3311 826 3423 883 suf-

1834 915 2026 972 ficeret
2058 917 2348 989 abnegatio
2396 918 2521 982 lbw,
2574 933 2695 988 qua>
2726 918 2864 973 facta
2887 928 2975 974 est
3008 921 3077 974 de
3108 919 3275 990 impia
3302 919 3421 990 cpi-

1837 1009 1995 1072 stola,
2033 1009 2294 1080 compulit
2324 1024 2449 1065 eum
2499 1010 2772 1065 contraria
2809 1009 2861 1064 ei
2901 1025 3184 1082 peragere,
3229 1012 3283 1067 id
3311 1019 3419 1077 est,
3489 1065 3499 1081 ,

1837 1099 2180 1168 reprobatam
2227 1100 2281 1154 in
2311 1115 2375 1155 ea
2413 1109 2619 1155 rectam
2653 1099 2814 1154 ﬁdem
2847 1100 3116 1165 confiteri,
3147 1109 3203 1155 et
3237 1100 3421 1170 Ephe-

1836 1191 2011 1245 sinam
2038 1192 2268 1261 primam
2294 1200 2539 1247 sanctam
2577 1192 2841 1263 synodum
2869 1191 3169 1262 suscipere,
3209 1201 3267 1247 et
3294 1206 3424 1248 san-

1837 1291 1985 1335 ctum
2012 1280 2271 1352 Cyrillum
2311 1282 2526 1338 Patrem
2561 1270 2619 1339 et
2642 1283 2920 1338 doctorem
2963 1283 3259 1349 ascribere,
3296 1299 3421 1355 qua:

1838 1369 1891 1423 in
1919 1370 2108 1426 eadem
2134 1371 2299 1443 impia
2344 1373 2577 1443 epistola
2615 1372 2968 1443 injuriantur,
2996 1381 3054 1427 et
3082 1364 3416 1439 Nestorium,

1836 1460 2178 1533 impiumque
2237 1464 2359 1534 ejus
2416 1462 3141 1534 dogmaanathematizare,
3194 1479 3316 1534 quae
3362 1469 3422 1520 et

1835 1551 2002 1622 impia
2036 1553 2268 1624 epistola
2293 1552 2536 1610 defendit
2570 1562 2627 1609 et
2653 1553 2943 1609 collaudat.

1911 1743 1931 1776 ι
1967 1723 2026 1778 Si
2061 1723 2224 1795 igitur
2260 1734 2317 1781 et
2364 1725 2482 1797 ipse
2520 1726 2639 1782 lhas
2676 1734 2901 1796 propter
2940 1725 3162 1797 impiam
3216 1726 3420 1797 episto-

144 1829 277 1897 περί
307 1824 411 1896 τῆς
456 1826 695 1892 ἀσεϐοῦς
732 1828 1028 1900 ἐπιστολῆς
1061 1830 1165 1885 οὐκ
1218 1830 1521 1902 ἐτόλμησεν
1555 1831 1729 1903 αὐτὴν

1834 1814 1939 1870 lam
1995 1817 2197 1887 saepius
2241 1826 2550 1883 accusatus,
2586 1833 2699 1873 non
2756 1827 2839 1871 est
2892 1834 3058 1875 ausus
3103 1834 3225 1875 eam
3262 1834 3419 1874 suam

142 1914 564 1983 οἰκειώσασθαι,
595 1916 733 1971 ἀλλά
768 1920 864 1972 καὶ
903 1919 939 1990 ἡ
976 1920 1035 1973 ἐν
1082 1920 1391 1991 Χαλκηδόνι
1434 1920 1564 1990 ἀγία
1600 1920 1727 1975 σύν-

142 2007 261 2069 ιγόος
291 2006 476 2061 πάντα
504 2007 574 2061 τά
620 2008 840 2063 ἐναντία
873 2014 1078 2082 ταύτης
1124 2011 1541 2082 παρεσκεύασεν
1565 2011 1726 2067 αὐτὸν

146 2096 378 2167 πρᾶξαι,
419 2096 538 2161 πῶς
558 2092 706 2168 εἶχεν
734 2099 768 2170 ἡ
805 2100 944 2172 αὑτὴ
972 2101 1103 2169 ἁγία
1138 2101 1183 2135 ³⁸
1207 2101 1423 2166 σύνοδος
1444 2102 1544 2173 τὴν
1571 2104 1727 2175 εἰρη-

146 2189 325 2259 μένην
351 2187 646 2261 ἐπιστολὴν
672 2189 935 2256 δέξασθαι
983 2194 1080 2248 καὶ
1110 2192 1189 2265 τῷ
1237 2195 1468 2267 κρίματι
1495 2195 1595 2266 τῆς
1627 2212 1728 2249 πε·-

144 2281 482 2353 ριεχομένης
512 2282 653 2354 αὐτῇ
695 2284 951 2350 ἀσεϐείας
988 2287 1310 2353 ὑποπεσεῖν,
1354 2287 1448 2358 ἀφ’
1476 2282 1545 2362 ἦς
1575 2288 1729 2342 Ἱϐαν

144 2376 523 2448 ἐλευθερῶσαι
553 2377 890 2433 ἐσπούδασεν
908 2395 925 2446 ;
1008 2426 1009 2429 η

122 2526 139 2541 θ
221 2487 241 2520 ι
268 2469 500 2540 Ἐπειδὴ
527 2468 586 2523 δέ
629 2470 808 2533 πάσας
836 2469 1258 2544 ὑπερϐαίνοντες
1277 2471 1376 2536 τὰς
1401 2470 1727 2544 περιεχομέ-

146 2574 244 2623 νας
274 2561 346 2630 τῇ
372 2561 635 2630 ἐπιστολῇ
668 2540 1022 2630 βλασφημίας
1039 2563 1088 2614 οί
1117 2540 1412 2633 αίρετικοὶ,
1440 2540 1600 2615 τοῦτο
1631 2540 1729 2631 μό-

148 2666 237 2703 νον
254 2649 323 2717 ἐξ
343 2650 517 2721 αὐτῆς
546 2650 885 2722 προφέρουσι
910 2652 972 2706 τὸ
990 2653 1130 2723 πρὸς
1152 2654 1369 2725 ἀπάτην
1393 2654 1502 2707 τῶν
1524 2654 1720 2708 ἁπλου-

146 2741 373 2814 στέρων
392 2741 547 2813 παρά
577 2740 676 2796 τοῦ
707 2743 809 2812 τὴν
834 2742 1129 2816 ἐπιστολὴν
1156 2744 1473 2815 γράψαντος
1501 2741 1730 2816 εἰρημέ-

145 2851 254 2899 νον,
288 2830 441 2886 τοῦτ’
461 2832 608 2885 ἐστιν
637 2831 731 2885 δύο
757 2831 968 2901 φύσεις,
1009 2835 1140 2902 μίαν
1173 2833 1426 2904 δύναμιν,
1456 2833 1514 2887 ἓν
1544 2834 1721 2905 πρόσ·

1829 1905 2033 1973 dicere,
2066 1907 2162 1962 sed
2207 1907 2371 1962 etiam
2437 1907 2883 1966 Chalcedonense
2936 1919 3186 1965 sanctum
3237 1911 3421 1968 conci-

1827 1996 1961 2052 lium
2005 1997 2190 2053 omnia
2230 1999 2282 2053 ei
2334 2000 2609 2055 contraria
2655 2002 2921 2072 compulit
2949 2017 3076 2057 eum
3111 2018 3415 2075 peragere:

1828 2088 2101 2159 quomodo
2152 2089 2341 2145 eadem
2394 2101 2581 2147 sancta
2627 2094 2866 2162 synodus
2896 2101 3253 2149 memoratam
3297 2094 3419 2165 epi-

1830 2177 2023 2233 stolam
2051 2178 2356 2249 susciperet
2400 2190 2456 2236 et
2478 2181 2920 2238 condemnationi
2970 2182 3270 2255 impietatis
3297 2199 3421 2254 quae

1830 2270 1884 2324 in
1912 2285 1976 2326 ea
2021 2274 2353 2338 continetur,
2380 2269 2503 2327 sese
2538 2272 2856 2344 subjiceret,
2895 2289 2927 2327 a
2962 2289 3071 2344 qua
3103 2274 3251 2330 Ibam
3280 2274 3419 2331 libe-

1831 2375 1952 2416 rare
1976 2359 2299 2416 festinavit?

1908 2472 1926 2505 ι
1961 2452 2228 2520 Quoniam
2283 2463 2465 2510 autem
2519 2469 2711 2511 omnes
2760 2455 3130 2527 blasphemias
3174 2451 3420 2528 epistolai

1833 2545 2308 2615 przetermittentes
2340 2546 2649 2614 haereticos,
2693 2547 2796 2604 hoc
2825 2549 3003 2603 solum
3036 2564 3105 2604 ex
3136 2549 3250 2619 ipsa
3288 2565 3420 2621 pro-

1829 2635 2052 2701 ferunt,
2108 2638 2254 2707 quod
2312 2639 2379 2694 ad
2449 2638 2801 2710 decipiendos
2868 2640 3233 2712 simpliciores
3278 2640 3418 2698 scri-

1829 2738 1953 2798 ptor
1986 2730 2230 2800 epistolae
2272 2731 2426 2795 dixit,
2472 2731 2578 2787 hoc
2628 2740 2732 2798 est,
2774 2732 2912 2787 duas
2960 2740 3206 2797 naturas,
3250 2748 3417 2789 unam

1832 2818 2113 2884 virtutem,
2166 2835 2330 2874 unam
2370 2835 2696 2890 personam;
2743 2822 3240 2879 demonstrabimus
3271 2823 3420 2894 quod

145 2941 320 2987 ωπον,
357 2924 714 2994 ἀποδείξομεν
747 2924 909 2978 αὐτὸν
960 2926 1055 2979 καὶ
1100 2928 1175 2985 ,ἐν¹
1211 2924 1387 2996 τούτῳ
1433 2925 1534 2997 τὴν
1586 2924 1726 2979 ἰδίαν

1834 2907 2294 2980 [demonstramus
2337 2911 2515 2981 ipsum
2547 2912 2692 2982 quod
2731 2921 2789 2967 et
2826 2912 3063 2985 Leuncl.]
3102 2914 3220 2985 ipse
3250 2916 3419 2971 etiam

149 3015 407 3068 ἀσέϐειαν
444 3015 889 3086 παραμιγνύντα.
938 3017 1096 3080 Τίνος
1128 3016 1237 3087 γὰρ
1271 3015 1338 3069 ἂν
1363 3016 1459 3069 καλ⁸
1491 3015 1643 3083 λέγοι
1671 3014 1720 3047 ³⁸

1834 2998 1887 3053 in
1939 2998 2045 3055 hoc
2092 3016 2245 3055 suam
2292 3003 2638 3057 commiscuit
2687 3003 3044 3073 impietatem.
3071 3004 3242 3074 Cujus
3269 3004 3417 3060 enim

147 3105 239 3158 δύο
272 3103 470 3175 φύσεις
526 3106 625 3159 καί¹
665 3106 726 3160 ἓν
787 3106 1082 3177 πρόσωπον
1125 3109 1154 3162 6
1187 3106 1601 3180 ἀπαρνούμενος
1636 3106 1729 3161 τὸν

1834 3092 2038 3148 diceret
2068 3093 2204 3149 duas
2230 3104 2455 3150 naturas
2479 3106 2535 3149 et
2563 3110 2728 3150 unam
2766 3111 3077 3166 personam,
3112 3097 3206 3167 qui
3244 3097 3417 3154 abne-

147 3196 279 3251 Θεδν
311 3198 489 3266 Λόγον
526 3198 878 3270 σαρκωθῆναι
916 3201 980 3253 ἐκ
1012 3199 1110 3270 τῆς
1147 3199 1311 3267 ἁγίας
1343 3198 1556 3263 ἐνδόξου
1595 3199 1729 3252 Θεο-

1834 3191 1922 3256 gat
1973 3184 2141 3240 Deum
2180 3185 2417 3241 Verbum
2466 3186 2813 3242 incarnatum
2861 3188 2929 3243 de
2974 3196 3172 3244 sancta
3214 3198 3271 3244 et
3297 3189 3415 3289 glo-

146 3288 309 3343 τόκου
370 3288 470 3341 καὶ
515 3288 903 3360 ’Δειπαρθένου
956 3290 1175 3361 Μαρίας
1207 3290 1303 3344 καὶ
1360 3288 1617 3359 τεχθῆναι
1672 3289 1729 3354 ἐξ

1834 3277 1976 3332 riosa
2022 3277 2116 3332 Dei
2167 3277 2443 3333 chitrice
2493 3287 2550 3334 et
2604 3293 2824 3349 semper
2860 3279 3081 3351 Virgine
3127 3280 3314 3349 Maria,
3334 3277 3418 3338 ἐι

146 3380 319 3451 αὐτῆς
345 3394 361 3444 ;
392 3377 532 3432 ἀλλά
552 3378 816 3450 πρόδηλον
842 3380 887 3412 ³⁸
907 3380 981 3444 ὡς
998 3380 1206 3453 ἑκάστῃ
1226 3380 1386 3450 φύσει
1410 3382 1542 3435 ίδιον
1567 3383 1734 3454 πρὸσ-

146 3486 297 3524 ωπον
342 3470 631 3541 ἀπονέμει,
676 3470 856 3536 καθὼς
894 3471 1170 3545 Θεόδωρος
1212 3473 1306 3526 καὶ
1340 3472 1638 3545 Νεστόριος
1673 3474 1731 3527 ἐν

143 3565 253 3627 τοῖς
305 3563 531 3626 οἰκείοις
571 3561 751 3631 λόγοις
796 3561 1245 3634 βλασφημοῦντες
1306 3562 1556 3631 ἐξέθεντο
1594 3580 1607 3593 ’
1636 3564 1731 3629 οὒς

146 3656 241 3707 καὶ
264 3657 313 3688 ⁸⁸
342 3656 551 3709 ἐκδικεῖ
580 3658 609 3711 6
639 3657 859 3727 γράψας
887 3655 984 3729 τὴν
1017 3655 1307 3728 ἐπιστολὴν
1338 3658 1478 3728 μετὰ
1503 3657 1604 3727 τῆς
1628 3658 1728 3713 αύ-

144 3746 252 3798 τῶν
285 3745 573 3808 ἀσεϐείας.
617 3747 847 3801 Ἐκεῖνοι
900 3746 1010 3815 γὰρ
1051 3747 1303 3817 φανερῶς
1359 3746 1578 3815 λέγουσι
1631 3745 1727 3800 δύο

146 3837 424 3908 πρόσωπα
457 3836 553 3889 τοῦ
579 3836 715 3890 Θεοῦ
735 3837 912 3905 Λόγου
937 3837 1029 3889 καὶ
1058 3834 1153 3888 τοῦ
1192 3835 1459 3906 Χριστοῦ,
1480 3835 1540 3890 δν
1570 3836 1729 3906 ψιλὸν

146 3931 440 4000 ἄνθρωπον
465 3926 805 3983 ἀποκαλοῦσι
830 3927 971 3982 κατὰ
999 3927 1257 4000 σχετικὴν
1283 3928 1603 3998 συνάφειαν,
1635 3929 1728 3984 κα)⁵

145 4000 241 4091 τὴν
272 4018 456 4089 αὐτὴν
507 4018 667 4084 ἀξίαν
708 4036 770 4072 τε
824 4018 917 4075 καὶ
946 4019 1113 4091 τιμὴν
1160 4017 1220 4071 ἓν
1252 4018 1544 4090 πρόσωπον
1592 4020 1725 4074 ἀνα-

147 4114 441 4183 φαίνεσθαι
472 4113 517 4145 ⁸⁴¹
569 4112 840 4182 λέγουσιν.
901 4111 1064 4166 Ἀλλά
1114 4113 1210 4167 καὶ
1244 4113 1354 4167 τῶν
1386 4111 1481 4167 δύο
1509 4112 1726 4183 φύσεων

149 4206 274 4274 μίαν
309 4205 546 4275 δύναμιν
585 4203 706 4275 ἦτοι
748 4202 1071 4257 δυναστείαν
1104 4203 1280 4273 λέγων
1304 4206 1332 4258 6
1368 4203 1591 4276 γράψας
1625 4206 1724 4276 τὴν

146 4297 442 4368 ἐπιστολὴν
471 4294 705 4366 φανερός
732 4294 781 4326 ³⁸
811 4295 958 4347 ἐστιν
991 4294 1068 4358 ὡς
1090 4296 1183 4348 καὶ
1213 4297 1270 4348 έν
1295 4295 1469 4368 τούτῳ
1494 4295 1723 4351 ἀκολου-

146 4366 235 4445 θεῖ
252 4395 368 4455 τοῖς
394 4390 706 4462 εἰρημένοις
738 4391 1054 4461 αίρετικοῖς,
1089 4387 1352 4461 Θεοδώρῳ
1384 4366 1484 4462 μέν
1512 4388 1724 4460 λέγοντι

144 4482 199 4533 ἐν
227 4484 345 4545 τοῖς
382 4485 512 4549 περὶ
541 4478 1010 4551 ἐνανθρωπήσεως
1038 4479 1083 4511 ³⁸
1119 4480 1287 4535 αὑτοῦ
1316 4480 1598 4552 διαφόροις
1634 4480 1723 4534 λό-

143 4590 257 4641 γοις
279 4571 504 4636 ἀσεϐῶς
530 4569 857 4632 ἐκτεθεῖσιν,
880 4572 1161 4644 Νεστορίῳ
1181 4571 1236 4626 δὲ
1262 4572 1320 4625 ἐν
1346 4571 1564 4637 πολλοῖς
1593 4589 1725 4642 συγ-

143 4665 462 4736 γράμμασι,
497 4662 736 4735 μάλιστα
754 4662 814 4717 δὲ
842 4664 901 4714 ὲν
928 4664 995 4733 τῇ
1042 4662 1299 4735 ἐπιστολῇ
1352 4667 1418 4735 τῇ
1454 4664 1727 4736 γραφείσῃ

140 4757 273 4829 πρὸς
288 4755 462 4829 366
487 4754 835 4825 Ἀλέξανδρον
862 4753 955 4808 τὸν
969 4754 1242 4825 αἱρετικὸν
1257 4754 1302 4787 ⁸⁸
1340 4754 1728 4827 ’1εραπολίτην,

140 4854 220 4905 ὅτι
262 4853 381 4906 τῶν
408 4850 506 4906 δύο
533 4848 749 4920 φύσεων
785 4847 888 4919 μία
917 4847 1068 4902 ἐστὶν
1093 4847 1351 4901 αύθεντία
1377 4850 1473 4901 καὶ
1509 4848 1609 4917 μία
1636 4847 1730 4900 δύο

142 4960 304 5012 ναμις
351 4942 474 5012 ἢτοι
520 4938 813 4994 δυναστεία
861 4936 958 4992 καὶ
988 4935 1048 4990 ἓν
1082 4936 1375 5008 πρόσωπον
1406 4937 1550 4991 κατά
1595 4935 1726 5007 μίαν

142 5034 295 5100 ἀξίαν
327 5031 424 5085 καὶ
445 5029 549 5101 τὴν
574 5027 748 5101 αὐτὴν
770 5030 958 5102 τιμήν.
1017 5027 1137 5098 Ἀφ’
1164 5021 1240 5082 ὧν
1279 5028 1671 5083 ἀποδείκνυται
1696 5030 1726 5083 6

141 5124 236 5195 τὴν
253 5121 552 5187 ἐπιστολὴν
578 5119 802 5192 γράψας
832 5119 973 5173 κατά
996 5119 1097 5191 τὴν
1137 5119 1364 5173 ἐκείνων
1392 5119 1723 5184 κακοδοξίαν

142 5215 261 5268 ἀντί
289 5212 608 5286 προσώπων
630 5214 698 5284 τῇ
735 5210 847 5265 τῶν
877 5210 1095 5280 φύσεων
1116 5211 1467 5284 ’προσηγορίᾳ
1501 5211 1720 5283 χρησά-

145 5323 322 5373 μενος.
356 5305 477 5360 Μία
505 5304 616 5375 γὰρ
641 5301 903 5358 αὑθεντία
930 5305 1027 5358 καὶ
1079 5303 1179 5375 μία
1213 5303 1447 5375 δύναμις
1472 5303 1595 5375 ἦτοι
1625 5302 1720 5356 δυ-

1832 3375 2021 3421 natum
2049 3382 2170 3422 esse
2214 3383 2279 3422 ex
2311 3367 2467 3438 ipsa?
2497 3368 2607 3424 Sed
2650 3378 2859 3425 certum
2907 3380 2992 3426 est
3026 3373 3168 3441 quod
3200 3372 3414 3428 unicui-

1830 3474 1937 3530 que
1971 3468 2183 3514 naturae
2217 3475 2370 3515 suam
2417 3476 2706 3531 personam
2752 3463 3020 3529 attribuit,
3048 3464 3192 3520 sicut
3229 3464 3414 3520 Theo-

1830 3552 1997 3606 dorus
2042 3560 2097 3606 et
2152 3551 2437 3608 Nestorius
2494 3553 2549 3609 in
2592 3553 2707 3610 suis
2765 3554 2920 3611 libris
2971 3555 3415 3626 blasphemantes

1831 3653 2223 3714 exposuerunt,
2272 3661 2411 3715 quos
2462 3645 2705 3702 defendit
2751 3647 2986 3718 scriptor
3014 3649 3260 3718 epistola:
3289 3663 3416 3704 cum

1829 3751 2017 3793 eorum
2040 3737 2338 3807 impietate.
2370 3738 2451 3795 llli
2480 3741 2627 3796 enim
2653 3750 2843 3811 aperte
2864 3741 3110 3798 dicentes
3130 3743 3269 3799 duas
3290 3758 3416 3814 per-

1830 3842 1992 3885 sonas
2023 3828 2116 3885 Dei
2142 3829 2328 3897 Verbi,
2360 3841 2415 3888 et
2443 3831 2667 3898 Christi,
2695 3849 2858 3903 quem
2904 3850 3099 3904 purum
3133 3835 3415 3891 hominem

1828 3930 2051 3990 vocant,
2080 3938 2177 3994 per
2201 3924 2543 3980 afl‘ectualem
2571 3926 3037 3995 coniunctionem,
3068 3936 3127 3982 et
3150 3943 3248 3998 per
3268 3943 3417 3983 eam-

1828 4015 1952 4071 dem
1985 4016 2306 4087 dignitatem
2356 4026 2413 4073 et
2467 4019 2733 4075 honorem
2786 4035 2949 4074 unam
2990 4034 3282 4089 personam
3313 4035 3413 4090 ap-
3478 4022 3483 4033 ‘

1827 4122 2021 4178 parere
2075 4108 2309 4164 dicunt:
2344 4109 2440 4164 sed
2494 4116 2550 4164 et
2577 4109 2809 4164 duarum
2873 4118 3194 4167 naturarum
3249 4127 3414 4167 unam

1824 4199 2084 4255 virtutem
2128 4200 2242 4255 sive
2298 4200 2598 4270 potentiam
2641 4201 2833 4258 dicens
2881 4202 3116 4273 scriptor
3144 4204 3410 4274 epistolae,

1825 4290 2148 4349 manifestus
2188 4300 2273 4346 est
2309 4292 2454 4362 quod
2480 4299 2537 4347 et
2568 4292 2623 4347 in
2663 4292 2768 4348 hoc
2818 4303 3152 4351 memoratos
3195 4296 3413 4351 nancti-

1826 4397 1921 4453 cos
1960 4383 2225 4454 sequitur,
2272 4382 2619 4441 Theodorum
2664 4385 2887 4455 quidem
2923 4387 3196 4444 dicentem
3247 4389 3299 4442 in
3330 4388 3413 4443 di-

1825 4474 1999 4530 versis
2028 4474 2182 4531 libris
2204 4474 2272 4530 de
2299 4474 2677 4532 incarnatione
2709 4476 2877 4547 impie
2903 4479 3187 4548 expositis,
3218 4477 3412 4553 Nesto-

1827 4567 1969 4623 rium
2019 4577 2201 4624 autem
2259 4568 2313 4623 in
2360 4570 2545 4625 multis
2571 4570 2792 4640 quidem
2833 4570 3072 4640 scriptis,
3097 4583 3155 4626 ct
3180 4570 3414 4626 maxime

1828 4659 1882 4714 in
1912 4660 2142 4730 epistola
2187 4661 2388 4733 scripta
2430 4663 2496 4717 ad
2535 4662 2902 4718 Alexandrum
2947 4661 3413 4733 Hierapolitanum

1828 4751 2169 4819 haereticum,
2200 4754 2344 4823 quod
2372 4755 2601 4810 duarum
2636 4763 2954 4811 naturarum
2984 4770 3090 4809 una
3113 4763 3197 4811 est
3221 4764 3413 4810 aucto-

1828 4842 1981 4910 ritas,
2012 4851 2070 4900 et
2118 4859 2226 4899 una
2254 4845 2452 4910 virtus,
2499 4845 2615 4901 sive
2654 4845 2921 4916 potentia,
2948 4853 3005 4900 et
3039 4859 3147 4899 una
3176 4858 3410 4915 persona

1829 4949 1929 5004 per
1982 4934 2300 5007 dignitatem
2344 4936 2710 5006 eamdemque
2764 4936 3065 5002 honorem;
3096 4950 3163 4990 ex
3190 4950 3300 5005 quo
3324 4950 3416 4991 os-

1832 5024 2093 5090 tenditur,
2133 5026 2226 5096 qui
2256 5026 2477 5096 scripsit
2502 5027 2811 5097 epistolam,
2852 5025 3155 5081 secundum
3196 5026 3413 5081 illorum

1830 5116 2111 5187 perfidiam
2145 5132 2246 5189 pro
2292 5119 2541 5189 personis
2589 5135 2721 5175 usus
2756 5118 3023 5175 vocabulo
3073 5128 3411 5174 naturarum.

1830 5207 1947 5264 Una
1970 5210 2118 5265 enim
2142 5211 2459 5276 auctoritas,
2487 5219 2542 5267 et
2572 5227 2678 5266 una
2709 5212 2882 5268 virtus
2916 5211 3033 5267 sive
3064 5212 3333 5282 potentia,
3357 5220 3415 5268 et

1827 5315 1936 5356 una
1959 5302 2197 5375 dignitas
2224 5312 2280 5359 et
2306 5303 2449 5361 idem
2477 5303 2676 5371 honor,
2699 5320 2811 5362 non
2830 5304 2900 5360 in
2921 5303 3155 5361 diversis
3173 5305 3409 5372 naturis,

1450 5426 1685 5515 νΑιιίιΕ
1720 5458 2130 5518 LECTIONES.

207 5600 251 5631 ³³
276 5600 417 5670 ὅπερ
447 5615 522 5652 In.
552 5596 793 5670 ἢάπερ
1006 5596 1051 5670 ξ’
1082 5596 1236 5670 ἁγία.
1271 5597 1314 5670 f1
1332 5596 1465 5670 ἁγία
1491 5596 1533 5651 Ρ
1561 5595 1695 5670 sola.

144 5672 233 5723 ut
258 5671 321 5725 P.
386 5665 439 5700 ’⁸⁷
464 5665 837 5737 ἀναφέρεσθαι
870 5669 931 5733 Ρ,
989 5665 1391 5737 ἀναφαίνεσθαι
1411 5665 1476 5734 ν,
1526 5684 1599 5721 ιιι.
1626 5666 1693 5721 Β.

146 5740 232 5793 καὶ
263 5740 332 5794 ’1ε
340 5739 637 5811 ραπολίτην
659 5740 719 5793 Ρ.

1807 5598 1851 5630 ιι
1880 5597 2029 5667 λέγει
2056 5596 2166 5652 ev.
2258 5597 2306 5631 ιι
2353 5597 2491 5655 ἀλλά
2543 5596 2814 5668 πρόδηλον
2848 5610 2959 5668 om.
3000 5594 3091 5668 -Ρ,
3145 5596 3192 5668 ιι
3261 5590 3398 5668 ὃςδὲ

1806 5669 1851 5702 ³⁸
1900 5662 2149 5740 φάνερῶς
2204 5667 2312 5725 PV'
2388 5669 2432 5701 ”
2475 5662 2881 5740 ἀνθρωπῆσεως
2918 5667 2979 5721 Ρ.
3052 5667 3099 5699 ⁶⁰
3134 5662 3410 5736 αἱρετικὸν
