3856 6342
445 345 553 410 J35

1628 336 2069 401 CHRGNICON
2115 339 2522 402 PASCHALE.
3595 333 3682 404 ωε

446 457 544 514 sed
563 456 618 510 in
640 451 870 509 diversis
893 449 1142 522 personis
1169 449 1414 520 ejusdem
1449 449 1771 504 substantia:
1809 451 2031 514 dicitur,

2144 455 2362 506 ναστεία
2387 455 2478 507 καλ⁵
2508 454 2607 520 μία
2639 452 2766 516 ἀξία
2794 453 2886 504 καὶ
2917 451 2950 520 ἠ
2993 451 3132 522 αὐτὴ
3163 450 3294 522 τιμὴ
3333 452 3431 504 οῦκ
3469 454 3559 506 ἐπὶ
3591 453 3688 506 δια-

443 547 590 618 quod
637 546 691 599 in
725 555 912 599 saneta
948 543 1214 598 'l‘rinitate
1251 541 1594 596 conﬁtemur.
1641 541 1794 596 Unde
1825 551 1880 595 et
1909 557 2033 596 san-

444 641 515 694 cti
545 637 734 692 Patres
767 635 1369 690 anathematizaverunt
1411 649 1526 697 eos,
1568 634 1660 702 qui
1706 649 1805 703 per
1841 642 2031 687 aucto-

446 733 696 793 ritatem,
737 735 831 783 aut
857 729 1133 790 virtutem,
1167 727 1281 780 sive
1313 725 1632 794 potentiam,
1668 734 1760 778 aut
1795 723 2031 793 dignita-

448 830 581 888 tem',
613 829 706 875 aut
732 819 1095 889 aequalitatem
1119 817 1364 881 honoris,
1389 817 1578 871 dicunt
1603 815 1770 871 Deum
1793 816 2030 869 Verbum

449 917 663 970 unitum
695 927 816 966 esse
865 910 1121 974 Christo;
1163 924 1326 978 quem
1375 924 1572 978 purum
1625 908 1902 962 hominem
1934 923 2031 960 vo-

444 1015 570 1062 cant
610 998 882 1058 Theodori
906 1011 962 1056 et
981 1001 1215 1056 Nestorii
1248 1015 1531 1070 sequaces,
1557 1001 1650 1054 sed
1685 1015 1793 1053 non
1829 1015 2030 1054 secun-

444 1099 572 1151 dum
605 1097 1016 1150 subsistentiam
1039 1093 1130 1146 Dei
1175 1092 1333 1145 Verbi
1388 1092 1454 1145 ad
1486 1105 1705 1145 carnem
1736 1089 2030 1142 animatam

444 1189 622 1244 anima
669 1186 916 1240 rationali
962 1182 1339 1256 [rationabili],
1362 1191 1417 1237 et
1442 1183 1816 1247 intellectuali,
1850 1183 2032 1236 unita-

447 1290 554 1333 tem
591 1279 786 1331 factam
821 1290 944 1329 esse.
973 1274 1322 1328 conﬁtentur.

521 1475 540 1506 ι
564 1455 630 1508 Et
649 1454 762 1508 hrec
783 1452 1002 1522 quidem
1031 1450 1368 1505 sufﬁciebant
1393 1449 1458 1502 ad
1478 1449 1908 1504 convincendam
1932 1448 2035 1502 im-

448 1546 703 1613 pietatem
759 1559 984 1604 eorum,
1035 1542 1128 1611 qui
1171 1542 1490 1594 sceleratam
1532 1540 1812 1608 epistolam
1847 1540 2035 1608 .vindi-

447 1647 591 1690 cant.
636 1635 839 1688 Tamen
888 1647 945 1689 et
1005 1633 1056 1686 in
1095 1633 1202 1686 ﬁne
1237 1633 1472 1702 scriptor
1508 1632 1753 1700 ejusdem
1795 1632 2036 1700 epistolae

447 1728 686 1781 ostendit
712 1743 863 1780 suam
891 1725 1194 1796 perﬁdiam,
1225 1725 1457 1778 dicendo
1495 1724 1638 1793 quod
1679 1733 1894 1793 oportet
1919 1738 2036 1778 cre-

2135 549 2318 616 φόρων
2361 548 2598 614 φύσεων,
2665 546 2778 599 ἀλλ’
2810 547 2903 598 ἐπὶ
2953 545 3227 614 διαφόρων
3274 546 3578 615 προσώπων
3605 552 3687 604 καὶ

2133 641 2232 709 τῆς
2264 640 2436 708 αὐτῆς
2467 640 2657 700 οὐσίας
2689 639 2930 707 λέγεται,
2955 639 3092 706 ὅπερ
3115 639 3207 690 ὲπί
3233 638 3332 708 τῆς
3360 640 3521 707 ἀγίας
3542 639 3686 713 Τριάο

2132 730 2220 792 δος
2253 730 2643 800 ὁμολογοῦμεν.
2682 731 2844 782 Ὅθεν
2868 732 2961 782 καί
2983 730 3034 781 οἱ
3071 730 3218 797 ᾶγιοι
3253 730 3499 802 Πατέρες
3522 732 3686 787 ἀνεθε-

2133 820 2370 889 μάτισαν
2405 821 2445 851 ⁸¹
2478 822 2603 884 τοὺς
2645 820 2766 886 κατῘ
2799 820 3088 874 αύθεντίαν
3125 819 3159 890 ἢ
3198 819 3426 890 δύναμιν
3472 823 3585 893 ητοι
3609 825 3688 879 δυ-

2133 912 2389 965 ναστείαν
2443 911 2670 982 ῆάξίαν
2718 911 2750 982 ἢ
2821 912 3080 982 ἰσοτίμως
3127 911 3389 979 λέγοντας
3424 914 3518 966 τὸν
3570 917 3689 971 θεόν

2133 1004 2304 1071 Λόγον
2333 1003 2412 1074 τῷ
2453 1004 2678 1074 Χριστῷ
2710 1003 2976 1075 ἡνῶσθαι,
3022 1004 3082 1057 ὃν
3143 1003 3300 1073 ψιλὸν
3344 987 3620 1077 ἄνθρωπον
3643 1011 3689 1063 οἰ

2134 1097 2242 1148 ἀπὸ
2277 1095 2556 1167 Θεοδώρου
2597 1097 2693 1150 καὶ
2758 1096 3057 1168 Νεστορίου
3109 1097 3386 1164 καλοῦσιν,
3437 1097 3553 1152 ἀλλ’
3583 1104 3696 1173 οὐχὶ

2138 1187 2260 1240 καθ’
2295 1189 2592 1242 ὑπόστασιν
2615 1189 2714 1260 τὴν
2734 1188 2830 1243 τοῦ
2871 1189 3030 1258 λόγου
3059 1191 3196 1261 πρὸς
3220 1188 3318 1262 τὴν
3348 1191 3543 1263 σάρκα,
3573 1196 3694 1264 ἐψυ-

2136 1278 2392 1348 χωμένην
2433 1278 2479 1309 ⁸³
2509 1279 2654 1350 ψυχῇ
2689 1279 2881 1351 λογικῇ
2930 1279 3026 1333 καὶ
3072 1280 3256 1351 περᾷ,
3306 1283 3406 1350 τὴν
3445 1283 3630 1338 ἕνωσιν
3650 1287 3696 1317 ⁸³

2137 1369 2464 1438 γεγενῆσθαι
2495 1371 2912 1441 ὁμολογοῦντας.

2211 1480 2228 1511 ι
2259 1463 2365 1515 Καὶ
2387 1463 2550 1532 ἤρκει
2581 1464 2680 1532 μὲν
2714 1463 2892 1518 ταῦτα
2920 1465 3056 1536 πρὸς
3079 1466 3140 1519 τὸ
3169 1465 3437 1534 διελέγξαι
3469 1465 3566 1538 τὴν
3583 1468 3700 1522 ἀσέ-

2137 1549 2292 1602 ϐειαν
2332 1551 2442 1602 τῶν
2471 1551 2834 1606 ὲκδικούντων
2854 1553 2951 1624 τὴν
2979 1556 3233 1626 μυσαράν
3260 1557 3474 1624 ἐκείνην
3493 1557 3701 1609 ἐπιστο-

2136 1640 2257 1708 λήν.
2299 1640 2444 1710 Πλὴν
2485 1642 2638 1710 ὅμως
2677 1642 2772 1694 καὶ
2806 1646 2943 1713 πρὸς
2967 1643 3044 1713 τῷ
3087 1645 3232 1697 τέλει
3264 1645 3362 1714 τῆς
3391 1645 3558 1716 αὐτῆς
3592 1648 3705 1699 ἑπι-

2140 1731 2340 1801 στολῆς
2367 1733 2414 1763 “
2446 1734 2474 1786 6
2495 1732 2706 1803 ταύτην
2739 1734 2959 1802 γράψας
2987 1734 3084 1806 τὴν
3118 1735 3256 1788 ἰδίαν
3285 1737 3523 1789 δείκνυσι
3552 1754 3705 1790 κακο-

449 1821 578 1874 dcre
635 1820 689 1871 in
720 1819 942 1887 templo,
985 1825 1041 1872 ct
1092 1819 1145 1871 in
1170 1833 1293 1871 eum
1330 1817 1420 1886 qui
1457 1817 1660 1870 habitat
1711 1817 1765 1869 in
1793 1817 2028 1886 templo,

2144 1799 2339 1890 Βοξίαν,
2369 1824 2543 1892 λέγων
2565 1799 3073 1881 ὃτι-δεῖ-πιστεύειν
3123 1828 3206 1892 εἰς
3234 1829 3325 1880 τὸν
3346 1828 3470 1881 ναὸν
3503 1829 3598 1882 καὶ
3630 1831 3708 1892 εἰς

449 1928 545 1979 per
593 1926 713 1980 qua:
766 1920 950 1979 aperte
1003 1909 1138 1962 duas
1178 1909 1473 1962 introducit
1505 1922 1784 1976 personas.
1842 1907 1946 1961 Sed
1981 1917 2035 1962 et

451 2005 607 2056 istam
643 2002 978 2071 impietatem
1011 2017 1040 2054 a
1079 2000 1368 2054 Theodoro
1416 2007 1471 2053 et
1508 1999 1757 2053 Nestorio
1804 2001 2036 2068 scriptor

450 2094 699 2162 epistolae
734 2092 960 2144 edoctus
992 2099 1095 2144 est.
1132 2090 1408 2144 Catholica
1443 2098 1624 2142 autem
1677 2088 1914 2144 Ecclesia
1953 2100 2035 2143 ta-

451 2185 554 2237 lem
597 2183 970 2236 condemnans
1004 2181 1320 2251 perﬁdiam,
1379 2197 1489 2234 non
1533 2181 1586 2233 in
1632 2181 1932 2251 templum,
1983 2191 2036 2234 et

451 2276 504 2327 in
537 2289 661 2328 eum
701 2275 790 2342 qui
839 2273 1049 2326 habitat
1076 2272 1131 2325 in
1173 2272 1393 2342 templo,
1425 2263 1520 2326 sed
1559 2271 1613 2325 in
1647 2288 1814 2325 unum
1853 2272 2037 2326 Domi-

451 2382 580 2419 num
617 2375 865 2419 nostrum
896 2363 1081 2419 Jesum
1122 2363 1425 2428 Christum,
1457 2364 1550 2417 Dei
1577 2363 1816 2418 Verbum
1858 2365 2036 2419 incar-

452 2467 640 2511 natum
677 2467 733 2511 et
776 2457 1057 2511 hominem
1106 2457 1308 2511 factum
1361 2457 1606 2510 conﬁteri
1649 2456 1961 2528 [conﬁtetur
1991 2470 2037 2512 ct

451 2549 695 2619 Leuncl.)
741 2559 792 2603 et
827 2549 1053 2603 credere
1103 2549 1287 2602 tradit.
1325 2549 1469 2601 Nihil
1515 2557 1695 2602 autent
1730 2551 2037 2604 mirandum

452 2649 557 2704 est,
591 2641 632 2692 si
668 2641 932 2693 vocabulo
971 2648 1288 2692 naturarum
1332 2653 1462 2691 usus
1504 2646 1588 2692 est
1635 2638 1865 2708 scriptor
1895 2640 2038 2694 illius

453 2731 638 2798 impia:
669 2731 931 2798 epistolae.
964 2729 1153 2784 Solent
1181 2730 1324 2782 enim
1361 2729 1622 2791 haeretici,
1655 2739 1714 2782 ut
1739 2731 2038 2800 simplicio-

455 2837 543 2874 res
582 2821 853 2889 decipiant
886 2820 1224 2890 [deciperent
1258 2829 1305 2872 et
1345 2819 1618 2891 LeuucL],
1663 2823 1888 2876 vocibus
1919 2823 2038 2891 qui-

455 2915 578 2967 dem
631 2913 705 2966 uti
756 2928 877 2980 qua:
933 2912 1001 2965 ab
1033 2911 1352 2964 orthodoxis
1400 2912 1483 2980 pie
1513 2912 1792 2976 dicuntur,
1829 2923 2037 2968 rectum

461 3013 644 3057 autent
679 3019 866 3057 earum
908 3003 1242 3057 intellectum
1275 3012 1330 3055 et
1367 3003 1760 3072 expositionem
1789 3005 1856 3059 ad
1885 3021 2036 3059 suam

2135 1919 2226 1972 'r-‘iv
2257 1918 2572 1972 ἐνοικοῦντα
2605 1919 2650 1951 ⁸⁸
2679 1923 2737 1972 ἐν
2779 1918 2858 1988 τῷ
2897 1918 3011 1990 ναῷ
3035 1937 3050 1950 ·
3087 1921 3145 1972 ἐν
3189 1916 3274 1983 οἷς
3324 1920 3574 1991 φανερῶς
3617 1921 3708 1974 δύο

2137 2013 2350 2080 εἰσάγει
2390 2012 2677 2082 πρόσωπα.
2724 2013 2884 2066 Ἀλλὰ
2912 2013 3006 2066 καὶ
3034 2012 3240 2083 ταύτην
3269 2013 3368 2083 τὴν
3410 1999 3661 2066 ἀσέϐειαν
3680 2016 3709 2066 6

2136 2104 2354 2174 γράψας
2390 2106 2487 2175 τὴν
2512 2105 2802 2175 ἐπιστολὴν
2832 2104 2983 2174 παρά
3002 2103 3278 2176 Θεοδώρου
3307 2105 3401 2157 καὶ
3417 2105 3710 2174 Νεστορίου

2137 2197 2409 2268 ἐδιδάχθη.
2450 2198 2512 2250 Ἦ
2552 2198 2735 2268 μέντοι
2767 2195 3033 2264 καθολικὴ
3081 2195 3381 2265 Ἐκκλησία
3401 2197 3498 2266 τὴν
3526 2195 3710 2248 τοιαύ-

2136 2305 2240 2358 την
2274 2288 2594 2353 κακοδοξίαν
2636 2288 3046 2359 κατακρίνουσα
3088 2288 3212 2358 οὐχὶ
3235 2289 3316 2352 εἰς
3347 2288 3433 2341 τὸν
3463 2288 3590 2340 ναδν
3617 2290 3713 2341 καὶ

2137 2381 2219 2442 εἰς
2246 2379 2338 2432 τὸν
2363 2378 2682 2433 ἐνοικοῦντα
2705 2380 2750 2411 ⁸⁸
2780 2382 2838 2432 ἐν
2871 2382 2947 2450 τῷ
2969 2379 3101 2450 ναῷ,
3133 2379 3252 2432 ἀλλ’
3280 2381 3361 2442 εἰς
3391 2380 3485 2432 ἕνα
3507 2379 3714 2449 Κύριον

2151 2471 2358 2543 Ἰησοῦν
2417 2473 2654 2544 Χριστὸν
2703 2473 2794 2525 τὸν
2837 2473 2932 2526 τοῦ
2987 2471 3032 2504 δ”
3086 2472 3221 2525 Θεοῦ
3271 2471 3443 2539 Λόγον
3496 2477 3716 2540 σαρκωι

2140 2564 2299 2616 Θέντα
2332 2564 2427 2617 καὶ
2462 2563 2965 2635 ὲνανθρωπὴσαντα
2996 2562 3281 2632 ὁμολογεῖν
3311 2563 3402 2616 καὶ
3438 2561 3716 2614 πιστεύειν

2140 2655 2532 2725 παραδίδωσιν.
2581 2656 2748 2708 Οὐδὲν
2772 2655 2828 2708 δὲ
2863 2653 3176 2724 Θαυμαστὸν
3205 2655 3253 2707 εἰ
3275 2656 3342 2724 τῇ
3364 2653 3472 2706 τῶν
3497 2652 3718 2722 φύσεων

2139 2747 2413 2818 ὀνομασίᾳ
2444 2749 2719 2817 ἐχρήσατο
2763 2749 2792 2800 6
2835 2747 2936 2818 τὴν
2959 2745 3132 2816 ἀσεϐῆ
3179 2746 3396 2816 ἐκείνην
3425 2743 3722 2815 ἐπιστολὴν

2139 2841 2357 2910 γράψας
2392 2855 2405 2871 ·
2433 2839 2552 2903 ἔθος
2575 2840 2682 2909 γὰρ
2715 2841 2826 2902 τοῖς
2857 2841 3153 2909 αἰρετικοῖς
3185 2837 3325 2909 πρὸς
3349 2837 3564 2906 ἀπάτην
3605 2837 3723 2889 τῶν

2140 2931 2531 3001 ἀπλουστέρων
2560 2935 2680 2993 ταῖς
2712 2931 2862 2995 παρά
2895 2931 3004 2984 τῶν
3036 2929 3333 3000 ὀρθοδόξων
3358 2929 3598 2991 εὐσεϐῶς
3631 2929 3726 2981 λε-

2141 3023 2407 3092 γομέναις
2438 3024 2646 3090 φωναῖς
2679 3020 2982 3092 κεχρῆσθαι
3010 3021 3105 3074 καὶ
3142 3019 3241 3091 τὴν
3279 3020 3475 3090 εὐσεϐῆ
3509 3019 3728 3074 τούτων

459 3097 798 3166 impietatem
847 3095 1162 3159 transferre,
1187 3095 1445 3164 quoniam
1491 3105 1672 3149 autem
1708 3097 1909 3151 ezedem
1945 3113 2037 3151 vo-

2145 3113 2350 3166 ἔννοιάν
2375 3130 2433 3166 τε
2459 3115 2553 3166 καὶ
2587 3111 2846 3183 ἐξήγησιν
2872 3114 3007 3185 πρὸς
3029 3112 3128 3185 τὴν
3149 3113 3358 3166 οἰκείαν
3387 3111 3730 3182 μεταφέρειν

458 3205 550 3243 ces
612 3187 890 3260 [quoniam
949 3196 1031 3241 est
1085 3187 1303 3255 quando
1343 3187 1580 3250 eadem,
1613 3187 1781 3258 etc.[,
1821 3189 2037 3257 quando

2145 3205 2419 3265 ἀσέϐειαν,
2451 3204 2641 3274 ἐπειδὴ
2675 3204 2822 3257 ἔστιν
2865 3206 2951 3257 ὅτε
2997 3205 3053 3256 αἰ
3097 3204 3260 3257 αὐταὶ⁸
3314 3201 3491 3272 φωναὶ
3533 3201 3732 3265 καλῶς

459 3284 598 3335 bene
625 3289 972 3350 exponuntur
1001 3287 1052 3333 et
1081 3278 1477 3349 intelliguntur,
1501 3293 1626 3332 cum
1653 3279 1852 3348 pietate
1879 3291 2033 3335 sunt:

459 3373 677 3441 quando
723 3381 904 3426 autem
951 3371 1090 3425 male
1140 3371 1208 3424 ab
1261 3370 1533 3424 haereticis
1576 3371 1948 3442 intelliguntur
1985 3380 2040 3426 et

462 3463 812 3530 proferuntur
863 3460 1318 3532 [interpretantur
1365 3469 1422 3514 et
1477 3459 1881 3531 proferuntur],
1935 3460 2041 3514 im-

460 3554 717 3621 pietatem
750 3552 972 3606 habent.

537 3662 556 3694 ι
593 3645 778 3711 Itaque
803 3641 1110 3696 Nestorium
1144 3640 1281 3697 duas
1301 3643 1520 3711 quidem
1545 3653 1768 3698 naturas
1793 3651 1846 3698 et
1877 3658 2040 3697 unam

463 3750 749 3804 personam
781 3733 1076 3795 dicentem,
1111 3747 1221 3786 non
1259 3734 1608 3788 conﬁtentem
1647 3744 1828 3789 autem
1852 3750 2039 3788 earum

461 3825 726 3878 unitatem
762 3823 1058 3877 secundum
1101 3823 1534 3890 subsistentiam,
1569 3824 1842 3894 Ephesina
1868 3825 2040 3894 prima

459 3917 730 3987 synodus;
751 3915 906 3982 cujus
926 3923 1176 3968 auctores
1195 3923 1350 3968 erant
1379 3914 1704 3971 leestinus
1734 3926 1789 3972 et
1813 3918 2042 3989 Cyrillus

459 4018 662 4062 sanctae
708 4005 1003 4070 memoria),
1055 4022 1163 4060 non
1200 4007 1459 4075 suscepit,
1497 4008 1591 4062 sed
1637 4009 2038 4064 condemnavit.

460 4099 569 4153 Nos
589 4108 771 4152 autem
802 4105 1114 4152 sanctorum
1143 4097 1365 4153 Patrum
1398 4098 1829 4171 doctrinam‘per
1857 4103 2040 4156 omnia

393 4177 402 4184 ’
459 4200 776 4260 sequentes,
809 4198 865 4244 et
896 4190 1156 4244 unitatem
1187 4191 1419 4246 duarum
1453 4202 1792 4256 naturarum,
1829 4209 1894 4248 ex
1924 4194 2042 4264 qui-

462 4284 565 4338 bus
612 4282 871 4337 Dominus
909 4292 1096 4337 noster
1149 4281 1309 4338 Jesus
1360 4283 1612 4340 Christus
1664 4295 1805 4340 unus
1841 4294 2040 4340 sncta:

464 4374 766 4438 Trinitatis,
787 4375 926 4428 Deus
954 4373 1191 4429 Verbum
1218 4376 1550 4443 incarnatus,
1579 4379 1912 4447 compositus
1934 4387 2036 4443 est,

2149 3297 2248 3366 μὲν
2275 3295 2640 3367 ὲξηγούμεναι
2667 3297 2760 3348 καὶ
2791 3295 3078 3366 νοούμεναι
3121 3295 3259 3365 μετά
3288 3295 3389 3365 τῆς
3432 3294 3734 3357 εὗσεαὶας

2141 3389 2268 3449 εἰσὶ,
2303 3388 2488 3449 κακῶς
2520 3387 2576 3440 δὲ
2613 3387 2766 3455 παρά
2802 3385 2910 3439 τῶν
2937 3385 3233 3456 αἰρετικῶν
3280 3385 3734 3455 ἐρμηνευόμεναι

2139 3479 2237 3532 καὶ
2259 3479 2662 3549 προφερόμεναι
2679 3479 2740 3531 τὺ
2763 3477 2955 3540 ἀσεϐὲς
2984 3476 3221 3547 ἔχουσιν.

2221 3569 2477 3638 ιἈμέλει
2513 3569 2810 3639 Νεστόριον
2842 3568 3065 3620 εἰπόντα
3089 3568 3188 3638 μὲν
3217 3567 3312 3621 δύο
3331 3568 3523 3638 φύσεις
3543 3569 3648 3624 καὶ
3671 3569 3737 3622 ἓν

2143 3647 2463 3733 πρόσωπον,
2519 3661 2593 3732 μὴ
2642 3659 3008 3731 ὁμολογοῦντα
3045 3659 3100 3712 δὲ
3131 3659 3339 3713 τούτων
3367 3659 3414 3692 ⁸⁸
3445 3661 3545 3728 τὴν
3597 3661 3736 3713 καθ’

2143 3755 2444 3808 ὑπόστασιν
2489 3754 2706 3816 ἕνωσιν,
2746 3756 2780 3822 ἡ
2817 3757 2872 3806 ὲν
2930 3752 3145 3822 Ἐφέσῳ
3190 3752 3380 3824 πρώτη
3419 3754 3550 3821 ἀγία
3599 3754 3738 3806 σύνε-

2119 3847 2280 3911 .οδος,
2313 3842 2382 3916 ἧς
2427 3845 2658 3917 ἐξῆρχον
2704 3845 3058 3908 Καιλεστῖνος
3119 3845 3213 3898 καὶ
3263 3845 3534 3915 Κύριλλο;
3558 3846 3615 3898 οῖ
3674 3849 3738 3899 ὲν

2141 3939 2264 4007 ὁσία
2301 3940 2366 4009 τῇ
2401 3940 2611 4008 μνήμῃ,
2637 3938 2698 3990 ού
2725 3937 2771 3969 ⁸⁵
2810 3936 3172 4008 προσεδέξατο
3194 3937 3264 4001 ⁸⁶,
3289 3937 3425 4002 ἀλλά
3465 3938 3558 3990 καί
3587 3955 3736 3991 κατ⁴

2142 4026 2413 4080 εδίκασεν.
2467 4026 2628 4097 365
2692 4027 2886 4098 Ἡμεῖς
2924 4026 2981 4078 δὲ
3010 4031 3076 4099 τῇ
3109 4027 3217 4080 τῶν
3241 4028 3412 4096 ἁγίων
3455 4027 3740 4100 Πατὲρων

2141 4118 2466 4188 διδασκαλίᾳ
2491 4119 2579 4171 διὰ
2607 4119 2825 4171 πάντων
2853 4118 3298 4184 ἀκολουθοῦντες,
3336 4119 3432 4172 καὶ
3473 4119 3574 4189 τὴν
3610 4121 3739 4173 τῶν

2142 4209 2237 4262 δύο
2269 4209 2486 4278 φύσεων
2515 4211 2731 4272 ἕνωσιν,
2761 4209 2821 4276 ἐξ
2867 4203 2941 4263 ὧν
2984 4212 3012 4263 6
3055 4211 3258 4280 Κύριος
3308 4210 3466 4281 ἡμῶν
3508 4211 3742 4282 Ἰησοῦς

2142 4302 2171 4353 6
2201 4302 2245 4333 ⁵¹
2277 4302 2537 4371 Χριστὸς,
2591 4304 2618 4354 6
2659 4297 2738 4364 εἷς
2771 4303 2868 4371 τῆς
2902 4302 3064 4370 ἀγίας
3098 4304 3348 4373 Τριάδος,
3383 4307 3412 4357 6
3445 4303 3579 4368 Θεὸς
3623 4307 3744 4358 Λό⁴

2145 4410 2241 4461 γος
2265 4393 2591 4462 σαρκωθεὶς,
2632 4394 2913 4463 συνετέθη,
2954 4395 3048 4447 καὶ
3087 4394 3184 4462 τὴν
3215 4394 3421 4448 τούτων
3447 4395 3746 4468 διαφορὰν

463 4476 516 4519 et
541 4465 682 4535 quod
707 4480 892 4520 earum
931 4466 1236 4521 diﬁ'erentia
1273 4483 1382 4521 non
1438 4467 1760 4538 interempta
1799 4477 1883 4542 es}
1912 4485 2037 4538 pro-

2144 4485 2242 4538 οὐκ
2276 4484 2629 4557 ἀνῃρημένην
2659 4485 2746 4538 διὰ
2789 4484 2886 4555 τὴν
2919 4485 3134 4551 ἕνωσιν,
3157 4485 3233 4548 ὡς
3257 4486 3517 4557 ἀνωτέρω
3549 4465 3741 4558 saepe.

464 4569 581 4626 pter
628 4558 927 4623 unitatem,
987 4559 1042 4611 in
1089 4559 1461 4627 superioribus
1515 4560 1756 4630 apertius
1807 4560 2038 4615 demon-

463 4649 778 4705 stravimus.
1773 4663 1776 4666 λ

541 4760 560 4792 ι
597 4741 667 4796 Et
690 4740 1030 4795 sufﬁciebant
1060 4740 1281 4810 quidem
1316 4756 1438 4810 qua:
1476 4741 1844 4811 praediximus,
1880 4745 2040 4800 satis-

467 4833 645 4888 facere
676 4832 754 4886 eis
786 4832 877 4901 qni
907 4831 1099 4886 nolunt
1126 4833 1476 4887 contendere.
1513 4835 1618 4888 Sed
1653 4837 1908 4905 quoniam
1943 4837 2039 4906 illi,

464 4925 554 4995 qui
584 4924 751 4979 semel
778 4924 844 4978 ad
875 4924 1205 4994 impietatem
1236 4925 1667 4986 declinaverunt.
1703 4937 1758 4982 et
1789 4928 1890 4982 alia
1922 4945 2045 4998 pro-

467 5031 670 5087 ponere
719 5026 1018 5080 conantur,
1065 5018 1378 5072 necessario
1421 5033 1521 5073 nos
1581 5029 1638 5074 et
1685 5021 1818 5075 tales
1855 5037 2042 5076 eorum

469 5108 779 5163 occasiones
843 5124 1009 5164 vanas
1063 5111 1438 5164 ostendemus.
1491 5112 1687 5166 Dicunt
1741 5115 1886 5167 enim
1939 5131 2046 5168 non

467 5210 718 5268 oportere
747 5199 1055 5269 vituperare
1100 5202 1320 5271 impiam
1358 5203 1665 5272 epistolam,
1699 5221 1766 5259 eo
1804 5207 1948 5275 quod
1993 5208 2046 5260 in

2140 4596 2332 4650 στερον
2357 4578 2740 4648 ἀπεδείξαμεν.

2211 4758 2324 4812 Καὶ
2351 4757 2509 4829 ἢρκει
2545 4757 2642 4826 μὲν
2689 4757 2756 4810 τὰ
2800 4755 2928 4828 παρ’
2961 4753 3118 4827 ἡμῶν
3145 4757 3408 4828 εἰρημένα
3439 4757 3750 4828 πληροφο-

2148 4848 2312 4922 ρῆσαι
2341 4849 2469 4910 τοὺς
2503 4848 2576 4917 μὴ
2605 4847 2962 4917 βουλομένους
2987 4849 3314 4918 φιλονεικεῖν
3341 4865 3353 4878 ·
3390 4848 3507 4902 ἀλλ’
3529 4851 3752 4921 ἐπειδὴ

2147 4940 2284 5010 πρὸς
2313 4937 2569 4992 ἀσέϐειαν
2593 4938 2737 5004 ἅπαξ
2771 4939 3118 5003 ἐκκλίναντες
3150 4941 3243 4992 καὶ
3272 4939 3480 5010 ἑτέροις
3511 4941 3754 5010 ἐπιχει-

2151 5027 2364 5098 ροῦσιν,
2401 5026 2718 5093 ἀναγκαίως
2762 5028 2926 5097 ἡμεῖς
2957 5027 3053 5080 καὶ
3103 5025 3204 5090 τὰς
3235 5027 3490 5088 τοιαύτας
3541 5026 3754 5078 αὐτῶν

2147 5121 2451 5191 προφάσεις
2489 5119 2728 5190 ματαίας
2758 5119 3137 5189 ἀποδείξομεν.
3179 5121 3318 5172 Φασὶ
3355 5119 3464 5186 γὰρ
3504 5117 3582 5188 μὴ
3620 5118 3758 5172 δεῖν

2148 5211 2256 5264 ὑπὸ
2313 5210 2520 5280 μέμψιν
2565 5209 2819 5278 γενέσθαι
2849 5210 2948 5280 τὴν
2998 5210 3168 5279 ἀσεϐῆ
3218 5208 3510 5281 ἐπιστολὴν
3545 5208 3647 5261 διὰ
3685 5207 3759 5260 τὸ

466 5291 753 5360 aliquantis
789 5290 962 5346 fertur
1005 5293 1281 5350 codicibus
1320 5292 1620 5365 [codicibus
1670 5295 1902 5369 fertur].
1940 5298 2037 5354 Sed

2144 5301 2406 5372 φέρεσθαι
2455 5301 2512 5353 ἔν
2543 5317 2653 5354 τισι
2694 5299 2942 5369 βιϐλίοις.
2979 5300 3122 5353 Ἀλλ’
3165 5303 3234 5354 εἰ·
3260 5299 3419 5354 τοῦτό
3456 5316 3547 5362 τις
3578 5303 3758 5352 acuti

1744 5443 1976 5502 VARle
2020 5448 2420 5506 LECTIONES.

532 5579 584 5664 ι’.
609 5581 1015 5664 ἀναθεμάτισαν
1037 5580 1095 5664 ΡΞ
1169 5581 1214 5664 ξ’
1253 5582 1644 5664 ὲμςρχομένην
1665 5587 1726 5640 P.
1802 5585 1861 5664 *ξ
1879 5588 2092 5664 ἕνωσινἶ
2125 5589 2337 5664 γ-ένεσιν
2498 5588 2550 5664 ’⁵⁵
2579 5589 2752 5664 αὐτῇς
2788 5589 3111 5664 ιἐσιτιστολιῖιςἒ
3125 5586 3416 5664 ἐπιστολῆς
3447 5587 3638 5664 αὐτῆς
3683 5589 3738 5643 P

465 5656 510 5685 “'
538 5651 789 5708 οἰκοῦντα
835 5651 894 5705 P.
971 5651 1018 5683 “
1046 5651 1298 5707 οἰκοῦντα
1341 5651 1409 5707 Ρζ

468 5741 565 5776 σαν
591 5723 693 5778 PV.
771 5725 812 5753 ⁸¹
844 5724 871 5774 ὁ
900 5737 1008 5774 om.
1041 5721 1098 5776 P.

1485 5654 1528 5685 "'
1554 5631 1648 5708 τοῦ
1679 5671 1784 5710 om.
1825 5655 1883 5710 P.
1964 5659 2005 5690 ⁵³
2035 5631 2214 5711 αύτῖὒν
2245 5661 2307 5711 Ρ.
2382 5660 2428 5689 δ’
2459 5659 2518 5709 οῦ
2551 5675 2658 5712 om.
2825 5663 2870 5693 °
2915 5631 3306 5731 προσεδέξαντο
3334 5631 3413 5697 -2
3427 5631 3763 5717 aenigm-
