3856 6342
128 281 239 343 93'!

1328 279 1584 344 CHRON
1594 276 1764 339 ICON
1811 278 2213 339 PASCHALE.

3299 270 3405 334 938

128 389 241 462 τὴν
269 388 454 445 αύτῶν
485 389 671 444 ἄνοιαν
698 388 1081 460 προσδέξηται,
1119 389 1201 443 δεῖ
1226 389 1322 444 καὶ
1352 389 1594 462 Εύτυχέα
1624 390 1721 448 καὶ

1855 391 1866 445 i
1892 391 1997 445 hoc
2024 388 2248 459 aliquies
2276 385 2573 443 secundum
2594 398 2782 449 eorum
2799 382 3131 441 dementiam
3158 381 3403 445 sulliciat,
3470 394 3485 451 ί

131 480 443 552 Νεστόριον
470 479 744 552 δέχεσθαι,
776 479 967 552 ἐπειδὴ
1021 479 1194 535 πολλά
1240 481 1336 534 καὶ
1361 481 1490 552 περ)⁵
1516 479 1724 534 τούτων

1855 490 2038 553 portet
2066 490 2121 536 et
2144 479 2453 535 Nestorium
2481 487 2536 534 et
2575 476 2872 548 Eutychem
2897 475 3121 546 suscipi,
3150 474 3406 545 quoniam

132 572 258 635 τοῖς
285 572 345 625 ἐν
387 572 455 643 τῇ
512 569 715 643 συνόδῳ
753 571 1170 642 πεπραγμένοις
1205 571 1506 643 ἐμφέρεται
1546 587 1560 601 ·
1609 569 1725 624 ἀλλ’

1855 573 2054 628 »Ιιιι-ἰιηε
2086 580 2142 628 et
2178 571 2246 628 de
2296 571 2383 628 bis
2411 571 2466 625 in
2496 571 2664 643 gestis
2714 569 3069 626 continentur
3110 580 3235 638 quae
3268 564 3410 637 apud

133 663 324 727 οὐδεὶς
358 662 471 716 τῶν
502 657 561 715 εὖ
593 660 935 732 φρονούντων
972 663 1088 726 τοῖς
1129 662 1262 733 παρ’
1291 661 1474 715 αὐτῶν
1494 658 1728 733 λεγομέ-

136 771 262 819 νοις
288 752 548 825 προσέξει
587 753 681 807 τὸν
713 752 858 807 νοῦν.
889 752 971 806 Τά
1002 752 1114 824 γὰρ
1141 752 1270 822 περὶ
1298 752 1407 807 τῶν
1436 751 1731 823 αἱρετικῶν

138 847 207 898 ἐν
259 848 385 910 ταῖς
436 845 484 878 ³¹
532 843 773 907 συνόδοις
828 843 1220 914 προφερόμενα
1266 843 1361 898 καὶ
1415 846 1583 914 μέρος
1621 843 1732 897 τῶν

143 933 569 1004 ὑπομνημάτων
607 932 873 1002 γινόμενα
898 931 1001 986 οὐκ
1031 931 1125 985 ἐπὶ
1158 931 1235 1003 τῷ
1269 930 1730 1003 ὲλευθερωθῆναι,

138 1022 264 1078 ἀλλ’
290 1026 380 1089 είς
410 1024 632 1095 ἔλεγχον
682 1022 864 1077 αὐτῶν
889 1022 984 1077 καὶ
1007 1022 1104 1076 hri.
1141 1023 1352 1095 μείζονι
1410 1022 1735 1094 κατακρίσει

144 1115 338 1170 αύτῶν
392 1133 453 1170 τε
503 1116 600 1169 καὶ
651 1113 764 1168 τῶν
805 1114 876 1169 τά
919 1113 1089 1184 ὃμοια
1136 1113 1349 1179 τούτοις
1395 1110 1737 1186 φρονούντων

147 1206 623 1282 παραλαμϐάνετα
632 1224 671 1258 ι.

1827 665 2093 736 synodum
2133 671 2252 719 acta
2283 672 2430 718 sunt.
2458 663 2566 718 Sed
2604 677 2764 718 nemo
2790 650 3007 733 sapiens
3035 658 3194 716 dictis
3224 673 3413 720 eorum

1829 757 2072 812 animum
2129 756 2394 811 intendet.
2449 756 2582 822 Quae
2610 754 2759 810 enim
2801 753 2871 809 de
2923 752 3198 809 hmreticis
3228 749 3415 822 profe-

1831 858 2026 903 runtur
2051 848 2105 902 in
2136 849 2358 920 synodis
2391 858 2444 904 et
2480 864 2606 919 pars
2634 858 2910 920 gestorum
2939 846 3096 909 ﬁunt,
3113 860 3224 900 non
3257 843 3323 899 ad
3356 843 3414 897 li-

1831 940 2171 996 berationem
2203 942 2541 1017 inseruntur,
2569 941 2663 996 sed
2694 941 2761 995 ad
2794 942 3054 1011 majorem
3084 936 3419 995 condemna-

1837 1030 2041 1111 tionem
2070 1036 2283 1099 eorum,
2311 1041 2367 1088 et
2405 1032 2493 1103 qui
2529 1032 2609 1088 eis
2647 1032 2843 1087 similia
2883 1031 3121 1102 sapiunt.
3161 1027 3422 1096 Quamvis

1839 1118 2127 1191 lquamvis,
2157 1132 2287 1186 etc.,
2305 1124 2489 1179 desunt
2509 1126 2565 1178 in
2591 1125 2707 1179 cod.
2730 1133 2780 1178 et
2805 1124 2949 1192 apud
2976 1120 3214 1193 Μύκοι]
3237 1127 3421 1176 autem

1838 1212 2167 1281 exemplaria
2211 1214 2390 1283 impia:
2434 1214 2678 1284 epistolae
2703 1208 2824 1284 qua:
2854 1211 3349 1275 circumferuntur,
3365 1209 3422 1263 in

118 1298 426 1371 aliquibus
480 1298 780 1363 codicibus,
822 1306 885 1355 ut
938 1296 1144 1356 dictum
1204 1307 1307 1366 est,
1368 1298 1572 1355 inserta
1608 1298 1740 1367 sint,
1774 1308 1953 1359 tamen
1985 1304 2039 1360 in
2071 1306 2400 1363 authenticis
2431 1307 2484 1361 in
2536 1308 2736 1378 quibus
2790 1305 3123 1362 sanctissimi
3183 1302 3426 1376 episcopi

149 1392 621 1463 subscripserunt,
643 1391 952 1447 nullatenus
983 1391 1358 1446 inveniuntur.

220 1483 289 1536 El
318 1482 415 1535 καὶ
438 1480 487 1513 ⁸⁸
516 1480 598 1534 ὅτι
630 1479 701 1534 τὰ
738 1483 836 1552 τῆς
868 1480 1103 1544 ἀσεϐοῦς
1131 1471 1422 1553 ἐπιστολῆς
1459 1479 1739 1553 φερόμενα
1826 1476 1836 1485 ’

152 1572 539 1643 ὑπομνήματα
570 1570 628 1625 έν
651 1587 763 1625 τισι
796 1572 895 1641 μὲν
944 1570 1194 1642 βιϐλίοις,
1217 1571 1294 1636 ὡς
1326 1572 1565 1644 εἴρηται,
1590 1570 1740 1647 ἐντέ-

148 1680 392 1728 τακται,
428 1664 487 1716 ἑν
520 1661 577 1715 δὲ
602 1664 714 1724 τοῖς
736 1661 1100 1726 αὐθεντικοῖς,
1123 1663 1181 1716 ἐν
1213 1656 1295 1727 οἷς
1330 1660 1658 1734 ὑπέγραψαν
1689 1663 1741 1716 οἱ

1855 1663 2092 1732 quaedam
2125 1679 2156 1718 a
2203 1665 2369 1721 certis
2414 1665 2486 1721 ibi
2537 1680 2640 1721 con

150 1752 448 1809 δσιὼτατοι
499 1750 1105 1824 ὲπίσκοποι,ὀύδαμιῖ›ς
1151 1751 1412 1824 ηὕρηται,
1462 1752 1605 1824 πλὴν
1646 1752 1744 1806 κά·

151 1843 327 1912 κείνῳ
364 1842 450 1896 δεῖ
486 1841 538 1874 “
566 1842 857 1914 προσέχειν
890 1843 1017 1907 τοὺς
1044 1841 1145 1913 τὴν
1166 1842 1428 1913 ἀλήθειαν
1476 1840 1743 1914 ἐρευνῶν-

150 1950 283 1999 τας,
333 1935 418 1988 δτι
449 1932 715 1999 πολλάκις
735 1934 859 1988 τινά
887 1934 946 1990 ὲν
966 1936 1090 1999 ταῖς
1120 1934 1359 1997 συνόδοις
1393 1933 1546 2006 παρά
1575 1949 1740 1987 τινων

154 2029 220 2081 ἑν
274 2025 462 2090 αὐτοῖς
510 2025 923 2096 εὑρισκομένων
971 2023 1190 2094 λέγεται
1220 2023 1256 2095 ἢ
1309 2025 1452 2078 κατά
1491 2021 1742 2095 προαπά-

154 2109 319 2169 θειαν
364 2116 401 2186 ἢ
433 2117 557 2169 κατ’
579 2114 899 2169 ἐναντίωσιν
930 2114 964 2185 ἢ
1009 2113 1153 2169 κατά
1183 2114 1429 2183 ἄγνοιαν.
1468 2113 1658 2179 Οὐδεὶς
1682 2111 1741 2167 δὲ

154 2226 309 2281 προσ
338 2225 423 2280 χει
466 2209 581 2272 τοῖς
633 2202 778 2260 κατὰ
825 2205 990 2278 μέρος
1028 2205 1182 2275 παρά
1215 2222 1378 2259 τινων
1406 2204 1739 2276 λεγομένοις,

155 2301 306 2356 ἀλλὰ
332 2302 516 2372 μόνοις
545 2301 657 2364 τοῖς
685 2299 829 2353 κατά
856 2298 1042 2369 κοινὴν
1084 2297 1394 2351 συναίνεσιν
1430 2298 1583 2368 παρά
1602 2296 1744 2352 πάν-

1926 1499 1946 1534 ι
1986 1479 2215 1553 Oportet
2249 1492 2430 1539 autem
2486 1484 2647 1539 etiam
2690 1475 2820 1538 illud
2864 1483 3149 1538 attendere
3192 1494 3287 1539 eos
3332 1481 3429 1554 (ιιι

1846 1575 2131 1630 veritatem
2178 1584 2616 1646 perscrutantur,
2670 1577 2815 1646 quod
2845 1575 3075 1631 forsitan
3104 1576 3159 1629 in
3187 1575 3430 1631 conciliis

2709 1593 2815 1631 uou
2845 1593 3075 1631 Iorsuan
3104 1593 3159 1629 in
3187 1593 3430 1631 concutis

2644 1593 2994 1721 timentibus
3031 1665 3311 1735 dicuntur,
3337 1676 3432 1721 aut

1844 1769 1943 1827 per
1975 1756 2238 1822 favorem,
2264 1764 2359 1811 aut
2393 1772 2491 1828 per
2513 1759 2979 1822 contrarietatem,
3011 1767 3107 1813 aut
3133 1772 3232 1828 per
3262 1757 3433 1829 igno-

1846 1846 2101 1903 rantiam.
2132 1847 2308 1904 Nemo
2336 1858 2517 1904 autem
2550 1849 2779 1905 attendit
2806 1866 2870 1905 ea
2895 1866 3017 1920 quae
3042 1865 3142 1921 per
3166 1857 3374 1920 partem
3400 1865 3433 1905 a

1845 1938 2173 2009 quibusdam
2199 1939 2495 2027 dicuntur:
2524 1940 2620 1997 sed
2646 1941 2760 1997 sola
2789 1942 2899 2009 illa,
2934 1956 3057 2013 qum
3083 1943 3152 1997 ab
3178 1943 3434 1999 omnibus

1847 2027 2123 2082 communi
2175 2042 2447 2083 consensu
2496 2028 2850 2084 definiuntur.
2912 2027 2968 2084 Si
3025 2028 3173 2085 enim
3234 2028 3436 2099 aliquis

1848 2116 2147 2173 secundum
2187 2117 2308 2174 illos
2337 2118 2572 2176 voluerit
2606 2119 2889 2176 attendere
2918 2119 3187 2191 ejusmodi
3219 2118 3437 2176 contra;

1849 2208 2108 2275 rietates,
2173 2226 2511 2283 unaquaeque
2564 2212 2804 2283 synodus
2869 2212 3178 2268 invenietur
3235 2219 3440 2267 semet-

1851 2297 2027 2368 ipsam
2053 2300 2364 2356 destruens.

154 2409 273 2447 των
308 2391 669 2464 ὁριζομένοις.
706 2387 900 2461 Είγάρ
929 2387 1051 2442 κατ’
1084 2387 1329 2452 ἐκείνους
1365 2386 1653 2460 βουληθείη
1678 2404 1763 2451 τις
1809 2390 2098 2462 προσέχειν
2126 2394 2264 2455 ταῖς
2287 2390 2561 2454 τοιαύταις
2614 2392 3018 2457 ἐναντιώσεων,
3058 2394 3266 2463 ἑκάστη
3313 2388 3441 2445 σύν-

156 2485 284 2549 οδος
319 2484 633 2556 εὑρίσκεται
666 2480 863 2553 ἑαυτὴν
888 2479 1296 2552 ἀνατρέπουσα.

244 2598 265 2632 ι
308 2578 411 2631 Διά
437 2577 610 2630 ταῦτα
630 2576 812 2629 τοίνυν
851 2574 960 2628 ἔδει
983 2574 1204 2639 αὐτοὺς,
1237 2571 1397 2645 εἴπερ
1425 2571 1601 2648 ὀρθῶς
1631 2571 1748 2626 ἐδέ-

160 2688 330 2744 χοντο
362 2668 461 2740 τὴν
493 2669 654 2737 ἁγίαν
684 2666 924 2730 σύνοδον,
955 2664 1030 2737 μὴ
1049 2665 1306 2728 τοιαύτας
1336 2665 1476 2736 αὐτῇ
1513 2662 1751 2735 μέμψεις

162 2763 522 2835 περιάπτειν,
554 2758 691 2813 ἀλλά
720 2757 1090 2828 ἀκολουθῆσαι
1117 2759 1231 2820 τοῖς
1283 2756 1622 2819 διδασκάλοις
1652 2754 1753 2825 τῆς

161 2853 472 2923 καθολικῆς
529 2849 881 2923 Ἐκκλησίας,
916 2850 1012 2903 καὶ
1044 2849 1282 2919 μάλιστα
1321 2852 1432 2912 τοῖς
1462 2850 1520 2900 έν
1575 2846 1753 2915 ἁγίοις

1894 2590 1942 2640 ,ι
1974 2560 2204 2640 Propter
2243 2570 2362 2627 haec
2400 2570 2573 2647 igitur,
2613 2571 2902 2642 oportebat
2957 2586 3072 2637 eos,
3101 2572 3147 2627 si
3185 2584 3439 2632 sanctum

1847 2660 2137 2717 concilium
2166 2668 2316 2717 recte
2354 2660 2717 2732 susciperent,
2749 2676 2862 2716 non
2911 2661 3047 2718 tales
3068 2662 3442 2735 blasphemias

1847 2752 1901 2808 ei
1946 2752 2260 2824 applicare,
2291 2753 2388 2809 sed
2440 2752 2597 2824 sequi
2637 2752 2891 2808 doctores
2921 2753 3202 2811 catholica:
3250 2754 3442 2813 Eccle-

1848 2843 2037 2907 δίοποι
2057 2843 2290 2899 maxime
2304 2851 2556 2900 sanctum
2572 2843 2955 2906 Athanasium,
2971 2844 3065 2915 qui
3086 2845 3188 2901 fuit
3206 2844 3445 2903 Aleran-

176 2945 491 3016 Ἀθανασὶῳ
517 2943 594 3015 τῷ
621 2941 900 3014 γενομένῳ
921 2942 1020 3013 τῆς
1056 2940 1449 3013 Ἀλεξανδρέων
1467 2939 1750 3010 ἑπίσκόπῳ

1855 2934 1987 2991 driae
2012 2934 2326 3007 episcopus,
2355 2944 2412 2991 et
2434 2935 2696 3006 plurimos
2723 2945 2779 2991 et
2807 2951 3032 3008 magnos
3060 2924 3278 2994 labores
3321 2956 3445 2995 sus-

162 3039 267 3095 καὶ
321 3036 552 3100 πολλοὺς
604 3033 700 3089 καὶ
757 3032 1029 3105 μεγάλους
1087 3032 1305 3103 ἀγῶνας
1369 3029 1753 3102 ἀναδεξαμένῳ

164 3131 333 3199 ὑπὲρ,
358 3128 459 3199 τῆς
494 3125 659 3196 ὀρθῆς
683 3125 731 3157 ⁵⁵
768 3122 878 3179 τῶν
926 3122 1273 3194 Χριστιανῶν
1327 3121 1564 3185 πίστεως
1610 3120 1753 3174 κατά

164 3206 355 3290 πάσης
410 3212 700 3291 αἱρέσεώς,
750 3216 847 3270 καὶ
908 3214 1144 3286 μάλιστα
1200 3213 1312 3268 τῶν
1346 3212 1754 3267 ἀηδεστάτων

177 3309 500 3384 ’Δρειανῶν.
533 3307 655 3363 Τῶν
674 3307 789 3379 γάρ
813 3305 994 3362 αὐτῶν
1036 3305 1330 3379 ’Δρειανῶν
1370 3305 1506 3378 πρὸς
1536 3304 1754 3374 ἀπάτην

162 3406 283 3457 τῶν
309 3402 459 3457 λαῶι
483 3403 564 3463 είς
590 3400 691 3471 τὴν
720 3397 932 3453 ἑαυτῶν
964 3397 1158 3477 μερίδα
1185 3397 1592 3473 ἐπισπωμένων
1629 3398 1753 3450 Διοο

164 3493 379 3561 νύσιον,
404 3493 570 3565 366
588 3492 696 3564 πρὸ
716 3491 929 3547 πολλῶν
952 3491 1090 3546 έτῶν
1112 3489 1204 3545 τοῦ
1230 3492 1289 3545 ὲν
1318 3489 1495 3559 ἁγίοις
1527 3487 1755 3543 Ἀθανα-

166 3588 292 3641 σίου
319 3587 424 3656 τῆς
456 3583 854 3657 Ἀλεξανδρέων
880 3582 1517 3655 γενόμενονέπίσκοπον,
1542 3581 1636 3634 καὶ
1665 3579 1753 3633 λε-

165 3680 383 3749 γόντων
433 3676 510 3741 ὡς
557 3677 653 3731 καὶ
703 3677 869 3741 αὐτὸς
925 3674 1204 3750 Διονύσιος
1248 3673 1319 3728 τά
1363 3674 1525 3743 ὃμοια
1573 3673 1758 3735 αὐτοῖς

168 3769 505 3840 ἐφρόνησεν,
546 3766 868 3831 ’Δθανάσιος
889 3767 919 3821 ὁ
960 3766 1134 3838 μέγας
1163 3764 1265 3836 τῆς
1319 3763 1649 3835 Ἐκκλησίας
1680 3763 1759 3817 δι-

168 3860 444 3924 δάσκαλος
471 3858 688 3923 πολλοῖς
715 3858 943 3929 τρόποις
994 3857 1291 3930 ἐγγράφως
1322 3855 1605 3923 ἀπέδειξεν
1658 3853 1757 3925 τὴν

170 3950 344 4022 ὀρθὴν
370 3949 555 4018 πίστιν
576 3948 855 4019 Διονύσιον
884 3947 944 4015 ἐξ
966 3949 1143 4020 ἀρχῆς
1167 3946 1405 4019 κηρῦξαι
1437 3946 1484 3979 ⁸⁸
1516 3948 1612 4000 καὶ
1651 3963 1760 4018 μη-

171 4041 365 4109 δαμῶς
412 4042 839 4111 έπικοινωνῆσαι
889 4043 956 4112 τῇ
1006 4039 1116 4095 τῶν
1177 4039 1471 4111 ’Δρειανῶν
1513 4038 1757 4109 ἀσεϐείᾳ.

177 4128 345 4188 Οὗτοι
379 4133 440 4187 δὲ
482 4133 573 4187 τά’
606 4133 653 4165 ⁸⁷
698 4132 808 4186 τῶν
847 4131 1143 4203 αἱρετικῶν
1167 4130 1492 4202 φρονοῦντες
1550 4132 1631 4196 είς
1662 4129 1760 4202 τὴν

173 4225 388 4279 οἰκείαν
423 4224 678 4277 ἀσέϐειαν
716 4224 762 4254 ⁸⁸
784 4223 959 4294 ταύτῃ
987 4223 1311 4294 περιάπτειν
1338 4220 1756 4288 σπουδάζουσιν.

1854 3028 2000 3098 cepit
2042 3043 2141 3099 pro
2184 3036 2330 3083 recta
2379 3027 2816 3083 Christianorum
2868 3027 2975 3093 fide
3012 3029 3275 3086 adversus
3325 3047 3445 3087 om-

1854 3135 1980 3174 nem
2006 3120 2276 3185 haeresim,
2311 3129 2368 3174 et
2412 3119 2649 3175 maxime
2687 3129 2876 3175 contra
2908 3120 3258 3191 impiissimos
3285 3121 3445 3178 Aria-

1856 3226 1979 3267 nos.
2013 3212 2149 3282 Ipsis
2174 3213 2321 3267 enim
2351 3211 2566 3266 Arianis
2597 3210 2664 3267 ad
2695 3211 3045 3282 decipiendos
3078 3214 3309 3285 populos
3340 3230 3445 3270 suo

1858 3305 2031 3361 errori
2080 3304 2541 3376 conjungentibus
2586 3302 2921 3375 Dionysium,
2956 3305 3048 3375 qui
3081 3316 3208 3362 ante
3243 3308 3447 3363 multos

1855 3409 2031 3450 annos
2076 3390 2355 3450 Athanasii
2384 3393 2499 3471 fuit
2548 3394 3242 3471 Alexandriaeepiscopus,
3278 3405 3335 3453 et
3359 3397 3446 3452 di-

1857 3487 2106 3543 centibus
2134 3485 2280 3556 quod
2322 3496 2398 3543 et-
2424 3487 2541 3558 ipse
2577 3486 2865 3557 Dionysius
2903 3487 3102 3543 similia
3130 3489 3213 3544 eis
3242 3489 3445 3560 sapuit,

1856 3575 2187 3630 Athanasius
2235 3591 2463 3649 magnus
2507 3576 2762 3634 Ecclesia:
2795 3577 2987 3634 doctor
3033 3579 3221 3635 multis
3269 3580 3449 3636 modis

1857 3668 2098 3723 ostendit
2144 3668 2199 3722 in
2245 3667 2494 3743 scriptis,
2541 3679 2745 3723 rectam
2799 3668 2959 3723 fidem
3016 3667 3333 3742 Dionysium
3378 3672 3450 3725 ab

1822 3816 1830 3825 ,
1860 3756 2015 3812 initio
2048 3757 2390 3828 praedicasse,
2414 3757 2669 3827 nulloque
2698 3757 2860 3813 modo
2888 3759 3209 3831 participem
3238 3760 3452 3818 Arianzc

1860 3848 2153 3919 impietatis
2203 3847 2393 3905 fuisse.
2453 3847 2545 3904 Isti
2596 3858 2778 3904 autem
2845 3850 3100 3911 haeretica
3151 3853 3448 3928 sapientes,

1833 3954 2015 4011 suam
2037 3939 2372 4010 impietatem
2399 3939 2577 3995 eidem
2609 3939 2818 4011 synodo
2845 3939 3123 4008 applicare
3168 3941 3449 3996 festinant.

1859 4010 2049 4096 Qualis
2077 4039 2260 4085 autem
2321 4038 2406 4085 est
2440 4010 2857 4094 condemnatio,
2902 4038 2960 4084 et
2985 4029 3161 4099 qualis
3206 4030 3456 4087 imminet

1860 4119 2170 4175 maledictio
2199 4119 2279 4175 eis
2324 4119 2416 4189 qui
2455 4121 2511 4173 in
2564 4117 2753 4174 Patres
2801 4127 3049 4189 peccant,
3080 4119 3240 4176 docet
3267 4137 3367 4177 nos
3398 4132 3456 4177 et

1861 4212 2040 4267 divina
2064 4211 2364 4283 Scriptura.
2396 4212 2454 4267 Si
2479 4212 2625 4266 enim
2647 4207 2842 4272 Cham.
2875 4211 3019 4266 illius
3057 4209 3191 4295 Noe,
3222 4229 3345 4269 cum
3376 4215 3454 4269 vi-

184 4318 409 4372 'Ondw
431 4316 488 4370 δέ
523 4318 640 4370 ὲστι
670 4314 990 4387 κατάκριμα
1040 4314 1134 4368 καὶ
1183 4314 1313 4368 ποία
1339 4313 1610 4385 ἐπίκειται
1652 4312 1750 4385 ἀρᾶ

1864 4304 2035 4360 disset
2058 4306 2265 4359 nullum
2295 4319 2453 4360 suum
2486 4312 2719 4377 patrem,
2750 4305 3007 4375 quoniam
3038 4310 3456 4378 noncooperuit

172 4411 289 4472 τοῖς
318 4407 403 4471 είς
426 4407 670 4477 πατέρας
698 4408 1109 4481 ἁμαρτάνουσιν
1132 4406 1371 4460 διδάσκει
1397 4404 1546 4475 ἡμᾶς
1582 4405 1674 4459 καὶ
1710 4405 1757 4438 ⁸⁹

173 4501 209 4570 η
237 4497 363 4550 θεία
389 4497 605 4568 Γραφή.
648 4497 712 4551 El
744 4496 856 4567 γὰρ
882 4496 1015 4568 Χάμ
1044 4498 1074 4551 δ
1105 4495 1220 4560 υίὸς
1251 4495 1346 4549 τού
1380 4494 1506 4549 Νῶε
1562 4494 1759 4549 θεασά-

140 4606 345 4661 ,μενος
370 4588 578 4660 γυμνὸν
603 4588 695 4643 τὸν
733 4586 865 4644 ῐδιον
894 4588 1130 4661 πατέρα,
1162 4588 1259 4642 καὶ
1289 4586 1365 4659 μὴ
1389 4585 1638 4657 καλύψας
1665 4586 1764 4658 τὴν

178 4682 271 4734 τοῦ
307 4679 515 4751 πατρὸς
562 4679 886 4751 σωματικὴν
939 4678 1244 4752 γύμνωσιν.
1296 4678 1532 4745 ἐξελθὼν
1583 4679 1765 4751 ἀπήγ-

177 4770 331 4838 γειλε
367 4768 416 4801 ⁸⁸
461 4767 668 4839 ταύτην
702 4770 816 4832 τοῖς
866 4768 1141 4838 ἀδελφοῖς,
1196 4769 1294 4823 καὶ
1322 4768 1519 4823 ἐκεῖνοι
1568 4768 1767 4839 ίματίῳ

176 4861 387 4929 ταύτην
418 4859 881 4932 περιεσκέπασαν.
919 4860 1083 4923 αὐτὸς
1132 4859 1189 4914 δὲ
1220 4860 1351 4931 Χάμ
1379 4861 1473 4915 καὶ
1505 4863 1554 4913 οε
1576 4859 1638 4924 ἐξ
1667 4860 1765 4913 αύ-

176 4952 275 5007 τοῦ
317 4953 672 5023 γεννηθέντες
704 4951 809 5008 ύπδ
836 4952 1084 5023 κατάραν
1126 4952 1439 5020 γεγόνασιν,
1474 4953 1522 5004 οἱ
1551 4952 1608 5005 δὲ
1643 4968 1768 5009 σκε-

178 5046 461 5108 πάααντες
484 5026 735 5112 εύὶογῖας
772 5042 1022 5115 μεγάλης
1054 5041 1389 5121 ἠξιώθησαν,
1422 5042 1603 5115 πολλῷ
1632 5045 1768 5114 μᾶλ-

178 5135 269 5189 λον
321 5129 465 5190 οὗτοι
514 5134 756 5206 μείξονὸς
815 5135 911 5189 καὶ
952 5134 1043 5188 In
1092 5134 1337 5200 πλείονος
1387 5133 1763 5207 κατακρίσεως

178 5232 327 5281 εἰσιν
357 5226 497 5290 ἄξιοι
546 5228 595 5280 οἱ
630 5227 727 5297 τὴν
760 5220 1029 5299 μηδαμῶς
1068 5226 1380 5298 προσοῦσαν
1430 5226 1656 5297 ἀτιμίαν
1694 5228 1763 5302 τῇ

1862 4395 2032 4466 patris
2062 4395 2401 4466 corporalem
2444 4396 2770 4463 nuditatem,
2821 4397 2919 4453 sed
2948 4412 3205 4468 egressus
3233 4401 3448 4454 nuntia-

1866 4488 1945 4544 vit
1964 4503 2090 4545 eam
2130 4486 2427 4553 fratribus,
2456 4498 2541 4545 .et
2598 4488 2675 4543 illi
2721 4487 3051 4545 vestimento
3098 4503 3219 4545 eam
3253 4504 3455 4557 coope-

1870 4587 2128 4643 ruerunt,
2180 4578 2300 4649 ipse
2342 4580 2563 4649 quidem
2607 4579 2816 4645 Cham,
2869 4587 2926 4634 et
2978 4579 3050 4634 illi
3095 4577 3187 4649 qui
3226 4593 3291 4637 ex
3338 4579 3456 4648 ipso

1869 4672 1982 4726 nati
2031 4681 2182 4735 sunt,
2205 4672 2308 4727 sub
2348 4671 2726 4728 maledictione
2771 4670 2897 4727 facti
2929 4681 3091 4734 sunt;
3128 4670 3218 4740 qui
3260 4680 3443 4725 autem

1869 4773 2290 4832 cooperuerunt,
2340 4777 2590 4833 magnam
2626 4762 3065 4818 benedictionem
3098 4772 3454 4825 meruerunt;

1869 4855 2040 4909 multo
2091 4855 2264 4923 magis
2310 4853 2399 4908 isti
2459 4853 2665 4923 maiore
2710 4863 2769 4908 et
2813 4854 3078 4924 ampliore
3110 4846 3454 4911 condemna~

1870 4946 2016 5002 tione
2054 4946 2199 5017 digni
2259 4955 2408 5010 sunt,
2446 4944 2537 5015 qui
2582 4946 2648 4999 ad
2701 4946 2968 5017 synodum
3025 4946 3251 5000 minime
3285 4946 3458 5017 perti-

1868 5050 2087 5095 nentem
2140 5037 2446 5100 infamiam,
2502 5037 2763 5093 festinant
2806 5052 2905 5108 per
2952 5038 3292 5119 impietatem
3333 5040 3453 5110 cpi-

1871 5134 2044 5198 stolae,
2074 5141 2129 5188 et
2163 5129 2452 5196 Theodori,
2476 5130 2652 5207 eidem
2685 5139 2887 5185 sanctae
2926 5132 3134 5200 synodo
3157 5132 3454 5203 applicare.

1871 5223 1977 5278 Sed
2015 5234 2123 5277 non
2158 5221 2280 5275 ideo
2315 5218 2481 5290 impia
2513 5218 2765 5291 epistola,
2795 5219 2882 5274 vel
2919 5220 3287 5278 defendentes
3310 5235 3453 5287 eam,

1486 5407 1718 5464 VARle
1750 5402 2154 5462 LECTIONES.

254 5571 301 5603 "
324 5574 436 5633 τοῖς
462 5568 569 5625 PV.
644 5571 693 5601 “
722 5571 782 5625 El
818 5571 931 5625 καί.
960 5574 1053 5625 Δεῖ
1083 5571 1137 5625 δὲ
1168 5569 1225 5626 P.
1300 5570 1345 5601 "‘
1368 5568 1465 5621 δεῖ.
1500 5567 1557 5620 δὲ
1589 5565 1697 5622 PV.
1771 5566 1817 5598 "
1846 5566 2020 5637 ἀρχῆς
2040 5579 2150 5620 om.
2184 5564 2243 5619 Ρ.
2320 5564 2367 5596 ³⁸
2398 5563 2640 5636 κηρύξας
2658 5564 2718 5619 Ρ.
2796 5565 2842 5598 ⁸⁷
2869 5564 2939 5619 τά
2964 5580 3074 5619 om.
3109 5563 3172 5622 Ρ.
3247 5563 3296 5598 ⁸⁸
3329 5562 3455 5618 ἁτέ-

186 5639 338 5696 σειαν
367 5657 479 5696 om.
513 5639 573 5693 P.
684 5641 730 5673 ⁸⁹
760 5641 854 5694 καὶ
878 5656 990 5695 om.
1023 5642 1082 5696 Ρ.
1162 5642 1207 5673 ⁸⁸
1238 5636 1535 5711 ἐπήγγειλε
1558 5639 1621 5691 Ρ.

388 5736 663 5795 ΡΑτιιοι..
694 5735 812 5819 Gn.
846 5733 1021 5795 xcu.

3069 5723 3146 5788 30
