3856 6342
163 344 272 409 969
1355 331 1792 397 CHRONICON
1823 332 2227 393 PASCHALE.
3329 329 3434 391 970

163 456 334 520 ἑπτὰ,
365 452 476 508 ἀπὸ
507 451 552 506 θ’
580 451 674 506 καὶ
705 449 872 521 αὐτῆς
921 447 1027 512 ἕως
1061 453 1124 501 ιε’
1156 443 1245 501 τοῦ
1283 445 1448 499 αὑτοῦ
1480 445 1752 515 Φεϐρουα-

1888 451 2014 506 ιιιιι,
2057 442 2126 498 ab
2159 459 2210 497 xi
2255 438 2462 496 scilicet
2495 440 2612 506 die,
2643 439 2708 495 ad
2742 456 2809 494 xv
2830 438 3072 510 ejusdem
3094 438 3299 494 mensis
3329 439 3434 493 Fe-

167 549 290 616 ρίου
329 544 517 615 μηνός.
548 541 658 597 Καὶ
687 544 753 613 τῇ
789 546 843 606 ς’
871 540 968 593 τοῦ
999 538 1219 592 Ἰουλίου
1263 537 1431 607 μηνὸς
1451 535 1553 605 τῆς
1582 534 1752 603 αὐτῆς

1892 533 2080 588 ruarii.
2109 535 2276 588 Sexto
2322 532 2520 588 deinde
2569 531 2697 588 Iulii
2749 531 2957 586 mensis
3004 529 3093 585 die
3126 530 3370 600 ejusdem
3401 547 3436 584 ν

165 643 208 690 ε’
243 635 580 698 ινδικτιῶνος
603 633 822 704 ἠδίκτου
856 630 1212 702 προτεθέντος
1235 628 1450 697 ἐγράφη
1483 626 1558 697 τῷ
1581 623 1754 694 λοιπῷ

1888 625 2166 680 adictionis
2191 667 2206 691 ,
2237 625 2518 694 proposito
2547 623 2726 679 edicto
2748 665 2763 691 ,
2807 623 3067 693 scriptum
3115 632 3200 676 cst
3229 621 3435 691 reliqua

172 731 334 801 μέρει
361 727 459 781 τοῦ
487 727 681 798 χρόνου
710 726 804 779 τοῦ
839 727 998 795 μέχρι
1026 722 1268 794 δηλονότι
1303 720 1634 790 Ἰανουαρίου
1654 721 1753 788 τῆς

168 820 340 887 ἕκτης
377 815 711 878 ίνδικτιῶνος
747 813 923 876 οὓτως
947 826 963 843 ·
993 814 1104 866 Καὶ
1119 813 1407 877 ὑπατείας
1436 811 1542 865 τοῦ
1567 812 1754 865 αὑτοῦ

163 907 617 964 εὐσεϐεστάτου
633 906 802 976 ἡμῶν
813 905 1114 959 δεσπότου
1127 904 1192 956 τὸ
1205 903 1486 970 δεύτερον
1499 903 1630 974 (95).
1647 905 1758 957 Καὶ

168 1001 251 1072 τῷ
299 1000 595 1072 Νοεμϐρίῳ
630 1000 762 1068 μηνὶ
795 998 896 1068 τῆς
943 996 1112 1066 αὐτῆς
1144 1001 1198 1061 ς’
1217 997 1262 1027 ⁷⁸
1299 995 1626 1058 ίνδικτιῶνος
1656 997 1757 1048 ὲπ-

169 1094 469 1154 ανάστασις
498 1091 688 1160 γέγονε
719 1089 1018 1159 Μαυρικίῳ
1044 1086 1198 1158 παρὰ
1226 1088 1392 1140 Φωκᾶ
1423 1087 1756 1157 στρατιώτου

175 1186 319 1258 μετὰ
343 1183 440 1238 τοῦ
475 1181 733 1253 στρατοῦ.
765 1183 876 1236 Καὶ
906 1181 1212 1252 Μαυρίκιος
1246 1181 1346 1250 μὲν
1378 1179 1629 1250 Τιϐέριος
1659 1180 1758 1232 σὺν

170 1281 241 1349 τῇ
270 1276 494 1346 γυναικὶ
532 1275 918 1346 Κωνσταντίνῃ
951 1274 1046 1327 καὶ
1080 1273 1269 1327 παισὶν
1300 1273 1364 1336 θ’,
1399 1271 1674 1324 τουτέστιν
1706 1277 1758 1335 ς’

177 1372 280 1442 μὲν
334 1370 565 1440 ἄρρεσι,
616 1367 905 1438 Θεοδοσίῳ,
961 1365 1214 1437 Τιϐερίῳ,
1268 1364 1481 1436 Πέτρῳ,
1538 1363 1755 1434 Παύλῳ,

189 1462 465 1532 ’1ουστίνῳ
528 1461 623 1514 καὶ
672 1457 1080 1528 Ἰουστινιανῷ,
1135 1459 1229 1511 καὶ
1285 1457 1435 1527 τρισὶ
1495 1455 1758 1527 Θηλείαις,

189 1553 542 1624 Ἀναστασίᾳ,
559 1551 856 1623 Θεοκτίστῃ
878 1552 973 1604 καὶ
993 1550 1342 1620 Κλεοπάτρᾳ,
1374 1549 1565 1618 φεύγει
1580 1549 1624 1580 ⁸ο
1649 1548 1760 1615 (96)

172 1650 243 1717 τῇ
279 1644 366 1715 κβ¹
397 1644 495 1696 τοῦ
526 1644 649 1696 Δίου
687 1643 874 1714 μηνὸς,
905 1641 1050 1695 κατὰ
1083 1640 1390 1711 Ῥωμαίους
1430 1639 1761 1710 Νοεμϐρίου,

175 1739 245 1805 τῇ
278 1734 441 1787 νυκτὶ
469 1737 534 1805 τῇ
567 1734 660 1787 ἐπὶ
690 1738 775 1802 κγ’
799 1731 1134 1802 διαφαούσης
1167 1731 1551 1802 Παρασκευῆς.
1570 1731 1764 1792 Φωκᾶς

558 1824 584 1836 ιν
667 1825 680 1842 ο
757 1823 784 1835 ι-

175 1789 332 1898 δέτῇ
370 1834 456 1895 κγ’
491 1789 586 1879 τηοῦ
621 1789 786 1878 αὑτοῦ
840 1789 1006 1895 μηνὸς
1053 1789 1332 1896 ἡμέρᾳ-ς’
1365 1789 1616 1892 στειέόεὶς
1659 1789 1763 1875 ὑπο
1796 1789 1837 1844 Β

181 1917 468 1988 κυρίοικοῦ
518 1915 863 1986 πατριάρχου
905 1914 1530 1977 Κωνσταντινουπόλεως
1561 1915 1641 1976 είς
1673 1912 1763 1966 τὸν

179 2008 488 2074 σεϐάσμιον
539 2001 686 2057 οἷκον
727 2003 822 2056 τοῦ
868 2004 1025 2072 ἁγίου
1062 2004 1312 2058 Ἰωάννου
1363 2004 1420 2056 ὲν
1469 2001 1547 2072 τῷ
1579 2001 1763 2055 Ἑϐδό-

182 2118 270 2170 μῳ
293 2096 410 2165 (97)
437 2099 501 2166 τῇ
532 2102 609 2148 κε’
636 2093 731 2147 τοῦ
768 2083 1026 2164 ῥηθέντος
1053 2093 1242 2164 μηνὸς,
1273 2087 1456 2162 ἡμέρᾳ
1485 2093 1761 2162 κυριακῇ,

179 2187 434 2258 εἰσῆλθεν
458 2189 514 2239 ἐν
530 2183 1119 2250 Κωνσταντινουπὸλει,
1143 2183 1429 2247 καθεσθεὶς
1450 2185 1530 2247 είς
1559 2185 1657 2255 ὖχη
1668 2201 1762 2253 μα,

181 2281 292 2332 ἀπὸ
321 2279 416 2332 τοῦ
455 2277 716 2348 Ἐῦδόμου
751 2275 1010 2330 είσελθὼν
1038 2275 1127 2330 διὰ
1168 2277 1268 2346 τῆς
1311 2276 1535 2346 Χρυσῆς
1559 2276 1767 2345 πόρτάς

182 2364 288 2424 κατ
329 2369 440 2422 τῶν
489 2367 857 2440 Τρωάδησίων
893 2367 1077 2438 379
1128 2367 1372 2436 ἐμϐόλων
1407 2368 1517 2436 (98)
1547 2369 1641 2420 καὶ
1669 2368 1768 2437 τῆς

182 2463 379 2533 Μέσης
410 2462 522 2531 (99)
573 2462 702 2530 ὅλης
749 2462 855 2524 ἓως
901 2460 995 2514 τοῦ
1047 2460 1332 2520 παλατίου,
1369 2458 1594 2528 μηδενὸς
1631 2458 1768 2522 ὅλως

181 2555 562 2616 ἀντιστάντος,
592 2552 729 2606 ἀλλὰ
761 2552 980 2605 πάντων
1014 2550 1428 2621 εὐφημούντων.

255 2644 574 2714 Ἐκρατήοη
587 2644 644 2696 δὲ
655 2643 958 2714 Μαυρίκιος
970 2641 1219 2711 Τιϐέριος
1238 2640 1377 2708 μετὰ
1401 2640 1502 2709 τῆς
1515 2634 1770 2709 γυναίκδς

183 2734 284 2787 καὶ
315 2731 463 2785 ὀκτὼ
486 2732 691 2786 τέκνων
717 2732 883 2785 αὐτοῦ
911 2734 991 2795 είς
1014 2731 1104 2784 τὸν
1131 2731 1320 2798 Ἂγιον
1342 2731 1647 2801 Αὐτόνομον
1670 2731 1766 2802 (l),

186 2824 421 2893 πλησίον
454 2823 751 2894 Πραινέτου
787 2822 896 2892 (2)·
951 2821 1046 2875 καὶ
1097 2823 1162 2892 τῇ
1197 2821 1278 2885 κζ’
1308 2821 1402 2874 τοῦ
1449 2821 1616 2874 αὐτοῦ
1663 2839 1771 2892 μη-

187 2919 301 2982 νὸς,
335 2916 523 2987 ἡμέρᾳ
551 2917 734 2987 τρίτῃ,
775 2917 988 2984 ἐσφάγη
1022 2915 1250 2984 πλησίον
1284 2913 1630 2984 Χαλκηδόνος
1678 2916 1774 2968 αὖε

186 3012 283 3074 τὸς
311 3010 618 3080 Μαυρίκιος
653 3011 746 3060 καὶ
767 3007 1019 3077 Τιϐέριος
1039 3008 1082 3039 ⁸⁸
1115 3007 1206 3059 καὶ
1238 3007 1463 3077 Πέτρος,
1487 3007 1773 3072 Ἰουστῖνος

188 3103 290 3154 καὶ
319 3097 717 3164 Ἰουστινιανδς,
748 3083 842 3151 διαὶ
871 3099 1079 3169 Πέτρος
1123 3097 1180 3150 δὲ
1228 3099 1256 3150 ὁ
1303 3097 1530 3165 ἀδελφὸς
1565 3098 1776 3168 Μαυρι-

1855 728 2009 788 parte
2037 718 2203 783 anni,
2239 733 2438 788 nempe
2490 732 2663 788 usque
2711 717 2777 772 ad
2829 716 3146 772 Ianuarium
3182 732 3234 771 vt
3289 717 3432 771 indi-

1857 808 2087 874 ctionis,
2133 809 2209 864 sic
2242 826 2256 863 :
2293 807 2360 861 Et
2387 809 2659 862 consulatu
2687 809 2922 877 eiusdem
2964 809 3190 878 piissimi
3224 809 3432 862 Domini

1861 900 2027 953 nostri
2060 901 2307 954 secundo.
2337 899 2404 954 Et
2430 899 2725 956 Novembri
2773 914 2960 955 mense
3004 900 3247 970 ejusdem
3291 901 3435 955 indi-

1860 992 2062 1048 ctionis
2087 1034 2100 1056 ,
2151 992 2322 1047 Focas
2354 993 2511 1048 miles
2557 1009 2667 1048 una
2693 1008 2817 1048 cum
2847 992 3086 1048 exercitu
3137 993 3193 1047 in
3244 993 3438 1047 Mauri-

1861 1087 2007 1140 cium
2041 1086 2380 1156 tyrannidem
2413 1086 2687 1156 arripuit:
2732 1101 2797 1142 ac
2844 1085 3134 1140 Mauricius
3181 1083 3439 1141 Tiberius

1861 1195 1984 1232 cum
2021 1194 2186 1233 uxore
2215 1178 2571 1234 Constantina
2593 1220 2608 1244 ,
2643 1187 2697 1234 et
2720 1193 2916 1234 novem
2946 1178 3132 1234 liberis
3151 1219 3166 1245 ,
3203 1194 3296 1234 sex
3321 1195 3440 1233 ma-

1863 1271 2066 1337 sculis,
2099 1286 2298 1340 nempe
2333 1270 2671 1336 Theodosio,
2708 1270 2958 1334 Tiberio,
3005 1269 3201 1336 Petro,
3249 1270 3438 1335 Paulo,

1859 1362 2119 1427 Iustino,
2161 1372 2216 1416 et
2269 1362 2575 1417 Iustiniano
2617 1381 2634 1416 :
2683 1371 2737 1417 et
2783 1363 2958 1417 tribus
3001 1362 3253 1428 ﬁliabus,
3296 1363 3442 1417 Ana-

1863 1455 2031 1508 stasia
2058 1497 2072 1520 ,
2111 1454 2424 1510 Theoctiste
2446 1495 2460 1520 ,
2493 1464 2546 1510 et
2572 1455 2858 1525 Cleopatra
2881 1495 2896 1520 ,
2933 1454 3195 1525 fugitxxn
3239 1455 3444 1512 mensis

1864 1546 1981 1611 Dii,
2017 1547 2316 1602 secundum
2363 1547 2642 1603 Romanos
2686 1546 3046 1612 Novembris,
3085 1556 3284 1613 noctu,
3321 1547 3446 1602 illu-

1864 1648 2119 1694 cescente
2151 1639 2262 1708 jam
2305 1656 2442 1694 χχιιι
2499 1640 2587 1695 die
2642 1638 2792 1694 feriae
2838 1648 3024 1694 sextae.
3063 1639 3232 1694 Focas
3261 1647 3446 1694 autem

1866 1746 2000 1786 χχιιι
2035 1731 2282 1801 ejusdem
2316 1733 2520 1787 mensis
2541 1773 2554 1797 ,
2593 1732 2727 1786 feria
2755 1749 2810 1786 γι
2843 1740 3138 1787 coronatur
3165 1747 3196 1784 a
3225 1731 3448 1809 Cyriaoo

1868 1824 2188 1893 patriarcha
2225 1822 2831 1893 Constantinopolitano
2872 1825 2928 1878 in
2971 1824 3278 1878 veneranda
3329 1825 3450 1880 :ede

1872 1913 2064 1970 Sancti
2111 1914 2337 1970 Joannis
2369 1915 2756 1970 inHebdomo.
2810 1914 2905 1970 Die
2946 1931 3075 1970 vero
3105 1933 3172 1970 xv
3205 1917 3450 1986 praedicti

1867 2007 2106 2073 mensis,
2153 2007 2246 2077 qui
2297 2007 2352 2061 in
2406 2008 2746 2062 Dominicam
2797 2007 3014 2070 incidit,
3047 2007 3114 2062 ab
3167 2007 3450 2106 Heb/domo

1869 2114 1965 2169 per
2015 2109 2226 2168 portam
2279 2100 2543 2165 Auream,
2595 2109 2650 2154 et
2694 2099 2935 2170 porticus
2983 2099 3354 2165 Troadenses,
3398 2108 3454 2154 et

1870 2206 1966 2261 per
1999 2199 2167 2246 totam
2206 2189 2436 2245 Mediam
2469 2192 2703 2262 plateam
2725 2233 2739 2257 ,
2778 2192 3031 2246 obstante
3059 2192 3311 2258 nemine,
3343 2191 3453 2247 imo

1870 2283 2084 2336 cunctis
2144 2282 2320 2337 fausta
2381 2283 2826 2352 apprecantibus,
2859 2299 3023 2340 curru
3075 2292 3264 2340 vectus
3306 2282 3454 2339 Con-

1871 2373 2285 2445 stantinopolim
2322 2375 2597 2446 ingressus
2634 2385 2735 2434 est.

1941 2643 2380 2716 Comprehensus
2407 2654 2492 2700 est
2515 2656 2699 2699 autent
2732 2642 3022 2699 Mauricius
3053 2643 3307 2702 Tiberius
3329 2662 3457 2702 cum

1873 2752 2042 2791 uxore
2071 2746 2128 2791 et
2155 2745 2280 2792 octo
2323 2736 2510 2791 liberis
2537 2751 2727 2792 versus
2775 2736 3034 2791 Sanctum
3081 2738 3452 2794 Autonomum

1871 2829 2030 2898 juxta
2098 2828 2448 2884 Prtenetum:
2497 2838 2551 2884 et
2602 2844 2747 2882 xxvu
2785 2828 3028 2898 ejusdem
3067 2830 3272 2885 mensis
3329 2831 3451 2896 die,

1875 2921 2010 2974 feria
2069 2937 2128 2975 ιιι
2187 2921 2504 2976 interfectus
2547 2930 2633 2976 est
2679 2915 2830 2990 juxta
2879 2921 3276 2976 Cbalcedonem
3317 2923 3460 2978 idem

1875 3009 2174 3066 Mauricius
2219 3013 2508 3079 Tiberius,
2571 3029 2676 3066 una
2725 3029 2847 3066 cum
2896 3011 3088 3078 Petro,
3139 3013 3352 3069 Iustino
3405 3025 3462 3070 et

1878 3103 2192 3158 Iustiniano
2219 3123 2230 3157 :
2263 3104 2456 3160 Petrus
2484 3104 2645 3158 etiam
2675 3102 3000 3174 Curopalata
3026 3145 3042 3168 ,
3073 3104 3315 3161 Mauricii
3351 3107 3463 3162 fra-

191 3193 340 3254 κίου,
386 3191 803 3262 κουροπα).ἁτης
834 3189 929 3253 ὢν,
968 3189 1249 3259 συσχεθεὶς
1277 3189 1368 3241 καὶ
1402 3189 1565 3251 αὐτὸς
1602 3189 1773 3257 ἐσφά-

1888 3205 2004 3261 ter,
2037 3196 2128 3264 qui
2177 3197 2380 3265 pariter
2428 3204 2619 3266 captus
2673 3195 2868 3249 fuerat.
2914 3195 3187 3250 Interfecti
3236 3198 3462 3267 perinde

188 3284 350 3355 γηυ,
381 3285 475 3336 και
507 3283 657 3337 ἄλλοι
687 3282 742 3334 δὲ
777 3281 1178 3352 συνεσχέθησαν
1204 3280 1480 3351 ἄρχοντες·
1502 3280 1777 3350 Ἐσφάγη-

193 3391 298 3429 σαν
343 3375 404 3428 δὲ
448 3377 526 3438 είς
564 3372 896 3444 Διαδρόμους
928 3372 1003 3442 (5)
1043 3370 1268 3442 πλησίον
1301 3370 1393 3424 τοῦ
1438 3371 1660 3442 Ἀκρίτα
1697 3372 1774 3443 (4)

1883 3287 1949 3339 ad
1995 3287 2312 3342 Diadromos
2346 3288 2496 3358 juxta
2550 3288 2785 3340 Acritam
2830 3285 3222 3342 Constantinus
3273 3288 3463 3345 Lardis

1881 3378 2233 3448 ett-praefecto
2277 3379 2530 3451 praetorio
2573 3388 2635 3434 et
2675 3377 2975 3450 Logotbcta
3031 3389 3086 3434 et
3113 3390 3333 3436 curator
3363 3399 3464 3453 pa-

1543 3509 1877 3568 DUCANGH
1913 3515 2138 3573 NOTIE.

192 3637 260 3690 τδ
291 3636 602 3706 θυγάτριον.
647 3635 889 3706 Denique
933 3633 1340 3706 subditpaucis
1385 3632 1576 3688 diebus
1600 3650 1644 3706 Aa
1676 3650 1784 3688 nu-

193 3708 349 3777 ptiis,
373 3703 505 3775 ipsa
540 3707 736 3770 hieme,
762 3705 1053 3777 Byzantios
1094 3704 1164 3757 ob
1199 3718 1428 3777 annona:
1469 3703 1784 3777 gravitatem

193 3773 341 3832 iame
403 3773 702 3836 laborasse,
745 3773 940 3844 dieque
987 3775 1051 3845 (a
1079 3773 1332 3845 _nuptiis)
1359 3773 1786 3845 quadragesimo

189 3847 408 3916 elapso,
440 3847 555 3914 ipso
587 3845 789 3916 Natalis
825 3842 1034 3898 Domini
1071 3843 1228 3916 festo,
1261 3842 1578 3916 seditionem
1605 3844 1659 3896 in
1685 3844 1786 3916 ima

193 3913 508 3986 peratorein
538 3932 567 3968 a
599 3915 753 3983 plebe
789 3917 1094 3986 excitatam.
1130 3913 1482 3986 Cui__quidem
1529 3915 1788 3986 temporis

187 3981 620 4040 characterismo
650 3985 937 4038 concinere
970 3985 1181 4038 videtur
1223 3981 1600 4050 Theophanes,
1643 3981 1784 4037 Scri-

191 4056 334 4110 hens
379 4071 564 4108 mense
606 4054 894 4108 Novembri
927 4053 1108 4107 intlict.
1150 4069 1182 4105 v
1214 4051 1378 4120 (anno
1417 4052 1622 4119 imperii
1657 4058 1780 4121 xx),

191 4125 518 4179 Mauricium
549 4125 800 4179 Germani
834 4123 1035 4192 patricii
1069 4122 1188 4176 lilia:
1221 4121 1582 4192 Theodosium
1617 4122 1782 4176 lilium

195 4196 518 4266 capulasse,
543 4196 810 4262 nuptiales
834 4190 1066 4266 coronas
1100 4193 1411 4260 itnponente
1440 4190 1661 4266 Cyriaco
1689 4208 1785 4262 pa-

197 4261 456 4321 triarcha.
487 4265 561 4317 Ex
586 4261 782 4333 quibus
812 4263 983 4333 colligi
1025 4271 1200 4333 potest
1224 4270 1487 4333 peractas
1527 4261 1644 4333 illas
1677 4261 1782 4333 nu-

195 4339 340 4407 ptias
378 4336 482 4407 sub
511 4351 580 4388 xv
603 4331 904 4407 Novembr.
923 4331 1308 4407 _atttio_Cl_tristi
1337 4331 1539 4407 vulgari
1566 4346 1668 4385 net.
1716 4331 1783 4384 Et

197 4401 330 4459 sane
365 4421 436 4459 xv
473 4406 618 4458 hunc
661 4403 864 4456 mensis
907 4401 1050 4456 diem
1094 4402 1329 4455 indicare
1357 4401 1570 4454 videtur
1599 4410 1786 4454 auctor

195 4474 460 4530 Chronici
492 4492 505 4526 :
539 4475 666 4527 dum
702 4474 775 4526 ait
806 4471 1062 4526 solemnia
1099 4472 1199 4524 ista
1231 4471 1790 4540 nuptiarumperacta

198 4561 302 4613 per
329 4561 405 4598 vn
438 4544 553 4597 dies
587 4545 846 4612 integros,
877 4557 907 4594 a
932 4558 982 4594 ix
1008 4557 1174 4613 usque
1205 4543 1271 4596 ad
1302 4539 1367 4594 XV
1395 4539 1596 4593 mensis
1610 4539 1790 4613 diem,

199 4609 314 4685 ἱιιιο
367 4617 577 4668 fortean
623 4609 841 4685 tandem
870 4609 1269 4664 matrintOniutn
1309 4618 1577 4685 exactum.
1603 4609 1791 4672 fuerit,

202 4677 421 4762 claei-is
445 4685 642 4762 diebus
670 4684 724 4735 in
759 4697 970 4762 pompa:
987 4691 1291 4762 apparams
1321 4677 1631 4762 insumptis.

1881 3639 2198 3700 missilibus.
2229 3639 2493 3709 ejusmodi
2521 3651 2809 3709 processus
2841 3635 3098 3709 agerent?
3121 3635 3292 3694 Annis
3321 3639 3466 3694 enim

1885 3709 2006 3763 aliis
2052 3707 2540 3765 revera’consules
2586 3724 2693 3763 non
2741 3707 3196 3772 inscribebantur,
3243 3724 3365 3762 cum
3415 3710 3470 3762 in

1885 3780 2082 3833 tabulis
2123 3780 2354 3850 publicis
2403 3779 2506 3834 acti
2546 3777 2858 3850 consulatus
2900 3778 3159 3850 duntaxat
3210 3778 3470 3850 memoria

1887 3848 2196 3906 servaret—ur
2232 3859 2287 3905 et
2321 3852 2732 3904 inscriberetur.
2776 3848 2954 3902 Semel
2997 3848 3166 3910 enim,
3211 3863 3311 3901 nec
3351 3849 3472 3916 plu-

1887 3919 2015 3983 ries,
2048 3920 2298 3974 consules
2327 3921 2656 3990 processisse
2688 3918 3060 3990 imperatores,
3085 3931 3155 3968 ex
3188 3932 3295 3990 quo
3310 3933 3354 3990 _a
3379 3917 3475 3972 Iu-

1890 3990 2128 4060 stiniano
2151 3986 2456 4060 abrogatus
2481 4000 2565 4042 est
2595 3987 2926 4060 consulatus,
2962 3999 3204 4060 prorsusA
3225 3986 3469 4060 legimus.

1963 4059 2072 4128 (96)
2111 4053 2370 4128 Φεύγῶν.
2392 4058 2716 4128 §imocatta.
2744 4053 2838 4110 lib.
2867 4071 2993 4117 vnn,
3031 4069 3149 4122 cap.
3177 4054 3228 4118 9,
3266 4058 3352 4120 10,
3385 4056 3473 4117 Η,

1891 4126 1980 4180 l2.
2009 4127 2138 4181 Vide
2165 4127 2356 4195 Famil.
2384 4126 2605 4195 Byzant.

1964 4196 2072 4266 (97)
2115 4194 2292 4250 Οϊκον
2320 4190 2630 4266 τοιῗὰγίου
2657 4196 2936 4266 (Ἰωάννου
2975 4193 3044 4266 ὲις
3073 4190 3152 4258 τῷ
3193 4193 3476 4266 Ἑϐδόμῳ.

1892 4263 2340 4336 Constantinopol.
2375 4265 2569 4323 Christ.
2615 4264 2707 4318 lib.
2741 4282 2820 4336 IV,
2846 4264 3066 4336 sect._4_,
3099 4278 3163 4336 [ιτ
3184 4263 3238 4329 6,
3267 4273 3321 4317 et
3361 4263 3478 4318 Dis-

1818 4360 1862 4414 D
1890 4333 2324 4414 ceptlde_Hehd.
2355 4334 2968 4414 (ὶοιιεισιιιίιιοροιίιετι.¹
2991 4333 3191 4414 ιιι-...9ο

1959 4402 2070 4475 (98)
2116 4406 2502 4474 Τρωαδησίων
2528 4402 2816 4474 ἐμϐόλων.
2858 4403 3017 4467 Ibitl.,
3051 4402 3142 4455 lib.
3170 4419 3229 4465 II,
3263 4411 3396 4456 sect.
3423 4403 3476 4468 5,

1889 4476 2073 4614 η’(ἓξὶ)
2117 4547 2220 4600 Καὶ
2251 4544 2360 4612 τῆς
2386 4545 2609 4611 Μέσης.
2639 4543 2796 4607 lbid.,
2827 4543 2920 4596 lib.
2947 4551 3148 4614 t,isec_t.
3175 4540 3262 4594 ‘25.

1965 4611 2188 4685 (1)Ἐὶς
2220 4611 2327 4669 τὸν
2346 4618 2542 4683 Ἀγιον
2577 4612 3081 4685 Αὐτόνομονελριιὶ-
3101 4612 3272 4685 locus,
3305 4611 3476 4678 inquit

1897 4680 2210 4750 SitnOcalta,
2244 4687 2312 4740 ab
2341 4680 2474 4740 urbe
2500 4680 3014 4753 Constantinopolit.
3039 4680 3255 4735 circiter
3283 4696 3343 4733 CL
3371 4691 3475 4733 sta-

276 4756 392 4822 (95)
435 4755 543 4806 Καὶ
582 4746 1247 4822 ὺπατὲίαςτοῦξάὐτοῦ
1293 4749 1585 4822 εὐσεϐοῇς
1629 4746 1775 4822 fuit?»

1897 4755 2000 4809 diis
2032 4746 2205 4810 abest.

203 4817 514 4877 δεσπότου
544 4824 608 4876 τὸ
642 4822 945 4886 δεύτερον.
978 4821 1175 4874 Nescio
1200 4837 1296 4875 cur
1328 4824 1470 4874 hunc
1510 4817 1793 4871 Mauricia-

201 4909 336 4946 num
373 4893 859 4947 characterismum
907 4890 1150 4943 omiserit
1199 4889 1634 4946 accuratissimus
1683 4889 1790 4958 lly-

201 4965 398 5032 patica:
431 4963 705 5031 dignitatis
734 4961 1040 5032 interpres;
1071 4970 1126 5013 et
1159 4977 1326 5030 quare
1365 4970 1476 5014 tum
1507 4961 1724 5032 demum
1761 4973 1792 5010 a

204 5029 396 5087 inense
439 5029 581 5087 Iulio
619 5033 687 5085 ad
720 5045 962 5084 mensem
1000 5029 1313 5085 Ianuarium
1361 5030 1636 5084 consulem
1671 5043 1793 5082 sese

203 5103 431 5164 iterum.
459 5119 554 5155 seu
582 5103 886 5161 secundum,
916 5101 1136 5154 inscribi
1169 5103 1348 5155 edicto
1388 5100 1663 5169 proposito
1695 5100 1787 5151 de-

203 5175 442 5226 creverit
477 5171 765 5226 Mauricius
793 5188 805 5221 :
838 5185 1014 5238 neque
1036 5170 1179 5222 enim
1209 5172 1322 5226 haec
1347 5170 1505 5223 verba
1527 5170 1593 5222 ad
1621 5169 1792 5222 Theo-

207 5243 426 5295 dosium
461 5242 627 5296 ﬁliuni
663 5239 945 5294 referenda
975 5242 1300 5295 censuerim.
1335 5241 1414 5292 An
1451 5240 1609 5308 igitur
1648 5239 1790 5306 quod

205 5328 266 5365 ea
305 5321 629 5380 tempestate
662 5326 879 5364 rursum
926 5319 984 5362 ut
1026 5311 1214 5365 consul
1266 5310 1621 5380 processerit,
1669 5324 1790 5362 cum

207 5396 333 5435 sese
360 5383 611 5435 consules
645 5390 760 5434 tum
792 5381 1169 5449 indigitarent,
1213 5382 1423 5448 quoties
1457 5388 1514 5431 ut
1545 5380 1795 5432 consules

203 5453 253 5506 in
297 5451 577 5522 publicum
611 5451 1089 5520 pompa_solemni,
1115 5451 1421 5518 sparsisque
1458 5450 1509 5501 in
1539 5449 1794 5518 populum

1965 4827 2036 4894 (Ξ)
2079 4826 2351 4892 Πλησίον
2392 4823 2734 4891 Πραιιιέτου.
2765 4819 2906 4875 Urbs
2939 4821 3230 4894 Bithynia,
3263 4836 3326 4873 cx
3375 4826 3472 4894 ad-

1890 4890 2061 4950 versae
2093 4890 2446 4956 Nicomediae,
2480 4895 2546 4947 de
2588 4910 2690 4962 qua
2729 4891 3026 4962 praesertim
3067 4890 3341 4962 Socrates,
3373 4890 3469 4962 lib.

1889 4982 1964 5028 vi,
1997 4981 2116 5034 cap.
2153 4965 2247 5030 16;
2280 4960 2630 5028 Sozontenus,
2660 4960 2752 5016 lib.
2783 4977 2898 5022 VIII,
2920 4976 3039 5028 cap.
3067 4962 3153 5023 18,
3180 4971 3234 5014 et
3263 4960 3478 5014 Nomia:

1890 5036 2317 5106 episcopatuum.

1963 5107 2038 5175 (3)
2077 5099 2460 5175 Ἁιαδρόμους.
2493 5101 2809 5175 Simocatta,
2842 5100 2934 5153 lib.
2962 5116 3080 5164 νιιι,
3114 5115 3232 5170 cap.
3271 5100 3352 5165 15,
3387 5099 3481 5161 Εἰς

1895 5173 2021 5238 τοῦς
2061 5174 2386 5243 λεγομένους
2412 5173 2759 5243 Διαδρόμους.

1969 5231 2044 5316 (λ)
2075 5231 2330 5316 Ἀκρίτα.
2366 5231 2801 5316 Promoniorium
2839 5240 3313 5316 Bitlixniaanotum
3353 5253 3484 5316 geo-
3575 5231 3578 5234 Α

2173 5309 2240 5367 de
2273 5330 2379 5383 quo
2425 5314 2478 5366 in
2509 5312 2696 5382 primis
2723 5312 2832 5382 egit
2861 5309 3064 5381 Gyllius
3096 5311 3164 5365 de
3210 5311 3484 5381 Bosphoro

1513 5589 1745 5645 V'ARI/E
1792 5587 2194 5646 LECTIONES.

213 5739 252 5766 ’³
289 5739 344 5799 ς’
373 5747 487 5786 om.
515 5730 576 5784 P.

450 5823 719 5883 Ρλτιιοι..
761 5823 878 5882 Gn.
906 5822 1085 5880 XCll.

687 5728 732 5760 ιο
757 5727 972 5797 φεύγων
1007 5728 1066 5783 Ρ,
1138 5729 1179 5758 ⁶¹
1220 5725 1520 5796 Μαυρίκιος
1547 5725 1790 5796 Τιϐέριος
1823 5724 1882 5779 Ρ.

1991 5725 2037 5757 ⁸⁸
2071 5724 2283 5795 ἐσφάγη
2317 5755 2387 5766 --
2419 5726 2678 5797 ἄρχοντες
2719 5745 2826 5782 om.
2862 5726 2916 5779 Ρ.
3078 5807 3151 5875 31
