3856 6342
463 349 568 412 975

1655 326 2094 396 CHRONICON
2131 324 2535 389 PASCHALE.
3609 330 3690 391 976

463 465 689 524 sublatis
713 505 726 528 ,
755 461 821 518 ad
843 455 1210 532 Spectaculum
1262 451 1664 509 circumductus
1688 493 1703 518 ,
1731 460 1787 505 et
1814 449 1879 504 ad
1907 463 2054 503 mare

2173 444 2252 498 ιαὶ
2282 442 2494 513 ἐπήρθη
2532 437 2697 494 αὐτοῦ
2729 439 2794 494 τὰ
2819 440 2859 493 δ’
2895 440 3060 512 ἄκρα,
3095 439 3186 493 καὶ
3215 439 3295 504 είς
3324 440 3688 513 κραὸατταρίαν

466 564 705 623 relatus,
748 555 932 624 ibique
966 549 1182 607 effossis
1233 547 1439 613 oculis,
1483 545 1542 599 in
1586 542 1890 598 naviculam
1923 556 2053 595 cou-

461 655 642 724 jectus
667 690 680 714 ,
711 652 1094 704 concrematus
1120 647 1224 696 est.
1279 640 1415 695 Aliis
1443 653 1574 694 vero
1623 653 1786 707 supra
1841 650 2051 689 memo-

467 743 596 798 ratis
625 739 799 811 capita
831 744 960 792 sunt
990 740 1289 804 amputata,
1335 744 1460 784 cum
1513 725 1837 799 deprehensi
1869 734 2052 780 essent

468 832 815 904 conspirasse
846 828 898 881 in
929 826 1313 894 imperatorem
1349 820 1569 875 Focam.

540 1009 738 1065 Eadem
792 1008 1153 1072 tempestate,
1217 994 1646 1066 ex-imperatrice
1697 992 2050 1048 Constantina

467 1114 618 1157 trans
663 1097 854 1152 urbem
902 1094 957 1148 in
1001 1100 1159 1163 portu
1211 1087 1455 1157 Eutropii
1519 1085 1587 1140 ad
1647 1083 2051 1140 Chalcedonem

468 1195 648 1264 capite
695 1191 851 1261 plexa
887 1194 1010 1249 est,
1065 1191 1125 1238 ut
1177 1190 1233 1237 et
1271 1181 1364 1252 qui
1430 1186 1754 1250 supererant
1802 1175 1944 1230 illius
1997 1181 2053 1228 et

474 1282 718 1339 Mauricii
769 1276 925 1333 liberi
954 1273 1223 1344 sequioris
1273 1285 1470 1336 sexus,
1527 1267 1845 1332 Anastasia,
1875 1264 2054 1319 Theo-

467 1377 624 1429 ctista
685 1379 740 1426 et
785 1369 1071 1437 Cleopatra
1135 1381 1148 1416 :
1201 1377 1386 1432 easque
1429 1374 1554 1415 cum
1604 1356 1861 1413 Germani
1899 1355 2006 1409 ﬁlia
2036 1392 2051 1416 ,

467 1463 762 1521 Theodosii
819 1474 988 1515 uxore
1037 1455 1308 1512 sublatae:
1343 1455 1568 1525 ipseque
1614 1450 1916 1507 Germanus
1946 1461 2052 1502 una

469 1573 592 1615 cum
635 1554 739 1609 illis
779 1551 1024 1607 sublatus
1062 1554 1166 1603 est.

468 1737 536 1790 Α.
576 1733 640 1790 c.
1758 1719 1862 1793 [οι.
1907 1717 2051 1791 1ρ1ι.]

540 1825 665 1882 606.
707 1823 796 1894 (Α.
831 1837 884 1875 a.
921 1817 992 1872 Μ.
1037 1817 1099 1873 C.
1129 1815 1312 1884 6114.)
1357 1829 1430 1868 tv.
1487 1811 1608 1868 lnd.
1660 1827 1737 1866 lx.

467 1922 598 1976 Post
620 1931 772 1973 cons.
811 1914 967 1967 Focze
993 1908 1221 1979 Augusti
1258 1907 1324 1961 ll.
1774 1904 1829 1958 2.

543 2013 658 2067 Hoc
703 2024 878 2074 anno,
937 2004 1195 2077 Cyriacus
1240 1997 1550 2071 patriarcha
1589 1995 1738 2050 Con-

469 2101 984 2172 stantinopolitanus
1038 2093 1266 2150 moritur
1317 2103 1506 2144 mense
1543 2086 1744 2158 Hyper-

468 2199 747 2257 beretazo,
789 2188 1091 2248 secundum
1133 2184 1430 2242 Romanos,
1497 2174 1742 2238 Octobri,

469 2289 559 2344 die
607 2301 768 2350 XXIX,
800 2281 934 2336 feria
965 2295 1060 2339 vn.
1104 2275 1354 2343 illiusque
1385 2271 1549 2324 funus
1594 2279 1746 2322 cura-

470 2391 586 2436 tum
616 2388 698 2432 est
720 2389 826 2429 xxx
861 2373 1104 2442 ejusdem
1137 2364 1375 2428 mensis,
1421 2360 1554 2415 feria
1589 2375 1640 2426 t;
1692 2365 1748 2411 et

471 2465 780 2537 depositum
842 2469 926 2514 est
985 2470 1182 2526 corpus
1225 2453 1370 2508 illius
1415 2449 1570 2519 juxta
1624 2459 1741 2500 mo-

473 2535 585 2611 rem
632 2561 912 2622 receptum
959 2547 1014 2601 in
1064 2545 1178 2600 aede
1234 2542 1558 2597 Sanctorum
1605 2535 1751 2606 Apo-

473 2648 756 2703 stolorum.

545 2739 668 2793 607.
709 2754 762 2790 ν.
799 2735 917 2788 lnd.
951 2750 1002 2786 ιι.
1037 2733 1167 2785 Post
1215 2728 1562 2784 consulatum
1597 2724 1753 2780 Foca:

471 2830 701 2901 Augusti
733 2827 822 2882 lll.
1792 2817 1845 2870 '5.

546 2922 660 2976 Hoc
725 2931 898 2978 anno,
960 2929 1148 2970 mense
1196 2912 1501 2984 Audynaco,
1561 2923 1756 2964 secun-

475 3017 603 3070 dum
661 3011 936 3065 Romanos
982 3021 1112 3060 mn
1141 3002 1414 3068 Januarii,
1457 3001 1636 3057 dictus
1669 3003 1750 3054 est

477 3103 783 3176 patriarcha
821 3096 1457 3166 Cunstantinopolitanus
1514 3093 1753 3147 Thomas

476 3196 803 3250 exodiacono
862 3188 1068 3259 Magna:
1135 3186 1417 3252 ccclesite,
1465 3189 1521 3237 et
1575 3181 1751 3236 sacel-

478 3284 648 3339 larius
687 3278 1031 3352 patriarchas,
1075 3291 1138 3330 ac
1164 3272 1597 3329 ordinationibus
1621 3285 1759 3342 pra:-

479 3383 708 3444 posrtus.

900 3480 1118 3539 CCCXL
1132 3479 1236 3534 v11
1295 3477 1592 3549 Olympias.

548 3597 671 3651 608.
708 3610 788 3649 xl.
822 3595 937 3648 1nd.
972 3611 1045 3648 ιιι.
1085 3592 1214 3648 Post
1244 3606 1396 3646 cons.
1441 3589 1600 3644 Foca:
1629 3586 1742 3641 Au-

481 3685 624 3755 gusti
656 3682 718 3735 IV
733 3723 745 3736 .
1789 3679 1844 3731 4.

549 3774 672 3828 609.
715 3788 806 3825 vn.
859 3770 974 3825 Ind.
1035 3786 1137 3823 χιι.
1195 3767 1327 3824 Post
1380 3783 1534 3823 cons.
1595 3767 1751 3823 Focae

478 3864 708 3936 Augusti
741 3861 808 3916 V.
1788 3857 1840 3910 1.
1875 3855 1998 3911 547.

549 3955 688 4010 Hinc
718 3955 838 4010 licet
875 3954 1148 4025 colligere,
1178 3951 1322 4022 quod
1343 3966 1410 4005 ex
1437 3966 1544 4020 quo
1576 3957 1658 4004 ter
1695 3948 1888 4003 beatus
1919 3946 2066 4002 Con-

479 4048 752 4103 stantinus
780 4045 944 4102 vitam
977 4045 1156 4108 finiit,
1207 4058 1380 4112 usque
1431 4043 1497 4098 ad
1528 4058 1644 4096 xxu
1687 4040 1812 4095 Maii
1861 4039 2066 4094 mensis

479 4139 770 4212 praesentis
841 4136 1158 4191 indictionis
1217 4151 1324 4200 xu,
1383 4142 1439 4188 et
1501 4150 1574 4188 vn
1643 4149 1850 4188 annum
1908 4131 2065 4186 Foca:

480 4231 731 4301 imperii,
788 4229 1148 4284 absolvuntur
1210 4227 1338 4280 anni
1390 4242 1640 4291 ccum;
1694 4225 1886 4295 incipit
1935 4239 2066 4280 vero

481 4335 659 4374 annus
695 4334 927 4374 CCLxxm
975 4335 1005 4372 a
1053 4335 1162 4372 nn
1206 4317 1324 4370 Maii
1357 4317 1670 4372 indictionis
1712 4334 1810 4372 ιι-ιι.
1844 4315 1981 4370 Nam
2017 4315 2064 4370 si

479 4411 802 4466 Pentecoste
835 4409 1026 4464 incidit
1064 4409 1120 4462 in
1173 4425 1282 4463 xxn
1324 4407 1447 4460 Maii
1493 4407 1582 4461 illo
1622 4424 1801 4474 anno,
1857 4408 2065 4477 absque

2154 534 2498 604 ἐπόμπευσεν
2526 531 2618 584 καὶ
2647 529 2953 602 κατηνέχθη
2987 531 3122 602 πρὸς
3151 531 3429 585 θάλασσαν
3453 551 3466 564 ·
3497 533 3582 586 καὶ
3620 537 3686 600 ἑξ-

2151 625 2490 698 ορυχθέντων
2516 624 2624 676 τῶν
2662 622 2956 693 ὀφθαλμῶν
2991 621 3156 677 αὐτοῦ
3197 622 3419 694 βληθεὶς
3449 627 3522 686 είς
3549 627 3688 694 κάρε-

2153 719 2244 771 ϐον
2291 715 2519 785 ἐκαύθη.
2554 716 2618 769 Oi
2660 715 2718 767 δὲ
2751 714 2900 767 ἄλλοι
2931 715 2980 767 oi
3013 714 3440 785 προδηλούμενοι
3483 716 3687 783 ἀπετμή-

2153 811 2365 880 θησαν,
2415 806 2490 870 ὡς
2544 804 2860 877 εὐρεθέντες
2881 805 2927 836 ’³
2983 804 3264 858 ἐπίϐουλοι
3326 804 3416 858 τοῦ
3468 805 3690 874 βασιλέως

2152 900 2338 953 Φωκᾶ.

2224 988 2383 1042 Κατὰ
2431 987 2520 1040 τὸν
2567 985 2732 1040 αὐτὸν
2769 985 2884 1038 δὲ⁹⁶
2917 986 3109 1057 χρόνον
3139 985 3236 1039 καὶ
3282 987 3693 1054 Κωνσταντΐναὴ

2153 1081 2261 1135 ἀπὸ
2311 1078 2640 1150 βασιλισσῶν
2687 1077 2980 1149 ἀπετμήθη
3035 1078 3209 1149 πέραν
3249 1079 3333 1141 είς
3363 1079 3453 1131 τὸν
3488 1078 3639 1147 μῶλον
3659 1079 3694 1108 ’³

2153 1173 2260 1227 τῶν
2289 1171 2611 1243 Εὐτροπίου,
2646 1169 2875 1240 πλησίον
2905 1167 3269 1238 Χαλκηδόνος,
3305 1169 3398 1221 καὶ
3427 1167 3490 1220 τὰ
3516 1166 3696 1220 ὑπολειο

2156 1264 2424 1334 φθέντα⁹⁶
2469 1263 2644 1333 αὐτῆς
2692 1278 2753 1314 τε
2803 1262 2897 1314 καὶ
2942 1261 3255 1332 Μαυρικίου
3302 1261 3464 1332 θήλεα
3522 1261 3693 1325 τέκνα,

2167 1353 2528 1418 Ἀναστασία,
2562 1350 2858 1420 Θεοκτίστη
2911 1350 3003 1403 καὶ
3057 1350 3408 1420 Κλεοπάτρα,
3454 1350 3542 1403 καὶ
3583 1349 3699 1401 αὐτὰ

2152 1444 2389 1518 ἀνῃρέθη
2417 1443 2557 1515 μετὰ
2584 1445 2682 1513 τῆς
2707 1442 2974 1512 θυγατρὸς
3005 1442 3044 1494 Γ
3047 1440 3291 1512 ερμανοῦ
3313 1442 3414 1510 τῆς
3441 1440 3700 1510 γενομένης

2153 1537 2400 1607 γαμετῆς
2427 1530 2732 1598 Θεοδοσίου,
2757 1527 2851 1587 καὶ
2872 1533 3036 1597 αὐτὸς
3065 1533 3122 1585 δὲ
3151 1534 3433 1604 Γερμανὸς
3465 1531 3562 1604 (50)
3593 1530 3702 1602 μετ’

2155 1627 2335 1682 αὐτῶν
2362 1625 2626 1699 ἀνῃρέθη.

2223 1801 2342 1856 Ίνδ.
2377 1800 2442 1855 θ’.
2481 1799 2546 1854 δ’.
2591 1797 2728 1871 μετὰ
2759 1798 2853 1852 ὑπ.
2885 1798 3050 1851 Φωκᾶ
3081 1796 3393 1865 Αὐγούστου
3425 1796 3484 1849 τὸ
3512 1794 3573 1865 β’.

2228 1979 2406 2050 381
2447 1975 2634 2048 Τούτῳ
2676 1975 2755 2047 τῷ
2784 1974 2894 2028 ἔτει
2926 1973 3037 2046 (51)
3069 1975 3298 2045 τελευτᾷ
3327 1970 3594 2044 Κυριακδς
3616 1987 3706 2023 πα-

2159 2073 2428 2143 τριάρχης
2453 2067 3082 2131 Κωνσταντινουπόλεως
3117 2067 3249 2138 μηνὶ
3277 2063 3705 2135 Ὑπερϐερεταίῳ,

2160 2159 2303 2212 κατὰ
2345 2157 2650 2228 Ῥωμαίους
2671 2156 3018 2228 Ὀκτωὸρὶῳ,
3051 2154 3153 2217 κθ’,
3180 2155 3365 2226 ἡμέρα
3397 2154 3462 2218 ζ’,
3495 2155 3584 2208 καὶ
3623 2167 3706 2222 κη-

2161 2249 2374 2302 δεύεται
2405 2250 2472 2318 τῇ
2498 2249 2796 2318 τριακοστῇ
2834 2244 2928 2300 τοῦ
2966 2244 3129 2298 αὐτοῦ
3161 2245 3351 2316 μηνὸς,
3379 2245 3553 2316 ἡμέρᾳ
3581 2240 3708 2313 πρὼο

2162 2361 2252 2414 τῃ,
2283 2342 2375 2397 καὶ
2407 2341 2647 2414 ἁπετὲθη
2693 2341 2752 2396 τὺ
2802 2339 2969 2394 αὐτοῦ
3000 2340 3250 2410 λείψανον
3289 2340 3426 2412 πρὸς
3455 2336 3708 2410 συνήθειαν

2159 2437 2244 2499 είς
2273 2435 2399 2499 τοὺς
2435 2433 2651 2503 Ἀγίους
2674 2433 3060 2497 Ἀποστόλους.

2239 2718 2365 2774 Ἰνδ.
2399 2725 2450 2772 ι’.
2491 2724 2554 2772 ε’.
2599 2715 2740 2789 μετὰ
2767 2717 2863 2769 ὑπ.
2895 2715 3061 2768 Φωκᾶ
3088 2671 3483 2782 Αὑγούστουίτδ
3506 2716 3574 2778 γ’.

2243 2899 2430 2972 Τούτῳ
2477 2898 2554 2969 τῷ
2598 2899 2707 2952 ἔτει
2755 2896 2889 2969 μηνὶ
2935 2894 3239 2966 Αὐδυναίῳ,
3269 2892 3410 2948 κατὰ
3445 2889 3713 2960 Ῥωμαίους

2187 2992 2500 3063 Ἰανουαρίῳ
2514 2992 2579 3055 ⁸⁷,
2615 2996 2722 3058 κγ’,
2753 2989 2944 3058 γέγονε
2990 2986 3336 3056 πατριάρχης
3375 2987 3432 3038 ὲν
3460 2984 3714 3036 Κωνσταν-

2174 3083 2484 3137 τινουπόλει
2513 3081 2716 3152 Θωμᾶς
2759 3080 2868 3134 ἀπὸ
2913 3078 3175 3132 διακόνων
3221 3076 3322 3146 τῆς
3368 3074 3611 3142 Μεγάλης
3641 3073 3714 3124 ἐκ·

2117 3162 2140 3221 αἶ
2173 3174 2405 3247 κλησίας
2434 3174 2528 3228 καὶ
2559 3171 2914 3242 σακελλάριος
2937 3169 3029 3224 τοῦ
3064 3169 3402 3240 πατριάρχου
3433 3167 3522 3219 καὶ
3558 3164 3713 3218 ἐπάνω

2052 3291 2057 3303 ·
2171 3266 2280 3322 τῶν
2310 3263 2654 3336 χειροτονιῶν
2685 3262 2838 3332 (52).,

2697 3476 2827 3549 cpt"
2866 3474 3218 3544 Ὀλυμπιάς.

2238 3599 2362 3656 Ἱνδ.
2394 3604 2482 3652 ια’.
2524 3596 2599 3664 ς’.
2647 3593 2784 3668 μετὰ
2817 3594 2912 3646 ὑπ.
2939 3593 3104 3646 Φωκᾶ
3126 3593 3436 3662 Αὐγούστου
3465 3592 3522 3646 τὸ
3537 3589 3599 3646 δ’.

2241 3779 2360 3832 Ἰνδ.
2396 3778 2484 3850 ιβ’.
2527 3778 2593 3843 ζ’.
2638 3778 2777 3850 μετὰ
2803 3780 2899 3834 ὑπ.
2923 3779 3087 3832 Φωκᾶ
3108 3774 3422 3844 Αὐγούστου
3453 3772 3516 3827 τὺ
3539 3779 3600 3826 ε’.

2239 3960 2522 4015 Ἐντεῦθεν
2564 3961 2710 4015 ἔστιν
2757 3961 2898 4014 ἑλεῖν
2936 3961 3010 4024 ὡς
3060 3960 3154 4030 ἀφ’
3185 3952 3355 4029 οὗπερ
3381 3961 3411 4012 ὁ
3440 3952 3712 4030 τρισμακά-

2171 4071 2289 4126 ριος
2331 4054 2745 4116 Κωνσταντῖνος
2787 4052 3138 4121 ἐτελεύτησεν
3169 4051 3260 4103 τὸν
3308 4050 3424 4120 βίον
3455 4050 3610 4120 μέχρι
3635 4043 3713 4111 τῆς

2169 4141 2252 4213 κβ¹
2282 4141 2376 4196 τοῦ
2407 4142 2583 4196 Μαΐου
2617 4143 2913 4213 μηνὸςςτῆς
2941 4142 3247 4210 ἐνεστώσης
3281 4140 3346 4210 ιβ’
3379 4139 3714 4209 ἐπινεμήσεως

2171 4233 2267 4287 καὶ
2292 4231 2385 4285 τοῦ
2413 4232 2458 4296 ζ’
2483 4231 2636 4296 ἔτους
2665 4234 2764 4303 τῆς
2792 4233 2956 4285 Φωκᾶ
2981 4231 3259 4302 βασιλείας
3277 4229 3598 4300 πληροῦνται
3618 4221 3715 4294 χρό’

2169 4344 2248 4380 νοι
2286 4324 2419 4396 σοβ’,
2449 4325 2677 4396 ἄρχεται
2726 4325 2784 4378 δὲ
2800 4325 2846 4358 "
2893 4325 2956 4378 τὸ
3004 4331 3114 4394 σογ’
3156 4325 3264 4377 ἀπὸ
3314 4324 3398 4393 κβ⁸
3431 4322 3523 4376 τοῦ
3567 4316 3714 4372 Μαΐου

2172 4417 2360 4489 μηνὸς,
2392 4415 2723 4480 ίνδικτιῶνος
2771 4415 2858 4484 ιβ’.
2888 4417 2950 4469 El
2994 4417 3102 4486 γὰρ
3148 4418 3182 4485 ἡ
3216 4414 3560 4486 Πεντηκοστὴ
3601 4402 3716 4462 κατά

481 4501 590 4556 ulla
633 4501 1003 4556 controversia
1055 4500 1172 4554 dies
1234 4499 1672 4554 Resurrectionis
1724 4499 1824 4553 fuit
1875 4515 1931 4553 ιιι
1976 4500 2056 4554 die

2173 4509 2266 4578 τὴν
2293 4506 2376 4578 κβ’
2395 4507 2588 4575 γέγονε
2621 4507 2716 4560 τοῦ
2746 4508 2925 4561 Μαΐου
2954 4507 3122 4578 μηνὸς
3150 4509 3207 4558 ὲν
3228 4507 3425 4576 ἐκείνῳ
3447 4506 3518 4576 τῷ
3551 4503 3714 4574 χρόνῳν

481 4594 686 4648 mensis
715 4593 946 4664 Aprilis,
995 4607 1120 4646 cum
1149 4593 1203 4643 in
1255 4589 1553 4645 Parasceve
1575 4631 1590 4655 ,
1639 4605 1737 4645 seu
1769 4591 1856 4645 die
1884 4590 2066 4646 Vene-

480 4684 590 4750 ris,
635 4683 769 4739 .dies
822 4684 1031 4754 primus
1089 4681 1336 4751 ejusdem
1385 4681 1589 4737 mensis
1647 4681 1847 4752 Aprilis
1893 4685 2069 4739 couti-

481 4777 639 4846 gerit.
671 4777 821 4832 Adde
849 4777 1012 4848 igitur
1036 4789 1245 4830 CCLxxu
1291 4781 1503 4844 partem
1527 4784 1806 4845 quartam,
1836 4777 1942 4834 hoc
1986 4788 2070 4835 est

2171 4599 2583 4670 ἁναντιρῤήτως
2618 4599 2653 4668 ὴ
2683 4599 3054 4669 ἀναστάσιμος
3103 4601 3170 4670 τῇ
3219 4599 3379 4669 τρίτῃ
3425 4599 3601 4665 γέγονε
3641 4589 3717 4644 τοῦ

2179 4690 2462 4760 Ἀπριλίου
2513 4690 2702 4760 μηνὸς,
2739 4689 2939 4745 ὦστε⁹⁹
2993 4689 3092 4759 τὴν
3141 4689 3369 4761 πρώτην
3417 4691 3610 4743 ἐκείνου
3639 4681 3714 4736 τοῦ

2180 4779 2460 4852 Ἀπριλίου
2487 4779 2546 4834 ὲν
2575 4784 2900 4853 παρασκευῇ
2928 4781 3209 4836 εἰσελθεῖν.
3238 4779 3484 4848 Πρόσθες
3509 4773 3595 4832 οὖν
3628 4774 3716 4831 τοῖς

1837 4931 2165 4990 DUCANGII
2194 4931 2418 4990 NOTIE.

549 5087 661 5175 (σο)
703 5089 812 5175 Ιιςαὶ
849 5090 1031 5175 αῠτνός
1075 5105 1142 5159 τε
1171 5091 1506 5175 Γερμανὸς.
1531 5089 1882 5175 (fermentum.
1912 5094 1971 5175 εν
1999 5093 2064 5163 τῇ

479 5160 850 5296 ἶρῒέἓὴέηὲιξ
880 5160 1106 5230 στόματι
1142 5161 1417 5232 μαχαίρας
1438 5161 1688 5215 occisum
1721 5161 1890 5216 refert
1919 5160 2066 5216 idem

553 5299 660 5366 (5-1)
707 5299 897 5365 Τούτῳ
946 5300 1026 5366 τῷ
1056 5302 1193 5355 ἔτει.
1240 5301 1316 5355 Ex
1355 5301 1442 5355 his
1494 5301 1870 5356 emendandus
1918 5301 2061 5356 idem

383 5397 396 5414 ι
483 5365 844 5442 Τῒιοοριιιιιιοε
891 5365 1034 5425 anno
1061 5387 1114 5426 ιν
1161 5371 1350 5438 Εοοαι,
1399 5371 1491 5440 qui
1541 5379 1757 5426 mortuo
1803 5372 2056 5441 Cyriaco,

2171 5091 2433 5172 Thomam
2467 5091 2846 5172 dinaconum'et
2873 5092 3230 5172 sacellarium
3242 5104 3484 5148 creatum
3511 5104 3619 5146 esse
3642 5099 3717 5164 pq-

2171 5162 2466 5234 triarcham
2506 5161 3169 5234 Constantinopolitanum
3215 5163 3320 5218 hoc
3348 5179 3508 5228 anno,
3550 5154 3717 5213 mensis

2169 5233 2389 5286 Octobr.
2412 5249 2492 5292 ιιι,
2526 5233 2708 5286 tradit.

2239 5303 2350 5372 (52)
2394 5300 2622 5354 Ἐπάνω
2660 5303 2778 5372 τῶν
2811 5302 3206 5371 χειροτονιῶν.
3231 5303 3369 5360 Vide
3400 5304 3562 5360 Gloss.
3596 5292 3713 5352 med-

2165 5371 2381 5428 Crescit.
2412 5371 2466 5425 in
2497 5371 2876 5443 Σακελλάριος.

1790 5551 2028 5608 VARIE
2073 5553 2479 5612 LECTIONES.

561 5710 607 5745 ⁸³
637 5706 960 5781 εὑρηθέντες
995 5707 1056 5781 Ρ.
1130 5706 1213 5781 _”
1325 5705 1525 5781 ιιιιιη-Ρ.

493 5797 602 5838 om.
637 5775 716 5835 PX
758 5775 810 5811 ’³³
833 5778 990 5832 ὥστε.
1026 5776 1100 5839 ὡς
1125 5776 1213 5830 ὅτε
1249 5775 1308 5841 ν,
1335 5775 1409 5838 ὡς
1438 5777 1519 5829 ὅτι
1544 5778 1606 5831 Ρ.

1629 5710 1676 5740 ³⁸
1713 5709 1890 5781 μῶλον
1911 5710 1998 5764 τὸν
2028 5709 2084 5764 Ρ.

2187 5711 2232 5742 ⁹⁶
2267 5709 2646 5780 ὑποληφθέντα
2674 5708 2784 5764 PV.
2896 5709 2938 5742 ⁹’
2973 5707 3060 5777 κγ’
3098 5705 3427 5779 ’ῐανουαρίου
3457 5705 3513 5760 Ρ.
3630 5697 3668 5732 ’³
3691 5694 3729 5750 δὲ
