3856 6342
333 392 436 457 983

982 515 1280 574 Ileraclius.

333 598 485 653 A.C.
563 693 590 694 η
1633 616 1739 689 [01.
1774 622 1921 694 lpb.]

307 713 310 718 ι
402 693 524 747 611.
549 693 632 763 (A.
658 711 686 749 a
711 695 778 749 Μ.
806 697 868 752 C.
894 698 1077 769 6H9.)
1101 701 1219 756 lnd.
1244 720 1350 758 xiv.
1385 703 1601 777 Imperii

333 783 566 840 llcraclii
595 786 823 856 Augusti
857 791 1048 860 (annus
1076 797 1138 861 ι).
1603 802 1656 856 5.

407 875 487 930 Ab
519 877 757 946 ipso'vu
788 880 1037 938 Octobris
1083 887 1287 941 mensis
1331 889 1418 945 die
1466 897 1752 961 praesentis
1779 897 1921 952 indi-

331 967 551 1032 t-tionis,
589 985 758 1040 usque
793 974 858 1026 ad
899 991 988 1029 xw
1010 976 1250 1032 Januarii
1284 983 1505 1048 mensis,
1547 986 1790 1054 ejusdem
1839 989 1922 1045 in-

329 1060 605 1118 dictionis.
638 1064 900 1133 scriptum
936 1077 1021 1120 est
1069 1069 1122 1123 in
1164 1072 1300 1127 actis
1333 1075 1584 1143 publicis,
1618 1079 1921 1150 Imperante

331 1149 594 1216 Heraclio,
625 1163 679 1208 et
703 1171 730 1206 τι
763 1173 852 1211 xxv
876 1159 1118 1227 ejusdem
1146 1161 1458 1221 indictionis
1487 1169 1656 1238 ipsius
1693 1149 1915 1240 mensis,

330 1242 590 1312 scriptum
613 1254 697 1298 est
724 1247 775 1300 in
797 1249 1061 1318 reliquum
1098 1255 1248 1332 anni,
1277 1272 1447 1327 usque
1471 1261 1539 1315 ad
1568 1263 1918 1321 Decembrem

329 1332 534 1387 Scilicet
583 1336 855 1403 expletum
903 1355 971 1394 xv
1009 1341 1339 1411 indictionis,
1388 1349 1488 1414 sic,
1541 1349 1607 1405 Et
1643 1354 1919 1409 consulatu

329 1422 560 1488 ejusdem
605 1426 830 1497 piissimi
883 1431 1084 1483 domini
1121 1436 1303 1489 nostri.
1347 1436 1499 1492 Licet
1523 1441 1669 1495 enim
1701 1442 1757 1496 in
1787 1444 1917 1499 sella

328 1515 482 1568 curili
509 1521 617 1569 non
649 1521 992 1587 processerit,
1023 1523 1154 1577 illud
1187 1533 1366 1582 tamen
1399 1536 1614 1600 tempus
1635 1535 1753 1605 ejus
1785 1551 1918 1592 con-

328 1606 528 1663 sulatui
561 1610 760 1665 ascribi
792 1612 990 1669 debere
1011 1620 1430 1690 tequunrvisum
1457 1632 1559 1678 est.

398 1809 602 1865 Eodem
647 1827 814 1877 anno,
868 1830 1058 1872 mense
1107 1817 1398 1884 Xanthico,
1434 1823 1589 1892 juxta
1641 1827 1916 1886 Romanos

325 1902 530 1970 Aprilis
566 1921 653 1969 xx,
699 1905 829 1961 feria
885 1925 967 1974 ιιι,
1033 1910 1164 1965 hora
1205 1929 1300 1978 νιι,
1353 1914 1543 1987 ingens
1585 1919 1722 1975 adeo
1758 1931 1916 1977 terra;

327 2004 508 2050 motus
533 1998 756 2064 exstitit,
787 2009 844 2055 ut
863 2011 989 2057 ante
1022 2002 1381 2061 Pentecosten
1411 2008 1501 2063 die
1523 2026 1653 2073 uti,
1682 2014 1914 2084 papulus

327 2096 548 2174 copetus
585 2088 746 2144 fuerit
775 2093 1204 2163 supplicationes
1235 2097 1290 2151 in
1324 2114 1518 2170 campo
1555 2117 1831 2174 peragere,
1859 2114 1916 2160 et

328 2176 628 2252 Trisagium
653 2183 882 2252 psallere
914 2201 986 2240 vn
1009 2203 1136 2243 vero
1155 2188 1280 2244 Julii
1303 2193 1528 2256 mensis,
1547 2195 1788 2264 ejusdem
1824 2214 1913 2252 ιιιν

327 2268 658 2337 indictionis,
704 2272 839 2328 feria
861 2291 931 2340 IV,
967 2277 1096 2332 hora
1153 2297 1267 2346 vm,
1313 2291 1436 2337 nata
1482 2293 1566 2338 est
1616 2284 1912 2356 Epiphania

325 2360 434 2418 lilia
455 2361 687 2418 lleraclii
711 2365 1041 2424 etEudociaa
1067 2369 1122 2424 in
1155 2385 1411 2428 successu
1442 2374 1661 2432 Hieriae.

801 2539 1016 2597 CCCXL
1026 2543 1147 2600 VIII
1188 2544 1479 2616 Olympias.

322 2625 390 2682 A.
420 2627 480 2683 c.
1621 2641 1728 2713 [OL
1762 2644 1908 2714 1pm

391 2721 515 2776 612.
541 2723 624 2792 (A.
651 2740 682 2776 a
710 2724 865 2780 MAI.
898 2726 1086 2798 6120.)
1116 2745 1172 2783 ιι.
1199 2729 1316 2785 Ind.
1351 2748 1439 2786 xv.
1466 2732 1595 2788 Post

320 2828 473 2870 cons.
510 2814 744 2871 Heraelii
775 2818 1025 2890 Augusti.
1593 2827 1648 2880 4.

394 2905 508 2966 Hoc
529 2922 695 2971 anno,
722 2925 910 2964 mense
950 2911 1258 2976 Artemisio,
1288 2916 1590 2970 secundum
1609 2917 1904 2988 Romanos,

319 2997 442 3052 Maii
479 3015 560 3064 ιιι,
596 2998 728 3054 feria
765 3017 837 3066 tv,
871 3010 1030 3056 natus
1053 3012 1136 3057 est
1181 3003 1235 3057 in
1269 3019 1486 3060 secessu
1512 3007 1907 3079 Sophianarum

320 3089 603 3146 lleraclius
631 3092 814 3149 Novus
853 3093 1262 3163 Constantinus,
1305 3097 1535 3155 lleraclii
1559 3112 1614 3157 et
1655 3102 1908 3161 Eudocize

319 3181 482 3237 lilius.

394 3277 459 3332 Et
497 3295 594 3334 xm
619 3278 846 3352 Augusti
884 3299 950 3337 xv
983 3283 1315 3352 indictionis,
1350 3284 1483 3340 feria
1514 3303 1552 3351 ι,
1586 3296 1798 3342 mortua
1825 3297 1907 3342 est

321 3368 380 3434 in.
420 3385 638 3428 secessu
689 3373 1112 3432 Blachernarum
1157 3376 1396 3433 Eudocia
1441 3379 1701 3450 Augusta,
1745 3380 1908 3436 Fabia

1523 415 1959 481 CIIRONICON
2009 420 2419 484 PASCHALE.

1953 528 2003 584 A

3490 415 3590 478 981

2637 529 3004 599 Ἡράκλειος.

2091 731 2135 760 ’⁷
2161 731 2280 784 Ἰνδ.
2319 731 2398 784 ιδ’.
2441 738 2510 784 α’.
2556 730 2831 801 βασιλείας
2877 731 3197 801 ’Ἡρακλείου
3233 730 3346 798 (59)
3389 730 3587 800 Αὐγού-

2024 837 2170 874 στου.

2091 911 2225 966 Ἀπὸ
2263 913 2306 978 ζ’
2338 914 2432 967 καὶ
2462 914 2632 984 αὐτῆς
2667 913 2778 984 (60)
2807 913 2901 967 τοῦ
2929 912 3264 984 Ὀκτωϐρίου
3296 913 3462 984 μηνὸς
3494 915 3587 984 τῆς

2023 1005 2305 1075 παρούσης
2351 1005 2410 1058 ιδ’
2429 1006 2473 1038 ’³
2531 1005 2860 1069 ίνδικτιῶνος
2916 1006 3076 1076 μέχρι
3143 1004 3586 1077 τρισκαιδεκάτης

2019 1094 2114 1147 τοῦ
2142 1095 2473 1166 Ίανουαρίου
2507 1096 2676 1167 μηνὸς
2701 1096 2800 1166 τῆς
2825 1095 2997 1165 αὐτῆς
3025 1093 3356 1157 ίνδικτιῶνος
3383 1094 3585 1162 ἐγράφη

2020 1186 2078 1238 ἐν
2106 1190 2219 1250 τοῖς
2251 1188 2622 1258 συμϐολαίοις,
2653 1187 2933 1257 βασιλείας
2973 1184 3317 1256 Ἡρακλείου.
3352 1184 3458 1237 Καὶ
3485 1183 3586 1234 ἀπὸ

2022 1278 2083 1332 ιδ’
2110 1279 2203 1332 καὶ
2233 1280 2404 1350 αὐτῆς
2445 1278 2542 1332 τοῦ
2581 1278 2745 1332 αὑτοῦ
2791 1277 2958 1349 μηνὸς
2990 1277 3206 1346 ἐγράφη
3246 1278 3327 1338 είς
3349 1275 3439 1328 τὸν
3468 1273 3585 1342 ἐξῆς

2019 1369 2230 1440 χρόνον,
2263 1369 2356 1423 τδν
2385 1370 2546 1441 μέχρι
2573 1369 2816 1439 δηλονότι
2842 1366 3181 1438 Δεκεμϐρίου
3214 1363 3580 1435 πληρουμένου

2017 1462 2117 1532 τῆς
2149 1469 2208 1515 ιε’
2239 1464 2639 1534 ἐπινεμήσεως,
2669 1461 2845 1524 οὕτως
2865 1476 2878 1492 ο
2907 1459 3021 1515 Καὶ
3057 1456 3466 1522 ὑπατείαςτοῦ
3492 1456 3584 1508 σὺ·

2017 1551 2124 1606 τοῦ
2146 1553 2589 1608 εὐσεϐεστάτου
2623 1552 2792 1622 ήμῶν
2815 1552 3139 1605 δεσπότου.
3171 1549 3236 1602 Εἰ
3259 1548 3369 1618 γάρ
3391 1547 3482 1601 καὶ
3513 1545 3583 1616 μὴ

2017 1645 2286 1716 προῆλθεν
2339 1646 2432 1698 ἐιτ)⁷
2477 1645 2690 1715 δίφρου,
2747 1636 2984 1696 ἀλλὀὗν
3034 1639 3226 1712 ἐκρίθη
3276 1637 3583 1708 λογισθῆναι

2018 1736 2166 1807 αὐτῷ
2195 1740 2276 1802 είς
2304 1739 2595 1791 ὑπατείαν.

2086 1828 2272 1899 Τούτῳ
2314 1827 2392 1899 τῷ
2447 1829 2559 1882 ἔτει
2609 1827 2741 1898 μην).
2790 1822 3059 1893 Ξανθικῷ,
3109 1821 3251 1874 κατά
3290 1819 3586 1889 Ῥωμαίους

2030 1919 2309 1990 Ἀπριλίου
2343 1926 2411 1984 κ’,
2437 1920 2624 1991 ἡμέρᾳ
2649 1918 2722 1986 γ’,
2753 1917 2903 1987 ὥραν
2931 1913 2996 1978 ζ’,
3026 1913 3218 1982 γέγονε
3249 1910 3470 1982 σεισμὸς
3499 1908 3588 1978 μέ-

2017 2027 2140 2080 γας,
2175 2012 2250 2075 ὡς
2286 2012 2344 2079 ἐξ
2381 2013 2629 2082 ἀνάγκης
2651 2009 2758 2081 πρὸ
2796 2006 2981 2078 384
3001 2003 3378 2076 Πεντηκοστῆς
3410 2005 3474 2074 τῇ
3504 1999 3586 2070 κβ¹

2014 2102 2110 2156 τοῦ
2150 2102 2312 2156 αὑτοῦ
2361 2103 2548 2174 μηνὸς,
2577 2101 2761 2174 ἡμέρᾳ
2808 2098 2871 2160 ε’,
2902 2096 3054 2166 λιτὴν
3083 2094 3336 2164 γενέσθαι
3379 2093 3458 2153 είς
3499 2089 3586 2142 τὴν

2015 2197 2252 2266 Κάμπον
2281 2197 2375 2250 καὶ
2399 2194 2674 2264 ψαλθῆναι
2715 2191 2775 2243 τὸ
2812 2189 3130 2261 Τρισάγιον.
3165 2185 3278 2238 Καὶ
3319 2185 3387 2255 τῇ
3418 2180 3460 2246 ζ’
3493 2180 3586 2234 τιΰ

2027 2287 2244 2340 Ἰουλίου
2278 2286 2447 2357 μηνὸς
2476 2287 2575 2356 τῆς
2615 2283 2788 2352 αὐτῆς
2835 2281 2898 2334 ιδ’
2931 2277 3281 2340 ίνδικτιῶνος,
3313 2274 3493 2345 ἡμέρᾳ.
3521 2273 3583 2332 δ’.

2013 2379 2161 2447 ὤραν
2180 2378 2225 2409 ’³
2255 2377 2326 2449 η’,
2351 2376 2543 2447 ἐτέχθη
2571 2373 2864 2443 Ἐπιφανίσ.
2881 2373 2925 2404 ³⁸
2951 2371 3060 2442 (61)
3089 2372 3122 2442 ἠ
3146 2367 3392 2436 Θυγάτηρ
3423 2365 3590 2434 Ἦρα-

2013 2468 2193 2524 κλείου
2223 2469 2317 2522 καὶ
2348 2467 2606 2530 Εὐδοκίας
2635 2468 2692 2520 ἐν
2719 2465 3006 2535 προκέσσῳ
3035 2461 3134 2530 τῆς
3163 2456 3384 2530 Ἰερείας
3417 2453 3552 2526 (62).

2538 2564 2666 2626 τμη¹
2701 2553 3055 2624 Ὀλυμπιάς.
3313 2585 3338 2615 ς

2097 2743 2214 2796 Ἰνδ.
2242 2749 2323 2794 ιε’.
2367 2742 2430 2810 β’.
2477 2740 2615 2810 μετὰ
2646 2734 3083 2806 ὑπ.Ἤρακλείου
3115 2730 3449 2800 Αὐγούστου.

2081 2919 2268 2989 Τούτῳ
2299 2918 2378 2988 τῷ
2420 2917 2530 2971 ἔτει
2563 2917 2690 2987 μηνὶ
2725 2911 3074 2985 Ἀρτεμισίῳ,
3111 2913 3254 2966 κατὰ
3287 2910 3586 2980 Ῥωμαίους

2009 3012 2188 3066 Μαΐου
2218 3017 2288 3080 γ’,
2329 3011 2515 3082 ἡμέρᾳ
2543 3009 2606 3076 δ’,
2640 3007 2833 3078 ἐτέχθη
2866 3009 2946 3070 είς
2970 3006 3031 3058 τὸ
3061 3004 3366 3076 προκέσσον
3392 3005 3585 3073 Σοφια-

2010 3105 2116 3158 νῶν
2148 3105 2260 3177 (65)
2307 3102 2627 3172 Ἡράκλειος
2653 3101 2790 3164 Νὲος
2818 3099 3246 3162 Κωνσταντῖνος,
3279 3097 3395 3159 υίὸς
3427 3097 3585 3167 Ἦρα-

1934 3212 1979 3270 c
2014 3196 2192 3250 κλείου
2219 3195 2314 3249 καὶ
2349 3193 2626 3255 Εὑδοκίας.

2083 3290 2194 3342 Καὶ
2226 3291 2290 3359 τῇ
2324 3295 2387 3355 ιγ’
2419 3285 2512 3340 τοῦ
2542 3283 2852 3354 Αὐγούστου
2892 3281 3002 3355 (64)
3059 3281 3226 3352 μηνὸς
3274 3279 3376 3349 τῆς
3421 3277 3584 3347 αὐτῆς

2019 3386 2078 3433 ιε’
2114 3378 2464 3442 ίνδικτιῶνος,
2496 3376 2681 3448 ἡμέρᾳ
2719 3372 2935 3447 πρώτῃ,
2966 3373 3321 3442 ἐτελεύτησεν
3359 3371 3470 3441 (65)
3505 3371 3584 3432 εἰς

1663 3552 1990 3614 DUCANGII
2021 3553 2252 3612 NOT/E.

546 3704 926 3778 ξιιρακτζείου.
964 3703 1228 3778 Holstein.
1257 3706 1410 3778 addit
1437 3707 1618 3778 μόνου.

395 3773 507 3848 (60)
545 3776 679 3848 ’.ικρ
731 3773 777 3848 ζ’
801 3774 898 3848 καὶ
925 3773 1134 3841 αὐτῆς,
1169 3785 1276 3848 etc.
1337 3773 1451 3848 Hoc
1489 3777 1611 3848 loco
1652 3788 1908 3848 quaerunt

321 3843 425 3915 yiri
469 3843 828 3915 eruditissimi
870 3844 925 3897 in
960 3861 976 3904 ι
1011 3845 1224 3915 (διεθεθεί
1271 3847 1628 3915 ριίεὶίιηίιιειί
1659 3843 1726 3902 ad
1763 3857 1800 3902 t.
1836 3849 1904 3903 lll

322 3913 521 3978 Martii,
555 3931 611 3968 ιι.
646 3915 736 3977 24,
790 3914 1064 3982 quomodo
1113 3913 1304 3984 primis
1355 3915 1590 3971 Heraclii
1619 3917 1778 3972 annis
1826 3917 1905 3972 l‘a-

321 3994 478 4056 etum
503 3985 593 4047 sit,
630 3994 694 4056 ut
712 3985 928 4054 jussum
956 4000 1019 4056 ac
1053 3994 1382 4056 praeceptum
1413 3986 1595 4052 fuerit,
1621 3996 1681 4042 ut
1713 3988 1781 4041 ab
1819 3989 1906 4043 die

321 4071 421 4109 xm
453 4054 720 4116 Januarii.
764 4069 940 4122 usque
991 4054 1047 4108 in
1083 4055 1213 4108 anni
1235 4054 1248 4056 ⁷
1276 4057 1462 4122 ﬁnem,
1503 4073 1573 4111 xv
1609 4059 1827 4111 indictio
1854 4068 1905 4112 et

321 4124 624 4196 consulatus
655 4122 897 4178 Heraclii
930 4125 1282 4196 scriberetur:
1327 4141 1391 4181 ac
1424 4126 1640 4182 initium
1681 4128 1904 4196 quidem

323 4195 683 4268 indictionum
717 4210 750 4248 a
793 4194 1102 4262 Septembri
1130 4195 1197 4261 ad
1227 4196 1380 4268 aliud
1427 4203 1642 4268 tempus
1668 4194 1904 4253 transla-

323 4277 438 4336 tum
469 4264 658 4328 fuerit,
703 4279 813 4336 non
845 4271 1241 4336 tamenearum
1269 4266 1453 4336 cyelus
1505 4264 1652 4324 anno
1680 4283 1791 4322 uno
1821 4285 1906 4323 ac-

322 4335 614 4392 celeratus.
651 4335 780 4401 quia
831 4348 1028 4403 nempe
1086 4351 1126 4388 ιι
1170 4335 1402 4391 Heraclii
1440 4352 1618 4391 annus
1660 4338 1904 4398 nonfuit

321 4405 565 4473 signatus
585 4403 885 4475 indictione
918 4405 1131 4475 utquod
1158 4406 1293 4475 cycli
1326 4423 1358 4475 v
1401 4422 1665 4462 numerus
1703 4408 1901 4464 antici-

321 4485 446 4546 pate
505 4473 756 4546 expletus
806 4474 1139 4546 postulasset
1171 4473 1204 4528 :V
1224 4475 1319 4529 sed
1348 4474 1419 4529 ita
1459 4476 1721 4546 scriptum
1751 4477 1854 4532 fuit
1885 4495 1898 4532 :

320 4545 514 4610 lndict.
560 4559 628 4597 xv
689 4542 927 4598 Heraclii
981 4560 1055 4609 ιι,
1121 4554 1235 4612 post
1285 4542 1617 4606 consulatum
1672 4547 1904 4606 Ileraclii

318 4615 455 4685 Aug.
517 4622 573 4685 et,
599 4613 711 4685 _sie
761 4624 1165 4684 consequenter
1187 4629 1345 4685 anno
1379 4631 1460 4676 ιιι,
1509 4625 1614 4669 etc.
1647 4614 1753 4671 Sed
1793 4634 1906 4673 non

322 4683 491 4754 plane
525 4683 686 4739 video
720 4698 836 4754 cur
887 4683 1099 4738 mutata
1150 4684 1218 4738 ab
1255 4684 1506 4738 Heraclio
1536 4685 1790 4740 dicantur
1822 4688 1906 4742 in-

319 4753 622 4810 dictionum
655 4753 809 4808 initia
851 4773 864 4807 :
894 4755 1013 4808 haec
1035 4754 1206 4814 enim.
1237 4754 1296 4807 ni
1328 4754 1505 4818 fallor,
1537 4765 1686 4809 recte
1719 4757 1904 4812 cohte-

319 4833 465 4897 reut,
481 4824 524 4878 si
540 4825 978 4894 pauloattentius
995 4824 1393 4892 expendantur.
1407 4825 1696 4897 ﬂeraclius
1707 4827 1906 4897 quippe

322 4895 378 4948 in
407 4892 796 4964 imperatorem
828 4903 1122 4948 coronatus
1143 4903 1240 4964 est
1280 4912 1358 4949 vn
1389 4892 1644 4951 Octobris
1669 4892 1778 4962 die,
1803 4892 1904 4952 'le-
1939 4897 1961 4922 '

320 4965 408 5035 ria
433 4963 504 5035 ιι,
537 4965 725 5035 indict.
764 4981 882 5025 xw.
915 4980 1062 5035 aunp
1093 4963 1294 5035 Christi
1334 4966 1540 5034 vulgari
1572 4980 1693 5028 ncx,
1730 4982 1760 5019 a
1792 4982 1900 5035 quo

323 5034 539 5106 initium
571 5034 718 5106 ducit
749 5036 964 5103 primus
1007 5033 1239 5106 Heraclii
1293 5033 1491 5106 annus.
1523 5035 1606 5106 Ab
1653 5036 1756 5090 hoc
1782 5033 1900 5106 ipso

321 5104 411 5159 die
442 5119 550 5172 quo
603 5104 894 5173 imperium
943 5104 1256 5175 auspicatus
1286 5103 1681 5175 estlleraelius
1728 5103 1902 5175 usque

321 5175 536 5246 θύσειν
594 5175 742 5246 diem
777 5175 1021 5246 Januarii
1077 5174 1327 5246 ejusdem
1385 5174 1700 5246 indictionis
1740 5174 1900 5246 (xiv),

322 5244 586 5312 scriptum
614 5253 699 5296 est
731 5243 786 5296 in
817 5245 962 5314 Actis
1001 5245 1256 5313 publicis,
1303 5246 1597 5314 imperante
1617 5243 1898 5314 tremens,

322 5314 409 5385 vel
441 5328 582 5385 anno
615 5329 628 5366 ι
655 5314 872 5385 imperii
905 5313 1160 5385 Her-aelii.
1195 5314 1263 5369 Et
1291 5331 1321 5369 a
1351 5313 1443 5371 xlv
1471 5313 1718 5385 ejusdem
1748 5331 1904 5370 men-.

324 5384 399 5455 sis
425 5381 686 5455 (Januarii
721 5383 966 5451 ejusdem
1005 5383 1321 5455 indictionis
1349 5381 1790 5455 xiv),'scriptum
1819 5395 1905 5440 est

323 5454 378 5507 in
413 5453 679 5522 reliquum
712 5460 932 5520 tempus
957 5468 1132 5576 usque
1152 5454 1220 5508 ad
1248 5456 1524 5524 expletum
1551 5453 1908 5510 Decembrem

326 5523 639 5576 indictionis
667 5539 755 5576 xv.
784 5523 849 5576 Et
882 5538 1038 5576 censu
1063 5534 1178 5576 atu.
1229 5533 1335 5576 etc.
1388 5525 1574 5576 Neque
1607 5525 1779 5576 enim.
1833 5527 1906 5576 ait

326 5523 639 5586 indictionis
667 5539 755 5588 xv,
784 5523 849 5576 Et
882 5523 1178 5587 consulatu,
1229 5523 1335 5580 etc.
1388 5525 1574 5594 Neque
1607 5525 1779 5591 enim,
1833 5527 1906 5582 ait

2005 3711 2258 3780 scriptor,
2277 3709 2422 3780 quod
2445 3708 2741 3780 voluntviri
2762 3704 3139 3780 eruditissimi,
3165 3715 3361 3780 etpost
3384 3705 3502 3780 illos
3517 3705 3580 3759 V.

2005 3779 2066 3836 C.
2091 3775 2144 3834 in
2164 3775 2557 3833 Dissértatione
2583 3777 2864 3848 Hypatica,
2883 3795 2938 3847 p.
2956 3777 3080 3839 558,
3113 3775 3378 3848 scriptum
3399 3776 3581 3848 fuisse,

2005 3867 2076 3904 xv
2107 3851 2412 3910 indictione,
2444 3859 2492 3903 et
2518 3845 2817 3912 consulatu,
2850 3845 2981 3908 εἰς..
3039 3861 3163 3901 cum
3220 3847 3449 3900 indictio
3499 3845 3584 3899 illa

1986 3936 2076 3975 .xv
2110 3935 2350 3974 mensem
2381 3919 2731 3972 Decembrem
2782 3929 3010 3988 spectet.
3051 3915 3158 3968 Sed
3188 3931 3257 3988 an
3289 3917 3379 3970 bic
3417 3929 3584 3988 annus

2005 4005 2128 4044 ncxt
2168 4004 2358 4044 revera
2406 3988 2572 4043 fuerit
2597 3985 3014 4056 primus—annus
3047 3985 3369 4056 qmstilatus
3419 3986 3584 4056 lleraj

2005 4060 2118 4130 clii,
2155 4060 2280 4130 jure
2315 4054 2647 4130 conti-everti
2676 4067 2873 4130 potest,
2907 4058 3036 4112 licet
3057 4054 3213 4130 Fasti
3244 4054 3489 4130 γοεείοηί
3519 4054 3583 4108 ad

2005 4125 2171 4183 hunc'
2189 4143 2392 4183 annum
2430 4128 2584 4183 illum
2609 4125 2869 4192 referant,
2903 4143 3027 4181 cum
3073 4125 3215 4194 apud
3260 4127 3581 4194 scriptorem

2004 4199 2260 4254 Chronici
2287 4197 2725 4267 postcousulatus
2759 4196 2992 4267 Heraclii
3008 4196 3078 4249 ab
3107 4209 3253 4267 anno
3284 4209 3430 4250 nexu
3451 4195 3584 4249 dun-

2006 4276 2156 4339 taxat
2213 4264 2502 4339 prodeant,
2553 4276 2613 4321 ut
2658 4276 2845 4339 exerte
2873 4266 3144 4339 indicatur
3179 4264 3247 4339 ad
3285 4280 3493 4339 annum
3524 4278 3582 4318 ιιι

2004 4333 2249 4406 ejusdem
2269 4337 2524 4404 l-leraclii,
2550 4347 2606 4391 et
2627 4337 2853 4391 omnino
2870 4337 3117 4390 firmatur
3139 4349 3209 4388 ex
3232 4333 3583 4404 inscriptione

2003 4410 2162 4484 allata
2191 4408 2259 4463 ad
2290 4423 2493 4484 annum
2534 4424 2610 4474 lx,
2641 4406 2778 4460 adeo
2831 4417 2891 4484 ut
2933 4407 3038 4460 hoc
3069 4419 3215 4484 anno
3254 4420 3422 4484 nexu,
3473 4413 3582 4484 tum

2006 4479 2244 4548 primum
2299 4477 2578 4533 consulem
2597 4473 2970 4548 ’_processisse
3019 4473 3442 4548 existimandum
3484 4473 3579 4548 _sit,

2007 4541 2156 4603 anno
2191 4549 2375 4618 elapso
2404 4564 2435 4602 a
2483 4564 2573 4601 xiv
2600 4541 2848 4618 Januarii
2877 4561 3047 4618 usque
3076 4544 3144 4598 ad
3173 4558 3430 4618 mensem
3475 4541 3582 4618 ρος

2006 4613 2295 4673 οειιιιιιθιιῐ
2332 4617 2478 4671 illius
2531 4615 2839 4670 consulatui
2870 4613 3582 4684 ascripto,licet_nondum

2005 4688 2198 4742 consul
2220 4687 2598 4757 processisset.
2625 4687 2700 4740 De
2734 4685 2897 4757 annis
2923 4682 3088 4757 porjro
3119 4682 3350 4737 lleraclii
3390 4697 3584 4757 consu—

2005 4758 2202 4812 lendus
2223 4751 2504 4818 Petavius.
2533 4757 2630 4810 lib.
2663 4772 2721 4810 xi
2757 4756 2834 4809 De
2861 4751 3099 4808 doctrina
3133 4761 3318 4822 temp.,
3350 4768 3471 4822 cap.
3496 4751 3579 4806 l9.

2080 4829 2191 4898 (61)
2227 4823 3198 4898 ἙτέχθηγξΕσιιφανείαζῡθ,ι-ἱ-ιιοιρε
3244 4821 3500 4898 Heraclii,
3531 4829 3582 4876 et

2005 4892 2198 4952 eorum
2230 4897 2318 4950 die
2345 4892 2832 4966 nataliegimus‘in
2850 4893 3102 4966 familiis
3127 4892 3456 4966 Qyzantinis.

2078 4966 2190 5037 (62)
2219 4969 2324 5020 Ἐν
2347 4961 2802 5037 προκέσσῳῌτῆς
2849 4963 3101 5037 'Jepe/ac.
3126 4961 3580 5037 Constantinopol.

2003 5034 2198 5111 Christ.
2363 5053 2435 5100 ιν,
2470 5046 2605 5111 sect.
2641 5035 2724 5096 15,
2758 5050 2814 5111 t_i.
2855 5034 2910 5086 2.
2989 5099 3010 5111 ,
3127 5100 3164 5111 __
3191 5102 3201 5111 _
3228 5101 3240 5111 _
3394 5034 3402 5040 ’

2077 5106 2188 5177 (65)
2230 5108 2332 5172 Εἰς
2366 5107 2720 5174 πρόκεσσον.
2747 5100 3080 5172 Σοφιανῶν.
3127 5100 3290 5163 lbid.,
3317 5111 3456 5155 sect.
3497 5101 3579 5164 12,

2004 5194 2060 5231 ιι.
2098 5178 2148 5232 1.

2027 5247 2186 5372 δ’(64)
2231 5246 2340 5301 Kal
2391 5244 2467 5314 τῇ
2497 5253 2569 5316 ιγ’
2615 5245 2722 5301 τοῦ
2771 5244 3148 5316 Αὐγούστου.
3194 5237 3579 5310 Theophanes,

2007 5337 2065 5371 ιο’
2077 5359 2088 5370 .

2079 5386 2190 5457 (65)
2247 5386 2716 5457 ’ιεἰἐλεύτησενζ
2751 5384 2913 5454 Νόσῳ
2951 5380 3245 5453 ἐπιληψίας
3289 5379 3580 5451 ληφθεῖσα,

2003 5455 2182 5527 inquit
2220 5456 2568 5528 Nicephorus
2601 5457 2656 5509 in
2687 5455 2844 5532 Brev:

1625 5681 1856 5738 VARIJE
1895 5681 2298 5739 LECTIONES.

403 5809 445 5852 ³⁷
487 5813 804 5892 Ἡράκλειος
836 5832 996 5886 supra
1030 5819 1215 5872 scribit
1248 5817 1305 5872 Ρ.
1383 5821 1424 5853 ³⁸
1462 5821 1520 5873 ιδ’
1545 5836 1652 5874 om.
1690 5821 1746 5874 P.

1827 5824 1870 5852 ἐ’
1900 5821 2018 5892 ὥρα
2047 5821 2084 5874 Ρ
2117 5823 2247 5876 sola.
2325 5821 2368 5854 ³ο
2409 5819 2731 5889 Ἐπιφάνεια
2763 5815 2847 5872 PV
2870 5815 3035 5872 etiam
3064 5813 3230 5872 intra.
