3872 6344
1430 103 1465 113 4-

150 216 333 281 1.93
1415 208 1847 273 CHRONICON
1904 211 2301 277 PASCHALE.
3388 226 3492 294 99;

160 324 561 397 ἀειμνηστος
586 321 795 395 πατὴρ,
826 319 1219 376 ἐϐουλεύσαντο
1242 321 1338 394 τῆς
1370 323 1638 393 τοσαύτης
1663 321 1802 375 ἐκεί-

1914 326 2244 382 invenirent.
2291 325 2423 383 Post
2463 336 2696 385 mortem
2726 345 2855 404 ergo
2870 335 3118 406 tyranni,
3152 351 3275 393 cum
3317 340 3493 413 impe-

168 434 322 472 νου
344 417 595 486 ἀνάγκης
627 414 993 486 ἐλευθερῶσαι
1022 413 1123 485 τὴν
1170 414 1483 485 Ῥωμαϊκὴν
1509 413 1802 468 πολιτείανο

1908 430 2056 476 rator
2075 427 2280 489 noster,
2309 420 2563 478 afﬁnibus
2614 440 2796 480 secum
2826 428 3137 499 assumptis,
3174 430 3227 484 in
3256 431 3494 490 Africam

166 510 365 582 ὅπερ
393 508 488 562 καὶ
511 505 782 579 ἔπραξαν,
813 503 1298 575 τεταπεινωμένην
1336 504 1551 574 ἐκείνην
1598 505 1664 558 ἐκ
1713 503 1802 557 τοῦ

1907 506 1974 568 ad
2002 522 2210 584 patrem
2242 529 2400 569 suum
2431 517 2629 571 reverti
2665 527 2950 585 statueret,
2980 532 3337 593 moneretque
3369 541 3492 591 nos,

176 600 504 670 ὑμετέρου
559 595 796 668 κράτους
848 596 1123 686 εὑρόντες.
1154 596 1265 649 Καὶ
1302 594 1440 664 μετᾶ
1477 595 1570 649 τὸν
1596 593 1690 649 τοῦ
1716 611 1802 648 τυ-

1907 610 1967 655 ut
1999 618 2162 672 quem
2185 603 2448 673 vellemus
2476 605 2860 676 imperatorem
2887 610 3322 682 designaremus,
3353 630 3495 686 aegre

177 690 429 760 ράννου
481 688 713 743 θάνατον
774 674 1132 759 βουληθέντος
1178 685 1274 740 τοῦ
1324 685 1482 757 ήμῶν
1545 685 1802 756 βασιλέως

1905 695 2163 766 precibus
2192 699 2398 753 nostris
2418 674 2641 763 cedens,
2665 700 2953 770 imperium
2983 674 3201 759 tandem
3232 674 3493 777 suscepit.

171 781 352 843 τοὺς
380 779 550 843 ἰδίους
579 778 768 831 λαϐεῖν
800 779 1088 847 συγγενεῖς
1111 778 1208 832 καὶ
1238 778 1376 848 πρὸς
1400 777 1489 832 τδν
1512 779 1710 830 οἰκεῖον
1747 776 1802 829 ἐν

1905 787 1976 841 At
2025 797 2250 859 propter
2294 789 2577 862 utriusque
2630 784 2942 863 reipublicae
2987 776 3491 866 perturbationem,

202 871 478 942 ’Azpptxﬁ
504 866 873 934 ἐωναζεῦξαι
903 868 1138 941 πατέρα,
1177 867 1582 940 προτρέψαντός
1609 867 1717 939 (97)
1746 883 1805 920 τε

180 959 374 1030 ἡμᾶς
402 959 462 1014 δν
517 958 745 1029 θέλομεν
809 957 1167 1025 ἐπιλέξασθαι
1207 957 1454 1029 βασιλέα,
1493 957 1645 1028 μόλις
1682 959 1805 1022 ταῖς

186 1051 514 1122 αἱτήσεσιν
544 1049 705 1122 ἡμῶν
738 1050 984 1114 πεισθεὶς
1016 1049 1344 1115 κατεδέξατο
1376 1051 1473 1122 τὴν
1506 1049 1803 1121 βασιλείαν,

192 1138 320 1191 καὶ
347 1136 440 1192 διὰ
460 1138 561 1207 τὴν
590 1138 903 1210 κρατοῦσαν
923 1139 982 1193 ἐν
1015 1141 1138 1202 ταῖς
1172 1137 1267 1192 δύο
1304 1138 1599 1203 πολιτείαις
1638 1155 1806 1211 ταρα-

192 1230 349 1301 χὴν,
393 1229 473 1283 ἐτι
504 1230 576 1300 ⁸δὲ
607 1231 652 1263 ⁸⁸
682 1230 780 1284 καὶ
815 1231 916 1301 τὴν
974 1230 1242 1300 ἐμφύλιον
1289 1231 1499 1297 στάσιν,
1539 1231 1642 1284 οὐκ
1677 1228 1803 1300 ἐσχε

196 1323 441 1394 καιρὸν,
474 1323 611 1394 ὅπερ
650 1323 822 1396 ἐχρῆν
871 1323 1203 1395 πραχθῆναι,
1251 1322 1346 1377 τοῦ
1392 1322 1479 1377 διὰ
1509 1320 1803 1393 πρεσϐείας

194 1411 323 1481 τὴν
348 1410 707 1483 ὀφειλομένην
758 1411 928 1483 τιμὴν
982 1411 1062 1482 τῷ
1119 1411 1412 1483 ὑπερόγκῳ
1459 1412 1651 1483 κράτει
1703 1410 1803 1481 τῆς

198 1504 503 1576 ὑμετέρας
558 1504 805 1575 γαλήνης
866 1506 1258 1575 προσαγαγεῖν.
1337 1502 1803 1573 Ἐϐουλευσάμεθα

194 1590 316 1648 οὖν
354 1594 605 1664 παριδεῖν
643 1594 706 1648 τὸ
736 1593 879 1659 ἔθος,
922 1587 1095 1666 οὗπερ
1142 1596 1401 1667 ἀνωτέρω
1427 1594 1797 1666 ἐμνήσθημεν,

196 1688 318 1742 καὶ
356 1687 582 1759 βραχεῖς
606 1686 762 1750 ὄντες
812 1686 1090 1759 ἄνθρωποι
1127 1687 1262 1759 πρὸς
1303 1686 1658 1759 ἁρχιϐασιλέα
1688 1686 1797 1758 (98)
1832 1671 1871 1724 Β

194 1779 545 1851 τηλικοῦτον
602 1781 668 1850 τῇ
717 1779 900 1850 δεήσει
956 1780 1290 1852 χρήσασθαι,
1347 1780 1657 1843 στέλλοντες
1708 1780 1800 1833 καί

196 1888 374 1935 τινας
404 1869 463 1937 ἐξ
490 1870 645 1941 ἡμῶν
668 1869 982 1940 ὀφείλοντας
1003 1871 1109 1924 τῶν
1145 1870 1428 1942 ὑμετέρων
1447 1871 1610 1941 ἰχνῶν
1632 1869 1799 1936 ἀξιω-

202 1962 408 2034 θῆναι.
443 1961 608 2015 Ἀλλὰ
638 1962 727 2015 διὰ
754 1961 824 2015 τὰ
867 1963 925 2017 ὲν
971 1962 1126 2034 μέσῳ
1158 1960 1443 2033 συμϐάντα
1469 1961 1627 2016 τοῦτο
1656 1964 1799 2034 πρᾶ-

204 2053 309 2121 ξαι
337 2052 504 2124 μέχρι
537 2051 635 2106 νῦν
658 2052 758 2105 οὑκ
783 2052 1163 2125 ἐτολμήσαμεν
1188 2069 1203 2086 ο
1241 2054 1331 2108 ὅτε
1367 2054 1412 2087 ⁸⁷
1439 2054 1626 2125 μέντοι
1656 2053 1801 2125 Σαὴν

201 2146 244 2199 ὁ
264 2142 614 2208 ἐνδοξότατος
642 2142 1116 2213 Βαϐμανζαδαγὼ,
1146 2144 1243 2198 τοῦ
1271 2144 1544 2217 Περσικοῦ
1569 2145 1799 2218 στρατοῦ

204 2236 473 2308 ἔξαρχος,
502 2238 561 2291 ἐν
583 2238 699 2298 τοῖς
727 2236 920 2306 μέρεσι
948 2235 1292 2308 Χαλκηδόνος
1315 2238 1528 2307 γέγονε,
1556 2240 1651 2294 καὶ
1678 2256 1802 2293 συν-

206 2326 403 2399 τυχὼν
433 2327 511 2399 τῷ
538 2326 921 2399 εὐσεϐεστὰτῳ
961 2328 1120 2399 ἡμῶν
1152 2329 1366 2400 βασιλεῖ
1392 2332 1490 2385 καί
1520 2333 1675 2403 ἡμῖν,
1707 2332 1802 2386 καὶ

207 2423 284 2475 ἐκ
313 2419 539 2475 πάντων
570 2418 815 2490 αἰτηθεὶς
834 2419 905 2473 τὰ
954 2420 1084 2490 περὶ
1126 2421 1226 2492 τῆς
1264 2424 1490 2494 εἰρήνης
1524 2422 1805 2495 διαλεχθῆ-

208 2528 332 2576 ναι,
372 2510 535 2575 αὐτὸς
567 2509 613 2543 ⁸⁸
643 2511 743 2581 μὲν
773 2505 931 2565 εἷπεν
964 2511 1040 2582 μὴ
1072 2511 1217 2583 ἔχειν
1238 2514 1501 2585 τοιαύτην
1528 2514 1799 2582 ἐξουσίαν,

206 2598 435 2653 δέεσθαι
463 2598 608 2653 δὲτὰ
649 2599 694 2632 "
744 2599 875 2671 περὶ
912 2599 1101 2654 τούτου
1145 2600 1245 2672 τῆς
1293 2602 1452 2672 ὑμῶν
1495 2603 1802 2676 φιλανθρω-

208 2692 372 2753 πίας.
401 2691 537 2743 Νυνὶ
576 2690 634 2744 δέ
667 2691 762 2745 καὶ
786 2690 1085 2762 ἀπόκρισιν
1134 2691 1341 2746 ἔστειλε
1370 2692 1507 2765 πρὸς
1536 2695 1685 2766 ἡμᾶς
1712 2692 1802 2747 διὰ

208 2784 311 2839 τοῦ
342 2784 717 2855 Σπαδαδουὰρ,
742 2784 1112 2857 ὑποσχόμενος
1124 2785 1411 2857 ἐνωμότως
1436 2787 1519 2842 ὅτι
1540 2786 1602 2840 τὺ
1628 2786 1800 2858 ὑπέρ-

206 2891 386 2944 ογκον
419 2875 576 2946 ὑμῶν
638 2875 841 2947 κράτος
870 2876 1004 2939 τοὺς
1039 2875 1433 2947 στελλομένους
1465 2879 1595 2948 παρ’
1641 2876 1800 2949 ἡμῶν

1906 879 2199 951 civilesque
2241 892 2443 947 motus,
2477 884 2630 940 locus
2658 885 2760 955 ipsi
2807 886 2954 941 haud
2996 886 3100 943 fuit
3133 904 3232 959 per
3262 889 3491 961 legatos,

1907 970 1986 1024 uti
2034 987 2132 1041 par
2173 982 2311 1037 erat,
2353 974 2762 1045 id,praestandi,
2802 992 2910 1047 quo
2944 977 3188 1033 debitum
3228 981 3490 1035 honorem

1911 1058 2263 1127 amplissima:
2310 1060 2609 1130 maiestatis
2643 1071 2837 1118 vestrae
2867 1064 3148 1119 serenitati
3180 1066 3486 1122 exhiberet.

1903 1148 2274 1207 Statueramus
2304 1153 2494 1223 igitur,
2528 1155 2730 1210 omisso
2752 1169 2907 1211 more
2932 1157 3087 1227 cujus
3117 1159 3487 1225 meminimus,

1901 1253 2003 1292 nos
2024 1238 2202 1309 pusilli
2227 1240 2474 1295 homines
2489 1257 2616 1312 erga
2641 1242 3075 1311 potentissimum
3106 1259 3282 1314 regem
3308 1245 3489 1315 preci—

1901 1323 2003 1378 bus
2020 1323 2120 1389 uti,
2138 1334 2194 1379 et
2213 1326 2420 1396 aliquos
2437 1342 2500 1382 ex
2532 1329 2690 1383 nobis
2722 1330 2935 1385 mittere
2957 1330 3048 1399 qui
3070 1332 3137 1385 ad
3155 1332 3377 1403 vestigia
3394 1349 3491 1390 ve-

1902 1422 2013 1469 stra
2029 1417 2461 1473 admitterentur.
2480 1418 2587 1474 Sed
2603 1435 2669 1475 ex
2686 1421 2752 1474 iis
2772 1437 2893 1491 quae
2908 1421 3137 1477 subinde
3159 1438 3407 1490 evenere,
3433 1420 3493 1480 id

1901 1504 1969 1559 ad
1995 1504 2141 1558 hunc
2168 1519 2338 1574 usque
2363 1505 2507 1559 diem
2535 1506 2727 1575 exequi
2749 1507 2865 1561 ausi
2894 1522 3005 1562 non
3030 1523 3239 1565 sumus.
3275 1512 3345 1564 At
3362 1520 3489 1566 cum

1904 1594 2045 1650 Saen
2063 1594 2451 1651 illustrissimus
2468 1596 2926 1669 Badmanzadago,
2946 1596 3280 1654 Persicarum
3304 1600 3489 1672 copia-

1902 1701 2024 1741 rum
2054 1687 2163 1742 dux
2191 1703 2478 1758 supremus
2499 1688 2567 1743 ad
2599 1688 2734 1744 fines
2756 1690 3115 1745 Chalcedonis
3136 1693 3475 1761 accessisset,

1900 1795 2024 1835 cum
2050 1780 2294 1851 piissimo
2319 1790 2508 1836 nostro
2532 1781 2858 1852 imperatore
2878 1784 3143 1855 nobisque
3166 1785 3486 1848 collocutus.

1900 1881 2118 1943 rogatus
2148 1884 2233 1953 est
2281 1871 2350 1927 ab
2376 1873 2631 1928 omnibus
2659 1882 2721 1927 ut
2766 1874 2834 1929 de
2884 1890 3019 1944 pace
3068 1882 3345 1931 tractaret.
3380 1875 3490 1944 Qui

1900 1963 2185 2032 respondit
2235 1964 2336 2019 sibi
2383 1964 2603 2034 quidem
2649 1965 2913 2036 ejusmodi
2959 1966 3184 2022 minime
3223 1968 3488 2024 indultam

1901 2070 2024 2112 esse
2071 2055 2384 2111 facultatem
2414 2072 2429 2110 :
2459 2055 2878 2126 deprecaturum
2937 2064 3121 2113 tamen
3163 2072 3328 2128 super
3380 2060 3487 2115 hoc

1900 2147 2246 2204 clementiam
2269 2155 2527 2204 vestram.
2556 2147 2715 2203 Nunc
2751 2162 2883 2204 vero
2928 2156 2987 2203 et
3012 2163 3337 2220 responsum
3377 2151 3487 2206 mi~

1901 2239 1972 2295 sit
2002 2238 2161 2293 nobis
2189 2253 2288 2308 per
2310 2237 2766 2317 Spadadovarem,
2796 2253 2920 2295 cum
2951 2248 3294 2296 sacramento
3322 2241 3485 2310 polli-

1899 2330 2069 2396 citus,
2111 2329 2501 2400 amplissimam
2546 2338 2786 2385 vestram
2835 2332 3212 2400 maiestatem,
3255 2345 3352 2386 eos
3384 2348 3485 2403 pro

1898 2421 2158 2491 dignitate
2186 2430 2560 2491 suscepturam
2608 2421 2702 2491 qui
2752 2437 2784 2476 a
2828 2421 2987 2476 nobis
3024 2422 3393 2487 mitterentur,
3426 2430 3486 2479 et

1900 2512 2077 2567 salvos
2130 2525 2194 2566 ac
2238 2511 2537 2567 incolumes
2581 2511 2651 2566 ad
2694 2526 2794 2567 nos
2836 2514 3208 2581 remissuram,
3256 2514 3419 2586 idque
3451 2530 3481 2569 a

1900 2602 2187 2659 clementia
2212 2610 2386 2658 vestra
2415 2613 2473 2657 ut
2502 2602 2706 2658 faceret
2728 2603 2831 2659 sibi
2862 2618 2983 2659 esse
3002 2604 3346 2674 imperatum.
3373 2605 3485 2660 Nos

1902 2694 2084 2765 itaque
2114 2694 2264 2749 hisce
2292 2693 2481 2749 conﬁsi
2508 2693 2810 2764 promissis,
2836 2697 3137 2764 praesertim
3163 2703 3346 2751 autem
3371 2695 3486 2750 Deo

1902 2796 1959 2841 et
1989 2795 2167 2842 vestra
2187 2778 2565 2856 amplitudine,
2598 2799 2784 2840 servos
2822 2794 3035 2840 vestros
3073 2785 3322 2839 misimus
3367 2784 3486 2856 glo-

1904 2876 2267 2931 riosissimum
2324 2874 2634 2947 Olympium
2679 2889 2746 2929 ex
2797 2874 3055 2938 consule,
3085 2874 3379 2944 patricium
3428 2884 3486 2930 et

208 2966 291 3029 ὡς
321 2966 535 3037 πρέπον
564 2967 683 3020 ἐστὶ
741 2966 959 3037 δέχεται
991 2969 1088 3022 καὶ
1119 2967 1347 3022 ἀπολύει
1371 2966 1633 3033 ἀϐλαϐεῖς
1660 2968 1798 3040 πρὸς

1905 2968 2225 3039 praefectum
2244 2967 2518 3038 praetorio,
2540 2978 2596 3023 et
2632 2965 3078 3038 gloriosissimum
3105 2963 3392 3020 Leontium
3417 2980 3485 3020 ex

210 3061 369 3130 ἡμᾶς
399 3058 759 3123 ἐωναλῦσαι,
794 3060 893 3113 καὶ
935 3061 1020 3114 ὅτι
1050 3060 1204 3132 παρὰ
1233 3061 1334 3130 τῆς
1368 3061 1643 3133 ὑμετέρας
1678 3061 1798 3130 φιλ-

1905 3061 2146 3126 consule,
2170 3059 2458 3130 patricium
2480 3070 2535 3114 et
2548 3058 2864 3129 praefectum
2878 3058 3018 3124 urbi,
3041 3071 3106 3112 ac
3120 3056 3485 3112 venerabilem

209 3153 537 3223 ανθρωπίας
590 3154 749 3208 τοῦτο
794 3155 1007 3226 πρᾶξαι
1061 3154 1379 3228 ἐκελεύσθη.
1436 3155 1626 3227 Ἡμεῖς
1656 3156 1700 3189 ⁷ο
1740 3157 1798 3211 δὲ

212 3243 386 3299 πάλιν
443 3249 557 3310 τοῖς
616 3245 761 3300 οὓτω
820 3246 1338 3319 παρακολουθήσασι
1399 3247 1794 3321 θαρρήσαντες,

213 3332 327 3404 πρὸ
358 3334 579 3389 πάντων
612 3334 670 3388 δὲ
715 3333 795 3406 τῷ
824 3334 945 3405 Θεῷ
980 3335 1078 3390 καὶ
1116 3338 1181 3408 τῇ
1221 3335 1467 3407 ὑμετέρᾳ
1508 3336 1796 3407 μεγαλειό-

211 3442 368 3497 τητι,
399 3426 527 3490 τοὺς
554 3425 779 3491 δούλους
807 3425 964 3496 ὑμῶν
988 3425 1344 3498 ἀπελύσαμεν
1377 3426 1671 3498 Ὀλύμπιον
1708 3428 1801 3481 τὸν

213 3516 567 3584 ἐνδοξότατον
590 3518 702 3572 ἀπὸ
730 3519 1278 3589 ὑπάτων,πατρίκιον
1302 3518 1398 3572 καὶ
1427 3518 1665 3591 ἔπαρχον
1693 3519 1801 3574 τῶν

215 3611 598 3681 πραιτωρῖων,
624 3611 722 3665 καὶ
760 3611 1016 3666 Λεόντιον
1039 3612 1134 3664 τὸν
1158 3609 1499 3676 ἐνδοξότατον
1527 3612 1635 3665 ἀπὸ
1664 3612 1804 3666 ὑπά-

214 3718 328 3755 των
363 3699 654 3771 πατρίκιον
675 3702 770 3756 καὶ
792 3701 1030 3773 ἔπαρχον
1055 3702 1286 3768 πόλεως,
1313 3703 1409 3758 καὶ
1450 3704 1803 3758 Ἀναστὰσιον

212 3793 311 3847 τὸν
366 3791 788 3863 θεοφιλέστατον
837 3794 1210 3866 πρεσϐύτερον
1255 3795 1353 3849 καὶ
1386 3793 1681 3865 σύγκελλον
1733 3797 1802 3864 ⁷¹,

215 3882 316 3950 οὓς
339 3884 698 3956 δυσωποῦμεν
726 3885 805 3950 ὡς
836 3886 1039 3958 πρέπει
1067 3886 1146 3957 τῷ
1168 3887 1463 3958 ὑπερόγκῳ
1492 3887 1647 3958 ὑμῶν
1668 3887 1807 3958 κρά-

216 3994 310 4030 τει
339 3977 600 4047 δεχθῆναι
633 3979 729 4032 καὶ
760 3980 1046 4049 συντόμως
1091 3979 1431 4035 ἐπαναλῦσαι
1475 3980 1613 4051 πρὸς
1660 3982 1806 4051 ἡμᾶς

217 4071 321 4141 tif;
349 4054 696 4141 ἀρέσκουσαν
726 4070 806 4142 τῷ
838 4070 958 4141 Θεῷ
982 4072 1207 4143 εἰρήνην
1254 4071 1351 4125 καὶ
1380 4071 1698 4142 πρέπουσαν
1728 4070 1807 4142 τῷ

218 4162 522 4234 φιλειρήνῳ
544 4164 698 4234 ὑμῶν
727 4163 919 4235 κράτει
946 4164 1330 4228 ἁποσώζοντας
1359 4166 1510 4234 ἡμῖν.
1561 4163 1807 4233 Δεόμεθα

218 4253 277 4308 δὲ
325 4258 427 4326 τῆς
454 4254 623 4326 388
654 4256 927 4326 ὑμετέρας
966 4256 1304 4327 ἡμερότητος
1350 4256 1444 4309 καὶ
1486 4255 1806 4325 Ἡράκλειον

1898 3152 2239 3208 Anastasium
2255 3152 2630 3223 presbyterum
2643 3158 2700 3205 et
2712 3149 3027 3221 syncellum,
3039 3163 3176 3219 quos
3200 3158 3260 3203 ut
3274 3149 3489 3218 amplis-

1899 3245 2036 3301 sima
2052 3245 2306 3314 maiestas
2320 3251 2520 3307 vestra,
2537 3248 2699 3312 prout
2712 3256 2809 3312 par
2823 3248 2905 3296 est
2916 3240 3147 3309 excipiat
3162 3238 3481 3311 ﬂagitamus.

1899 3349 1957 3393 et
1970 3338 2047 3393 uti
2059 3351 2221 3408 quam
2236 3336 2470 3407 primum
2488 3334 2605 3389 fieri
2618 3333 2818 3404 poterit
2833 3347 2957 3387 cum
2972 3343 3123 3403 grata
3138 3331 3248 3386 Deo
3264 3347 3414 3402 pace.
3430 3342 3487 3385 et

1904 3443 2026 3499 quae
2076 3426 2356 3498 pacificam
2405 3425 2744 3496 maiestatem
2796 3431 3033 3479 vestram
3077 3423 3256 3488 deret,
3307 3422 3487 3477 salvos

1902 3523 2063 3579 nobis
2089 3521 2396 3576 remittatis.
2425 3517 2788 3575 Obsecratnus
2818 3516 2983 3572 etiam
3009 3515 3485 3569 mansuetudinem

1902 3623 2140 3671 vestram
2182 3620 2245 3668 ut
2273 3611 2582 3667 Heraclium
2619 3609 2925 3681 piissimum
2970 3617 3219 3662 nostrum
3251 3607 3488 3676 impera-

1906 3715 2078 3761 torem
2105 3705 2224 3760 loco
2250 3704 2454 3774 proprii
2490 3702 2584 3757 filii
2614 3701 2834 3763 habeat,
2864 3705 3113 3770 paratum
3142 3697 3200 3752 in
3231 3695 3489 3752 omnibus

1907 3795 2187 3853 serenitati
2214 3804 2409 3851 vestrae
2441 3793 2647 3849 cultum
2674 3799 2732 3847 et
2763 3791 3001 3847 officium
3027 3798 3307 3860 praestare.
3333 3787 3490 3854 Quod

1905 3889 2126 3959 quidem
2159 3888 2204 3942 si
2229 3886 2488 3953 feceritis,
2520 3884 2787 3957 geminam
2831 3882 2984 3937 vobis
3008 3882 3232 3953 gloriam
3265 3896 3490 3952 compa-

1907 3978 2119 4040 rabitis,
2168 3993 2295 4031 cum
2341 3991 2409 4030 ex
2454 3973 2775 4030 fortitudine
2821 3971 3034 4035 bellica,
3080 3978 3194 4024 tum
3228 3984 3295 4024 ex
3339 3970 3492 4040 pacis

1908 4068 2283 4126 concessione.
2314 4066 2423 4119 Nos
2446 4080 2611 4134 porro
2630 4063 2888 4132 deinceps
2912 4076 3012 4132 per
3038 4076 3317 4132 nunquam
3346 4062 3488 4117 obli-

1908 4158 2166 4215 viscenda
2188 4164 2368 4211 vestra
2405 4168 2633 4209 munera
2680 4152 2924 4208 fruemur
2963 4152 3167 4222 quiete,
3224 4152 3492 4222 nobisque

1910 4257 2166 4322 suppetet
2195 4248 2409 4304 occasio
2440 4261 2539 4317 pro
2568 4252 2765 4301 vestrae
2811 4245 2936 4301 vitae
2980 4242 3341 4299 diuturnitate
3380 4246 3492 4299 Deo

216 4345 311 4399 τὸν
359 4345 751 4400 εὐσεϐέστατον
795 4346 955 4418 ἡμῶν
1003 4347 1227 4416 βασιλέα
1271 4348 1493 4418 γνήσιον
1539 4347 1683 4418 ἐχειν
1728 4350 1802 4403 τέ-

1915 4359 2106 4417 preces
2126 4341 2412 4407 oll'erendi,
2441 4339 2680 4412 quandiu
2705 4337 2870 4395 stabit
2912 4337 3156 4393 Romana
3185 4337 3492 4407 respublica

218 4454 368 4505 χνον,
402 4437 702 4509 προθύμως
726 4439 921 4511 ἔχοντα
959 4440 1018 4494 ἐν
1047 4440 1221 4495 ἅπασι
1249 4441 1350 4512 τὴν
1393 4439 1688 4512 θεραπείαν
1711 4445 1811 4516 τῆς

1916 4451 2157 4498 vestrum
2199 4434 2526 4492 beneficium
2564 4447 2846 4504 nunquam
2891 4429 3150 4486 oblivioni
3196 4430 3426 4485 daturis.

220 4528 497 4599 ὑμετέρας
538 4532 714 4586 ποιεῖν
765 4530 1026 4603 γαλήνης·
1072 4530 1255 4584 Ταῦτα
1280 4530 1327 4563 ⁷⁸
1390 4530 1498 4603 γὰρ
1553 4531 1663 4604 (99)
1720 4537 2051 4608 πράττοντες
2112 4528 2304 4600 διπλῆν
2368 4528 2581 4590 ἑαυτοῖς
2625 4525 2958 4595 περιποιεῖτε
3014 4520 3192 4588 δόξαν,
3254 4520 3350 4574 καὶ
3399 4522 3495 4576 ἐπὶ

1564 4665 1891 4726 DUCANGll
1929 4665 2163 4724 NOTIE.

289 4783 403 4858 (97)
440 4781 939 4858 Ιῖροιξρέιιιαροςινος.Δ
947 4780 1107 4858 Quod
1137 4780 1203 4858 in
1231 4779 1418 4858 primis
1447 4780 1621 4837 firmat
1648 4783 1804 4841 Nice-

214 4850 445 4929 phorius,
468 4850 718 4929 scribens
748 4852 1058 4929 lleraclium
1087 4851 1155 4906 ad
1183 4850 1802 4929 imperiuni__eapessen-

216 4921 349 4981 'dum
393 4922 645 4992 Crispum
678 4922 1045 4985 cohortatum,
1073 4936 1205 4992 cum
1227 4936 1339 4975 non
1367 4936 1439 4992 se
1469 4921 1613 4976 illius
1648 4939 1805 4978 usur-

214 4994 383 5067 pandi
411 4989 1079 5067 gratiaveujssediceret,
1114 4991 1213 5067 sed
1254 4998 1314 5067 ut
1340 4989 1540 5067 africa
1578 5000 1806 5061 tyranno

217 5060 559 5132 'eorum'qua:
588 5063 645 5116 in
681 5061 1000 5116 Mauricium
1038 5075 1101 5115 ac
1142 5060 1623 5132 MauriciiAliberos
1654 5078 1807 5117 com-

219 5130 471 5197 miserat,
498 5134 795 5188 facinorum
828 5144 1020 5201 pinnas
1046 5138 1316 5201 repeteret
1342 5147 1356 5183 :
1386 5130 1686 5201 Crispoque
1715 5132 1811 5187 ab-

218 5211 462 5267 nuente,
506 5204 724 5258 tandem
765 5198 1146 5271 imperatorem
1202 5198 1525 5255 Heraclium'
1549 5198 1810 5258 asenatu

216 5271 526 5354 populoque
553 5272 949 5354 progamatum
979 5285 1121 5341 esse,
1156 5278 1211 5329 et
1230 5286 1261 5327 a
1296 5271 1609 5343 patriarcha
1635 5272 1793 5326 co'ro-

214 5352 430 5397 natum.

1979 4785 2101 4856 (98),
2121 4775 2554 4856 Ἀρχιϐᾳσιλέα.
2584 4773 2795 4856 Quippe
2826 4786 2922 4826 rex
2965 4768 3250 4856 Persarum
3286 4785 3380 4824 rea:
3410 4785 3487 4856 re:

1910 4839 2033 4927 guilt
2074 4839 2860 4927 linscri'bebatur,.quod'
2918 4839 3353 4927 Projincjafum’
3390 4839 3488 4927 ’γει

1910 4908 2072 4980 Etim
2103 4923 2379 4977 civitatum
2425 4908 2968 4985 maio-rumqrectorés
3010 4908 3248 4985 βασιλες
3288 4908 3485 4979 pariter

1904 4978 2233 5057 (licerentur,
2282 4989 2374 5058 qui
2423 4978 2528 5040 iis'
2543 4983 2801 5058 omnibus
2855 4978 3155 5058 imperabat
3202 4978 3488 5058 Persarum

1905 5048 2021 5129 rei,
2051 5079 2113 5118 ea
2142 5048 2405 5129 de'ca'usa
2428 5054 2585 5129 regis
2630 5048 3011 5129 regum‘titulo
3047 5050 3207 5129 vulgo
3247 5048 3483 5129 donabat

1909 5118 2021 5197 tur,
2046 5141 2103 5186 ut
2135 5141 2221 5186 est
2252 5128 2393 5198 apud
2427 5118 2890 5198 Bi‘ﬁzsoniuln,__pe
2916 5135 3073 5198 regno
3103 5118 3407 5186 Persarum,
3435 5126 3486 5174 et

1907 5205 1962 5258 in
1994 5189 2486 5257 liissertatfnostra
2517 5195 2585 5249 ad
2613 5191 2939 5255 Joinvillam,
2973 5189 3065 5244 27.

1975 5268 2088 5341 (99)
2126 5268 2307 5324 Τοῦτο
2336 5268 2467 5338 γάρ.
2508 5268 2747 5323 llolstcn.
2777 5266 2972 5318 ταῦτα.

1516 5461 1752 5521 VARUS
1780 5458 2183 5518 LECTIONES.

289 5559 336 5593 “
363 5560 424 5632 δὲ
451 5574 566 5632 oin.
596 5562 655 5616 P.
731 5563 777 5596 ⁸⁷
808 5565 890 5620 ὅτι
920 5562 982 5620 Ρ.
1064 5563 1109 5596 ⁸⁸
1142 5563 1303 5619 αὐτὸν
1347 5561 1413 5620 Β.
1493 5563 1537 5596 ⁶⁹
1571 5564 1639 5618 τὰ
1671 5580 1782 5619 om.

1905 5606 1906 5611 η
1986 5561 2030 5593 ⁷ο
2073 5560 2219 5632 ἡμᾶς
2254 5587 2322 5597 -
2358 5558 2744 5629 θαρρήσαντας
2809 5555 2925 5613 RV.
3004 5556 3043 5588 '“
3079 5550 3375 5623 σύγγελλον
3409 5550 3475 5610 Ρ.

218 5630 269 5668 ’⁸
294 5630 457 5685 τοῦτο
479 5630 544 5688 Ρ.
972 5654 973 5661 η
