3872 6344
487 231 591 292 995

1679 228 2116 288 CHRONICON
2167 230 2572 291 PASCHALE.

3679 241 3769 310 9ἷῦ

483 343 548 412 τῇ
579 341 686 395 τῶν
740 341 993 413 πολέμων
1053 339 1392 412 ἀνδραγαθίᾳ
1453 342 1549 395 καὶ⁸
1611 342 1704 395 ἐπὶ
1765 344 1833 412 τῇ
1915 341 2094 412 δωρεᾷ
2147 342 2246 411 τῆς
2284 343 2526 415 εἰρήνης.
2590 343 2700 398 Καὶ
2765 346 2927 416 ἡμεῖς
3002 346 3189 401 λοιπὸν
3240 347 3340 418 τῆς
3388 349 3640 424 ἡσυχίας
3688 353 3765 409 διὰ

485 430 595 486 τῶι
654 434 941 506 ὑμετέρων
1001 432 1488 504 ἀειμνημονεύτων
1546 431 1766 506 δωρεῶν
1822 434 1882 485 ὲν
1943 433 2242 488 ἀπολαύσει
2294 436 2576 507 γινόμεθα,
2640 437 2832 509 καιρὸν
2873 437 3246 510 λαμϐάνοντες
3306 441 3404 506 τὰς
3461 442 3616 514 ὑπὲρ
3676 449 3761 516 τῆς

489 531 759 601 ὑμετέρας
787 529 1143 601 πολυχρονίου
1203 529 1437 592 εὐζωΐας
1466 531 1542 600 τῷ
1565 527 1685 599 Θεῷ
1751 531 2126 598 προσαγαγεῖν
2159 531 2344 602 εὐχὰς,
2375 531 2759 605 ἁληθάργητον
2809 537 2889 599 εις
2925 534 3132 599 αἰῶνας
3186 537 3287 607 τῆς
3323 535 3762 608 Ῥωμαῖκῆςτιοε

487 625 689 689 λιτείας
722 627 820 696 τὴν
851 627 1121 698 ὑμετέραν
1145 625 1464 698 εὐεργεσίαν
1488 623 1724 695 ἔχοντες.
1764 641 1782 675 ι

487 740 554 796 Α.
586 740 652 796 C.

949 829 1270 888 CCCXLIX
1316 829 1616 899 Olympias.

558 921 680 976 616.
721 921 866 992 (A.a
913 920 984 976 Μ.
1029 921 1091 974 (ἰ.
1139 921 1322 986 6124.)
1373 936 1445 974 v1.
1501 917 1616 973 Ind.
1685 933 1760 972 IV.

487 1005 610 1064 Ind.
645 1009 770 1063 l’ost
813 1025 964 1064 cons.
1025 1008 1255 1063 lleraclii
1306 1007 1534 1078 Augusﬁ
1573 1006 1637 1060 V.
1803 1005 1858 1060 4.

561 1099 626 1154 Et
669 1101 738 1155 ab
773 1102 890 1170 ipso
935 1117 1045 1154 xxu
1099 1100 1186 1154 die
1234 1099 1440 1153 mensis
1483 1097 1764 1162 Januarii,
1801 1095 2079 1160 scribitur,

491 1192 706 1258 Imperii
746 1191 977 1245 Heraclii
1007 1191 1141 1245 Novi
1168 1189 1498 1245 Constantini
1531 1204 1670 1241 anno
1700 1205 1772 1242 iv.

560 1325 606 1380 Α
638 1325 838 1390 Christi
871 1325 1082 1378 Domini
1117 1325 1417 1386 nativitate,
1437 1337 1610 1392 usque
1639 1323 1705 1376 ad
1769 1323 1916 1376 hunc
1946 1337 2080 1377 eon-

399 1448 406 1456 -
491 1415 757 1478 sulatum,
799 1415 973 1468 exacti
1031 1425 1160 1468 sunt
1205 1415 1336 1467 anni
1365 1429 1556 1476 ccxxx,
1598 1420 1654 1466 et
1698 1414 1864 1482 ccepit
1907 1428 2083 1468 annus

491 1520 649 1559 ncxx.
686 1505 764 1558 Ex
817 1505 904 1558 his
934 1520 1104 1573 usque
1137 1504 1205 1558 ad
1257 1504 1376 1572 ejus
1423 1502 1730 1572 passionem
1788 1503 2082 1560 subtractis

491 1596 650 1648 annis
705 1610 876 1648 χχχιιι
919 1636 932 1660 ,
1001 1603 1210 1648 restant
1257 1595 1387 1648 anni
1441 1609 1698 1648 anxxw.
1755 1592 1896 1664 Ergo
1953 1603 2080 1649 ante

493 1701 726 1740 nuxxvr
774 1701 981 1750 annos,
1040 1687 1250 1740 mensis
1307 1685 1533 1738 Martius
1593 1685 1726 1740 feria
1774 1703 1808 1740 γ
1857 1687 2078 1755 incepit.

495 1775 626 1829 Nam
653 1793 880 1832 anxxw
913 1776 1071 1830 annis
1103 1777 1238 1831 adde
1277 1777 1607 1844 hissextiles,
1641 1777 1745 1830 hoc
1773 1784 1858 1830 est
1878 1793 2076 1842 CXLVII,

493 1869 622 1937 quia
687 1867 848 1921 modo
902 1867 1178 1922 bissextus
1244 1866 1451 1932 instat,
1506 1867 1592 1920 his
1663 1867 1895 1942 additis,
1949 1867 2082 1923 ﬁent

495 1971 781 2011 cccxxxm.
829 1957 1017 2025 Abjice
1052 1971 1117 2009 ex
1149 1956 1236 2010 his
1279 1956 1484 2024 septies
1519 1970 1624 2022 Civ,
1675 1955 1946 2025 reliquum
1976 1957 2081 2012 erit

496 2065 548 2100 ν.
583 2047 820 2102 Numera
848 2065 880 2103 ν
912 2064 940 2101 a
968 2063 1001 2102 ν
1033 2048 1200 2114 feria,
1234 2057 1291 2103 et
1315 2047 1533 2102 desines
1559 2048 1616 2102 in
1648 2047 1784 2102 fer'ia
1815 2065 1890 2115 ιι,
1927 2049 2072 2119 quod

494 2139 566 2192 ita
589 2148 691 2193 est.
713 2139 937 2194 Martius
961 2139 1106 2192 enim
1133 2139 1427 2193 inchoante
1455 2155 1507 2192 iv
1524 2138 1850 2207 indictione,
1882 2140 2072 2211 incipit

496 2229 851 2284 hebdomadis
877 2228 1012 2284 feria
1043 2244 1106 2283 ιι.

562 2489 802 2544 Rursum
837 2490 884 2545 si
916 2506 1007 2544 xxx
1032 2505 1302 2545 annorum
1327 2490 1463 2562 cycli
1495 2491 1826 2549 indictiones
1855 2509 2068 2564 quiera~

459 2615 462 2618 -
491 2598 648 2648 mus,
675 2583 1016 2638 inveniemus
1044 2592 1171 2637 ante
1202 2600 1432 2638 anxxw
1463 2599 1636 2640 annos
1659 2626 1674 2650 ,
1711 2587 1815 2640 hoc
1846 2596 1932 2641 est
1961 2604 2070 2643 xxx

491 2671 672 2740 cyclos
695 2709 709 2734 ,
740 2687 828 2736 x1,
863 2686 984 2725 esse
1033 2671 1424 2736 indictionem;
1461 2688 1516 2726 xi
1545 2673 1692 2726 enim
1723 2675 1792 2728 ad
1835 2691 1888 2728 xi
1917 2675 2068 2729 colli-

491 2772 627 2834 gunt
673 2779 856 2818 anxi.
905 2764 1317 2832 Relinquantur
1356 2767 1499 2820 enim
1557 2784 1663 2834 xv,
1709 2784 1906 2838 nempe
1956 2787 2064 2837 xu,

491 2871 624 2922 xm,
655 2872 766 2917 xiv,
818 2872 918 2920 xv,
969 2872 1084 2922 xw,
1119 2875 1228 2912 xm
1253 2901 1269 2923 ,
1308 2873 1476 2920 xvm,
1504 2875 1623 2923 x1x,
1659 2875 1712 2922 ι,
1749 2877 1822 2927 ιι,
1853 2877 1946 2926 ιιι,
1991 2879 2064 2928 ιν,

492 2962 524 3000 v
545 2987 558 3009 ,
591 2963 644 3000 γι
668 2987 683 3010 ,
713 2963 809 3001 vu.
840 2946 969 3001 Hinc
998 2949 1142 3002 enim
1175 2965 1322 3003 nunc
1367 2957 1469 3003 est.
1516 2949 1877 3006 Numerantes
1906 2952 2068 3023 igitur

492 3047 620 3093 ante
655 3055 884 3093 ntxxxv:
934 3055 1108 3094 annos
1137 3041 1320 3094 lunam
1343 3083 1358 3106 ,
1387 3041 1692 3110 reperimus
1742 3043 1886 3097 illam
1933 3061 2067 3101 xxm

491 3129 584 3183 die
621 3130 797 3183 Martii
834 3131 976 3184 illius
1008 3147 1128 3199 qua:
1161 3128 1277 3186 erat
1310 3132 1364 3185 in
1397 3134 1505 3187 .die
1552 3133 1911 3199 Parasceves,
1945 3151 2067 3192 esse

489 3235 606 3281 xw,
640 3230 698 3274 ut
728 3230 873 3275 esset
903 3219 1106 3275 Pascha
1137 3222 1445 3276 Judaeorum
1465 3264 1480 3286 ,
1501 3239 1624 3278 cum
1659 3225 1924 3279 Dominus
1951 3241 2069 3296 pas-

489 3328 581 3368 sus
609 3321 718 3376 est,
755 3329 786 3367 a
820 3329 1045 3384 vespera
1073 3315 1423 3371 Parasceves.
1455 3315 1776 3372 Resurrexit
1806 3317 2067 3374 Dominus

1788 734 1896 808 [01.
1928 735 2076 808 Ipb.]
2107 740 2156 798 A

2725 825 2851 894 τμθ⁹
2885 825 3232 896 Ὀλυμπιάς.

2267 919 2386 974 Ἰνδ.
2441 918 2506 974 δ’.
2559 925 2636 984 ς’.
2708 918 2846 988 μετὰ
2912 919 3006 973 ὑπ.
3065 917 3392 990 Ἡρακλείου
3448 921 3763 990 Αὐγούστου

2180 1012 2242 1064 τὺ
2295 1019 2354 1066 ε’.

2253 1106 2365 1158 Καὶ
2408 1105 2517 1160 ἀπὸ
2559 1105 2644 1176 κβ¹
2675 1105 2773 1159 καὶ
2831 1105 3005 1175 αὐτῆς
3054 1104 3151 1159 τοῦ
3204 1105 3547 1178 Ἰανουαρίου
3607 1108 3763 1178 μηνὸς

2181 1197 2482 1266 γράφεται·
2527 1196 2642 1266 Τῆς
2671 1197 2997 1262 βασιλείας
3031 1195 3379 1265 Ἡρακλείου
3416 1196 3582 1250 Νέου
3610 1202 3756 1252 Κων-

2181 1289 2509 1343 σταντίνου
2535 1290 2673 1354 ἔτος
2699 1288 2747 1319 ⁷³
2777 1285 2849 1346 δ’.

2265 1380 2399 1433 Ἀπὸ
2433 1380 2534 1452 τῆς
2565 1380 2875 1449 γεννήσεως
2927 1377 3023 1431 τοῦ
3060 1379 3334 1432 Δεσπότου
3391 1375 3638 1450 Χριστοῦ
3667 1377 3758 1438 ἕως

2181 1470 2386 1540 ταύτης
2432 1470 2533 1540 τῆς
2585 1469 2850 1534 ὑπατείας
2895 1469 3297 1540 ἐπληρώθησαν
3332 1469 3430 1540 ἔτη
3457 1469 3508 1500 ⁷⁸
3536 1469 3645 1538 χιθ¹
3677 1471 3758 1520 καὶ

2180 1559 2416 1632 ἤρξαντο
2443 1561 2513 1614 τὰ
2543 1558 2648 1630 χκ’.
2667 1561 2764 1614 Ἐκ
2785 1560 2994 1613 τούτων
3023 1559 3367 1632 ἐξαιρῶνται.
3390 1561 3459 1613 τὰ
3484 1560 3652 1629 μέχρι
3673 1559 3756 1628 τῆς

2185 1649 2554 1722 σταυρώσεως
2619 1649 2782 1702 αὑτοῦ
2814 1649 2912 1718 ἐτη
2958 1650 3006 1682 ⁷⁸
3036 1647 3140 1718 λγ’,
3193 1651 3287 1703 καὶ
3337 1648 3752 1702 καταλείπονται

2181 1742 2340 1811 φπς’.
2374 1741 2486 1812 Πρὸ
2521 1747 2574 1812 φ’
2595 1742 2778 1796 τοίνυν
2819 1739 2918 1806 πς¹
2946 1740 3208 1794 ἐνιαυτῶν
3239 1739 3490 1809 εἰσῆλθεν
3532 1741 3564 1791 ὁ
3612 1740 3758 1807 Μάρον

2177 1849 2294 1896 τιος
2331 1832 2438 1904 μὴν
2472 1834 2530 1886 ὲν
2565 1833 2750 1904 ἡμέρᾳ
2777 1829 2816 1884 ε’
2851 1849 2864 1861 ·
2902 1835 3016 1895 τοῖς
3059 1831 3171 1901 γὰρ
3222 1831 3360 1901 φπς⁹
3398 1831 3647 1901 πρόσθες
3695 1829 3755 1881 τὰ

2181 1921 2424 1992 βίσεξτα,
2457 1922 2616 1976 τοῦτό
2666 1923 2814 1975 ἐστιν
2843 1920 2988 1993 ρμξ,
3020 1923 3109 1976 διὰ
3139 1923 3201 1974 τὸ
3230 1921 3324 1974 νῦν
3359 1922 3406 1952 ⁷⁵
3436 1923 3518 1990 (1)
3555 1923 3754 1973 ἐπικεῖ-

2124 2077 2126 2080 _
2180 2013 2305 2067 σθαι
2345 2012 2608 2084 βίσεξτον,
2654 2013 2894 2082 γίνονται
2922 2010 3064 2082 ψλγ’.
3099 2011 3277 2066 Ἐκϐα
3311 2013 3357 2044 ⁷⁸
3391 2011 3605 2064 τούτων
3633 2011 3690 2061 τὸ
3716 2009 3751 2071 ζ’

2103 2087 2145 2142 Β
2181 2103 2275 2176 ρδ’,
2303 2104 2489 2159 λοιπὸν
2540 2105 2582 2158 ε’
2608 2124 2624 2141 ο
2653 2105 2958 2177 ἁρίθμησον
2983 2104 3023 2160 ε’
3047 2106 3155 2159 ἀπὸ
3180 2107 3279 2176 τῆς
3312 2104 3353 2158 ε’
3382 2105 3630 2174 ἡμέρας,
3669 2102 3751 2153 καὶ

2177 2199 2513 2270 καταλήγεις
2541 2201 2623 2263 εἰς
2667 2199 2950 2271 δευτέραν,
2984 2200 3012 2252 ὃ
3043 2199 3138 2253 καὶ
3171 2198 3349 2251 ἔστιν·
3385 2200 3413 2251 ὁ
3453 2197 3573 2266 γὰρ
3607 2195 3748 2262 Μὰρ·

2176 2307 2290 2354 τιος
2322 2291 2425 2360 τῆς
2453 2290 2759 2362 ἐνεστώσης
2785 2291 2827 2343 δ’
2853 2290 3183 2354 ίνδικτιῶνος
3213 2290 3526 2359 εἰσέρχεται
3557 2290 3615 2340 ἐν
3645 2285 3750 2337 δεν-

2175 2384 2310 2454 τέριι
2334 2384 2410 2454 (2)
2438 2384 2538 2454 τῆς
2572 2384 2865 2453 ἑϐδομάδος
2890 2385 3100 2454 mem.

2247 2476 2419 2529 Πάλιν
2477 2477 2577 2540 τὰς
2623 2478 2724 2548 τῆς
2757 2475 3355 2546 ὲννεκαιδεκαετηρίδος
3382 2475 3426 2506 ⁷⁷
3464 2465 3743 2544 ζητοῦντες

2175 2569 2326 2622 ὲπινε
2337 2571 2532 2640 μήσεις
2547 2569 2871 2644 εὑρίσκομεν
2895 2569 3000 2640 πρὸ
3020 2566 3156 2639 φπς’
3175 2567 3460 2634 ἐνιαυτῶν,
3482 2565 3739 2621 τουτέστιν

2177 2757 2398 2826 συνάγει
2422 2763 2576 2827 φοα¹³
2607 2756 2793 2810 λοιπὸν
2825 2754 2912 2826 ιβ’,
2944 2753 3034 2824 ιγ’,
3065 2755 3144 2821 ιδ’,
3177 2761 3261 2820 ιε’,
3295 2760 3392 2819 ις’,
3430 2752 3516 2818 ιζ’,
3542 2759 3629 2821 ιη’,
3663 2751 3736 2812 ιϐ’,

2173 2847 2244 2914 α’,
2271 2849 2336 2919 β’,
2368 2849 2440 2919 γ’,
2468 2851 2533 2916 δ’,
2561 2857 2622 2916 ε’,
2667 2857 2742 2915 ς’,
2779 2847 2845 2914 ζ’.
2902 2849 3051 2918 Αὕτη
3114 2847 3224 2919 γὰρ
3281 2849 3377 2900 νῦν
3439 2846 3732 2910 ἐνέστηκεν.

2173 2943 2516 3013 Ψηφίςοντες
2542 2937 2634 2996 οὖν
2665 2943 2770 3014 πρὸ
2795 2939 2932 3010 φπς¹
2956 2941 3092 2994 ἐτῶν
3119 2942 3220 3011 τὴν
3245 2940 3481 3010 σελήνην
3503 2937 3734 3007 εὑρίσκο-

2177 3053 2278 3105 μεν
2306 3035 2473 3106 αὐτὴν
2501 3038 2566 3106 τῇ
2599 3033 2684 3104 κγ’
2714 3034 2806 3088 τοῦ
2857 3033 3104 3104 Μαρτίου
3157 3033 3329 3105 μηνὸς
3365 3033 3598 3094 ἐκείνου,
3625 3030 3732 3098 ἥτις

2171 3123 2239 3198 ἦν
2277 3130 2334 3180 ἐν
2363 3129 2545 3200 ἡμέρᾳ
2576 3131 2927 3199 Παρασκευῇ,
2961 3127 3190 3198 ἔχουσαν
3224 3124 3307 3191 ιδ’,
3348 3123 3411 3191 ε’,
3436 3125 3511 3185 ὡς
3532 3119 3664 3176 εἶναι
3685 3119 3732 3170 τὸ

2173 3223 2366 3293 Πάσχα
2387 3223 2495 3276 τῶν
2539 3223 2830 3288 Ἰουδαίων,
2861 3223 2948 3275 ὅτε
2982 3223 3010 3273 ὁ
3037 3217 3241 3290 Κύριος
3276 3212 3728 3289 ἐσταυρώθη,ἀπὺ

2173 3317 2412 3386 ἑσπέρας
2440 3318 2539 3389 τῆς
2573 3317 2961 3387 Παρασκευῆς.
3028 3315 3254 3383 Ἀνέστη
3319 3311 3379 3365 δὲ
3429 3311 3630 3380 Κύριος
3670 3306 3726 3373 τῇ

486 3405 684 3460 deinde
719 3405 992 3460 Dominica
1034 3407 1120 3460 die
1142 3447 1156 3471 ,
1192 3423 1313 3476 quae
1343 3408 1398 3461 in
1431 3425 1544 3462 xxii
1594 3409 1791 3464 incidit
1819 3410 2065 3478 ejusdem

2184 3412 2369 3481 ἑφεξῆς
2400 3413 2674 3484 Κυριακῇ,
2707 3411 2830 3481 ἥτις
2857 3406 2924 3480 ἦν
2951 3415 3026 3463 κε’
3048 3407 3142 3462 τοῦ
3175 3405 3344 3460 αὑτοῦ
3368 3403 3609 3475 Μαρτίου
3633 3416 3725 3495 pa:

488 3496 679 3550 Martii.
713 3496 1025 3551 Concinunt
1067 3509 1247 3553 autem
1279 3515 1400 3568 qua:
1449 3516 1482 3555 a
1526 3501 1736 3573 magnis
1766 3502 1896 3557 viris
1943 3511 2066 3558 acta

484 3597 611 3640 sunt
643 3589 698 3640 in
727 3589 1080 3643 luminarium
1115 3592 1524 3660 supputatione.

483 3763 548 3817 A.
581 3763 642 3818 C.

551 3856 674 3910 617.
715 3873 808 3911 vn.
854 3856 974 3911 Ind.
1026 3873 1080 3913 ν.
1138 3855 1266 3913 Post
1307 3873 1459 3914 cons.
1505 3855 1742 3915 Heraclii

488 3949 716 4014 Augusti
746 3949 833 4006 Vl.

553 4039 618 4092 Et
663 4040 730 4093 ab
779 4041 894 4108 ipso
943 4039 1033 4095 die
1081 4056 1192 4095 xxn
1246 4039 1511 4107 Januarii,
1567 4042 1756 4099 scribi-

481 4139 598 4194 tur,
650 4130 868 4201 lmperii
927 4131 1161 4187 Heraclii
1230 4135 1365 4189 Novi
1408 4133 1751 4202 Constantini

479 4238 616 4275 anno
647 4241 696 4278 γ.

1756 3768 1862 3841 [οι.
1915 3769 2063 3843 lph.]

1794 3952 1845 4005 1.
1899 3951 2025 4008 544.

2174 3503 2284 3564 νός.
2317 3501 2541 3572 Συνᾲδει
2571 3500 2628 3554 δὲ
2648 3502 2822 3554 ταῦτα
2843 3499 2938 3554 καὶ
2967 3499 3038 3552 τὰ
3079 3496 3498 3568 προσταττόμενα
3522 3492 3570 3525 ⁷⁸
3595 3486 3726 3557 πειρά

2171 3594 2282 3646 τῶν
2312 3593 2605 3664 ἀξιολόγων
2633 3593 2843 3666 ἀνδρῶν
2881 3594 2940 3646 ὲν
2973 3595 3042 3664 τῇ
3088 3589 3199 3645 τῶν
3223 3589 3528 3660 φωστήρων
3568 3584 3722 3653 ψηφο·
3818 3599 3819 3602 ‘

2174 3685 2362 3758 φορίᾳ.

2255 3865 2374 3920 ’ἰνδ.
2433 3871 2494 3918 ε’.
2546 3861 2612 3928 ζ’.
2679 3861 2818 3934 μετὰ
2874 3861 2972 3917 ὑπ.
3011 3853 3014 3856 ί
3049 3857 3372 3931 Ἡρακλείου
3435 3851 3717 3923 Αὐγούστου

2170 3951 2232 4004 τὸ
2277 3949 2352 4006 ς’.
3295 3959 3298 3962 ’

2237 3970 2347 4097 Κῖὶ
2381 4044 2490 4098 ἀπὸ
2517 4043 2600 4115 κβ¹
2627 4045 2671 4077 ⁷³
2701 4044 2796 4097 καὶ
2845 4041 3016 4112 αὐτῆς
3048 4040 3142 4094 τοῦ
3203 4038 3538 4107 Ἰανουαρίου
3575 4029 3717 4104 μηνὸς

2173 4135 2476 4206 γράφεται·
2522 4134 2634 4202 Τῆς
2681 4135 2845 4207 389
2897 4132 3226 4200 βασιλείας
3263 4131 3340 4204 (Α)
3399 4125 3712 4198 Ἡρακλείου

2173 4229 2325 4282 Νέου
2352 4230 2809 4283 Κωνσταντίνου
2839 4227 2975 4292 ἔτος
3005 4225 3050 4257 ⁸⁸
3079 4231 3144 4279 ε’.

1783 4401 2112 4461 DUCANGII
2153 4401 2379 4460 ΝΟΤᾸΕ.

543 4584 616 4650 (ι)
657 4583 760 4636 Διὰ
790 4583 854 4634 τὸ
889 4583 1024 4636 νῦν.
1077 4583 1165 4636 Sic
1195 4581 1604 4654 emendavimus
1635 4597 1702 4638 ex
1744 4581 2046 4650 llolstenio,
2080 4587 2124 4643 D
2154 4585 2258 4639 hoc
2289 4581 2404 4654 ipso
2436 4601 2599 4649 anno,
2645 4584 2882 4640 Januarii
2920 4599 2933 4637 ι
2961 4583 3079 4654 die,
3118 4577 3306 4654 indict.
3333 4598 3386 4643 γ,
3419 4577 3597 4632 iniisse

471 4667 592 4705 cum
627 4669 786 4721 prave
821 4661 963 4706 esset
999 4655 1221 4714 editum,
1245 4653 1330 4705 διὰ
1358 4653 1558 4708 τοίνυν.

541 4725 616 4790 (:2)
659 4723 1002 4790 Εἱσέρχεται
1029 4725 1097 4776 ἐν
1117 4724 1382 4790 δευτέρᾳ.
1413 4722 1526 4776 Hoc
1559 4737 1702 4776 anno
1738 4722 1918 4779 littera
1952 4723 2057 4780 D0-

467 4791 735 4846 minicalis
760 4805 875 4845 erat
906 4792 1008 4849 DC.

537 4865 609 4931 (5)
651 4870 721 4914 ια’
742 4859 936 4916 οὖσαν
961 4861 1315 4914 ινδικτιῶνα.
1342 4860 1397 4914 Id
1422 4869 1504 4914 est
1528 4862 1735 4932 cyclum
1769 4863 2050 4919 lunarem:

467 4947 590 4985 nam
621 4949 742 4987 cum
774 4948 962 5001 passus
991 4941 1073 4986 est
1104 4933 1372 4992 Christus,
1406 4939 1520 4984 erat
1553 4933 1732 5002 cyclus
1766 4950 1839 4998 x1,
1869 4944 1928 4987 ut
1957 4950 2053 4987 au-

465 5012 580 5079 ctor
624 5020 786 5072 supra
816 5003 1052 5074 scripsit,
1090 5003 1213 5056 licet
1255 5017 1443 5056 revera
1479 5011 1622 5056 esset
1669 5011 1781 5056 tum
1822 5019 1874 5056 x.
1910 5003 2055 5058 llau-

467 5081 631 5124 tinus.

537 5142 610 5206 (4)
652 5141 951 5210 Γράφεται
998 5143 1121 5206 ταῖς
1143 5141 1498 5206 βασιλείαις.
1548 5142 1701 5195 Nulla
1731 5141 1952 5206 scilicet,
1986 5159 2050 5197 ac

466 5209 742 5279 deinceps,
783 5209 1016 5280 ascripta
1053 5214 1364 5266 consulatus
1411 5223 1532 5264 nota
1566 5211 1849 5274 numerali,
1887 5229 2048 5282 quem

2153 4672 2278 4711 vum
2300 4644 2715 4710 Constantinum
2744 4654 2933 4708 scribit
2957 4650 3340 4718 Theophanes,
3371 4659 3425 4702 et
3452 4665 3518 4702 ex
3545 4664 3605 4700 eo
3628 4644 3713 4696 Cc-

2153 4727 2354 4780 drenus
2400 4736 2456 4779 et
2487 4725 2718 4796 Symeon
2759 4724 3074 4792 Logothcta.
3107 4726 3178 4772 At
3221 4720 3349 4796 licet
3389 4720 3565 4796 minus
3595 4730 3710 4782 pru—

2153 4796 2331 4850 hahile
2360 4789 2542 4849 videri
2562 4795 2732 4864 possit
2760 4789 3111 4864 scriptorem,
3155 4790 3247 4864 qui
3293 4791 3396 4843 hac
3437 4789 3570 4864 ipsa_
3593 4797 3707 4864 ten;-

2154 4871 2363 4936 pestatc
2387 4867 2537 4927 vixit,
2562 4857 2724 4919 silere
2745 4857 3017 4936 debuisse,
3042 4857 3308 4936 siquidem
3336 4857 3704 4936 vernn-infuerit.

2154 4925 2568 4989 Constantinum
2605 4935 2886 5006 consulem
2919 4934 3022 4985 hoc
3054 4925 3198 5006 anno
3227 4931 3430 4983 dictum
3455 4945 3467 4979 :
3497 4925 3616 5006 illud

2155 5021 2278 5058 men
2313 5007 2488 5073 ipsum
2530 5015 2774 5058 astruere
2804 5003 3015 5073 videtur
3045 5000 3279 5073 ascripta
3319 5000 3572 5073 temporis
3601 5001 3703 5073 uota

2157 5062 2380 5138 Honorii
2422 5090 2574 5144 papze
2603 5075 2844 5144 epistolae
2867 5073 2934 5144 ad
2963 5062 3259 5144 Honorium
3295 5062 3597 5144 episcopum
3623 5062 3704 5112 D0-

2157 5136 2570 5216 roverncn'sein,
2602 5136 2973 5216 apud_Bedam
3017 5143 3074 5194 in
3116 5140 3252 5216 Hist.
3302 5136 3496 5216 Angl.,_
3521 5136 3696 5216 ,ιιιιηιιι

2152 5225 2269 5279 Cap.
2303 5214 2388 5274 i7.
2431 5215 2563 5269 edit.
2613 5207 2983 5277 Chitlletianaa,
3025 5225 3146 5280 qua
3192 5210 3344 5263 hisee
3387 5207 3560 5261 verbis
3593 5214 3699 5256 eon-

1761 5413 1995 5470 VARUE
2034 5410 2329 5472 LECTION
2341 5415 2440 5471 ES.

421 5579 430 5588 ⁸
529 5594 838 5678 ῖχξτουςῄίξ.
918 5596 963 5627 ⁷⁸
984 5596 1092 5678 ξτη
1113 5611 1223 5654 om.
1253 5598 1314 5655 P.
1390 5600 1435 5632 "
1456 5599 1542 5654 διὰ
1561 5601 1742 5655 τοίνυν
1780 5603 1843 5656 Il.
1924 5603 1968 5634 "
1993 5603 2186 5658 ἔκϐαλε
2220 5606 2286 5678 Ρ.
2365 5607 2409 5637 ’⁷
2447 5607 2513 5659 ιο¹
2539 5605 2783 5676 ὲτηρὲδος
2810 5607 2872 5662 Ρ.
2952 5607 2998 5641 ’⁸
3030 5608 3385 5678 πραττόμενα
3410 5607 3472 5663 Ρ.
3552 5601 3686 5671 "1F-

462 5673 541 5719 κλ¹
585 5668 642 5722 ν.

723 5669 768 5698 ⁸ο
800 5667 951 5732 ἔτους
983 5667 1043 5722 Ρ.
