1936 3172
116 169 190 205 1117

727 172 911 205 CHRONICI
927 172 1144 205 PASCHALIS.

1685 178 1754 211 1118

114 236 198 268 gem.
208 228 270 268 lj‘uit
291 229 461 268 temporibus
476 229 637 268 Vespasiani
653 234 680 258 et
693 229 762 268 _’I_‘_i-ti.
787 230 909 268 et_initi_0
923 230 947 259 Δ
960 234 1023 268 post
1036 230 1088 258 hoc
1103 230 1295 268 Centumcellis
1309 232 1425 266 expulsi.
1455 232 1493 259 lbi
1510 240 1571 259 cum
1587 232 1669 268 gloria
1686 235 1753 262 dor-

114 263 279 297 Domitiani,
294 272 310 291 a
332 263 493 293 consulibus
511 263 679 300 Vespasiano
693 264 753 293 VIII
774 270 802 293 et
817 265 910 293 Domi-

116 301 198 334 tiano
212 300 245 330 V,
261 306 348 334 usque
364 299 519 327 Domitiano
529 299 609 328 IX’et
618 300 699 328 Rufo.

154 333 397 361 Anacletus'annis
410 335 564 367 duodecim,
579 336 721 363 mensibus
731 335 836 367 decem.
851 334 911 363 die-
929 343 935 350 '

114 367 172 403 bus
191 369 289 395 tribus.
305 369 368 396 Fuit
383 370 554 403 temporibus
575 370 734 403 Domitiani,
751 378 766 397 a
790 371 911 398 consuli-

112 402 341 440 busADomitiano
357 404 380 431 Χ
393 410 422 433 et
436 402 549 439 Sabino,
563 413 651 440 usque
664 406 819 433 Domitiano
838 405 910 433 XVII

111 442 146 464 et
161 437 313 465 Clemente.

153 472 295 500 Evaristus
309 473 389 500 annis
407 474 548 508 tredecim,
562 475 704 503 mensibus
719 479 834 508 septem,
851 475 910 502 die-

111 506 299 544 busduobus.
315 508 378 544 [ait
391 506 560 544 temporibus
573 510 732 537 novissimis
750 506 908 542 Domitiani,

111 547 145 569 et
160 542 268 578 Nervae,
284 548 313 570 et
328 542 459 577 Trajani}
475 553 491 572 a
506 545 648 573 consulatu
663 545 785 573 Valentis
795 550 823 572 et
836 545 908 578 Veri,

110 584 204 611 usque
221 577 296 605 Gallo
310 583 338 605 et
357 578 472 606 Bradua.
819 597 821 599 -

149 613 306 649 Alexander
321 614 402 640 annis
426 619 542 649 septem,
563 615 703 643 mensibus
730 615 846 646 duobus,
865 615 910 642 die

112 654 183 683 uno.
201 646 267 683 Fuit
286 646 465 682 temporibus'
479 649 597 683 Traiani,
614 658 630 677 a
649 650 790 677 consulatu
811 650 909 678 Palma:

111 686 142 708 et
152 681 237 722 Iulli,
248 690 333 722 usque
343 681 458 722 Veliano
471 689 497 711 et
513 681 621 722 Vetere.

151 716 245 744 Sixtus
258 716 337 745 annis
359 719 463 750 decem,
479 719 619 746 mensibus
635 719 731 751 tribus.
753 719 849 747 diebus
866 720 909 747 vi-

110 751 183 788 ginti
201 760 265 781 uno.
278 752 340 780 Fuit
352 754 520 788 temporibus
535 754 658 785 Adriani.
673 762 688 781 a
702 755 843 782 consulatu
860 754 908 782 Ni—

112 786 203 823 griiet
219 787 382 822 Aproniani,
399 786 485 823 usque
502 789 574 816 Vero
587 789 622 816 III
634 793 662 816 et
675 790 831 816 Ambibulo.

156 822 341 858 Telesphorus
361 822 448 850 annis’
471 823 598 851 undecim
611 844 618 856 ,
647 824 787 851 mensibus
809 824 906 857 tribus,

111 858 214 887 diebus
227 858 324 885 tribus.
340 858 402 885 Fuit
416 858 585 893 temporibus
606 859 736 886 Antonini
752 859 874 892 Maerini,
892 868 907 886 a

960 264 1102 300 mitionem
1116 265 1232 300 accepit.

996 298 1096 326 Lucius
1110 298 1196 327 annos
1212 305 1278 332 tres,
1290 309 1399 328 menses
1415 306 1486 333 octo,
1502 302 1561 328 dies
1573 302 1676 329 decem.
1690 303 1751 331 Fuit

962 334 1226 371 temrporibusWGall’i
1252 340 1279 362 et
1293 335 1443 368 Volnsiani,
1462 345 1547 371 usque
1561 337 1704 363 Valeriano
1717 338 1750 365 Ill

961 369 1170 406 et_GaIIienoilI7.
1187 369 1235 406 Hic
1248 371 1323 406 exsul
1343 371 1402 403 fuit,
1417 377 1443 398 et
1459 369 1551 406 postea
1565 376 1632 397 until
1647 372 1691 398 Dei
1708 374 1749 399 in-

960 403 1075 439 colurnis
1100 405 1134 432 ad
1156 405 1302 432 Ecelesiam
1330 403 1465 433 reversns‘
1479 412 1529 439 est,
1557 407 1637 433 tertio
1660 408 1750 434 Nonas

961 437 1080 470 Martias,
1095 439 1252 467 consulibus
1267 440 1317 467 SS.

998 472 1153 509 Stephanus
1177 482 1264 501 annos
1278 481 1404 509 quatuor,
1425 484 1532 502 menses
1545 477 1622 505 duos.
1635 477 1692 503 dies
1708 478 1749 503 vi-

960 508 1028 543 ginti
1051 516 1146 544 unum.
1163 509 1226 544 Fuit
1245 508 1415 544 temporibus
1431 510 1565 537 Valeriani
1579 517 1605 538 et
1621 512 1746 543 Gallieni,

960 550 981 580 aA
1000 543 1301 580 conslilatu_Vqusiani
1328 550 1355 572 et
1378 545 1528 578 Maximini,
1558 554 1643 580 usque
1670 546 1749 573 Valc-

960 577 1037 605 riano
1055 578 1089 604 III
1102 582 1129 605 et
1143 578 1265 606 Gallieno
1278 579 1310 606 II.

996 612 1088 640 Sixtus
1108 613 1188 639 annis
1204 613 1321 645 duobus,
1335 614 1473 640 mensibus
1494 615 1630 645 undecim,
1651 616 1747 642 diebus

959 654 1017 673 sex.
1041 647 1129 682 Capit
1144 655 1158 674 a
1176 648 1317 675 consulatu
1344 647 1448 674 Maximi
1472 654 1498 675 et
1514 648 1677 678 Glabrionis.
1700 659 1747 676 ns-

959 689 1012 716 que
1033 681 1122 709 Tusco
1137 687 1164 709 et
1178 682 1270 714 Basso,
1290 688 1316 709 et
1343 689 1437 716 passus
1460 689 1499 710 est
1513 693 1559 710 \‘Ill
1579 684 1639 711 Idus
1659 686 1748 717 Angli-

959 717 1004 752 sti.
1025 724 1039 743 a
1057 717 1200 744 consulatu
1230 717 1309 744 Tusci
1332 722 1360 743 et
1382 718 1468 751 Bassi,
1496 719 1615 752 tisqllein
1640 720 1682 745 die
1709 728 1746 746 xli

959 750 1093 787 Kalendas
1107 752 1230 787 Augusti.
1245 752 1392 779 AEmiliano
1409 758 1434 779 ct
1450 753 1530 779 [lasso
1539 750 1709 780 consulibus.

993 786 1139 821 Dionysius
1154 786 1250 813 ’annis
1267 791 1337 817 octo,
1359 788 1498 814 mensibus
1521 789 1636 819 duobus,
1651 788 1746 816 diebus

958 826 1086 854 quatuor.
1102 821 1164 848 Fuit
1180 822 1347 856 temporibus
1359 822 1482 853 Gallieni.
1498 831 1530 849 ex
1546 823 1588 849 die
1603 823 1745 850 undecimo

958 856 1141 891 Kalendarum
1158 856 1283 891 Augusti,
1306 856 1452 884 [Emiliano
1475 862 1501 884 et
1524 858 1604 884 Basso
1627 858 1745 883 consuli—

112 893 262 921 eonsulatu
292 893 394 921 Titiani
421 897 449 921 et
470 890 611 927 Gallicani,
639 901 725 929 usque
750 890 908 922 Caesarelet
922 898 943 926 Β
959 890 1020 923 bus,
1039 898 1125 929 usque
1134 891 1173 929 in
1200 890 1271 929 diem
1297 891 1444 929 ﬁnitimum
1461 892 1594 919 Kalendas
1612 892 1745 925 Januarii,

110 929 241 955 Balbino.

259 963 380 999 Ilyginus
391 963 472 990 annis
484 963 637 999 duodecim,
654 963 794 991 mensibus
807 964 903 996 tribus,

110 998 213 1026 diebus
226 998 289 1027 sex.
299 999 361 1027 Fuit
378 998 546 1033 temporibus
561 998 634 1031 Veri,
652 1007 667 1025 a
686 1006 753 1025 cons
773 999 827 1026 latu
841 999 905 1027 Gal-

109 1033 196 1061 licani
212 1039 240 1061 et
252 1034 366 1064 Veteris.
384 1041 470 1068 usque
486 1033 623 1061 Praesente
635 1038 662 1061 et
679 1033 787 1061 Ruﬁno.

150 1069 217 1096 Pius
240 1069 320 1096 annis
333 1068 436 1103 viginti,
452 1069 593 1096 mensibus
606 1073 733 1103 quatuor.
750 1069 847 1096 diebus
862 1069 904 1096 vi-

108 1103 183 1165 ginti
204 1112 268 1145 uno:
289 1103 352 1131 Fuit
374 1103 542 1143 temporibus
558 1103 689 1130 Antonini
705 1103 755 1136 Pii,
772 1111 787 1130 a
799 1111 904 1144 consu-

141 1143 171 1165 tu
193 1138 265 1165 Clari
289 1143 316 1165 et
335 1138 439 1165 Severi.
456 1146 542 1165 usaue
564 1138 671 1165 duobus
691 1138 830 1165 Augustis.
847 1138 903 1165 Sub

141 1143 171 1165 tu
193 1138 265 1166 Clari
289 1143 316 1166 et
335 1138 439 1170 Severi,
456 1146 542 1173 usque
564 1138 671 1173 duobus
691 1138 830 1173 Augustis.
847 1138 903 1166 Sub

108 1173 198 1208 hujus
218 1174 383 1209 episcopatui
399 1173 482 1201 frater
498 1172 559 1209 ejus
581 1172 695 1200 lIermes
718 1172 817 1200 librum
833 1174 902 1201 scri-

107 1209 177 1243 psit,
194 1209 222 1236 in
236 1208 290 1243 quo
306 1208 460 1239 mandatur,
477 1208 687 1243 contineturque
704 1209 775 1243 quod
794 1208 818 1235 ei
834 1216 903 1243 prae—

106 1244 186 1280 cepit
203 1244 324 1280 angelus,
347 1251 409 1271 cum
428 1243 506 1271 venit
530 1243 564 1271 ad
591 1250 653 1270 eum
677 1243 704 1270 ili
732 1244 826 1271 habitu
852 1252 901 1278 pa-

106 1283 228 1341 sms‘roiér
238 1313 318 1345 annis
335 1321 443 1344 novem,
456 1312 598 1340 mensibus
610 1312 707 1344 tribus.
721 1313 817 1341 diebus
831 1314 901 1341 duo-

104 1347 174 1375 bus.
189 1349 249 1376 Fuit
268 1348 438 1383 temporibus
452 1348 582 1375 Antonini
593 1352 621 1383 et
634 1348 788 1380 Commodi.
802 1356 817 1375 a
833 1357 901 1376 con-

104 1384 200 1419 sulatu
212 1384 274 1411 Veri
285 1388 313 1411 et
326 1382 486 1419 Erennipni,
505 1390 592 1419 usque
608 1382 724 1419 Paterno
738 1388 765 1410 et
783 1383 898 1419 Bradua.

144 1418 238 1446 Victor
256 1419 336 1446 annis
361 1417 475 1450 nove‘m,
498 1417 638 1445 mensibus
661 1418 784 1448 duobus,
805 1418 900 1446 diebus

104 1452 216 1482 decem.
232 1455 253 1481 A
276 1454 418 1481 consulatu
438 1453 578 1480 Saturnini
590 1457 618 1480 et
631 1452 708 1485 Galli,
726 1461 811 1488 usque
828 1453 900 1481 Prie-

103 1494 187 1516 sente
198 1493 226 1516 et
242 1489 391 1517 Extricato.

144 1523 274 1551 Callistus
298 1531 385 1550 annos
406 1523 536 1557 quinque,
553 1530 661 1550 menses
682 1522 761 1553 duos.
778 1523 836 1550 dies
850 1523 899 1551 de-

957 926 1115 953 consulibus
1130 925 1243 953 Claudio
1255 930 1283 953 et
1297 925 1423 953 Paterno.

990 973 1067 1014 Felix
1086 972 1164 1013 annis
1180 972 1309 1014 quipquc.
1333 973 1471 1014 mensibus
1492 973 1629 1014 lindec-i‘m,
1647 973 1743 1014 diebus

955 1007 1050 1042 viginti
1070 1008 1200 1042 quinque.
1216 1007 1279 1042 Fuit
1299 1008 1465 1039 temporibus
1490 1007 1592 1035 Claudii
1612 1014 1639 1035 et
1655 1008 1744 1035 Aure-

954 1041 1018 1069 liani
1035 1051 1042 1069 :
1061 1041 1086 1069 a7
1102 1041 1244 1070 consulatu
1266 1041 1370 1069 Claudii
1396 1047 1423 1068 et
1450 1041 1577 1075 Paterni,
1603 1051 1689 1077 usque
1715 1044 1742 1070 in

955 1079 1127 1105 consulatum
1140 1077 1278 1104 Aureliani
1292 1077 1311 1102 ΙΙ
1327 1081 1354 1103 et
1368 1077 1525 1110 Capitolini.

989 1112 1177 1144 Eutychianus
1193 1112 1273 1138 annis
1287 1116 1358 1140 octo.
1375 1112 1516 1139 mensibus
1531 1112 1667 1144 undecim,
1685 1113 1742 1139 dic-

955 1147 1008 1174 bus
1021 1142 1117 1175 tribus.
1143 1146 1206 1173 Fuit
1220 1147 1388 1181 temporibus
1409 1147 1558 1176 Aureliani.
1573 1155 1586 1173 a
1600 1142 1742 1174 consulatu

952 1182 1093 1209 Aureliani
1110 1181 1143 1208 III
1160 1186 1187 1208 et
1209 1181 1366 1209 Marcellini.
1387 1189 1472 1215 usque
1493 1182 1518 1208 ili
1535 1182 1607 1208 dielii
1625 1190 1662 1209 vii
1678 1182 1741 1209 Idus

953 1216 1121 1247 Decembris,
1139 1216 1209 1243 Caro
1224 1216 1246 1243 II
1260 1220 1287 1243 et
1302 1216 1400 1243 Carino
1413 1217 1581 1243 consulibus.

986 1252 1067 1279 Caius
1080 1251 1159 1278 annis
1170 1251 1323 1281 duodecim.
1341 1251 1480 1277 mensibus
1501 1257 1625 1285 quatuor,
1643 1252 1740 1278 diebus

955 1291 1073 1321 septem.
1097 1286 1170 1321 Fuit,
1186 1286 1356 1320 temporibus
1383 1286 1443 1321 (jari
1467 1290 1494 1312 et
1522 1286 1622 1321 Carini.
1639 1294 1670 1313 ex
1696 1287 1740 1312 die

951 1329 995 1348 IVI
1011 1321 1143 1348 Kalendas
1155 1320 1285 1350 Januarii.
1303 1320 1458 1347 consulibus
1472 1321 1540 1347 Caro
1554 1320 1573 1346 ll
1586 1326 1613 1347 et
1626 1321 1736 1353 Carino,

952 1364 1038 1390 usque
1049 1356 1077 1383 in
1088 1364 1103 1383 x
1115 1356 1249 1383 Kalendas
1261 1355 1332 1387 Maii,
1347 1355 1512 1382 Diocletiano
1524 1355 1557 1382 VI
1569 1360 1595 1382 et
1608 1356 1740 1383 Constan-

951 1391 990 1417 tio
1006 1390 1026 1417 II
1038 1391 1205 1418 consulibus.

985 1425 1155 1453 Marcellinus
1180 1424 1260 1452 annis
1281 1430 1353 1453 octo.
1372 1425 1512 1452 mensibus
1528 1425 1624 1457 tribus,
1644 1425 1740 1452 diebus

950 1460 1048 1495 viginti
1078 1460 1208 1495 quinque.
1237 1459 1300 1486 Fuit
1330 1460 1498 1494 temporibus
1529 1460 1687 1487 Diocletiani
1713 1465 1741 1487 et

950 1494 1116 1525 Maximiani.
1137 1503 1170 1521 ex
1185 1495 1229 1522 die
1246 1495 1332 1528 pridie
1353 1495 1485 1522 Kalendas
1499 1495 1592 1527 Julias,
1607 1503 1620 1520 a
1640 1503 1740 1522 consu-

950 1529 1023 1557 libu‘s
1042 1530 1209 1557 Diocletiano
1221 1529 1254 1557 Vl
1268 1533 1296 1556 et
1309 1529 1467 1556 Constantio
1481 1529 1510 1560 ll,
1531 1538 1615 1561 usque
1632 1530 1656 1556 ili
1673 1538 1739 1556 eon-

102 1557 1066 1597 cein.FilatemporibqslllacrjnietHeliogahqli.assio-0sulatum
1097 1564 1256 1591 Diocletiani
1291 1564 1326 1590 lx
1356 1569 1383 1590 et
1411 1557 1648 1591 ilaxim’iani'vnl.
1680 1564 1739 1597 Quo

102 1595 198 1623 sulatu
218 1592 350 1621 Antonini
365 1597 393 1621 et
413 1593 540 1626 Adventi,
559 1600 645 1628 usque
661 1593 800 1620 Antonino
819 1592 853 1619 III
869 1598 897 1621 et

243 1637 270 1656 ο.

101 1629 268 1693 ﬂagitas
284 1670 371 1691 annos
385 1668 457 1696 octo,
475 1670 584 1692 menses
606 1662 743 1696 undecim,
756 1663 815 1691 dies
827 1663 897 1691 duo-

102 1700 208 1727 decim.
234 1699 306 1735 Fuit”
323 1699 492 1735 temporibus
508 1698 665 1735 Alexandri
676 1706 729 1735 .Wa
754 1699 897 1726 consulatu

101 1735 217 1762 Maximi
231 1739 259 1762 et
274 1734 387 1767 ﬁliani,
401 1742 488 1769 usque
499 1734 623 1770 Agricola
637 1738 665 1761 et
678 1734 860 1761 Clementino.

143 1781 296 1808 Pontianus
307 1780 386 1808 annis
395 1780 525 1815 quinque.
546 1780 686 1807 mensibus
701 1780 818 1812 duobus,
838 1781 898 1809 die-

102 1817 159 1844 bus
170 1820 285 1850 septem.
310 1815 374 1843 Fuit
399 1815 567 1850 temporibus
580 1815 738 1850 Alexandri,
758 1824 772 1842 a
796 1823 898 1844 consu-

103 1852 163 1879 latu
181 1849 337 1885 Pompeiani
354 1854 382 1878 et
392 1849 557 1886 rPeIi'gniani.
582 1849 623 1886 Eo
631 1854 752 1884 tempore
769 1850 899 1886 Nepotia-

103 1894 160 1914 nus
172 1887 315 1921 episcopus
329 1890 358 1913 et
377 1885 538 1920 Hippolytus
553 1885 695 1921 presbyter
708 1885 816 1913 exsules
834 1892 898 1914 sunt

102 1919 242 1957 deportati
261 1919 288 1948 in
315 1919 438 1957 insulani
456 1919 586 1957 nocivain
608 1919 772 1957 Sardiniam,
796 1921 898 1957 Severo

102 1962 133 1984 et
143 1955 297 1989 Duintiano
308 1956 477 1984 consulibus.
496 1955 524 1983 In
538 1955 632 1982 eadem
647 1956 735 1982 insula
747 1956 898 1984 discinctus

102 1996 148 2020 est
169 1999 195 2019 iv
211 1991 346 2019 Kalendas
361 1991 495 2023 Octobris,
511 1996 539 2018 et
559 1990 619 2017 loco
631 1991 690 2025 ejus
700 1990 843 2018 ordinatus
856 1997 898 2020 est

101 2029 223 2055 Anteros
242 2035 267 2054 si
282 2026 415 2053 Kalendas
431 2025 594 2056 Decembris.
611 2026 768 2053 consulibus
784 2026 833 2053 SS.

140 2063 260 2089 Anteros
277 2069 370 2088 mense
381 2069 447 2092 uno,
459 2061 555 2088 diebus
567 2061 671 2088 decem.
687 2061 790 2088 Dormit
801 2070 830 2088 ιιι
842 2061 896 2089 Νο-

101 2105 155 2125 nas
167 2097 298 2129 Januarii,
314 2096 430 2124 Maximo
446 2100 475 2123 et
488 2096 617 2123 Africano
629 2096 799 2124 consulibus.

140 2143 276 2171 Fabianus
301 2150 388 2169 annos
404 2142 622 2177 qualuordecim.
650 2150 773 2168 mensem
800 2150 896 2177 unum,

101 2179 164 2207 dies
184 2179 290 2206 decem.
321 2177 382 2204 Fuit
406 2177 574 2212 temporibus
603 2177 750 2208 Maximini.
779 2182 806 2204 et
829 2177 897 2204 Gor-

101 2214 189 2245 diani.
205 2219 232 2241 et
258 2213 384 2247 Philippi.
411 2213 434 2239 A
457 2213 599 2240 consulatu
623 2212 761 2239 Maximini
777 2216 805 2239 et
820 2212 892 2240 Afri-

101 2250 178 2282 cani,
191 2256 276 2283 usque
298 2248 378 2275 Decio
394 2247 415 2274 ll
432 2252 459 2275 et
469 2247 562 2275 Grato.
582 2248 731 2283 Passusﬂxll
757 2247 890 2275 Kalendas

101 2282 258 2313 Februarii.
271 2283 320 2310 IIic
331 2283 456 2318 regiones
471 2282 566 2318 divisit
579 2282 761 2318 diaconibus;
779 2287 803 2309 et
821 2283 892 2309 inul-

102 2326 146 2348 tas
171 2318 286 2346 fabricas
312 2316 530 2352 per‘cmmeteria
553 2317 612 2345 ﬁeri
635 2317 726 2352 jussit.
745 2316 811 2344 Post
829 2326 892 2352 pas-

102 2355 210 2383 sionem
224 2355 293 2389 ejus.
309 2352 413 2388 Moyses
427 2358 454 2380 et
471 2352 604 2389 Maximus
623 2352 785 2389 presbyteri.
801 2357 828 2379 et
844 2352 893 2379 Ni-

102 2387 245 2419 costratus
261 2387 393 2415 diaconus
409 2387 599 2422 comprehensi
617 2391 690 2419 sunt,
708 2391 735 2414 et
759 2387 785 2413 in
801 2395 894 2415 caree-

101 2434 161 2453 rem
172 2424 259 2452 missi.
268 2423 307 2450 Eo
319 2428 440 2457 tempore
450 2423 608 2457 supervenit
619 2422 737 2449 Novatus
745 2430 777 2449 ex
788 2422 892 2456 Africa;

101 2465 131 2488 et
144 2459 281 2494 separavit
295 2458 329 2486 de
356 2458 474 2486 Ecclesia
487 2457 688 2494 rNovatianum,
713 2461 740 2484 et
761 2458 892 2494 quosdam

101 2493 288 2523 confessores,
316 2497 459 2528 postquam
485 2493 588 2528 Moyses
615 2493 642 2519 in
670 2500 780 2519 carcere
801 2493 897 2520 defun-

101 2536 165 2557 ctus
188 2534 241 2562 est,
266 2528 311 2564 qui
343 2528 394 2555 l‘uit
412 2528 449 2555 ibi
477 2535 585 2556 menses
606 2528 743 2560 undecim,
765 2528 823 2555 dies
847 2536 897 2555 uii-

101 2565 203 2593 decim.

138 2610 284 2638 Cornelius
308 2617 395 2637 annos
417 2609 496 2639 duos.
518 2616 625 2636 menses
638 2613 702 2641 tres,
719 2609 777 2636 dies
787 2609 892 2637 decem.

100 2649 125 2675 Α
140 2645 300 2674 consulibus
321 2645 401 2672 Decio
422 2644 455 2671 IV
471 2650 499 2671 et
514 2644 594 2671 Det‘IO
617 2644 648 2676 ll,
665 2652 751 2678 usque
775 2644 851 2672 Gallo
868 2650 896 2672 et

102 2681 263 2708 Volusiano.
282 2680 339 2707 Sub
355 2680 514 2714 episcopatu
529 2679 598 2714 ejus.
614 2679 735 2707 Novatus
749 2684 825 2707 extra
844 2679 894 2706 Ec-

101 2717 214 2745 clesiam
231 2715 365 2743 ordinavit
380 2715 557 2742 Novatianum
576 2716 602 2741 in
616 2715 683 2741 urbe
699 2715 793 2747 lloma,
806 2720 834 2741 et
848 2715 895 2741 Ni-

102 2756 255 2779 costratum
274 2751 301 2778 ili
317 2750 418 2777 Africa.
435 2750 492 2777 Hoc
506 2750 586 2781 facto,
603 2750 785 2780 confessores.
801 2751 847 2784 qui
865 2758 894 2778 se

102 2790 301 2821 separaverunt
320 2793 335 2812 a
358 2785 495 2816 Cornelio,
514 2792 577 2821 cuni
596 2784 711 2821 Maximo
724 2786 891 2821 presbytero,

101 2822 149 2857 qui
169 2829 232 2849 cum
258 2821 347 2857 Moyse
377 2821 437 2853 fuit.
462 2821 494 2848 ad
518 2820 666 2848 Ecclesium
694 2825 755 2847 sunt
773 2820 891 2853 reversi;

950 1604 1072 1633 tempore
1085 1599 1134 1626 fuit
1149 1599 1313 1633 persecutio,
1328 1603 1355 1625 ct
1370 1599 1485 1626 cessavit
1497 1599 1670 1634 episcopatus
1688 1608 1739 1626 an-

948 1634 992 1660 nis
1005 1642 1052 1666 vn,
1065 1634 1205 1661 mensibus
1220 1642 1259 1666 Vi,
1274 1633 1372 1660 diebus
1385 1643 1429 1660 xv.

984 1669 1125 1696 Marcellus
1137 1676 1208 1695 anno
1225 1676 1289 1699 uno,
1303 1669 1442 1695 mensibus
1459 1674 1572 1703 septem.
1586 1669 1682 1696 diebus
1693 1670 1734 1695 vi-

947 1703 1026 1765 ginti.
1046 1703 1109 1731 Fuit
1132 1703 1298 1738 temporibus
1322 1703 1459 1735 Maxentii,
1484 1712 1498 1730 a
1520 1704 1662 1731 consulatu
1682 1712 1694 1729 x
1711 1709 1739 1731 et

962 1738 1118 1765 Iaximiano.
1133 1746 1220 1765 usune
1235 1742 1296 1765 post
1313 1739 1484 1765 consulatum
1501 1747 1516 1765 x
1536 1745 1563 1765 et
1577 1739 1737 1765 septimum.

962 1738 1118 1770 laximiano,
1133 1746 1220 1771 usque
1235 1742 1296 1772 post
1313 1739 1484 1765 consulatum
1501 1747 1516 1765 x
1536 1745 1563 1765 ct
1577 1739 1737 1773 septimum.

984 1773 1086 1809 ‘70.,
1098 1773 1244 1809 Eusebius
1258 1781 1366 1799 nienses
1391 1779 1517 1807 quatuor,
1532 1774 1589 1800 dies
1607 1773 1736 1809 sedecim,

949 1816 963 1835 a
979 1808 1023 1835 xlv
1040 1808 1175 1835 Kalendas
1195 1808 1288 1840 Maias,
1305 1816 1390 1842 usque
1411 1810 1439 1835 in
1459 1809 1530 1836 diem
1545 1817 1588 1835 xvi
1604 1808 1738 1835 Kalendas

950 1843 1129 1870 Septembris.

1012 1878 1117 1905 iltiades
1132 1877 1210 1905 annis
1229 1877 1327 1911 tribus,
1347 1878 1486 1905 mensibus
1503 1886 1560 1910 sex,
1578 1878 1674 1905 diebus
1689 1886 1738 1904 llo«

949 1921 1020 1944 vein,
1035 1921 1067 1940 ex
1079 1913 1124 1939 die
1137 1916 1214 1939 sexto
1230 1912 1323 1939 Nonas
1340 1913 1435 1944 Julias,
1450 1921 1464 1939 a
1481 1914 1633 1942 consulatu.
1652 1913 1737 1940 Maxi-

949 1948 1041 1975 miano
1060 1947 1117 1974 VIII
1138 1947 1211 1980 solo;
1229 1949 1300 1982 quod
1319 1948 1368 1974 fuit
1392 1955 1485 1974 mense
1510 1948 1673 1982 Septembri,
1688 1948 1738 1973 γυ-

949 1983 1056 2010 Iusiano
1067 1988 1095 2010 et
1110 1982 1218 2014 Ruﬁno.
1235 1990 1319 2017 usque
1340 1983 1366 2008 in
1384 1991 1413 2009 ιιι
1430 1983 1490 2009 ldus
1509 1982 1639 2013 Januarii,
1654 1983 1737 2008 Volli-

952 2018 1029 2045 siano
1045 2023 1072 2045 et
1087 2017 1212 2044 Anniano
1225 2017 1392 2044 consulibus.

985 2052 1121 2087 Sylvester
1141 2052 1326 2087 annisrviginti
1349 2060 1412 2081 uno.
1434 2052 1573 2078 mensibus
1595 2051 1736 2087 undecim.

948 2086 1010 2115 Fuit
1033 2087 1202 2120 temporibus
1222 2086 1412 2118 Constantini,
1442 2094 1455 2112 a
1486 2087 1628 2113 consulatu
1653 2086 1736 2112 Voln-

947 2122 1017 2149 siani
1031 2126 1059 2149 ct
1074 2121 1202 2151 Anniani.
1216 2129 1249 2149 ex
1263 2121 1307 2148 die
1331 2121 1418 2155 pridie
1434 2121 1567 2148 Kalendas
1584 2121 1736 2150 Februarii.

948 2164 1034 2192 usque
1051 2157 1077 2192 in
1102 2156 1173 2183 diem
1189 2155 1370 2192 Kalendarum
1386 2156 1588 2189 Januariarlilil,
1604 2158 1737 2184 Constan-

949 2191 1031 2220 tio’et
1048 2191 1145 2218 Albino
1161 2191 1329 2218 consulibus.

906 2228 930 2257 υ
978 2227 1087 2262 Marcus
1097 2234 1205 2254 menses
1216 2231 1287 2254 octo.
1303 2227 1362 2253 dies
1372 2227 1476 2262 viginti.
1496 2227 1532 2262 Et
1548 2227 1592 2253 hic
1604 2227 1654 2253 filii
1669 2231 1736 2253 leni-

966 2263 1062 2290 oribus
1077 2261 1260 2297 Constantini.
1276 2261 1428 2297 Nepotiane
1451 2267 1477 2288 et
1495 2261 1622 2288 Facundo
1637 2270 1736 2287 consu-

966 2270 1062 2290 orluus
1077 2270 1260 2291 consumunt.
1276 2270 1428 2297 nepollauo
1451 2270 1477 2288 (ιι
1496 2270 1622 2288 racuuuo
1637 2270 1736 2287 collsil-

947 2270 1027 2327 llbus.
1044 2304 1078 2324 cx
1095 2297 1140 2324 die
1158 2304 1192 2323 xv
1210 2296 1342 2324 Kalendas
1358 2297 1528 2328 Februarias,
1546 2304 1630 2331 usque
1649 2297 1676 2322 iii
1692 2297 1736 2323 (IIC

947 2332 1086 2359 Nonarum
1101 2331 1271 2364 Octobrium,
1289 2333 1448 2359 consulibus
1466 2332 1515 2358 SS.

981 2367 1069 2394 Julius
1092 2374 1180 2394 annos
1203 2367 1377 2401 qlliiideeiln.
1406 2375 1526 2394 mensem
1561 2375 1654 2394 unum.
1679 2366 1736 2392 dies

947 2402 1086 2429 undecim.
1105 2401 1167 2428 Fuit
1185 2402 1351 2435 temporibus
1365 2402 1547 2430 Constantini.
1561 2410 1574 2427 a
1592 2401 1735 2428 consulatu

948 2437 1077 2465 Fcliciani
1101 2441 1129 2463 et
1143 2436 1258 2467 Titiani,
1280 2444 1312 2464 ex
1329 2437 1372 2464 die
1394 2446 1441 2464 vlli
1465 2438 1526 2463 Idus
1544 2436 1691 2463 Februarii.
1709 2436 1734 2461 ill

947 2472 1018 2500 diclii
1034 2471 1122 2504 pridie
1136 2471 1199 2498 Idus
1222 2472 1330 2504 Aprilis.
1348 2472 1507 2498 Constantio
1522 2472 1538 2496 ν
1557 2477 1584 2498 et
1601 2472 1734 2497 Constan-

950 2508 1007 2534 tino
1021 2507 1128 2534 Caesare
1143 2506 1310 2533 consulibus.
1332 2506 1380 2533 llic
1403 2507 1501 2533 inultas
1517 2507 1633 2533 fabricas
1650 2506 1714 2531 fecit
1728 2515 1734 2532 :

947 2542 1088 2570 basilicam
1107 2542 1134 2568 iii
1152 2541 1194 2568 via
1218 2541 1359 2573 Portciise,
1379 2542 1502 2568 lililliario
1527 2550 1573 2570 lii;
1597 2541 1734 2567 basilicam

946 2577 974 2604 in
991 2578 1032 2604 via
1046 2576 1189 2609 Flaminia,
1201 2576 1331 2611 νιιιὶιῐὶθι-ἰο
1349 2585 1378 2606 li.
1394 2585 1454 2611 qlae
1469 2578 1621 2611 appellatur
1635 2576 1735 2602 Valen—

946 2612 1014 2645 tini;
1035 2612 1173 2647 basilicam
1196 2610 1304 2647 Julialn,
1321 2620 1380 2646 qua:
1402 2610 1444 2639 est
1466 2610 1574 2647 regione
1596 2619 1641 2641 \ll,
1660 2611 1736 2644 juxta

946 2647 1035 2674 forum
1058 2647 1112 2674 divi
1129 2646 1254 2680 Traiani;
1280 2646 1418 2673 basilicam
1442 2646 1515 2673 trans
1541 2647 1669 2675 Tlllt‘l'llll,
1693 2655 1736 2671 re-

964 2682 1025 2709 ione,
1044 2690 1098 2713 xtv,
1113 2681 1188 2715 juxta
1210 2681 1368 2715 Callistum;
1386 2683 1521 2709 basilicam
1539 2683 1566 2709 ili
1588 2682 1629 2708 via
1649 2682 1735 2708 Aure-

956 2718 992 2747 ia.
1011 2717 1140 2744 niilliario
1157 2725 1186 2743 ili
1200 2716 1233 2743 ad
1254 2717 1403 2744 Callistum.

980 2752 1103 2779 Liberius
1115 2752 1166 2779 fuit
1182 2752 1349 2786 temporibus
1365 2752 1524 2784 Constantii,
1541 2760 1571 2779 ex
1589 2754 1632 2780 dic
1647 2759 1671 2778 xl
1684 2749 1736 2777 Ka-

944 2787 1038 2818 lendas
1054 2787 1163 2817 Jllnias.
1186 2786 1213 2813 in
1236 2786 1319 2815 diem.
1401 2797 1415 2816 a
1429 2789 1585 2816 consulibus
1601 2789 1736 2815 Constan-

944 2823 981 2849 tiu
995 2821 1014 2849 γ
1028 2827 1055 2851 et
1070 2822 1229 2850 Constantio
1242 2822 1357 2851 Cresare.
