3848 6342
283 460 420 528 1105
1670 470 1802 528 PR)!

1994 472 2079 532 [0.
3385 481 3513 542 lltTfi

281 576 566 646 pellarent,
597 573 739 644 quod
771 573 972 644 populo
1001 574 1252 628 audiente
1284 577 1498 645 publice
1523 583 1579 630 et
1605 577 1779 645 palam
1803 577 2129 648 legerentur.
2164 580 2380 635 Testem
2411 582 2682 637 adhibebo
2704 582 2930 638 Paulum
2980 585 3369 654 Silentiarium,
3415 593 3508 661 qui

282 677 395 718 suae
434 663 502 717 de
538 663 654 717 aede
676 661 948 731 Sophiana
979 662 1356 733 descriptionis
1384 664 1614 733 primam
1640 673 1850 732 partem
1874 665 1926 718 in
1961 668 2109 736 regio
2129 668 2326 736 palatio
2349 683 2531 723 coram
2581 669 2890 726 Justiniano
2921 671 3264 742 imperatore.
3314 692 3511 732 secun-

279 750 402 804 dam
445 758 626 832 autem
661 751 713 803 in
747 751 1030 820 episcopio
1061 765 1244 804 coram
1272 750 1536 822 Eutychio
1562 751 1866 820 patriarcha
1894 753 2160 818 recitavit,
2189 764 2254 808 ut
2282 771 2347 810 ex
2378 756 2571 812 iambis
2613 766 2670 811 et
2699 759 2868 812 titulis
2907 761 3179 828 poematia
3232 763 3507 834 inscriptis

245 859 252 862 ·
280 837 339 893 (it
370 827 736 922 manifestum.
785 838 938 904 Quod
971 849 1151 894 autem
1176 839 1347 910 magis
1375 840 1552 893 adhuc
1575 839 1826 893 Cedreno
1853 840 2012 893 tidem
2041 843 2330 898 conciliare
2361 845 2626 908 videatur,
2662 861 2780 899 mos
2810 827 3020 902 illeiest
3053 849 3180 904 olim
3229 851 3380 922 Cpoli
3403 827 3512 906 ’νο-

278 935 470 996 ceptus
512 915 582 981 de
639 927 1000 982 acclamandis
1046 935 1309 997 perpetuo
1353 925 1792 996 imperatoribus,
1834 930 1978 995 quod
2029 945 2272 1000 persaepe
2314 932 2474 986 etiam
2525 933 2687 988 ﬁebat
2739 935 2956 1000 iambis,
2996 947 3057 992 ut
3090 915 3290 993 videre
3324 950 3409 995 est
3455 943 3510 996 in

278 1015 637 1069 Constantino
677 1015 1139 1087 Porphyrogenito
1179 1016 1280 1070 De'
1315 1031 1587 1070 cccremon.
1639 1015 1778 1068 auita
1813 1014 2036 1081 Byzant.
2069 1014 2135 1066 ab
2163 1014 2320 1068 Joan.
2351 1015 2585 1072 Henrico
2610 1015 2833 1072 Leichio
2859 1027 2917 1072 et
2937 1019 3094 1074 Joan.
3123 1019 3238 1076 Jac.
3289 1022 3510 1078 Reiskio

279 1103 652 1172 superioribus
681 1105 838 1158 anuis
875 1105 1042 1159 edito.
1080 1105 1154 1160 lbi
1189 1097 1438 1174 enim,‘p.
1475 1103 1559 1169 t6,
1591 1104 1787 1173 legitur
1825 1101 1971 1171 quod
2000 1102 2326 1170 imperatore
2361 1115 2574 1172 magna
2607 1115 2805 1172 pompa
2837 1107 3167 1175 procedente
3217 1110 3272 1164 in
3320 1121 3506 1167 saneta

277 1198 331 1244 ct
387 1203 577 1260 magna
608 1191 886 1246 Dominica
930 1192 996 1246 ad
1045 1207 1219 1256 sacra,
1267 1191 1561 1245 factionum
1593 1189 2012 1244 acclamationes
2045 1188 2197 1251 ﬁunt,
2230 1194 2289 1242 et
2316 1187 2538 1244 Venetae
2575 1189 2821 1244 notarius
2865 1193 3047 1255 adest,
3075 1195 3166 1246 καὶ
3218 1195 3302 1248 δεῖ
3344 1197 3511 1250 αὐτὸν

278 1279 599 1347 περιπατεῖν
647 1277 870 1330 ὄπισθεν
902 1278 1011 1330 τῶν
1056 1277 1332 1331 δεσποτῶν
1367 1277 1616 1346 πλησίον,
1650 1277 1744 1329 καὶ
1790 1276 1971 1343 λέγειν
2004 1274 2126 1336 τοὺς
2178 1274 2321 1327 κατὰ
2368 1275 2538 1328 τύπον
2589 1276 2839 1346 ιάμσους,
2891 1279 3090 1336 deinde
3122 1282 3347 1352 ἄρχεται
3381 1286 3510 1355 ἰαμ-

277 1360 450 1426 ϐίζειν
494 1365 536 1416 ὀί
572 1362 666 1415 τοῦ
709 1363 908 1435 μέρους
957 1364 1063 1418 τῶν
1113 1365 1397 1435 Πρασὲνων
1457 1366 1726 1433 μαῒστωρ.
1787 1363 1796 1383 ’

1991 1384 1996 1411 ι
2042 1361 2136 1414 τοῦ
2187 1362 2388 1432 μέρους
2439 1363 2547 1415 τῶν
2579 1363 2820 1418 Βε-νέτων
2847 1367 3348 1439 μαῖστωρ·ἅρχεται
3383 1373 3510 1440 ιαμ-

277 1447 472 1512 ϐίζειν.
538 1449 713 1504 donec
771 1453 800 1504 ὸ
849 1451 944 1504 τοῦ
1003 1451 1204 1522 μέρους
1257 1452 1366 1503 τῶν
1412 1451 1700 1521 Πρασίνων
1755 1451 2004 1519 νοτὰριος
2055 1448 2282 1518 ἄρχεται
2343 1448 2437 1501 καὶ
2490 1450 2653 1513 αὐτὸς
2709 1452 2982 1521 ἰαμϐίζειν
3040 1455 3145 1519 ἕως
3206 1457 3298 1512 τοῦ
3354 1458 3510 1526 ἁγίου

277 1535 535 1604 φρέατος.
587 1535 645 1590 Id
692 1543 873 1591 autem
914 1537 970 1590 in
1012 1537 1268 1592 omnibus
1297 1537 1632 1591 solemnibus
1661 1535 1878 1606 pompis
1928 1535 2044 1589 ﬁeri
2080 1535 2298 1588 solitum
2351 1535 2558 1604 passim
2618 1539 2854 1592 ostendit
2899 1537 3043 1595 idem
3095 1541 3507 1601 Conatantinus.

281 1621 436 1678 Unde
460 1618 706 1692 quamvis
732 1624 865 1677 satis
902 1632 1160 1693 appareat
1210 1623 1419 1678 iambos
1449 1623 1542 1692 qui
1580 1639 1610 1676 a
1641 1622 1940 1676 factionum
1969 1623 2241 1692 magistris
2287 1622 2679 1687 recita-bantur,
2711 1625 2969 1696 hymnum
2993 1629 3076 1683 vel
3107 1631 3509 1688 cantiunculam

278 1709 466 1770 fuisse.
505 1726 609 1779 qua
647 1710 748 1780 ipsi
781 1711 1007 1764 alternis
1033 1710 1246 1765 vicibus
1281 1709 1478 1764 fausta
1511 1705 1938 1778 adprecarentur
1983 1709 2311 1778 imperatori,
2365 1709 2536 1763 nihilo
2577 1717 2760 1766 tamen
2808 1714 2988 1770 minus
3029 1715 3154 1772 inde
3204 1718 3264 1773 fit
3313 1721 3512 1789 proba-

275 1797 440 1852 bilius
469 1797 708 1852 Pisidam
738 1799 933 1854 iambis
959 1815 988 1853 a
1027 1799 1280 1854 Cedreno
1305 1798 1539 1854 laudatis
1567 1797 1875 1852 lleraclium
1906 1799 1960 1852 in
1981 1812 2177 1868 magno
2203 1798 2406 1866 templo
2429 1810 2673 1852 orantem
2695 1799 2764 1853 de
2797 1801 3092 1870 improviso
3119 1805 3403 1862 salutasse.

347 1884 548 1941 Verum
579 1889 956 1958 qualecunque
977 1889 1048 1944 sit
1071 1889 1373 1958 sapientum
1397 1887 1638 1940 virorum
1675 1886 1776 1940 hac
1803 1885 1870 1939 de
1897 1899 1958 1939 re
1985 1885 2271 1954 judicium,
2294 1885 2346 1938 id
2377 1900 2542 1938 unum
2568 1899 2636 1940 ex
2669 1887 2933 1942 hactenus
2963 1891 3262 1958 praemissis
3291 1894 3505 1966 colligo,

274 1974 534 2039 Pisidam,
562 1977 606 2031 si
638 1993 748 2032 non
774 1985 834 2032 ut
857 1993 1110 2049 magnum
1137 1975 1601 2046 scevOpl-iylacem.
1632 1983 1779 2029 certe
1808 1982 1869 2027 ut
1898 1985 2065 2027 unum
2094 1987 2162 2027 ex
2196 1971 2440 2027 diaconis
2471 1975 2972 2043 scevophvlacibus,
3005 1978 3148 2046 apud
3179 1978 3426 2051 Sergium
3455 1993 3512 2037 et

275 2061 582 2120 Heracliam
605 2065 762 2134 plane
794 2065 1091 2136 gratiosum
1116 2064 1394 2120 hominem
1425 2061 1718 2126 exstitisse,
1747 2069 1936 2130 utpote
1963 2060 2054 2128 qui
2079 2060 2310 2114 multum
2341 2059 2570 2130 polleret
2595 2060 2812 2131 ingenio
2839 2071 2894 2118 et
2921 2063 3194 2119 scribendi
3231 2065 3506 2123 facultate.

276 2149 386 2206 Sed
412 2166 520 2206 non
563 2152 820 2206 audiendi
845 2162 974 2206 sunt
999 2152 1222 2206 omnino
1248 2151 1339 2221 qui
1368 2165 1493 2206 eum
1529 2149 1691 2204 modo
1719 2147 2193 2218 ch'artophylacem
2221 2149 2381 2201 modo
2427 2145 2856 2204 referendarium
2887 2147 3112 2204 faciunt.
3149 2150 3347 2207 Suidas
3389 2155 3510 2223 qui-

274 2237 402 2292 dem
426 2237 560 2291 iu'v.
591 2237 863 2307 Γεώργιος
891 2239 1180 2293 diaconum
1201 2236 1768 2305 etchartophvlacem,
1798 2233 2137 2305 Nicephorus
2168 2233 2424 2289 Callistus
2451 2241 2632 2288 autem
2667 2234 2812 2291 Hist.
2843 2235 2928 2301 l8,
2959 2235 3046 2301 48,
3083 2238 3506 2295 referendarium

274 2339 404 2379 eum
421 2326 698 2395 .appellat.
729 2326 967 2382 Maxima
990 2325 1154 2379 etiam
1181 2325 1433 2380 codicum
1456 2339 1588 2378 mss.
1614 2331 1698 2377 est
1721 2323 2083 2376 inconstantia
2113 2322 2165 2376 in
2199 2322 2355 2375 titulo
2382 2329 2434 2374 et
2459 2322 2724 2392 dignitate
2744 2323 3080 2394 designanda
3121 2324 3319 2382 Pisidae
3346 2349 3358 2383 :
3381 2344 3506 2383 nam

273 2411 332 2466 in
360 2414 638 2468 codicibus
669 2413 922 2469 biblioth.
953 2414 1132 2484 Regia?
1155 2407 1482 2467 PariSiensis
1510 2419 1566 2466 et
1595 2411 2001 2480 in‘quibusdam
2027 2409 2192 2464 etiam
2231 2408 2509 2463 Vaticanis
2532 2410 2793 2472 diaconus
2824 2413 3198 2468 tantummodo
3241 2426 3466 2471 vocatur
3491 2433 3505 2479 ;

273 2507 332 2558 et
355 2502 411 2556 in
441 2503 564 2558 cod.
597 2502 1007 2558 Vindobonensi
1030 2502 1138 2558 209
1165 2501 1307 2572 apud
1337 2501 1709 2565 Laiubecium,
1741 2501 1834 2553 lib.
1865 2515 1918 2560 v,
1943 2513 1996 2567 p.
2035 2498 2119 2559 19,
2149 2497 2409 2550 diaconus
2428 2506 2482 2552 ct
2506 2497 2908 2572 referendarius
2931 2540 2945 2564 ,
2985 2509 3040 2555 et
3072 2502 3168 2558 lib.
3199 2520 3278 2569 vt,
3302 2519 3356 2574 ι).
3375 2505 3504 2566 -1-6Ξ,

271 2590 618 2646 diaconus-et
647 2591 1035 2662 chartophylax
1062 2609 1077 2657 ;
1104 2588 1343 2660 itemque
1369 2589 1422 2643 in
1453 2588 1706 2642 biblioth.
1746 2583 2100 2640 Taurincnsis
2145 2584 2265 2637 cod.
2295 2583 2420 2647 504,
2452 2585 2872 2655 chartophylax;
2902 2595 2958 2641 et
2986 2587 3040 2642 in
3069 2589 3257 2644 codice
3291 2591 3394 2645 360
3417 2607 3508 2647 re-

271 2676 618 2733 ferendarius
645 2678 862 2734 dicitur.
895 2676 1187 2748 Perperam
1220 2685 1402 2730 autem
1427 2673 1780 2729 doctissimus
1813 2671 2096 2725 Fabricius
2133 2671 2226 2724 lib.
2263 2686 2360 2735 vit,
2398 2686 2452 2739 p.
2483 2670 2608 2736 69!,
2636 2681 2926 2742 utrumque
2955 2673 3170 2730 titulum
3199 2680 3503 2748 conjunxit,

273 2775 334 2820 et
359 2764 648 2836 Georgium
679 2775 924 2821 nostrum
951 2765 1438 2836 chartophylacem'
1463 2771 1518 2816 et
1538 2759 1966 2815 referendarium
2013 2758 2309 2812 declaravit
2335 2776 2348 2811 :
2380 2773 2504 2812 nam
2521 2769 2873 2829 “quaecunque
2905 2760 3067 2816 fuerit
3107 2763 3227 2832 ejus
3253 2765 3502 2836 dignitas,

273 2859 424 2907 certe
453 2868 558 2906 una
587 2853 748 2908 simul
774 2853 1253 2924 chartophylax-et
1282 2849 1688 2905 referendarius
1715 2862 1837 2902 esse
1868 2847 2207 2916 non-potuit,
2261 2847 2406 2916 quod
2455 2847 2894 2918 chartophylacis
2915 2857 2970 2902 et
2999 2850 3349 2906 referendarii
3396 2853 3508 2909 duo

271 2949 461 2995 essent
495 2955 720 2996 munera
743 2942 798 2994 in
821 2941 1046 2995 ecclesia
1079 2940 1360 3010 Cpolitana
1396 2938 1671 2999 distincta,
1705 2951 1826 3005 qua:
1855 2949 1965 2988 non
2000 2949 2142 2987 unus
2175 2933 2352 2987 obiret
2378 2930 2458 3003 ip.
2484 2931 2646 3016 Vill],
2680 2933 2775 2988 sed
2805 2949 2927 3004 qua:
2956 2936 3152 2992 viritim
3180 2939 3233 2992 in
3262 2939 3372 2994 duo
3410 2957 3506 3016 ca-

269 3027 387 3099 pita
419 3027 895 3082 distribuerentur.
932 3026 1122 3082 Melius
1145 3026 1373 3080 Allatius
1407 3023 1724 3079 testimonio
1757 3018 1936 3077 Suidae
1960 3022 2161 3084 fretus,
2187 3027 2241 3074 et
2261 3019 2506 3075 Oudinus
2534 3021 2790 3075 Allatium
2819 3031 3060 3086 secutus,
3107 3025 3397 3081 diaconum
3450 3036 3506 3082 et

271 3115 745 3185 chartophylacem
777 3114 1070 3185 Georg-ium
1096 3113 1468 3168 nominarunt.
1501 3110 1570 3165 At
1601 3110 1920 3178 Guillelmus
1961 3108 2103 3162 Cave
2140 3108 2321 3161 minus
2353 3116 2603 3162 accurate
2639 3108 2917 3171 scribens,
2945 3119 3000 3164 et
3031 3111 3084 3164 in
3116 3120 3228 3167 toto
3270 3114 3502 3170 articulo

271 3202 344 3257 de
393 3201 570 3258 Pisida
622 3202 858 3256 texendo
908 3200 1136 3270 turpiter
1195 3198 1552 3262 allucinatus,
1599 3213 1724 3252 eum
1776 3197 1903 3252 fecit
1956 3204 2014 3251 et
2056 3197 2332 3250 rhetorem
2388 3204 2445 3249 et
2482 3196 2964 3266 chartophylacem
3015 3199 3223 3268 Magna:
3258 3203 3504 3258 ecclesia:

265 3289 592 3358 Cpolitanm,
621 3289 818 3343 deinde
849 3287 1013 3342 etiam
1045 3285 1441 3356 metropolitam
1472 3283 1586 3338 sive
1625 3277 2624 3353 archiepiscopum'Nicomediensem.
2673 3281 2733 3335 Si
2772 3297 2872 3352 pro
2914 3284 3133 3338 rhetore
3172 3297 3385 3354 poetam
3419 3289 3506 3344 di~

269 3377 446 3433 xisset
474 3375 734 3441 Pisidam,
761 3375 910 3430 nulla
947 3381 1093 3429 esset
1127 3372 1540 3428 controversia:
1571 3379 1627 3425 at
1655 3372 1801 3425 nulla
1831 3371 1951 3440 ejus
1997 3379 2213 3425 exstant
2251 3383 2418 3438 opera
2460 3368 2740 3422 rhetorum
2779 3383 2934 3424 more
2973 3371 3194 3440 scripta,
3227 3387 3332 3428 nec
3374 3375 3503 3444 quid

269 3464 452 3518 simile
497 3479 734 3533 unquam
769 3463 1077 3526 elaborasse
1131 3459 1388 3514 traditum
1443 3467 1546 3524 est,
1601 3460 1694 3514 sed
1728 3459 2000 3512 rhetorem
2048 3467 2103 3510 et
2143 3455 2614 3524 archiepiscopum
2672 3454 3140 3516 Nicomediensem
3189 3458 3318 3515 fecit
3360 3461 3506 3517 Cave

263 3553 466 3606 eodem
497 3566 684 3606 errore
706 3551 922 3616 ductus,
953 3564 1060 3618 quo
1091 3555 1218 3604 ante
1262 3563 1386 3601 eum
1413 3545 1748 3615 alii‘decepti
1782 3555 1928 3611 sunt,
1955 3545 2242 3614 Georgium
2263 3543 2496 3599 Pisidam
2523 3557 2647 3598 cum
2675 3541 2906 3614 Georgio
2938 3543 3337 3604 Nicomediensi
3369 3563 3504 3603 con-

272 3641 584 3704 fundentes,
620 3640 764 3708 quod
821 3638 1157 3692 invenissent
1192 3643 1488 3704 utrumque
1523 3635 1774 3704 pluribus
1822 3638 1879 3688 in
1924 3632 2204 3688 codicibus
2247 3642 2304 3686 et
2345 3630 2648 3701 Georgium
2695 3638 2751 3685 ct
2799 3630 3269 3702 chartophylacem
3315 3636 3504 3706 appel-

271 3727 480 3792 latum;
505 3725 752 3794 quamvis
775 3739 958 3788 nemo,
992 3722 1136 3791 quod
1169 3722 1355 3786 sciam,
1382 3721 1615 3777 Pisidam
1643 3722 1915 3775 rhetorem
1944 3718 2245 3773 nominavit
2270 3726 2466 3787 preter
2501 3718 2665 3776 Cave.
2685 3717 2802 3786 qui,
2833 3726 2895 3772 ut
2922 3716 3158 3785 videtur,
3188 3720 3375 3778 fucum
3397 3724 3506 3780 sibi

270 3814 388 3870 fieri
425 3830 614 3884 passus
639 3822 723 3868 est
751 3812 835 3867 vel
864 3827 893 3866 a
919 3811 1106 3865 codice
1130 3811 1380 3865 biblioth.
1413 3810 1634 3864 Antonii
1664 3808 1789 3879 Augi

2004 3809 2064 3861 iu
2093 3823 2202 3876 quo
2224 3807 2398 3862 oratio
2423 3809 2503 3869 εἰς
2524 3807 2586 3859 τὸ
2608 3807 2973 3878 Εῐστὴκεισαν
2995 3809 3146 3880 παρὰ
3176 3810 3254 3880 τῷ
3288 3814 3504 3884 σταυρῷ

271 3902 382 3956 τοῦ
403 3901 612 3970 Ἰησοῦ,
639 3900 741 3956 sub
767 3899 983 3968 Georgii
1017 3898 1252 3953 rhetoris
1278 3898 1517 3968 episcopi
1547 3897 1877 3951 Nicomedia:
1905 3895 2126 3949 nomine
2153 3894 2449 3964 legebatur,
2481 3894 2564 3948 vel
2609 3909 2642 3949 a
2679 3894 2956 3949 codicibus
2994 3895 3505 3956 Vindobonensibus

270 3990 416 4058 apud
462 3983 830 4054 Lambecium,
863 3987 956 4040 lib.
981 4003 1034 4050 v,
1060 4002 1113 4056 p.
1149 3985 1252 4040 tu
1281 3994 1337 4038 et
1359 3986 1490 4050 -277,
1518 3985 1696 4040 etlib.
1728 3997 1844 4048 vin,
1871 3997 1926 4051 p.
1954 3981 2080 4046 2'22,
2107 3982 2161 4036 in
2189 3982 2388 4051 quibus
2412 3981 2666 4037 omnibus
2691 3981 2779 4034 illa
2809 3983 2998 4038 eadem
3023 3984 3198 4038 oratio
3221 3985 3372 4040 venit
3399 3989 3504 4044 sub

263 4078 495 4132 nomine
552 4077 589 4128 Γ
593 4075 824 4146 εωργίου
873 4073 1306 4144 ἀρχιεπισκόπου
1342 4059 1712 4141 ¹Νικομηδειρκ·
1739 4087 1782 4122 τε

1982 4085 2112 4138 apag.
2162 4067 2297 4122 Cum
2324 4077 2506 4122 autem
2534 4081 2600 4121 es
2625 4067 2839 4121 duobus
2889 4067 3134 4138 Georgiis
3182 4085 3350 4126 unum
3385 4071 3501 4142 ipse

273 4165 455 4221 facere
487 4157 653 4222 semel
690 4163 986 4226 statuisset,
1014 4161 1249 4216 rhetoris
1291 4160 1503 4214 titulum
1535 4157 1932 4213 Nicomediensi
1983 4155 2246 4209 tributum
2268 4154 2334 4209 ad
2365 4153 2599 4208 Pisidam
2630 4152 2928 4209 transferre
2962 4155 3186 4212 minime
3212 4157 3498 4215 dubitavit.

267 4253 540 4307 Czeterum
571 4251 754 4304 multa:
786 4257 916 4303 sunt-
937 4257 1080 4304 notze
1109 4248 1308 4317 quibus
1341 4247 1520 4300 hiduo
1543 4245 1756 4316 Georgii
1793 4245 1934 4298 inter
1953 4259 2012 4298 se
2040 4243 2194 4300 facile
2216 4243 2622 4314 distinguantur
2648 4259 2660 4296 :
2687 4258 2810 4296 nam
2837 4242 3039 4310 Pisida,
3074 4254 3132 4302 ut
3157 4246 3362 4302 dictum
3391 4260 3498 4311 est.

270 4341 375 4394 sub
405 4338 650 4392 Heraclio
679 4337 895 4391 vivebat
915 4352 977 4390 ac
1007 4335 1107 4389 fuit
1141 4335 1404 4389 diaconus
1435 4343 1490 4387 et
1520 4332 1881 4402 scevophylax
1921 4337 1977 4388 et
2023 4338 2203 4399 poeta,
2249 4329 2682 4385 Nicomediensis
2707 4339 2916 4396 autem,
2966 4324 3036 4388 ett
3063 4349 3170 4402 quo
3212 4344 3414 4393 temere
3446 4349 3502 4392 et

271 4425 563 4480 Lambecio
602 4423 950 4488 reclamante,
993 4421 1087 4475 lib.
1142 4438 1178 4484 I,
1229 4437 1281 4490 p.
1333 4420 1450 4481 155,
1490 4429 1545 4474 ct
1579 4419 1670 4473 lib.
1709 4435 1781 4483 tv,

2017 4417 2384 4472 Nicomediam
2433 4418 2721 4498 quemdam
2770 4418 3392 4482 conﬂavit'Possevinus
3445 4427 3497 4478 in

269 4513 583 4582 Appendice
621 4511 922 4580 Apparatus
947 4509 1107 4572 sacri,
1151 4516 1398 4576 tempore
1423 4505 1595 4559 Photii
1628 4506 1828 4572 floruit,
1863 4521 1932 4561 ex
1972 4507 2192 4561 rhetore
2223 4515 2279 4562 et
2307 4507 2596 4571 monacho,
2632 4507 2677 4561 si
2734 4507 2869 4563 fides
2920 4509 3228 4566 adhibenda
3271 4521 3357 4568 est
3402 4527 3498 4568 co-

266 4601 451 4653 dicum
486 4596 748 4651 titulis'ab
782 4593 976 4649 Allatio
1017 4593 1071 4646 in
1115 4593 1310 4658 eadem,
1335 4590 1568 4645 diatriba
1599 4589 1672 4643 De
1705 4589 1940 4662 Georgiis
1963 4593 2163 4657 relatis,
2199 4593 2649 4663 archiepiscopus
2689 4592 3019 4655 Nicomedia
3058 4606 3245 4666 postea
3299 4597 3494 4656 facta...

267 4683 629 4742 Combeﬁsius
653 4682 895 4737 omnium
929 4681 1137 4748 primus
1163 4678 1381 4734 videtur
1405 4677 1745 4747 tleceptusin
1777 4687 1926 4733 recte
1953 4679 2338 4751 dignoscendis
2367 4680 2582 4735 duobus
2615 4681 2764 4736 hisce
2795 4681 3038 4753 Georgiis
3073 4699 3085 4734 :
3123 4684 3220 4739 sed
3253 4699 3498 4741 errorem

269 4773 359 4826 ille
394 4787 550 4825 suum
581 4769 799 4841 agnovit
837 4783 900 4821 ac
927 4767 1106 4821 fassus
1137 4773 1218 4820 est
1250 4766 1304 4820 in
1336 4764 1474 4819 Bibl.
1507 4766 1825 4830 concionat.-,
1853 4767 1909 4820 in
1938 4781 2042 4835 qua
2071 4781 2352 4821 sermones
2383 4765 2600 4836 Georgii
2636 4766 3098 4830 .Nicomediensis.
3135 4785 3271 4839 quos
3315 4773 3498 4832 Grrece

268 4869 324 4916 et
365 4859 576 4922 Latine,
611 4867 744 4912 tom.
777 4856 796 4909 1
839 4855 1080 4909 Λυσιανεὶ
1126 4853 1244 4907 noui
1272 4852 1514 4916 dederat,
1549 4853 1838 4922 plerosque
1863 4869 1930 4914 ex
1959 4853 2302 4924 interpolata,
2337 4854 2627 4910 nonnullos
2655 4855 2817 4910 etiam
2843 4870 2907 4911 ex
2937 4871 3078 4912 nova
3108 4872 3207 4914 sua
3245 4859 3498 4920 versione

267 4946 491 5000 exhibet
516 4952 726 5016 tantum
752 4941 962 4996 Latine.
991 4939 1196 4995 Sed'ne
1215 4937 1344 5009 quid
1372 4939 1634 4992 intactum
1663 4939 1842 4994 hacin
1865 4955 1927 4995 re
1962 4941 2266 4998 deﬁnienda
2303 4941 2694 5010 relinquamus,
2737 4942 2948 5012 juvabit
2984 4944 3174 5000 audire
3217 4945 3495 5010 Allatium.

266 5033 364 5103 qui
397 5032 465 5088 de
493 5031 724 5102 Georgio
749 5039 938 5084 nostro
963 5028 1213 5082 scribens
1257 5026 1480 5080 disertis
1519 5027 1700 5080 verbis
1732 5026 1848 5080 ait:
1887 5027 1971 5082 An
2014 5039 2190 5099 postea
2242 5031 2298 5083 in
2340 5030 2699 5100 episcopatum
2729 5029 3180 5090 Nicomedieumn
3229 5045 3498 5103 promotus

265 5121 407 5173 idem
433 5136 548 5173 cum
580 5118 796 5188 Georgio
834 5115 1219 5170 Nicomediensi
1250 5114 1427 5185 fuerit,
1468 5113 1551 5166 cui
1579 5111 1754 5182 plures
1800 5129 1894 5170 nec
1930 5115 2266 5171 “laudabiles
2301 5117 2566 5171 orationes
2615 5119 2943 5188 panegyrista
2983 5119 3307 5186 tribuuntur,
3359 5139 3498 5194 quas

267 5207 498 5260 Allatius
523 5206 721 5259 ibidem
744 5205 811 5258 de
829 5203 1060 5273 Georgio
1091 5199 1490 5256 Nicomediensi
1513 5214 1680 5270 agens
1695 5212 2000 5264 enumerat,
2029 5204 2086 5256 in
2105 5203 2320 5257 dubium
2335 5219 2430 5257 nec
2451 5204 2710 5259 immerito
2731 5205 2861 5258 serti
2885 5205 3094 5275 poterit.
3123 5206 3300 5266 Alium
3319 5218 3496 5267 tamen

117 5281 128 5288 ’
231 5317 234 5320 ί
262 5298 406 5349 hunc
431 5311 463 5346 α
490 5293 708 5363 Georgio
748 5290 1148 5353 Nicomediensi,
1182 5289 1270 5358 qui
1303 5288 1620 5357 temporibus
1647 5286 1824 5341 Photii
1847 5287 2039 5343 Photio
2062 5291 2169 5359 ipsi
2193 5305 2408 5361 operam
2433 5299 2662 5345 navarat
2692 5306 2848 5348 suam
2892 5291 2950 5346 in
2981 5292 3248 5359 Plautiano
3276 5301 3494 5369 synodo.

265 5397 527 5434 annorum
558 5381 672 5450 ipsa
702 5381 874 5447 spatia
903 5379 1110 5430 abunde
1129 5375 1351 5445 probant
1377 5390 1397 5430 :
1423 5392 1459 5434 ,α
1492 5373 1675 5446 Sergio
1713 5376 1850 5429 enim
1873 5377 2199 5445 patriarcha,
2233 5377 2318 5430 cui
2351 5375 2534 5430 Pisida
2568 5375 2928 5438 Hexaemeron
2953 5393 3084 5448 opus
3111 5380 3396 5453 inscripsit,
3425 5386 3496 5438 ad

263 5469 788 5536 Plautiana'tempora
813 5467 940 5521 anni
963 5466 1174 5520 ducenti
1197 5474 1246 5518 et
1276 5464 1661 5536 quinquaginta
1703 5463 1822 5531 plus
1867 5464 2039 5517 minus
2067 5463 2410 5518 intercedunt.
2470 5461 2533 5518 Si
2589 5463 3002 5524 Nicomediensis
3055 5469 3323 5541 cpiscopus
3369 5470 3492 5546 fuit,

265 5555 405 5608 alius
425 5573 544 5627 ergo
569 5557 635 5608 ab
665 5557 758 5608 hoc
780 5556 991 5609 omnino
1019 5555 1137 5608 erit.
1171 5554 1235 5606 Et
1267 5552 1428 5624 fuisse
1453 5553 1768 5620 episcopum,
1806 5550 1898 5605 illo
1933 5552 2115 5620 forsan
2141 5565 2244 5604 non
2270 5547 2409 5606 male
2445 5551 2659 5610 suaderi
2701 5567 2975 5619 possumus
3007 5569 3025 5606 :
3071 5571 3197 5610 nam
3238 5553 3408 5609 oratio
3439 5557 3494 5608 in

263 5643 422 5698 verba
455 5644 672 5696 Joannis
712 5663 730 5694 ι
759 5641 979 5697 Stabant
1007 5640 1167 5711 juxta
1192 5655 1397 5694 crucem
1433 5638 1556 5693 Iesu
1585 5649 1755 5693 mater
1779 5637 1923 5693 illius
1942 5647 1992 5692 et
2017 5653 2165 5696 soror
2201 5637 2408 5703 matris,
2445 5656 2464 5689 ι
2495 5637 2648 5708 cujus
2678 5640 2888 5694 initium
2907 5649 2980 5696 est
3003 5641 3138 5713 πρὸς
3159 5641 3496 5716 Minueritne

251 5729 554 5800 ιεεριωπὴν
579 5731 708 5799 ἡμῖν
726 5730 754 5780 ὁ
783 5728 960 5795 λόγος,
988 5729 1044 5782 in
1077 5743 1198 5782 mss.
1251 5726 1514 5782 codicibus
1543 5725 1770 5796 Georgio

1977 5725 2181 5784 Μίειεὶ
2209 5727 2464 5796 ascripta.
2529 5727 2780 5789 incedit»
2803 5727 2915 5790 alio
2944 5745 3042 5784 uss.
3071 5743 3224 5798 quens
3268 5729 3380 5782 Chii
3416 5731 3496 5784 ui-

261 5818 392 5871 dere
429 5817 668 5886 contigit.
691 5817 745 5869 in
777 5829 876 5887 quo
908 5816 1088 5870 eadem
1111 5815 1284 5869 oratio
1309 5815 1474 5886 fusior
1501 5829 1567 5868 ac
1599 5812 1764 5868 multo
1791 5812 2016 5883 amplior
2043 5810 2248 5886 legitur,
2284 5814 2479 5874 Pisidia
2517 5831 2796 5886 cognomen
2840 5815 3058 5886 Georgio
3111 5814 3498 5871 Nieomsdiensi

261 5907 512 5978 στυπτηρία
543 5921 560 5958 ;
596 5907 670 5958 sic
703 5906 837 5959 enim
890 5905 1100 5975 legitur,
1162 5904 1435 5975 Γεωργεου
1467 5900 1780 5975 μητροπολίτ

1976 5901 2256 5973 ιομηδείας
2277 5903 2368 5957 τοῦ
2391 5903 2642 5969 Πισσεδη·
2672 5902 3004 5973 meriptoris
3035 5902 3261 5971 lapsum,
3286 5906 3368 5958 cui
3394 5904 3495 5958 ista
