3848 6342
411 401 542 467 ῃδγ
1618 407 1760 468 IOS.
1803 407 2062 465 mare
2097 407 2409 478 QUERCII
3495 415 3612 481 nos

407 529 509 565 nou
532 510 846 580 placuerint,
884 512 935 562 in
981 511 1152 564 codice
1193 527 1300 563 esse
1347 508 1564 581 [p.13],
1603 521 1650 563 ct
1686 513 1940 580 puerilem
1993 515 2348 578 oscitantiam,
2393 513 2572 582 qualia
2625 514 2790 568 multa
2846 517 2900 568 in
2941 516 3105 572 titulis
3147 518 3468 589 prwﬁgeudis
3509 523 3612 589 ﬁeri

405 609 608 662 amant,
643 598 908 668 fatebitur.
947 598 1065 651 Non
1083 608 1265 651 contra
1297 599 1409 662 ibo;
1453 600 1559 652 imo
1593 600 1799 668 lapsura
1830 600 2070 654 concedo.
2119 600 2428 663 Πισσιόείας
2466 617 2711 671 namque,
2761 617 2876 655 cum
2919 603 2975 656 in
3021 604 3328 674 exemplari,
3361 616 3417 660 ut
3457 611 3613 663 uerisi-

403 690 682 743 millimum
719 697 812 754 est,
846 687 1122 759 legeretur,
1158 690 1212 741 in
1233 687 1493 742 Pissidem
1520 689 1590 742 ad
1614 705 1783 756 pauca
1809 689 2037 742 intentus
2060 689 2348 757 exscriptor
2377 688 2772 741 trausmutavit.
2796 687 3138 759 Diuersusque
3165 701 3240 745 est
3261 693 3419 747 etiam
3445 696 3501 748 ab
3518 698 3614 751 alio

403 778 624 848 Georgio
661 775 870 828 Pisidia:
897 776 1155 844 episcopo,
1200 775 1350 844 cujus
1397 777 1703 830 memoriam
1747 774 2048 832 Graecorum
2091 777 2216 845 fasti
2253 771 2346 830 "die
2395 776 2460 830 l9
2509 776 2707 843 Aprilis
2754 776 3034 842 celebrant,
3082 780 3224 848 [astu
3265 797 3327 834 ac
3369 785 3615 850 tyrannide

401 865 859 919 Ironomachorum
896 872 1146 932 martyre,
1189 880 1305 916 cum
1345 865 1426 916 hic
1443 863 1731 916 Antiochiae
1769 862 1920 916 Pissit

2094 862 2231 916 'uerit
2265 863 2526 916 antistes:
2573 857 2740 924 Οὗτος
2773 864 2800 914 ὁ
2836 865 2990 931 ἅγιος
3033 866 3126 917 ἐπὶ
3177 865 3287 919 τῶν
3335 867 3526 937 χρόνων
3555 864 3613 938 ἦν

400 953 508 1005 τῶν
555 951 948 1020 εἰκονομάχων,
1000 953 1064 1004 ὲκ
1103 950 1335 1020 βρέφους
1371 950 1447 1018 τῷ
1488 951 1605 1019 Θεῷ
1646 949 2084 1018 ἀνατεθειμένος,
2136 947 2232 1000 καὶ
2285 946 2373 1000 διὰ
2416 945 2515 1016 τὴν
2568 946 3014 1018 ὑπερϐάλλουσαν
3059 949 3224 1003 αὑτοῦ
3277 952 3470 1022 ἀρετὴν
3511 953 3612 1005 ἐπί-

402 1056 603 1101 σκοπος
640 1039 1023 1108 χειροτονεῖται
1054 1037 1385 1116 ξΑντιοχείας
1414 1037 1511 1105 τῆς
1561 1037 1890 1098 Πισσιδείας.

2112 1043 2288 1086 tamen
2316 1032 2681 1086 obscurissima
2716 1048 2818 1086 non
2842 1035 3039 1088 diutius
3066 1039 3454 1091 utmoraudum
3501 1039 3613 1096 mihi

403 1144 510 1180 esse
543 1142 742 1188 censeo.
778 1125 854 1179 lta
881 1124 1149 1186 Allatius;
1194 1125 1287 1193 qui
1323 1138 1426 1192 qua
1454 1123 1522 1176 de
1541 1139 1700 1177 causa
1733 1139 1846 1176 rem
1876 1123 2165 1176 obscuram
2198 1129 2377 1181 vocet,
2406 1135 2566 1190 quam
2609 1119 2726 1190 ipse
2776 1121 2912 1175 adeo
2963 1121 3268 1178 luculenter
3309 1124 3612 1194 explanavit,

404 1217 611 1283 ignoro.
647 1213 802 1266 Patet
823 1210 969 1265 enim
1004 1209 1293 1280 Georgium
1333 1208 1568 1263 Pisidam
1603 1224 1633 1262 a
1661 1207 2060 1262 Nicomediensi
2090 1222 2212 1261 esse
2245 1207 2542 1271 diversum,
2589 1217 2645 1261 et
2680 1224 2780 1277 pro
2817 1223 2925 1262 uno
2957 1224 2987 1262 a
3024 1211 3348 1278 quibusdam
3397 1223 3612 1267 tantum-

404 1303 565 1356 modo
587 1302 762 1355 doctis
794 1300 922 1354 viris
946 1298 1114 1353 fuisse
1140 1308 1447 1366 acceptum,
1477 1298 1622 1366 quod
1653 1303 1878 1364 uterque
1908 1296 1961 1348 in
1985 1295 2264 1350 codicibus
2285 1303 2340 1347 et
2366 1293 2632 1364 Georgius
2683 1302 2738 1348 et
2789 1295 3178 1366 ehartopbylax
3228 1296 3612 1352 inscriberetur.

401 1391 470 1443 At
497 1404 596 1442 nos
625 1389 735 1456 jam
765 1387 1003 1447 tandem,
1036 1401 1104 1438 ne
1139 1385 1244 1438 ulla
1284 1385 1520 1453 amplius
1549 1381 1924 1438 dubitandi-sit
1943 1380 2178 1444 occasio,
2224 1379 2664 1450 cbartophylacis
2712 1381 2929 1434 titulum
2976 1382 3209 1452 Georgio
3239 1382 3616 1440 Nicomediensi

401 1477 794 1544 relinquamus,
826 1472 1116 1542 Georgium
1142 1479 1323 1525 autem
1353 1469 1587 1523 Pisidam
1628 1469 2068 1538 scevophylacem
2099 1466 2464 1530 nominamus,
2491 1468 2814 1522 auctoritate
2855 1467 2977 1521 freti
3009 1469 3212 1538 codicis
3247 1470 3619 1540 Vaticani.quo

404 1564 564 1632 plane
591 1563 644 1615 in
673 1569 752 1614 tot
783 1559 1131 1615 bibliothecis
1157 1573 1264 1611 non
1295 1565 1473 1611 exstat
1494 1557 1633 1610 alter
1665 1556 1747 1610 vel
1778 1555 2057 1624 antiquius
2091 1554 2178 1608 vel
2204 1553 2428 1607 nitidius
2457 1555 2710 1623 scriptus,
2747 1567 2806 1608 ut
2853 1555 2997 1608 infra
3045 1556 3150 1608 erit
3194 1555 3496 1610 dicendum.
3529 1557 3621 1609 lili-

402 1653 552 1706 nime
575 1661 768 1703 autem
791 1648 953 1716 hujus
987 1645 1194 1701 codicis
1223 1644 1628 1710 auctoritatem,
1663 1659 1826 1713 quam
1866 1659 1966 1697 nos
2010 1642 2343 1712 sequendam
2375 1643 2645 1708 ducimus,
2699 1645 2884 1700 Suida:
2930 1654 2987 1699 et
3023 1645 3315 1714 Nicephori
3351 1648 3624 1702 labefactat

401 1737 720 1795 auctoritas,
751 1735 842 1804 qui
868 1733 1158 1803 Georgium
1185 1732 1266 1788 vel
1294 1731 1772 1801 cbarlophylacem
1804 1731 1890 1785 vel
1918 1728 2348 1784 referendarium
2374 1731 2627 1786 dixerunt
2658 1749 2670 1783 :
2703 1748 2828 1786 nam
2871 1731 3056 1787 Suida:
3101 1734 3274 1789 lexico
3313 1736 3466 1804 plura
3511 1753 3626 1792 esse

401 1824 582 1880 addita
612 1838 642 1875 a
673 1819 1067 1874 recentioribus
1092 1817 1294 1884 Graecis
1318 1826 1528 1871 certum
1555 1826 1660 1882 est,
1688 1816 2027 1886 Nicephorus
2057 1827 2237 1872 autem
2273 1817 2409 1872 adeo
2443 1819 2781 1889 negligenter
2807 1819 3044 1889 loquitur
3070 1821 3137 1875 de
3167 1821 3345 1875 Pisida
3372 1822 3530 1892 (quod
3562 1840 3625 1879 ex

403 1929 453 1966 ν.
488 1911 592 1964 555
623 1907 807 1961 Poem.
838 1914 1022 1958 contra
1055 1902 1304 1958 Severum
1339 1912 1396 1957 et
1423 1901 1832 1972 “fragment.
1866 1919 1918 1957 v.
1949 1903 2067 1969 184,
2092 1903 2263 1974 patet)
2290 1914 2347 1958 ut
2375 1906 2696 1974 neutiquam
2731 1905 2979 1960 videatur
3004 1908 3392 1964 attendendus.

471 1997 671 2050 Verum
697 2009 821 2048 cum
853 1992 1061 2046 nullum
1089 1998 1260 2046 exstet
1285 1989 1565 2058 antiquius
1599 1991 1664 2043 de
1695 1988 1887 2043 Pisidae
1915 1989 2134 2058 scriptis
2162 1989 2534 2052 testimonium
2561 2006 2724 2059 quam
2758 1992 2903 2060 quod
2943 1993 2999 2046 in
3045 1993 3235 2048 eodem
3276 1993 3443 2050 Suida
3483 1997 3628 2053 inve-

402 2085 572 2147 nitur,
599 2081 882 2152 prrestabit
918 2080 1024 2134 hoc
1051 2079 1228 2148 ipsum
1264 2077 1562 2147 legentium
1591 2075 1763 2146 oculis
1793 2076 1991 2130 sistere
2021 2085 2077 2131 et
2101 2077 2264 2146 paulo
2301 2079 2562 2148 attentius
2597 2077 2944 2134 considerare
2976 2097 2990 2133 :
3028 2081 3276 2149 quamvis
3309 2083 3456 2136 enim
3494 2084 3633 2138 Alla-

405 2172 531 2236 tius,
566 2170 831 2225 Kusterus
869 2176 924 2221 et
973 2163 1254 2220 Fabricius
1305 2162 1514 2232 singula
1565 2163 1729 2218 verba
1751 2162 1931 2217 Suida
1973 2162 2203 2217 multum
2227 2174 2480 2218 accurate
2508 2165 2918 2238 perpenderint,
2947 2167 3206 2230 nonnulla
3247 2175 3427 2223 tamen
3461 2170 3634 2228 adhuc

399 2265 678 2322 observari
711 2264 866 2319 nobis
909 2262 1209 2332 continget.
1245 2258 1418 2314 Verba
1451 2259 1566 2312 haec
1602 2267 1730 2312 sunt
1763 2272 1775 2308 :
1818 2257 1918 2311 l‘ed

2121 2258 2370 2321 διάκονος
2409 2259 2508 2326 τῆς
2549 2259 2792 2330 μεγάλης
2819 2261 3113 2332 ἐκκλησίας
3136 2264 3232 2316 καὶ
3265 2265 3627 2334 καρτοψύλιξ.

401 2354 459 2407 τὸ
487 2352 716 2421 ἐπίκλην
754 2349 1002 2418 Πισιὸης,
1050 2346 1354 2417 ἑξαήμερον
1386 2345 1450 2398 δι’
1477 2343 1689 2414 ἰάμϐων
1743 2343 1834 2405 ei;
1865 2342 1971 2414 ἔπη
2004 2341 2312 2414 τρισχίλια.
2359 2344 2438 2407 εις
2481 2344 2807 2415 Ἡράκλειον
2847 2347 2938 2402 τὸν
2990 2335 3234 2417 pacata,
3282 2351 3379 2403 καὶ
3425 2353 3502 2414 εις
3541 2354 3631 2406 τὸν

399 2439 543 2494 κατὰ
575 2436 799 2508 Περσῶν
828 2436 1085 2505 πόλεμον,
1112 2433 1191 2487 ἔτι
1225 2450 1286 2485 τε
1312 2431 1582 2503 Ἄϐαρικᾶ
1613 2446 1626 2460 ’
1663 2429 2040 2500 καταλογάδην
2066 2428 2340 2499 ἐγκώμιον
2361 2431 2441 2493 εις
2470 2430 2561 2483 τὸν
2581 2429 2857 2503 ’μάρτυρα
2897 2434 3268 2500 ῗᾹναστάσιιιν.
3306 2436 3474 2505 igitur
3521 2454 3640 2506 qua

401 2537 540 2583 teste
569 2526 736 2580 Suida
765 2523 984 2592 scripsit
1041 2530 1227 2576 noster
1279 2509 1564 2589 Georgius,
1608 2518 1724 2574 base
1769 2525 1900 2572 sunt
1947 2537 1959 2570 :
2025 2517 2072 2572 l.
2108 2516 2484 2582 Hexaemeron,
2522 2520 2574 2572 Ξ.
2609 2522 2664 2573 in
2706 2520 3028 2584 Heracliam,
3052 2523 3104 2575 5.
3139 2521 3216 2574 De
3245 2523 3376 2576 bello
3408 2523 3634 2589 Persico,

400 2615 450 2668 4.
479 2614 726 2676 Αθανὶοα,
741 2621 798 2665 et
813 2611 864 2664 5.
882 2609 1194 2664 Encomium
1210 2606 1476 2661 Anastasii
1497 2606 1745 2675 martyris
1763 2621 1781 2660 :
1798 2617 1960 2674 atque
1984 2605 2033 2660 id
2048 2605 2387 2675 quidemnon
2400 2607 2531 2662 satis
2557 2618 2702 2662 recte
2723 2607 3006 2663 definitum
3022 2621 3146 2664 esta
3161 2610 3327 2664 Suida
3346 2652 3358 2664 .
3381 2613 3484 2666 alia
3496 2615 3638 2666 enim

399 2703 642 2772 ejusdem
671 2699 908 2755 auctoris
933 2697 1192 2767 opuscula
1211 2695 1368 2750 nobis
1385 2694 1630 2748 invenire
1651 2693 1893 2764 contigit,
1919 2711 2040 2763 qua:
2067 2714 2094 2752 a
2121 2699 2284 2754 Suida
2307 2716 2412 2755 non
2427 2707 2814 2768 memorantur,
2840 2701 3080 2771 velquod
3100 2717 3289 2757 eormn
3309 2703 3422 2774 ipse
3438 2703 3640 2758 nullam

403 2791 654 2848 habuerit
667 2788 932 2850 notitiam,
953 2787 1032 2841 vel
1050 2786 1279 2856 quod,ut
1294 2795 1470 2839 tamen
1490 2785 1667 2837 minus
1684 2799 1811 2840 vero
1827 2799 1948 2839 esse
1961 2787 2137 2844 simile
2153 2791 2310 2845 nobis
2327 2793 2556 2856 videtur,
2575 2807 2638 2846 ea
2655 2809 2776 2848 esse
2798 2794 3190 2848 contemnenda
3205 2796 3494 2864 putaverit.
3503 2796 3576 2849 Ac
3591 2795 3639 2848 l.

403 2884 480 2936 De
495 2881 640 2934 Hera
649 2894 837 2943 emero,
869 2875 1012 2946 quod
1041 2871 1680 2958 allirmatlongumfuissc
1698 2887 1910 2941 poema,
1926 2877 2068 2942 quod
2086 2878 2257 2934 tribus
2275 2879 2419 2933 mille
2435 2881 2662 2934 senariis
2675 2889 2967 2944 constaret,
2989 2881 3294 2936 dubitarem
3309 2884 3555 2945 omnino,
3569 2898 3642 2938 an

402 2970 454 3024 id
479 2983 715 3038 unquam
746 2981 936 3021 verum
963 2979 1085 3020 esse
1109 2964 1368 3032 potuerit,
1401 2978 1522 3016 cum
1559 2961 1752 3014 nullilii
1781 2970 2037 3032 appareat
2069 2962 2437 3020 Hexaemeron
2469 2981 2588 3020 esse
2626 2967 2895 3030 mutilum,
2919 2977 2973 3021 ct
3001 2982 3068 3020 ex
3089 2969 3644 3025 omnibuscodicibu:

401 3057 685 3126 diligenter
718 3052 962 3108 excussis
987 3059 1148 3120 atque
1179 3049 1412 3104 evolutis
1453 3047 1537 3100 vix
1591 3048 1700 3106 duo
1729 3047 1894 3101 millia
1928 3048 2230 3104 iamborum
2259 3053 2416 3106 nobis
2442 3053 2693 3122 colligere
2717 3053 2953 3108 licuerit.
2986 3052 3168 3119 Quare
3201 3063 3284 3108 tot
3312 3071 3508 3110 versus
3554 3057 3644 3110 it:-

404 3145 682 3200 tereidisse
705 3142 1030 3213 persuadere
1060 3140 1190 3194 mihi
1217 3153 1324 3192 non
1353 3147 1614 3207 poteram,
1643 3152 1706 3190 ac
1731 3137 1910 3206 potius
1940 3137 2194 3192 mendum
2225 3139 2275 3191 in
2297 3138 2474 3195 Suidre
2505 3149 2708 3194 textum
2743 3140 3023 3210 irrepsisse
3039 3156 3261 3195 mecum
3286 3143 3402 3211 ipse
3435 3145 3646 3214 cogita-

402 3235 547 3297 bam,
578 3241 636 3286 ut
668 3247 769 3301 pro
801 3228 1078 3300 τρισχίλια
1106 3225 1186 3298 {1).
1218 3224 1291 3296 Χ]
1327 3224 1614 3294 legendum
1638 3231 1784 3278 esset
1815 3225 1921 3293 δισ)

2126 3224 2329 3288 Verum,
2367 3228 2414 3281 si
2475 3229 2650 3296 placet
2700 3229 2963 3296 quosdam
3015 3229 3177 3283 etiam
3229 3232 3532 3296 versiculos
3579 3248 3645 3286 ex

403 3319 505 3374 bac
545 3326 791 3388 poemate
821 3312 1384 3375 avulsos'desiderari,
1416 3327 1520 3364 non
1554 3311 1762 3381 negabo
1791 3327 1803 3362 :
1841 3327 1964 3366 eum
1993 3312 2141 3366 enim
2179 3323 2350 3368 totum
2390 3324 2601 3370 constet
2634 3317 2816 3370 mndtis
2845 3317 2997 3385 quasi
3031 3318 3313 3387 particulis
3361 3329 3416 3372 et
3469 3336 3650 3374 mem-

404 3407 534 3470 bris,
575 3404 650 3458 nil
679 3404 836 3474 plane
864 3401 1074 3456 facilius
1101 3415 1264 3470 quam
1301 3407 1358 3452 ut
1387 3397 1783 3466 exscriptorum
1821 3396 2162 3454 incuria-uua
2195 3402 2276 3456 vel
2305 3403 2472 3458 altera
2507 3404 2728 3471 perierit
2764 3413 2819 3457 et
2843 3404 3113 3458 ellluxerit
3149 3422 3212 3459 ex
3267 3405 3374 3458 illis
3429 3407 3646 3461 descri-

400 3494 701 3565 ptionibus,
725 3507 866 3562 quas
895 3491 964 3545 de
995 3489 1234 3559 lapidum
1280 3488 1695 3557 plantarumque
1715 3495 1770 3540 et
1813 3487 2127 3542 animalium
2162 3489 2512 3566 qualitatibus
2537 3490 2765 3544 fortasse
2801 3491 3094 3545 exhibebat
3123 3501 3335 3546 auctor.
3371 3493 3426 3547 ld
3459 3503 3648 3547 autem

402 3583 742 3652 codicesipsi
763 3579 1094 3634 confirmare
1122 3578 1394 3639 videntur,
1425 3576 1479 3629 in
1513 3576 1713 3646 quibus
1741 3575 2016 3640 omnibus,
2053 3575 2096 3630 si
2125 3593 2292 3631 unum
2324 3577 2646 3632 Vaticanum
2685 3577 2820 3630 “26
2861 3578 3118 3648 excipias,
3169 3595 3460 3648 perperam
3507 3582 3618 3635 seri

405 3681 577 3741 ptum,
616 3667 1002 3736 interpolatum
1045 3679 1109 3718 ac
1146 3662 1397 3717 mutilum
1437 3661 1808 3716 Hexaemeron
1848 3662 2247 3731 deprehendes.
2293 3663 2345 3716 2.
2399 3663 2466 3718 In
2505 3662 2810 3726 Heracliam
2843 3665 3002 3732 imp.,
3032 3681 3152 3734 qua:
3183 3665 3386 3721 Suidas
3411 3675 3652 3723 testa'ur

404 3758 686 3828 scripsisse
699 3753 950 3818 Pisidam,
971 3761 1099 3806 sunt
1121 3752 1278 3822 plane
1297 3764 1547 3805 acroases
1565 3758 1694 3815 tres,
1716 3748 2028 3819 quaestuum
2053 3747 2105 3800 in
2124 3747 2389 3816 principio
2406 3747 2631 3816 hujusce
2649 3748 2778 3802 tomi
2797 3758 3084 3804 occurrent
3099 3751 3200 3803 sub
3214 3751 3318 3828 hoc
3337 3753 3499 3806 titulo
3521 3772 3534 3805 :
3558 3755 3652 3816 Ei;

403 3850 501 3918 τὴν
523 3827 526 3828 ν
551 3845 693 3900 κατὰ
737 3841 963 3914 Περσῶν
1015 3839 1373 3912 ἐκστρατείαν
1399 3837 1734 3908 ιῚιρακλείου
1760 3836 1854 3890 τοῦ
1881 3836 1922 3906 βε

2132 3852 2164 3898 ;.
2207 3833 2322 3888 lluc
2349 3850 2486 3904 opus
2513 3850 2617 3888 una
2649 3850 2772 3889 cum
2805 3835 2946 3900 aliis,
2978 3851 3098 3904 qua:
3127 3827 3390 3907 deinceps
3411 3854 3444 3892 a
3481 3839 3651 3893 Suila

405 3935 712 3997 laudantur,
756 3928 1096 3984 intercidisse
1129 3927 1370 3981 omnium
1405 3925 1613 3996 primus
1643 3925 1939 3978 arbitratus
1969 3931 2054 3976 est
2079 3921 2359 3982 liusterus,
2393 3936 2456 3975 ac
2485 3931 2608 3990 post
2633 3936 2755 3975 eum
2779 3920 2944 3986 Cave,
2981 3923 3072 3992 qui
3110 3924 3273 3978 etiam
3306 3925 3374 3979 de
3401 3941 3512 3978 suo
3547 3942 3653 3980 no.-

407 4025 487 4079 bis
515 4020 756 4077 obtrudit
782 4031 1031 4072 acroases
1057 4017 1123 4070 de
1153 4014 1401 4069 Heraclio
1431 4021 1655 4084 agentes
1685 4011 1984 4066 Historiam
2013 4026 2188 4065 rerum
2220 4008 2285 4061 ab
2319 4007 2562 4062 Heraclio
2585 4019 2850 4078 gestarum
2877 4018 2925 4062 et
2955 4009 3081 4063 belli
3111 4008 3312 4066 Persici
3335 4012 3654 4066 continere.

405 4111 620 4165 Utinam
650 4105 929 4161 historiam
959 4103 1139 4173 potius
1187 4109 1347 4171 quam
1378 4100 1596 4170 jejunus
1635 4098 1934 4153 versiculos
1970 4095 2282 4164 scripsisset
2311 4094 2510 4157 Pisida,
2545 4110 2609 4149 ex
2641 4095 2836 4165 quibus
2866 4112 3010 4166 saepe
3050 4097 3294 4152 divinare
3343 4099 3432 4153 vis
3471 4100 3657 4164 possis

403 4197 532 4266 quid
564 4195 677 4264 ipse
699 4191 914 4247 sentiat.
944 4189 1192 4244 Oudinus
1222 4187 1406 4242 omnia
1438 4186 1629 4240 l'isidaa
1668 4200 1832 4254 opera
1867 4200 1896 4237 a
1941 4182 2108 4238 Suida
2171 4189 2468 4235 memorata
2505 4189 2724 4236 exstare
2773 4183 2828 4236 in
2890 4182 3218 4238 bibliotheca
3274 4184 3546 4240 Vaticana
3589 4203 3658 4240 ex

405 4281 634 4336 Maltreti
671 4278 988 4348 praefatione
1019 4277 1071 4330 iu
1099 4275 1427 4344 Procopium
1461 4273 1747 4337 didicerat,
1779 4271 1874 4326 sed
1903 4270 2016 4340 ipse
2041 4283 2258 4339 quoque
2285 4284 2410 4340 cum
2457 4267 2602 4324 Cave
2633 4269 2683 4322 in
2727 4284 2970 4324 errorem
3023 4271 3290 4326 adductus
3344 4271 3658 4325 Historiam

329 4409 334 4424 .
401 4372 464 4422 de
503 4368 651 4422 rebus
688 4364 924 4436 Heraclii
958 4363 1122 4436 nobis
1154 4360 1435 4430 reliquisse
1461 4357 1695 4412 Pisidam
1725 4357 2070 4412 existimavit.
2105 4357 2255 4421 Inde,
2289 4365 2347 4410 ut
2371 4356 2568 4420 sentio,
2602 4371 2791 4410 eorum
2824 4364 3084 4412 ortus‘est
3127 4374 3300 4424 error,
3328 4361 3482 4430 quod
3523 4371 3660 4413 ante

328 4455 346 4506 ἒι
401 4458 706 4510 Maltretum
732 4469 798 4508 ex
819 4451 1002 4505 Suillio
1037 4458 1183 4508 textu
1217 4463 1325 4501 non
1361 4449 1492 4500 satis
1525 4445 1779 4514 liqueret,
1815 4459 1937 4513 quae
1969 4453 2154 4498 noster
2192 4444 2456 4524 Georgius
2488 4451 2663 4498 metro
2678 4444 2910 4498 astricta
2932 4453 2989 4498 et
3021 4461 3141 4514 qua:
3175 4448 3360 4500 soluta
3390 4447 3661 4500 oratione

343 4529 347 4532 ’
399 4547 600 4616 scripta
633 4543 865 4616 posteris
901 4538 1234 4600 tradidisset,
1271 4545 1330 4589 ut
1365 4551 1486 4589 mox
1526 4534 1792 4589 dicemus.
1836 4535 1888 4587 5.
1931 4532 2005 4587 De
2035 4533 2168 4586 bello
2201 4532 2415 4586 Persico
2443 4531 2588 4602 quod
2622 4531 2772 4586 addit
2801 4530 2996 4587 Suidas
3039 4533 3330 4602 scripsisse
3379 4533 3661 4601 Pisidam,

397 4635 465 4688 ad
494 4613 735 4704 geminas
773 4641 1025 4682 acroases
1053 4623 1393 4679 referendum
1411 4631 1512 4682 est.
1544 4637 1681 4690 quas
1712 4619 1899 4690 grandi
1931 4636 1996 4674 ac
2025 4620 2187 4675 nimis
2215 4619 2433 4690 turgido
2465 4618 2812 4688 Heracliados
2845 4618 2999 4672 titulo
3044 4619 3332 4690 insignitas
3379 4621 3493 4674 sub
3538 4638 3664 4674 nu-

397 4735 556 4775 mero
587 4736 618 4769 v
649 4729 876 4786 operum
907 4711 1100 4766 Pisidae
1127 4710 1216 4764 hic
1247 4709 1511 4764 invenies.
1561 4707 1789 4762 Allatius
1819 4707 2190 4762 Heracliadem
2217 4723 2385 4762 unum
2415 4720 2535 4760 esse
2562 4720 2698 4774 opus
2721 4720 2847 4759 cum
2886 4706 3166 4775 superiore
3185 4721 3476 4775 perperam
3519 4724 3662 4762 cen-

398 4808 540 4871 suit;
577 4815 634 4860 et
661 4785 819 4874 plane
846 4800 1042 4855 mirum
1074 4798 1290 4852 videtur
1329 4804 1539 4850 tantum
1570 4795 1747 4848 virum
1779 4793 1954 4862 decipi
2001 4795 2263 4865 potuisse,
2294 4795 2388 4863 qui
2421 4785 2498 4848 oe
2530 4794 2764 4862 Georgiis
2793 4801 2977 4864 ageret
3002 4808 3066 4847 ex
3100 4792 3370 4862 professo,
3423 4794 3534 4863 qui
3593 4795 3668 4848 de

398 4896 576 4951 Pisida
605 4902 728 4948 tam
747 4889 950 4946 diserte
981 4886 1220 4956 scripsit,
1257 4883 1350 4953 qui
1378 4883 1724 4937 bibliothecae
1759 4880 2031 4939 Vaticana:
2058 4882 2159 4936 fuit
2188 4881 2477 4952 praefectus
2507 4880 2887 4936 meritissimus
2911 4894 2974 4934 ac
2999 4880 3132 4933 nulli
3159 4879 3318 4948 plane
3365 4881 3670 4936 secundus

398 4983 487 5055 qui
523 4981 763 5044 tandem,
791 4977 934 5048 quod
977 4975 1062 5028 vel
1092 4972 1385 5027 maximum
1414 4979 1517 5032 est.
1553 4969 1890 5039 praefecturae
1922 4967 2086 5036 hujus
2130 4980 2357 5020 munere
2395 4975 2503 5020 tam
2558 4963 2901 5055 laudabiliter
2942 4962 3162 5016 functus
3204 4973 3288 5016 est
3345 4973 3476 5032 post
3523 4964 3668 5017 llol-

398 5050 654 5133 steuium,
687 5081 717 5120 a
748 5081 856 5135 quo
888 5062 1168 5116 Ma'ltretus
1197 5057 1370 5128 ipsius
1404 5056 1596 5110 l’isidae
1623 5055 1880 5126 opuscula
1915 5066 2218 5126 acceperat.
2256 5053 2455 5108 Verum
2489 5052 2713 5108 omnino
2750 5050 3042 5108 dicendum
3079 5059 3163 5104 est
3209 5051 3505 5112 Allatium,
3563 5051 3668 5120 qui

397 5171 588 5212 omnes
618 5156 737 5224 ejus
766 5151 1106 5207 bibliobecae
1137 5147 1422 5202 thesauros
1456 5144 1826 5214 investigat-at.
1860 5143 2006 5199 hunc
2037 5153 2240 5206 tamen,
2273 5141 2459 5196 nescio
2484 5154 2592 5210 quo
2639 5153 2789 5201 casu,
2841 5137 3061 5191 latuisse
3111 5138 3378 5202 codicem,
3420 5154 3496 5194 ex
3546 5153 3669 5208 quo

395 5248 631 5320 primum
657 5239 970 5298 Holstenius
996 5255 1058 5294 ac
1083 5254 1184 5292 nos
1222 5235 1420 5290 deinde
1447 5234 1661 5304 Georgii
1702 5235 1903 5304 scripta
1935 5231 2376 5301 deprompsimus
2405 5246 2417 5280 :
2461 5241 2640 5295 neque
2668 5226 2815 5280 enim
2858 5224 3018 5280 ullibi
3040 5223 3188 5278 illius
3236 5226 3446 5280 codicis
3493 5240 3670 5280 mens

395 5317 600 5395 tionem
642 5334 786 5390 facit.
823 5333 886 5387 ι.
913 5333 1000 5386 A‘d
1036 5331 1264 5384 Abarico
1308 5327 1449 5398 quod
1483 5336 1747 5396 spectata
1783 5327 1947 5381 Suida
1978 5333 2172 5394 quarto
2203 5322 2320 5376 loco
2353 5320 2588 5382 laudata,
2624 5334 2654 5372 a
2696 5317 2851 5372 nobis
2889 5327 3068 5384 autem
3099 5317 3152 5370 in
3189 5320 3428 5373 secundo
3467 5334 3655 5388 repo-

393 5427 522 5492 sita,
550 5432 758 5478 certum
788 5429 872 5474 est
899 5433 1053 5488 aeque
1080 5425 1142 5470 ac
1171 5416 1273 5470 alia
1306 5411 1425 5476 tria,
1461 5415 1527 5468 de
1566 5414 1764 5483 quibus
1793 5413 2023 5483 egimus;
2061 5429 2223 5485 opera
2259 5413 2451 5466 iambis
2479 5411 2678 5482 scripta
2709 5425 2848 5466 esse.
2893 5409 2995 5474 Qui
3022 5409 3166 5464 enim
3208 5426 3331 5464 cum
3382 5412 3544 5465 Cave
3603 5419 3668 5463 et

393 5515 750 5573 fmlinobmc
781 5509 958 5565 omnia
1011 5524 1169 5578 prosa
1219 5506 1490 5560 eﬂ‘udisse'
1516 5503 1751 5559 Pisidam
1787 5510 2068 5575 putarunt,
2115 5499 2340 5552 onmino
2389 5496 2508 5550 falsi
2559 5505 2708 5557 sunt,
2768 5498 2912 5562 quod
2967 5495 3020 5546 in
3069 5494 3252 5548 Suida:
3298 5495 3668 5549 editionibus

393 5605 667 5678 prioribus
703 5614 962 5657 excusum
997 5596 1257 5666 legissent
1317 5594 1398 5645 ἔτι
1428 5609 1487 5644 τε
1517 5594 1783 5662 ’Λϐαρικὰ
1834 5610 1904 5644 κα

2148 5603 2229 5654 ην.
2273 5585 2379 5638 Sed
2435 5598 2623 5637 vocem
2684 5581 3056 5648 καταλογάδην
3088 5581 3153 5633 ad
3198 5583 3492 5651 sequentia
3527 5596 3667 5637 esse

397 5671 732 5747 referendam
763 5687 998 5758 primum
1031 5687 1179 5737 reete
1199 5680 1432 5749 coniecit
1462 5680 1742 5734 Kusterus
1765 5695 1830 5733 ex
1861 5693 1964 5732 ms.
2005 5677 2318 5740 Parisiensi,
2356 5691 2420 5730 ac
2468 5673 2668 5728 deinde
2706 5689 2735 5727 a
2766 5673 3014 5730 Maltreto
3038 5673 3266 5728 edoctus
3290 5671 3668 5728 confirmavit

395 5781 706 5846 Fabricius;
757 5756 924 5848 quare
980 5778 1180 5829 textus
1223 5769 1313 5824 ille
1369 5781 1593 5838 prorsus
1641 5769 1712 5823 ita
1759 5777 1843 5823 est
1895 5768 1908 5820 i

2142 5765 2402 5834 igendus:
2449 5761 2530 5814 ἔτι
2582 5777 2642 5812 τε
2687 5756 2973 5830 Ἀϐαρικά.
3026 5758 3418 5830 Καταλογὰὂην
3455 5757 3661 5827 ἐγκώ-

400 5891 540 5946 μιον,
589 5861 692 5928 etc.
744 5869 874 5924 Nam
923 5866 1064 5937 quod
1115 5879 1212 5934 pro
1253 5860 1442 5930 quinto
1480 5875 1646 5929 opere
1701 5858 1892 5914 Pisidr
1929 5861 2182 5930 propon‘t
2211 5855 2426 5920 Suidas,
2484 5850 3112 5912 EncumimnAnastasii
3169 5856 3440 5922 martyris,
3517 5863 3660 5902 vere
