3848 6342
266 389 401 457 1189
1644 379 2056 441 ΡΒίΕΕΛΤΙΟ.
3384 365 3519 430 1170

258 498 637 572 καταλογάδην
675 514 833 573 prosa
891 496 1157 569 scriptum
1206 505 1310 560 est,
1361 510 1424 549 ac
1477 506 1605 549 vere
1653 492 1817 549 etiam
1851 494 1919 548 de
1966 490 2249 546 Anastasio
2279 489 2444 546 Persa
2478 490 2609 563 agit,
2661 506 2769 544 non
2804 489 2873 545 de
2900 487 3082 558 aliquo
3114 483 3426 571 Athanasio,
3461 496 3523 539 ut

258 571 626 661 suspicionem
658 571 830 643 movit
858 585 1131 645 [instet-us
1162 599 1228 639 ex
1262 599 1366 638 ms.
1397 580 1693 638 Parisiensi
1723 581 1777 636 St

2004 594 2039 632 n
2075 592 2185 647 quo
2212 592 2313 647 pro
2373 576 2456 639 εἰς
2496 575 2590 631 τὸν
2613 577 2971 630 ’Δναστὰσιον
3016 571 3119 644 legi
3156 572 3397 655 allirmat
3442 571 3522 634 ei;

258 677 354 733 τὸν
386 676 562 748 μέγαν
584 672 925 736 Ἀθανάσιον,
953 688 1077 743 quae
1096 686 1241 733 sane
1272 671 1439 727 lectio
1466 670 1698 742 vulgata:
1725 683 1777 722 nt

1053 688 1077 727 e
1096 686 1241 733 sane
1272 671 1439 727 lectio
1466 670 1698 742 vulgata:
1725 681 2073 738 nequaquam
2104 674 2191 720 est
2216 663 2572 735 praeferenda.

333 746 417 836 [p.
447 760 545 835 XI]
575 747 705 819 .lam~
736 776 868 817 vero
895 760 964 816 de
992 759 1251 815 omnibus
1288 756 1551 828 operibus
1575 756 1791 820 Pisidae,
1824 770 1893 810 ac
1932 755 2003 809 de
2033 752 2226 808 ordine
2244 766 2356 822 quo
2401 750 2509 806 illa
2537 749 2745 806 edenda
2793 764 2917 803 esse
2967 746 3304 810 censuimus,
3355 758 3528 816 pauca

259 851 514 907 dicamus
549 876 560 905 ι
596 848 772 927 fusius
805 848 955 903 enim
983 847 1039 902 in
1079 845 1305 902 monitis
1340 843 1709 915 peculiaribus
1730 844 1799 900 ad
1821 840 2247 913 unumquodque
2271 838 2580 910 poemation
2608 837 2847 910 pmllxis
2878 838 2995 893 lucc
3019 841 3350 906 pertractata
3374 842 3522 927 sunt.

262 937 437 1010 Igitur
471 954 594 1009 quae
626 922 908 997 hactenus
937 933 1166 1006 reperiri
1199 942 1498 1005 potuerunt
1526 933 1593 1005 (si
1616 947 1723 1003 qua
1754 939 1935 987 tamen
1960 929 2062 985 alia
2115 935 2319 1000 praeter
2356 942 2420 983 ea
2442 941 2570 997 qua:
2609 925 2939 997 proferimus
2989 924 3047 979 in
3097 924 3272 979 lucem
3314 920 3531 993 scripsit

256 1025 545 1098 Georgius)
579 1026 699 1081 btec
725 1032 873 1087 sunt.

334 1119 387 1172 1.
430 1119 529 1182 Εἰς
557 1117 656 1188 τὴν
680 1118 825 1172 κατὰ
856 1112 1084 1186 Περσῶν
1113 1109 1472 1184 ἐκστρατείαν
1513 1104 1775 1181 Ἠρακλεί

2015 1104 2280 1177 βασιλέως
2297 1120 2313 1136 ·
2345 1104 2419 1160 De
2436 1103 2762 1170 expeditione
2790 1102 3029 1159 Heraclii
3048 1102 3177 1172 imp.
3198 1109 3379 1155 contra
3401 1098 3532 1155 Per-

260 1231 375 1275 sas,
416 1222 526 1269 tres
559 1223 691 1269 sunt
720 1208 1169 1277 acroases,,1098
1199 1206 1410 1261 iambos
1432 1208 1797 1283 continentes,
1832 1203 1888 1257 in
1921 1200 2125 1272 quibus
2150 1200 2326 1255 virtus
2352 1208 2407 1255 et
2437 1198 2628 1270 religio
2662 1196 2893 1253 Περισιῆ
2925 1195 3228 1251 immodicis
3266 1193 3381 1250 fere
3418 1196 3535 1251 lau-
3584 1236 3595 1247 κ

259 1306 423 1361 dibus
440 1307 796 1372 extolluntur,
821 1304 965 1375 quod
995 1302 1085 1356 ille
1107 1309 1265 1357 actus
1280 1299 1540 1355 Cbosroaa
1570 1299 1710 1369 regis
1738 1296 2017 1368 impietate
2034 1305 2086 1351 et
2104 1294 2332 1366 perﬁdia
2356 1294 2409 1348 in
2433 1293 2713 1350 Persidem
2741 1307 2890 1346 arma
2918 1291 3151 1346 moverit
3177 1308 3189 1343 :
3221 1290 3397 1362 Κύρος
3426 1290 3535 1362 γὰρ

259 1394 363 1449 οὐκ
393 1390 460 1466 ἦν
490 1394 769 1463 Περσικῆς
801 1391 1131 1462 ἀπληστίας
1162 1390 1280 1444 ἀλλ’
1310 1390 1576 1457 ἐξέτειναν
1605 1388 1704 1453 τὰς
1730 1389 1778 1460 ὁ(

2016 1406 2047 1451 ης
2083 1387 2314 1457 φόνους,
2349 1396 2409 1440 ιιι
2436 1386 2515 1440 ait
2540 1398 2771 1466 aereas.
2798 1385 2846 1447 l,
2888 1402 2942 1439 ν.
2980 1385 3100 1440 106.
3150 1383 3339 1454 Itaque
3366 1382 3535 1438 ﬂera-

240 1472 401 1539 ‘clit'is
424 1484 687 1543 Pascbate
708 1485 987 1541 celebrato
1016 1494 1071 1564 et
1100 1484 1408 1559 Servatoris
1434 1484 1671 1556 imagine
1694 1482 1941 1538 munitus
1967 1497 2164 1537 navem
2195 1478 2539 1541 conscendit,
2563 1479 2633 1534 ab
2652 1465 2828 1533 iledei
2862 1477 3243 1550 promontorio
3271 1475 3455 1542 solvit,
3476 1492 3539 1531 ac

263 1589 593 1649 tempestate
624 1580 860 1651 primum
892 1580 1132 1650 iactatus
1172 1579 1227 1633 in
1254 1578 1500 1635 Ciliciam
1548 1577 1792 1649 appellit.
1827 1576 1904 1631 lbi
1940 1575 2130 1633 habito
2159 1573 2393 1629 militum
2424 1573 2641 1628 delectu
2668 1584 2862 1627 omnes
2887 1571 2953 1626 ad
2980 1566 3128 1625 arma
3170 1568 3411 1634 instruit,
3441 1567 3540 1623 in-

262 1679 503 1725 structos
532 1671 585 1726 in
616 1672 808 1727 Persas
842 1671 1104 1741 impellit,
1144 1672 1215 1729 de
1260 1672 1462 1742 quibus
1511 1672 1693 1728 statim
1740 1671 1910 1726 relata
1940 1670 2170 1725 victoria
2200 1669 2348 1725 intus
2378 1669 2433 1723 in
2463 1667 2737 1722 Persidem
2791 1666 3095 1738 irrumpere
3139 1665 3400 1720 molitur:
3436 1665 3535 1720 sed

263 1778 393 1825 eum
424 1763 643 1820 Barbari
672 1764 743 1821 de
768 1779 922 1830 more
946 1764 1121 1834 ruptis
1146 1764 1447 1845 foederibus
1476 1764 1546 1821 de
1564 1764 1881 1820 invadenda
1909 1764 2057 1835 regia
2080 1764 2215 1818 urbe
2239 1763 2567 1837 cogitarent,
2587 1758 2905 1829 Byzantium
2927 1759 3103 1815 redire
3127 1757 3337 1829 cogitur
3355 1755 3539 1811 εὍθεν

260 1852 525 1918 τυπώσας
558 1854 1005 1928 πάνταησώφρονι
1035 1858 1245 1932 τρόπῳ,
1273 1859 1370 1914 καὶ
1397 1858 1474 1930 τῷ
1505 1857 1797 1931 στρατηγῷ
1827 1858 1919 1914 τὸν
1950 1857 2181 1930 στρατὸν
2215 1856 2586 1928 συναρμόσας,
2609 1855 2702 1908 καὶ
2726 1852 2805 1924 τῷ
2822 1854 2942 1925 Θεῷ
2965 1855 3089 1918 δοὺς
3121 1855 3220 1918 τὰς
3243 1852 3331 1907 ἐπ’
3356 1853 3540 1915 αὐτοῖς

263 1947 513 2017 ἐλπίδας.
550 1951 712 2007 πάλιν
741 1951 880 2024 πρὸς
920 1953 1091 2026 αὐτὴν
1127 1954 1228 2041 sint
1259 1955 1416 2027 πᾲλιν
1457 1973 1552 2010 σου
1585 1955 1856 2020 συντόνως
1896 1952 2137 2009 τοσαῦτα
2166 1953 2379 2024 πράξας
2420 1953 2514 2007 καὶ
2559 1949 2917 2023 κατορθώσας
2956 1946 3192 2018 τρέχεις.
3242 1946 3323 2001 Ita
3358 1942 3539 2000 Pisida

262 2058 480 2102 aereas.
514 2047 567 2113 5,
599 2046 726 2113 556,
760 2060 891 2105 suas
919 2049 989 2106 de
1023 2036 1200 2121 prima
1226 2051 1577 2131 expeditione
1605 2050 1841 2107 lleraclii
1870 2051 1928 2106 in
1961 2049 2158 2106 Persas
2189 2050 2456 2106 Acroases
2482 2047 2781 2112 concludit.
2816 2048 2869 2103 in
2910 2044 3112 2118 quibus
3150 2045 3282 2100 satis
3308 2036 3542 2117 dilig‘cn-

264 2148 356 2197 ter
382 2144 566 2200 omnia
596 2144 978 2214 persequitur:
1011 2145 1291 2204 scribebat
1309 2147 1458 2204 enim
1492 2164 1617 2220 quae
1641 2148 1745 2209 sub
1768 2147 1890 2219 ejus
1918 2136 2094 2204 oculis
2117 2153 2239 2202 acta
2261 2153 2440 2211 erant,
2462 2154 2527 2201 ut
2555 2143 2812 2215 superius
2831 2142 3179 2197 observatum
3216 2133 3539 2192 est.\fcrum

265 2233 477 2303 frustra
512 2234 1097 2306 Pagiusin-Baronium
1125 2258 1260 2300 ann.
1277 2244 1406 2309 626,
1424 2246 1479 2312 4,
1505 2245 1682 2301 ex‘bis
1708 2246 1965 2317 sperabat
1990 2260 2050 2301 se
2070 2260 2233 2316 posse
2254 2244 2511 2317 supplere
2537 2257 2660 2314 qua:
2685 2232 2717 2297 a
2745 2234 3183 2308 chrOnograpltis
3214 2233 3269 2287 in
3302 2230 3540 2286 Historia

265 2329 505 2393 Heraclii
536 2334 740 2390 omissa
772 2341 1084 2409 sunt,qdod
1114 2341 1615 2398 crederetPisidam
1644 2343 1714 2397 de
1736 2342 1879 2398 bello
1909 2341 2131 2398 Persico
2161 2341 2492 2403 scribentem
2516 2338 2790 2404 historici,
2811 2350 2925 2390 non
2952 2339 3128 2403 pectre
3154 2339 3384 2383 munere
3412 2338 3537 2379 esse

266 2421 515 2479 intactum
543 2424 846 2497 diligenter.
878 2428 972 2485 Ait
992 2429 1138 2486 enim
1168 2449 1183 2486 :
1210 2429 1439 2487 amissio
1460 2431 1555 2487 illa
1581 2433 1789 2487 nonnisi
1817 2448 1883 2487 ea:
1901 2432 2123 2505 Georgio
2147 2431 2353 2487 Pisidia
2383 2441 2599 2485 auctore
2621 2445 2813 2490 cetera,
2838 2425 2927 2496 qui
2952 2421 3111 2477 edidit
3139 2419 3296 2474 libros
3327 2427 3432 2471 tres
3466 2413 3541 2469 De

268 2512 404 2573 bello
428 2513 660 2580 Persico.
696 2535 823 2589 quos
861 2519 1159 2577 Holstenius
1195 2523 1401 2589 Itabuit,
1448 2525 1683 2595 suppleri
1724 2534 1910 2594 potest.
1952 2516 2147 2590 Quare
2172 2540 2292 2578 cum
2333 2525 2387 2579 is‘
2424 2524 2602 2578 omnia
2643 2521 3007 2589 mannscripta
3055 2532 3154 2570 sua
3193 2511 3537 2567 Eminentiss.

267 2609 421 2659 card.
438 2602 715 2663 Francisco
727 2607 1020 2669 Barberino
1048 2612 1319 2685 legaverit,
1351 2616 1532 2686 rogavi
1557 2615 1612 2671 V.
1644 2613 1703 2672 ϐ.
1722 2615 2150 2671 Schelestratium
2179 2599 2498 2670 bibliotheca:
2524 2614 2791 2670 Vaticana:
2818 2612 3121 2683 profectum
3142 2616 3211 2673 ,ιιι
3239 2623 3335 2678 pro
3356 2622 3453 2661 sua
3484 2605 3541 2658 in

268 2712 354 2755 me
381 2697 732 2757 benevolentia
771 2720 837 2760 ea:
869 2703 1073 2763 Pisidio
1095 2708 1385 2783 describere
1410 2710 1593 2771 uellet.
1618 2727 1737 2782 quae
1760 2727 1902 2765 anno
1929 2720 2075 2766 sexto
2104 2710 2224 2765 belli
2251 2708 2452 2764 Persici
2490 2716 2637 2781 gesta
2663 2708 2825 2779 fuisse
2864 2713 3072 2758 narrat.
3107 2699 3210 2755 Sed
3243 2700 3313 2753 ad
3348 2713 3429 2752 me
3456 2712 3539 2752 re-

265 2793 478 2862 scripsit
516 2796 596 2850 uir
628 2799 1013 2857 eruditissimus
1042 2806 1109 2858 'se
1129 2806 1307 2859 omnia
1341 2822 1468 2862 mss.
1497 2806 1819 2863 bibliotheca
1844 2806 2182 2869 Barberinte,
2207 2807 2619 2876 prwsertimque,
2648 2817 2765 2873 qua:
2793 2802 3005 2872 [nerunt
3035 2793 3316 2857 Holstenii,
3348 2792 3541 2846 ibidem

264 2887 560 2953 separatim
582 2895 1125 2957 asservata,studiose
1150 2899 1494 2966 percurrisse,
1517 2900 1611 2953 sed
1628 2899 1762 2954 nihil
1787 2899 1886 2954 sibi
1902 2898 2113 2971 Georgii
2130 2899 2320 2954 Pisidii
2344 2898 2647 2953 occurrisse.
2667 2893 2846 2961 Quare
2879 2894 2991 2949 alia
3013 2894 3100 2948 via
3131 2890 3277 2946 nobis
3306 2885 3539 2943 ineunda

266 2983 394 3049 erit,
419 2992 476 3037 ut
501 2985 765 3056 integram
800 2988 923 3045 belli
944 2989 1106 3060 'Itujtts
1135 2990 1414 3046 historiam
1443 2992 1685 3046 exhibere
1705 2991 1996 3047 valeamus.
2030 2992 2108 3046 Ita
2144 2991 2308 3063 plane
2333 3007 2345 3044 :
2378 3004 2505 3059 nam
2532 3004 2637 3044 nec
2668 2986 2849 3043 Pisida
2875 3002 2938 3045 ca
2966 2984 3151 3041 omnia
3179 2997 3301 3054 quae
3327 2979 3397 3034 ad
3425 2976 3542 3033 bel-

266 3077 384 3133 lum
416 3078 691 3138 Persicum
732 3094 983 3155 spectant
1016 3094 1335 3156 persecutus
1363 3094 1467 3152 est,
1500 3101 1602 3141 nec
1631 3085 1826 3142 Pisidae
1872 3087 2042 3142 libros
2082 3086 2137 3140 in
2172 3086 2562 3142 bibliothecam
2589 3082 2942 3137 Barbcrinatn
2978 3080 3164 3136 intulit
3203 3074 3538 3137 llolstenius,

268 3169 368 3224 sed
396 3185 465 3227 ex
491 3170 750 3230 Vaticana
776 3176 1081 3247 exscriptos
1114 3176 1267 3232 misit
1292 3177 1551 3233 Maltreto
1573 3174 1650 3247 [p.
1675 3172 1821 3248 χιιι.
1853 3176 2126 3233 Caeterum
2156 3177 2263 3233 hoc
2290 3172 2708 3248 poemation,de
2735 3188 2845 3245 quo
2878 3175 3032 3244 plura
3071 3170 3197 3226 alibi
3220 3167 3362 3255 dicta
3387 3173 3538 3225 sunt.

268 3270 520 3325 omnium
546 3272 935 3342 opusculorum
960 3273 1156 3331 Pisida:
1174 3274 1412 3345 primum
1443 3284 1547 3342 est,
1576 3291 1641 3331 ac
1667 3272 1897 3346 proinde
1924 3274 2100 3344 prima
2129 3273 2185 3327 in
2211 3273 2341 3329 sede
2362 3271 2739 3327 collocandum
2762 3267 2884 3324 fuit.
2908 3268 3041 3332 Quae
3063 3270 3369 3334 sequuntur
3390 3257 3537 3315 enim

264 3360 552 3430 pertinent
579 3363 647 3417 ad
676 3379 741 3419 ea
769 3380 891 3436 quae
922 3380 1043 3422 acta
1070 3374 1202 3421 sunt
1228 3375 1353 3438 post
1379 3348 1587 3424 anxium
1619 3368 1928 3440 lﬁimperii
1957 3369 2205 3442 ejusdem
2230 3366 2488 3433 Hcraclii,
2511 3362 2716 3422 Christi
2744 3362 2884 3430 622;
2914 3360 2970 3415 in
3000 3373 3166 3430 quem
3196 3355 3389 3413 incidit
3422 3367 3541 3408 me-

266 3462 480 3507 morata
509 3451 727 3510 Persica
759 3456 1037 3527 expeditio
1066 3457 1262 3528 prima.

340 3543 397 3598 3-
439 3543 533 3607 Εἰς
552 3542 651 3615 τὴν
683 3547 983 3620 γενομένην
1009 3548 1198 3619 ἔφοδον
1221 3548 1334 3606 τῶν
1358 3551 1662 3626 Βαρϐάρων
1694 3554 1791 3609 καὶ
1821 3555 1905 3619 εις
1930 3553 2031 3625 τὴν
2060 3552 2243 3608 αὐτῶν
2273 3552 2554 3624 ἀστοχίαν,
2588 3551 2707 3622 ἦτοι
2735 3545 2955 3610 ἔκθεσις
2973 3544 3069 3600 τοῦ
3088 3542 3387 3615 γενομένου
3430 3558 3535 3596 που

265 3632 441 3704 λέμου
472 3635 553 3701 εις
582 3635 840 3709 τὸτεῖχος
866 3641 965 3711 τῆς
991 3641 1624 3708 Κωνσταντινουπόλεως
1658 3662 1784 3716 μετα

2017 3645 2152 3719 ὶρων
2181 3644 2276 3698 καὶ
2306 3643 2416 3698 τῶν
2450 3640 2686 3696 πολιτῶν
2706 3657 2721 3673 ο
2747 3639 2824 3695 De
2844 3641 3144 3696 incursione
3171 3639 3314 3711 facta
3342 3654 3374 3695 a
3394 3634 3536 3690 Bar-

268 3728 418 3783 baris
448 3745 513 3783 ac
533 3731 597 3784 de
619 3731 878 3805 frustrato
901 3749 1085 3791 eorum
1112 3733 1349 3800 consilio,
1374 3734 1483 3790 sive
1513 3736 1768 3804 expositio
1800 3735 1923 3791 belli
1938 3736 2078 3808 quod
2098 3745 2302 3807 gestum
2336 3743 2413 3789 est
2438 3736 2510 3788 ad
2539 3724 2733 3789 moenia
2760 3730 2978 3802 Cpoleos
2999 3732 3138 3786 inter
3158 3730 3356 3786 Abares
3382 3738 3431 3784 et
3464 3728 3539 3783 ci-

268 3834 381 3873 ues.
411 3816 584 3890 liuius
614 3823 900 3892 poematis.
936 3824 1079 3895 quod
1120 3834 1337 3881 constat
1364 3825 1464 3882 5H
1494 3827 1762 3892 senariis,
1794 3827 2000 3883 nullam
2028 3827 2367 3883 mentionem
2397 3824 2625 3898 ingessit
2644 3824 2927 3892 -Allatius;
2969 3824 3114 3896 quod
3150 3824 3311 3895 plane
3338 3823 3551 3880 contir-.

270 3920 389 3965 mat
421 3911 662 3968 codicem
689 3911 1031 3980 Vaticanum,
1062 3930 1128 3970 ex
1153 3930 1271 3986 quo
1292 3912 1676 3989 depromptum
1719 3929 1805 3975 est
1842 3935 1968 3976 eum
2002 3936 2114 3976 non
2146 3920 2372 3977 vidisse.
2408 3917 2485 3975 De
2511 3919 2802 3984 Abaribus,
2835 3919 2926 3983 qui
2953 3934 3077 3975 cum
3101 3919 3225 3973 aliis
3250 3917 3382 3973 leris
3405 3932 3545 3989 genu

271 4004 423 4059 tibus
450 4004 821 4085 Romanorum
849 4008 1112 4065 ditionem
1151 4010 1411 4067 invadere
1439 4027 1504 4069 ac
1533 4014 1584 4069 vi
1612 4024 1669 4069 et
1694 4013 1842 4068 ferro
1868 4018 2086 4070 vastare
2116 4015 2319 4069 iterum
2365 4015 2674 4085 iterumque
2700 4012 2875 4067 moliti
2912 4023 3060 4079 sunt,
3092 4012 3343 4083 pluribus
3371 4022 3543 4083 agunt

269 4099 569 4171 scriptores
592 4103 894 4161 szantini.
924 4103 1035 4161 Nos
1060 4120 1118 4159 tn
1144 4106 1354 4162 monito
1382 4115 1440 4163 et
1460 4107 1608 4163 notis
1635 4108 1707 4164 ad
1735 4108 1840 4163 hoc
1865 4108 2203 4179 poemation,
2240 4117 2506 4178 quantum
2536 4107 2671 4163 satis
2706 4116 2809 4170 est,
2838 4104 3098 4160 diximus.
3140 4104 3421 4161 llcraclius
3451 4120 3542 4162 se-

269 4197 455 4251 cundo
476 4184 618 4250 bello
639 4204 830 4251 contra
848 4184 1146 4251 Chosroam
1178 4206 1434 4268 suscepto
1459 4198 1599 4254 adeo
1634 4199 1891 4269 praeclare
1914 4214 2028 4254 rem
2056 4198 2241 4254 statim
2264 4198 2526 4269 gesserat,
2560 4208 2622 4252 ut
2642 4213 2788 4253 anno
2815 4200 3064 4275 vertente
3095 4200 3201 4259 626
3236 4201 3348 4258 fere
3376 4202 3430 4256 in
3453 4202 3545 4257 de-

271 4287 639 4357 sperationem
661 4294 816 4342 actus
840 4286 1113 4344 Chosroes
1140 4289 1377 4356 advenis,
1402 4301 1465 4346 ut
1506 4292 1585 4347 ait
1608 4290 1996 4363 Theophanes,
2028 4308 2083 4363 p.
2109 4291 2236 4359 263,
2266 4292 2460 4347 civibus
2482 4302 2531 4347 et
2555 4292 2888 4365 [Μινυεία
2913 4298 3056 4351 omni
3079 4299 3331 4352 nimirum
3353 4316 3542 4371 genere

271 4377 403 4432 viris
436 4375 658 4441 allectis,
687 4376 877 4431 ultima
902 4376 1136 4447 experiri
1166 4378 1496 4435 decreverit.
1529 4379 1825 4436 Sarbarum
1867 4397 1987 4437 vero
2008 4398 2138 4435 cum
2164 4380 2365 4452 reliquo
2391 4382 2623 4436 exercitu
2651 4382 2839 4453 Cpolin
2878 4404 3056 4443 versus
3095 4390 3257 4455 misit,
3295 4400 3350 4443 ut
3394 4390 3538 4444 initis

268 4467 445 4533 pactis
474 4482 590 4519 cum
620 4464 828 4520 Hunnis
855 4464 1072 4536 (Abares
1102 4484 1188 4528 eos
1212 4469 1422 4540 vocant)
1452 4470 1733 4537 Abaribus,
1761 4469 1984 4535 Sclavis,
2011 4482 2060 4526 et
2091 4471 2394 4540 Gepidibus,
2438 4489 2544 4527 una
2576 4460 2739 4528 simul
2766 4491 2943 4532 omnes
2991 4480 3173 4533 urbem
3202 4481 3541 4549 impressione

270 4561 415 4630 picta
446 4560 802 4615 adorirentur.
831 4557 1021 4645 Sed-ut
1042 4557 1097 4612 in
1121 4557 1365 4626 Perside,
1391 4560 1472 4616 sic
1499 4561 1664 4617 etiam
1692 4562 1760 4617 ad
1788 4562 2193 4618 Chalcedonem
2218 4563 2506 4619 Persarum
2538 4579 2666 4635 spes
2701 4568 3080 4634 conciderunt,
3112 4569 3425 4641 Abaresquc
3444 4587 3541 4626 eo-

266 4648 692 4715 rumederati,
731 4648 822 4706 Dei
849 4666 915 4706 ac
938 4651 1173 4725 Virginis
1198 4655 1444 4726 Deiparte
1471 4672 1594 4727 ope,
1631 4656 1735 4712 fusi
1757 4673 1822 4714 ac
1845 4658 1970 4714 CiBSl
2004 4667 2153 4714 sunt.
2183 4659 2452 4715 Nimirum
2482 4660 2661 4717 Pisida
2702 4663 2896 4718 urbem
2931 4680 2962 4719 a
3008 4663 3372 4722 Barbarorum
3404 4666 3540 4721 insi-

267 4744 377 4799 diis
402 4760 513 4801 nou
547 4755 753 4801 tantum
778 4756 894 4804 arte
929 4757 986 4803 et
1012 4751 1183 4807 armis
1208 4762 1475 4821 quantum
1506 4753 1772 4810 miraculo
1802 4763 2077 4811 servatam
2108 4754 2277 4812 fuisse
2303 4757 2605 4813 contendit.
2643 4758 2817 4829 liuius
2843 4762 2988 4816 cnim
3010 4760 3148 4818 belli
3176 4772 3367 4819 contra
3393 4763 3541 4819 Aba-

269 4852 363 4893 res
395 4837 699 4910 principem
745 4841 943 4898 ducem
984 4841 1178 4900 statuit
1213 4841 1382 4897 luisse
1413 4841 1693 4916 Virginem
1740 4859 1807 4899 ac
1833 4842 2032 4899 deinde
2077 4843 2327 4915 Sergium
2358 4844 2723 4915 patriarcham
2751 4888 2766 4914 ,
2793 4851 2889 4920 qui
2921 4849 3158 4923 Virginis
3190 4853 3445 4909 mandata
3484 4854 3540 4911 in

270 4947 466 5001 preces
487 4944 545 4989 et
571 4936 836 5007 lacrymas
861 4936 1077 4994 eﬂusus
1092 4936 1368 5008 exciperet
1395 4946 1559 5007 atque
1587 4944 1999 5007 exsequeretur.
2038 4939 2331 5007 Propterea
2375 4938 2522 4993 enim
2568 4938 2655 4994 sic
2684 4940 2998 5011 alloquitur,
3048 4959 3099 4997 ν.
3134 4944 3242 5000 254
3271 4963 3284 4998 :
3319 4946 3541 5019 Ταύτην

269 5024 714 5116 συνασπίζουσαν
753 5029 815 5097 ἐξ
841 5031 997 5097 ἔθους
1032 5036 1172 5108 ἔχων
1199 5038 1662 5110 ἀντεστρατήγεις
1686 5034 1746 5103 ἐξ
1768 5037 1934 5092 ἁΰλου
1962 5037 2193 5108 καρδίας
2222 5041 2336 5101 τοῖς
2366 5039 2704 5111 ἀντιτέχνοις
2730 5040 2839 5095 τῶν
2867 5042 3097 5112 ἀγώνων
3128 5045 3402 5116 ὀργάνοις.
3438 5050 3542 5104 Τό-

268 5115 364 5182 ξθν
394 5116 507 5190 γὰρ
530 5115 674 5192 εἶχες
701 5123 796 5178 τοῦ
827 5125 966 5181 Θεοῦ
989 5129 1089 5203 τὴν
1122 5130 1334 5197 ἐλπίδα,
1369 5131 1614 5203 πύργους
1642 5131 1700 5186 δὲ
1736 5133 1787 5186 πὶ

2024 5134 2068 5187 ti
2102 5133 2235 5205 βέλη
2264 5134 2332 5188 τὰ
2375 5135 2607 5209 δάκρυα.
2643 5138 2751 5195 Sed
2784 5143 2930 5212 quod
2957 5156 3298 5211 vcrumest,
3340 5150 3543 5205 acriter

266 5221 571 5283 pugnatum
595 5229 681 5273 est
713 5229 856 5278 terra
883 5233 941 5279 et
966 5225 1124 5292 mari,
1152 5235 1212 5282 ut
1240 5241 1305 5283 ex
1326 5226 1603 5283 Chronico
1634 5228 1903 5299 paschali,
1949 5245 2004 5298 p.
2038 5230 2132 5285 391
2164 5240 2221 5286 et
2248 5246 2424 5303 ευριπ..
2499 5232 2839 5307 intelligitur.
2885 5237 3146 5306 Quamvis
3180 5252 3362 5301 autem
3393 5247 3540 5305 cives

265 5306 543 5378 (ἓνοιὶωηί
585 5324 809 5374 strenue
836 5335 897 5375 se
929 5322 1198 5392 gesserint
1229 5322 1283 5377 in
1319 5323 1427 5379 hoc
1458 5324 1620 5390 bello,
1661 5331 1716 5379 et
1744 5322 2029 5379 lleraclius
2058 5324 2113 5378 in
2152 5325 2376 5382 Perside
2406 5306 2766 5385 delentuside
2796 5330 2972 5386 salute
3008 5333 3157 5389 urbis
3183 5336 3337 5392 valde
3368 5335 3548 5393 fuerit

266 5399 536 5458 sollicitus
548 5404 787 5480 01.278),
805 5411 1158 5472 nihilominus
1187 5418 1318 5473 illud
1348 5419 1504 5489 plane
1530 5419 1779 5477 ultimum
1799 5416 1877 5490 [p.
1907 5416 2253 5493 Xlll]fuisset
2276 5420 2426 5477 urbis
2449 5421 2697 5489 exitium;
2722 5423 2831 5479 nisi
2853 5439 3095 5495 praesens
3112 5427 3181 5484 de
3211 5430 3351 5485 (τωο
3372 5431 3541 5486 adve-

480 5503 887 5598 P'SSidiutnetv
914 5512 1219 5568 munimen.
1257 5512 1445 5580 Porro,
1477 5513 1521 5570 si
1554 5512 1688 5568 ﬁdes
1719 5512 1970 5568 habenda
2001 5523 2085 5569 est
2108 5516 2321 5570 auctori
2349 5515 2606 5572 Cltronici
2639 5494 2913 5588 paschalis
2938 5559 2953 5584 ,
2988 5518 3104 5589 ipse
3144 5521 3386 5576 Abarnm
3424 5522 3536 5579 dux

263 5583 566 5657 Chaganus
592 5597 813 5651 nonnisi
840 5600 1065 5657 territus
1085 5602 1297 5658 destitit
1322 5602 1392 5658 ab
1418 5603 1568 5660 urbis
1597 5603 2018 5675 expugnatione,
2055 5604 2201 5676 quod
2232 5604 2518 5677 Deiparam
2543 5583 2773 5666 vidisset
2806 5624 2908 5680 pro
2932 5583 3234 5681 Cpnlitanis
3270 5611 3541 5668 dimican-

264 5688 383 5732 lt‘m
407 5695 421 5731 ε
442 5681 560 5791 sia!
584 5686 746 5743 τοῦτο
780 5690 934 5763 ἔλεγε
966 5695 1044 5766 τῷ
1073 5695 1255 5770 καιρῷ
1289 5696 1383 5753 τοῦ
1417 5698 1675 5772 πολέμου,
1713 5699 1793 5754 ὅτι
1829 5719 1846 5752 t
1890 5697 2034 5769 Ἐγὼ
2065 5699 2256 5772 θεωρῶ
2290 5706 2528 5773 γυναῖκα
2562 5709 3011 5783 σεμνοφοροῦσαν
3040 5710 3117 5773 si;
3146 5708 3205 5762 τὸ
3226 5710 3402 5780 τεῖχος
3440 5709 3539 5785 μό-

266 5784 371 5840 ντςν
410 5784 593 5834 quem.
644 5798 663 5830 ι
1846 5797 1851 5801 '
1964 5794 1973 5801 °
