3848 6342
413 349 435 413 l
456 351 550 415 3'15
1634 374 1780 434 JOS.
1823 377 2084 438 MARI/E
2115 380 2426 452 QUERCII

3555 393 3720 454 ῙΞῒεέ

327 519 330 522 Α
357 511 364 518 ,
409 476 512 516 nos
545 477 646 518 nec
668 479 729 516 ca
766 467 925 522 verba
948 469 1412 539 deprehendimus
1447 476 1497 530 in
1529 477 1719 534 codice
1737 480 2019 548 Vaticano,
2047 501 2226 557 neque
2257 504 2320 542 ex
2349 503 2512 543 sensu
2547 489 2664 560 ipso
2695 492 2896 562 aliquid
2924 495 3219 551 desiderari
3261 494 3710 560 intelleximas.

407 569 720 624 quanquam
748 558 927 614 adhuc
958 562 1063 616 alia
1089 574 1414 634 argumento
1445 574 1800 641 congruentia
1834 575 1958 630 addi
1989 580 2232 647 potuisse
2265 595 2294 634 a
2319 581 2512 656 Pisida
2553 599 2715 638 nemo
2741 586 2994 656 negabit;
3026 605 3215 643 verum
3246 599 3450 646 utrum
3497 593 3604 648 ille
3651 593 3710 648 id

362 708 368 718 ,
406 649 600 706 fecerit
639 669 834 719 necne,
864 657 1023 724 plane
1063 657 1330 714 incertum
1360 680 1386 750 τ’
1407 679 1566 735 opus,
1601 677 1660 723 ut
1687 685 1835 726 nunc
1863 682 1966 736 est,
1999 667 2212 731 constat
2235 653 2428 732 iambis
2466 677 2590 732 262.
2633 679 2882 735 Oudinus
2910 681 2980 737 20
3007 683 3180 754 capita
3209 687 3540 750 continere,
3583 701 3708 740 ne»

405 764 645 830 numque
670 749 934 806 Joannem
962 753 1322 825 Pbiloponum
1357 749 1520 816 tacito
1550 765 1771 823 nomine
1799 761 2028 840 arguere
2055 780 2331 828 asseverat
2360 793 2372 828 :
2409 774 2501 828 sed
2535 775 2733 845 quibus
2767 777 3067 835 rationibus
3097 783 3294 836 ductus
3327 781 3386 837 id
3415 782 3700 842 animiet.

403 840 736 912 ignoramus.
769 842 901 897 Nam
930 859 1030 899 nec
1055 847 1160 900 ulla
1189 850 1428 920 capitum
1461 853 1741 912 distinctio
1771 869 1999 929 apparet
2043 862 2098 915 in
2136 867 2406 932 poemate,
2441 840 2638 920 nec—de
2664 866 2873 922 Joanne
2899 869 3201 940 Pbilopono
3233 871 3358 927 leve
3391 874 3706 942 quoddam

404 936 552 990 nllibi
591 945 676 990 est
699 938 987 1006 judicium.
1019 940 1198 1006 Quare
1225 959 1440 1001 errasse
1469 948 1744 1006 Oudinum
1775 954 1935 1010 nobis
1965 965 2174 1010 certum
2207 967 2311 1016 est.
2347 958 2440 1027 qui
2475 959 2620 1028 quod
2647 959 2734 1014 alii
2770 960 2835 1014 de
2865 936 3193 1016 Hexaemero
3217 936 3486 1019 tulerunt
3521 966 3706 1033 judi-

400 1032 568 1084 cimn.
599 1029 664 1082 ad
699 1031 799 1084 hoc
828 1047 965 1101 opus
996 1034 1261 1090 arbitratu
1296 1054 1394 1092 suo
1423 1043 1719 1099 transferre
1753 1063 1861 1101 non
1895 1050 2182 1108 dubitavit.
2209 1051 2482 1106 Caeterum
2515 1053 2620 1107 hoc
2659 1053 2822 1108 etiam
2859 1056 3169 1124 poemation
3195 1056 3399 1128 Sergio
3443 1060 3712 1128 patriar-

365 1152 370 1158 -
399 1123 518 1177 cbae
543 1131 629 1176 cst
656 1122 1004 1192 inscriptum,
1041 1141 1202 1195 quem
1235 1128 1301 1183 de
1337 1147 1489 1187 more
1531 1134 1709 1190 Pisida
1740 1137 2054 1208 ingentibus
2084 1142 2242 1198 eﬂ'ert
2289 1145 2562 1206 laudibus,
2598 1155 2653 1200 et
2678 1122 2870 1200 contra
2898 1147 3163 1216 superbos
3190 1158 3243 1201 et
3287 1122 3542 1205 tumidos
3577 1153 3708 1206 ho-

396 1217 572 1270 mines
603 1216 768 1270 vcluti
801 1218 1072 1286 quoddam
1105 1219 1316 1290 insigne
1349 1223 1670 1284 humilitatis
1696 1233 1915 1301 exempl.

2188 1235 2276 1298 nit,
2302 1253 2354 1288 ν.
2380 1237 2517 1292 255τ
2555 1237 2616 1290 Et
2648 1238 2741 1290 καὶ
2772 1237 2908 1308 πέτῃ
2941 1237 3047 1307 γὰρ
3073 1241 3166 1291 καὶ
3192 1241 3284 1292 τὸν
3309 1242 3522 1312 αἰθέρα
3553 1247 3707 1314 τριέ-

395 1324 507 1376 χεις
530 1347 542 1370 ,
577 1307 830 1372 ταπεινὸς
860 1306 1002 1380 ἦσθα
1036 1311 1128 1362 καὶ
1169 1312 1407 1384 συνέρχῃ
1437 1317 1549 1378 τοῖς
1577 1318 1748 1372 κάτω.
1778 1319 1914 1374 Null:

2184 1333 2265 1378 est
2301 1333 2430 1380 nota
2463 1324 2746 1395 temporis,
2779 1341 2843 1379 ex
2877 1306 2982 1394 qua
3016 1306 3278 1395 conjicias
3309 1306 3543 1398 quando
3583 1306 3703 1384 ῥὶ-

393 1400 509 1454 sida
551 1401 653 1454 hoc.
682 1401 1003 1470 opusculum
1032 1399 1332 1473 scripserit.
1361 1404 1727 1472 Quamobrem
1753 1427 1876 1465 cum
1910 1413 2110 1467 nullam
2143 1423 2348 1469 certam
2379 1415 2561 1469 sedem
2589 1401 2692 1468 sibi
2731 1419 3080 1486 reposcat,ab
3097 1419 3444 1476 Hexaemero
3473 1426 3700 1493 sejun-

393 1509 520 1563 gcre
551 1493 846 1560 noluimus,
871 1496 1028 1564 cujus
1057 1496 1303 1564 quedam
1329 1498 1490 1551 veluti
1525 1501 1819 1569 appendix,
1849 1503 1892 1556 si
1919 1504 2224 1575 argumenti
2257 1505 2669 1562 similitudinem
2695 1517 2927 1574 spectes,
2957 1509 3123 1564 videri
3153 1513 3698 1584 possit.Antiqua

394 1591 702 1645 versionem
740 1589 986 1655 .llorellii,
1016 1591 1157 1662 quod
1194 1592 1320 1646 item
1353 1602 1628 1649 Servatum
1663 1607 1746 1652 est
1770 1597 1822 1652 in
1857 1598 2219 1664 llexaemero,
2249 1600 2594 1670 retinendam
2623 1601 2968 1668 censuimus,
2991 1617 3186 1656 novam
3212 1605 3381 1658 textui
3413 1606 3695 1675 subjeci-

393 1697 534 1747 mus,
561 1682 742 1752 operis
777 1683 1190 1752 perspicuitati,
1215 1697 1478 1756 quantum
1513 1690 1565 1744 in
1599 1692 1756 1747 nobis
1789 1703 1930 1760 erat,
1979 1696 2356 1751 consulentes.

463 1775 515 1829 8.
555 1775 712 1827 Km
748 1774 1041 1840 δυσσεϐοῦς
1076 1777 1314 1850 Σευῆρου
1357 1779 1706 1856 Ἀντιοχείας,
1738 1797 1919 1840 contra
1950 1789 1982 1841 it

2214 1787 2461 1843 Severum
2489 1791 2796 1846 Antiochia.
2824 1790 3052 1846 Carmen
3091 1801 3174 1845 est
3214 1802 3491 1848 constans
3529 1795 3691 1849 iam—

391 1865 478 1920 bis
511 1865 634 1929 731,
661 1882 804 1936 smpe
833 1867 968 1922 adeo
997 1869 1294 1925 obscurum
1335 1883 1389 1927 et
1424 1873 1717 1945 implexum
1745 1921 1759 1942 ,
1787 1887 1846 1932 ut
1875 1894 2019 1949 sazpe
2049 1880 2210 1934 etiam
2242 1881 2438 1951 stylum
2467 1891 2679 1936 vertere
2709 1891 2763 1936 et
2789 1889 2953 1952 caput
2991 1881 3214 1958 scabere
3244 1883 3378 1936 mihi
3407 1885 3694 1955 contige—

393 1955 482 2019 rit,
512 1972 635 2010 eum
665 1955 732 2010 de
755 1971 820 2010 eo
849 1957 1125 2014 reddendo
1153 1960 1472 2030 cogitarem.
1510 1965 1802 2020 Auctorem
1835 1967 2018 2036 operis
2042 1982 2164 2022 esse
2199 1966 2432 2021 Pisidam
2467 1967 2627 2037 plane
2666 1983 2775 2022 non
2801 1978 2883 2023 est
2917 1955 3312 2026 dubitandum:
3347 1989 3488 2028 nam
3543 1991 3690 2045 pra

391 2054 640 2117 terquam
667 2049 810 2118 quod
840 2048 1011 2119 stylus
1045 2049 1184 2104 idem
1219 2059 1302 2104 est
1333 2067 1396 2105 ac
1424 2052 1656 2124 Georgio
1686 2055 1845 2124 plane
1875 2057 2228 2122 conveniens,
2275 2057 2328 2110 in
2359 2057 2479 2111 cod.
2517 2055 2774 2136 Vaticano
2798 2057 2918 2111 aliis
2949 2059 3195 2129 ejusdem
3225 2062 3458 2130 scriptis
3495 2063 3686 2119 adne-

389 2142 560 2196 ctitur
584 2142 689 2196 hoc
720 2141 875 2196 titulo
905 2141 1012 2195 Τοῦ
1045 2143 1210 2196 αὑτοῦ
1243 2145 1389 2197 κατὰ
1420 2143 1598 2210 δυσσ.,
1637 2164 1699 2204 ac
1723 2159 1982 2219 praeterea
2014 2152 2130 2222 ipse
2160 2152 2339 2208 Pisida
2369 2152 2476 2208 sibi
2507 2152 2662 2207 testis
2692 2162 2776 2210 est
2803 2155 3171 2224 amplissimus
3203 2155 3256 2208 iu
3296 2155 3596 2226 principio
3623 2166 3685 2210 et

390 2231 444 2286 in
475 2231 582 2287 fine
612 2233 883 2302 poematis
905 2229 1096 2291 dicens
1128 2253 1187 2292 se
1210 2239 1375 2294 nimis
1401 2241 1635 2298 fortasse
1661 2244 2034 2320 imprudenter
2059 2247 2312 2319 gessisse,
2339 2246 2430 2318 qui
2463 2263 2493 2301 a
2521 2248 2684 2302 rebus
2705 2247 2772 2302 ab
2805 2247 3054 2303 Heraclio
3094 2249 3148 2302 in
3185 2248 3327 2302 bello
3359 2252 3550 2319 gestis
3575 2251 3680 2305 de-

389 2326 694 2382 scribendis
722 2328 789 2382 ad
836 2328 1170 2410 dogmatieas
1212 2334 1543 2404 qmestiones
1587 2339 1804 2395 exiliter
1855 2335 2264 2412 pertractandas
2315 2343 2557 2396 animum
2591 2341 2928 2398 traduxerit:
2972 2343 3168 2414 Ἐχρῆν
3213 2343 3268 2396 δὲ
3312 2337 3535 2412 μᾶλλον
3573 2343 3678 2411 τῆς

387 2415 558 2489 ζάλης
599 2419 706 2472 τῶν
731 2419 1038 2491 Βαρϐάρων
1066 2425 1160 2478 καὶ
1197 2426 1295 2496 τῆς
1331 2425 1556 2484 ἐνόπλου
1580 2427 1688 2482 τῶν
1725 2430 1895 2505 βελῶν
1922 2434 2234 2502 καταιγιδος
2263 2433 2681 2502 ἀπαλλαγέντας
2709 2421 2938 2504 ἡρεμίεῖν
2969 2434 3066 2487 σὺν
3104 2435 3224 2497 ταῖς
3253 2433 3464 2502 μάχαις
3490 2474 3510 2496 ο
3543 2433 3618 2496 ἃς
3645 2435 3678 2485 δ

387 2515 680 2589 κράτιστος
720 2517 968 2590 ἐκτεμὼν
1012 2511 1306 2594 εὖξργέτης
1343 2527 1404 2582 ἐκ
1428 2526 1527 2597 τῆς
1554 2527 1621 2580 δι’
1652 2529 1818 2583 αὑτοῦ
1846 2530 2085 2602 ψυχικῆς
2119 2530 2214 2603 ip.
2257 2529 2466 2602 XVlll]
2500 2529 2850 2601 χειρουργίας
2902 2527 3000 2598 τὴν
3035 2523 3303 2594 κοσμικὴν
3335 2523 3676 2593 σφύζουσι*

386 2605 550 2676 ἐξῆρε
584 2608 758 2662 νόσον.
799 2609 1009 2675 Quibus
1040 2611 1256 2679 iambis,
1293 2631 1431 2684 quos
1457 2616 1604 2690 legas
1632 2619 1687 2673 in
1717 2621 1897 2689 cperis
1927 2620 2174 2686 exordio,
2211 2637 2259 2673 v.
2294 2621 2384 2685 24,
2421 2619 2603 2674 Pisida
2630 2618 2830 2674 bellum
2852 2615 3142 2672 Abaricum
3185 2622 3239 2668 et
3267 2613 3568 2668 Persicum
3605 2615 3675 2669 ab

387 2697 638 2752 Heraclio
670 2699 900 2755 feliciter
929 2712 1244 2774 susceptum
1278 2716 1440 2776 atque
1467 2724 1496 2761 a
1527 2710 1707 2778 seipso
1734 2708 2064 2780 descriptum
2116 2720 2301 2779 aperte
2348 2709 2616 2778 designat.
2670 2705 2777 2774 Sed
2819 2707 3017 2762 clarius
3049 2707 3153 2759 hoc
3190 2703 3355 2759 etiam
3413 2703 3675 2758 demon-

387 2803 524 2848 strat
557 2796 610 2848 in
660 2795 765 2850 line
793 2814 844 2851 ν.
877 2796 1000 2861 693,
1041 2801 1109 2855 ad
1149 2803 1400 2856 eumdem
1435 2803 1812 2875 imperatorem
1845 2820 1906 2860 cc

2191 2805 2423 2860 dicens:
2460 2805 2532 2856 Τὸ
2565 2803 2941 2874 συμπέρασμα
2981 2800 3090 2853 τῶν
3134 2797 3258 2868 ἐμοὶ
3303 2796 3677 2867 λελεγμένων

385 2893 499 2954 τοῖς
528 2892 639 2954 σοῖς
666 2892 998 2966 ὖποστήριζε
1038 2894 1132 2948 τοῦ
1157 2896 1320 2964 λόγου
1343 2897 1534 2962 τόνοις.
1569 2901 1645 2958 Οὐ
1671 2900 1958 2972 δογμάτων
1990 2902 2097 2973 γὰρ
2123 2903 2282 2972 ἔσχον
2320 2900 2587 2971 ἐντρισεῖς
2614 2898 2824 2966 λόγους,
2856 2895 2941 2950 ἀεὶ
2978 2893 3034 2946 δὲ
3061 2894 3183 2955 ταῖς
3211 2892 3328 2953 σαῖς
3362 2888 3678 2959 ἐντρυφῶν

390 2985 748 3056 στρατηγίαις
773 2988 1006 3052 πτώσεις
1033 2987 1313 3060 τυράννων
1340 2989 1437 3044 καὶ
1461 2991 1670 3064 τροπὰς
1695 2993 1953 3046 ἐναντίων
1979 2995 2074 3048 καὶ
2103 2994 2230 3054 τοὺς
2257 2991 2604 3062 πολυσχεδεῖς
2624 3007 2682 3044 τε
2709 2989 2806 3042 καὶ
2835 2984 3209 3071 πολυτρόπους
3233 2998 3339 3032 των
3361 2997 3473 3052 βων
3509 2981 3674 3046 ἀτω-

388 3091 496 3127 νων
521 3073 928 3151 ὲσκιαγρὰφουν
960 3079 1171 3147 λόγους.
1204 3077 1496 3151 Georgium
1523 3075 1757 3137 Pisidam
1813 3099 1907 3138 ess

2154 3098 2178 3136 e
2213 3081 2461 3136 Heraclio
2495 3097 2558 3136 ac
2590 3081 2657 3135 de
2687 3079 2866 3150 seipse
2890 3078 2961 3132 ita
2985 3073 3268 3136 scriberet,
3297 3085 3460 3126 nemo
3490 3071 3673 3140 plane

387 3167 610 3240 negabit
636 3189 649 3225 :
675 3171 769 3226 sed
802 3183 983 3228 tamen
1011 3182 1176 3230 erunt
1197 3175 1397 3244 quibus
1419 3191 1482 3230 ea
1508 3175 1746 3246 primum
1774 3177 1901 3232 inde
1923 3178 2132 3234 orietur
2151 3177 2463 3244 admiratio,
2505 3175 2651 3246 quod
2677 3176 2847 3230 altum
2871 3173 2943 3228 sit
2969 3173 3035 3228 de
3058 3171 3163 3226 hoc
3195 3176 3447 3254 poemate
3475 3168 3673 3222 silen-

388 3260 524 3314 tium
554 3260 609 3315 in
644 3259 832 3331 Suida,
863 3263 956 3335 qui
987 3264 1228 3336 alioquin
1259 3265 1392 3322 satis
1413 3266 1648 3339 diligens
1670 3269 1889 3324 videtur
1918 3269 1973 3324 in
2001 3267 2350 3325 recensendis
2401 3267 2659 3338 operibus
2682 3265 2913 3332 Pisida;
2941 3265 3140 3320 deinde
3169 3269 3350 3318 autem
3370 3259 3527 3330 quod
3556 3273 3673 3313 nec

389 3353 676 3422 llaltretus
697 3356 838 3428 ipse,
871 3359 962 3428 qui
995 3358 1063 3414 de
1095 3358 1290 3420 iisdem
1317 3361 1574 3418 omnibus
1611 3363 1868 3432 cperibus
1899 3363 2126 3418 edendis
2151 3363 2436 3434 cogitarat,
2467 3361 2705 3432 aliquam
2738 3361 2808 3416 de
2835 3375 2902 3416 eo
2927 3359 3118 3415 fecerit
3147 3358 3508 3446 mentionem.
3547 3353 3670 3408 Ve-

389 3464 508 3502 rum
537 3449 755 3516 Suidas,
775 3451 860 3510 vel
889 3452 981 3523 qui
1011 3445 1067 3507 in
1103 3450 1326 3508 Suidam
1351 3453 1533 3514 intulit
1558 3457 1846 3512 articulum
1875 3457 1942 3513 de
1971 3457 2204 3529 Georgio
2235 3456 2437 3523 Pisida,
2458 3456 2640 3520 omnia
2667 3455 2787 3526 ejus
2816 3453 3018 3522 scripta
3047 3449 3272 3514 minime
3295 3445 3491 3501 ηονίῑε
3521 3459 3668 3498 nam

385 3553 491 3594 nec
523 3543 590 3596 de
626 3544 904 3614 opusculis
938 3545 1189 3615 superius
1213 3545 1445 3612 laudatis
1489 3550 1568 3613 εἰς
1600 3550 1896 3605 ἀνάστασιν

2148 3553 2229 3608 τὸν
2256 3553 2483 3623 μάταιον
2520 3550 2630 3622 βίον
2658 3548 2858 3619 aliquid
2891 3545 3063 3609 dixit;
3111 3557 3216 3597 nec
3243 3541 3313 3600 de
3341 3539 3486 3602 aliis,
3525 3553 3667 3608 qua

387 3630 569 3685 forsan
601 3632 945 3697 exciderunt,
972 3643 1031 3688 ut
1056 3651 1121 3689 ex
1146 3635 1472 3708 fragmentis
1509 3641 1760 3712 colligere
1786 3643 1946 3708 licet,
1976 3643 2213 3714 aliquam
2244 3642 2402 3699 nobis
2431 3640 2799 3712 suspicionem
2841 3637 3091 3710 ingessit.
3122 3633 3406 3696 Maltrelus
3433 3639 3662 3695 autem,

388 3721 503 3788 qui,
531 3731 590 3776 ut
615 3723 853 3788 videtur,
885 3725 1103 3782 nonnisi
1129 3741 1193 3780 ex
1217 3727 1384 3784 Suida
1413 3729 1753 3788 intellexerat
1774 3749 1896 3803 qua:

2142 3743 2234 3790 set
2255 3731 2538 3804 Georgius,
2571 3745 2634 3790 ea
2671 3731 2788 3800 ipsa
2814 3743 2934 3798 qu:e
2959 3726 3231 3794 descripta
3265 3724 3566 3777 invenerat
3599 3719 3661 3773 in

391 3813 558 3868 Huida
587 3813 688 3868 sibi
726 3814 867 3877 mitti
893 3815 1050 3885 petiit
1077 3816 1146 3872 ab
1181 3819 1484 3886 llolstenio,
1521 3837 1695 3890 eaque
1727 3832 1934 3878 tantum
1966 3833 2184 3895 recepta
2225 3840 2286 3880 se
2323 3823 2598 3880 editurum
2633 3817 2898 3890 premisit.
2943 3817 3128 3887 Itaque
3156 3814 3334 3869 Pisida
3369 3812 3476 3867 hoc
3507 3811 3666 3866 scri-

389 3909 499 3978 psit
528 3909 838 3980 poemation
866 3910 1009 3965 circa
1044 3927 1247 3966 annum
1275 3911 1402 3975 630,
1429 3928 1539 3983 quo
1565 3922 1812 3984 tempore
1844 3932 1872 3968 a
1908 3915 2052 3971 bello
2078 3916 2300 3971 Persico
2328 3914 2613 3984 expeditus
2645 3910 2926 3970 Heraclius
2958 3910 3024 3963 ad
3071 3907 3342 3962 sedandas
3383 3903 3590 3958 turbas
3626 3918 3662 3957 ει

389 4002 790 4074 Monopbysitis
812 4003 1077 4058 excitatas
1101 3997 1158 4057 in
1188 4003 1434 4060 Ecclesia
1468 4019 1527 4059 se
1557 4015 1903 4072 converterat

2140 4022 2166 4060 e
2198 3995 2343 4060 enim
2383 4004 2435 4059 id
2458 4003 2785 4064 declaratur,
2812 4018 2865 4056 ν.
2891 4000 2993 4054 72ε
3033 3998 3187 4052 Ἐπεὶ
3211 3996 3267 4048 δὲ
3295 3996 3390 4056 καὶ
3421 3994 3516 4048 νῦν
3551 3991 3659 4045 τυῧ

389 4092 686 4163 γαληναίου
709 4092 915 4163 τρόπου
945 4094 978 4163 ἡ
1014 4094 1295 4165 πρακτική
1326 4111 1385 4146 τε
1414 4095 1510 4148 καὶ
1538 4096 1675 4166 σοφὴ
1699 4097 2000 4166 στρατηγία
2033 4096 2168 4166 πρὸς
2185 4095 2284 4159 τὰς
2312 4093 2530 4164 γραφὰς
2567 4090 2833 4163 μετῆλθεν
2865 4091 2930 4141 ὲκ
2950 4086 3058 4141 τῶν
3086 4085 3409 4156 Βαρϐάρων,
3434 4085 3592 4148 ὅπως
3623 4084 3656 4135 ὁ

391 4183 588 4245 πείσας
619 4183 848 4254 ἠρεμεῖν
874 4183 952 4256 [ρ.
988 4182 1135 4255 ΧΙΧ]
1179 4185 1307 4248 τοὺς
1344 4185 1666 4256 Βαρῦἀρους
1711 4188 1874 4259 πείσῃ
1907 4189 2004 4240 σὺν
2035 4189 2218 4251 αὐτοῖς
2253 4187 2482 4258 ἠρεμεῖν
2515 4184 2616 4245 τὰς
2652 4183 2912 4260 αἱρέσεις·
2952 4179 3152 4235 contra
3179 4193 3340 4249 quem
3369 4185 3556 4232 amem
3591 4185 3656 4232 ει

391 4295 494 4347 qua
529 4286 710 4332 mente
741 4279 858 4333 haec
881 4278 1163 4348 scripserit
1189 4281 1478 4354 Georgius,
1511 4286 1696 4340 multis
1720 4286 2119 4357 disputavimus
2147 4287 2201 4339 in
2232 4285 2456 4350 Monito,
2491 4285 2633 4354 quod
2666 4279 2770 4337 hoc
2796 4281 2976 4350 ipsum
3015 4277 3326 4348 poemation
3357 4272 3650 4345 praecedit.

391 4371 561 4426 Recte
599 4371 818 4440 quidem
849 4372 904 4426 in
936 4371 1199 4428 Severum
1226 4374 1391 4430 habet
1421 4376 1637 4431 titulum
1673 4395 1684 4429 :
1720 4395 1842 4432 nam
1872 4379 2169 4448 quemlibet
2199 4392 2321 4432 esse
2350 4377 2500 4432 dicas
2540 4390 2661 4430 eum
2688 4363 2849 4443 quem
2877 4369 2978 4424 sub
3003 4369 3107 4466 hoc
3146 4366 3371 4444 nomine
3400 4364 3654 4466 exagitat

391 4463 594 4531 Pisida,
632 4463 1055 4535 Monophysismi
1081 4480 1297 4519 errores
1325 4465 1486 4534 plane
1513 4467 1602 4522 hic
1631 4469 1961 4534 refutantur,
2005 4469 2162 4538 cujus
2201 4466 2632 4544 haereseosidem
2669 4465 2905 4520 Severus
2929 4460 3198 4519 maximus
3227 4466 3492 4528 ρειτοηυε
3517 4455 3651 4508 fu“-

391 4557 502 4612 Sed
539 4566 726 4611 nostra
757 4556 976 4626 quidem
1004 4557 1278 4611 sententia
1303 4565 1407 4619 est,
1432 4558 1534 4612 sub
1563 4560 1788 4613 nomine
1809 4559 1997 4615 Severi
2020 4560 2335 4629 episcopum
2368 4557 2604 4628 aliquem
2633 4556 2882 4626 intelligi,
2914 4553 3007 4626 qui
3033 4552 3218 4612 Severi
3249 4550 3449 4622 placita
3473 4557 3527 4603 el
3553 4548 3651 4601 d0-

393 4652 622 4706 ctrinam
654 4659 845 4706 contra
881 4651 1151 4706 catholica
1185 4652 1436 4723 dogmata
1467 4661 1578 4707 tum
1613 4655 1873 4724 temporis
1913 4655 2112 4710 acriter
2135 4663 2396 4720 tueretur,
2431 4661 2486 4708 et
2519 4652 2682 4722 hujus
2726 4660 2889 4706 sectae.
2927 4657 3051 4720 post
3096 4646 3356 4701 Severum
3401 4639 3652 4712 aliosque

392 4743 513 4811 t-jus
538 4743 780 4798 asseclas
809 4751 972 4813 caput
998 4749 1054 4796 ct
1082 4752 1236 4811 pater
1267 4745 1592 4809 exsisteret;
1625 4761 1751 4799 nam
1792 4761 1917 4800 eum
1947 4761 2067 4800 esse
2117 4746 2380 4801 Joannem
2416 4743 2810 4813 Pbiloponum,
2844 4741 2936 4812 qui
2975 4739 3161 4795 Severi
3207 4748 3450 4806 tempore
3483 4735 3645 4790 ﬂore-

393 4837 487 4890 bat
511 4845 570 4890 et
605 4851 636 4890 a
687 4833 875 4890 Severi
908 4835 1153 4905 partibus
1183 4831 1419 4902 primum
1452 4834 1624 4898 stetit,
1655 4833 1850 4889 deinde
1880 4849 2010 4889 vero
2057 4835 2127 4889 ab
2157 4849 2222 4889 eo
2252 4833 2538 4889 discedens
2581 4831 2894 4887 Tritheismi
2925 4838 3129 4885 sectam
3167 4827 3472 4890 constituit,
3505 4835 3564 4878 ut
3591 4825 3650 4878 in

397 4923 808 4997 Prolegomenis
829 4925 895 4979 ad
929 4924 1293 4978 Hexaemeron
1327 4923 1664 4978 declaratum
1697 4933 1801 4990 est,
1824 4937 1934 4977 non
1966 4925 2320 4979 concedimus
2348 4923 2542 4978 Allatio
2570 4923 2819 4992 aliisque,
2859 4921 2950 4992 qui
2997 4922 3118 4990 ejus
3145 4917 3524 4973 auctoritatem
3559 4931 3649 4970 se-

397 5019 510 5074 cuti
542 5028 689 5074 sunt.
722 5018 791 5073 Et
819 5032 916 5073 cur
939 5018 1086 5073 enim
1111 5020 1274 5074 malis
1303 5019 1690 5090 Pbiloponum,
1718 5021 1786 5076 de
1809 5037 1918 5090 quo
1951 5021 2093 5076 nihil
2139 5022 2193 5074 in
2229 5031 2341 5075 toto
2388 5030 2635 5091 poemate
2673 5019 2931 5081 occurrit,
2960 5033 3122 5087 quam
3149 5015 3411 5070 Severum
3443 5012 3652 5084 ipsum,

397 5109 492 5178 qui
528 5108 732 5164 diserte
754 5107 1092 5172 nominatur,
1120 5109 1234 5164 suis
1275 5109 1428 5165 hisce
1459 5111 1654 5166 iambis
1682 5120 1865 5180 petere
1911 5111 2185 5166 Pisidam?
2217 5111 2324 5167 Sed
2367 5111 2623 5166 Allatium
2658 5111 2904 5180 aliosque
2934 5109 2986 5163 in
3015 5122 3256 5169 errorem
3301 5107 3530 5160 adduxit
3556 5104 3656 5158 Ni-

399 5205 626 5275 cephor.
651 5204 884 5272 CallisL,
917 5206 1060 5262 inter
1079 5219 1176 5260 eos
1197 5205 1288 5274 qui
1315 5213 1504 5259 contra
1532 5203 1822 5276 Philopon.
1848 5208 2188 5277 scripserunt
2209 5205 2405 5278 Georg.
2435 5216 2682 5262 nostrum
2717 5206 2796 5260 sic
2820 5205 3207 5263 adnumerans,
3235 5201 3272 5254 l.
3304 5193 3457 5265 xvm,
3476 5216 3526 5254 e.
3548 5201 3614 5255 48
3641 5213 3656 5248 ξ

414 5298 540 5352 Ἐπὶ
566 5297 625 5351 δὲ
649 5298 823 5370 τούτῳ
849 5299 924 5364 (id
956 5309 1061 5362 est,
1095 5308 1218 5370 post
1261 5299 1589 5354 Leontinum
1636 5299 1933 5354 monachur

2145 5301 2174 5355 ὁ
2207 5298 2510 5367 θαυμάσιος
2533 5299 2778 5361 διάκονος
2812 5297 2906 5350 καὶ
2936 5293 3348 5367 ῥεφερενδάριος
3383 5293 3654 5362 Γεώργιος

402 5392 431 5442 ὁ
459 5389 739 5460 Πισσεδης,
771 5390 1069 5462 ἡλικιώτης
1097 5391 1174 5446 ὢν
1207 5393 1423 5463 ἐκείνῳ,
1456 5395 1504 5446 εἰ
1533 5392 1630 5445 καὶ
1657 5390 1738 5463 τῷ
1763 5391 1942 5463 χρόνῳ
1978 5391 2101 5446 λίαν
2140 5389 2424 5463 νεώτερος,
2462 5394 2519 5445 ὲν
2546 5391 2758 5462 ἰάμϐων
2791 5389 3014 5460 μέτροις
3045 5387 3310 5459 ἀρίστοις,
3337 5385 3530 5456 ὥσπερ
3573 5387 3661 5436 εῖ-

405 5489 554 5538 θιστο
571 5486 823 5557 γράφειν,
847 5487 984 5556 πρὸς
1015 5487 1116 5557 τὴν
1146 5490 1446 5560 εἰρημένην
1475 5489 1690 5558 αἵρεσιν
1731 5488 1975 5551 ἀντιϐὰς,
2018 5489 2114 5541 καὶ
2147 5488 2366 5542 παιδιὰν
2406 5487 2607 5558 σπουδῇ
2655 5485 2942 5578 κεραννῦ-ς,
2984 5479 3273 5578 οὓτω-πως
3299 5474 3661 5578 διεξέρχεξιιι.

408 5578 614 5650 σφόδρα
633 5577 927 5649 διελέγχων
954 5580 1015 5632 τὸ
1037 5578 1259 5633 ἄτοπον.
1279 5578 1590 5649 Ψηφίζεται
1605 5575 1808 5630 θᾶττον
1830 5577 1959 5648 μίαν
1977 5594 2038 5630 τε
2065 5573 2164 5631 καὶ
2185 5577 2336 5648 μίαν·
2364 5578 2414 5630 εἰ
2447 5577 2558 5661 γὰρ
2585 5575 2713 5647 μίαν
2739 5592 2798 5627 τε
2816 5573 2912 5627 καὶ
2945 5570 3072 5642 μὶαν
3097 5568 3278 5634 λέγεις
3310 5566 3462 5636 μίαν,
3488 5566 3662 5634 γέλως

405 5678 466 5730 τὸ
493 5675 682 5746 λεχθὲν
707 5675 952 5746 γίγνεται
982 5676 1075 5732 καὶ
1097 5676 1428 5739 παιδίοις.⁶¹0
1454 5673 1511 5728 δέ
1542 5673 1952 5744 manumitte)
1975 5674 2140 5727 ἐστιν’
2173 5673 2506 5746 Ὁμολογεῖς,
2525 5674 2677 5742 φησὶ,
2695 5669 3097 5741 φιλοπονώτατε
3121 5665 3214 5718 καὶ
3233 5662 3658 5734 φιλοσοφώτατε,

409 5769 500 5832 δύο
523 5772 714 5845 φύσεις
739 5772 980 5846 ἡνῶσθαι
1001 5772 1076 5843 τῷ
1102 5773 1278 5843 Λόγῳ,
1309 5771 1434 5836 μίαν
1457 5771 1552 5840 τῆς
1579 5770 1832 5841 θεότητος
1863 5770 1955 5830 καὶ
1980 5769 2108 5842 μίαν
2133 5769 2233 5841 τῆς
2257 5769 2672 5841 ἀνθρωττότητος
2695 5785 2706 5797 ·
2733 5768 2780 5820 εἰ
2809 5767 2986 5820 τοίνυν
3007 5763 3099 5815 δύο
3127 5761 3314 5832 φύσεις
3333 5759 3515 5822 λέγεις
3542 5776 3662 5811 συν·
