3848 6342
0 301 305 375 ιιττ

1977 331 2081 392 'lO.
3034 362 3041 377 -
3362 332 3496 399 1179

0 426 579 500 ἐληλυθέναι
601 430 768 504 αὐτῷ,
786 433 902 498 πῶς
921 435 998 498 el;
1022 435 1150 506 μίαν
1172 431 1324 500 αὖθις
1346 436 1441 501 τὰς
1465 436 1519 493 δέ

1977 443 2089 513 ησί·
2124 442 2221 514 μία
2242 442 2349 516 γὰρ
2374 443 2468 497 xa‘.
2488 440 2590 515 μισ.
2609 441 2724 510 δύο,
2746 442 2860 498 ἀλλ’
2889 444 3008 516 οὖχὶ
3033 442 3151 516 uia.
3177 444 3354 510 “ita;
3365 445 3496 516 γοῦν

10 517 139 569 εἰ
172 537 361 587 τις
432 524 575 578 κατὰ
606 525 699 577 τοῦ
724 525 890 580 αὐτοῦ
910 528 1266 600 ὑποκειμένου
1297 531 1390 584 δύο
1420 534 1749 605 κατηγοροίη
1775 534 1853 607 [p.
1872 536 1992 609 XX]
2023 539 2165 602 τινὰ,
2186 538 2278 591 καὶ
2310 526 2470 601 αὖθίς
2504 536 2562 591 ἓν
2588 537 2751 593 πάλιν
2779 538 2849 592 τὰ
2872 537 3498 596 τοιαῦτα’ποιοῖτο.Ηα;ο

24 619 447 667 autem
476 614 659 668 omnia
684 623 830 670 recte
865 630 896 671 a
927 616 1233 689 Nicephoro
1263 619 1329 675 ad
1369 620 1563 677 Pisidae
1594 623 1756 677 verba
1786 625 2124 696 explananda
2157 627 2302 683 dicta
2335 642 2455 682 esse
2483 622 2737 695 fatemur,
2769 627 2865 683 sed
2904 625 3140 682 Pisidam
3185 627 3361 698 ipsum
3407 628 3498 683 hic

42 700 583 777 impugnare
601 704 961 779 Pbiloponum
991 726 1269 782 negamus.
1292 712 1453 769 Error
1473 714 1617 768 enim
1656 715 1939 787 Philoponi
1970 721 2278 790 przecipuus
2309 718 2409 783 fuit
2441 730 2498 776 ut
2529 722 2851 792 hypostases
2880 735 2911 774 a
2937 719 3147 776 naturis
3174 735 3284 775 non
3306 720 3499 777 distin-

58 806 472 862 δῦθι-ει,
492 812 557 852 ac
573 798 803 868 proinde
819 808 931 857 tres
954 810 1173 857 naturas
1193 803 1248 856 in
1269 802 1363 860 SS.
1385 803 1650 860 Trinitate
1672 805 1983 872 alﬁrmaret,
2007 810 2150 865 unde
2180 810 2422 865 tritheita
2452 811 2652 880 passim
2679 810 2864 875 audit;
2886 808 2952 865 ad
2982 825 3142 879 quam
3173 808 3494 866 sententiam

69 885 604 973 fgfutandam
641 890 721 945 nil
768 890 974 949 faciunt
1017 894 1181 950 iambi
1224 911 1362 966 quos
1418 913 1483 952 ex
1516 897 1693 954 Pisida
1735 900 2328 973 profertNicephorus.
2381 904 2548 959 Error
2584 912 2764 957 autem
2796 903 2995 958 Severi
3028 911 3194 972 atque
3248 901 3494 956 omnium

84 970 759 1047 Monophysitarum
787 977 890 1033 fuit
924 988 984 1035 ut
1008 996 1169 1036 unam
1191 997 1255 1037 ex
1285 983 1495 1039 duabus
1522 984 1575 1038 in
1604 985 1822 1041 Christo
1852 970 2116 1044 naturam‘
2133 1000 2253 1060 post
2277 992 2561 1056 unionem,
2593 992 2699 1045 hoc
2744 999 2828 1044 est
2871 990 2924 1043 in
2959 970 3353 1047 incarnatione,
3406 1003 3497 1042 as-

98 1070 546 1147 sgrerent;
576 1063 737 1134 cujus
758 1063 1097 1121 deliramenti
1122 1068 1421 1140 praestigias
1448 1086 1684 1141 nequeas
1723 1074 1914 1129 melius
1943 1068 2200 1146 detegere
2231 1085 2396 1146 atque
2440 1078 2781 1147 impugnare,
2844 1090 3007 1144 quam
3058 1075 3102 1129 si
3158 1089 3281 1127 cum
3317 1071 3496 1127 Pisida

118 1144 418 1203 dicas
448 1165 462 1202 :
503 1148 641 1205 Heus
669 1159 745 1216 tu,
775 1149 977 1217 Severe,
1005 1154 1051 1208 si
1076 1163 1125 1209 te
1138 1171 1241 1210 non
1268 1169 1588 1228 repugnante
1623 1159 1790 1213 altera
1825 1169 1897 1214 est
1922 1144 2234 1228 diuini—tatis,
2258 1144 2429 1218 altera
2460 1144 2580 1218 vero
2598 1144 2950 1217 humanitatis
2978 1162 3032 1214 in
3056 1159 3258 1215 Christo
3276 1152 3492 1222 natura“,

128 1239 523 1321 Quomodo
548 1237 774 1294 alterum
803 1247 853 1294 et
883 1241 1109 1297 alterum
1142 1244 1302 1299 uitaui
1330 1261 1439 1300 esse
1464 1247 1596 1301 dicis
1615 1248 1640 1300 γ
1672 1246 1857 1301 Nonne
1883 1247 1980 1301 hoc
2007 1249 2165 1302 etiam
2196 1250 2368 1318 pueris
2390 1251 2663 1313 ridendum
2693 1250 2814 1312 erit,
2861 1248 2950 1319 qui
2990 1246 3147 1316 plane
3194 1255 3381 1299 norunt
3431 1260 3496 1299 ea:

146 1337 375 1405 mena
408 1331 460 1376 et
496 1332 603 1379 una
631 1340 734 1380 non
768 1342 951 1395 unam,
985 1330 1079 1389 sed
1110 1331 1247 1387 duas
1276 1332 1564 1387 coalescere
1591 1335 1848 1387 naturas?
1875 1335 2052 1403 Atque
2075 1333 2191 1389 haec
2219 1335 2292 1389 ita
2326 1335 2485 1405 plane
2512 1334 2826 1405 accipienda
2853 1347 2976 1389 esse
2997 1331 3182 1403 operis
3209 1340 3496 1387 contextus

0 1476 25 1491 ³
158 1404 607 1471 demonstrat
639 1428 656 1467 :
691 1411 765 1466 ita
806 1413 954 1469 enim
982 1422 1159 1486 atque
1191 1417 1297 1474 huc
1338 1418 1500 1488 plane
1546 1428 1706 1474 sensu
1736 1419 1935 1485 laudati
1968 1435 1998 1474 a
2028 1404 2341 1491 Nicephoro
2367 1421 2532 1476 iambi
2579 1404 2641 1475 in
2669 1419 2932 1476 Severum
2981 1418 3393 1487 intorquentur,
3434 1422 3496 1470 ut

0 1504 25 1554 ξ»
162 1491 461 1550 videre
488 1502 593 1562 est,
621 1513 678 1551 v.
712 1496 820 1557 633
846 1507 902 1554 et
933 1514 1086 1571 seqq.
1117 1502 1249 1561 inde
1280 1511 1460 1559 autem
1487 1504 1649 1561 etiam
1674 1505 1894 1577 colligas
1921 1507 2202 1563 evidenter
2227 1523 2418 1564 omnes
2461 1517 2586 1579 post
2603 1502 2967 1575 Nicephorum
2979 1503 3343 1560 hallucinatos
3372 1514 3494 1558 esse

178 1580 584 1651 scriptores,
614 1585 707 1654 qui
732 1599 803 1641 eo
834 1586 973 1643 duce
1007 1588 1264 1646 dixerunt
1288 1590 1525 1647 Pisidam
1557 1592 1708 1648 hisce
1738 1593 1964 1649 senariis
1992 1594 2353 1666 Philoponum
2398 1595 2691 1651 lacessere.
2736 1596 2928 1664 Itaque
2976 1590 3205 1646 Aliatius
3258 1589 3492 1658 primum

194 1666 378 1722 hoc
410 1668 717 1760 testimonio
755 1671 1047 1744 Nicephori
1086 1674 1257 1733 fretus
1294 1691 1537 1735 asserere
1562 1694 1671 1735 non
1699 1680 1962 1736 dubitavit
1979 1679 2271 1752 Georgium
2288 1690 2538 1736 nostrum
2565 1681 2751 1760 aliquo
2785 1679 2992 1750 scripto
3017 1677 3284 1733 Joannem
3307 1674 3494 1730 Philo-

194 1767 478 1823 ponam
509 1754 733 1827 ejusque
769 1766 1095 1819 sectatorum
1122 1760 1371 1819 haeresim
1401 1779 1767 1839 oppugnasse;
1789 1767 2002 1833 Caveus
2023 1777 2205 1827 autem
2234 1778 2291 1824 et
2316 1767 2562 1823 Oudinus
2592 1754 2835 1838 ejusdem
2855 1763 3145 1834 Nicephori
3171 1760 3496 1827 auctoritate

206 1848 322 1895 et
336 1838 448 1897 ﬁde
462 1843 590 1898 moti
618 1842 674 1898 in
697 1842 1058 1917 Philoponum
1083 1848 1365 1921 scripsisse
1382 1848 1617 1908 Pisidam
1639 1866 1737 1923 pro
1757 1867 1815 1909 re
1835 1862 1984 1911 certa
2001 1855 2337 1922 habuerunt;
2372 1855 2469 1911 sed
2494 1868 2617 1909 cum
2633 1851 2778 1924 quod
2790 1853 2894 1907 hoe
2906 1858 3054 1907 esset
3073 1864 3211 1921 Opus
3232 1849 3288 1903 in
3306 1846 3496 1902 Philo-

216 1940 477 1997 ponum
506 1929 766 2001 scriptum
791 1933 1124 2015 ignorarent,
1154 1936 1336 1992 omnia
1365 1952 1650 2008 perperam
1679 1939 2046 1996 miscenteset
2076 1940 2132 1995 in
2166 1957 2335 1996 unum
2355 1939 2775 2005 confundentes,
2802 1952 2911 1992 non
2933 1936 3079 1991 aliud
3102 1949 3264 2007 quam
3280 1933 3495 1988 Hexae-

214 2027 464 2069 meron
500 2014 631 2070 illud
663 2028 783 2073 esse
824 2014 1181 2090 iudicarunt:
1223 2036 1347 2077 cum
1382 2030 1564 2079 autem
1602 2024 1657 2079 in
1700 2040 1766 2081 eo
1800 2018 2047 2097 poemate
2076 2028 2332 2083 Proclum
2377 2026 2647 2083 nominari
2694 2023 3229 2088 animadvertissent,
3287 2020 3494 2075 nullam

237 2097 584 2185 εὕδω-ωδε
618 2100 884 2159 rationem
911 2098 1263 2163 autumarunt
1289 2108 1611 2165 conciliandi
1639 2110 1832 2168 Pisidae
1851 2126 1976 2169 cum
2002 2114 2329 2185 Nicephoro,
2359 2129 2522 2185 quam
2556 2112 2602 2169 si
2627 2112 2873 2169 dicereut
2900 2111 3001 2166 sub
3024 2118 3168 2165 tecto
3194 2106 3369 2162 Procli
3393 2121 3494 2160 no-

244 2184 422 2268 tuine
442 2183 799 2258 l’hiloponum
824 2191 1071 2266 intelligi.
1102 2192 1208 2251 Sed
1248 2194 1527 2252 Fabricius
1572 2212 1675 2253 nec
1708 2198 1924 2256 Oudino
1955 2209 2012 2256 et
2049 2183 2227 2257 Caveo
2277 2183 2529 2256 concedit
2557 2199 2701 2256 idem
2742 2212 3022 2268 unumque
3079 2209 3201 2251 esse
3244 2208 3384 2266 opus
3436 2191 3494 2246 in

256 2258 638 2343 Philoponum
667 2291 793 2333 cum
821 2258 1175 2348 Hexaeinero,
1212 2296 1316 2338 nec
1344 2299 1476 2339 cum
1508 2285 1704 2340 Allatio
1731 2289 2020 2357 consentit,
2042 2289 2132 2359 qui
2156 2288 2427 2359 singulare
2461 2288 2655 2358 poema‘
2695 2286 2960 2341 adversus
3003 2282 3254 2339 eumdem
3308 2278 3495 2334 Philo-

258 2373 491 2428 ponum.
520 2361 776 2431 admittit,
805 2367 901 2422 sed
934 2368 1116 2438 potius
1164 2361 1435 2426 esistimat
1462 2370 1697 2428 Pisidam
1727 2374 1897 2430 tribus
1926 2376 2029 2430 illis
2077 2377 2449 2430 tantummodo
2481 2374 2767 2429 versiculis
2798 2371 3169 2427 tritbeismum
3204 2363 3493 2436 Philoponi

263 2447 499 2518 ejusqm
531 2455 882 2524 computandi
916 2457 970 2510 in
999 2457 1198 2514 divinis
1232 2461 1590 2519 temeritatem
1622 2460 2023 2532 perstrinxisse.
2057 2458 2164 2516 Sed
2192 2460 2307 2515 htec
2331 2460 2511 2515 omnia
2542 2474 2608 2512 ex
2656 2458 2875 2530 ingenio
2907 2467 3357 2525 unumquemque
3394 2466 3494 2504 sun

262 2532 456 2589 minus
493 2546 639 2593 recte
666 2537 964 2597 animasse
992 2542 1100 2612 iam
1145 2554 1359 2616 constat
1386 2561 1450 2600 ex
1496 2547 1600 2602 hoc
1644 2550 1889 2617 poemate
1940 2547 1991 2599 in
2027 2544 2295 2612 Severum,
2336 2546 2391 2601 in
2443 2561 2551 2617 quo
2592 2545 2776 2600 Pisida
2809 2545 3072 2600 Severum
3128 2541 3329 2611 ipsum,
3382 2551 3492 2591 non

265 2617 639 2692 Pbiloponum
684 2625 1021 2685 insectatur.‘
1048 2628 1238 2685 Utrum
1270 2641 1452 2687 autem
1506 2631 1688 2688 Niéeta
1732 2631 2047 2697 Choniates,
2099 2647 2260 2702 quem
2292 2632 2519 2687 Allatius
2563 2631 2637 2687 ait
2692 2631 2784 2686 lib.
2819 2646 2853 2685 ι
2900 2626 3156 2683 Thesauri
3197 2624 3498 2678 orthodoxae

266 2704 396 2773 ﬁdei
426 2709 672 2775 attumne
701 2712 1103 2785 Honophysitas,
1130 2717 1347 2773 eosdem
1379 2725 1488 2772 tres
1516 2734 1703 2774 versus
1734 2718 1976 2781 laudare.
1996 2721 2139 2775 dicat
2158 2734 2279 2775 esse
2308 2719 2429 2774 illos
2457 2727 2646 2774 contra
2667 2716 3027 2786 Pbiloponum
3059 2712 3309 2781 scriptos,
3334 2708 3497 2780 plane

268 2792 491 2861 nescio;
519 2811 828 2868 quanquam
872 2801 1018 2856 enim
1042 2803 1280 2859 multum
1308 2804 1547 2859 studioso
1578 2805 1740 2875 hujus
1770 2805 2034 2861 Thesauri
2061 2807 2277 2862 codices
2312 2808 2366 2861 in
2398 2805 2654 2861 Romanis
2680 2803 3027 2863 bibliothecis
3046 2795 3493 2868 eonquisiverim.

270 2878 465 2936 ttullibi
491 2891 669 2939 tamen
695 2885 833 2947 mihi,
852 2887 1073 2958 contigit
1098 2903 1191 2943 eos
1219 2889 1489 2955 invenire;
1531 2900 1589 2946 ut
1617 2891 1840 2949 omnino
1886 2892 2186 2947 admirarer
2231 2892 2377 2947 unde
2441 2891 2545 2945 hoc
2576 2890 2782 2944 Νἰοθιω
2822 2886 3194 2943 “Nummum
3227 2881 3500 2938 δθυθίθδθι

269 2968 523 3025 Allatius.
566 2971 749 3043 Nuper
783 2983 964 3030 autem
992 2990 1122 3031 cum
1156 2976 1479 3033 Flor-entiam
1503 2978 1681 3033 fausto
1706 2979 2110 3035 clementissimi
2148 2978 2412 3049 principis
2454 2978 2695 3033 adventu
2735 2976 3149 3032 cohonestatam
3202 2970 3495 3029 venissem.

269 3052 515 3109 codicem
542 3056 886 3123 bibliotheca
916 3060 1539 3119 Medico-Laurentianus
1574 3063 1914 3121 Thesaurum
1959 3066 2161 3123 Nicetes
2206 3065 2582 3133 continentem
2628 3063 2915 3134 diligenter
2954 3060 3154 3127 evolvi,
3206 3069 3262 3115 et
3300 3057 3497 3113 librum

270 3138 542 3197 decimum
569 3144 763 3201 iterato
787 3145 914 3218 legi.
948 3160 1051 3205 nec
1078 3147 1289 3227 uspiam
1323 3156 1505 3204 tamen
1540 3149 1827 3209 memorari
1878 3152 2113 3208 Pisidam
2143 3152 2502 3223 deprehendi.
2554 3150 2736 3218 Quare
2768 3147 3011 3218 suspicio
3058 3147 3193 3201 mihi
3228 3153 3344 3201 orta
3389 3151 3497 3206 est.

270 3228 329 3283 in
351 3244 419 3285 eo
447 3230 633 3288 codice
666 3233 848 3290 forsan
868 3235 1046 3306 aliqua
1078 3250 1200 3292 esse
1227 3237 1429 3295 omissa
1457 3252 1526 3292 ex
1552 3237 1620 3293 iis
1645 3252 1769 3308 qua:
1795 3238 1850 3293 in
1872 3239 2144 3296 Allatiano
2190 3240 2530 3312 legebantur.
2586 3236 2784 3291 Fatear
2830 3234 2999 3300 enim,
3055 3232 3214 3289 sicuti
3258 3229 3499 3286 mentio-

270 3334 400 3374 nem
438 3318 634 3374 Pisida:
658 3318 884 3392 ingessit
911 3320 1121 3389 Hiceta,
1161 3323 1218 3380 id
1244 3323 1406 3395 plane
1443 3322 1622 3381 facere
1639 3323 1827 3380 debuit
1852 3339 1920 3382 eo
1947 3326 2005 3381 in
2026 3326 2166 3383 libro
2195 3342 2358 3397 quem
2387 3324 2615 3381 Allatius
2636 3322 2889 3394 designat
2919 3339 2933 3376 :
2965 3320 3039 3377 ibi
3075 3321 3225 3375 enim
3267 3318 3498 3373 multum

272 3407 518 3478 apposite
551 3407 823 3463 variorum
850 3417 1132 3465 auctorum
1154 3408 1225 3466 de
1261 3408 1699 3483 Monophysismo
1723 3411 2007 3469 sententiae
2046 3413 2381 3469 referuntur.

341 3494 396 3552 9.
441 3492 746 3566 Ἐτκώμιον
770 3495 851 3560 εις
879 3495 973 3550 τὸν
997 3495 1252 3569 μάρτυρα
1284 3496 1634 3552 ’Δναστάσιον
1652 3516 1666 3532 υ
1694 3497 1860 3553 Encor

1981 3515 2003 3552 ι
2045 3501 2296 3569 martyris
2340 3497 2636 3562 Anastasii,
2677 3494 2754 3568 [p.
2789 3484 2935 3567 XXI]
2983 3492 3128 3565 quod
3174 3491 3305 3548 olim
3333 3488 3500 3545 fuisse

273 3596 376 3636 ms.
407 3581 464 3636 in
493 3580 821 3638 bibliotheca
849 3581 1068 3653 Antonii
1100 3582 1386 3657 Augustini
1416 3592 1645 3640 testatur
1668 3585 1917 3641 Allatius.
1966 3583 2079 3640 Nos
2123 3584 2215 3640 diu
2261 3583 2549 3656 quaesitum
2593 3583 2810 3639 tandem
2855 3580 3164 3636 invenimus
3215 3578 3272 3633 in
3326 3590 3502 3646 nuper

274 3664 489 3723 laudata
514 3660 845 3724 bibliotheca
872 3667 1494 3734 Medico-Laurentisne,
1524 3671 1660 3741 plut.
1683 3672 1735 3738 9,
1763 3687 1822 3726 n.
1857 3671 1924 3726 t5
1959 3686 1973 3722 :
2030 3669 2126 3726 sed
2157 3670 2378 3725 nonnisi
2415 3684 2611 3742 magno
2640 3667 2819 3741 pretio
2837 3666 2997 3723 nobis
3027 3664 3180 3722 licuit
3219 3665 3339 3735 ejus
3366 3678 3501 3733 apo-

274 3748 536 3827 graphum
560 3752 849 3822 ‘obtinere,
882 3764 939 3812 et
977 3755 1123 3827 quod
1167 3756 1359 3812 durius
1416 3764 1519 3824 est,
1554 3770 1691 3827 Opus
1724 3755 1891 3812 etiam
1943 3760 2047 3816 fuit
2087 3759 2220 3816 illud
2248 3758 2576 3817 Florentiam
2611 3759 2809 3814 iterum
2842 3756 3160 3828 mittereet
3187 3770 3310 3810 cum
3340 3761 3498 3808 auto-

278 3842 482 3913 grapho
509 3840 777 3909 conferre,
808 3850 1095 3914 prepterea
1124 3842 1270 3914 quod
1298 3842 1647 3899 amanuensis
1676 3842 1852 3898 inutili
1883 3857 1947 3898 ac
1974 3842 2135 3912 plane
2180 3841 2405 3899 ridicula
2452 3841 2685 3912 quadam
2728 3840 3007 3911 diligentia
3048 3837 3252 3894 codicis
3300 3836 3501 3891 chara-

277 3942 454 3992 Cteres
498 3951 670 3992 nexus
709 3937 1119 4007 litterarumque
1163 3937 1358 3994 ductus
1411 3953 1602 3994 omnes
1640 3946 1871 3994 conatus
1902 3935 2232 4007 exprimere,
2263 3950 2328 3991 ea
2370 3953 2440 3991 ne
2471 3936 2573 4007 lcgi
2622 3942 2849 4005 possent
2875 3932 3151 3987 eﬂ'ecerat.
3194 3927 3271 3983 Ex
3305 3943 3411 3997 qua
3442 3939 3503 3978 re

278 4019 474 4074 mirum
519 4028 651 4091 quot
696 4019 832 4076 mihi
885 4028 1015 4077 sunt
1058 4030 1193 4085 orta:
1241 4021 1548 4078 molestiae:
1584 4036 1712 4077 nam
1738 4021 1978 4092 quinque
2028 4022 2227 4093 integri
2266 4024 2393 4077 anni
2421 4025 2679 4091 deinceps
2708 4020 2873 4090 elapsi
2896 4027 3044 4080 sunt,
3077 4026 3363 4087 antequam
3400 4014 3502 4067 hoc

279 4105 475 4176 grande
503 4105 782 4177 negotium
804 4106 1115 4163 absolutum
1159 4108 1478 4179 reciperem.
1523 4107 1775 4164 Encomii
1817 4108 2205 4164 velorationis
2241 4117 2520 4163 auctorem
2574 4122 2694 4164 csse
2740 4105 2974 4162 Pisidam
3022 4104 3229 4160 faciunt
3284 4110 3344 4157 ut
3378 4115 3502 4155 cre-

279 4192 470 4248 damus
498 4200 553 4247 et
579 4200 707 4248 nota
735 4192 996 4264 temporis
1027 4202 1083 4248 et
1112 4209 1297 4251 rerum
1326 4194 1559 4251 aﬂinitas
1595 4205 1653 4252 et
1694 4196 1813 4269 styli
1841 4210 1964 4250 cum
1993 4196 2132 4267 stylo
2159 4195 2343 4250 nativa
2394 4194 2755 4266 germanitas;
2795 4208 2918 4263 qua:
2965 4192 3170 4256 omnia.
3225 4198 3284 4245 ut
3338 4187 3496 4243 nobis

280 4278 493 4350 quidem
517 4280 753 4348 videtur,
774 4281 913 4336 satis
932 4291 1121 4352 aperte
1142 4283 1606 4339 demonstrantur.
1634 4282 1905 4339 Caeterum
1932 4297 2100 4338 unum
2133 4283 2238 4337 hoc
2269 4290 2447 4337 exstat
2480 4279 2673 4336 Pisidae
2692 4280 3015 4351 opusculum
3047 4281 3224 4335 soluta
3254 4278 3501 4333 oratione

281 4366 540 4436 scriptum
575 4383 591 4419 :
627 4382 754 4422 nam
782 4367 889 4424 alia
920 4368 1139 4447 quidem
1165 4369 1268 4425 hoc
1293 4368 1463 4426 modo
1486 4384 1611 4426 eum
1641 4370 1921 4443 scripsisse
1949 4384 2052 4424 nec
2080 4367 2349 4424 aﬂirmare
2392 4382 2683 4438 possumus
2720 4382 2824 4423 nec
2850 4380 3073 4439 negare.
3116 4366 3225 4422 Sed
3275 4366 3381 4421 hoc
3418 4364 3503 4433 ip-

283 4469 399 4509 sum
421 4468 453 4508 e
481 4454 734 4510 tenebris
751 4455 806 4510 in
839 4456 1021 4511 lucem
1039 4466 1189 4513 nunc
1211 4457 1428 4526 prodire
1452 4457 1637 4512 forsan
1668 4457 1984 4526 gaudebunt
2007 4452 2110 4507 viri
2137 4451 2360 4517 eruditi.
2398 4451 2541 4523 apud
2579 4466 2717 4521 quos
2750 4458 2961 4506 certum
3015 4458 3071 4503 et
3121 4449 3503 4503 inconcussum

252 4541 388 4611 -jam
415 4540 521 4595 erit
548 4541 734 4598 Suida
756 4543 826 4598 de
852 4541 1034 4599 Pisida
1062 4542 1434 4599 testimonium
1457 4544 1689 4600 dicentis
1718 4559 1771 4600 sc

1986 4558 2007 4598 e
2032 4550 2281 4597 nostrum
2336 4552 2536 4612 prater
2584 4550 2782 4597 caetera
2814 4537 3183 4608 καταλογάδην
3230 4535 3505 4605 ὲγκώμιον

284 4627 358 4690 εἰς
386 4624 468 4679 τὸν
498 4626 749 4700 μάρτυρα
791 4630 1159 4698 ’Δναστάσιον,
1187 4640 1299 4687 non
1327 4640 1509 4686 autem
1538 4632 1622 4695 ιις
1647 4631 1738 4685 τὸν
1759 4649 1803 4701 μμ

1984 4627 2320 4682 Αθανάσιον·
2359 4626 2504 4697 quod
2554 4625 2667 4696 jam
2707 4636 2904 4697 prater
2954 4634 3183 4680 caeteros
3235 4630 3392 4677 antea
3430 4620 3503 4673 vi-

286 4712 429 4771 derat
470 4713 623 4769 Alex.
673 4715 881 4771 Potitus
924 4715 980 4770 iu
1020 4716 1399 4788 Maiityrologio
1440 4716 1593 4785 Boni.
1628 4715 1820 4772 illustr.
1853 4731 1907 4786 p.
1931 4715 2057 4780 567,
2089 4715 2314 4770 dicens:
2355 4711 2551 4768 Suidas
2580 4714 2719 4768 inter
2741 4714 2940 4783 scripta
2972 4711 3180 4782 Georgii
3205 4708 3399 4763 Pisidae
3431 4722 3505 4760 reo

288 4797 381 4867 [ert
403 4797 679 4869 ἐγκώμιον
702 4799 783 4864 εις
812 4799 903 4861 τὸν
928 4801 1179 4874 μάρτυρα
1221 4801 1602 4869 Ἀναστάσιονς
1653 4819 1759 4873 qua
1786 4821 1807 4856 ο

1987 4802 2097 4863 ioue
2137 4816 2242 4861 non
2274 4808 2389 4854 erat
2424 4800 2560 4871 quod
2589 4801 2875 4871 inquireret
2904 4797 3180 4861 Kusterus,
3218 4794 3355 4864 quod
3372 4793 3506 4846 scio-

292 4885 364 4939 ιω
392 4886 560 4940 nescio
587 4888 702 4957 quis
722 4887 789 4941 ibi
819 4889 1011 4959 fecerat
1040 4890 1121 4952 εις
1143 4888 1237 4944 τὸν
1275 4890 1450 4960 μέγαν
1490 4888 1806 4944 ’Δθανάσιον

1989 4888 2101 4956 ipsit
2167 4887 2330 4940 etiam
2378 4886 2629 4958 Georgius
2673 4885 2878 4951 Pisida,
2926 4887 3005 4948 εἰς
3049 4881 3366 4953 Ἠράκλεινο
3418 4879 3508 4933 τὸν

293 4968 504 5038 βασιλέα
535 4973 631 5025 καὶ
657 4973 737 5036 είς
761 4972 853 5027 τὸν
885 4972 1030 5029 κατὰ
1055 4973 1281 5046 Περσῶν
1313 4975 1565 5048 πόλεμον.
1612 4968 1754 5033 Unde
1783 4992 1812 5029 n

1990 4974 2047 5043 ﬁt
2078 4973 2362 5029 uerisimile
2395 4972 2666 5044 scripsisse
2693 4973 2850 5027 etiam
2881 4970 3119 5025 Pisidam
3145 4969 3435 5023 cncomium
3456 4968 3509 5021 in

293 5059 343 5116 S.
378 5064 711 5118 Anastasium
739 5075 1025 5138 martyrem
1055 5067 1398 5137 fortissimum
1423 5077 1580 5139 atque
1610 5068 2096 5123 celebratissituum.

356 5147 438 5201 l0.
491 5150 917 5222 Ἑπτγράμματα
948 5154 1041 5206 καὶ
1073 5156 1508 5227 ἀποτπασμὰτια
1537 5197 1553 5224 ,
1606 5154 1875 5226 Epigramt

1988 5171 2010 5209 α
2042 5164 2091 5208 et
2130 5154 2446 5225 fragmenta,
2497 5165 2617 5223 quae
2647 5150 2818 5206 multo
2848 5146 3029 5205 studio
3060 5155 3116 5204 et
3144 5143 3415 5220 diligentia
3446 5158 3507 5198 es

296 5236 434 5291 libris
458 5253 580 5293 cum
611 5240 772 5297 editis
794 5251 910 5297 tum
943 5244 1166 5300 ineditis
1193 5246 1507 5321 collegimus
1527 5288 1543 5314 ,
1598 5254 1657 5302 ut
1686 5246 1871 5304 videre
1903 5253 1988 5301 est
2024 5245 2080 5300 in
2114 5243 2221 5300 line
2252 5260 2264 5297 :
2296 5243 2433 5298 nihil
2481 5232 2635 5298 enim‘
2662 5240 2752 5296 hic
2798 5239 2949 5312 juvat
2986 5249 3233 5311 repetere
3284 5252 3347 5294 ea
3394 5250 3510 5309 qua

296 5326 409 5381 alibi
445 5327 617 5384 iusius
646 5333 889 5405 exposita
920 5349 983 5388 ac
1022 5345 1348 5405 pertractata
1380 5346 1528 5393 sunt.

293 5418 309 5433 '
356 5421 480 5479 Haec
503 5424 681 5496 itaque
710 5434 838 5485 sunt
863 5426 1082 5497 indubia
1106 5430 1284 5504 Opera
1308 5431 1503 5488 Pisidte
1524 5476 1538 5500 ,
1567 5447 1687 5502 qua:
1720 5446 1893 5502 usque
1918 5429 1985 5486 ad
2015 5430 2165 5485 hunc
2189 5428 2332 5485 diem
2364 5426 2523 5484 nobis
2552 5425 2743 5500 obtigit
2770 5425 3012 5499 reperire
3046 5442 3108 5483 ac
3137 5435 3352 5499 reperta
3391 5424 3511 5480 vul-

300 5532 432 5589 gare.
464 5517 569 5577 Sed
598 5534 663 5575 ex
696 5520 763 5575 iis
788 5520 891 5577 alia
920 5523 1094 5594 ipsum
1122 5527 1403 5598 scripsisse
1433 5527 1756 5596 conjicimus
1792 5547 1805 5582 :
1842 5542 1965 5583 cum
1991 5525 2138 5580 enim
2165 5524 2309 5579 inter
2339 5522 2637 5594 fragmenta
2666 5534 2952 5580 occurrant
2990 5524 3171 5595 plures
3202 5522 3389 5583 iambi.
3419 5520 3511 5591 qui

304 5615 351 5673 in
377 5614 655 5671 recensitis
676 5617 951 5688 cpusculis
980 5637 1089 5677 non
1117 5623 1485 5687 inveniuntur,
1514 5622 1579 5678 ad
1604 5621 1838 5691 aliquem
1876 5620 2219 5691 deperditum
2248 5614 2488 5674 libellum
2522 5634 2616 5673 eos
2651 5618 2924 5691 pertinere
2954 5617 3298 5673 manifestum
3327 5625 3429 5669 est.
3457 5614 3510 5671 lt]

307 5727 468 5779 autem
498 5718 611 5795 ipse
638 5718 810 5795 l‘isida
840 5738 935 5777 suo
980 5719 1286 5775 testimonio
1316 5719 1527 5776 videtur
1549 5717 1826 5777 conﬁrmat

1989 5716 2016 5769 it
2046 5714 2193 5770 enim
2219 5756 2232 5780 ,
2271 5728 2477 5769 aereas.
2514 5712 2565 5780 5,
2608 5712 2729 5780 38',
2758 5712 2830 5766 De
2856 5713 3036 5781 (προτί.
3076 5728 3092 5765 :
3124 5711 3309 5779 "0pm;
3341 5705 3393 5762 δὲ
3424 5723 3508 5775 μι-
