3848 6342
0 312 203 379 131
584 322 611 339 “‘
1482 312 1519 374 P

1824 312 1893 373 Ο.
3211 303 3343 372 HS!

8 426 377 501 tincipio
406 428 575 489 refert
607 428 748 502 apud
777 426 1069 501 Georgium
1097 427 1335 487 Pisidam
1364 427 1553 485 Adami
1587 426 1725 489 ﬁlias
1751 427 1977 498 primas,
2015 428 2243 487 alteram
2265 427 2523 492 Azuram,
2553 428 2778 485 alteram
2806 428 3007 485 Asnam
3030 426 3339 490 nominari;

6 517 231 575 nde
273 518 525 577 Baderus
555 518 883 589 conjiciebat
908 518 1221 583 Chronicon
1260 520 1491 587 Pisidae,
1511 522 1556 577 si
1584 520 1732 591 quod
1764 535 2003 592 unquam
2031 521 2153 589 fuit,
2188 536 2220 577 a
2245 522 2487 594 paschali
2518 521 2790 579 Chronico
2812 536 2934 577 esse
2964 521 3259 582 diversum,
3288 519 3342 573 in

0 621 155 671 uo
224 624 348 664 nec
372 609 535 665 Asuse
559 623 665 665 nec
691 608 886 667 Azurre
912 611 1020 667 ulla
1048 611 1109 667 ﬁt
1138 612 1368 688 mentio.
1399 609 1511 667 Nos
1535 619 1718 669 autem
1758 613 1965 668 nullum
1996 627 2232 683 unquam
2258 612 2568 671 Chronicon
2614 617 2898 688 scripsisse
2943 616 3177 673 Pisidam
3220 612 3342 668 exi-

4 695 394 755 timamus
426 717 441 755 :
470 714 598 754 nam
637 698 743 757 etsi
775 700 1076 769 concedere
1107 686 1338 757 velimus
1367 700 1583 756 Radero
1610 710 1823 756 exstare
1850 701 2089 757 codicem
2123 703 2178 757 in
2207 703 2433 774 collegio
2460 704 2687 771 Annaeo,
2718 686 2806 763 cui
2838 707 3029 763 titulus
3069 706 3141 762 sit
3180 704 3345 757 Chro-

0 787 243 841 rz’con
274 800 349 869 ea:
374 786 556 843 Pisida
586 801 634 843 et
660 787 857 869 ςῃνίιιο
896 788 1216 858 decerptum,
1244 789 1369 858 quis
1396 797 1576 847 tamen
1608 797 1811 845 tantam
1861 790 2080 846 habebit
2109 790 2267 847 titulo
2302 791 2466 847 ﬁdem
2498 803 2559 849 ut
2585 795 2633 849 ei
2666 796 3007 870 acquiescat,
3038 810 3143 850 nec
3167 792 3344 862 potius

0 877 387 933 iddubitet
408 894 470 933 ea
504 878 719 933 nomina
747 878 1097 951 amanuensis
1125 877 1352 932 arbitrio
1394 877 1641 949 apposita
1689 892 1811 934 esse
1856 876 2030 943 libro,
2057 892 2181 933 cum
2214 892 2317 933 nec
2348 880 2470 947 quis
2498 878 2663 934 fuerit
2689 880 2918 949 Cyrillus
2948 895 3050 934 nec
3088 878 3231 949 quod
3274 877 3345 933 sit

0 960 413 1019 llas-(micon
442 964 633 1020 Pisidae
663 964 983 1019 attributum
1013 963 1231 1018 aliunde
1261 963 1596 1019 innotescat?
1626 963 1729 1017 Sed
1757 964 1890 1019 alias
1923 965 2083 1019 etiam
2108 966 2179 1020 de
2219 966 2322 1023 hoc
2368 966 2445 1038 [p.
2480 968 2668 1040 XXIV}
2696 969 2886 1027 ﬁctitio
2916 958 3188 1023 Chronico
3217 967 3342 1021 ted-

4 1050 101 1113 ω
120 1062 161 1107 ι
235 1068 451 1109 sermo.
494 1054 552 1108 In
575 1053 887 1109 Chronicon
914 1056 1170 1127 paschale
1199 1062 1383 1111 autem
1416 1057 1646 1131 nihil'de
1684 1072 1784 1112 suo
1813 1059 2111 1113 contulisse
2140 1059 2377 1115 Pisidam
2406 1062 2742 1119 conﬁdenter
2778 1065 3072 1119 asseriinus
3099 1079 3112 1117 :
3146 1076 3341 1132 quam-

0 1146 133 1200 vis
184 1148 360 1202 enim
393 1154 475 1215 (at
502 1164 625 1204 cum
668 1147 1024 1216 Du—Fresnio,
1052 1153 1144 1222 qui
1175 1167 1372 1207 novam
1404 1151 1628 1222 hujusce
1650 1148 1893 1208 chronici
1920 1154 2214 1210 editionem
2247 1155 2551 1221 adornavit,
2578 1157 2769 1227 loquar
2794 1156 2956 1213 Praef.
2984 1172 3037 1228 p.
3070 1155 3124 1223 8)
3157 1155 3339 1224 negari

0 1238 203 1295 fere
236 1254 361 1295 non
392 1241 563 1310 possit
589 1242 708 1312 ejus
722 1243 919 1315 .operis
945 1245 1380 1309 continuatorem
1410 1246 1512 1300 sub
1538 1245 1785 1301 Heraclio
1812 1246 2033 1309 vixisse,
2078 1256 2191 1302 tum
2218 1247 2362 1317 quod
2389 1248 2510 1303 libri
2553 1249 2743 1319 titulus
2768 1250 2829 1303 in
2853 1250 2974 1303 cod.
3002 1248 3261 1302 Vaticano
3287 1258 3343 1304 tt

0 1330 91 1385 in
146 1331 347 1387 codd.
372 1332 708 1388 bibliotheca:
731 1332 890 1407 Regis
920 1335 1187 1392 Catholici
1221 1336 1352 1395 illud
1382 1335 1436 1391 in
1462 1351 1666 1391 annum
1699 1336 1771 1392 20
1800 1336 2054 1404 Heraclii,
2080 1338 2167 1392 vel
2198 1346 2347 1392 certe
2394 1338 2451 1393 in
2483 1339 2633 1394 illius
2679 1349 2921 1409 tempora
2964 1337 3214 1393 desinere
3258 1337 3344 1390 in-

0 1437 57 1475 n
74 1432 253 1485 nat,
297 1432 412 1478 tum
439 1423 584 1494 quod
611 1440 734 1495 qua:
776 1425 845 1481 de
881 1426 1073 1485 eodem
1104 1428 1349 1498 Augusto
1377 1428 1604 1497 ejusque
1633 1429 1802 1498 gestis
1827 1437 2140 1494 narrantur,
2171 1442 2236 1483 ac
2263 1428 2497 1497 denique
2541 1429 2822 1499 exscripta:
2867 1425 3186 1498 prolixiores
3228 1426 3340 1495 cpi.

2 1518 249 1573 stola:
287 1518 360 1573 ad
388 1516 674 1599 Persarum
706 1534 889 1593 regem
922 1522 1010 1577 vel
1044 1522 1353 1592 toparchas,
1385 1530 1492 1578 etc.
1540 1520 1599 1577 Id
1629 1523 1897 1578 suadeant
1926 1524 2175 1590 omnino,
2201 1533 2385 1578 tamen
2434 1538 2543 1578 non
2591 1524 2715 1581 inde
2764 1523 3011 1593 sequitur
3055 1520 3344 1590 Georgium

10 1611 369 1680 Pisidam,
399 1613 545 1684 quod
574 1614 763 1670 eodem
798 1616 1046 1673 Heraclio
1078 1618 1382 1689 imperante
1412 1618 1629 1685 vitarit,
1647 1617 1901 1673 Cbronici
1929 1627 2206 1675 auctorem
2236 1602 2426 1674 haberi
2460 1618 2681 1674 debere.
2716 1613 2837 1667 Duo
2865 1622 3047 1666 autem
3079 1620 3204 1665 sunt
3225 1626 3346 1680 quin

14 1702 317 1759 faciunt
342 1714 402 1759 ut
426 1705 659 1761 libenter
680 1707 764 1761 Du
795 1707 1022 1762 Fresnio
1049 1708 1433 1783 assentiamur,
1470 1709 1704 1779 primum
1750 1709 1899 1779 quod
1938 1708 1995 1763 in
2040 1709 2128 1776 iis,
2158 1724 2279 1779 quae
2315 1710 2385 1765 de
2415 1707 2658 1763 Heraclio
2686 1706 2739 1759 in
2768 1702 3040 1769 Chronico
3068 1701 3188 1755 fuse
3218 1716 3347 1754 nar-

20 1806 318 1864 rantur,
364 1814 432 1854 ne
476 1814 583 1854 una
616 1798 835 1870 Quidem
868 1817 968 1857 vox
1011 1812 1262 1859 occurrat
1290 1818 1320 1859 a
1352 1802 1527 1859 Pisida
1566 1802 1639 1859 de
1667 1803 1857 1858 iisdem
1902 1802 2067 1857 rebus
2099 1809 2295 1872 agente
2332 1810 2588 1871 usurpata
2613 1842 2630 1867 ,
2660 1808 2725 1854 ut
2760 1797 2935 1853 cuivis
2979 1796 3345 1850 narrationem

26 1891 364 1948 Chronici
394 1894 460 1948 de
492 1882 635 1949 bello
661 1895 912 1961 Abarico,
946 1912 1001 1968 p.
1029 1897 1154 1964 592,
1186 1896 1380 1954 Pisidae
1409 1897 1710 1953 conferenti
1746 1897 1843 1952 ﬁet
1868 1896 2254 1963 manifesuim;
2302 1905 2671 1967 prmterquam'
2691 1893 2845 1962 quod
2868 1890 3125 1945 Cbronici
3174 1890 3349 1959 stylus

34 1995 197 2039 tam
240 1986 403 2043 rudis
431 1994 512 2043 est
540 1996 596 2042 et
620 1989 949 2058 incomptus,
984 2002 1041 2047 ut
1067 2001 1330 2062 quantum
1370 1992 1496 2049 licet
1520 1972 1846 2049 historicum
1886 2001 2061 2063 poetae
2088 2008 2429 2063 comparare,
2454 1992 2605 2057 nullo
2652 1986 2811 2042 modo
2858 1984 3109 2041 videatur
3153 1980 3348 2036 Pisidn:

42 2064 426 2141 convenire.
462 2075 665 2133 Deinde
692 2088 896 2153 autem,
940 2088 998 2133 ut
1030 2095 1131 2150 par
1158 2088 1238 2135 est
1270 2080 1514 2153 credere,
1547 2080 1593 2135 si
1623 2082 1797 2135 nostri
1830 2080 2045 2151 Georgii
2073 2096 2209 2151 opus
2240 2090 2383 2137 (εδει
2404 2079 2719 2137 Chronicon
2751 2073 3024 2146 paschale,
3061 2086 3166 2125 non
3203 2070 3249 2124 is
3277 2068 3347 2123 ad

46 2183 310 2243 annum
341 2168 410 2222 20
442 2156 676 2224 H'eraclii
702 2151 912 2224 tantum
949 2170 1079 2225 illud
1105 2151 1479 2241 protraxisset,
1511 2179 1565 2225 ct
1603 2184 1694 2245 res
1734 2167 1982 2226 Persicas
2009 2179 2135 2240 pust
2160 2169 2499 2239 interjectam
2536 2168 2680 2223 illam
2722 2167 2790 2223 de
2816 2164 3085 2220 Abaribus
3133 2163 3346 2234 longam

50 2268 141 2313 es
174 2258 453 2313 minutam
485 2260 949 2315 narratiunculam
979 2270 1090 2315 tam
1116 2261 1262 2315 sicco
1286 2262 1422 2330 pede
1456 2259 1773 2327 transisset,
1809 2261 1905 2315 scd
1937 2260 2089 2330 plura
2123 2262 2347 2316 omnino
2387 2260 2455 2317 de
2487 2259 2651 2333 gestis
2688 2255 2922 2339 lleraclii
2964 2255 3023 2310 in
3048 2252 3347 2309 Cbosroam

58 2351 496 2422 congessisset,
524 2361 579 2405 et
608 2353 712 2406 alia
738 2368 871 2423 quas
894 2364 1018 2424 post
1038 2341 1243 2409 bellum
1277 2344 1554 2408 Persicum
1592 2368 1824 2409 evenere
1848 2394 1863 2419 .
1896 2363 2200 2409 memoratu
2230 2354 2393 2425 plane
2422 2355 2603 2425 digna,
2634 2354 2928 2424 attigisset;
2959 2366 3084 2406 cum
3116 2365 3180 2405 ex
3213 2364 3348 2420 poe-

60 2451 251 2497 mate
274 2443 334 2496 in
360 2443 626 2499 Severum
657 2452 860 2515 pateat,
890 2443 1079 2514 quanti
1115 2440 1471 2501 idem'Pisida
1506 2443 1755 2500 facienda
1779 2458 1904 2499 esse
1929 2445 2225 2509 censuerit,
2256 2461 2379 2514 quae
2418 2460 2518 2515 pro
2551 2443 2932 2500 ecclesiasticis
2963 2439 3349 2498 controversiis

64 2531 503 2603 componendis
540 2542 665 2603 post
697 2549 886 2603 pacem
914 2548 1039 2597 cum
1069 2532 1225 2589 Siroe
1254 2533 1698 2605 Persarumrege
1733 2532 2003 2589 ﬁrmatam
2049 2534 2160 2606 egit
2209 2535 2524 2605 imperator.
2555 2534 2674 2592 lam
2703 2550 2835 2592 vero
2876 2533 3346 2606 chronographum

66 2632 213 2679 non
250 2616 425 2680 fuisse
446 2625 679 2682 Pisidam
704 2627 882 2691 facile,
915 2614 1139 2696 opinor,
1155 2608 1257 2682 sibi
1287 2626 1518 2697 quisque
1546 2626 1936 2697 persuadebit:
1969 2628 2066 2684 sed
2099 2614 2543 2700 iamb'ograpbum
2577 2626 2750 2701 egisse
2781 2644 2939 2687 nemo
2972 2642 3140 2685 sanus
3183 2641 3346 2698 nega-

74 2716 204 2770 bit.
243 2714 428 2782 Quare
457 2717 587 2787 quid
615 2718 1075 2787 respondebimus
1106 2718 1171 2787 Q.
1205 2717 1471 2791 Septimio
1504 2719 1743 2775 Florenti
1779 2718 2108 2784 Christiano,
2142 2720 2232 2789 qni
2261 2721 2466 2776 idcirco
2494 2720 2542 2774 ei
2570 2719 2818 2777 attribuit
2843 2718 3149 2789 poemation
3168 2722 3349 2770 astro-

74 2811 383 2866 nomicum
414 2811 489 2866 De
513 2813 743 2893 sphera,
767 2812 912 2882 quod
941 2821 1101 2867 antea
1140 2812 1242 2868 sub
1271 2813 1615 2884 Empedoclis
1643 2812 1731 2868 vel
1755 2811 2015 2869 Demetrii
2043 2812 2287 2869 Triclinii
2322 2814 2543 2873 nomine
2574 2815 2818 2871 ediderat
2846 2812 3071 2868 Parisiis
3095 2826 3187 2865 an.
3214 2809 3352 2864 1564

88 2906 426 2962 Friderieus
449 2905 762 2963 Morellius?
788 2906 925 2963 Cum
962 2907 1107 2963 enim
1141 2908 1251 2975 ille,
1284 2908 1636 2965 doctissimus
1661 2909 1887 2985 omnino
1914 2909 2019 2974 vir,
2050 2925 2197 2966 anno
2236 2909 2372 2965 1687
2408 2909 2689 2966 statuisset
2726 2910 2834 2966 luci
2863 2910 3068 2965 donare
3103 2906 3351 2977 ejusdem

84 2998 368 3069 poematii
399 2998 730 3067 versionem,
757 2999 823 3054 de
847 3013 913 3054 eo
944 2998 1047 3053 hoc
1065 2999 1330 3069 judicium
1358 2999 1687 3071 interposuit
1720 3019 1735 3056 :
1762 3000 2092 3070 Empedoclis
2125 3001 2218 3056 Iros
2251 3016 2359 3056 esse
2383 3016 2561 3056 versus
2589 3016 2858 3072 nunquam
2900 3000 2963 3057 in
3002 2998 3239 3052 animum
3270 2996 3353 3049 in-

85 3098 235 3153 duxi
264 3108 323 3152 ut
357 3099 638 3165 crederem,
672 3109 719 3153 et
750 3099 840 3169 qui
872 3100 1109 3175 credunt,
1144 3109 1265 3152 sunt
1291 3115 1417 3154 sane
1447 3115 1606 3170 quain
1636 3098 2007 3169 ταχυπειθείς,
2035 3100 2311 3171 nulloque,
2342 3108 2398 3154 ut
2424 3100 2552 3155 mihi
2579 3098 2802 3158 videtur,
2828 3093 3085 3164 probabili
3112 3093 3351 3148 nituntur

89 3202 437 3264 argumento.
469 3192 546 3249 Ab
592 3193 659 3247 iis
707 3190 1023 3262 temporibus
1058 3191 1355 3265 longissime
1400 3193 1611 3258 absunt,
1642 3195 1731 3263 qui
1761 3193 2005 3247 Triclinia
2046 3194 2308 3248 Demetrio
2354 3193 2651 3261 imputant;
2695 3190 2786 3246 sed
2831 3188 3131 3258 conjectura
3174 3193 3351 3237 tamen

86 3305 320 3357 scopum
351 3288 585 3343 ueritatis
609 3288 821 3356 propius
843 3288 1130 3358 attingunt.
1157 3287 1405 3352 Quamvis
1452 3289 1595 3341 enim
1634 3289 1859 3342 materia
1888 3289 1997 3343 lucc
2034 3288 2101 3342 sit
2139 3298 2302 3350 vetus,
2334 3287 2679 3367 recentiorum
2723 3292 2797 3339 est
2841 3283 3030 3355 (arma,
3061 3287 3109 3332 et
3155 3275 3351 3331 meruit

94 3380 451 3436 nihilominus
483 3380 758 3451 antiquam
787 3378 1049 3445 obtinere;
1095 3380 1327 3451 profecto
1351 3382 1520 3451 poesis
1550 3381 1652 3435 ista
1684 3397 1786 3435 non
1812 3380 1960 3451 longe
1985 3381 2201 3435 discedit
2240 3397 2272 3433 a
2299 3366 2494 3435 Pisidae
2519 3377 2597 3433 uel
2628 3376 2760 3448 stylo
2788 3375 2868 3429 uel
2898 3383 3071 3434 etate.
3098 3369 3235 3442 quod
3254 3366 3351 3438 ju-

94 3473 303 3526 dicium
335 3471 474 3543 facio
504 3471 731 3524 aliorum
768 3480 818 3525 et
860 3473 1199 3529 eruditiorum
1221 3513 1236 3539 ,
1275 3481 1381 3529 etc.
1416 3472 1526 3549 Ego
1557 3488 1685 3529 vero
1717 3472 1948 3527 Pisidam
1994 3486 2115 3527 esse
2162 3480 2440 3527 auctorem
2484 3484 2592 3525 non
2628 3465 2825 3530 credo,
2851 3471 2905 3520 et
2936 3463 3094 3535 plane
3121 3459 3353 3515 liberator

96 3564 381 3623 assentior
406 3563 673 3633 Fabricio,
700 3565 793 3635 qui
821 3564 959 3621 Bibl.
993 3566 1161 3623 Grac.
1197 3578 1326 3639 tom.
1353 3566 1398 3623 ll
1426 3610 1440 3636 ,
1472 3584 1596 3641 pag.
1630 3569 1754 3635 477,
1787 3568 1934 3623 hunc
1960 3568 2135 3638 ipsum
2166 3567 2243 3625 De
2275 3560 2755 3642 spharaglibcllum
2781 3603 2797 3628 ,
2824 3561 2933 3631 jam
2961 3573 3084 3615 raro
3112 3553 3350 3619 obvium,

102 3659 311 3714 iterum
343 3652 666 3727 impressum
700 3672 823 3715 cum
852 3657 994 3714 docti
1023 3659 1335 3730 interpretis
1364 3661 1509 3717 notis
1537 3675 1647 3715 non
1684 3659 2023 3729 inconsultus
2063 3659 2222 3714 nobis
2253 3657 2447 3714 obtulit
2476 3654 2783 3728 legendum,
2815 3652 2911 3709 sed
2957 3650 3130 3706 cuivis
3175 3647 3354 3718 potius

102 3750 270 3805 alteri
293 3763 453 3820 quam
474 3746 677 3819 Pisidae
700 3747 1119 3823 adiudicandum
1153 3750 1386 3817 censuit,
1414 3738 1560 3829 quod
1591 3748 2066 3807 Christianismum
2105 3751 2224 3818 ejus
2257 3758 2313 3806 ct
2342 3749 2658 3821 religionem
2686 3749 3002 3821 neutiquam
3049 3744 3260 3817 spirent
3298 3743 3353 3807 bi

106 3866 165 3903 ν.
193 3848 263 3903 75
292 3856 346 3904 et
390 3863 540 3918 seqq.
570 3847 760 3919 Τοιᾷδε
804 3843 956 3911 τάξει
1007 3843 1389 3915 σχηματίζοντ’
1423 3845 1675 3915 ἀστέρες,
1706 3842 1845 3897 θεῶν
1874 3844 2111 3915 βροτοῖσι
2144 3844 2243 3917 τὴν
2274 3844 2433 3917 χάριν
2460 3844 2836 3917 δωρουμένων.
2861 3844 2971 3898 Εἶτ’
3002 3839 3094 3897 οὖν
3122 3843 3357 3919 ἀμήτωρ

110 3939 325 4001 “alia;
360 3936 527 4008 ὥρισε
558 3938 786 4009 βροτοῖς,
816 3936 916 3989 εἷθ’
946 3935 1096 4006 ἣλιος
1127 3922 1380 4005 τὴλωπδν
1408 3936 1629 4008 ἀστέρωε

1836 3976 1846 4001 ›
1880 3936 2018 3989 θεῶν
2048 3934 2110 3988 τὸ
2135 3939 2456 4008 μηχάνημα.
2492 3936 2719 4005 Quinam
2751 3935 2895 3989 enim
2924 3932 3000 4005 [p.
3040 3929 3211 4002 XXV]
3241 3929 3355 3993 ﬁeri

113 4033 290 4103 possit
322 4040 381 4085 ut
414 4031 608 4098 Pisida‘,
639 4030 731 4100 qui
765 4032 817 4085 in
850 4031 1182 4086 llexaemero
1219 4030 1403 4087 omnia
1436 4030 1504 4085 ad
1543 4031 1798 4102 pietatem
1833 4041 1889 4095 et
1915 4047 2097 4091 veram
2133 4032 2449 4101 religionem
2493 4030 2721 4084 nimium
2767 4029 2930 4084 etiam
2974 4024 3215 4087 studiose
3256 4022 3361 4085 des.

114 4124 264 4181 ﬂexit
290 4132 480 4179 contra
510 4124 747 4192 Gnaeos,
775 4124 821 4180 si
850 4124 918 4179 de
952 4125 1163 4195 sphaera
1198 4135 1254 4180 et
1286 4125 1455 4194 stellis
1484 4124 1704 4197 egisset,
1730 4140 1918 4181 earum
1946 4127 2191 4180 ordinem
2218 4134 2274 4181 et
2295 4140 2513 4181 cursum
2538 4140 2569 4179 a
2600 4120 2855 4179 fabulosis
2886 4119 3126 4193 gentium
3172 4115 3355 4173 numi-e

113 4219 279 4272 nibus
297 4215 504 4273 diceret
529 4231 649 4270 esse
678 4219 1070 4287 constitutum?
1116 4210 1363 4291 profecto
1390 4221 1507 4276 haec
1535 4235 1641 4275 una
1676 4219 1962 4275 dilllcultas
1997 4220 2129 4273 tanti
2176 4217 2433 4273 momenti
2466 4216 2600 4271 mihi
2632 4216 2744 4271 visa
2780 4221 2882 4279 est,
2916 4221 2977 4268 ut
3007 4227 3143 4282 opus
3176 4210 3353 4281 ipsum

115 4309 378 4365 attentius
403 4309 711 4380 expendere
735 4318 791 4363 et
818 4311 1011 4381 stylum
1043 4312 1181 4383 stle
1211 4302 1462 4374 conferre
1488 4325 1953 4383 supervacaneum
2000 4325 2123 4366 esse
2155 4308 2425 4365 duxerim.
2458 4306 2648 4363 Restat
2685 4304 2901 4361 tandem
2942 4312 3001 4359 ut
3028 4303 3190 4358 etiam
3222 4300 3356 4371 illud

116 4416 383 4466 moneam,
421 4416 488 4456 ne
512 4399 920 4457 Commentarios
945 4401 1166 4471 quidem
1190 4402 1249 4455 in
1276 4399 1543 4472 Epistolas
1569 4400 1727 4455 Pauli
1754 4440 1770 4466 ,
1797 4415 1934 4469 quos
1958 4398 2143 4456 Graece
2168 4409 2382 4454 exstare
2400 4398 2465 4465 _in
2498 4397 2825 4453 bibliotheca
2856 4392 3261 4449 Vindoboneusi
3288 4408 3358 4457 ex

118 4492 292 4548 Frisio
321 4502 375 4548 et
405 4492 698 4549 Possevino
729 4493 897 4548 refert
926 4492 1272 4566 Le-Longius
1301 4494 1436 4549 Bibl.
1467 4494 1620 4551 Sacr.
1652 4504 1785 4550 tom.
1820 4493 1897 4563 ll,
1923 4511 1979 4566 p.
2012 4495 2136 4559 907,
2175 4494 2277 4549 sub
2319 4493 2540 4549 nomine
2582 4490 2798 4547 Piscidii
2835 4489 2917 4544 vel
2948 4487 3135 4542 Pisidii
3162 4486 3359 4553 ϐνωςί,

116 4586 344 4657 Georgio
376 4584 569 4640 Pisidis:
604 4585 921 4640 tribuendos
951 4600 1105 4650 esse;
1135 4601 1295 4657 quem
1330 4584 1454 4640 talia
1486 4585 1770 4655 scripsisse
1798 4600 1902 4640 nec
1927 4583 2343 4640 auctoritatibus
2388 4596 2489 4638 nec
2535 4577 2861 4651 conjecturis
2897 4576 3134 4631 evinees.
3167 4573 3271 4629 Sed
3302 4582 3357 4635 et

124 4673 294 4729 Frisia
321 4685 378 4730 et
403 4675 699 4730 Possevino
725 4676 884 4729 etiam
916 4672 1047 4729 ﬁdes
1074 4674 1127 4729 in
1158 4675 1261 4730 hoc
1294 4676 1475 4747 negari
1502 4691 1664 4745 posse
1693 4670 1929 4738 videtur,
1961 4690 2085 4731 cum
2122 4673 2445 4730 Lambecius
2470 4684 2525 4729 et
2555 4671 2906 4731 Ileimannus,
2943 4665 3037 4737 qui
3084 4663 3360 4734 catalogus

119 4766 922 4853 bibliothecae'Vindobonensis
947 4767 1106 4851 longe
1142 4770 1452 4829 accuratius
1475 4770 1863 4836 coniecerunt,
1900 4770 2064 4842 hujus
2091 4769 2312 4827 Piscidii
2344 4770 2427 4826 vel
2470 4767 2665 4849 Pisidii
2704 4766 2759 4821 in
2804 4762 3028 4820 Paulum
3071 4760 3359 4819 scribentis

123 4853 321 4910 nullam
347 4853 595 4925 ingerant
617 4854 973 4935 mentionem.

194 4964 377 5032 itaque
407 4976 531 5018 cum
553 4963 666 5032 jam
693 4964 766 5020 sit
794 4968 1042 5035 apertu'm
1072 4967 1328 5045 qum‘sint
1358 4984 1521 5037 opera
1546 4968 1682 5025 falso
1712 4970 1970 5029 attributa
2001 4969 2229 5036 Pisidae,
2262 4984 2375 5025 non
2400 4969 2497 5026 abs
2522 4984 2579 5024 re
2612 4968 2827 5039 quidem
2857 4967 2962 5022 erit
2984 4980 3133 5021 nunc
3156 4961 3360 5034 aliquid

124 5054 297 5108 dicere
325 5051 392 5106 de
420 5053 727 5125 codicibus,
754 5052 810 5107 in
846 5055 1042 5125 quibus
1075 5056 1195 5127 ejus
1231 5058 1464 5129 genuina
1500 5060 1701 5130 scripta
1726 5060 1989 5117 contineri
2019 5068 2115 5117 aut
2141 5060 2373 5116 vidimus
2404 5067 2498 5115 aut
2527 5058 2777 5130 legimus.
2803 5057 2873 5112 In.
2894 5055 3218 5112 bibliotheca
3252 5050 3362 5106 Vas

130 5147 295 5201 ticana
336 5145 576 5217 quinque
621 5156 749 5201 sunt
778 5146 1090 5221 bujusmodj
1128 5148 1366 5214 codices,
1400 5162 1630 5219 quorum
1663 5152 1871 5220 primus
1922 5151 2166 5223 signatur
2210 5166 2362 5205 num.
2400 5149 2536 5211 ﬁl;
2588 5149 2639 5202 in
2691 5163 2758 5202 eo
2804 5156 3000 5217 prazter
3032 5145 3365 5210 Cleomedis,

134 5235 356 5306 Dionysii
387 5226 678 5308 Peiicgetre
700 5276 717 5300 ,
750 5234 1021 5291 Theodori
1055 5234 1337 5291 Prodroml
1383 5237 1648 5309 allorumq

1840 5256 1913 5294 :ra
1943 5248 2071 5294 sunt
2104 5239 2378 5310 Γεωργιου
2413 5236 2658 5292 διακόνου
2692 5236 2788 5288 καὶ
2816 5233 3234 5307 ρεφερενὸαρίου
3260 5231 3359 5296 οιοᾶ

132 5324 334 5381 Ιιισξδου
362 5325 532 5397 στίχοι
565 5328 640 5389 εἰς
673 5327 768 5398 τὴν
794 5325 1170 5400 χἘξαήμερον.
1204 5326 1387 5385 Codex
1417 5336 1502 5384 est
1536 5329 1646 5383 min

1841 5345 1968 5394 nus,
2003 5329 2098 5383 sed
2131 5328 2470 5400 elegantibus
2505 5323 2701 5383 litteris
2732 5333 2985 5379 exoratus
3014 5343 3027 5380 :
3058 5323 3220 5381 iambi
3248 5324 3360 5381 sino

133 5416 258 5486 gulis
291 5415 496 5486 paginis
526 5416 579 5471 in
608 5425 842 5487 quatuor
871 5415 1151 5469 columnas
1179 5415 1518 5489 digeruntur,
1541 5434 1651 5472 non
1684 5419 1757 5473 ita
1794 5428 1970 5474 tamen
1998 5429 2055 5475 ut
2079 5427 2189 5474 tota
2220 5419 2471 5475 columna
2500 5418 2672 5488 prima
2701 5418 2925 5491 legenda
2948 5418 3048 5487 sit,
3068 5430 3357 5490 antequam

134 5508 194 5562 ad
224 5507 509 5562 secundum
536 5511 659 5579 quis
683 5510 1077 5583 progrediatur,
1111 5512 1205 5569 sed
1236 5528 1265 5566 a
1299 5513 1523 5587 singulis
1547 5513 1811 5587 cujusque
1836 5515 2100 5571 columnae
2138 5514 2329 5585 primis
2354 5514 2604 5569 versibus
2649 5513 3021 5585 incipiendum
3060 5515 3150 5581 sit,
3176 5522 3232 5569 et
3277 5514 3356 5567 sic

92 5604 99 5613 '
134 5598 313 5655 deinde
341 5600 670 5654 veniendum
698 5601 769 5655 ad
796 5601 1081 5664 secundos,
1117 5603 1324 5667 tertios,
1356 5613 1599 5672 quartus,
1638 5612 1801 5674 atque
1843 5618 1909 5658 co
1953 5603 2144 5658 ordine
2171 5603 2598 5658 continuandum
2626 5619 2798 5677 usque
2825 5608 2890 5663 ad
2929 5607 3088 5663 ﬁnem
3124 5604 3351 5675 pugilum

135 5689 383 5749 Caeterum
429 5689 610 5744 multis
653 5700 823 5746 scatet
850 5694 1146 5760 errorilms,
1185 5712 1244 5748 :u-
1270 5694 1453 5767 plures
1483 5696 1538 5755 in
1575 5696 1641 5750 co
1672 5695 1869 5753 desunt
1893 5711 2105 5761 versus,
2139 5694 2320 5769 plures
2351 5704 2479 5750 sunt
2524 5704 2676 5754 extra
2721 5700 2966 5759 ordinem
3016 5696 3346 5771 transpositi,
