3848 6342
446 269 582 335 1183
1661 264 1811 325 JOS.
1843 261 2109 323 MARLE
2140 259 2457 333 QUERCII
3642 264 3671 328 1
3690 264 3779 329 15;

435 385 722 443 Secundus
760 381 926 439 codex
960 378 1253 433 Vaticanus
1281 384 1364 431 est
1406 375 1522 441 l66,
1563 390 1673 429 non
1708 374 2044 445 ineleganter
2069 371 2165 428 sed
2198 374 2427 428 multum
2458 374 2716 432 mendose
2760 379 3034 451 scriptus,
3062 378 3189 436 cum
3235 378 3783 437 emendata-ihs

438 500 469 537 a
502 479 792 537 recentiori
844 491 1009 531 tnanu
1058 471 1326 543 appositis
1363 470 1417 524 in
1450 471 1716 540 margine.
1747 468 1957 524 Titulus

2307 468 2599 539 ιοφωτάτου
2632 472 2727 524 καὶ
2756 472 3091 541 λογιωτάτου
3134 475 3232 530 καὶ
3281 474 3777 547 ρεφερενδαρξσα

438 576 537 646 τῆς
564 571 829 641 Μεγάλης
859 566 1178 636 ἐκκλησίας,
1212 561 1531 646 κυρίουΔωῦ
1567 560 1820 625 Πισίδου,
1852 559 2022 630 στίχοι
2068 558 2319 627 ίαμδικοὶ
2365 558 2504 630 πρὸς
2549 559 2640 614 τὸν
2684 564 3035 636 πατριάρχην
3083 565 3779 628 κωνσταντινσυτεέὶειιις
3826 558 3827 609 ἒ

438 642 687 743 Σίργιον,
722 669 825 723 hoc
850 672 934 721 est
959 665 1015 719 in
1050 642 1625 729 Hexaemeron'Sergio
1655 659 1913 713 dicatum.
1951 656 2025 710 Ex
2052 655 2159 710 hoc
2194 656 2383 712 codice
2412 656 2599 713 decem
2633 656 2755 714 illos
2785 658 2992 716 iambos
3023 661 3409 732 supplevimus
3442 661 3501 716 in
3534 663 3773 733 primi-
3826 684 3827 699 ι

441 766 531 836 pio
565 782 618 819 v.
653 763 744 826 22,
780 760 872 831 qui
906 767 1038 814 sunt
1085 758 1143 812 in
1196 756 1412 811 laudem
1452 755 1699 825 ejusdem
1735 752 1957 829 Sergii'

2307 767 2526 808 versum
2567 753 2701 811 I627
2735 774 2747 809 :
2782 755 2973 820 Οὕτως
3008 756 3214 812 ἕκαστα
3256 758 3713 829 συμφερόντως
3742 765 3773 832 ἡ

443 857 624 927 χάρις,
656 854 752 909 sed
784 866 883 923 pro
909 851 1069 921 χάρις
1095 847 1263 903 habet
1297 846 1502 909 κτίσις.
1532 843 1752 899 Tertius
1784 843 1954 898 codex

2314 851 2397 897 est
2434 842 2558 909 867,
2605 843 2660 898 in
2698 860 2806 916 quo
2835 844 2940 902 H9
2969 846 3129 904 iambi
3162 857 3380 905 tantum
3414 850 3493 905 ab
3524 850 3777 906 Hene-

441 965 595 1004 mero
645 938 895 1017 excerpti
937 947 1213 1016 leguntur.
1245 941 1338 1012 qui
1374 935 1598 997 sunt‘de
1629 939 1945 994 animalium
1995 936 2423 1008 proprietatibus
2452 955 2467 991 :
2497 938 2688 1010 incipit
2719 938 2864 995 enim
2909 955 2942 995 a
2990 957 3151 997 versu
3201 942 3312 999 958
3342 962 3357 996 :
3394 941 3508 1008 Τις
3540 944 3775 1017 tax-rw
3826 972 3827 1001 ί

443 1037 761 1109 ἐκράτυνεν,
794 1044 851 1089 et
879 1034 1084 1090 desinit
1114 1032 1170 1085 in
1200 1045 1417 1084 versum
1456 1026 1594 1085 1357
1628 1046 1641 1083 :
1674 1027 1817 1099 Πρὸς
1844 1027 1962 1098 ﬁve:

2307 1026 2845 1102 5σίαν’ὰναστρέφει.
2880 1031 3052 1088 Totus
3097 1041 3183 1088 est
3226 1034 3615 1105 negligenter
3652 1044 3717 1089 et
3746 1052 3777 1089 ι

443 1128 675 1185 barbara
708 1144 870 1182 manu
896 1132 1173 1189 exoratus,
1198 1134 1259 1179 ut
1279 1139 1389 1179 non
1412 1123 1629 1178 dubites
1655 1137 1782 1177 eum
1806 1136 1836 1176 a
1866 1121 2135 1191 sequioris
2160 1121 2348 1201 smculi
2370 1122 2608 1193 quodam
2632 1123 2820 1181 Graeco
2842 1141 3154 1182 emanasse.
3170 1126 3395 1183 Titulus
3418 1139 3547 1184 est:
3572 1129 3777 1201 Γεωρ-
3826 1170 3827 1173 η

445 1219 565 1286 γίου
594 1216 687 1271 τοῦ
723 1214 1035 1299 σοφωτάτοιι
1064 1214 1158 1267 καὶ
1180 1212 1432 1266 διακόνου
1463 1211 1559 1265 τοῦ
1584 1212 1682 1281 τῆς
1713 1211 1974 1283 Μεγάλης
2002 1200 2297 1283 ἐκκλησίας
2328 1212 2521 1283 στίχοι.
2554 1213 2615 1268 In
2648 1214 2753 1270 line
2786 1215 2984 1288 legitur
3013 1218 3164 1283 τέλος
3187 1219 3298 1273 τῶν
3324 1221 3647 1292 στιχείων-
3682 1223 3777 1277 ln—

450 1317 616 1371 terea,
650 1304 792 1374 quod
832 1301 1051 1365 mirere,
1082 1300 1247 1356 iambi
1283 1315 1391 1355 non
1422 1308 1554 1354 sunt
1581 1302 1876 1371 στιχηρῶς,
1912 1300 2007 1355 sed
2040 1299 2094 1354 in
2127 1300 2349 1356 modum
2382 1308 2563 1371 prosae
2584 1303 2850 1360 orationis
2879 1305 3116 1376 scriptae.
3145 1306 3387 1373 Quartus
3416 1309 3623 1365 codex
3644 1312 3773 1368 Vat.
3826 1370 3827 1373 η

449 1410 535 1456 est
566 1397 726 1463 “26,
760 1397 1230 1459 membranaceus,
1261 1396 1383 1466 ejus
1418 1394 1607 1449 forma:
1639 1409 1800 1463 quam
1840 1392 2073 1449 dicimus
2103 1393 2157 1447 in
2187 1393 2275 1460 16,
2311 1392 2485 1449 nitide
2514 1403 2566 1449 et
2591 1395 2869 1467 eleganter
2893 1396 2915 1469 [
2936 1413 2991 1468 p.
3024 1397 3235 1471 XXVI]
3266 1409 3344 1465 et,
3376 1410 3448 1455 nr
3499 1402 3771 1467 videtur,

452 1491 601 1548 circa
629 1489 889 1545 saaculum
928 1503 1025 1542 xm
1058 1501 1088 1540 a
1121 1484 1297 1556 perito
1323 1484 1659 1556 calligrapho
1703 1478 1961 1554 scriptus.
2014 1483 2068 1539 is
2108 1491 2193 1539 est
2226 1483 2396 1539 codex
2437 1498 2504 1538 ex
2538 1498 2649 1555 quo
2676 1484 2898 1542 luerunt
2930 1484 3199 1559 exscripta
3230 1493 3516 1560 opuscula
3554 1491 3776 1549 Ρίεἰὼ

454 1582 525 1639 ab
552 1580 839 1637 Holstenio
868 1579 1037 1635 missa
1069 1576 1316 1632 Maltreto
1334 1617 1349 1642 ,
1380 1589 1545 1646 quem
1570 1574 1800 1630 Allatlus
1824 1589 1933 1629 non
1967 1573 2137 1641 vidit,
2172 1590 2204 1630 a
2236 1590 2346 1646 quo
2369 1577 2747 1648 apographum
2775 1578 3123 1637 bibliothecae
3153 1579 3513 1639 Corsiniana:
3547 1584 3775 1639 form-

456 1688 572 1734 tum
604 1685 708 1736 est.
745 1684 799 1732 et
829 1691 938 1747 quo
964 1674 1184 1731 demum
1208 1684 1310 1725 nos
1344 1670 1399 1723 in
1433 1669 1537 1724 hac
1565 1668 1806 1723 editione
1829 1667 2173 1739 procuranda
2202 1669 2289 1725 usi
2321 1684 2531 1751 sumus.
2575 1670 2638 1724 in
2663 1686 2731 1726 eo
2757 1673 2906 1728 enim
2935 1675 3285 1733 continentur
3310 1678 3518 1733 omnia
3554 1678 3773 1737 Pisidas

455 1776 699 1831 carmina
730 1775 834 1829 hoc
864 1773 1024 1828 titulo
1056 1778 1221 1842 atque
1250 1766 1442 1823 ordine
1471 1783 1485 1818 :
1523 1764 1704 1835 Στίχοι
1736 1764 1974 1836 Γεωργίο

2249 1783 2293 1819 ω
2324 1764 2420 1820 καὶ
2451 1766 2857 1837 σκεωφὺλακος
2882 1769 2984 1840 τῆς
3016 1770 3276 1843 Μεγάλης
3302 1771 3647 1845 ἐκκλησίας
3676 1774 3768 1829 τώ

456 1869 676 1929 Πισίδου
705 1870 785 1933 είς
815 1867 914 1940 τὴν
949 1860 1319 1935 Ἐξαήμερον⁸
1352 1859 1416 1915 In
1449 1858 1833 1915 Hexaemeron.
1866 1858 2271 1931 Epigrammata
2292 1899 2307 1924 ,
2332 1860 2627 1929 Heraclida,
2658 1863 2721 1918 de
2766 1865 3000 1920 vanitate
3047 1867 3188 1933 rite,
3219 1878 3410 1923 contra
3468 1870 3767 1941 Senam,

456 1966 520 2017 de
548 1963 878 2033 expeditione
906 1958 1165 2022 lleraclii,
1199 1957 1262 2010 de
1287 1953 1420 2010 bello
1446 1953 1695 2018 Abarim,
1724 1954 1779 2006 in
1805 1950 2162 2007 Anactorium.
2199 1953 2515 2024 Sequuntur
2541 1956 2797 2034 anonymi
2826 1956 2995 2014 iambi
3028 1959 3084 2015 in
3110 1958 3169 2015 S.
3190 1959 3428 2017 Mariam
3453 1963 3771 2037 ἐκπατίο-

457 2069 598 2117 cam,
636 2069 699 2106 ac
732 2050 928 2106 deinde
961 2049 1194 2120 plurima
1226 2045 1392 2100 Phila:
1419 2043 1681 2098 carmina.
1716 2042 1829 2097 Nec
1872 2041 2245 2098 Hexaemeron
2280 2060 2385 2100 nec
2412 2042 2729 2102 Poemation
2754 2047 2822 2103 de
2847 2049 3087 2106 vanitate
3124 2051 3248 2107 vitae
3277 2054 3497 2111 exinde
3525 2056 3769 2128 colligas

459 2164 585 2204 esse
620 2147 875 2202 mutilum
902 2165 916 2200 :
954 2159 1148 2200 omnes
1174 2142 1319 2196 enim
1349 2155 1542 2197 versus
1570 2138 1858 2221 utrobique
1884 2139 1985 2193 sibi
2020 2140 2320 2195 succedunt
2345 2155 2446 2195 suo
2480 2140 2672 2198 ordine
2705 2143 3013 2213 conjuncti,
3041 2145 3190 2201 nulla
3218 2147 3385 2203 litura
3415 2162 3680 2221 apparet
3712 2153 3768 2207 in

460 2233 662 2296 medio,
695 2244 873 2302 neque
906 2231 959 2285 in
1004 2231 1134 2294 line,
1170 2231 1323 2302 quod
1347 2229 1546 2300 apponi
1578 2218 1717 2285 solet
1749 2244 1872 2283 cum
1910 2227 2112 2297 aliquid
2147 2228 2510 2295 desideratur,
2540 2229 2717 2283 λείπει
2742 2229 2911 2285 τᾶλλα
2937 2231 3151 2305 legitur,
3183 2244 3245 2290 nt
3264 2247 3352 2290 est
3380 2236 3438 2290 in
3458 2218 3766 2295 inremo-

460 2326 519 2380 ln
557 2324 800 2395 margine
827 2331 958 2377 sunt
1000 2322 1142 2377 tituli
1175 2336 1241 2377 ex
1270 2321 1443 2378 minio
1472 2337 1657 2377 rerum
1687 2323 1864 2399 capita
1894 2322 2217 2389 indicantes,
2247 2324 2435 2393 quales
2463 2322 2607 2379 idem
2634 2322 2906 2379 Morellius
2948 2324 3199 2381 exhibuit
3242 2326 3295 2381 in
3343 2342 3449 2389 sua
3506 2330 3769 2386 editione

468 2415 785 2472 Parisiensi.
817 2410 1023 2480 Codex,
1052 2423 1113 2469 ut
1145 2415 1380 2480 videtur,
1428 2431 1458 2470 e
1486 2413 1941 2485 Columncnsium
1985 2416 2149 2472 domo
2172 2417 2247 2472 ad
2282 2416 2671 2474 bibliothecam
2693 2416 3006 2474 Vaticanam
3057 2420 3305 2477 transivit
3338 2442 3352 2476 :
3387 2424 3579 2480 habet
3606 2426 3767 2481 enim

458 2513 515 2567 in
543 2511 815 2584 principio
840 2511 958 2566 haec
983 2511 1167 2577 verba,
1195 2510 1303 2565 Hoc
1325 2511 1562 2566 volumen
1584 2520 1658 2567 est
1689 2512 1792 2566 mei
1811 2511 2023 2567 Νίσοίαὶ
2051 2511 2427 2568 Bartholomazi
2452 2511 2832 2571 de'Colurnnir.
2862 2513 3097 2581 Quintus
3114 2513 3285 2569 codex
3312 2514 3437 2569 Vat.
3470 2525 3571 2571 est
3592 2516 3765 2583 1281.

466 2605 848 2675 bombycinus,
879 2613 1029 2658 extra
1062 2612 1117 2658 ct
1146 2602 1298 2658 intus
1320 2602 1617 2674 praeferens
1645 2612 1874 2660 stemma
1912 2603 2107 2660 domus
2135 2604 2363 2660 Caralim
2405 2621 2418 2658 :
2461 2604 2515 2659 in
2543 2604 2716 2676 prima
2748 2605 2946 2679 pagina
2975 2604 3174 2676 legitur
3200 2603 3418 2660 Antonii
3450 2609 3625 2663 card.
3654 2609 3766 2666 Ca-

466 2695 612 2764 raﬂ'a:
641 2693 1021 2747 bibliothecarii
1061 2709 1252 2746 manus
1292 2709 1357 2747 ea:
1399 2701 1739 2758 testamento;
1774 2693 1985 2764 sequitu

2247 2695 2364 2750 ulus
2398 2712 2411 2749 :
2447 2694 2553 2748 Τοῦ
2585 2696 2642 2749 ἐν
2674 2695 2852 2765 ἁγίοις
2900 2682 3058 2767 ἡμῶν
3083 2696 3347 2779 Κυρίλλου
3390 2701 3766 2774 πατριάρχου

476 2787 881 2858 Ἀλεξανδρείας
913 2786 1043 2857 περὶ
1072 2783 1227 2849 ζώων
1251 2785 1630 2863 ἰδιότητοςνκαι
1659 2786 1842 2856 φυτῶν
1862 2784 1956 2840 διὰ
1988 2785 2183 2858 στίχων
2215 2786 2508 2859 ίαμϐικῶν,
2541 2787 2680 2859 πρὸς
2708 2787 2800 2842 τὸν
2836 2788 2934 2857 τῆς
2964 2789 3614 2856 Κωνσταντινουπόλεως
3650 2811 3769 2846 πα-

465 2878 735 2949 τριάρχην
768 2875 959 2950 κύριον
986 2877 1232 2947 Σέργιον.
1266 2876 1372 2932 Sed
1404 2894 1435 2932 a
1473 2894 1639 2949 manu
1672 2879 1984 2945 recentiori]

2248 2880 2394 2936 ietur
2422 2896 2546 2938 esse
2590 2881 2802 2945 Allatii,
2843 2881 3047 2939 ibidem
3096 2864 3369 2938 recte'est
3416 2893 3767 2940 annotatun

468 2974 745 3046 Γεωργίου
775 2972 869 3026 τοῦ
897 2972 1137 3027 Πισίδου.
1180 2970 1311 3028 Post
1339 2989 1558 3047 versum
1592 2973 1662 3030 80
1693 2991 1707 3029 :
1737 2973 1940 3043 Σιγῶσι
1974 2976 1987 3028 l

2260 2974 2475 3047 legitur,
2507 2976 2677 3047 Ἀρχὴ
2708 2975 2805 3029 σὺν
2837 2974 2957 3047 Θεῷ
2985 2974 3079 3028 τοῦ
3102 2972 3128 3006 ⁷
3164 2973 3253 3037 Ὠς
3278 2975 3647 3047 ὲμεγαλύνθη
3695 2978 3768 3031 τὲ

465 3069 600 3139 ἔργα
648 3084 763 3130 σου.
792 3067 968 3138 Κύριε
987 3080 1004 3098 °
1034 3067 1211 3122 πάντα
1248 3070 1306 3123 ὲν
1339 3069 1502 3140 σοφία
1530 3068 1815 3140 ἐποίησας,
1840 3084 1880 3124 'e
1911 3086 1984 3141 qu

2249 3070 2345 3137 bis,
2376 3071 2420 3127 si
2453 3079 2603 3127 tanta
2652 3080 2798 3128 esSet
2843 3070 3046 3128 codicis
3088 3069 3416 3134 auctoritas,
3464 3071 3599 3127 ιιι-ο
3646 3073 3768 3129 duo

468 3159 626 3215 lirma
660 3160 1018 3224 haberentur,
1051 3167 1108 3214 et
1130 3158 1277 3230 quod
1305 3161 1377 3216 sit
1404 3158 1729 3216 Hexaemcri
1760 3159 2110 3231 principium,
2142 3169 2197 3216 et
2222 3175 2387 3231 quem
2426 3160 2528 3216 sibi
2561 3161 2755 3217 ducem
2796 3161 2852 3216 in
2882 3176 2952 3217 eo
2976 3162 3265 3227 scribendo
3296 3162 3493 3236 legerit
3542 3164 3763 3220 Pisida.

469 3254 675 3311 Verum
712 3255 803 3311 hic
828 3255 991 3326 plane
1019 3267 1105 3310 est
1130 3254 1222 3310 ille
1251 3256 1447 3322 codex,
1478 3256 1638 3327 cujus
1668 3255 1963 3328 epigrapbe
1986 3256 2250 3326 deceptus
2275 3243 2642 3333 Hieronymus
2667 3256 2956 3314 Brunellus
2984 3254 3359 3327 HexaemerOn
3389 3259 3599 3320 Pisida
3635 3262 3763 3321 aii-

466 3346 548 3402 dit
578 3346 764 3402 limare
794 3359 942 3400 anno
973 3344 1112 3401 l590
1140 3345 1243 3402 sub
1269 3346 1493 3403 nomine
1515 3346 1724 3418 Cyrilli,
1757 3356 1817 3402 nt
1845 3361 2011 3418 supra
2049 3346 2254 3403 dictum
2290 3357 2376 3404 est
2406 3365 2419 3403 :
2448 3348 2632 3404 omnia
2661 3348 2808 3404 enim
2851 3349 3188 3420 respondent
3212 3350 3281 3407 ad
3301 3353 3599 3419 amussim.
3627 3370 3760 3411 cun

470 3440 660 3496 titulus
686 3450 799 3496 tum
825 3439 1133 3497 iamborum
1165 3454 1452 3503 numerus,
1474 3439 1577 3510 qui
1605 3447 1735 3495 sunt
1755 3422 1912 3495 1864:
1924 3437 2195 3494 Caeterum
2220 3446 2367 3494 totus
2393 3448 2688 3510 corruptus
2708 3448 2868 3495 estet
2891 3441 3551 3510 prersusinemendatus,
3571 3462 3759 3515 quan-

469 3546 636 3606 quam
666 3550 776 3589 non
813 3532 1151 3603 ineleganter
1178 3532 1419 3602 scriptus
1444 3533 1603 3591 initio
1641 3532 1835 3589 Saeculi
1854 3549 1944 3589 xv.
1976 3532 2036 3587 in
2065 3533 2313 3604 margine
2342 3533 2410 3590 ad
2442 3549 2664 3589 versum
2695 3533 2802 3589 ΓΗ
2834 3533 3146 3604 huiusmodi
3174 3545 3259 3592 est
3283 3535 3580 3609 inscriptio
3614 3541 3757 3613 Περὶ

470 3628 571 3699 τῆς
598 3627 753 3698 ἱερᾶς
788 3624 968 3686 νόσου.
999 3625 1074 3679 De
1101 3640 1253 3679 sacro
1282 3626 1482 3690 inorbo,
1512 3641 1677 3697 quam
1713 3626 1769 3680 in
1819 3626 1972 3680 nullo
2022 3623 2130 3680 alio
2180 3625 2373 3696 codice
2412 3625 2611 3697 reperi.
2665 3625 2773 3680 Sed
2803 3632 2859 3680 et
2893 3623 3169 3682 Morellius
3212 3627 3463 3684 eamdem
3510 3631 3755 3702 glossam

470 3710 830 3792 marginalem
862 3720 1140 3790 apposuit,
1167 3718 1323 3789 cujus
1348 3718 1456 3774 vim
1488 3722 1649 3791 plane
1678 3735 1788 3775 non
1828 3734 2110 3790 assequor,
2145 3736 2248 3777 nec
2288 3730 2450 3777 antea
2481 3733 2765 3779 assecutus
2792 3707 3100 3802 l‘uitl‘editor
3129 3721 3480 3781 Bibliotheca:
3523 3724 3753 3782 Patrum

471 3817 643 3872 Paris.
676 3815 834 3884 1589,
861 3818 936 3870 ait
966 3814 1113 3870 enim
1143 3832 1157 3869 :
1187 3811 1595 3884 Inscriptionem
1626 3817 1700 3870 De
1734 3816 1925 3872 morbo
1963 3831 2120 3872 sacro
2146 3834 2248 3872 non
2279 3818 2432 3889 capio
2460 3835 2479 3874 :
2509 3817 2693 3873 malim
2730 3809 2807 3874 De
2832 3818 3223 3874 certaminibus
3251 3828 3308 3873 et
3330 3820 3577 3890 pramiis
3603 3837 3751 3877 mar-

471 3923 649 3985 tyrum
681 3912 912 3969 Christi.
943 3910 1053 3967 llos
1077 3911 1321 3982 quinque
1353 3912 1572 3968 codices
1607 3911 1919 3978 Vaticanus,
1951 3913 2208 3983 quoniam
2256 3914 2472 3978 licebat,
2515 3929 2624 3969 non
2660 3914 2835 3988 piguit
2858 3912 3067 3985 jamdiu
3106 3913 3359 3992 conferre
3385 3904 3749 3971 et‘variantes

470 4006 732 4061 lectiones
762 4005 890 4061 hinc
922 4005 1049 4061 inde
1078 4005 1333 4080 colligere
1359 4023 1373 4060 :
1399 4020 1524 4077 spes
1553 4021 1790 4076 namque
1818 4005 1995 4061 inerat
2018 4005 2354 4063 uberrimum
2382 4006 2675 4077 diligentiae
2700 4014 2900 4061 nostra:
2928 4005 3163 4060 fructum
3181 4022 3283 4061 nos
3297 4022 3418 4063 esse
3437 4006 3744 4064 relaturos;

471 4096 566 4153 sed
613 4097 875 4152 exhausti
901 4096 1105 4152 laboris
1137 4098 1355 4153 tandem
1387 4080 1489 4153 nos
1517 4097 1793 4169 pmnituit.
1830 4097 1921 4153 ubi
1952 4096 2319 4177 intelleximus
2357 4113 2453 4154 eos
2484 4110 2679 4152 omnes
2724 4112 2847 4157 esse
2888 4105 2995 4152 tam
3046 4096 3299 4168 imperite
3347 4109 3404 4156 et
3450 4101 3749 4156 oscitanter

470 4186 734 4256 scriptos,
767 4195 828 4241 ut
866 4187 1071 4247 nullam
1106 4188 1398 4243 utilitatem
1439 4204 1504 4244 ex
1536 4204 1728 4245 eorum
1774 4187 2014 4258 lectione
2047 4202 2242 4258 capere
2278 4187 2477 4259 possis,
2519 4187 2563 4243 si
2612 4196 2791 4243 tamen
2825 4187 3104 4242 laudatum
3148 4190 3390 4246 codicem
3425 4191 3567 4246 H26
3597 4194 3747 4248 exci-

472 4282 613 4348 pias,
645 4292 808 4348 quem
861 4294 1030 4334 unum
1062 4280 1425 4349 perlustrasse
1472 4292 1527 4337 et
1574 4266 1900 4353 expendisse
1927 4280 2237 4335 accuratius
2275 4282 2409 4336 satis
2438 4280 2653 4336 fuisset.
2698 4278 2805 4335 Sed
2832 4288 2886 4334 et
2911 4277 3077 4333 alium
3108 4279 3354 4349 codicem
3396 4280 3745 4338 bibliotheca:

474 4372 842 4430 Vallicellanae
875 4375 1146 4446 signatum
1194 4373 1237 4429 B
1276 4375 1379 4431 115
1409 4375 1660 4432 conferre
1696 4377 1989 4441 voluimus,
2021 4391 2182 4447 quem
2229 4374 2453 4431 Fulvius
2479 4374 2712 4432 Ursinus
2745 4375 2892 4429 dono
2926 4372 3078 4429 dedit
3125 4374 3322 4429 Achilli
3359 4373 3555 4435 Statio.
3591 4387 3647 4432 ut
3687 4379 3743 4435 in

469 4468 664 4521 eodem
696 4476 943 4523 notatum
973 4467 1372 4533 animadverti;
1408 4482 1479 4524 ne
1514 4485 1637 4524 cum
1670 4477 1818 4525 esset
1846 4469 1913 4524 ad
1942 4470 2157 4535 manus,
2182 4484 2249 4524 eo
2278 4468 2363 4525 vel
2394 4467 2640 4541 neglecto
2670 4466 2757 4543 vel
2792 4467 2997 4522 omisso
3022 4464 3199 4521 cilicio
3222 4474 3409 4519 nostro
3434 4466 3744 4523 videremur

470 4559 731 4615 defuisse.
764 4559 943 4615 Codex
972 4570 1056 4615 est
1086 4561 1557 4623 menil‘ranaceus,
1590 4556 1644 4611 in
1680 4572 1791 4627 quo
1830 4557 2015 4612 statim
2042 4555 2273 4613 veniunt
2299 4555 2463 4611 iambi
2489 4554 2685 4610 Pisidm
2711 4554 2767 4609 in
2796 4554 2933 4609 duas
2959 4552 3241 4608 columnas
3268 4553 3635 4622 pulcherrime
3661 4559 3743 4612 di-

472 4652 610 4724 gesti
645 4663 699 4707 et
739 4652 916 4707 nitido
949 4650 1253 4707 characteri
1284 4647 1589 4719 conspicui,
1624 4648 1717 4703 sed
1747 4646 1827 4720 [p.
1866 4647 2087 4722 XXVII]
2129 4647 2313 4703 multis
2338 4644 2553 4702 mendis
2580 4644 2762 4703 fmdati
2795 4654 2851 4700 et
2878 4644 3195 4715 perturbato
3224 4643 3417 4699 ordine
3457 4644 3694 4714 diSpositi
3722 4665 3736 4712 ;

472 4745 605 4814 quin
650 4756 706 4801 ct
749 4747 951 4801 desunt
994 4760 1105 4801 non
1146 4741 1304 4815 pauci
1340 4758 1353 4794 :
1384 4756 1510 4795 nam
1542 4741 1905 4795 hexacmeron
1946 4740 1991 4794 ill

2219 4740 2341 4795 ibus
2378 4737 2509 4795 1651
2541 4739 2876 4794 continetur.
2911 4737 3126 4793 Titulus
3166 4748 3294 4795 οδω
3328 4738 3605 4811 Γεωργίου
3648 4741 3735 4795 τοῦ

474 4843 693 4896 ιἰισίδνιυ
742 4844 821 4906 εἰς
868 4841 1215 4912 πατριάρχην
1259 4837 1482 4911 Σέργιον
1543 4836 1673 4909 περὶ
1719 4836 1813 4907 τῆς
1858 4836 1993 4903 Ἐξατ

2215 4878 2220 4891 ,
2255 4835 2392 4890 Cum
2428 4843 2612 4890 autem
2652 4833 2841 4905 paucis
2869 4843 2995 4887 ante
3035 4830 3197 4884 annis
3239 4829 3439 4899 patrios
3470 4829 3734 4885 revisurus

481 4937 623 4992 lares
656 4937 986 4993 Florentiam
1030 4939 1328 4999 venissem,
1367 4932 1439 4987 ibi
1469 4933 1601 4987 mihi
1634 4932 1793 4987 libuit
1824 4947 1922 5002 per
1952 4931 2124 4987 otium
2152 4931 2337 4987 videre
2366 4945 2431 4985 ac
2462 4928 2716 4985 manibus
2744 4943 2963 4984 versare
3006 4925 3246 4980 codicem
3282 4923 3365 4988 10,
3401 4922 3538 4994 plut.
3575 4924 3627 4989 5,
3653 4925 3731 4979 bi-

475 5008 767 5089 bliothecae
794 5032 1031 5088 Mcdiceo
1063 5030 1442 5086 Laurentinum.
1471 5072 1485 5096 ,
1516 5028 1767 5099 quamvis
1793 5042 1898 5082 nec
1940 5034 2102 5082 aetate
2137 5040 2239 5081 nec
2289 5014 2397 5079 ulla
2444 5022 2762 5094 scriptionis
2801 5021 2985 5093 specie
3012 5016 3520 5083 commendabilem,
3551 5016 3604 5072 in
3632 5032 3731 5088 quo

478 5128 750 5185 habentur
776 5130 1050 5202 Γεωργίοο
1077 5127 1328 5183 διακόνου
1362 5124 1986 5187 Κωνσταντινουτιόλεως

2212 5122 2379 5175 ισὶδου
2416 5121 2588 5192 στίχοι
2616 5118 2831 5191 ἴαμϐοι,
2861 5116 3115 5175 videlicet
3142 5115 3197 5170 in
3225 5114 3613 5173 Hexaemeron.
3645 5107 3724 5185 qui

475 5231 605 5277 sunt
637 5233 846 5279 tantum
877 5222 1107 5281 numero
1149 5223 1289 5279 “27
1328 5241 1341 5278 :
1377 5223 1560 5293 plures
1593 5222 1741 5299 enim
1771 5235 1963 5275 versus
1994 5218 2177 5275 omisit
2210 5219 2464 5288 scriptor,
2509 5232 2572 5272 ac
2611 5214 2912 5287 praesertim
2964 5213 3020 5267 in
3072 5210 3180 5265 line
3202 5251 3217 5276 ,
3242 5224 3473 5279 quorum
3524 5209 3725 5265 ultimus

481 5313 743 5377 occurrit,
778 5314 868 5384 qni
902 5316 1061 5370 nobis
1093 5326 1180 5372 cst
1208 5314 1346 5369 1823
1384 5329 1397 5365 :
1431 5312 1692 5383 ’Ἑτοιμος
1721 5304 1882 5371 οἶνος.
1915 5308 1969 5364 id
1997 5316 2180 5363 autem
2222 5317 2382 5362 antea
2421 5305 2808 5367 observaverat
2835 5302 3284 5375 diligentissimus
3313 5301 3486 5357 editor
3519 5299 3723 5371 catalngi

474 5402 563 5471 cju
598 5404 719 5456 dom
753 5403 1121 5468 bibliotheca,
1156 5388 1336 5476 p.95,
1376 5405 1493 5460 lucc
1524 5403 1768 5459 subdens
1797 5419 1809 5455 :
1844 5400 1907 5455 In
1946 5401 2124 5454 codice
2154 5399 2405 5455 accedunt
2434 5399 2487 5452 hi
2521 5398 2750 5468 quinque
2779 5394 3014 5449 mendosi
3046 5411 3239 5459 versus,
3272 5395 3362 5464 qui
3387 5393 3723 5454 desiderantur

472 5504 529 5556 in
569 5497 798 5552 editione
835 5497 998 5552 Laelii
1029 5518 1048 5555 :
1080 5500 1217 5567 Δόξα
1250 5500 1306 5554 δὲ
1340 5502 1558 5553 πάντων
1583 5498 1661 5571 τῷ
1689 5496 1808 5568 Θεῷ
1843 5496 1938 5549 καὶ
1976 5504 1991 5548 Δ

2200 5510 2225 5568 ῃ
2250 5494 2328 5564 τῷ
2357 5493 2517 5560 ζῶντι
2544 5492 2639 5546 καὶ
2668 5492 2884 5563 μένοντι
2911 5491 2991 5556 εἰς
3021 5491 3109 5546 ἀεὶ
3138 5490 3359 5559 πρέπει.
3378 5489 3566 5558 Ἀμὴν,
3595 5488 3719 5558 ἀμὴν

476 5587 685 5658 γένοιτο
714 5586 793 5661 τῷ
819 5589 877 5642 ὲν
910 5590 1021 5665 τοῖς
1054 5591 1188 5644 πᾶσι
1217 5592 1428 5664 χρόνοις
1459 5609 1517 5645 τε
1565 5591 1655 5645 καί
1697 5590 1747 5657 γ’
1782 5588 1927 5642 ἔτεσι
1960 5590 2072 5651 τοῖς
2103 5587 2455 5657 ἀμετρήτοις,
2502 5584 2615 5637 εἴτε
2659 5582 2716 5637 δὲ
2747 5584 2860 5645 τοῖς
2896 5581 3137 5650 ἀναξίοις
3172 5583 3303 5652 ἡμῖν
3344 5582 3402 5633 ἐν
3444 5581 3571 5632 πᾶσι
3613 5595 3716 5635 xz:-

494 5684 630 5750 βιοῖς.
671 5683 740 5739 At
768 5700 876 5740 non
915 5685 1107 5753 sensit,
1141 5687 1284 5756 quod
1317 5697 1497 5743 tamen
1529 5687 1684 5741 lacile
1730 5694 1847 5739 erat
1900 5683 2218 5754 inttlligere,
2253 5680 2470 5754 putidus
2504 5680 2623 5735 illos
2651 5678 2944 5735 versiculos
2979 5692 3084 5731 non
3119 5689 3238 5729 esse
3271 5671 3480 5737 l‘isid:e,
3505 5669 3588 5725 scd
3630 5670 3714 5725 im~
