3848 6342
16 330 65 391 ι
86 334 241 397 3:,
401 380 405 384 .
1557 327 1970 389 PREFATIO.
3275 339 3408 407 1186

16 444 279 499 auriti
321 430 641 516 scriptoris,
676 442 771 518 qui
816 458 940 503 cum
972 426 1246 499 scribendi
1300 440 1458 495 tinem
1496 439 1735 506 iecisset,
1763 443 2178 499 atnanucnsium
2227 460 2377 501 more
2404 447 2521 504 hmo
2556 447 2791 527 eﬂ'ntivit
2824 453 2891 508 de
2921 468 3044 509 suo.
3073 452 3188 521 Qua
3233 424 3313 512 de
3348 474 3407 514 re

15 544 355 592 intum
377 538 535 594 abest
564 538 708 594 utin
736 536 1069 593 editionibus
1104 532 1425 589 Iiexaemeri
1472 533 1557 589 ha:
1607 549 1768 606 nugae
1795 534 2199 601 desiderentur,
2234 547 2291 593 ut
2327 548 2515 594 essent
2552 541 2735 610 potius
2757 583 2771 607 ,
2818 543 2861 597 si
2908 544 3045 599 forte
3092 544 3216 605 illuc
3264 546 3405 602 irre-

22 624 414 696 sissent.
452 629 849 701 expungendre.
892 627 1069 683 Venio
1127 640 1277 680 nunc
1336 625 1407 680 ad
1469 625 1856 681 bibliothecam
1917 627 2049 698 regii
2095 627 2456 686 Taurinensis
2494 630 2784 698 Athenaei,
2827 633 2880 686 in
2939 650 3045 705 qua
3073 677 3087 702 ,
3136 642 3300 705 prout
3337 651 3406 692 ex

15 722 53 790 ,ἰ
78 739 222 779 us
282 726 548 798 catalogo
587 724 899 796 colligitur,
945 723 1057 777 duo
1099 732 1230 776 sunt
1289 720 1508 775 codices
1572 734 1740 789 opera
1796 719 1991 776 Pisidae
2046 722 2418 789 continentes,
2473 722 2726 779 videlicet
2767 723 2870 777 504
2910 733 2965 778 et
3006 727 3133 780 560.
3176 725 3235 780 Id
3275 741 3401 780 eum

16 832 189 887 τεο
233 817 536 890 legissem,
568 817 757 873 statim
786 830 885 886 per
918 813 1202 885 epistolam
1240 811 1420 883 rogavi
1452 812 1521 865 cl.
1560 811 1775 866 Patrem
1808 810 2114 868 Beccartam
2134 853 2147 876 .
2190 814 2436 886 ejusdem
2466 814 2712 871 Athenaai
2752 816 3116 885 professorem
3153 817 3403 873 celeber-

15 908 61 960 ’ἰ
76 926 325 964 unum
356 918 415 965 et
444 925 514 966 ex
549 920 816 980 tempore,
847 923 959 978 quo
994 922 1094 962 nos
1124 906 1285 961 ambo
1310 906 1642 976 degebamus
1661 906 1938 970 Panormi,
1968 908 2201 963 amicum
2233 908 2641 976 suavissimum,
2670 917 2730 964 ut
2764 925 2869 980 qua
2908 912 3120 966 ratione
3151 921 3207 966 et
3238 912 3402 966 modo

16 1010 347 1067 mssa,
388 1001 585 1056 horum
629 1000 876 1059 codicum
920 997 1172 1053 notitiam
1211 996 1527 1066 ampliorem
1562 1011 1726 1066 quam
1754 1012 1875 1067 qua:
1902 999 1957 1051 in
1992 1000 2235 1071 catalogo
2272 1010 2419 1057 esset
2461 1002 2593 1056 mihi
2624 1002 3094 1066 communicaret;
3135 1002 3181 1057 is
3223 1012 3404 1057 autem

15 1092 258 1146 bah’c
297 1094 573 1161 Spartam.
601 1105 712 1160 quo
740 1090 879 1144 nihil
909 1087 1148 1158 optatius
1183 1086 1319 1141 mihi
1345 1085 1662 1158 contingere
1696 1086 1894 1154 potuit,
1921 1088 2071 1143 dedit
2094 1089 2248 1144 alteri
2280 1090 2623 1146 bibliothecae
2644 1091 2859 1147 custodi
2892 1091 3178 1147 Francisco
3207 1091 3400 1160 Bertae,

15 1183 222 1261 tris-9
260 1184 596 1240 electissimo
648 1192 811 1254 atque
842 1180 1261 1246 humanissimo,
1293 1179 1389 1250 qui
1413 1188 1609 1251 sponte
1638 1188 1688 1234 et
1724 1181 1885 1246 ultro,
1914 1190 1969 1236 et
2006 1182 2152 1237 nulla
2197 1183 2320 1239 vilis
2356 1185 2625 1243 mercedis
2653 1200 2750 1256 spe
2790 1185 3006 1248 ductus,
3048 1185 3403 1256 iniucundum

15 1291 255 1330 onus
309 1276 517 1343 subiit,
564 1293 733 1333 unum
773 1292 839 1332 ex
886 1275 1101 1331 duobus
1141 1273 1423 1330 eodicibus
1457 1274 1710 1339 contulit,
1757 1288 1995 1344 suasque
2028 1276 2085 1330 in
2117 1287 2411 1347 utrumque
2453 1278 2861 1334 observationes
2888 1278 2956 1333 ad
2994 1294 3083 1333 me
3113 1279 3405 1336 liberaliter

18 1369 293 1424 “sisit.
312 1368 447 1438 Sed,
466 1378 527 1425 ut
556 1370 672 1441 ipse
692 1362 907 1431 fatetur;
933 1378 1161 1438 uterque
1189 1366 1353 1421 codex
1378 1365 1636 1420 mendose
1657 1364 1892 1436 scriptus
1910 1351 1993 1422 est
2019 1368 2218 1423 saeculo
2246 1386 2333 1434 xv,
2364 1369 2525 1440 idque
2545 1385 2613 1425 ex
2641 1370 2974 1426 variantibus
2993 1369 3117 1426 inde
3136 1371 3404 1443 excerptis

26 1461 351 1516 abunde
382 1471 550 1533 patet.
583 1461 797 1517 Titulus
828 1460 1032 1516 codicis
1061 1458 1167 1514 50$
1196 1456 1286 1512 hic
1315 1466 1401 1513 est
1429 1476 1441 1511 :
1476 1455 1544 1509 Γε

1882 1456 2030 1511 novet)
2067 1458 2165 1513 καὶ
2208 1460 2622 1529 χαρτοφύ).ακος
2654 1462 2755 1531 τῆς
2783 1462 3098 1530 ἁγιωτάτης
3127 1462 3219 1515 τοῦ
3265 1462 3401 1517 Θεοῦ

24 1554 395 1626 Μεγάλης
445 1554 745 1625 ἐκκλησίας
794 1551 1456 1617 Κωνσίὶαντινουπὸλεως,
1511 1549 1607 1602 τοῦ
1650 1549 1890 1615 Πισιδου,
1945 1552 2231 1622 προοίμιον
2283 1555 2363 1617 είς
2418 1552 2516 1623 τὴν
2552 1554 2896 1625 Ἐξαήμερον
2920 1553 2992 1606 δι’
3040 1553 3274 1623 ἰάμϐων,
3310 1552 3404 1623 qui

38 1645 319 1702 titulus
352 1649 413 1702 in
443 1647 719 1719 Catalogo,
755 1664 809 1719 p.
842 1648 973 1712 5.95,
1000 1647 1081 1704 sic
1120 1647 1315 1717 legitur
1342 1642 1535 1698 Latine
1570 1650 1781 1697 tantum
1812 1657 2106 1713 expressus
2141 1659 2155 1697 :
2190 1643 2400 1715 Georgii
2426 1647 2635 1700 diaconi
2661 1654 2710 1699 et
2739 1645 3158 1716 clrartophylacis
3184 1647 3409 1700 sanctis-

42 1740 270 1796 sima:
306 1739 407 1795 Dei
430 1740 675 1811 Ecclesiae
701 1740 764 1796 C.
787 1739 852 1794 P.
881 1738 1183 1801 Pisidemis,
1217 1751 1427 1790 carmen
1456 1734 1931 1801 inﬂexaemeron;
1970 1736 2067 1791 sed
2101 1737 2294 1792 melius
2319 1748 2374 1792 et
2403 1740 2469 1793 ad
2502 1739 2727 1793 verbum
2774 1740 2988 1803 reddas,
3015 1740 3244 1810 Georgii,
3269 1747 3400 1799 εις..

49 1834 480 1889 sanctissima:
508 1843 556 1888 et
594 1848 800 1903 magna!
827 1831 925 1886 Dei
972 1828 1218 1885 Ecclesia:
1254 1836 1595 1899 cognomento
1638 1825 1851 1892 Pisidas,
1895 1826 1951 1880 in
1983 1826 2345 1883 Hexaemeron
2385 1829 2575 1884 iambis
2602 1832 2949 1899 conscriptum
2996 1831 3328 1900 prooemium.
3358 1830 3406 1886 Is

66 1934 201 1981 est
235 1923 420 1980 codex
451 1923 608 1994 cuius
645 1920 808 1975 variat
834 1917 1095 1974 lectiones
1129 1909 1485 1972 laudatissimi
1519 1915 1620 1971 viri
1657 1914 1930 1972 Franciscl
1965 1905 2139 1972 Berta:
2175 1916 2441 1973 beneﬂcio
2474 1920 2617 1988 apud
2647 1935 2736 1975 me
2765 1930 2912 1984 sunt,
2938 1936 2971 1976 e
2992 1921 3191 1991 quibus
3222 1930 3401 1976 tamen

60 2017 341 2073 nullum
380 2015 760 2086 adiumentum
790 2025 983 2082 capere
1008 2010 1171 2071 nobis
1193 2009 1347 2065 licuit
1371 2008 1455 2064 vel
1493 2007 1564 2062 ad
1591 2007 2005 2063 emaculandum
2034 2007 2120 2063 vel
2154 2008 2221 2063 ad
2252 2007 2691 2078 locupletandum
2720 2009 2914 2076 Pisidae
2947 2018 3152 2065 textum
3181 2027 3195 2065 :
3221 2011 3403 2066 omnia

74 2109 277 2163 enim
321 2106 436 2167 illic
474 2114 605 2161 sunt
648 2104 972 2174 interpolate
998 2111 1054 2158 et
1082 2102 1314 2161 barbare
1351 2100 1593 2172 scripta:
1625 2099 1720 2156 sed
1770 2100 1827 2155 in
1867 2114 1934 2155 eo
1965 2101 2129 2156 etiam
2162 2109 2461 2156 occurrunt
2502 2102 2693 2158 decem
2742 2102 2815 2157 illi
2845 2102 3044 2158 senarii
3090 2104 3146 2158 in
3186 2103 3402 2159 laudem

78 2199 327 2272 Sergii,
358 2212 498 2270 quos
526 2194 762 2254 diximus
789 2196 1043 2266 superius
1067 2210 1135 2250 ex
1163 2193 1287 2249 cod.
1311 2192 1434 2249 Vat.
1468 2192 1570 2248 I66
1596 2201 1855 2263 exceptos
1883 2192 1940 2247 in
1968 2192 2339 2249 Hexaemeron
2372 2209 2474 2250 nos
2498 2203 2870 2265 eomportasse
2908 2203 3032 2265 post
3059 2210 3276 2251 versum
3306 2194 3400 2251 2|.

82 2295 271 2361 Quin
314 2290 483 2350 etiam
513 2284 696 2348 hocin
730 2291 917 2348 codice
944 2287 1028 2362 [p.
1053 2287 1296 2360 XXVIII]
1327 2287 1654 2343 Taurinensi
1699 2297 1898 2358 pratter
1925 2286 2115 2342 decem
2153 2287 2205 2342 hi
2235 2286 2327 2341 alii
2362 2288 2472 2344 duo
2516 2289 2790 2344 adduntur
2832 2288 3122 2345 versiculi:
3164 2289 3234 2343 Ἠ
3267 2306 3404 2361 προ-

84 2384 325 2456 γραφὴ
356 2384 415 2438 δὲ
444 2383 555 2437 τῶν
584 2381 896 2436 λαλούντων·
921 2378 1215 2450 δραμάτων
1244 2377 1386 2447 ἔρως
1412 2392 1603 2448 προσει

1881 2375 2182 2449 οεὸτρωτος
2211 2377 2390 2448 λόγος,
2415 2394 2557 2450 quos
2586 2381 2649 2436 in
2685 2387 2896 2436 textum
2922 2395 3038 2436 non
3072 2380 3397 2455 recepimus,

92 2474 251 2545 quia
291 2474 453 2530 nobis
490 2471 813 2529 videbantur
839 2482 964 2524 esse
1004 2467 1168 2521 nimis
1214 2464 1415 2521 inﬂecti
1444 2472 1505 2523 et
1545 2464 1738 2520 Pisidae
1781 2465 2099 2536 neutiquam
2141 2467 2457 2524 convenire.
2487 2468 2595 2525 Sed
2632 2471 2726 2541 qui
2770 2470 2914 2527 volet
2953 2470 3199 2540 recipiat,
3237 2470 3399 2527 dum-

95 2566 298 2622 modo
325 2580 427 2636 pro
452 2563 785 2634 θεόπρωτος,
824 2574 947 2631 quae
990 2556 1178 2629 putida
1207 2568 1309 2627 vos
1353 2565 1438 2612 est
1484 2565 1539 2613 et
1567 2555 1614 2610 b:

1881 2564 2004 2628 egat
2031 2555 2342 2629 θεοπρεπὴς
2374 2558 2548 2628 λόγος.
2584 2558 2823 2615 Alterius
2854 2568 3039 2615 autem
3066 2560 3400 2627 codicisﬁiio

102 2655 372 2717 titulum,
402 2653 559 2724 cuius
589 2651 934 2709 characteres
961 2648 1098 2702 adeo
1126 2661 1249 2701 esse
1276 2645 1533 2701 evanidos
1567 2660 1656 2702 me
1693 2647 1906 2703 monuit
1944 2647 2120 2703 amice
2149 2647 2290 2703 idem
2323 2648 2478 2704 Berta
2511 2658 2571 2704 ut
2602 2649 2690 2705 vix
2731 2649 2832 2721 legi
2864 2651 3095 2720 possint,
3128 2650 3401 2721 proferam

103 2763 189 2802 ex
218 2743 506 2814 Catalogo,
539 2741 594 2795 in
622 2752 753 2810 quo,
787 2752 841 2808 ι).
868 2736 993 2800 485,
1031 2735 1149 2790 haec
1180 2734 1491 2789 habentur:
1524 2735 1622 2787 l‘so

1886 2737 2084 2790 ακόνου
2116 2738 2215 2808 τῆς
2254 2738 2516 2809 Μεγάλης
2552 2739 2649 2795 τοῦ
2680 2739 2817 2794 Θεοῦ
2850 2741 3143 2812 ἐκκλησίας
3175 2744 3272 2798 καὶ
3312 2746 3405 2816 ῥι-

111 2833 491 2907 ςερενδαρίου
523 2831 618 2886 τοῦ
653 2828 873 2884 Πισίδου
903 2826 1077 2897 στίχοι
1108 2823 1376 2879 πολιτικοὶ
1405 2825 1487 2905 εἰς
1513 2823 1576 2875 τὸ
1612 2824 1626 2842 ⁸

1884 2841 1955 2878 ιον
1974 2823 2069 2879 τοῦ
2101 2825 2340 2896 μεγάλου
2363 2826 2649 2881 Βασιλείου
2670 2845 2682 2858 ’
2710 2827 2920 2900 Georgii
2956 2830 3166 2885 diaconi
3196 2831 3403 2904 Magna:

112 2906 363 2988 ecclesia
386 2939 437 2984 et
467 2925 834 2998 referendarii,
879 2922 1181 2994 cognomine
1212 2919 1427 2983 Pisidia,
1460 2918 1675 2973 iambici
1716 2906 1895 2973 versus
1937 2919 2138 2990 politici
2186 2921 2257 2974 in-
2288 2920 2650 2975 Hexaemeron
2700 2923 2877 2993 τηιρηί
2906 2921 3125 2989 Basilii,
3169 2940 3401 2996 quorum

116 3010 357 3081 initium
381 3017 427 3077 ὦ
466 3019 686 3083 παντός.
733 3016 841 3072 Sed
884 3015 989 3069 hoc
1014 3002 1090 3067 ‘in
1122 3012 1278 3067 titulo
1308 3010 1509 3066 erravit
1541 3025 1668 3065 cum
1714 3010 1917 3065 codicis
1961 3011 2217 3081 scriptor,
2259 3013 2352 3081 qui
2383 3027 2578 3067 versus
2608 3012 2860 3081 politicos
2891 3013 3143 3083 appinxit
3184 3015 3399 3073 Pisidas.

138 3128 267 3173 tum
309 3124 499 3171 auctor
523 3108 771 3183 catalogi,
814 3107 906 3177 qui
942 3121 1039 3162 eos
1080 3104 1342 3160 iambicos
1386 3104 1635 3176 politicos
1674 3102 1953 3175 appellat:
1995 3118 2142 3169 nam,
2188 3114 2252 3159 ut
2282 3105 2513 3161 inferius
2552 3105 2900 3183 notabimus,
2946 3106 3140 3162 iambis
3182 3108 3400 3177 quidem

120 3207 347 3277 scripsit
377 3203 579 3267 Pisida,
607 3210 664 3256 et
704 3182 932 3255 omnino
978 3197 1274 3268 eleganter,
1312 3211 1427 3249 non
1467 3194 1717 3248 versibus
1747 3195 2016 3265 politieis;
2060 3195 2323 3251 iambicos
2351 3204 2534 3250 autem
2586 3212 2779 3252 versus
2820 3182 2975 3253 itullo
3019 3198 3180 3254 modo
3222 3202 3402 3271 possis

120 3298 405 3369 appellare
435 3294 705 3365 politicos,
730 3298 856 3347 eum
889 3288 1187 3345 maximum
1210 3286 1295 3341 ‘sit
1336 3285 1478 3341 inter
1522 3285 1732 3340 iambos
1759 3284 1908 3355 ipsos
1940 3294 1996 3342 et
2041 3285 2292 3356 politicos
2317 3285 2635 3341 discrimen.
2669 3286 2827 3352 Quod
2868 3297 3053 3343 autem
3084 3289 3158 3344 ibi
3201 3291 3399 3347 deinde

124 3394 351 3467 legitur,
383 3407 511 3449 suos
542 3389 750 3455 iambos
781 3384 1064 3456 scripsisse
1094 3380 1330 3438 Pisidam
1357 3380 1412 3433 in
1438 3383 1807 3451 Hexaemeron
1830 3380 2040 3445 Basilii,
2072 3381 2124 3435 id
2152 3392 2313 3451 quam
2348 3381 2451 3436 levi
2494 3379 3170 3452 innitaturlundamento,
3216 3393 3398 3440 esti-no

126 3488 315 3541 (limus
351 3484 405 3540 in
437 3482 637 3539 Monito
662 3481 730 3536 ad
772 3478 951 3549 ipsum
984 3487 1176 3547 poema
1218 3471 1295 3527 De
1323 3473 1529 3543 opiﬁcio
1573 3475 1774 3529 mundi.
1828 3474 1936 3530 Sed
1981 3475 2086 3531 hoc
2136 3475 2191 3529 in
2232 3474 2421 3531 codice
2463 3486 2663 3545 praeter
2721 3475 3096 3535 Hexaemeron
3131 3478 3396 3533 habentur

128 3580 303 3633 etiam
361 3575 596 3647 primum
645 3572 742 3627 τοῦ
781 3567 946 3641 adeo?)
988 3569 1077 3633 είς
1132 3566 1224 3620 τὸν
1296 3568 1526 3637 μάταιον
1580 3566 1647 3638 βε(

1888 3566 2012 3621 καθ’
2059 3567 2446 3640 ὑπερηφάνων,
2507 3568 2742 3639 ejusdem
2791 3570 2852 3623 de
2910 3570 3148 3625 uanitate
3178 3572 3300 3626 vitta
3346 3582 3396 3626 et

130 3675 383 3730 adversus
427 3668 692 3741 superbos,
750 3666 951 3727 iambi,
980 3675 1215 3735 quorum
1267 3661 1484 3717 initium
1535 3680 1550 3717 :
1612 3663 1649 3715 Ἀ

1906 3650 2065 3733 ἡμῶν
2116 3661 2214 3716 τοῦ
2278 3661 2540 3734 λογισμοῦ
2594 3662 2696 3727 τὰς
2752 3664 2921 3734 κόρας
2953 3703 2969 3729 ,
3013 3665 3212 3721 deinde
3269 3681 3395 3722 vero

140 3768 314 3838 στίχοι
348 3769 443 3824 τοῦ
473 3764 642 3819 αὑτοῦ
672 3764 755 3828 εἰς
796 3762 897 3834 τὴν
923 3759 1087 3828 ἁγίαν
1114 3757 1227 3811 τοῦ.
1246 3755 1487 3829 Χριστοῦ
1516 3757 1613 3810 καὶ
1637 3757 1659 3810 ε

1876 3759 1979 3813 ιῶν
2007 3758 2325 3823 ἀνάστασιν,
2362 3757 2596 3828 ejusdem
2623 3774 2802 3813 versus
2846 3760 2914 3814 de
2945 3758 3145 3814 Christi
3184 3758 3395 3816 Domini

138 3862 305 3919 nostri
336 3860 731 3926 resurrectione,
758 3870 990 3930 quorum
1021 3852 1234 3909 initium
1264 3852 1657 3925 ςΛευχειμονρί

1901 3853 2173 3926 προῆλθεν
2202 3855 2236 3925 ἠ
2263 3855 2463 3919 κτίσις·
2493 3854 2555 3907 τὸ
2585 3853 2693 3926 γὰρ
2724 3854 2998 3910 σκοτεινὸν
3020 3848 3397 3913 ἐκδιδάσκεται

141 3954 320 4026 χρέος.

217 4073 280 4129 ili
327 4079 450 4127 sunt
496 4067 727 4125 codices
761 4067 816 4123 in
864 4066 1030 4122 Italia:
1076 4061 1423 4120 bibliothecis
1465 4062 1761 4128 asservati,
1799 4062 1852 4116 in
1894 4062 2093 4132 quibus
2131 4078 2296 4132 opera
2348 4063 2541 4119 Pisidas
2575 4061 2954 4127 continentur;
2991 4077 3094 4117 nec
3135 4062 3224 4117 alii
3267 4072 3400 4119 sunt

142 4163 349 4235 Georgii
381 4161 479 4232 τῆς
514 4157 769 4228 Μεγάλης
811 4155 1109 4229 ἐκκλησίας
1141 4153 1332 4223 στίχοι,
1364 4167 1506 4222 quos
1546 4149 1661 4206 Con

1876 4149 2147 4206 Gcsnerus
2183 4153 2235 4204 in
2268 4166 2365 4205 sua
2415 4151 2752 4206 Bibliotheca
2782 4149 2913 4204 dicit
2957 4150 3153 4207 alicubi
3182 4160 3395 4207 exstare

144 4260 200 4314 in
246 4255 418 4322 Italia;
445 4268 507 4308 ac
545 4251 775 4322 proinde
812 4265 922 4304 non
969 4246 1245 4302 immerito
1289 4244 1545 4301 irridetur
1586 4243 1656 4298 ab

1876 4270 1898 4307 ι,
1929 4242 2073 4313 quod
2109 4241 2183 4297 ita
2235 4242 2558 4313 scripserit:
2598 4243 2873 4313 Γεωργίου
2910 4244 3128 4315 πόνημα
3160 4246 3256 4299 τοῦ
3300 4247 3395 4300 καὶ

146 4348 376 4409 melius.
410 4340 687 4412 Inscriptio
717 4341 953 4396 trimetro
983 4337 1209 4393 iambico
1244 4335 1382 4401 libri,
1411 4338 1499 4407 qui
1533 4336 1704 4390 nescio
1747 4351 1851 4405 qua
1895 4334 1951 4388 in
1998 4333 2177 4387 Italia:
2220 4333 2527 4388 bibliotheca
2572 4334 2719 4396 latet,
2749 4337 2898 4389 uaria
2944 4338 3196 4403 opuscula
3227 4340 3397 4393 conti-

146 4460 292 4507 ms,
314 4447 615 4503 de'a'statc,
641 4437 704 4491 de
738 4433 898 4495 mari,
929 4432 999 4486 ad
1030 4448 1114 4489 eos
1136 4431 1226 4502 qui
1255 4433 1388 4502 leges
1418 4445 1520 4483 non
1551 4436 1806 4492 metuunt,
1838 4427 1901 4481 de
1933 4437 2234 4499 augmento,
2271 4428 2335 4481 de
2366 4426 2600 4481 sensibus
2646 4427 2873 4490 nostris;
2912 4428 3293 4499 physiologiam
3333 4436 3399 4484 de

148 4533 353 4606 plantis,
393 4530 597 4590 avibus,
641 4525 960 4603 volatilibus,
1001 4523 1332 4589 natatilibus,
1366 4522 1510 4595 feris,
1540 4519 1812 4591 reptilibus
1840 4528 1890 4574 et
1927 4520 2134 4585 herbis;
2167 4523 2231 4574 de
2270 4520 2542 4591 generibus
2588 4521 2933 4586 animalium;
2971 4521 3035 4575 de
3078 4521 3297 4586 locusta,
3322 4525 3398 4595 ~de

148 4623 431 4686 hirundine,
461 4621 525 4675 de
558 4617 699 4673 malo
729 4618 953 4686 punica;
984 4630 1106 4685 qua:
1127 4615 1309 4689 omnia
1339 4613 1653 4669 Ilexaemeri
1688 4622 1894 4685 partem
1925 4615 2265 4669 crmstituunt
2294 4633 2306 4669 :
2342 4630 2529 4669 verum
2561 4632 2643 4679 en,
2673 4615 2949 4687 subiungit
2977 4615 3225 4684 Allatins,
3264 4633 3398 4687 quo-

165 4715 305 4771 modo
340 4729 500 4767 unum
536 4720 585 4765 et
618 4710 980 4765 continuatum
1032 4707 1322 4760 tractatum
1370 4707 1426 4759 in
1480 4705 1657 4776 plures
1703 4711 1784 4760 ur
1822 4708 1919 4761 iste
1963 4707 2229 4775 discerpit.
2270 4708 2455 4762 Annon
2499 4709 2658 4761 etiam
2702 4710 2803 4761 hac
2847 4708 3052 4763 ratione
3095 4716 3144 4763 et
3181 4725 3394 4765 carmen

153 4808 440 4879 quandoque
471 4806 654 4859 unicus
683 4810 942 4856 tractatus
970 4807 1017 4854 et
1047 4798 1354 4873 opusculum
1385 4799 1523 4853 erit?
1555 4799 1625 4853 At
1658 4814 1783 4854 vero
1819 4798 1978 4871 longe
2028 4799 2210 4869 plures
2240 4809 2368 4853 sunt
2415 4815 2643 4869 operum
2694 4798 2886 4854 l‘isidze
2926 4800 3158 4866 codices,
3203 4800 3293 4870 qui
3337 4799 3392 4854 in

154 4902 473 4960 bibliothecis
509 4910 665 4956 extra
710 4897 918 4952 italiam
964 4904 1218 4959 exstant:
1252 4909 1380 4949 nam
1419 4893 1473 4948 in
1507 4893 1620 4948 sola
1663 4894 1806 4965 regia
1846 4893 2168 4958 l’arisicnsi,
2208 4909 2314 4964 qua
2352 4895 2499 4948 nulla
2529 4902 2651 4964 post
2690 4893 3000 4949 Vaticanum
3034 4895 3192 4966 plane
3225 4892 3391 4951 ditior

156 5010 250 5065 est.
279 5000 506 5070 quinque
542 5006 671 5054 sunt
711 4994 944 5056 codices,
978 5003 1039 5046 ut
1071 5000 1219 5061 patet
1246 5006 1313 5045 ex
1362 4990 1628 5063 catalogo,
1659 4990 1913 5045 videlicet
1958 4989 2083 5057 854,
2122 4990 2278 5056 1277,
2310 4989 2466 5065 I392,
2498 4989 2663 5057 285i,
2698 4988 2860 5057 987i,
2893 4991 3118 5045 iambico
3149 4991 3391 5046 carmina
3458 5050 3461 5055 ι

156 5112 207 5151 nt
241 5094 604 5157 Hexaemeron,
638 5091 751 5146 sive
781 5088 856 5144 De
883 5087 1091 5158 api/icio
1121 5084 1770 5155 mundi,complectentes
1799 5085 1901 5141 sub
1931 5094 2119 5155 aperto
2156 5084 2378 5139 nomine
2412 5084 2621 5139 Pisidv.
2663 5082 2769 5138 Sed
2806 5083 3002 5138 ibidem
3035 5083 3121 5137 alii
3152 5084 3393 5155 quinque

157 5195 353 5244 exstant
395 5184 631 5247 codices,
675 5182 729 5237 id
763 5188 848 5236 est
893 5175 1253 5238 27i5.2716,
1292 5175 1455 5239 2869,
1485 5175 1648 5237 2870,
1698 5175 1860 5243 2893,
1906 5176 1961 5230 in
2002 5177 2201 5247 quibus
2246 5175 2388 5231 idem
2435 5191 2574 5245 opus
2614 5174 2717 5230 sub
2775 5174 2910 5229 falso
2949 5175 3171 5230 nomine
3210 5175 3389 5248 Cyrilli

160 5272 497 5332 Alexandrini.
537 5271 594 5326 In
628 5268 814 5326 codice
854 5277 1035 5323 autem
1090 5266 1222 5320 1650
1262 5264 1517 5337 leguntur
1563 5264 1755 5320 Pisidae
1795 5265 1955 5320 iambi
2007 5265 2080 5321 De
2134 5266 2241 5321 vita
2286 5266 2543 5333 Immana,
2577 5281 2808 5336 quorum
2853 5264 3201 5341 ἀρχοτέλειαν
3232 5267 3391 5324 nobis

164 5376 357 5435 rogatus
396 5362 546 5417 misit
605 5359 1018 5431 perhumaniter
1049 5357 1120 5412 cl.
1164 5356 1246 5409 vir
1285 5357 1756 5426 Cappcronnerius
1806 5356 2153 5412 bibliothecae
2200 5354 2277 5429 ip.
2306 5354 2504 5429 XXIX]
2559 5357 2738 5429 Regia:
2775 5367 2992 5423 custos,
3037 5358 3251 5429 qualem
3304 5356 3390 5412 hic

163 5458 364 5513 libenter
389 5454 725 5526 subiicimus,
764 5468 888 5508 cum
917 5453 1059 5522 quod
1104 5452 1173 5505 ibi
1214 5451 1317 5504 alia
1360 5450 1518 5506 aliter
1546 5466 1613 5506 ac
1651 5450 1703 5505 in
1737 5451 1895 5507 editis
1934 5453 2205 5524 legantur,
2239 5462 2352 5507 tum
2394 5452 2539 5523 quod
2588 5454 2721 5508 nihil
2753 5454 2948 5513 deesse
2996 5454 3051 5510 in
3082 5454 3187 5510 line
3226 5452 3390 5522 huius

165 5548 412 5620 poematis,
446 5557 503 5601 ut
536 5546 787 5616 superius
820 5545 1155 5606 dicebamus,
1188 5540 1541 5597 conﬁrmetur
1568 5561 1582 5598 :
1617 5542 1684 5596 To

1866 5544 2068 5598 ωτὰτου
2101 5545 2377 5617 Γεωργίου
2408 5544 2501 5598 τοῦ
2548 5545 2767 5600 Πισίδου
2795 5549 2876 5611 εἰς
2908 5547 2999 5600 τὸν
3044 5543 3385 5618 ἀνθρώπινον

167 5642 264 5717 βίον
288 5642 370 5693 καὶ
396 5639 540 5694 κατὰ
564 5640 934 5712 ὑπερηφάνων
966 5639 1216 5709 ἔμμετρα
1248 5638 1500 5708 ξαμϐικὶ.

235 5754 296 5808 Τὸ
326 5754 655 5827 πρῦγρσμμα
687 5754 823 5826 πρὶς
861 5754 1113 5827 Χριστόν.
1147 5752 1388 5818 Ἀνοιξον
1419 5753 1573 5824 ἡμῖν
1612 5751 1706 5806 τοῦ
1753 5751 2015 5826 λογισμοῦ
2063 5754 2161 5818 τὰς
2211 5754 2439 5827 πτύχας,
2483 5758 2512 5810 ὁ
2541 5756 2635 5810 τοῦ
2683 5757 2806 5810 lineo
2842 5758 2970 5827 rtpr
3016 5751 3289 5819 ὲξανοίξας
3316 5745 3378 5807 τὸ
