3848 6342
474 377 604 444 1191
1665 381 1793 443 JOS
1857 379 2130 447 MARUE
2161 378 2476 451 QUERCII
3611 372 3752 437 1132

473 488 718 545 Latinam
751 488 876 543 olim
921 489 1164 556 vertisse,
1190 491 1334 560 quod
1367 501 1546 546 tamen
1581 509 1856 563 nunquam
1900 493 2033 548 vidit
2064 491 2272 556 lucem,
2317 489 2530 546 codices
2564 487 2850 542 Vaticanos
2885 487 2985 546 I55
3025 495 3080 541 et
3117 485 3235 556 15⁸4,
3281 502 3310 542 e
3355 487 3590 556 quibus
3623 503 3748 541 va-

472 583 682 639 sionem
730 583 938 652 paravit
967 599 1156 650 suam,
1207 590 1469 646 attentius
1517 592 1889 654 consideravi,
1935 600 2096 659 atque
2135 605 2202 643 ex
2252 587 2316 642 iis
2361 596 2548 656 aperte
2595 584 2927 654 deprehendi
2978 583 3286 640 Chronicon
3345 582 3686 639 Ilamartoli
3717 600 3746 636 ει

471 673 758 729 Chmnicis
785 689 946 744 supra
981 679 1310 744 memoratis,
1341 697 1460 749 qua:
1493 683 1545 736 in
1576 683 1800 736 aliarum
1838 681 2287 735 bibliothecarum
2330 676 2608 731 codicibus
2634 675 2752 729 aliis
2790 673 3036 744 Georgiis
3066 675 3398 739 tribuuntur,
3440 673 3614 728 nihil
3657 687 3749 726 aut

472 762 626 817 valde
659 779 846 832 parum
877 763 1115 829 differre,
1140 765 1393 836 idemque
1423 769 1645 822 omnino
1670 785 1790 824 esse
1819 784 1883 822 ac
1917 767 2307 821 Coislinianuui
2342 781 2371 819 a
2412 764 2812 819 Montfauronio
2843 751 3140 818 laudatum.
3182 762 3310 817 Nam
3358 772 3588 833 praeter
3619 777 3748 832 pro-

471 859 672 930 logum,
703 859 891 912 Πολλοὶ
929 860 1026 928 μὲν
1063 862 1169 913 τῶν
1197 861 1301 926 ἔξω
1343 864 1654 932 φιλολόγων,
1681 881 1840 934 quem
1870 881 1923 934 p.
1951 865 1990 918 31

2225 879 2265 916 :n
2309 862 2595 931 exscripsit
2635 859 2882 924 Allatius,
2919 858 3133 934 codices
3177 853 3418 909 Vaticani
3459 852 3744 909 eumdem

470 949 632 1003 etiam
673 949 966 1018 prmferunt
1011 951 1245 1019 titulum,
1281 954 1532 1024 idemque
1560 955 1628 1010 de
1657 933 2116 1009 duabusiiiliabus
2145 952 2313 1006 Adam
2354 957 2720 1005 commentum
2759 948 2844 1002 his
2891 933 3107 1001 verbis:
3139 942 3403 1014 Χρονικδν
3444 941 3748 1008 oti-mpm

470 1038 534 1090 ἐκ
559 1036 828 1107 διαφόρων
858 1039 1238 1108 χρονογράφων
1270 1043 1360 1094 καὶ
1388 1041 1669 1113 ἐξηγητῶν
1714 1042 1965 1109 συλλεγὲν
1995 1041 2087 1094 καὶ
2124 1039 2376 1093 συντεθὲν
2407 1037 2510 1091 ὑπὸ
2537 1036 2810 1107 Γεωργιου
2847 1031 3172 1106 ἀμαρτωλοῦ
3210 1029 3476 1102 μοναχοῦ.
3539 1030 3752 1091 Βίϐλος

469 1129 737 1196 γενέσεως
783 1129 1104 1200 ἀνθρώπων,
1147 1125 1182 1203 ᾖ
1230 1129 1414 1201 ἡμέρᾳ
1447 1130 1710 1183 ἔπλαττεν
1756 1133 1784 1184 ό
1826 1130 1958 1194 Θεὸς
1999 1129 2088 1183 τὸν
2115 1128 2286 1197 ’Δδὰμ
2318 1128 2437 1180 κατ’
2482 1125 2665 1180 εἰκόνα
2713 1128 2806 1180 καὶ
2837 1125 3093 1196 ὁμοίωσιν
3145 1122 3327 1176 αὐτοῦ.
3367 1123 3428 1174 Ὀ
3457 1121 3528 1174 δὲ
3563 1121 3751 1190 mea;

470 1219 758 1287 ἐγέννησεν
800 1220 947 1282 υἱοὺς
980 1221 1128 1289 τρεῖς
1157 1220 1251 1273 καὶ
1297 1219 1601 1290 Θυγατέρας
1633 1219 1746 1283 δύο,
1781 1220 1872 1273 τὸν
1919 1217 2081 1284 Κατν,
2126 1219 2220 1271 καὶ
2268 1216 2557 1283 τὸνἈὸὲλ,
2609 1215 2700 1270 καὶ
2747 1216 2836 1268 τὸν
2883 1216 3012 1286 Σὴθ,
3059 1215 3153 1268 καὶ
3184 1213 3598 1284 τὴνἋζὺραν,
3653 1216 3748 1265 καὶ

467 1307 566 1378 τὴν
593 1308 854 1378 Ἀσουάμ.
894 1307 1002 1360 Καὶ
1027 1310 1054 1359 ὁ
1090 1308 1186 1378 μὲν
1213 1307 1384 1378 Ἀδὰμ
1415 1311 1554 1363 κατὰ
1587 1309 1832 1363 κέλευσιν
1859 1309 1993 1362 Θεοῦ
2026 1308 2293 1378 ἐπέθηκεν
2323 1308 2562 1378 ὀνόματα
2601 1309 2734 1360 πᾶσι
2763 1309 2873 1370 τοῖς
2901 1307 3264 1379 τετραπόδηις,
3296 1307 3391 1359 καὶ
3421 1307 3748 1367 πετεινοῖς,

469 1405 564 1455 καὶ
589 1404 890 1471 ἁμφιὸίοις,
916 1405 1010 1456 καὶ
1039 1403 1307 1474 ἑρπετοῖς,
1343 1404 1434 1456 καὶ
1471 1405 1670 1474 ἰχθύσι,
1703 1407 1798 1458 καὶ
1838 1405 1951 1466 τοῖς
1986 1403 2179 1456 ἑαυτοῦ
2205 1403 2417 1466 τέκνοις
2441 1419 2454 1432 °
2483 1402 2544 1455 τὸ
2579 1402 2634 1456 δὲ
2664 1402 2829 1457 αὐτοῦ
2864 1403 3037 1472 ὄνομα
3062 1403 3156 1455 καὶ
3187 1403 3283 1472 τῆς
3320 1402 3610 1469 γυναικὸς
3647 1403 3750 1453 αὒ-

465 1493 562 1545 τοῦ
592 1493 816 1560 ἄγγελος
851 1495 1053 1565 Κυρίου
1087 1492 1240 1549 εἷπεν
1284 1498 1485 1560 αὐτοῖς.
1533 1498 1643 1549 Καὶ
1671 1498 1699 1548 ό
1735 1497 1836 1565 μὲν
1875 1495 2013 1549 Καῒν
2041 1493 2199 1546 ἔλαϐε
2225 1493 2302 1565 [ρ.
2340 1493 2578 1566 XXXIII]
2609 1496 2840 1563 γυναῖκα
2873 1495 2971 1564 τὴν
3013 1495 3236 1566 πρώτην
3270 1493 3517 1564 ἀδελφὴν
3561 1493 3748 1546 αὑτοῦ

469 1581 722 1651 ’Λζύραν,
751 1584 779 1633 ό
811 1581 867 1633 δὲ
897 1583 1002 1652 Σὴθ
1037 1585 1136 1654 τὴν
1157 1584 1414 1652 δευτέραν
1441 1583 1696 1652 Ἀσουάμ.
1740 1583 1850 1635 Καὶ
1874 1583 1903 1635 ὁ
1947 1599 1988 1652 μ

2228 1621 2253 1646 .,
2285 1598 2339 1637 κ.
2383 1599 2432 1634 τ.
2463 1582 2514 1634 λ.
2542 1581 2726 1656 itaque
2757 1581 2840 1636 vel
2873 1582 3055 1638 omnia
3093 1583 3208 1637 haec
3240 1582 3524 1636 Chronica
3559 1598 3747 1635 unum

467 1675 827 1743 eumdemque
865 1676 1066 1730 habent
1093 1686 1369 1730 auctorem
1396 1675 1706 1744 Georgium,
1739 1676 1782 1730 si
1814 1675 2008 1746 placet,
2055 1674 2450 1740 llamartolum,
2495 1677 2580 1732 vel
2626 1685 2753 1730 sunt
2798 1692 2864 1731 ex
2907 1678 3026 1732 aliis
3073 1676 3357 1732 Cbronicis
3395 1692 3425 1730 a
3469 1677 3752 1746 quolibet

468 1760 697 1832 Georgio
733 1765 1043 1833 compilata,
1081 1782 1242 1836 quem
1277 1783 1398 1821 esse
1442 1767 1678 1822 Pisidam
1719 1783 1882 1823 nemo
1920 1783 2085 1824 sanus
2121 1782 2242 1822 cum
2289 1765 2502 1822 Radere
2541 1768 2772 1836 posthac
2809 1767 3027 1822 dixerit.
3075 1769 3180 1824 Sed
3227 1769 3340 1822 haec
3390 1768 3571 1821 nimis
3629 1768 3750 1820 for-

469 1860 610 1906 tasse
641 1853 796 1923 longa
830 1864 976 1920 sunt,
1022 1866 1080 1910 ut
1121 1857 1389 1928 intelligas
1429 1857 1661 1913 Pisidam
1691 1873 1794 1914 nec
1831 1857 2076 1914 codicum
2121 1873 2222 1912 nec
2250 1867 2530 1911 auctorum
2563 1858 2666 1911 fide
2695 1858 3176 1929 cbronographicis
3209 1859 3584 1926 scriptoribus
3620 1873 3750 1911 esse

466 1944 961 2010 annumerandum.
988 1945 1104 1999 iam
1145 1948 1362 2002 tandem
1405 1963 1531 2003 vero
1567 1947 1700 2001 nulli
1729 1947 1818 2001 alii
1859 1955 2152 2019 supersunt
2181 1947 2396 2004 codices
2430 1949 2671 2017 ejusdem
2707 1948 2901 2003 Pisidae
2941 1951 3281 2014 recensendi,
3317 1965 3486 2018 quam
3528 1951 3642 2019 qui
3690 1949 3745 2002 in

466 2033 790 2090 bibliotheca
823 2036 1099 2104 Bavarica,
1152 2056 1304 2095 num.
1333 2041 1420 2106 51,
1453 2039 1711 2110 Spitzelio
1743 2047 1902 2108 teste,
1931 2049 2261 2104 asservatur,
2293 2048 2348 2094 et
2375 2040 2464 2109 qui
2501 2041 2556 2094 in
2583 2041 2922 2113 Augustana,
2954 2042 3089 2112 plut.
3119 2041 3172 2105 5,
3204 2057 3260 2095 n.
3291 2042 3379 2105 75,
3415 2042 3492 2095 ita
3532 2041 3748 2095 inscri-

465 2129 648 2185 bitur:
679 2132 952 2203 Γεωργιου
982 2135 1226 2188 διακόνου
1248 2137 1344 2204 τῆς
1379 2136 1540 2204 ἁγίας
1571 2135 1887 2207 ἐκκλησίας,
1914 2133 2009 2190 τοῦ
2044 2135 2282 2201 Πισίδου,
2312 2135 2596 2208 προοίμιον
2629 2139 2726 2207 τῆς
2753 2135 3090 2208 Ἐξαημέρου
3122 2136 3210 2191 διὰ
3243 2138 3456 2207 ἰάμϐων
3497 2140 3743 2208 στίχων,

464 2219 533 2275 de
557 2236 665 2290 quo
695 2223 856 2278 etiam
885 2240 1047 2295 supra
1086 2227 1252 2280 locuti
1290 2241 1502 2281 sumus.
3193 2221 3200 2230 ’

536 2310 806 2369 Hactenus
833 2315 901 2370 de
940 2315 1216 2386 operibus,
1267 2324 1322 2369 et
1345 2315 1413 2369 de
1459 2313 1736 2370 codicibus
1769 2313 1822 2368 in
1849 2313 2047 2383 quibus
2067 2328 2230 2383 opera
2259 2311 2454 2369 Pisidae
2495 2313 2844 2369 continentur
2885 2329 2897 2365 :
2947 2327 3096 2368 nunc
3139 2322 3321 2368 autem
3345 2312 3416 2368 de
3464 2313 3741 2384 ipsorum

463 2421 690 2478 operum
727 2409 864 2480 ston
888 2409 1087 2479 aliquid
1113 2409 1400 2464 dicendum
1422 2418 1525 2464 est.
1556 2407 1744 2473 Iambi,
1776 2407 1974 2478 quibus
2006 2407 2060 2462 in
2093 2407 2385 2462 scribendo
2413 2422 2543 2463 usus
2571 2417 2653 2463 est
2696 2407 2980 2480 Georgius,
3018 2421 3077 2464 ut
3107 2409 3425 2480 plurimum,
3455 2413 3740 2466 ροιιείηηὶ

462 2508 591 2554 sunt
616 2509 777 2569 atque
807 2501 1100 2572 elegantes.
1121 2501 1331 2556 Perrari
1356 2500 1502 2556 enim
1527 2509 1826 2556 occurrunt
1857 2497 2118 2554 tribracbi
2152 2498 2344 2571 dactyli
2386 2500 2584 2571 aliique
2613 2501 2778 2572 pedes
2806 2501 3050 2568 immisti,
3080 2501 3276 2572 quibus
3298 2502 3630 2558 iamborum
3653 2506 3742 2558 ni—

464 2602 550 2647 tor
577 2602 632 2648 et
667 2605 925 2650 venustas
943 2595 1193 2667 elauguet
1217 2613 1232 2661 ;
1265 2595 1409 2670 quod
1430 2596 1637 2652 crimen
1667 2595 1778 2665 jam
1805 2594 1898 2649 diu
1928 2594 2130 2664 objecit
2156 2594 2432 2661 Horatius,
2463 2594 2610 2649 Poet.
2633 2593 2738 2650 260
2767 2603 2824 2650 et
2845 2610 2997 2665 seqq.
3023 2595 3105 2651 sui
3137 2597 3397 2665 temporis
3422 2597 3742 2667 scriptori--

462 2683 565 2738 bus
585 2686 825 2750 comicis,
865 2702 1098 2756 quorum
1133 2686 1235 2741 fuit
1261 2686 1318 2740 in
1344 2686 1610 2757 fingendis
1633 2685 1829 2740 iambis
1847 2683 2089 2751 licentia,
2110 2694 2168 2739 ut
2193 2685 2484 2739 maximum
2511 2683 2636 2738 inde
2661 2683 2898 2739 oriretur
2922 2684 3145 2739 auribus
3173 2684 3470 2740 fastidium.
3515 2687 3742 2742 Verum

465 2775 630 2829 iambi
663 2775 856 2830 Pisidae
879 2791 1072 2831 omnes
1103 2789 1394 2829 numerose
1430 2772 1680 2828 incidunt
1724 2772 1984 2839 inaures,
2017 2782 2075 2828 et
2099 2773 2154 2827 in
2175 2771 2417 2828 animum
2443 2771 2737 2827 illabuntur
2769 2772 3028 2842 jucunde.
3061 2771 3177 2839 Qua
3209 2774 3276 2828 de
3306 2789 3362 2828 re
3401 2775 3605 2832 minus
3638 2794 3742 2849 pa-

465 2866 665 2920 tienter
694 2864 822 2919 illud
855 2881 1035 2936 supra,
1061 2881 1181 2936 pag.
1199 2866 1289 2930 25,
1314 2864 1442 2933 (col.
1476 2863 1636 2934 1185)
1666 2863 1926 2928 ferebam,
1951 2864 2168 2935 quodin
2187 2864 2427 2934 catalogo
2441 2862 2781 2918 bibliothecae
2797 2863 3149 2920 Taurinensis
3165 2863 3545 2922 Pisidaeiambi
3567 2885 3746 2924 voca-

462 2963 652 3009 rentur
669 2954 889 3022 politict,
912 2971 1050 3026 quos
1073 2972 1181 3010 non
1204 2955 1420 3024 injuria,
1435 2955 1528 3010 sed
1549 2965 1694 3010 recte
1713 2965 1768 3010 et
1797 2957 1990 3012 merito
2004 2957 2161 3012 .loan.
2188 2954 2438 3013 Matthias
2453 2954 2749 3019 Gesnerus,
2775 2957 2828 3009 in
2854 2956 2992 3012 libro
3013 2956 3090 3010 De
3105 2958 3394 3011 eruditione
3412 2958 3745 3015 Grece-orum

468 3045 552 3115 γαί
571 3046 722 3100 hodie
753 3047 958 3113 vivunt,
990 3062 1193 3103 meram
1215 3045 1496 3102 stultitiam
1517 3046 1773 3118 appellat,
1802 3047 2075 3118 impolitus
2107 3063 2171 3104 ac
2200 3047 2381 3114 rudes,
2414 3045 2822 3115 fossoribusque
2849 3056 2906 3101 et
2926 3046 3274 3117 caprimulgis
3293 3063 3454 3116 quam
3480 3051 3746 3118 politicis

459 3137 752 3208 digniores.
781 3136 922 3194 Vere
944 3139 1089 3194 enim
1119 3140 1315 3196 borum
1349 3131 1651 3194 carminum
1677 3137 1965 3202 rationem,
2019 3137 2073 3194 in
2118 3139 2317 3208 quibus
2357 3135 2681 3208 syllabarum
2721 3152 3000 3202 numerus,
3036 3152 3148 3192 non
3184 3137 3457 3208 quantitas
3497 3151 3745 3210 specta-

463 3238 570 3294 tur,
597 3229 708 3283 sola
739 3229 1016 3286 barbaries
1049 3231 1193 3286 inter
1228 3230 1448 3286 Graecos
1493 3230 1834 3300 sequioribus
1882 3231 2097 3287 sacculis
2120 3230 2345 3296 invexit,
2379 3238 2440 3286 ut
2482 3228 2634 3284 testis
2654 3238 2736 3284 est
2758 3215 2985 3284 Allati'us
3012 3229 3255 3284 Diatriba
3283 3231 3344 3284 de
3361 3230 3741 3293 Simeonibu.

461 3337 515 3390 ιι.
547 3320 772 3386 166,ουί
797 3323 1239 3392 subscripserunt
1285 3321 1564 3377 Fabricius
1612 3320 1750 3377 Bibl.
1778 3309 1948 3381 Grece.
1997 3323 2106 3377 vol.
2139 3322 2206 3388 Χ,
2243 3339 2296 3392 p.
2320 3321 2426 3377 253
2447 3333 2501 3376 et
2539 3319 2665 3386 518,
2695 3329 2749 3375 et
2779 3319 2927 3374 card.
2967 3318 3267 3386 Quirinius,
3311 3323 3488 3378 Diatr.
3543 3327 3605 3379 in
3647 3346 3744 3381 or-

461 3413 601 3471 iliod.
632 3429 735 3468 vet.
765 3415 980 3471 Graecia
1002 3417 1191 3485 ofﬁcia,
1222 3432 1279 3486 p.
1312 3415 1400 3480 47,
1436 3415 1512 3469 ait
1539 3413 1684 3469 enim
1717 3432 1730 3468 :
1766 3413 1922 3468 Ratio
1951 3415 2050 3468 ista
2085 3415 2541 3484 conﬁngendorttm
2571 3414 2865 3466 carminum
2897 3427 2999 3464 non
3028 3427 3164 3464 nunc
3192 3415 3418 3482 primum
3439 3417 3494 3469 in
3525 3435 3598 3471 ea
3639 3437 3744 3471 na-

461 3509 619 3571 tione,
651 3510 742 3562 τεά
772 3509 937 3562 multa
962 3509 1148 3563 abhinc
1175 3509 1390 3575 circulo,
1426 3507 1618 3562 laboris
1648 3509 1830 3578 forsan
1861 3517 2106 3578 perusta,
2139 3520 2261 3562 ante
2285 3518 2331 3562 et
2362 3509 2605 3562 barbarie
2627 3507 2802 3560 omnia
2831 3518 3116 3575 occupante
3136 3509 3292 3576 (adde
3311 3526 3516 3580 quoque
3547 3531 3741 3568 rerum

457 3601 710 3654 similium
741 3602 1164 3670 ignorationem),
1195 3603 1252 3655 in
1279 3619 1377 3656 usu
1408 3603 1568 3672 fuisse
1591 3603 1927 3670 comperitur,
1954 3611 2008 3654 nt
2035 3602 2265 3655 videmus
2293 3603 2349 3652 in
2373 3599 2548 3653 Photii
2575 3598 2914 3667 patriarchae,
2955 3597 3138 3665 Pselli,
3164 3603 3445 3667 Mannum,
3484 3603 3741 3677 Philippi

459 3689 720 3750 Solitorii,
745 3689 1000 3742 Manuelic
1026 3689 1190 3742 Phila:
1219 3700 1267 3743 et
1306 3689 1502 3744 Tzetzce
1528 3692 1828 3760 poematiis,
1864 3691 1920 3744 iu
1952 3690 2153 3760 quibus
2181 3705 2324 3759 szepe
2355 3698 2654 3744 occurrunt
2685 3687 2891 3758 politici
2919 3704 3126 3755 versus,
3163 3707 3394 3760 quorum
3424 3697 3737 3753 artiﬁcium

459 3780 512 3833 in
544 3795 609 3835 eo
649 3788 818 3834 totum
856 3780 1069 3836 videtur
1105 3782 1363 3851 positum,
1391 3793 1450 3838 ut
1495 3768 1807 3854 quindecim
1839 3785 2070 3856 syllabas
2097 3800 2373 3854 nunquam
2404 3784 2686 3849 excedant,
2714 3792 2768 3838 et
2800 3781 2841 3837 si
2864 3797 2987 3851 quae
3014 3784 3151 3839 ultra
3186 3785 3460 3853 videntur,
3481 3804 3590 3847 eas
3632 3809 3684 3862 pc
3705 3815 3736 3854 ι’

455 3870 774 3939 aphmresim
804 3871 882 3927 vel
910 3872 1277 3942 synalmpham
1305 3873 1585 3929 decurtent
1628 3883 1684 3930 et
1715 3874 2025 3937 absumant,
2059 3873 2353 3929 dummodo
2398 3873 2454 3928 in
2490 3873 2728 3928 iambum
2765 3884 2960 3930 exeant
2993 3875 3044 3930 in
3087 3875 3195 3931 fine
3230 3895 3243 3931 :
3275 3879 3480 3934 idcirco
3511 3883 3733 3949 politici

456 3964 541 4018 vel
565 3965 806 4018 demotici
833 3963 981 4029 dicti,
1009 3964 1153 4034 quod
1188 3964 1457 4035 vulgares,
1481 3963 1569 4018 vel
1601 3972 1659 4018 ut
1689 3963 1829 4019 idem
1873 3962 2110 4034 Allatius.
2139 3962 2398 4027 declarat,
2444 3978 2742 4016 communes
2782 3964 3018 4016 omnium
3062 3965 3254 4020 civium
3301 3979 3445 4035 sunt,
3489 3975 3731 4042 ultique

453 4072 630 4109 eorum
653 4057 1058 4111 accommodati.
1085 4055 1269 4127 Itaque
1301 4055 1377 4128 [p.
1413 4055 1654 4130 XXXIV]
1686 4065 1898 4112 tantum
1928 4057 2084 4110 abest
2115 4065 2175 4110 ut
2200 4054 2366 4109 iambi
2395 4053 2590 4109 Pisidm
2616 4052 2719 4110 hoc
2753 4055 3004 4125 squalore
3031 4064 3086 4111 et
3138 4059 3297 4114 sorde
3319 4061 3621 4131 vilescant,
3667 4079 3728 4122 ut

451 4147 635 4216 potius
663 4147 828 4202 nimia
855 4149 1102 4218 quaedam
1132 4149 1397 4204 festivitas
1435 4149 1488 4204 in
1523 4149 1604 4205 eis
1641 4148 1790 4214 insit,
1817 4164 1938 4218 qua:
1975 4148 2190 4218 quidem
2237 4146 2447 4202 facilius
2487 4145 2706 4201 auribus
2753 4147 3041 4218 diiudicari
3074 4164 3236 4219 quam
3260 4153 3442 4208 verbis
3479 4155 3726 4212 demon-

449 4239 612 4293 strari
645 4246 840 4308 potest,
864 4255 1131 4310 quamque
1159 4241 1215 4295 in
1244 4241 1522 4296 vertendis
1543 4243 1645 4296 alia
1672 4242 1850 4312 tingua
1879 4237 2164 4293 sententiis
2189 4253 2408 4293 servare
2429 4235 2815 4305 neminiliceat
2844 4251 2859 4290 :
2884 4253 3008 4292 nam
3042 4254 3210 4293 sonus
3245 4250 3296 4294 et
3327 4246 3568 4308 numeri,
3593 4251 3728 4317 qui-

401 4359 405 4362 -
451 4331 555 4385 bus
586 4339 694 4384 tota
723 4339 936 4386 constat
958 4341 1230 4397 venustas,
1282 4334 1732 4406 interpretatione
1771 4331 2162 4396 dissolvuntur,
2211 4339 2265 4385 et
2308 4331 2438 4400 ipsa:
2489 4343 2704 4398 quoque
2745 4331 3029 4386 sententia:
3063 4347 3132 4385 ex
3174 4333 3285 4388 sola
3333 4338 3728 4406 complexione

451 4428 507 4473 et
532 4418 707 4474 forma
734 4420 1020 4475 verborum
1057 4421 1291 4476 nitentes
1321 4423 1682 4477 conciduntur
1709 4431 1765 4476 et
1799 4429 2149 4475 cnervantur.
2182 4419 2286 4474 Sed
2311 4421 2416 4474 hoc
2435 4419 2612 4488 ipsum
2638 4419 2863 4474 nimium
2897 4419 2951 4473 in
2974 4425 3354 4479 consectandis
3384 4427 3636 4486 Iloscu!is
3665 4441 3728 4485 et

449 4511 654 4568 salibus
682 4513 942 4578 studium,
973 4512 1116 4582 quod
1153 4513 1354 4567 sensim
1386 4512 1685 4582 obrepente
1713 4509 1963 4566 barbarie
1985 4519 2041 4565 et
2067 4508 2251 4564 nativo
2271 4507 2593 4578 eloquentiae
2621 4507 2798 4563 nitore
2827 4507 3160 4577 depcrcuute
3209 4515 3583 4582 SOphistaruni
3618 4539 3722 4590 pc—

450 4605 652 4661 culiare
681 4605 802 4672 fuit,
828 4604 957 4660 vitio
987 4603 1168 4674 potius
1187 4618 1348 4673 quam
1375 4602 1518 4658 laudi
1551 4602 1870 4657 vertendum
1905 4600 2097 4656 Pisidia
2121 4615 2231 4654 non
2255 4599 2575 4670 negabimus
2613 4617 2625 4654 :
2664 4599 2868 4654 scimus
2893 4600 3039 4654 enim
3073 4610 3130 4654 ut
3155 4612 3288 4656 :etas
3311 4610 3588 4674 posterior
3617 4629 3730 4665 no-

452 4699 533 4754 vis
565 4706 620 4752 et
638 4697 921 4768 exquisitis
949 4695 1287 4750 ornamentis
1313 4695 1383 4748 ita
1407 4694 1606 4763 scripta
1636 4693 1977 4763 resperserit,
2019 4701 2079 4747 ut
2117 4692 2248 4747 dum
2291 4706 2598 4746 sermonem
2647 4691 2840 4746 eximia
2876 4693 3144 4746 suavitate
3171 4696 3436 4758 condiret,
3467 4701 3724 4770 vigorem

446 4791 758 4847 extenuarit
786 4799 840 4846 et.
874 4805 1072 4846 nervos
1102 4790 1339 4844 robusta:
1367 4803 1618 4859 sameque
1649 4789 1903 4844 dictionis
1932 4789 2207 4843 inciderit.
2238 4787 2417 4853 Quare
2463 4789 2537 4841 nil
2561 4787 2756 4841 mirum
2789 4787 3152 4842 recentiorum
3184 4789 3496 4848 Grex-corum
3527 4800 3724 4866 palato

449 4897 656 4943 tantum
681 4887 922 4955 sapuisse
945 4885 1153 4940 iambos
1183 4883 1397 4950 Pisidae,
1435 4897 1491 4939 ut
1515 4899 1609 4940 eos
1643 4885 1762 4940 aliis
1787 4884 2046 4955 praeferre
2071 4900 2182 4940 non
2208 4883 2581 4940 dubitaverint
2616 4899 2629 4934 :
2663 4897 2788 4935 nam
2817 4880 3110 4951 Gregorius
3141 4882 3385 4940 Corinthi
3413 4888 3719 4962 cpiscopus

449 4989 504 5041 in
532 4985 672 5041 libro
695 4987 829 5056 Περὶ
858 4984 1162 5050 συντάξεως
1189 4983 1383 5052 λόγων,
1419 4985 1494 5040 De
1523 4979 1968 5040 constructionem

2236 4985 2327 5055 qui
2359 4993 2536 5040 exstat
2565 5000 2665 5039 ms.
2719 4983 2774 5038 in
2801 4982 3063 5039 Vaticana
3105 4985 3457 5045 bibliotheca,
3486 4998 3721 5042 carmen

452 5081 740 5135 iambicum
778 5078 970 5132 Pis-ida:
1006 5077 1110 5132 tale
1143 5094 1264 5132 esse
1298 5079 1645 5145 existimavit,
1692 5089 1751 5133 ut
1780 5096 1845 5134 ex
1879 5096 1945 5136 eo
1973 5089 2228 5150 tanquam
2255 5078 2657 5133 absolutissima
2678 5079 2984 5149 exemplum
3016 5087 3200 5148 petere
3227 5094 3337 5146 prae
3372 5085 3589 5131 ueteris
3623 5081 3723 5134 de-

453 5171 676 5224 beamus
704 5185 720 5222 :
771 5167 924 5221 Ἐπεὶ
952 5162 1044 5221 οὖν
1077 5165 1145 5219 τὰ
1186 5168 1405 5236 ἰαμϐεῖα
1436 5169 1771 5239 λογογραφία
1795 5170 1881 5233 τίς
1905 5171 2052 5223 ἐστιν
2081 5168 2376 5243 εὔρυθμος,
2395 5168 2679 5240 ζηλούσθω
2708 5170 2914 5224 σοιλκαὶ
2942 5169 3390 5238 ἐνθυμηματικὸν
3407 5171 3468 5220 ἐν
3498 5171 3714 5235 αὐτοῖς.

453 5259 648 5328 ’Ἔχεις
690 5259 994 5329 ἀρχέτυπον
1033 5259 1126 5312 τὸν
1167 5261 1412 5330 Πισίδην,
1449 5263 1746 5334 νεωτέρους
1788 5261 1879 5314 τὸν
1925 5261 2260 5332 Καλλικλῆν,
2294 5262 2386 5315 τὸν
2425 5261 2946 5333 Πτωχοπρόδρομον,
2980 5263 3074 5315 καὶ
3102 5261 3255 5324 εἴτις
3305 5261 3570 5324 τοιοῦτος.
3617 5265 3720 5317 Ἐν

449 5357 560 5417 τοῖς
581 5353 831 5416 παλαιοῖς
875 5355 963 5406 τὸν
1011 5354 1280 5423 Θεολόγον,
1331 5357 1422 5409 τὸν
1463 5358 1758 5428 Σοφοκλῆν,
1807 5359 1964 5422 ἐκτὸς
2011 5359 2118 5413 τῶν
2147 5359 2446 5430 ποιητικῶν
2494 5359 2799 5428 ἰδιωμάτων
2833 5359 3030 5419 αὐτῶν,
3063 5359 3127 5411 τὰ
3160 5359 3575 5429 εὐφραδέστερα
3613 5363 3714 5416 τοῦ

452 5445 794 5518 Λυκόφρονος
841 5448 932 5500 καὶ
967 5448 1020 5500 εἴ
1056 5465 1110 5500 τι
1149 5447 1386 5502 τοιοῦτον
1425 5451 1519 5521 (b).
1549 5453 1654 5506 Sed
1707 5461 1906 5522 quanta
1941 5453 1971 5506 ft

2195 5452 2350 5508 isidae-
2397 5453 2628 5522 ejusque
2662 5450 2968 5506 carminum
3020 5450 3162 5520 apud
3213 5452 3437 5505 eosdem
3485 5451 3714 5506 Gneeos

446 5539 753 5605 aestimatio,
788 5540 944 5610 longe
980 5539 1181 5593 melius
1209 5540 1456 5596 addiscas
1480 5558 1546 5597 ex
1566 5543 1785 5609 Allatio,
1813 5544 1905 5613 qui
1941 5543 1995 5597 in
2036 5542 2280 5597 Diatriba
2309 5545 2372 5597 de
2394 5544 2648 5612 Georgiis,
2704 5560 2756 5613 p.
2790 5544 2916 5606 5|0,
2951 5549 3143 5595 testem
3186 5540 3410 5593 adhibet
3446 5540 3709 5608 l‘sellum,

449 5633 590 5704 quod
617 5631 858 5702 plerique
889 5628 1122 5684 Pisidam
1156 5628 1397 5698 Euripidi
1428 5648 1762 5702 comparare,
1791 5633 1946 5688 multi
1985 5641 2318 5705 anteponere
2347 5651 2454 5690 non
2483 5634 2602 5690 sine
2623 5633 2787 5688 animi
2821 5631 3194 5695 contentione,
3224 5629 3318 5686 lite
3343 5629 3510 5686 etiam
3537 5642 3707 5688 mota.

598 5775 672 5846 (1))
705 5773 916 5822 Bekk'ri
955 5769 1168 5822 Ameria!
1215 5787 1256 5824 ρ,
1292 5772 1421 5822 £082.
