3848 6342
138 384 173 453 1
198 386 307 452 193
1590 390 1657 449 Pl

1910 388 2006 453 λθ.
3295 385 3429 457 tttt

132 500 638 573 prmsumpserint.
668 500 745 575 [p.
769 499 1013 574 XXXVI]
1036 501 1119 556 Nil
1148 501 1309 574 plane
1336 500 1439 557 hac
1459 500 1618 556 laude
1645 501 1802 556 Pselii
1838 502 1891 556 in
1932 500 2167 555 Pisidam
2206 494 2656 555 honorifiCentius
2693 515 2815 554 esse
2852 500 3045 571 possit.
3082 499 3279 555 Verum
3320 516 3431 554 non
3487 532 3498 547 ο

132 593 303 648 adeo
318 592 478 648 facile
506 603 591 649 est
617 608 683 648 ea
712 593 915 660 omnia,
946 588 1069 664 qua:
1094 594 1279 650 laudat
1305 590 1532 658 Psellus,
1562 593 1615 648 in
1645 593 1826 649 Pisida
1862 593 2143 659 invenire;
2169 604 2294 646 nam
2319 608 2428 663 quo
2468 591 2519 645 in
2547 591 2687 646 libro
2719 593 2801 647 Vel
2824 602 3075 664 poemate
3097 601 3205 648 tam
3228 593 3432 649 diserte

133 699 223 739 ac
254 687 619 756 particulatim
649 696 839 745 noster
866 687 1132 762 Georgius
1161 690 1269 762 agit
1298 690 1366 745 de
1397 689 1599 761 aurigis
1626 704 1690 744 ac
1728 688 1797 744 de
1826 688 2186 760 aurigatione,
2218 688 2287 743 de
2308 689 2478 759 jugis,
2506 689 2641 743 rotis
2671 697 2725 743 et
2747 690 3039 745 modiolis?
3070 690 3153 746 vel
3182 705 3429 759 quaenam

135 784 246 841 est
276 776 415 851 ipter
444 779 564 848 ejus
591 779 837 833 carmina
862 778 931 834 de
947 780 1329 853 phalangibus,
1350 782 1418 836 de
1438 768 1681 852 equitum
1708 781 2060 851 peditumque
2085 796 2149 835 ac
2184 781 2585 852 sagittariorum
2619 782 2766 836 varia
2800 782 3011 838 ratione
3044 790 3154 838 tam
3180 790 3431 838 accurata

136 870 489 942 descriptio?
518 887 653 925 num
697 870 801 925 alia
832 887 994 941 quam
1040 887 1165 943 qua:
1192 872 1355 928 hodie
1388 881 1606 927 exstant
1639 873 1838 943 scripta
1883 871 2080 928 Pisidie
2103 873 2309 928 Psellus
2345 873 2711 939 commendat,
2761 883 2816 927 et
2847 874 3047 929 librum
3087 873 3431 943 deperditum

137 964 594 1021 commonstrat?
640 963 904 1033 Equidem
939 965 1133 1031 fateor,
1176 964 1233 1020 id
1263 965 1395 1019 mihi
1431 965 1614 1020 statim
1662 966 1891 1019 multum
1924 966 2206 1034 probabile
2237 980 2357 1021 esse
2383 965 2558 1020 visum
2594 982 2608 1018 :
2640 964 2734 1019 sed
2770 980 2893 1019 cum
2929 966 3238 1021 accuratius
3270 964 3437 1020 Pselli‘

136 1058 327 1113 verba
350 1057 577 1129 ejusque
610 1059 825 1115 dicendi
858 1059 1081 1115 modum
1122 1059 1542 1131 perpenderem,
1583 1069 1696 1115 tum
1749 1058 1970 1112 demum
2020 1058 2165 1111 sensi
2207 1073 2268 1112 ea
2312 1074 2434 1128 qua:
2468 1056 2650 1111 Pisida
2704 1058 3019 1115 summatim
3062 1057 3357 1129 attigisset,
3400 1072 3431 1112 a

138 1148 337 1206 Psello
364 1152 591 1208 mirifice
620 1154 873 1209 exornari
900 1162 1061 1224 atque
1091 1152 1432 1224 ampliﬁcari.
1472 1151 1604 1206 Nam
1629 1153 1773 1222 quod
1806 1153 1851 1219 is
1873 1153 1947 1207 ait
1972 1155 2035 1206 de
2074 1153 2264 1206 morbis
2291 1162 2339 1206 et
2385 1154 2656 1220 remediis,
2702 1163 2914 1209 certum
2962 1166 3047 1207 est
3091 1152 3158 1206 ad
3200 1168 3252 1205 ν.
3292 1151 3435 1206 15ὖὸ

140 1252 212 1299 et
256 1259 406 1314 seqq.
459 1244 783 1301 Hexaemeri
825 1261 949 1302 esse
970 1240 1362 1310 referendum,
1404 1254 1459 1299 et
1490 1243 1635 1312 quod
1667 1238 1730 1299 d'e
1760 1256 1967 1307 catena,
2000 1246 2065 1301 ad
2098 1245 2304 1314 primos
2334 1236 2525 1299 versus
2556 1247 2826 1315 poematis
2860 1245 2915 1298 in
2952 1244 3201 1299 Severum
3221 1228 3255 1309 ;’
3283 1243 3435 1314 quod

141 1344 343 1390 autem
367 1338 429 1390 dc
456 1336 596 1391 lteris
620 1337 676 1391 in
705 1338 962 1392 choream
998 1351 1056 1392 se
1087 1337 1433 1391 moventibus
1472 1336 1614 1391 idem
1646 1338 1854 1391 Psellus
1892 1336 2078 1394 refert.
2117 1336 2285 1390 habes
2335 1340 2388 1389 in
2424 1336 2766 1391 llexaemcro
2807 1354 2858 1391 v.
2889 1336 3016 1398 289,
3053 1346 3111 1391 et
3159 1337 3305 1407 quod
3334 1340 3425 1393 ite-

142 1440 285 1478 rum
315 1426 377 1481 de
407 1426 551 1480 horis
593 1426 852 1499 quadriga
897 1426 1299 1497 prodeuntibus
1343 1433 1399 1479 et
1436 1426 1491 1479 in
1549 1427 1739 1480 orbem
1789 1426 2156 1482 redeuntibus
2189 1426 2368 1496 inquit
2396 1426 2504 1492 ille,
2546 1427 2794 1483 invenies
2836 1427 3038 1483 ibidem
3068 1445 3121 1483 ν.
3159 1430 3302 1497 358;
3332 1432 3431 1486 de-

144 1532 309 1571 mum
336 1518 478 1586 quod
506 1527 589 1572 est
622 1518 677 1572 in
707 1517 883 1571 Psello
911 1518 975 1571 de
992 1515 1341 1587 phalangibus
1371 1526 1420 1569 et
1449 1516 1769 1570 militaribus
1785 1518 1967 1585 copiis,
1996 1518 2067 1571 ad
2101 1531 2352 1570 acroases
2372 1517 2437 1569 de
2469 1518 2802 1586 expeditione
2814 1518 3053 1572 Heraclii
3085 1530 3267 1574 contra
3301 1518 3433 1581 Pcr-

140 1625 250 1663 sas
292 1612 506 1667 trahere
533 1613 819 1668 commode
852 1612 1051 1687 possis,
1081 1610 1135 1665 in
1168 1611 1369 1680 quibus
1395 1610 1589 1665 similia
1622 1611 1823 1681 passim
1858 1620 2175 1666 occurrunt.
2208 1609 2278 1664 At
2308 1626 2439 1664 vero
2469 1625 2782 1681 quanquam
2814 1627 2914 1683 ego
2937 1627 2967 1666 a
2992 1612 3172 1668 Psello
3209 1613 3471 1702 minime‘

142 1706 475 1759 dissentiam
509 1706 734 1775 ejusque
765 1705 1014 1759 laudibus
1040 1704 1261 1775 dignum
1285 1704 1511 1758 omnino
1545 1704 1849 1763 existimem
1881 1712 2002 1758 esse
2029 1703 2287 1767 Pisidam,
2316 1718 2594 1772 nunquam
2629 1713 2808 1759 tamen
2840 1706 2991 1759 hunc
3008 1705 3291 1775 praeferam
3324 1702 3436 1762 Eu-

146 1797 321 1865 ripidi
349 1797 569 1850 alterive
603 1813 671 1851 ex
700 1795 1098 1867 antiquioribus
1128 1795 1537 1864 iambographis
1576 1796 1796 1850 Graecis.
1849 1795 2033 1848 Dicam
2067 1794 2211 1847 enim
2246 1795 2392 1863 quod
2428 1811 2620 1849 verum
2658 1805 2765 1851 est.
2798 1795 2910 1851 Etsi
2942 1796 3195 1866 plurimis
3216 1797 3273 1852 in
3300 1784 3435 1853 locis

146 1887 355 1943 I‘ls‘idn‘
388 1903 607 1943 carmen
638 1890 711 1941 ita
743 1888 944 1950 elucet,
978 1896 1038 1941 ut
1063 1889 1307 1941 veterum
1341 1887 1876 1961 poétarumgratiam
1906 1896 1963 1941 et
2010 1894 2354 1939 venustatem
2382 1902 2491 1940 non
2522 1887 2824 1953 desideres,
2859 1904 3004 1958 saepe
3028 1890 3197 1945 etiam
3230 1891 3304 1946 ita
3332 1891 3435 1946 fri-

146 1981 350 2050 gescit.
384 1990 443 2034 ut
469 1982 523 2034 in
547 1980 837 2035 scribendo
863 1979 1187 2034 dormitasse
1219 1987 1499 2035 auctorem
1528 1993 1637 2047 non
1675 1979 1837 2034 modo
1863 1982 2092 2045 sentias,
2130 1980 2227 2035 sed
2257 1981 2421 2034 etiam
2453 1979 2755 2050 indigneris
2782 1997 2943 2051 quam
2972 1986 3226 2042 maxime.
3254 1987 3435 2046 Crete-

148 2090 283 2128 rum
310 2082 572 2143 quantum
601 2072 689 2127 ille
715 2072 1052 2127 sublimitate
1090 2070 1350 2126 carminis
1387 2068 1695 2140 assurgere‘
1712 2079 1771 2125 et
1804 2086 1864 2126 se
1901 2070 2102 2135 etl‘erre
2126 2071 2387 2141 potuerit,
2422 2070 2698 2155 praecipue
2724 2075 2963 2130 ostendit
2990 2075 3046 2130 in
3075 2076 3433 2149 llexaemero,

148 2167 211 2221 in
244 2181 355 2235 quo
379 2164 562 2220 omnia
589 2163 989 2217 sententiarum
1020 2161 1246 2217 ﬂoribus
1274 2171 1331 2217 et
1357 2162 1688 2229 urbanitatis
1715 2162 1948 2231 quodam
1986 2163 2097 2218 sale
2127 2178 2423 2232 conspersa
2458 2172 2608 2217 sunt.
2655 2163 2715 2217 In
2749 2166 3005 2222 omnibus
3044 2167 3124 2240 [p.
3167 2170 3432 2243 XXXVII]

147 2270 340 2314 autem
368 2260 488 2337 ejus
509 2256 769 2328 Operibus
792 2255 1146 2327 contemplari
1185 2254 1369 2310 licebit
1396 2255 1774 2310 adumbratam
1806 2255 1879 2325 pii
1915 2256 2198 2325 scriptoris
2221 2256 2535 2327 imaginem,
2564 2258 2923 2316 suavissimas
2946 2274 3150 2329 moro,
3182 2254 3435 2323 eximiam

149 2334 512 2425 probitatem,
553 2367 659 2422 qua
690 2367 770 2417 se,
802 2351 931 2406 dum
962 2365 1256 2405 numerose
1285 2350 1486 2404 cadens
1516 2366 1709 2404 versus
1741 2349 1937 2404 leniter
1956 2349 2148 2414 affluit,
2192 2349 2489 2420 legentium
2530 2352 2761 2407 auribus
2809 2352 3043 2411 ineuleat
3089 2334 3253 2429 atque
3283 2377 3436 2416 com-

150 2456 412 2510 meniiat.
686 2442 689 2447 λ

234 2544 361 2603 [kec
390 2542 653 2600 habebam
680 2558 798 2613 qua:
827 2542 1062 2598 dicerem
1097 2541 1162 2595 de
1186 2539 1414 2613 Georgio
1439 2539 1642 2604 Pisida,
1670 2556 1777 2594 non
1812 2540 1959 2610 parvi
1984 2540 2221 2595 nominis
2245 2540 2386 2611 apud
2428 2541 2761 2595 recentiores
2789 2540 3008 2597 GPiCCOS
3039 2555 3217 2613 poeta,
3246 2544 3298 2601 in
3325 2563 3434 2618 quo

152 2653 291 2693 cum
320 2638 475 2708 plura
525 2637 778 2706 invenias,
811 2652 934 2707 quae
958 2652 1065 2691 non
1097 2634 1301 2691 invitus
1329 2636 1640 2702 demireris,
1670 2636 1808 2692 nihil
1854 2647 2058 2701 tamen,
2092 2636 2308 2707 Opinor,
2343 2637 2697 2706 spectandum
2728 2637 2898 2708 magis
2927 2648 3011 2692 est
3039 2655 3200 2709 quam
3231 2643 3350 2712 ejus
3378 2646 3437 2700 in

154 2734 384 2789 tuendis
416 2732 741 2788 Christianae
768 2732 1042 2804 religionis
1067 2733 1409 2803 dogmatibus
1433 2733 1737 2788 constantia
1789 2742 1843 2789 et
1887 2734 2096 2789 sincera
2128 2735 2261 2789 fides
2292 2751 2307 2789 :
2342 2749 2464 2811 nam
2493 2750 2623 2811 cum.
2664 2733 2719 2787 in
2765 2749 2826 2787 ea
2874 2743 3116 2805 tempora
3158 2737 3440 2798 incidisset

154 2825 366 2895 quibus
390 2824 607 2896 Sergius
632 2824 939 2895 patriarcha
969 2840 1188 2879 omnem
1224 2825 1531 2891 machinam
1555 2825 1746 2891 movit,
1775 2834 1833 2881 ut
1860 2824 2139 2880 Orientem
2166 2826 2482 2880 universum
2514 2840 2541 2875 a
2568 2804 3020 2894 Monophysismo
3047 2826 3113 2880 ad
3150 2825 3437 2883 Monothe-

161 2918 390 2971 lismum
415 2916 566 2971 vafro
592 2916 820 2972 consilio
846 2923 902 2970 et
926 2917 1083 2971 malis
1111 2916 1325 2970 technis
1355 2915 1720 2985 pertraheret,
1755 2916 1874 2986 ipse
1903 2923 2089 2987 autem
2142 2914 2391 2983 Sergium
2442 2915 2672 2985 ejusque
2724 2912 2981 2983 pietatem
3032 2925 3088 2971 et
3131 2917 3439 2975 doctrinam

164 3009 483 3079 suspiceret
525 3010 760 3064 maxime
798 3019 855 3064 et
893 3008 1118 3072 coleret,
1166 3007 1341 3062 nihilo
1385 3017 1563 3063 tamen
1598 3007 1782 3062 minus
1810 3007 1912 3061 sibi
1946 3007 2128 3061 fucum
2160 3007 2272 3061 ﬁeri
2301 3008 2611 3062 nullatenus
2649 3023 2839 3076 passus
2860 3016 2960 3069 est,
2990 3015 3046 3061 et
3083 3024 3234 3064 suam
3281 3012 3440 3069 fidem

162 3117 363 3169 puram
395 3096 769 3173 integramque
799 3100 1070 3165 servavit;
1096 3100 1238 3170 quod
1286 3116 1352 3155 ex
1392 3101 1648 3155 omnibus
1683 3101 1837 3156 hisce
1866 3101 2078 3167 libellis,
2112 3116 2172 3154 ae
2201 3100 2498 3170 prresertim
2529 3115 2591 3153 ex
2619 3100 2860 3179 carmine
2892 3102 2946 3154 in
2982 3101 3250 3171 Severum,
3286 3108 3440 3165 lttt'u-

163 3196 351 3250 lenter
377 3203 543 3263 patet.
2374 3182 2381 3187 ’

252 3288 323 3340 De
353 3285 529 3342 Pisida
573 3288 905 3342 mentionem
944 3288 1152 3344 faciunt
1178 3290 1324 3346 inter
1349 3290 1606 3360 antiquos
1635 3290 2033 3361 Theophanes,
2062 3288 2277 3355 Suidas,
2302 3287 2600 3353 Cedrenus,
2634 3285 2980 3360 Nicephorus
3008 3291 3239 3361 Callisti,
3267 3294 3438 3350 Joan-

166 3398 276 3435 nes
295 3382 489 3435 Tzetza
520 3382 745 3452 ejusque
772 3382 937 3437 frater
965 3382 1179 3438 lsaacus
1206 3383 1402 3439 Tzetza
1423 3386 1613 3452 ;~inter
1648 3387 1985 3441 recentiores
2016 3391 2220 3449 autem,
2258 3390 2455 3453 praeter
2476 3381 2798 3450 Murellium,
2828 3382 3149 3449 Kusterum,
3183 3383 3437 3442 Herwer-

168 3484 312 3539 tum,
343 3477 637 3541 ltaderum,
671 3478 947 3545 Allatium,
984 3478 1314 3545 Maltretum,
1356 3480 1687 3551 Fabricium,
1713 3480 1979 3555 Caveum,
2000 3468 2310 3539 Oudinum,
2344 3491 2576 3546 quorum
2603 3477 2903 3533 sententias
2932 3478 3197 3535 hactenus
3229 3494 3436 3550 expen-

166 3571 375 3643 dimus,
407 3571 794 3639 quamplurimi
817 3571 904 3625 alii
930 3573 1225 3642 scriptores
1247 3571 1609 3637 celeberrimi,
1632 3573 1727 3643 qui
1746 3573 1801 3627 in
1822 3571 2062 3626 'ferendo
2091 3570 2157 3625 de
2183 3569 2431 3640 ejusdem
2451 3568 2647 3624 Pisidae
2677 3570 2897 3641 scriptis
2918 3570 3128 3640 judicio
3156 3586 3223 3627 ex
3255 3572 3439 3632 Suida:

168 3667 358 3727 verbis
386 3670 526 3720 male
551 3667 790 3736 acceptis
804 3668 1172 3723 etintellcctis
1194 3668 1473 3724 allueinati
1506 3676 1654 3724 sunt.
1678 3668 1814 3723 Nam
1845 3667 2135 3731 Baronius,
2168 3667 2236 3722 ad
2270 3654 2368 3722 an.
2394 3666 2624 3730 627-29,
2642 3674 2701 3721 et
2730 3672 2990 3735 posteum
3019 3664 3235 3736 Pagius,
3262 3669 3438 3727 soluta

167 3759 423 3814 oratione
446 3757 729 3828 scripsisse
760 3758 994 3816 Pisidam
1028 3762 1183 3818 aiunt
1202 3778 1325 3833 quae
1370 3762 1605 3819 iambico
1669 3772 1847 3818 metro
1889 3762 2109 3818 astricta
2162 3760 2435 3834 leguntur.
2477 3761 2556 3817 Ita
2584 3761 2747 3834 plane
2778 3760 2947 3816 etiam
2998 3753 3358 3817 Bellarminus
3384 3771 3442 3819 et

169 3849 445 3917 Labheus,
488 3847 564 3902 De
591 3849 776 3917 script.
809 3850 1198 3919 ecclesiasticis,
1230 3850 1518 3909 historiam
1552 3852 1628 3909 De
1653 3854 1807 3910 rebus
1831 3853 2071 3909 Hes-aelii
2095 3855 2221 3925 itnp.
2253 3844 2445 3909 Pisidae.
2476 3853 2744 3917 tribuunt,
2774 3869 2804 3907 a
2829 3852 3026 3923 quibus
3050 3866 3159 3908 non
3191 3853 3441 3912 dissentit

168 3943 502 4004 Bcndurius,
531 3941 709 4014 Antiq.
743 3941 784 3997 C
794 3943 857 3999 Ρ.
894 3960 951 4016 p.
986 3946 1111 4003 868.
1147 3947 1255 4015 Sed
1276 3962 1344 4003 eo
1380 3948 1436 4003 in
1466 3960 1651 4004 errore
1682 3947 1739 4002 hi
1772 3948 1964 4004 ducem
2005 3948 2317 4003 habuerunt
2357 3946 2636 4013 Vossinm,
2672 3946 2747 4002 De
2777 3946 3036 4002 historicis
3060 3944 3272 4010 Grecis,
3302 3957 3435 4004 tom.

171 4053 251 4104 tv,
281 4052 335 4106 p.
370 4034 508 4102 M3;
555 4041 612 4089 et
661 4034 1045 4106 Possevinum,
1081 4039 1140 4094 in
1178 4039 1317 4111 App.
1359 4056 1532 4107 sacro,
1561 4047 1696 4096 tom.
1727 4039 1771 4104 Ι,
1828 4055 1883 4115 p,
1928 4036 2053 4097 538.
2082 4040 2231 4111 Nihil
2276 4048 2457 4095 autem
2489 4048 2791 4110 peccarunt
2820 4039 2889 4095 de
2935 4037 3116 4094 Pisida
3148 4033 3441 4119 loquentis

172 4132 495 4189 Guillelmus
515 4128 811 4192 Crowzeus.
844 4131 902 4186 in
933 4131 1185 4191 Elcnclia.
1217 4133 1547 4206 Scriptorum
1604 4136 1661 4188 in
1731 4134 1789 4189 S.
1849 4135 2187 4204 scripturam,
2230 4148 2285 4203 p.
2326 4131 2466 4199 M9;
2536 4128 2695 4188 Joan.
2743 4130 3014 4187 Henricus
3052 4132 3327 4191 Bmclerus
3364 4131 3440 4187 Dc

171 4222 357 4293 script.
389 4219 587 4278 Grecis
611 4228 661 4275 et
685 4218 912 4286 Latinis,
944 4239 999 4293 p.
1036 4222 1140 4291 85;
1192 4223 1467 4281 Adrianus
1490 4211 1785 4289 Bailletius,
1815 4221 2098 4295 Jugemcns
2123 4224 2212 4277 des
2252 4237 2494 4297 scaeam,
2523 4229 2659 4279 tom.
2694 4219 2785 4289 IV,
2823 4237 2880 4293 ρ.
2916 4222 3056 4288 546ς
3084 4206 3202 4279 Jac.
3236 4223 3439 4279 Lelon-
3499 4250 3505 4257 ε
3588 4224 3603 4257 ε

171 4315 316 4388 gius.
364 4313 504 4369 Bibl.
530 4329 706 4377 sacra,
733 4320 865 4369 tom.
902 4313 969 4378 ll,
1000 4330 1054 4384 p.
1088 4315 1184 4370 7M
1214 4330 1230 4381 ;
1259 4321 1316 4369 et
1343 4311 1632 4370 JoanJac.
1648 4312 2076 4379 Sebeuchzerus,
2094 4311 2321 4384 Physica
2370 4329 2550 4379 sacra,
2600 4319 2736 4378 tom,
2770 4311 2814 4378 Ι,
2854 4315 2911 4368 in
2946 4316 3141 4383 prium.
3168 4315 3257 4371 vel
3289 4317 3437 4387 quod

174 4408 387 4462 nullum
433 4406 579 4460 aliud
610 4405 730 4474 ejus
755 4418 895 4475 opus
928 4415 1128 4477 praeter
1151 4406 1529 4462 Hexaemeron
1575 4404 1851 4470 noverint,
1884 4404 1971 4459 vel
1999 4403 2143 4475 quod
2176 4404 2245 4460 de
2272 4404 2392 4463 aliis
2441 4419 2600 4461 suum
2637 4404 2900 4475 judicium
2957 4407 3307 4478 interponere
3336 4425 3439 4464 no-

172 4499 398 4555 luerint.
444 4498 660 4553 lsaaeus
680 4498 1054 4553 Casaubonus.
1087 4497 1336 4551 Animad.
1366 4496 1421 4549 in
1459 4494 1789 4559 Athcnwum,
1823 4509 1875 4564 p.
1911 4493 2037 4556 825,
2069 4493 2218 4564 pium
2240 4501 2295 4547 et
2326 4493 2627 4565 elegantem
2658 4493 2946 4563 Georgium
2975 4506 3221 4552 nostrum
3247 4514 3437 4568 aequus

166 4589 339 4661 judex
373 4590 631 4660 appellat,
654 4589 748 4644 sed
773 4579 1212 4647 emendationem
1242 4589 1300 4644 in
1322 4604 1446 4644 eum
1477 4586 1731 4661 proponit
1752 4602 1913 4656 quam
1938 4587 2211 4657 uLniinus_
2232 4587 2601 4643 necessariam
2632 4587 2997 4657 recipiendam
3023 4605 3144 4644 esse
3176 4606 3281 4643 non
3311 4606 3434 4645 ere—

170 4684 378 4747 dimus,
415 4691 475 4736 ut
500 4691 650 4752 patet
681 4699 747 4738 ex
776 4699 829 4739 ν.
886 4682 994 4738 ese
1039 4684 1103 4738 de
1128 4682 1361 4737 vanitate
1380 4682 1518 4736 vitaz.
1550 4666 1879 4737 Laurentius
1919 4676 2181 4745 Crassus,
2231 4680 2423 4735 Istoria
2467 4678 2547 4734 de’
2576 4689 2716 4750 poets
2756 4678 2927 4746 (ἐπεὶ,
2964 4696 3017 4751 p.
3057 4682 3180 4744 26:2,
3215 4680 3437 4738 Suidim

168 4784 386 4830 tantum
414 4775 721 4846 exscripsit,
747 4791 851 4831 nec
879 4776 934 4830 in
964 4793 1030 4834 eo
1054 4773 1659 4846 quodreprehenderet
1678 4773 2109 4829 velemendaret
2132 4774 2358 4829 invenit.
2390 4774 2593 4831 Eodem
2624 4774 2786 4845 plane
2817 4775 2976 4829 modo
3003 4775 3166 4829 etiam
3217 4774 3440 4831 Franci-

170 4884 302 4925 scus
329 4869 597 4925 Xaverius
636 4869 932 4937 Quadrius,
962 4867 1197 4937 Ragianc
1222 4864 1398 4935 d‘oyni
1425 4863 1629 4933 poesia,
1649 4870 1781 4917 tom.
1816 4861 1881 4926 ll,
1908 4879 1959 4932 p.
1998 4863 2117 4928 124,
2151 4862 2371 4919 Suidam
2400 4873 2620 4920 secutus
2667 4874 2773 4929 est,
2805 4865 2900 4920 sed
2931 4880 3216 4937 perperam
3262 4865 3438 4923 Euro-

168 4965 365 5028 mium,
402 4964 547 5035 quod
581 4974 665 5021 est
687 4965 739 5019 in
764 4965 821 5020 S.
847 4964 916 5018 Μ.
938 4960 1286 5018 Anastasium
1317 4956 1556 5024 Persam,
1584 4956 1701 5027 ipse
1735 4955 1869 5011 dicit
1898 4972 1927 5010 a
1948 4955 2128 5011 Pisida
2161 4956 2215 5010 in
2244 4956 2546 5013 Heracliam
2584 4960 2847 5030 scriptum
2873 4958 3062 5021 fuisse,
3099 4958 3242 5029 quod
3273 4960 3436 5015 etiam

169 5054 483 5120 confirmat,
514 5064 645 5112 tom.
680 5055 769 5124 ιγ,
798 5072 854 5126 p.
901 5055 1026 5112 505.
1056 5052 1137 5109 Nil
1174 5061 1358 5108 autem
1410 5050 1592 5133 minus
1640 5060 1956 5133 accuratum
1984 5058 2147 5121 quain
2181 5053 2324 5122 quod
2362 5053 2651 5123 Dupinius,
2685 5052 2823 5107 Bibl.
2858 5054 2950 5111 des
2979 5066 3193 5112 auteurs
3227 5057 3436 5121 calca,

165 5146 326 5203 sicelc
356 5148 456 5215 νη,
485 5164 536 5219 p.
572 5149 662 5218 62,
693 5158 750 5205 et
789 5148 1076 5212 Mercrius,
1118 5146 1212 5217 qui
1268 5142 1482 5213 Dupinii
1516 5143 1684 5199 verba
1724 5143 1780 5197 in
1814 5157 1974 5201 suum
2024 5143 2414 5201 Dietionarium
2444 5146 2738 5210 transtulit,
2781 5161 2995 5201 necnon
3021 5147 3070 5204 Ι.
3120 5147 3438 5214 Grancolas,

167 5238 411 5310 Critiquc
431 5240 521 5293 des
552 5250 769 5295 auteurs
793 5237 996 5305 ecclési,
1025 5248 1157 5294 tom.
1191 5235 1254 5302 ll,
1284 5251 1339 5306 p.
1371 5233 1459 5297 64,
1483 5233 1554 5289 de
1580 5231 1811 5305 Georgio
1837 5242 2028 5288 nostro
2053 5233 2328 5293 dixerunt.
2350 5235 2532 5309 Longe
2556 5247 2737 5293 autem
2768 5239 2967 5294 melius
2995 5240 3253 5296 omnibus
3282 5240 3349 5295 de
3374 5253 3442 5296 eo

170 5330 395 5399 scripsit
431 5329 489 5383 υ.
528 5331 807 5402 ltemigius
832 5329 1141 5389 Ceillerius.
1174 5328 1312 5382 Hist.
1343 5327 1433 5381 des
1481 5334 1699 5381 autcum
1737 5324 1944 5393 ecclés.,
1972 5335 2106 5382 tom.
2136 5326 2300 5392 XVII,
2337 5345 2389 5400 p.
2423 5331 2568 5387 552:
2598 5348 2725 5388 nam
2754 5334 2841 5391 vel
2879 5335 3108 5391 omnino
3135 5344 3285 5391 recta
3312 5340 3443 5390 sunt

167 5422 260 5481 vel
282 5424 476 5480 saltem
513 5424 886 5495 probabilibus
909 5421 1246 5494 conjecturis
1272 5422 1500 5489 firmata,
1534 5439 1658 5494 quas
1688 5424 1754 5479 ad
1789 5434 1902 5479 rem
1933 5423 2139 5495 profert
2172 5440 2234 5481 ac
2256 5424 2522 5480 decernit.

412 5918 689 5978 Panos.
728 5917 849 5977 Gn.
908 5916 1098 5977 XCII.
3048 5926 3122 5989 ευ
