3848 6342
525 430 614 484 Ἑν
636 432 702 504 τῇ
727 431 965 506 τοσαύτῃ
985 430 1094 486 τῶν
1119 429 1302 485 καλῶν
1330 428 1647 501 αὐτουργίᾳ.

370 515 478 574 200
515 518 626 572 Kal
655 521 766 573 τῶν
792 520 1144 591 ταχυδρόμων
1165 519 1274 589 γάρ
1304 517 1465 581 εὐθὺς
1485 517 1729 574 ὁλκάδων

519 609 595 663 Τὸ
626 609 829 681 πλῆθος
862 612 943 675 είς
974 610 1033 664 ἐν
1065 611 1298 671 εὐτόνως
1322 609 1663 680 συνέτρεχεν,

515 697 625 751 Kal
646 701 753 764 πᾶς
784 701 841 754 ὲν
864 700 1053 762 ὅπλοις
1080 699 1512 768 ἐστρατευμένος
1534 699 1654 753 τότε

529 786 720 859 Tata;
752 791 814 844 τὸ
838 791 992 858 τόξον
1014 791 1110 845 καὶ
1141 790 1337 862 παρεὶς
1362 790 1459 861 τὴν
1490 791 1694 846 ἀσπίδα

518 875 664 948 Πρὸς
695 879 794 944 τάς
827 881 1089 951 ὲνύγρους
1119 880 1439 949 συμπλοκὰς
1464 880 1754 945 ὡπλίζετο.

380 965 487 1022 205
523 968 773 1033 Καύτοὺς
794 970 850 1023 δὲ
875 972 1002 1035 τοὺς
1027 971 1291 1041 τεμόντας
1317 971 1531 1034 εὐνοίας
1561 969 1706 1041 λόγῳ

518 1058 638 1112 Τῶν
662 1060 992 1117 τεκνοποιῶν
1020 1061 1270 1131 ὀργάνων
1302 1060 1372 1114 τὰ
1397 1061 1713 1133 σπέρματα,

521 1151 617 1212 Et;
647 1151 813 1204 ταὺτὸ
837 1151 1224 1222 συντρέχοντας
1252 1148 1321 1222 ῆν
1348 1153 1481 1223 ὁρᾷν
1504 1153 1626 1206 τότε

521 1241 839 1311 Τμηθέντας
862 1242 1015 1295 οὐδὲν
1038 1243 1137 1313 τὴν
1166 1242 1335 1308 φύσιν
1355 1245 1454 1312 τὴν
1481 1245 1709 1316 ἄρρενα.

524 1330 711 1395 Οὕτως
736 1332 969 1396 ἕκαστος
994 1336 1396 1403 συμμετασχεῖν
1424 1335 1489 1388 ὲκ
1513 1334 1715 1406 μέρους

385 1419 491 1477 210
527 1419 648 1474 Τῶν
672 1421 779 1475 σῶν
803 1420 1039 1492 ἱδρώτων
1069 1422 1241 1493 ἡδέως
1271 1422 1549 1492 ἠπείγετο.

528 1510 720 1580 Ὅμως
744 1510 980 1585 ἅπαντες
1004 1511 1088 1565 σοὶ
1115 1512 1391 1582 προσῆγον
1413 1512 1513 1580 τὴν
1541 1511 1726 1583 χάριν,

538 1602 700 1673 ’Υμῖν
725 1602 782 1655 δὲ
808 1605 916 1657 πᾶν
950 1601 1010 1656 τὸ
1033 1603 1273 1674 πραχθὲν
1295 1590 1674 1672 ἐσπουδάζετο,

528 1692 720 1756 Ὅπως
740 1693 769 1746 ό
790 1693 1003 1763 πρῶτος
1018 1693 1208 1763 μισθὸς
1233 1696 1314 1756 είς
1342 1694 1441 1765 τὴν
1465 1695 1643 1751 αίτίαν

529 1784 640 1837 Kal
664 1784 762 1853 τὴν
786 1785 1040 1855 ἀφορμὴν
1064 1784 1357 1856 συνδράμοι
1381 1783 1475 1839 τοῦ
1500 1786 1847 1858 πράγματος.

391 1872 497 1927 215
532 1875 594 1926 Ol
636 1874 736 1943 μὲν
761 1873 869 1943 γὰρ
903 1873 1076 1927 ὤθουν
1102 1876 1166 1928 ὲκ
1186 1874 1487 1929 θαλαττίων
1512 1876 1677 1932 λίθων

544 1964 798 2029 Ῥιζωθὲν
819 1964 1008 2037 ῶσπερ
1037 1966 1097 2030 ἐξ
1124 1966 1371 2036 ἀνάγκης
1389 1966 1450 2021 τὸ
1470 1969 1700 2037 σκάφος,

534 2059 597 2111 Ol
631 2059 878 2112 ναυτικοὶ
896 2058 951 2110 δὲ
976 2060 1084 2121 τοῖς
1121 2058 1462 2127 ἁποσχοίνοις
1481 2058 1657 2125 τόνοις

533 2148 800 2211 Λαϐόντες
821 2141 1024 2213 εἷλκον,
1055 2147 1131 2211 ὡς
1157 2147 1303 2217 ἐνῆν,
1333 2148 1430 2218 τὴν
1458 2149 1680 2217 ὁλκάδα,
1704 2186 1711 2191 .

534 2237 681 2299 Ἕως
716 2236 1138 2306 κατισχύσαντες
1159 2237 1414 2291 εἵλκυσαν
1447 2237 1600 2308 μόλις

394 2328 500 2383 220
536 2326 647 2398 Τὴν
671 2327 800 2382 ναῦν
829 2329 1099 2383 πεσοῦσαν
1126 2331 1184 2382 ὲν
1213 2330 1420 2400 σαγήνῃ
1445 2329 1552 2383 τῶν
1574 2329 1755 2387 λίθων.

606 2415 677 2473 Ὦ
700 2420 983 2490 συμπαθὲς
1010 2421 1262 2492 φρόνημα
1289 2421 1383 2475 καὶ
1404 2421 1583 2492 ψυχῆς
1602 2424 1759 2490 τόνος

537 2514 644 2568 Καὶ
670 2515 887 2586 φροντὶς
904 2515 1199 2592 ῥρκέσασα
1222 2517 1331 2578 τοῖς
1363 2513 1502 2577 ὅλοις
1537 2516 1634 2585 μία
1652 2518 1688 2585 ις

400 2670 671 2725 laboraret
707 2671 930 2741 despota
969 2683 1023 2728 et
1066 2682 1174 2730 tam
1216 2677 1477 2746 praeclara
1518 2678 1636 2748 ipse
1664 2693 1763 2749 per
1788 2692 1847 2733 se
1876 2691 1971 2748 ge-

401 2771 566 2816 reret.
602 2761 748 2832 (200)
782 2762 920 2818 Tum
960 2781 1092 2819 vero
1130 2768 1313 2823 statim
1361 2767 1721 2823 actuariarum
1750 2767 1971 2822 navium

400 2853 690 2909 multitudo
767 2853 820 2909 in
884 2870 1051 2909 unum
1129 2857 1353 2914 intentis
1418 2859 1627 2915 viribus
1692 2864 1972 2914 contracta

401 2954 503 3000 est.
565 2947 643 3001 Ac
703 2952 815 3000 tum
879 2947 1127 3017 quisque,
1188 2955 1253 3002 ut
1304 2956 1421 3004 erat
1472 2949 1825 3004 tumultuarie
1886 2949 1972 3002 in-

400 3045 660 3102 structus,
728 3037 940 3105 abiecto
994 3038 1102 3093 telo
1153 3048 1207 3102 et
1255 3039 1478 3095 dimisso
1526 3041 1712 3112 clypeo
1747 3041 1814 3094 ad
1857 3054 1974 3094 ma-

1664 313 1983 375 GEORGII
2024 310 2293 389 PISlD£

1974 434 2023 490 Δ

3503 306 3667 371 1212

2189 426 2357 482 Πάλιν
2388 427 2679 498 μεριμνᾷς,
2711 423 2808 478 καὶ
2835 422 3000 478 πάλιν
3029 423 3171 477 κατά
3200 422 3369 494 ζάλης

2186 516 2382 588 Μάχην
2418 515 2749 578 συνάπτειςσ
2783 512 2908 567 οὐδὲ
2947 512 3056 585 γὰρ
3074 511 3370 578 θαλαττίας

2046 608 2153 664 225
2188 607 2449 670 Κίνδυνος
2470 603 2669 676 ὁρμῆς,
2692 603 2816 659 οὐδὲ
2845 607 2949 676 τῆς
2972 606 3077 676 γῆς
3105 605 3141 675 ἡ
3168 602 3305 675 wn

2187 700 2266 770 Τῇ
2298 701 2363 771 σῇ
2399 698 2675 769 παρέσχον
2700 697 2943 769 ἐκκοπὴν
2971 696 3272 769 προθυμίᾳ.

2201 791 2343 845 Ἀλλ’
2366 790 2444 854 ὡς
2473 788 2637 860 σοφός
2660 806 2746 853 τις
2774 791 2834 843 ἐν
2864 788 3193 861 κυϐερνήσει
3221 787 3397 859 ζάλης

2188 883 2469 954 Χειμῶνος
2496 881 2674 953 αὔρας
2693 880 3050 953 ὴγριωμένας
3079 880 3312 950 βλέπων,

2191 974 2326 1026 Τότε
2359 972 2520 1026 πλέον
2547 971 2789 1025 δείκνυσι
2820 971 2922 1041 τὴν
2948 971 3255 1042 εὐτεκνίαν,

2049 1063 2157 1121 250
2193 1064 2301 1117 Kal
2323 1061 2399 1133 τῷ
2427 1060 2674 1132 λογισμῷ
2699 1060 2800 1124 τὰς
2828 1061 3127 1133 τρικυμίας
3157 1060 3375 1130 φθάσας

2194 1154 2395 1224 Τέμνει
2423 1151 2484 1206 τὺ
2511 1150 2692 1222 ῥεῦμα
2719 1149 2821 1221 τῆς
2845 1148 3016 1222 ζάλης
3055 1151 3391 1222 ἀνατρέχων,

2196 1244 2360 1298 Κενοῐ
2386 1259 2444 1294 τε
2473 1241 2695 1304 πυκνῶς
2725 1241 2826 1313 τὴν
2858 1240 2981 1313 βίαν
3000 1241 3099 1295 τοῦ
3121 1241 3452 1312 πνεύματος,

2195 1331 2355 1388 Οὕτω
2379 1332 2661 1404 κρατήσας
2679 1331 2773 1386 τοῦ
2802 1330 2919 1403 βίου
2941 1334 3072 1397 τοὺς
3095 1332 3349 1404 αὐχένας,

2195 1427 2475 1496 Χειμῶνος
2502 1426 2657 1491 ὄντος
2687 1426 2781 1481 καὶ
2810 1429 3058 1499 ταραχῆς
3092 1430 3454 1500 πραγμάτων,

2056 1516 2165 1573 255
2198 1515 2422 1569 Φθάνων
2449 1516 2689 1587 ἑκάστην
2731 1517 3029 1590 συμφορῶν
3065 1519 3357 1590 τρικυμίαν

2198 1605 2283 1674 Ili;
2317 1605 2414 1674 μὲν
2436 1604 2766 1676 διατέμνεις,
2789 1606 2866 1677 πὴ
2892 1605 2947 1659 δὲ
2976 1606 3076 1678 τὴν
3101 1606 3222 1677 βίαν
3234 1608 3444 1675 κενοῖς,

2202 1697 2288 1768 Ill}
2305 1696 2361 1751 δὲ
2388 1696 2521 1768 πρὸς
2545 1696 2678 1768 ὕψος
2706 1696 2947 1761 εὐσεϐῶς
2972 1699 3287 1771 ἀνατρέχων

2194 1787 2304 1858 Γῆς
2334 1789 2428 1842 καὶ
2457 1786 2727 1858 θαλάττης
2756 1788 2848 1842 τὸν
2879 1789 3040 1843 σάλον
3067 1791 3429 1857 κατέσϐεσας.

2204 1894 2213 1903 ‘
2284 1879 2430 1934 Ἰδὼν
2457 1880 2517 1935 δὲ
2542 1880 2711 1935 ταῦτα
2745 1882 2838 1936 καὶ
2869 1882 3129 1948 στενάξας
3157 1886 3187 1938 ὁ
3207 1884 3400 1954 φθόνος

2057 1970 2163 2027 240
2202 1969 2433 2043 (Πολλὴν
2455 1971 2564 2040 γὰρ
2592 1968 2734 2039 ἔγνω
2755 1970 2960 2042 ζημίαν
2985 1972 3335 2039 πεπονθέναι,

2197 2063 2419 2118 Βλέπων
2450 2063 2737 2127 τοσούτους
2767 2064 2825 2117 ἐν
2859 2063 3051 2136 βραχεί
3080 2064 3511 2136 σεσωσμένους),

2206 2154 2441 2225 Πλήττει
2468 2154 2561 2207 τὸν
2583 2153 2754 2226 ἀκρον
2784 2154 2880 2207 τοῦ
2906 2155 3067 2219 ποδός
3096 2152 3191 2209 σου
3219 2156 3505 2222 δάκτυλον,

2228 2246 2472 2311 Ἑαυτὸν,
2510 2246 2586 2308 ὡς
2609 2246 2772 2313 ἔοικε,
2806 2245 3099 2316 μορφώσας
3124 2246 3260 2318 λίθῳ
3278 2261 3297 2276 θ

2214 2334 2403 2409 Θερμὴ
2422 2338 2467 2391 δ’
2498 2337 2848 2413 ἀνηκόντιζεν
2878 2337 3110 2409 αἵματος
3130 2339 3291 2409 χύσις

2070 2428 2179 2485 245
2212 2428 2502 2483 Βάπτουσα
2516 2430 2616 2500 τὴν
2646 2430 2771 2501 γῆν,
2795 2430 2889 2484 καὶ
2920 2428 3161 2484 καλοῦσα
3195 2430 3483 2503 μάρτυρα.

2224 2520 2423 2592 Ἐχρῆν
2443 2522 2552 2593 γὰρ
2580 2522 2711 2592 ὑμῖν
2735 2520 2814 2585 είς
2843 2522 3113 2594 ἀμείωτον
3135 2521 3297 2593 χάριν

2069 2695 2305 2751 pugnam
2343 2679 2629 2736 conseris:
2676 2693 2855 2749 neque
2895 2676 3045 2733 enim
3087 2677 3282 2733 marini
3320 2676 3473 2749 (225)
3502 2676 3645 2747 peri-

2070 2769 2251 2825 culum
2289 2771 2507 2836 furoris,
2526 2785 2705 2840 neque
2739 2778 2895 2825 terra
2934 2778 3228 2840 tempestas
3262 2777 3411 2823 tuam
3451 2777 3647 2827 contu-

2070 2860 2269 2916 derunt
2298 2861 2464 2915 animi
2491 2859 2848 2931 praesentiam.
3028 2922 3037 2931 δ
3112 2870 3123 2885 ‘

2142 2951 2211 3007 At
2268 2953 2435 3008 veluti
2484 2954 2704 3022 sapiens
2755 2952 3085 3024 gubernator
3134 2951 3191 3006 in
3237 2951 3502 3021 procella,
3538 2966 3643 3022 quo

2077 3041 2249 3112 magis
2268 3040 2539 3096 furentem
2564 3043 2813 3111 hyemem
2831 3041 3001 3105 videt,
3025 3048 3159 3095 tunc
3180 3042 3305 3111 plus
3324 3042 3458 3096 artis
3472 3050 3647 3097 esten.

398 3128 548 3183 riuos
595 3127 879 3183 conﬂictus
937 3144 996 3183 se
1031 3130 1294 3185 armabat.
1324 3130 1469 3202 (205)
1510 3132 1588 3186 Ac
1660 3132 1825 3185 etiam
1853 3144 1966 3195 eos,
1996 3159 2039 3217 ε
2075 3130 2154 3186 dit
2177 3140 2231 3186 et
2258 3131 2510 3195 solertiae,
2545 3130 2692 3201 (250)
2740 3140 2794 3191 et
2826 3130 3055 3187 consilio
3094 3129 3364 3186 undarum
3399 3132 3512 3186 vim
3546 3146 3648 3186 an-

398 3219 596 3288 quibus
622 3227 777 3273 erant
803 3229 1019 3275 exsecta
1046 3220 1140 3289 (sit
1167 3221 1323 3276 venia
1354 3222 1517 3289 dicto)
1544 3221 1855 3293 genitalium
1877 3236 1970 3274 or-

400 3326 665 3382 gauorum
698 3312 928 3379 semina,
953 3313 1007 3367 in
1041 3313 1181 3368 idem
1212 3322 1560 3368 accurreutes
1595 3323 1713 3368 erat
1736 3323 1867 3368 tunc
1888 3312 1972 3367 vi-

399 3404 549 3466 dere,
577 3404 732 3474 quasi
766 3405 1080 3475 neutiquam
1114 3405 1352 3460 abscissa
1381 3406 1459 3461 eis
1498 3405 1692 3462 fuisset
1721 3405 1967 3461 virilitas.

398 3494 478 3551 Ita
518 3496 713 3567 singuli
743 3497 809 3550 ad
844 3497 1161 3551 sumendam
1194 3506 1403 3566 partem
1446 3497 1592 3565 (210)
1635 3507 1847 3553 tuorum
1880 3513 1974 3552 su-

401 3588 595 3643 dorum
633 3588 869 3642 dulciter
900 3584 1324 3656 impellebantur
1353 3588 1481 3642 :sed
1522 3603 1713 3643 oumes
1745 3588 1835 3642 uni
1874 3587 1972 3643 tibi

403 3678 717 3734 referebant
762 3679 1007 3748 gratiam.
1048 3677 1127 3731 Tu
1166 3694 1296 3732 vero
1325 3679 1392 3733 de
1431 3678 1657 3748 singulis
1687 3678 1843 3733 factis
1878 3695 1976 3733 cu-

404 3783 519 3822 ram
546 3767 805 3833 babebas,
833 3768 912 3822 sic
951 3777 1012 3822 ut
1049 3778 1356 3838 promptum
1390 3769 1668 3843 praemium
1701 3769 1765 3823 ad
1808 3769 1976 3824 ratio-

404 3875 529 3913 nem
558 3859 1007 3929 occasionemque
1036 3871 1344 3915 accurreret
1367 3860 1568 3929 operis.
1591 3859 1736 3931 (215)
1755 3859 1831 3914 Illi
1856 3861 1978 3930 qui-

405 3950 525 4003 dem
553 3950 949 4019 protrudebaut
987 3965 1052 4004 ex
1084 3950 1308 4005 marinis
1334 3950 1570 4020 scopulis
1614 3950 1877 4005 radicitus
1914 3966 1979 4007 ac

404 4041 570 4095 veluti
594 4056 689 4108 per
710 4040 821 4094 vim
850 4039 1062 4094 alllxam
1100 4050 1296 4095 navem
1328 4058 1340 4093 :
1388 4051 1567 4096 nauta:
1607 4056 1738 4095 vero
1763 4040 1979 4111 junceis

405 4130 629 4184 funibus
651 4129 934 4198 abreptum
964 4130 1271 4195 trahebant,
1298 4139 1356 4184 ut
1379 4139 1650 4200 poterant,
1682 4130 1976 4202 navigium,

404 4220 581 4275 donec
623 4221 850 4274 multum
882 4221 1122 4288 connixi,
1161 4237 1300 4293 :egre
1339 4222 1646 4277 eduxerunt
1688 4223 1835 4293 (220)
1883 4238 1981 4277 na-

406 4309 515 4363 vim
549 4311 812 4364 irretitum
846 4314 1102 4381 scopulis.
1140 4314 1236 4369 Ast
1281 4329 1316 4368 o
1356 4330 1478 4384 qua:
1515 4315 1853 4384 compatiens
1886 4330 1981 4371 vo-

405 4399 615 4456 luntas!
651 4418 772 4472 quae
800 4403 966 4458 animi
985 4404 1241 4459 ﬁrmitas!
1265 4421 1382 4475 qua:
1411 4393 1541 4461 cura
1586 4405 1859 4461 sulliciens
1875 4421 1980 4463 una

405 4491 473 4548 ad
501 4493 712 4549 omnia!
764 4493 974 4551 Rursus
1009 4496 1231 4567 cogitas,
1260 4505 1314 4552 et
1356 4512 1544 4552 rursus
1583 4513 1705 4553 cum
1739 4498 1973 4567 procella

2070 3227 2344 3275 tevertens
2364 3221 2676 3292 iugrueutes
2704 3231 2851 3283 secat
2878 3220 3077 3277 ﬂuetus
3103 3236 3425 3289 occurrens,
3448 3222 3647 3277 eludit-

2071 3327 2178 3381 que
2202 3312 2401 3382 saepius
2429 3313 2538 3369 vim
2574 3313 2745 3381 venti,
2772 3314 2852 3370 sic
2884 3322 2945 3369 tu
2984 3329 3111 3369 eum
3143 3328 3366 3385 reget-es
3389 3314 3519 3370 vita
3549 3331 3647 3386 gu-

2072 3401 2448 3469 bernaculum,
2479 3402 2535 3457 in
2577 3404 2831 3474 praesenti
2868 3412 3195 3479 tempestate
3221 3413 3279 3459 et
3316 3420 3504 3460 rerum
3532 3414 3648 3459 tur-

2072 3492 2345 3558 bulentia,
2414 3492 2586 3561 (236)
2640 3493 2885 3550 omnium
2957 3494 3331 3553 calamitatum
3399 3494 3648 3551 ﬂuctibus

2073 3583 2406 3654 prapeditis,
2434 3601 2541 3655 qua
2571 3568 2737 3640 maris
2762 3584 2977 3650 dividis,
2999 3600 3107 3655 qua
3136 3584 3315 3641 eludis
3340 3584 3605 3641 insaniam
3628 3601 3647 3647 ;

2074 3690 2221 3729 nunc
2258 3690 2409 3739 vero,
2462 3675 2554 3745 pio
2583 3676 2807 3731 mentis
2856 3690 3025 3739 sensu
3069 3691 3293 3733 sursum.
3320 3688 3643 3739 excurrens.

2076 3775 2235 3822 terrae
2253 3765 2529 3836 mar-isque
2560 3764 3133 3836 rabiem‘temperasti.

2147 3852 2275 3914 llaec
2322 3866 2504 3913 autem
2565 3856 2756 3912 videns
2818 3864 2982 3926 atque
3038 3855 3403 3925 ingemiscens
3452 3856 3647 3912 invidia

2080 3946 2226 4017 (240)
2261 3945 2515 4018 (multum
2536 3945 2682 4000 enim
2716 3945 2888 4001 sensit
2922 3959 2981 4000 se
3014 3944 3274 3999 damnum
3305 3945 3495 4000 tulisse
3521 3961 3644 4001 con-

2078 4039 2318 4109 spicieus
2348 4039 2482 4094 tales
2524 4039 2671 4094 viros
2713 4044 2941 4108 repente
2984 4036 3362 4107 conservatos)
3408 4037 3537 4092 {erit
3572 4037 3645 4092 tui

2080 4126 2236 4199 pedis
2265 4128 2633 4183 summitatem
2655 4127 2830 4198 digiti,
2856 4125 3106 4189 mentita,
3134 4134 3196 4180 ut
3222 4126 3341 4181 visa
3375 4135 3479 4191 est,
3516 4127 3643 4196 ﬁgu-

2080 4234 2195 4274 ram
2225 4220 2455 4290 scopuli.
2493 4218 2711 4275 Calidus
2739 4226 2923 4272 autem
2965 4216 3145 4285 erupit
3191 4218 3477 4289 sanguinis
3501 4219 3644 4273 rivus

2085 4310 2230 4381 (145)
2280 4310 2527 4367 inliciens
2562 4320 2784 4375 terram,
2830 4317 2991 4378 teque
3023 4307 3305 4363 declarans
3343 4318 3644 4380 martyrem.

2081 4402 2321 4458 Decebat
2338 4403 2485 4458 enim
2515 4411 2576 4457 ut
2606 4402 2658 4456 in
2682 4401 2908 4472 integra:
2942 4400 3131 4472 gratia:
3162 4402 3534 4479 testimonium
3558 4401 3644 4456 tibi

2078 4494 2318 4555 inessent
2341 4495 2558 4566 pietatis
2580 4495 2848 4566 stigmata.

1688 4670 1777 4726 VA
1786 4669 1925 4725 BHE
1968 4668 2373 4726 LECTIONES.

473 4805 579 4865 202
602 4805 780 4879 ὄχλοις
806 4807 895 4864 ed.
967 4809 1073 4864 227
1106 4825 1189 4873 τις
1220 4809 1344 4866 add.
1382 4807 1445 4864 P.
1518 4807 1624 4863 228
1661 4806 1810 4877 ὥρας
1836 4807 1924 4863 ed.

1926 4962 2156 5019 ΝΟΤίΕ.

481 5105 607 5181 205.
639 5108 932 5181 Eunuchos
980 5109 1352 5181 ὲκτμηθέντας
1390 5107 1531 5178 apud
1576 5122 1653 5181 se_
1708 5114 1971 5181 tenere_.a
1998 5107 2051 5169 ι)
2076 5105 2301 5181 Βῃτᾳηι.
2330 5122 2396 5181 ει,
2421 5105 2511 5171 52,
2541 5120 2596 5175 p.
2627 5105 2755 5159 M2.

413 5176 592 5248 Persis
627 5177 932 5232 didicerunt
972 5175 1202 5235 Romani
1228 5175 1599 5248 imperatores.
1624 5176 1802 5248 Persae
1827 5175 1971 5248 enim

412 5244 573 5315 primi
603 5248 842 5315 omnium
879 5250 1128 5304 videntur
1160 5244 1335 5303 mares
1371 5249 1647 5311 evitasse;
1682 5246 1825 5299 unde
1866 5246 1972 5301 Pe-

416 5311 626 5385 tzouius
655 5311 865 5385 Satyric
893 5355 905 5368 .
927 5333 976 5371 c.
1014 5320 1114 5375 H9
1141 5336 1153 5371 :
1188 5320 1472 5373 Persarum
1507 5318 1613 5370 ritu
1642 5316 1778 5368 male
1818 5316 1974 5383 pube-

413 5384 670 5437 scentibus
701 5384 854 5456 uiuus
874 5388 1170 5456 subripuere
1196 5388 1489 5443 uiros.Vide
1520 5387 1845 5440 Herodotum
1879 5386 1971 5439 lib.

416 5470 535 5517 "ill.
570 5470 621 5527 [Ρ.
655 5453 778 5508 492.
801 5453 1265 5527 Cubiculariorum
1327 5474 1550 5512 munere
1591 5467 1662 5510 -ιιι
1684 5457 1977 5527 plurimum

417 5525 781 5598 iungebantur
821 5526 876 5578 in
913 5528 1051 5598 aulis
1102 5529 1406 5598 principum
1458 5525 1732 5591 eunuchi,
1778 5526 1980 5598 quibus

419 5596 586 5662 ipsius
617 5594 756 5663 regis
797 5594 1236 5652 committebatur
1271 5594 1536 5652 custodia.
1578 5599 1649 5651 De
1700 5594 1984 5650 eunucho-

422 5680 540 5718 rum
570 5664 923 5737 dignitatibus
975 5668 1116 5737 apud
1170 5668 1301 5735 imp.
1335 5668 1647 5735 Cpolitanos
1668 5667 1791 5720 vide
1840 5665 1986 5737 Con-

422 5734 717 5789 stantinum
780 5734 1315 5810 Porphyrogvuitum,
1384 5734 1466 5791 il)"

1521 5754 1793 5791 cwrcmou.
1840 5738 1877 5789 Α
1889 5734 1987 5788 ala:

2150 5178 2276 5233 227.
2330 5168 2591 5249 Legerein
2639 5174 2800 5244 σοφός
2852 5187 2934 5235 τις
2982 5169 3062 5236 ὲν,
3100 5184 3173 5224 ne
3219 5168 3487 5224 claudicet
3520 5183 3636 5222 wer-

2079 5263 2193 5302 sus.

2151 5317 2276 5371 242.
2300 5314 2471 5373 Nemo
2495 5314 2633 5369 alius
2654 5312 2891 5384 prodidit
2917 5309 3216 5384 memorias
3232 5379 3245 5384 _
3267 5309 3320 5363 id
3350 5307 3501 5377 quod
3526 5320 3633 5384 non

2087 5387 2203 5441 sine
2246 5386 2428 5456 aliqua
2478 5376 3105 5456 venustate_poe_tica__et
3136 5379 3303 5456 multa
3333 5376 3455 5456 eum
3478 5376 3636 5456 adulat.

2090 5446 2253 5511 tionis
2277 5446 2529 5511 illécebra
2567 5454 2734 5508 refert
2762 5446 2963 5519 Pisida,
3006 5448 3312 5521 Heracliam
3354 5446 3633 5521 ita‘pedeui

2092 5528 2145 5580 in
2169 5542 2390 5597 scepum
2442 5526 2751 5597 otlendisse_
2778 5531 2839 5577 ut
2862 5516 3085 5595 sanguis
3116 5536 3148 5574 e
3174 5519 3341 5591 digito
3392 5516 3634 5572 efﬂuxerit

2092 5605 2147 5651 et
2172 5594 2284 5664 ipse
2314 5606 2515 5667 martyr
2546 5594 2802 5667 evaserit.

2161 5663 2283 5721 244.
2322 5663 2530 5719 Mallém
2559 5663 2947 5729 ἀπηκόντισεν.
