3848 6342
166 318 322 392 1253

324 443 397 498 οὐ
431 442 535 516 γὰρ
566 444 821 517 μονήρεις
852 446 977 512 τοὺς
1007 447 1228 517 ἀγῶνας
1254 451 1355 523 τῆς
1380 453 1584 524 μάχης,

322 535 514 607 Ψυχὴν
541 535 599 591 δὲ
627 538 726 609 τὴν
753 537 855 609 σὴν
889 540 1371 610 συγκατώρθωσας
1401 544 1585 598 πλέον.

318 628 493 692 Αὐτὸς
519 627 631 699 γὰρ
658 630 791 700 ἡμῖν
824 630 1139 703 ἐξαριθμῶν
1166 635 1434 700 πολλάκις

323 718 430 771 Τοῦ
457 717 553 772 σοῦ
580 719 698 789 βίου
726 720 790 774 τὸ
823 721 1043 795 μέτρον,
1075 725 1337 795 ὲτράνους
1363 726 1445 779 ὅτι

166 808 286 864 545
326 828 345 859 ι
371 808 527 871 Bisi);
556 809 749 879 χρόνον
776 811 1027 867 τοσοῦτον
1053 816 1113 868 ἐν
1142 816 1407 891 ῥᾳθυμίᾳ,

321 900 535 971 Ἔζησα
563 902 769 965 ταύτας
797 901 876 974 τῷ
901 901 1020 974 Θεῷ
1043 905 1143 969 τὰς
1169 908 1403 978 ἡμέρας.
1438 930 1456 963 ι

317 994 427 1046 Καὶ
456 992 613 1047 τοῦτο
637 994 828 1067 δῆλον·
858 997 982 1050 οὐδὲ
1008 997 1125 1070 γὰρ’
1137 1000 1462 1073 καλύμματι

315 1084 563 1149 Ψεὺδους
591 1087 860 1157 προσήκει
889 1089 990 1160 τὴν
1018 1090 1279 1162 ἀλήθειαν
1314 1096 1562 1151 σκέπειν.

319 1177 435 1230 Νῦν
454 1169 577 1248 ’γὰρ
608 1179 678 1237 τὰ
704 1179 931 1250 Περσῶν
960 1184 1061 1253 τῆς
1091 1184 1304 1255 πλάνης
1337 1190 1613 1262 μυστήρια

166 1267 281 1324 550
321 1269 508 1338 Γυμνὰ
536 1270 785 1340 πρόεισιν
807 1290 819 1302 ·
852 1270 978 1343 ἄρτι
1006 1273 1108 1344 τῆς
1134 1279 1529 1350 κεκρυμμένης

314 1356 523 1429 ’Ὕδρας
554 1360 688 1427 παρ’
713 1360 899 1424 αὐτοῖς
930 1363 964 1432 ἡ
992 1362 1372 1433 πολυκέφαλος
1401 1367 1575 1442 πλάνη

316 1450 451 1503 Ἕνα
486 1450 790 1518 προτείνειν
820 1451 965 1516 ἀξιοῖ
993 1453 1083 1506 τὸν
1108 1455 1331 1526 αὐχένα,

320 1540 418 1593 Ὃν
451 1540 548 1595 νῦν
584 1539 871 1611 βλέποντες
896 1543 1126 1612 εἰσάγαν
1156 1545 1509 1621 θαυμάζομεν

328 1631 628 1700 Ἡρακλέος
652 1632 887 1702 τυχόντα
917 1635 1010 1689 καὶ
1041 1638 1406 1707 σεσωσμένον.

165 1717 283 1776 555
318 1713 484 1789 Οἶμαι
512 1719 569 1773 δὲ
599 1721 797 1775 καύτὸν
827 1722 1172 1793 αἰχμάλωτον
1198 1727 1258 1780 ὲν
1289 1727 1446 1796 τάχει

318 1813 477 1884 Ὄψει
505 1811 728 1868 δεθέντα
762 1814 855 1868 τὸν
881 1815 1154 1887 δράκοντα
1181 1818 1451 1890 Χοσρόην,

158 2016 383 2072 minum
405 2015 556 2083 belli,
570 2016 667 2072 sed
691 2016 887 2073 animae
908 2027 1015 2075 tuae
1029 2034 1216 2077 curam
1237 2022 1476 2080 habuisti
1497 2024 1750 2080 maxime.

162 2108 253 2163 Tu
284 2109 430 2163 enim
456 2108 574 2179 ipse
596 2109 756 2164 nobis
811 2126 1095 2181 exponens
1133 2115 1333 2184 saepius
1376 2124 1484 2171 tuae
1512 2116 1638 2171 vitae
1666 2132 1754 2172 ra-

160 2198 379 2276 tionem
401 2198 505 2253 hoc
530 2198 798 2253 enarrasti
827 2215 843 2253 :
870 2200 1016 2270 (545)
1047 2221 1068 2254 ι
1098 2201 1236 2258 Cum
1259 2212 1471 2259 tantum
1494 2206 1756 2276 temporis

160 2274 529 2360 transegerim
552 2288 609 2344 in
632 2289 764 2356 alio,
788 2291 898 2346 vixi
922 2292 1140 2354 tandem
1167 2295 1270 2350 hos
1296 2310 1398 2368 ego
1428 2294 1541 2351 Deo
1562 2274 1699 2353 dies.
1730 2316 1749 2350 ι

160 2383 350 2452 Atque
397 2382 505 2436 hoc
528 2388 614 2436 est
651 2391 941 2451 apertum:
971 2400 1081 2440 non
1121 2388 1269 2441 enim
1309 2386 1433 2442 velo
1478 2389 1750 2444 mendacii

152 2476 321 2546 juvat
342 2475 628 2531 veritatem
647 2476 1095 2548 obtegere.Nnnc
1116 2479 1309 2534 enimP
1330 2480 1518 2536 ersica:
1544 2480 1749 2537 fraudis

157 2566 429 2637 mysteria
462 2566 605 2638 (550)
632 2568 778 2623 nuda
818 2571 1120 2639 procedunt
1157 2588 1172 2625 :
1206 2586 1385 2642 nuper
1413 2571 1747 2628 abscondita:

158 2657 317 2729 apud
344 2659 492 2728 ipsos
516 2659 701 2731 hydra:
731 2661 1011 2732 multiplex
1033 2661 1398 2717 fraudulentia
1428 2678 1591 2718 unam
1628 2676 1748 2719 tan-

160 2757 290 2803 tum
335 2738 501 2803 audet
531 2750 860 2818 protendere
903 2751 1196 2817 cervicem,
1236 2767 1400 2821 quam
1445 2754 1608 2809 modo
1645 2769 1748 2808 nos

158 2840 451 2896 intuentes
478 2841 635 2897 valde
679 2842 943 2897 miramur
986 2843 1042 2897 in
1072 2843 1367 2899 Herculem
1418 2844 1673 2901 incidisse
1701 2855 1757 2901 et

156 2929 411 2986 evasisse
453 2929 679 2987 salvam.
725 2930 873 3001 (555)
918 2930 1058 2989 Puto
1115 2940 1299 2987 autem
1352 2934 1533 3004 ipsum
1586 2935 1753 2989 etiam

156 3016 444 3087 captivum
485 3017 635 3073 brevi
671 3019 1029 3090 vinctumque
1071 3030 1124 3077 te
1162 3022 1408 3077 visurum
1459 3025 1751 3080 draconem

1130 334 1228 395 DE
1257 338 1782 401 EXPEDITIONE
1799 341 2110 404 PERSICA
2154 347 2339 407 ’ACR.
2382 350 2502 412 III.

1714 1814 1719 1818 ’
1785 1814 1833 1873 Β

1984 447 2071 513 Εἰ
2103 461 2179 531 μὴ
2210 461 2366 515 λάϐοι
2402 480 2487 527 τις
2513 463 2614 536 τὴν
2641 464 2802 539 δίκην
2836 470 3096 542 ὑποψίαν,

2020 550 2109 615 Ὠς
2131 553 2291 625 εἰπερ
2320 555 2451 626 ὑμῖν
2484 556 2698 629 ἐκδοθῇ,
2734 561 2833 623 τὰς
2862 562 3021 630 ἀξίας

2002 642 2172 698 Λάθοι
2206 646 2493 716 παρελθὼν
2522 650 2581 702 ὲν
2612 649 2806 721 βραχεί
2834 656 3129 728 τιμωρίας.

1864 733 1971 789 560
2078 738 2187 791 Καί
2217 738 2616 823 μουλογισμῷν
2647 744 2909 811 πολλάκις
2937 751 3276 822 κινουμένων

2002 826 2176 891 Αὐτὸς
2202 831 2324 884 κατ’
2354 832 2593 901 ἐμαυτὸν
2619 834 2904 891 συλλαϐὼν
2929 838 3068 910 ἔφην
3094 842 3222 897 τάδε
3239 860 3255 875 ·

2004 915 2067 968 Ei
2095 915 2197 980 τὰς
2234 919 2293 972 ὲν
2319 919 2542 992 ἄστροις
2565 923 2594 974 ὁ
2620 922 2958 995 Πτολεμαῖος
2984 927 3244 994 ἐκϐάσεις

2006 1006 2116 1059 Καὶ
2147 1008 2285 1079 πρὸς
2312 1009 2375 1063 τὸ
2410 1011 2603 1081 μέλλον
2630 1010 2778 1085 εἶχεν
2802 1016 3213 1091 ὴκριϐωμένας,

2002 1096 2127 1160 Πῶς
2157 1100 2221 1152 οὐ
2255 1100 2679 1172 προεξήγγειλεν
2704 1100 2816 1159 οἷον
2842 1109 2875 1178 ἡ
2903 1108 3065 1177 φύσις

1861 1186 1969 1242 565
2017 1189 2137 1242 Ἐπ’
2171 1192 2420 1261 ἐσχάτων
2451 1194 2637 1264 μέλλει
2670 1214 2729 1250 σε
2760 1201 3050 1271 φωσφόρον
3077 1202 3334 1272 βλέπειν;

2012 1280 2153 1333 Ἀλλ’
2182 1282 2340 1354 εἴπερ
2363 1279 2432 1355 ἦν
2456 1287 2663 1350 ἐκεῖνος
2697 1289 2925 1354 εἰκότως
2954 1292 3065 1362 ἄρα.

2001 1370 2113 1440 Τῆς
2143 1372 2247 1441 γῆς
2273 1374 2673 1445 ὑπερϐαίνοντα
2705 1379 2831 1443 τοὺς
2858 1381 3021 1452 ὄρους
3053 1383 3290 1453 βλέπων,

2000 1460 2201 1531 ’Υμνει
2234 1480 2292 1517 σε
2323 1465 2527 1533 μᾶλλον
2555 1470 2667 1532 τοῖς
2695 1472 3012 1541 μεταρσίοις
3048 1472 3228 1543 λόγοις
3252 1495 3266 1508 ·

1995 1550 2110 1623 Τῆς
2131 1554 2407 1627 ἐκδρομῆς
2438 1557 2495 1611 δὲ
2516 1597 2531 1622 ,
2565 1559 2659 1613 καὶ
2700 1561 2862 1615 πλέον
2890 1563 3000 1618 τῶν
3029 1565 3300 1637 ἀστέρων,

1856 1639 1962 1695 570
2011 1642 2098 1694 Ἐν
2129 1645 2212 1697 σοὶ
2238 1644 2308 1698 τὰ
2335 1647 2506 1702 πολλὰ
2529 1652 2887 1721 προσϐλέπων
2920 1658 3200 1728 κινήματα

1998 1733 2112 1805 Τὴν
2140 1736 2242 1807 σὴν
2275 1737 2586 1810 ἀεικίνητον
2616 1741 2826 1814 ὕμνησε
2857 1745 3050 1817 φρένα,

2003 1825 2196 1880 ¹Ἀλλον
2229 1830 2633 1901 νεουργηθέντα
2662 1838 2779 1899 τοῖς
2817 1837 2970 1891 κάτω
3005 1838 3172 1893 πόλον

1856 2030 2013 2100 quasi
2040 2032 2087 2086 si
2132 2031 2222 2086 ille
2254 2031 2481 2088 traditus
2515 2030 2678 2089 fuerit
2717 2051 2732 2088 :
2770 2036 2981 2094 meritis
3010 2047 3143 2095 tunc
3173 2039 3242 2096 ad
3268 2039 3439 2098 breve

1854 2128 2071 2191 tempus
2092 2122 2228 2176 clam
2250 2138 2311 2177 se
2330 2124 2585 2194 surripiet
2604 2126 2800 2196 pinnis.

1925 2211 2073 2283 (560)
2118 2212 2296 2283 Atque
2338 2228 2440 2284 ego
2496 2216 2667 2272 multa
2723 2233 2872 2289 saepe
2931 2235 3145 2276 mecum
3208 2238 3437 2283 versans

1852 2302 2057 2367 animo,
2086 2316 2284 2372 meque
2317 2305 2454 2358 meis
2483 2305 2770 2363 involvens
2803 2310 2978 2376 curis,
3007 2312 3256 2368 dicebam
3282 2315 3431 2370 talia.

1857 2393 1917 2449 Si
1949 2409 2078 2449 vere
2111 2405 2383 2450 astrorum
2432 2396 2756 2454 Ptolemaeus
2788 2404 3143 2460 excursiones
3170 2406 3334 2462 etiam
3374 2407 3430 2463 in

1853 2484 2097 2540 futurum
2116 2486 2308 2541 habuit
2322 2490 2808 2558 perspectissimas,
2828 2496 3101 2562 quomodo
3110 2511 3219 2551 non
3236 2498 3434 2567 praedi-

1852 2576 1934 2632 xit
1960 2578 2173 2646 qualem
2203 2587 2396 2633 natura
2421 2579 2568 2651 (565)
2598 2590 2873 2650 postremo
2903 2595 3050 2640 esset
3081 2585 3137 2639 in
3173 2595 3225 2642 te
3245 2588 3432 2644 visura

1851 2667 2275 2738 Phosphorum?
2319 2668 2423 2724 Sed
2466 2686 2590 2725 cum
2628 2683 2805 2740 esset,
2857 2682 2919 2730 ut
2974 2676 3219 2745 videtur,
3261 2681 3315 2735 in
3364 2681 3432 2736 iis

1851 2760 2287 2830 contemplandis
2337 2777 2459 2831 quae
2489 2771 2649 2817 terrae
2692 2766 2961 2822 terminos
3012 2772 3428 2834 transcendunt.

1849 2846 2114 2913 intentus,
2148 2858 2201 2904 te
2230 2849 2622 2919 depraedicavit
2652 2853 2970 2911 sublimiore
3009 2859 3181 2930 stylo;
3215 2868 3427 2933 tuaeque
3501 2842 3507 2849 ’

1849 2939 2210 3005 excursionis,
2246 2941 2418 3012 magis
2447 2956 2610 3011 quam
2649 2951 2945 3012 astrorum,
2968 2947 3115 3024 (510)
3144 2951 3329 3007 multis
3365 2967 3428 3009 ac

1851 3030 2125 3098 praeclaris
2152 3031 2311 3102 longe
2344 3032 2590 3102 praevisis
2617 3035 2876 3104 motibus,
2906 3046 3054 3094 tuam
3079 3040 3426 3111 irrequietam

157 3107 504 3176 Chosroam;
552 3109 659 3166 nisi
714 3111 839 3180 quis
888 3120 1071 3167 sumat
1107 3112 1310 3184 justam
1355 3115 1745 3185 suspicionem,
1775 3114 1817 3173 C
1851 3121 2145 3177 celebravit
2190 3132 2454 3189 mentem,
2502 3125 2737 3181 alterum
2777 3127 2968 3186 dicens
3017 3107 3334 3190 renovatum
3360 3133 3424 3190 iri

1692 3303 1924 3362 NOTAE.

234 3458 361 3529 5&3.
401 3458 607 3516 Confer
635 3474 799 3529 supra
838 3477 892 3515 v.
937 3457 1042 3515 182
1077 3466 1133 3513 et
1161 3473 1315 3529 seqq.
1363 3459 1436 3513 De
1478 3458 1655 3514 Pisida
1690 3459 1745 3513 in

156 3526 313 3599 bello
335 3530 635 3587 comitante
674 3526 1004 3594 Heraclium,
1043 3526 1291 3599 quocum
1313 3529 1482 3584 multa
1512 3529 1746 3584 familia-

160 3598 348 3665 ritate,
377 3608 438 3655 ut
462 3601 697 3667 videtur,
733 3598 1202 3670 conjunctus'fuit.

242 3689 369 3746 549.
408 3690 552 3757 Quid
602 3691 754 3748 hisce
798 3690 992 3746 iambis
1040 3689 1170 3744 velit
1198 3688 1404 3755 Pisida,
1453 3705 1565 3744 non
1613 3690 1747 3743 satis

157 3762 354 3839 liquet.
389 3759 614 3839 Verum,
647 3762 701 3814 ni
735 3761 910 3828 fallor,
938 3761 1026 3839 hic
1068 3760 1260 3839 alludit
1293 3761 1359 3839 ad_
1418 3759 1743 3839 severi-ano-

156 3830 293 3901 rum
324 3831 596 3894 haeresim,
623 3847 745 3901 qua:
780 3841 858 3886 tot
903 3831 1103 3901 turbas
1133 3830 1389 3901 excitavit
1424 3830 1486 3901 in
1521 3830 1745 3885 Oriente

156 3910 219 3972 et
249 3900 501 3972 Heraclio
525 3899 828 3972 imperante
856 3901 1035 3956 adhuc
1053 3899 1290 3972 vigebat.
1309 3900 1544 3972 idcirco
1561 3908 1745 3972 autem

159 3971 302 4042 dicit
337 3985 460 4026 esse
505 3969 718 4042 detecta
754 3971 1012 4042 mysteria
1051 3969 1371 4042 iniquitatis,
1403 3969 1548 4040 quod
1577 3969 1746 4022 Hera-

160 4040 326 4101 clius,
350 4049 410 4095 ut
430 4040 645 4109 opinor,
673 4042 777 4096 hoc
799 4038 971 4110 primo
1001 4040 1055 4093 in
1086 4038 1308 4110 Oriente
1332 4038 1531 4095 itinere
1558 4048 1745 4110 aperte.

160 4108 528 4179 deprehendit
578 4108 811 4165 errores
833 4111 978 4179 circa
1037 4109 1352 4179 religionem
1403 4111 1545 4163 inter
1581 4108 1744 4163 Chri-

158 4178 371 4233 stianos
420 4181 764 4236 disseminari
802 4195 833 4234 a
874 4178 1076 4242 Persis,
1128 4178 1190 4232 ut
1229 4178 1457 4234 Romani
1504 4180 1643 4232 inter
1683 4193 1744 4232 se

160 4249 551 4306 dissentientes
574 4265 770 4305 novum
812 4249 1060 4304 Heraclio
1087 4248 1419 4304 facesserent
1443 4248 1737 4318 negotium,

160 4328 221 4390 et
253 4318 555 4390 Romanum
595 4321 881 4390 imperium
922 4333 1034 4373 non
1063 4327 1271 4390 tantum
1314 4320 1563 4390 externis
1579 4334 1741 4386 quam

160 4388 400 4444 internis
427 4388 767 4458 premeretur
790 4388 1166 4443 incommodis.
1199 4388 1353 4454 Quod
1381 4403 1513 4458 sane
1539 4388 1596 4441 lit
1625 4403 1740 4440 ma-

162 4456 445 4513 nifestum
462 4473 530 4512 ex
560 4476 621 4528 v.7
643 4460 714 4513 56
742 4468 798 4512 et
834 4473 986 4527 seqq.
1037 4473 1217 4528 poem.
1249 4468 1434 4528 contra
1464 4456 1740 4528 Severum;

163 4529 260 4583 ubi
302 4528 457 4596 plura
500 4527 660 4583 nobis
690 4535 855 4582 erunt
886 4527 1117 4583 dicenda
1144 4529 1212 4583 de
1242 4527 1347 4583 hoc
1374 4527 1540 4597 impio
1573 4527 1743 4581 haere-

160 4600 400 4654 siarcba.

232 4693 361 4749 551.
400 4690 681 4761 Multiplejx
723 4694 879 4744 error
907 4689 991 4761 vel
1022 4688 1190 4761 hydra
1222 4696 1338 4761 erat
1368 4688 1593 4743 haeresis
1625 4687 1742 4743 Bla-

158 4763 327 4827 netis,
358 4778 479 4833 qua:
520 4758 593 4833 ex
630 4760 919 4833 Persarum
950 4758 1322 4833 deliramentis
1374 4767 1491 4833 orta
1528 4769 1584 4813 et
1633 4761 1741 4833 late

160 4827 453 4905 propagata
490 4832 665 4905 varios
712 4830 891 4905 induit
938 4838 1190 4905 aspectus
1229 4828 1331 4882 sub
1377 4827 1590 4905 Manete
1626 4829 1742 4898 pri-

158 4898 312 4959 inuin
337 4898 477 4973 ipso,
502 4901 699 4973 deinde
719 4901 821 4954 sub
844 4900 1102 4973 Eutyche,
1127 4898 1515 4973 ,dcrnum‘sub
1540 4901 1741 4973 Severo

158 4983 218 5028 et
243 4968 377 5027 aliis
408 4971 711 5027 innumeris
750 4968 1069 5025 earumdem
1098 4968 1339 5024 asseclis.
1374 4969 1446 5022 At
1469 4984 1617 5023 nunc
1650 4969 1740 5022 Pi-

154 5044 280 5099 sida
308 5042 698 5113 hanchydram
726 5056 891 5095 unam
931 5049 1144 5113 tantum
1175 5038 1253 5113 ait
1276 5039 1601 5113 protendere
1623 5054 1742 5093 cer-

156 5115 357 5179 vicem,
390 5107 599 5167 scilicet
644 5125 885 5166 errorem
930 5107 1455 5179 Honopbysilarum.
1498 5110 1740 5164 Chosroa

156 5185 309 5240 vires
336 5191 391 5237 et
425 5183 666 5237 extimum
704 5180 1104 5251 suppeditante.

229 5274 357 5331 555.
394 5273 535 5329 Hinc
565 5273 776 5328 videtur
815 5288 973 5344 posse
998 5270 1190 5344 conjici
1220 5269 1526 5344 Heraclium
1554 5270 1606 5323 in
1636 5272 1741 5344 Ar-

156 5346 341 5403 menia
389 5345 676 5414 degentem
723 5342 849 5399 cum
902 5343 1082 5413 aliquo
1109 5342 1331 5395 doctore
1361 5342 1740 5414 M_onophysi_t_a

157 5430 345 5473 coram
382 5411 560 5470 Pisida
602 5413 940 5483 disputasse;
973 5411 1036 5468 ac
1066 5420 1353 5483 propterea
1392 5411 1626 5465 Pisidam
1659 5411 1742 5465 di-

158 5500 289 5543 cere
340 5501 400 5541 se
438 5484 625 5539 mirari
662 5481 781 5561 _lio_c_
816 5483 1001 5561 hydrae
1041 5481 1237 5561 collum
1259 5495 1382 5561 non
1425 5496 1546 5561 esse
1579 5496 1739 5561 exse-

156 5565 330 5618 ctum,
345 5564 633 5626 postquam
660 5554 717 5609 in
741 5548 1045 5626 Herculem,
1069 5553 1124 5626 id
1146 5559 1232 5626 cst
1259 5548 1598 5626 “grachum,
1612 5551 1741 5605 inci-

154 5619 363 5682 deratf
384 5619 543 5681 Hunc
574 5635 756 5679 autem
793 5624 1070 5679 doctorem
1103 5621 1272 5676 fuisse
1307 5619 1531 5674 Paulum
1567 5621 1738 5676 Seve-

158 5699 399 5760 rianum,
449 5710 686 5767 quocum
738 5693 1020 5767 lleraclius
1058 5691 1356 5767 disputavit
1394 5691 1445 5742 in
1492 5694 1739 5767 partibus

158 5762 564 5825 Armenizefut
600 5774 829 5821 testatur
869 5762 1090 5833 Sergius
1142 5764 1199 5815 in
1248 5776 1346 5815 sua
1395 5763 1621 5830 epistola
1671 5765 1737 5817 ad

1844 3457 2167 3539 Honorium,
2205 3458 2335 3513 alibi
2378 3458 2731 3530 probabimus
2782 3462 2839 3516 in
2883 3461 3088 3521 Monito
3123 3466 3190 3523 ad
3228 3446 3421 3539 poema

1845 3536 2029 3580 contra
2056 3528 2324 3584 Severum.

1814 3636 1821 3641 -
1915 3597 2211 3677 555._Vere
2253 3607 2433 3677 vatem
2462 3599 2589 3677 quis
2644 3600 2794 3657 dicat
2826 3600 3085 3673 Pisidam,
3124 3607 3217 3677 qui
3274 3608 3425 3663 Cho-

1851 3680 1989 3737 sroa:
2014 3668 2223 3721 cladem
2250 3669 2521 3737 praedixit.

2209 3735 2386 3808 δίκην.
2417 3738 2657 3795 Subaudi
2694 3741 2855 3796 κατά.

1914 3805 2039 3887 562.
2063 3806 2274 3887 Claudii
2306 3805 2578 3887 Ptolemaai
2618 3809 2904 3887 Pelusiotae
2935 3828 3121 3887 opera,
3155 3816 3249 3887 qui
3277 3825 3418 3873 tem-

1844 3876 2067 3944 poribus
2096 3876 2166 3930 Μ.
2197 3878 2402 3932 Aurelii
2432 3879 2692 3934 Antonini
2738 3882 2792 3935 in
2835 3876 3197 3941 Alexandrina
3225 3888 3419 3942 acade«

1845 3944 1954 4021 mia
1975 3948 2322 4002 astronomia:
2350 3955 2406 4001 et
2435 3949 2738 4021 astrologiae
2756 3953 2952 4021 studiis
2975 3953 3154 4008 clarus
3177 3958 3421 4021 vivebat,

1842 4016 2059 4071 n0tiora
2091 4025 2245 4088 sunt
2273 4032 2433 4086 quam
2469 4018 2573 4071 dici
2603 4016 2868 4088 oporteat.
2902 4020 3078 4076 Pisida
3122 4024 3209 4078 hic
3233 4016 3419 4079 Alma;

1841 4095 2052 4162 gestum
2084 4087 2307 4162 indicat,
2344 4088 2526 4155 quoin
2564 4087 2706 4162 libro
2736 4089 3059 4145 Ptolemaeus
3095 4108 3193 4162 pro
3218 4094 3304 4148 sui
3332 4096 3417 4149 ina

1842 4155 2237 4230 genii__m_odulo
2274 4166 2504 4230 sy‘stema
2535 4158 2869 4230 planetarum
2893 4155 3139 4230 exponit.

1912 4225 2035 4298 36_5.
2055 4224 2506 4298 Subintelligitnr,
2524 4224 2747 4298 utputo,
2765 4224 2990 4298 χρόνων,
3010 4230 3237 4288 fortasse
3251 4235 3421 4289 etiam

1852 4293 2056 4367 μερῶν,
2081 4294 2248 4364 quod,
2274 4297 2316 4349 si
2346 4293 2540 4367 placet,
2578 4293 2664 4348 ἔπ’
2687 4293 2932 4367 ecﬂier
2976 4304 3295 4358 vertendum
3334 4316 3419 4359 est

1849 4364 1914 4435 a_b
1950 4364 2152 4418 ultimis
2177 4375 2330 4419 teme
2364 4365 2637 4435 partibus;
2677 4364 2828 4435 quasi
2871 4368 3066 4425 Noster
3097 4374 3234 4428 facta
3278 4375 3417 4428 allu-

1777 4442 1820 4498 ι)
1845 4432 2001 4511 sione
2031 4437 2098 4489 ad
2122 4432 2494 4505 expeditiones
2512 4432 2764 4511 lleracl'ii,
2797 4439 2995 4511 quibus
3018 4441 3068 4511 in
3117 4442 3423 4511 penitiores

1852 4503 1994 4559 Asiae
2051 4503 2234 4574 partes
2266 4508 2594 4579 penetravit,
2626 4507 2771 4560 dicat
2803 4503 2922 4577 ejus
2959 4503 3193 4579 regionis
3222 4512 3418 4566 incols

1849 4581 2123 4647 tanquam
2134 4591 2332 4647 novum
2354 4575 2729 4647 Phospltornm
2754 4575 3067 4647 apparuisse
3086 4579 3413 4636 Heraclitum.

1918 4643 2042 4698 568.
2093 4643 2875 4716 Quamvis”diuimultumqtie
2919 4662 3083 4716 opera
3141 4649 3411 4706 Ptolr-mmi

1849 4716 2205 4780 versaverim,
2232 4715 2421 4768 nullibi
2452 4714 2585 4768 mihi
2615 4716 2768 4769 licuit
2790 4714 3052 4771 invenire
3075 4720 3413 4782 vaticinium,

1847 4784 1991 4854 quod
2012 4794 2191 4853 poeta,
2228 4800 2387 4853 quam
2422 4783 2558 4837 belle
2602 4787 2762 4854 plane
2788 4787 2994 4848 nescio,
3029 4788 3120 4842 sed
3148 4798 3326 4844 tamen
3360 4791 3416 4844 in

1848 4852 2156 4909 Heraclium
2192 4852 2467 4923 transfert.
2500 4852 2681 4923 Itaque
2725 4866 2819 4909 aut
2845 4857 3180 4913 intercidisse
3214 4859 3413 4923 locum,

1849 4924 1915 4999 ad
1942 4940 2103 4993 quem
2125 4924 2317 4999 alludit
2340 4922 2852 4999 Pisida,_dic_cndum
2877 4935 2980 4987 est,
3012 4937 3105 4981 aut
3123 4943 3245 4983 esse
3258 4929 3418 4999 ejus-

1846 4994 1970 5046 dem
1995 5009 2061 5048 ex
2087 4995 2409 5063 quibusdam
2432 4993 2619 5063 verbis
2651 4995 3210 5063 interpretamentum.
3240 4993 3417 5053 C(ete-

1848 5077 1967 5116 rum
1999 5078 2068 5118 ne
2099 5062 2318 5133 prorsus
2341 5062 2672 5133 ἀσύμϐουλοι
2701 5062 2828 5133 hinc
2854 5064 3215 5130 discedamus,
3260 5069 3419 5123 detur

1848 5080 1967 5116 rum
1999 5080 2068 5118 ne
2099 5080 2318 5133 prorsus
2341 5080 2672 5184 ασυῒιηουλοι
2701 5080 2828 5118 mnc
2854 5080 3215 5130 discedamus,
3260 5080 3419 5123 detur

1847 5134 2180 5201 conjectura:
2234 5133 2404 5186 locus.
2476 5142 2634 5202 taque
2683 5132 2763 5186 sic
2800 5134 3051 5188 hariolor.
3096 5135 3421 5191 Ptolemams

1847 5216 1973 5272 eum
2028 5207 2201 5272 plane
2242 5210 2493 5255 nosceret
2528 5213 2792 5272 quantum
2838 5212 3050 5258 veteres
3096 5209 3420 5271 astronomi,

1846 5271 2124 5337 Eudoxus,
2166 5271 2574 5333 Eratosthenes,
2623 5271 2908 5337 Geminus,
2944 5272 3185 5332 Marinus
3222 5287 3280 5332 et
3306 5277 3418 5340 alii,

1848 5342 2064 5417 interse
2085 5344 2189 5417 disi
2208 5355 2362 5417 arent
2384 5342 2438 5417 in
2462 5343 2632 5417 palari
2658 5342 2811 5417 stella
2836 5343 3160 5417 definienda,
3186 5363 3288 5403 nec
3308 5349 3425 5417 ipse

1847 5413 2077 5480 alicujus
2104 5412 2348 5481 opinioni
2378 5412 2535 5465 facile
2561 5413 2942 5476 asscntiretur,
2969 5414 3198 5472 fortasse
3220 5412 3419 5473 alicubi

1846 5483 1984 5557 dixit
2014 5482 2129 5536 fore
2170 5492 2385 5557 tempus
2409 5497 2519 5550 quo
2568 5482 2727 5557 polus
2755 5483 2910 5549 alter,
2946 5500 3009 5557 ac
3061 5487 3221 5557 plane
3256 5489 3325 5542 ab
3354 5502 3424 5542 eo

1846 5554 2094 5628 diversus
2124 5553 2213 5619 qui
2252 5560 2380 5606 tunc
2410 5566 2532 5628 esse
2564 5552 2858 5628 ferebatur,
2888 5552 3195 5626 sapientum
3216 5558 3423 5628 judicio

1810 5617 2266 5676 ‘intcr'lmmines
2288 5623 2715 5696 consanentur:
2742 5617 2885 5696 Qum;
2903 5617 3269 5696 conjecturam
3297 5643 3429 5681 con-

1848 5696 2059 5768 firmare
2090 5702 2329 5768 possent,
2363 5692 2563 5768 videsis
2593 5692 2647 5747 in
2686 5691 2889 5749 Petavii
2931 5691 3244 5768 UrauoIOgio
3296 5697 3418 5750 bis-

1846 5772 1971 5816 serl.
2014 5763 2130 5815 γυνη
2160 5801 2174 5826 ,
2219 5763 2311 5816 lib.
2343 5779 2422 5817 ιιι.
2451 5778 2500 5818 c.
2535 5762 2567 5815 4
2591 5771 2646 5816 ct
2675 5778 2827 5834 seqq.

2971 5877 3105 5890 καθ-..ι

3319 356 3453 433 1254
3542 367 3548 371 ’
