3848 6342
421 375 562 441 12το
1744 384 1940 446 GEOR

2156 387 2398 447 ’ISID.E
3568 381 3675 445 (Ν

419 471 524 523 Ξόἰι
577 472 1054 542 ’.ιντεστρατήγεις
1082 471 1142 535 ἐξ
1164 472 1326 526 ἀθλου
1351 473 1576 544 καρδίας
2030 486 2071 537 Α
2102 478 2207 532 255
2247 478 2370 530 Οὐδ’
2401 470 2535 543 αῦγε
2569 473 2775 546 μητρὸς
2803 471 3134 544 ἐξενεύρωσε
3171 471 3333 534 πόθος

568 564 688 626 'l‘ui;
715 563 1043 633 ἀντιτέχνοις
1071 564 1180 616 τῶν
1206 563 1432 632 ἀγώνων
1461 566 1731 636 ὀργάνοις.
2244 567 2466 638 Μικράν
2494 568 2800 635 παρασχεῖν
2826 563 2919 618 τοῦ
2946 565 3140 633 χρόνου
3173 564 3522 632 προθεσμίαν
3540 579 3556 594 ·

564 654 728 720 Τόξον
752 647 1024 727 γάρέῐχες
1053 655 1147 709 τοῦ
1179 655 1317 708 Θεοῦ
1349 657 1448 727 τὴν
1480 658 1669 710 ἐλπίδα
2244 660 2365 713 Οὐδ’
2394 657 2704 712 ἀντανεῖλεν
2739 657 2903 711 αὑτὸν
2934 656 3174 726 ἔμφυτος
3207 655 3301 725 βία

567 748 887 818 Ίόμὼτερον
911 749 1213 819 τρέχουσαν
1251 751 1540 818 ἀστραπῆς
1571 750 1790 820 τάχους,
2247 751 2469 804 Τέκνων
2498 749 2795 811 τοσούτων,
2826 748 2947 800 οῦδέ
2979 746 3231 817 σώματος
3267 746 3419 816 μάχη

571 839 817 909 Πύργους
846 839 902 892 δέ
931 841 1114 892 πίστιν
1145 840 1240 891 καὶ
1270 839 1399 910 βέλη
1427 840 1499 893 τὰ
1527 841 1736 912 δάκρυα
2247 840 2567 910 Κουφισμδν
2602 840 2782 910 εὑρεῖν
2813 836 3039 901 ἀξιοῦσα
3068 836 3176 888 τῶν
3208 837 3412 889 πόνων.

423 931 459 983 2
479 933 530 982 L0
570 930 676 982 Καὶ
700 928 810 998 πῦρ
834 927 894 982 τὸ
918 928 1143 998 Πνεῦμα
1163 946 1176 959 ·
1205 931 1299 984 καὶ
1321 930 1564 1000 χελώνας
1588 933 1830 1002 εἰργάσω
2105 933 2212 988 260
2262 932 2402 986 Ἀλλ’
2434 930 2796 992 ἀναπαύστως
2825 930 2884 982 ἐν
2912 928 3063 999 μέσῳ
3092 927 3202 980 τῶν
3233 926 3562 998 Βαρϐάρων,

572 1021 702 1072 Γόνυ
729 1018 1022 1088 προκλίνας
1045 1021 1136 1074 καὶ
1163 1022 1350 1085 καθεὶς
1371 1005 1462 1075 τὸν
1480 1023 1710 1092 αὐχέναι
2259 1024 2346 1087 Ὣς
2377 1024 2460 1086 είς
2489 1020 2732 1084 ἀκάνθας
2763 1019 3216 1090 ἐμπεπλεγμένον
3243 1020 3424 1090 ῥόδον,

571 1110 678 1161 Καὶ
699 1108 821 1171 τοὺς
846 1112 1182 1179 στεναγμοὺς
1204 1113 1558 1181 ἀντιπέμπων
1577 1113 1652 1176 ὡς
1673 1113 1854 1177 λίθους
2251 1114 2362 1167 Καὶ
2394 1113 2523 1183 πρὶν
2551 1112 2618 1165 δι’
2643 1113 2795 1182 ἡμᾶς
2831 1110 3108 1182 Περσικὴν
3141 1111 3309 1163 κινῶν
3341 1111 3551 1181 μάχην.

573 1204 712 1264 Tob;
734 1202 1161 1273 πετροπομποὺς
1184 1201 1446 1273 έστρεφες
1468 1203 1576 1257 τῶν
1598 1204 1921 1275 Βαρὸάρων.
2253 1204 2422 1258 Πάλιν
2450 1203 2518 1257 δι’
2547 1204 2696 1274 ἡμᾶς
2719 1202 2957 1273 ψυχικὴν
2985 1197 3096 1271 εἶχε
3131 1201 3310 1271 μάχην
3329 1217 3343 1231 ·

643 1295 754 1348 Καὶ
779 1292 950 1346 ταῦτα
979 1293 1075 1363 μὲν
1095 1292 1159 1363 δὴ
1187 1293 1380 1363 μικρὸν
1401 1293 1629 1365 ὕστερον
1654 1296 1816 1350 πάλιν
2255 1296 2365 1349 Καὶ
2395 1297 2518 1357 ταῖς
2554 1295 2644 1348 ἐπ’
2675 1293 2842 1363 ἄμφω
2871 1292 3204 1364 προσϐολαῖς
3228 1291 3583 1361 ἐσιριγμένος,

432 1385 540 1438 245
579 1381 703 1453 Εἶχε
732 1384 852 1438 κατ’
875 1385 1085 1457 ἐχθρῶν
1107 1386 1514 1458 ἐμφανέστερον
1537 1387 1730 1458 πέρας.
2114 1388 2219 1442 265
2269 1387 2454 1454 Ἀψεὶς
2477 1386 2567 1438 τὸν
2595 1386 2781 1453 ἐγγὺς,
2818 1381 2930 1454 εἶχε
2953 1385 3046 1438 τὸν
3074 1384 3294 1454 μακράν
3324 1384 3507 1436 πόνον.

577 1476 652 1528 Οὐ
679 1474 784 1546 μὴν
813 1477 1065 1544 παρεῖδεν
1092 1478 1125 1548 ὴ
1147 1476 1440 1546 τομωτάτη
1465 1477 1629 1545 φύσις
2267 1477 2727 1546 Ἐντεῦθενήμᾶς
2752 1478 2816 1545 τῇ
2849 1476 2991 1546 φορᾷ
3014 1475 3126 1526 τῶν
3156 1474 3508 1544 γραμμάτων

593 1564 771 1618 Ἀπὼν
796 1567 1047 1634 παρεῖναι
1067 1568 1179 1628 τοῖς
1205 1565 1386 1628 πόνοις
1411 1566 1438 1616 ὁ
1462 1567 1749 1638 δεσπότης,
2271 1568 2700 1635 ’Υπεξανῆπτεν,
2732 1562 2820 1620 οἶα
2856 1566 2968 1638 πῦρ
3000 1566 3320 1633 ἀναγκάσσν

596 1656 733 1709 Ἀλλ’
759 1658 837 1720 είς
862 1656 1112 1710 τοσοῦτον
1134 1659 1298 1725 ἐγγὺς
1320 1653 1388 1727 ἦν
1411 1658 1520 1710 τῶν
1545 1661 1838 1728 φροντίδων
1887 1699 1894 1706 .
2271 1662 2325 1714 Ἀ
2337 1661 2576 1731 ργοῦσαν
2606 1660 2741 1731 ὓλην
2772 1657 3146 1736 ἐκπυροῦσθαι
3177 1655 3314 1726 πρὸς
3343 1652 3546 1723 φλόγα,
3789 1652 3793 1758 "

587 1749 748 1802 Ὅσον
785 1747 987 1818 μεταξὺ
1009 1748 1118 1801 τῶν
1139 1750 1320 1801 τόπων
1345 1748 1629 1832 ἀφίστατο.
2262 1752 2486 1814 Πυκνῶς
2518 1752 2756 1805 κελεύων
2783 1750 3043 1820 ἀσφαλεῖς
3077 1749 3174 1819 μὲν
3198 1747 3298 1810 τὰς
3324 1745 3516 1814 βάσεις
3791 1745 3795 1832 Ἰ

443 1840 545 1894 256
589 1841 727 1910 Ἤδη
751 1839 860 1912 γὰρ
884 1836 994 1910 εἷχε
1019 1842 1171 1911 τρεῖς
1195 1840 1332 1893 ἐτῶν
1357 1831 1720 1912 περιδρόμους
2120 1845 2226 1899 2Το
2264 1844 2375 1906 Τάς
2403 1845 2540 1911 πρὸς
2570 1844 2628 1896 τὺ
2655 1846 2833 1913 τεῖχος
2860 1840 3224 1912 εὐτρεπίζειν,
3252 1839 3330 1900 ὡς
3363 1837 3498 1900 ἔδει,
3795 1874 3797 1890 ι

589 1934 988 2000 Καταστρατηγ
1004 1950 1069 1984 ιιν
1093 1932 1189 2002 τῆς
1215 1932 1455 2001 ἀθέσμου
1481 1934 1743 2003 Περσίδος
2267 1934 2488 1998 Κτίζειν
2518 1935 2574 1987 δέ
2598 1934 2825 2005 πύργων
2854 1932 3094 2002 ἐκφορὰς
3128 1929 3478 2000 ὑπαιθρίους,

605 2022 822 2086 Ἐκδούς
842 2040 900 2076 τε
920 2023 1012 2077 τόν
1032 2025 1156 2076 νοῦν
1181 2026 1260 2088 είς
1286 2025 1600 2095 ἀμηχάνους
1621 2025 1810 2090 τόνους
1830 2043 1844 2058 ·
2264 2025 2562 2096 Φραγμούς
2589 2043 2649 2078 τε
2683 2027 2880 2088 ποιεῖν,
2912 2025 3005 2077 καὶ
3032 2021 3426 2090 πεπηγμένους
3457 2017 3654 2077 πέλοις

594 2117 690 2166 "Ov
715 2113 839 2167 οὕτε
869 2114 1074 2185 χειμὼν
1104 2116 1402 2186 καυστικὴν
1431 2114 1570 2186 ἔχων
1596 2115 1744 2180 ζέσιν
2269 2117 2780 2186 Προσαντιδάλλειν,
2815 2117 2908 2170 καὶ
2937 2116 3156 2168 πλέκειν
3179 2113 3359 2181 τεῖχος
3387 2111 3537 2173 νέον,

593 2206 816 2260 Ἐπεισε
848 2205 1033 2261 δοῦναι
1063 2211 1173 2271 τοῖς
1202 2207 1406 2276 ἀγῶσιν
1434 2206 1652 2280 ἀργίαν,
2062 2219 2104 2273 Β
2273 2206 2478 2269 Πολλάς
2511 2223 2568 2259 τε
2602 2209 2773 2259 ποιεῖν
2797 2205 3024 2270 τοξοτῶν
3051 2221 3113 2257 τε
3139 2201 3234 2256 καὶ
3262 2199 3429 2253 λίθων

461 2388 756 2457 Virginem,
782 2407 903 2461 quae
927 2391 1022 2446 tibi
1051 2391 1196 2461 quod
1228 2400 1346 2445 erat
1367 2389 1608 2448 futurum
1647 2399 2031 2463 prtemonstra-
2131 2407 2311 2463 neque
2346 2389 2523 2443 hiems
2573 2398 2821 2444 urentem
2866 2385 3048 2441 ferens
3098 2385 3354 2454 spiritum
3408 2383 3590 2440 suasit
3619 2399 3708 2434 un-

455 2480 566 2534 bat.
600 2479 748 2536 lianc
781 2494 957 2538 tecum
987 2483 1194 2537 habens
1225 2483 1291 2538 de
1312 2499 1463 2538 more
1488 2484 1609 2538 belli
1633 2485 1834 2538 sociam
1860 2483 2030 2551 (235),
2132 2499 2292 2553 quam
2322 2491 2381 2535 ut
2410 2487 2651 2534 cessaret
2697 2494 2726 2532 a
2753 2477 2975 2548 prteliis,
3012 2477 3158 2548 (255)
3212 2492 3315 2531 nec
3369 2475 3570 2529 matris
3617 2488 3705 2525 un-

456 2589 520 2627 ex
541 2582 634 2635 tuo
662 2575 912 2646 pugnasti
939 2591 1048 2631 non
1079 2577 1494 2633 terreno-corde
1528 2593 1650 2631 cum
1689 2578 2027 2631 instrumcn-
2133 2590 2296 2646 quam
2334 2572 2496 2642 fregit
2548 2571 2901 2636 desiderium,
2957 2580 3017 2624 ut
3061 2570 3224 2623 citius
3273 2568 3594 2638 praestituto
3631 2563 3708 2617 die

460 2663 531 2717 tis
563 2663 630 2717 iis
664 2665 936 2719 similibus
986 2667 1120 2721 artis
1150 2668 1376 2722 bellicae.
1431 2668 1549 2721 Tibi
1593 2667 1738 2721 enim
1781 2676 1898 2721 erat
1937 2681 2035 2736 pro
2138 2667 2361 2721 rediret.
2409 2663 2526 2719 Non
2558 2664 2708 2718 illum
2738 2663 2966 2718 dimovit
3012 2662 3175 2728 insita
3231 2660 3317 2714 vis
3358 2659 3571 2712 amoris
3599 2673 3712 2726 ergo

461 2753 568 2807 telo
591 2754 643 2806 in
680 2755 850 2809 Deum
888 2756 1104 2822 ﬁducia,
1143 2758 1305 2812 citius
1335 2745 1562 2812 currens
1593 2758 1803 2828 fulgore
1829 2758 2032 2824 veloci;
2137 2759 2272 2813 tales
2296 2757 2453 2821 ﬁlios,
2482 2771 2659 2824 neque
2683 2755 2926 2824 corporis
2947 2753 3278 2807 conflictatio
3307 2752 3567 2806 levamen
3598 2751 3716 2804 dare

461 2859 564 2913 pro
595 2846 731 2898 turri
764 2846 918 2910 ﬁdes,
952 2848 1264 2916 projaculis
1293 2850 1562 2920 lacrymar,
1608 2849 1754 2920 (240)
1787 2865 1886 2919 pro
1916 2850 2037 2920 igne
2087 2846 2095 2852 ’
2137 2848 2428 2903 consulens
2461 2847 2760 2901 laboribus.
2799 2845 2943 2914 (260)
2969 2845 3075 2900 Sed
3103 2843 3482 2898 mediosinter
3508 2842 3716 2910 requie-

462 2935 729 3004 spiritus;
784 2938 1088 2993 testudines
1145 2956 1276 2994 vero
1324 2940 1499 2995 fecisti
1541 2941 1810 2996 inclinans
1863 2957 2059 3012 genua.
2139 2955 2299 2994 seens
2345 2939 2632 2998 Barbaros,
2669 2937 2834 2991 veluti
2866 2952 2986 2991 rosa
3033 2935 3483 3004 circumimplexa
3532 2932 3718 3002 spinis,

463 3037 519 3081 et
559 3028 870 3098 deprimens
919 3031 1231 3098 cervicem;
1287 3032 1518 3102 suspiria
1565 3048 1696 3087 vero
1749 3034 2035 3098 emittens,
2139 3031 2230 3100 qui
2262 3031 2373 3100 jam
2405 3045 2506 3099 pro
2541 3029 2699 3083 nobis
2738 3028 3014 3082 Persicum
3048 3036 3295 3081 moverat
3327 3025 3567 3088 bellum,
3595 3024 3716 3076 alte-

464 3116 633 3171 veluti
667 3117 884 3186 fundas,
915 3134 1042 3174 saxa
1069 3121 1336 3192 iacientes
1359 3122 1626 3178 Barbaros
1657 3125 1925 3179 evertisti.
2141 3139 2260 3176 rum
2317 3136 2416 3192 pro
2468 3120 2626 3175 nobis
2685 3119 2877 3190 spiritu
2930 3117 3100 3186 gessit
3154 3117 3380 3176 bellum,
3436 3123 3498 3173 et
3528 3113 3722 3182 duplici

536 3210 712 3280 Atque
742 3211 1108 3282 haecquidem
1141 3230 1250 3269 non
1281 3216 1450 3270 multo
1476 3225 1597 3286 post
1631 3215 1852 3281 iterum,
1881 3215 2035 3286 (245)
2142 3213 2395 3282 utrinque
2423 3211 2751 3266 constrictus
2794 3211 3034 3281 periculo
3074 3209 3247 3278 (265),
3280 3222 3531 3278 praesens
3567 3205 3725 3260 dimi-

466 3301 598 3372 quid
640 3303 694 3356 in
738 3303 924 3359 hostes
956 3306 1188 3375 possint,
1207 3308 1406 3362 clarius
1431 3309 1843 3378 comprobatum
1869 3309 2039 3363 exitu.
2143 3307 2234 3370 sit,
2267 3319 2453 3358 curam
2484 3304 2674 3358 habuit
2703 3303 2769 3358 de
2800 3311 3028 3357 retnoto.
3051 3300 3256 3354 Exinde
3286 3301 3404 3352 suis
3433 3299 3526 3351 ille
3553 3296 3726 3350 missis

470 3393 539 3448 At
573 3409 680 3448 non
715 3410 846 3450 sane
874 3397 1112 3468 neglexit
1142 3399 1408 3454 acerrimo
1456 3415 1555 3454 suo
1585 3399 1804 3471 ingenio
1829 3400 1913 3454 vel
1949 3400 2044 3454 ab-
2145 3396 2340 3451 litteris
2370 3411 2470 3450 nos
2493 3395 2796 3460 succendit,
2827 3379 2888 3450 ut
2917 3395 3076 3466 ignis,
3108 3393 3202 3462 qui
3237 3392 3384 3461 cogit
3410 3391 3567 3444 arida
3585 3389 3724 3459 ligna

468 3501 596 3541 sens
644 3487 836 3543 adesse
868 3488 1144 3545 laboribus
1174 3492 1421 3561 despota.
1474 3490 1582 3546 Sed
1635 3500 1846 3546 tantum
1876 3506 2044 3561 prOpe
2145 3488 2326 3543 statim
2354 3487 2623 3541 ﬂammam
2659 3487 2981 3554 concipere:
3021 3501 3132 3539 non
3168 3483 3338 3538 semel
3371 3481 3647 3536 mandans
3673 3491 3729 3531 ut

471 3579 661 3634 aderat
691 3580 939 3636 sollicitis
967 3581 1152 3647 rebus,
1193 3593 1456 3652 quantum
1490 3571 1776 3638 intervallo
1800 3583 1985 3636 aberat
2015 3597 2045 3636 a
2147 3593 2409 3634 aScensus
2437 3578 2614 3632 securi
2646 3577 2790 3647 (270)
2820 3576 2886 3630 ad
2917 3575 3114 3630 moenia
3157 3583 3518 3643 apparentur,
3573 3570 3724 3625 sicuti

471 3671 624 3725 locis.
646 3672 790 3739 (250)
813 3670 932 3725 Jam
963 3673 1110 3726 enim
1132 3675 1294 3728 trium
1328 3689 1592 3728 annorum
1608 3675 1867 3729 circulum
1895 3692 2046 3731 com-
2076 3663 2118 3720 C
2150 3684 2233 3725 est
2263 3685 2510 3732 necesse,
2549 3679 2841 3736 turresque
2886 3667 3226 3722 aediﬁcentur
3266 3662 3649 3732 exportanda,
3679 3671 3725 3712 et

471 3762 714 3831 pleverat
769 3763 822 3816 in
865 3763 1142 3818 militando
1193 3774 1380 3820 contra
1410 3765 1699 3821 nefandam
1741 3766 2040 3835 Persidem,
2152 3762 2290 3816 valla
2326 3761 2476 3826 ﬁant,
2517 3770 2572 3815 et
2610 3760 2878 3830 compat‘li
2946 3758 3049 3828 P3“
3093 3766 3282 3811 contra
3327 3754 3616 3817 δῖειθιιιιπν
3679 3763 3730 3806 εί

473 3847 527 3900 in
560 3845 615 3900 id
649 3845 970 3902 incumbens
1005 3847 1204 3903 invicta
1249 3850 1415 3904 animi
1467 3851 1836 3905 contentione.
1891 3853 2043 3906 Illum
2151 3852 2428 3928 muniatur
2481 3868 2669 3907 murus
2709 3865 2901 3906 novus.
2951 3848 3133 3903 Multa:
3170 3861 3300 3901 vero
3337 3844 3474 3899 ﬁant
3514 3845 3582 3898 ad
3639 3859 3727 3897 ro-

542 4094 648 4150 ειη
675 4093 883 4156 πλοκὰς
912 4091 952 4145 Ρ
1050 4063 1063 4077 ⁸
1774 4027 2008 4082 VARle
2048 4025 2453 4082 LECTIUNES.

1985 4189 2214 4247 ΝΟΤᾹΞ.

481 4345 672 4471 ωῗὲθ.
691 4346 893 4406 Confer
913 4362 1208 4423 sequentes
1227 4366 1420 4408 versus
1437 4368 1560 4408 cum
1581 4351 1777 4407 iambis
1799 4349 2056 4405 llexaem.
2498 4352 2799 4477 s'igpislgcet;
2834 4351 2887 4407 id
2935 4351 3081 4422 quod
3115 4348 3358 4421 apertius
3391 4342 3652 4415 exprimit
3683 4342 3732 4393 in

551 4487 676 4562 ᾗῇ.
708 4490 1152 4562 ῌετροπομποὺς.
1171 4491 1492 4562 funditores,
1518 4491 1742 4562 ιιπέτρα
1760 4499 1815 4544 et
1836 4489 2054 4559 πέμπω.
2227 4491 2355 4546 255.
2390 4481 2563 4546 Mater
2614 4492 2866 4556 Heraclii,
2918 4501 3057 4547 teste
3090 4489 3451 4562 Theophane,
3503 4501 3562 4553 p.
3604 4481 3736 4562 25ον

552 4559 678 4633 245.
721 4553 1490 4633 Exitum'auspicatissimum
1523 4553 1824 4616 obtinuisse
1871 4553 2060 4629 preces
2158 4563 2453 4633 vocabatur
2496 4563 2817 4633 Epiphania.
2853 4553 2924 4618 Ea
2959 4563 3116 4633 Cpoli
3143 4553 3392 4633 degebat.
3432 4570 3560 4609 eum
3585 4553 3740 4633 filius

481 4626 654 4702 εει*κῇ
703 4630 1039 4702 demonstrat
1076 4625 1231 4702 poeta
1261 4649 1311 4702 ι’.
1341 4631 1462 4686 566.
1871 4625 1887 4629 “
2159 4630 2438 4702 lleraclius
2483 4625 2716 4702 primum
2757 4651 2820 4688 ex
2872 4625 3050 4688 Africa
3103 4625 3419 4702 Byzantium
3471 4625 3644 4680 venit.
3685 4631 3740 4673 ut

553 4699 677 4754 246.
711 4699 1012 4773 lleraclium
1045 4699 1097 4754 in
1137 4701 1806 4773 Persidecommorantem
1841 4709 1894 4754 et
1924 4715 2046 4753 cum
2156 4701 2388 4756 Phocum
2411 4699 2695 4773 tyrannum
2723 4720 2888 4773 regno
2910 4699 3244 4773 exturbaret.
3261 4699 3453 4773 _l‘boca_
3475 4708 3744 4773 τρι-οπεο-

485 4770 755 4824 Chrosroa
789 4770 1134 4824 dimicantem
1167 4771 1232 4824 de
1268 4771 1408 4825 bello
1437 4772 1668 4826 Abarico
1708 4785 1892 4823 curam
1927 4786 2048 4824 sus-
2157 4780 2292 4826 trem
2309 4765 2688 4827 cum'liudoxia
2723 4765 2888 4828 nx'ore
2919 4772 3148 4827 Heraclii
3176 4771 3232 4823 in
3260 4766 3530 4837 imperiali
3553 4765 3740 4837 morta-

486 4841 884 4912 CEPiSSeLsOlus
912 4841 1318 4912 prodit_Pisida.
1730 4909 1742 4912 _
2156 4837 2495 4912 sterioNovae
2513 4843 2850 4898 Pumitentire
2874 4844 3162 4912 diligenter
3180 4833 3543 4912 asservandas
3571 4833 3744 4912 inclu-

555 4905 680 4966 250.
709 4905 1054 4964 Concordant
1081 4909 1440 4978 Theophanes
1471 4918 1526 4964 et
1561 4909 1896 4979 Nicephorus
1925 4924 2046 4962 cum
2087 4957 2131 4979 η
2156 4913 2244 4965 sit.
2279 4911 2640 4967 Nihilominus
2663 4914 2846 4968 multis
2870 4905 3049 4967 adhth
3082 4911 3238 4966 annis
3270 4905 3638 4979 Epiphaniam
3664 4905 3742 4979 vi-

492 4990 678 5035 nostro
710 4981 764 5035 in
798 4981 1025 5048 hujusce
1062 4981 1184 5034 belli
1215 4957 1429 5034 Abariri
1461 4981 1666 5049 epocha
1691 4957 2046 5049 tdesignanda.
2087 4957 2132 5015 ί)
2157 4979 2296 5035 sisse
2323 4998 2422 5036 nos
2447 4957 2639 5036 monet
2653 4957 2851 5037 l’isidav.
2883 4957 3101 5036 Similes
3134 4957 3334 5035 versusI
3351 4957 3536 5046 legere
3575 4985 3660 5027 est
3689 4973 3742 5025 in

492 5051 692 5126 Omnes
726 5047 953 5126 enimid
1000 5047 1862 5126 contigisse_testantur_aunq_l6
1893 5047 2058 5101 Hera-
2161 5050 2464 5126 [Iov-gelidai.
2500 5070 2537 5116 ι,
2571 5053 2670 5126 165
2704 5062 2758 5106 et
2789 5053 2866 5126 De
2893 5054 3073 5122 cxped.
3105 5049 3336 5126 ut,_l2ﬁ.

492 5122 601 5173 clii.
647 5120 923 5176 "erat-lius
967 5115 1454 5190 autem'profectus
1481 5121 1646 5174 estin
1689 5115 1868 5190 Asiani
1914 5133 2058 5190 anno
2143 5187 2152 5190 _
2225 5123 2349 5176 258.
2400 5115 2585 5176 Plures
2635 5123 2743 5189 jam
2797 5115 3051 5176 ﬁlios'ex
3105 5115 3630 5190 Endocia‘primum
3682 5128 3746 5190 ac

496 5191 707 5258 nnperii
733 5193 815 5244 sui
864 5190 948 5252 l2,
981 5185 1393 5261 mense'lllartiu
1427 5190 1726 5244 secundum
1767 5188 2057 5261 Theopha-
2142 5187 2353 5246 'deinde
2411 5208 2474 5246 ex
2520 5185 2744 5246 Martina
2788 5200 3101 5261 susceperat
3150 5188 3478 5261 lleraclius._
3513 5201 3642 5239 cum
3689 5185 3742 5235 in

497 5256 642 5331 netu,
691 5261 981 5331 velgAprili
1015 5261 1312 5315 secundum
1355 5260 1641 5314 Chrouiron
1693 5257 1957 5328 paschale.
1992 5257 2061 5331 At
2159 5262 2438 5316 Orientem
2469 5263 2742 5331 profectus
2783 5273 2888 5325 est,
2918 5256 3054 5331 quos
3103 5256 3482 5331 tatucn‘tjpoli
3525 5269 3742 5310 reman-

498 5328 696 5382 bellum
749 5329 1034 5400 Abaricuut
1092 5347 1282 5384 mense
1322 5331 1464 5385 Julio
1513 5326 1702 5384 tribus
1739 5336 1859 5400 post
1905 5329 2062 5400 annis
2159 5331 2297 5385 sisse
2324 5326 2499 5400 prodit
2535 5331 2826 5386 Chronico"
2856 5326 3032 5400 pusrh.
3073 5331 3194 5399 (col.
3227 5326 3407 5400 1002).

497 5407 678 5450 actum
710 5409 791 5452 est
831 5415 842 5450 :
872 5398 1051 5466 itaque
1083 5401 1124 5452 si
1163 5417 1191 5454 a
1217 5401 1550 5470 profectione
1586 5395 1816 5470 I‘Ieraclii
1839 5414 1902 5452 ex
1929 5398 2062 5451 urbe
2231 5395 2354 5456 266.
2410 5401 2484 5456 De
2515 5403 2664 5457 hisce
2695 5395 2888 5456 litteris
2919 5395 3300 5456 nulla‘mentio
3344 5395 3490 5466 apud
3517 5403 3746 5450 exteros

502 5476 714 5536 tempus
752 5477 1035 5535 supputes,
1070 5481 1215 5525 recte
1271 5471 1471 5526 dixisse
1519 5470 1750 5524 Pisidam
1796 5469 2062 5529 invenies,
2165 5472 2473 5526 historicos.

498 5537 586 5610 qui
618 5553 794 5592 annos
820 5537 1061 5606 tresjam
1083 5541 1325 5610 exegisse
1353 5543 1736 5610 imperatorem
1766 5540 1818 5593 in
1847 5537 2068 5591 Perside
2233 5542 2358 5596 273.
2416 5543 2558 5596 Inter
2604 5558 2789 5597 muros
2823 5541 2974 5595 urbis
3021 5539 3121 5610 fuit
3173 5537 3294 5610 qui
3323 5537 3517 5594 Murus
3563 5537 3747 5592 Novus

498 5608 748 5662 afﬁrmat.
1189 5607 1208 5610 “
1435 5607 1445 5610 ⁷
2165 5612 2452 5666 diceretur.
2496 5613 2754 5666 Eumdem
2784 5628 2904 5666 esse
2929 5627 2993 5665 ac
3030 5607 3498 5672 Theodosiacutn,
3551 5611 3682 5677 quia
3715 5623 3745 5660 α

569 5679 693 5732 255.
737 5677 978 5733 lliemem
1013 5687 1259 5734 urentem
1293 5679 1667 5748 ὑπερϐολικῶς
1701 5679 1849 5740 dicit,
1890 5687 1948 5732 ut
2003 5677 2069 5732 ad
2169 5682 2475 5736 Theodosio
2499 5681 2722 5736 Juniore
2738 5697 2882 5735 attno
2908 5681 3340 5735 Moexstructus
3360 5689 3444 5731 est
3471 5688 3527 5731 et
3560 5689 3744 5746 postea

499 5762 694 5821 mnam
721 5765 889 5818 usque
911 5750 1142 5804 mediam
1165 5751 1278 5804 sive
1307 5751 1584 5814 torridam,
1615 5767 1779 5819 quam
1805 5767 1870 5802 ex
1903 5749 2071 5801 nituio
2169 5752 2372 5821 plurics
2442 5752 2800 5812 instauratus,
2857 5753 3047 5805 suadet
3107 5749 3396 5821 Chronicon
3457 5749 3740 5821 paschale.

505 5819 682 5874 calore
731 5821 1138 5876 inhubitabilcm
1192 5830 1448 5890 putarunt
1500 5818 1727 5885 veteres,
1759 5829 2072 5887 penetrasse
2173 5818 2296 5891 (vol.
2339 5823 2490 5890 1006)
2519 5822 3065 5876 narransinadvcntu
3092 5819 3327 5889 tilmgaui
3354 5820 3567 5887 cqltilt‘s
3585 5818 3743 5882 pcdic
