3848 6342
85 371 237 437 19.Ξὲ
1355 369 1660 430 BELLUM
1697 419 1698 424 η

1787 369 2107 430 ἈΒΙΕΠΜ.

78 489 200 542 ’ἐπὶ
245 479 710 553 Ταχυδρομούσας
743 478 992 549 μηχανὰς
1019 477 1111 532 καὶ
1138 477 1436 542 συνθέσεις,

243 585 357 637 Καὶ
384 581 480 644 τάς
514 579 770 644 ἐνόπλους
797 580 1140 650 εὐτρεπίζειν
1167 579 1420 644 ὁλκάδας,

251 675 352 736 "A;
380 671 476 725 καὶ
511 670 617 741 πρὸ
650 670 844 723 πολλοῦ
884 669 1200 740 συγκροτῶν
1220 671 1333 742 ¹οὐκ
1363 671 1575 740 ἡμέλει.

243 761 322 814 Οὐ
357 759 466 831 γὰρ
495 758 784 830 πρόσωπον
817 759 891 830 μὴ
928 758 1096 812 θέλων
1127 759 1256 812 ἰδεῖν
1287 761 1490 830 μάχης,

245 850 510 920 Ἐτοιμον
537 845 680 918 εἶχεν
715 849 774 914 ἐξ
805 850 1052 920 ἀνάγκης
1083 850 1180 920 τὴν
1209 849 1412 920 μάχην,

82 954 203 1006 22⁵Σο
247 949 494 1022 Στρατοῦ
523 965 578 1002 τε
609 948 812 1019 πλῆθος
841 949 1190 1014 ἐξαπέστειλε
1216 949 1449 1020 φθάσας,

247 1049 360 1102 Καὶ
386 1049 485 1117 τῆς
520 1046 639 1100 κατ’
668 1045 848 1098 αὐτῶν
875 1045 1174 1116 ἀσφαλείας
1195 1047 1407 1116 ἡμέλει,

247 1147 437 1217 Mdqu
463 1145 699 1214 νομίζων
726 1143 946 1213 ἀσφαλῆ
976 1145 1274 1216 σωτηρίαν,

247 1248 423 1316 Εἴπερ
450 1247 510 1299 τὸ
541 1247 716 1300 κοινὸν
746 1245 944 1316 εὑρεθῇ
978 1246 1348 1316 σεσωσμένον·

246 1337 446 1410 Σχεδόν
473 1354 532 1391 τε
563 1339 739 1401 πάσας
773 1339 870 1400 τὰς
901 1337 1095 1392 ἑαυτοῦ
1122 1331 1410 1408 φροντίδας

95 1438 213 1492 2S5
254 1437 350 1501 Εἰς
375 1437 472 1499 τὰς
498 1437 566 1490 δι’
589 1438 738 1507 ἡμᾶς
766 1437 1058 1508 ἀντανῂρει
1087 1437 1394 1508 φροντίδας,
1451 1462 1460 1469 -

251 1527 512 1582 Κίνδυνον
537 1526 686 1580 ὥσπε
696 1543 726 1598 ρ
749 1527 979 1597 ψυχικὸν
1007 1527 1180 1580 δοκῶν
1210 1527 1374 1597 ἔχειν,

250 1619 315 1679 Et
343 1625 420 1696 μὴ
448 1625 515 1679 δι’
542 1627 688 1696 ἡμᾶς
723 1625 902 1680 πάντα
927 1624 1168 1678 κίνδυνον
1209 1625 1393 1682 πάθοι.

249 1723 439 1786 Οὕτως
470 1722 681 1776 ἓκαστα
705 1724 800 1776 καὶ
829 1722 1066 1777 κελεύων
1097 1724 1191 1776 καὶ
1216 1723 1443 1795 γράφων

252 1814 573 1888 Προῖστόρει
611 1809 722 1885 μέν’
740 1813 816 1884 τῷ
837 1813 980 1886 λόγῳ
1007 1815 1075 1868 τά
1105 1815 1424 1887 πράγματα,

97 1916 212 1973 290
262 1915 601 1987 τΕζωγράφει
627 1915 683 1968 δὲ
715 1915 791 1986 μὴ
822 1914 1012 1987 παρὼν
1035 1914 1106 1968 τὰ
1137 1915 1234 1986 τῆς
1269 1914 1468 1985 μάχης,

249 2015 476 2069 Τάττων
509 2014 829 2086 στρατηγῶν
863 2014 1262 2086 μηχανουργῶν
1293 2015 1588 2085 ἐγγράφως

253 2109 335 2179 Τῇ
365 2107 471 2162 τῶν
503 2107 778 2176 λογισμῶν
803 2109 1024 2177 τεχνικῇ
1058 2106 1412 2178 λεπτουργίᾳ.

325 2199 400 2252 Ού
440 2199 548 2268 μὴν
576 2196 946 2267 παρημελεῖτο
977 2197 1047 2251 τά
1076 2198 1497 2268 προστάγματα,

266 2289 410 2343 Ἀλλ’
436 2285 505 2361 ἦν
529 2289 589 2343 τὸ
616 2290 850 2360 γράμμα
876 2291 1109 2361 πρᾶγμα
1141 2289 1598 2361 πεπληρωμένον,

3226 370 3243 432 1
3257 371 3359 436 253-9.

1716 488 1756 543 Α
1786 481 1891 536 295
1932 482 2157 534 Πάντων
2189 480 2482 549 προθύμως
2512 481 2605 534 κα).
2634 481 2868 534 πολιτῶν
2904 482 2996 534 καὶ
3025 482 3212 548 ξένων,

1928 572 2038 623 Καὶ
2063 570 2170 622 τῶν
2195 571 2252 621 έν
2283 570 2475 639 ἀρχαῖς
2504 569 2600 621 καὶ
2641 569 2923 639 μεγίσταις
2950 570 3146 636 ἀξίαις,

1943 659 2394 730 ’Υποδραμόντων
2426 660 2552 719 τοὺς
2585 660 2864 723 ἑκουσίους
2889 661 3104 723 πόνους.

1931 750 2078 802 Ἔδει
2120 750 2247 819 γὰρ,
2280 745 2453 818 οἶμαι,
2487 749 2577 803 τὸν
2602 751 2853 804 τοσούτον
2880 751 3148 822 δεσπότην

1931 841 2112 912 Ἐχειν
2143 841 2430 905 τοσούτους
2459 844 2538 905 είς
2569 843 2816 914 ἀνάγκην
2839 844 3078 907 οἰκέτας,

1788 932 1890 988 500
1929 933 1991 986 Οἳ
2023 933 2120 995 τὰς
2146 932 2424 996 κελεύσεις
2455 933 2563 986 τῶν
2593 933 2770 1003 σοφῶν
2799 934 3186 1005 βουλευμάτων

1997 1022 2276 1086 Μάοοντες
2301 1022 2436 1094 ἔργα
2464 1024 2590 1086 τοὺς
2619 1023 2807 1092 λόγους
2840 1025 3131 1079 ἐδείκνυον.

1929 1111 2115 1177 υῦτως
2135 1112 2444 1183 ἀεικίνητος
2482 1107 2556 1179 ὧν
2575 1116 2603 1166 ὁ
2623 1114 2892 1184 δεσπότης
2987 1181 2996 1189 _

1926 1202 2089 1270 Τάχει
2124 1201 2397 1272 λογισμῶν
2429 1203 2524 1256 καὶ
2551 1202 2761 1273 φρενῶν
2789 1204 3064 1275 ἀπληστίᾳ

1928 1290 2216 1358 Πόρρωθεν
2245 1291 2409 1357 ἐγγὺς
2437 1292 2502 1360 τῇ
2532 1289 2686 1342 πόλει
2713 1292 3034 1360 παρίστατο,
3115 1345 3118 1348 λ

1789 1380 1894 1435 505
1932 1382 2042 1434 Καὶ
2069 1383 2190 1444 ταῖς
2221 1382 2513 1452 μερίμναις
2543 1382 2820 1452 πανταχοῦ
2855 1384 3018 1453 συνῆν
3051 1384 3230 1453 μόνος.

1940 1470 2027 1532 Ὠς
2054 1467 2132 1533 εἷς
2157 1470 2414 1540 λογισμὸς
2435 1473 2553 1524 ἀντὶ
2577 1472 2796 1525 πάντων
2829 1472 3095 1543 ἀρκέσας.

1931 1561 2120 1630 ’ὐμως
2145 1561 2204 1613 τὸ
2231 1561 2436 1631 πλῆθος
2471 1563 2580 1614 τῶν
2608 1563 2783 1615 πόνων
2805 1579 2917 1622 σου,
2945 1563 3201 1628 δέσποτα,

1927 1651 2020 1712 Εἰς
2051 1650 2240 1720 καιρὸν
2264 1653 2397 1721 ἡμῖν
2431 1651 2648 1705 εὔθετον
2673 1652 2958 1724 τηρητέον,

1943 1742 2029 1794 Ἑν
2055 1735 2098 1809 ᾧ
2123 1728 2524 1812 παρούσηςλτῆς
2548 1744 2787 1814 γαλήνης
2815 1745 2872 1796 ὲν
2911 1744 3061 1814 μέσῳ

1717 1819 1758 1872 Β
1787 1828 1894 1885 510
1931 1831 2195 1903 Εὔκαιρος
2221 1835 2249 1884 ὁ
2275 1833 2438 1896 πλοῦς
2463 1834 2562 1903 τῆς
2589 1834 2828 1887 ἀϐύσσου
2855 1835 2962 1887 τῶν
2989 1835 3182 1902 λόγων.

2017 1923 2172 1975 Ἑπε)¹
2197 1922 2252 1976 δὲ
2279 1924 2500 1992 φρικτὸν
2522 1924 2554 1994 ἡ
2583 1925 2901 1994 περίστασις
2930 1923 3093 1994 φόϐον

1929 2011 2054 2084 Εἶχε
2085 2013 2352 2084 βλέπουσα
2378 2015 2476 2084 τῆς
2509 2016 2692 2085 μάχης
2719 2017 2786 2068 τά
2820 2016 3064 2086 κύματα,

1934 2102 2121 2166 Ἔδοξε
2149 2105 2262 2165 τοῖς
2293 2103 2520 2173 ἄρχουσι
2554 2107 2663 2166 τοῖς
2691 2104 2956 2174 ὑπηκόοις

1927 2196 2037 2249 Καὶ
2065 2194 2142 2264 τῷ
2176 2194 2463 2265 μαγίστρῳ
2491 2194 2599 2249 τῶν
2637 2196 2880 2248 ἐνόπλων
2919 2197 3220 2266 ταγμάτων

1786 2287 1892 2342 515
1931 2287 2077 2358 (Ἀεὶ
2106 2285 2213 2358 γάρ
2244 2287 2371 2358 ὑμῖν
2401 2290 2482 2351 εἰς
2510 2287 2572 2340 τὸ
2601 2291 2706 2341 πᾶν
2741 2288 3076 2359 συνημμέναι

111 2447 284 2502 tando
329 2448 432 2503 tela
484 2456 539 2502 et
574 2463 700 2504 saxa
739 2447 884 2518 (275)
925 2446 1206 2502 versatiles
1255 2446 1521 2502 machinie
1573 2461 1690 2500 mo—
1796 2448 1963 2504 criter
2011 2467 2135 2525 eum
2193 2449 2401 2504 civibus
2460 2457 2571 2501 tum
2625 2446 2844 2510 exteris,
2901 2462 3112 2502 necnon
3170 2447 3235 2502 iis
3269 2450 3363 2518 qui

111 2544 328 2612 lcsque,
362 2552 691 2612 armataeque
708 2548 964 2610 aptentur
992 2556 1182 2604 naves,
1203 2556 1337 2610 quas
1374 2540 1688 2608 illejamdiu
1731 2564 1734 2567 -
1797 2541 1968 2609 prima
2003 2551 2056 2597 et
2097 2541 2326 2607 maxima
2373 2540 2597 2594 obibant
2648 2553 2898 2602 munera,
2957 2539 3367 2606 accurrentibus

111 2635 362 2703 expediri
392 2642 692 2687 curaverat.
725 2631 938 2686 Faciem
986 2633 1185 2704 quippe
1224 2648 1334 2700 non
1382 2632 1568 2685 volens
1606 2631 1690 2686 vi-
1796 2633 1862 2687 ad
1902 2633 2112 2688 labores
2146 2634 2444 2688 ultroneus.
2470 2631 2766 2700 Oportebat
2809 2629 2972 2691 enim,
3008 2629 3226 2698 opinor,
3281 2639 3364 2684 ta-

113 2726 249 2778 dere
269 2725 391 2777 belli
419 2731 738 2792 praesentem
765 2724 952 2777 habuit
976 2723 1098 2776 belli
1114 2723 1514 2777 necessitatem.
1542 2723 1687 2793 (280)
1798 2724 1902 2779 lem
1932 2725 2209 2780 dominum
2252 2727 2384 2780 tales
2413 2725 2616 2778 habere
2655 2723 2708 2776 in
2745 2722 3068 2776 necessitate
3114 2722 3363 2787 famulos,

117 2814 188 2867 Et
222 2814 456 2867 militum
491 2813 702 2882 copiam
741 2812 889 2866 misit
921 2821 1248 2882 opportune,
1291 2813 1359 2867 de
1393 2828 1488 2868 sua
1521 2813 1692 2882 ipsius
1805 2815 1952 2887 (300)
1988 2815 2079 2885 qui
2121 2817 2426 2886 sapientum
2461 2814 2812 2868 consiliorum
2843 2813 3114 2867 mandatis
3155 2814 3238 2868 vix
3276 2829 3367 2868 oo-

119 2906 419 2959 sccuritatc
450 2921 557 2958 non
582 2904 809 2957 multum
842 2903 1124 2968 sollicitus,
1157 2920 1322 2958 unam
1375 2913 1524 2958 ratus
1573 2919 1695 2959 esse
1801 2907 1986 2977 gnitis,
2013 2908 2165 2977 jussa
2197 2907 2355 2961 factis
2381 2905 2816 2974 comprobarent.

122 3007 333 3050 certam
372 2997 622 3062 salutem,
660 2996 704 3049 si
735 3011 914 3049 rerum
946 3013 1157 3050 summa
1207 2997 1342 3050 nihil
1382 2997 1694 3051 detrimenti
1872 2996 1962 3052 Sic
1985 2997 2341 3066 irrcquietum
2367 3011 2422 3050 se
2442 3010 2636 3067 gerens
2669 2995 2895 3063 despota
2923 2993 3132 3047 consilii
3185 3010 3369 3064 prom-

126 3095 424 3155 pateretur,
464 3097 514 3141 et
559 3101 749 3140 omnes
782 3086 896 3141 fere
949 3103 1078 3141 suas
1131 3087 1520 3143 sollicitudines
1547 3088 1694 3158 (285)
1799 3091 2071 3159 ptitudine
2102 3091 2406 3159 mentisque
2429 3087 2792 3142 immensitate
2841 3086 2924 3139 vel
2959 3102 2988 3139 a
3021 3086 3178 3157 longe
3205 3102 3370 3156 prope

127 3179 187 3233 in
222 3194 385 3231 unam
431 3189 679 3230 nostrum
731 3177 1146 3232 sollicitudinem
1187 3188 1546 3234 converteret.
1602 3179 1698 3234 Pe-
1724 3173 1767 3230 C
1801 3181 1866 3235 ad
1898 3183 2086 3236 urbem
2122 3183 2327 3246 stabat;
2377 3181 2520 3251 (505)
2553 3188 2606 3232 et
2639 3194 2732 3231 sua
2763 3177 3104 3246 providentia
3137 3178 3369 3232 ubicun-

129 3269 361 3321 ricnlum
391 3268 542 3337 quasi
579 3267 771 3321 anima:
794 3268 1044 3336 judicans
1070 3268 1291 3333 habere,
1331 3269 1434 3324 nisi
1461 3286 1559 3340 pro
1593 3285 1696 3325 no-
1801 3287 1908 3342 que
1952 3273 2139 3326 aderat
2167 3273 2334 3337 solus,
2371 3280 2628 3340 tanquam
2669 3283 2778 3321 una
2809 3269 3064 3339 cogitatio
3098 3269 3370 3325 sufﬁciens

129 3359 216 3412 bis
261 3374 425 3412 omne
472 3360 662 3412 subeat
711 3359 1035 3427 periculum.
1097 3358 1187 3413 Sic
1251 3359 1340 3415 ille
1387 3360 1696 3431 singulatim
1803 3380 1900 3434 pro
1934 3365 2204 3419 omnibus.
2265 3364 2539 3419 Caeterum
2601 3369 2816 3414 tuorum
2872 3361 3026 3429 copia
3087 3361 3368 3424 laborum,

129 3450 311 3503 omnia
347 3451 610 3504 mandans
639 3462 694 3504 et
730 3449 975 3504 scribens
1015 3465 1266 3505 sermone
1297 3452 1514 3520 quidem
1559 3469 1697 3522 prze-
1804 3456 2050 3524 despota,
2092 3455 2158 3510 ad
2189 3464 2400 3524 tempus
2433 3462 2516 3508 est
2539 3451 2670 3505 mihi
2699 3451 3159 3506 accommodatius
3189 3466 3366 3505 reser-

130 3542 469 3594 monstrabat
497 3556 679 3610 opera.
718 3541 864 3610 (290)
903 3541 1235 3612 Depingebat
1262 3553 1464 3608 autem,
1501 3561 1697 3614 quam-

131 3634 212 3686 vis
241 3634 456 3694 absens,
511 3647 598 3685 res
645 3631 882 3695 bellicas,
918 3632 1230 3701 disponens,
1261 3634 1551 3702 imperans,
1584 3652 1699 3690 ma-

129 3723 322 3776 chinas
356 3721 712 3790 praescribcns
761 3721 898 3776 mira
945 3722 1143 3792 ingenii
1173 3722 1468 3779 subtilitate
1520 3736 1574 3781 et
1611 3742 1704 3796 pe-

129 3814 278 3868 ritia.

208 3903 391 3971 Neque
420 3903 572 3972 parvi
603 3902 742 3957 facta
783 3914 912 3958 sunt
942 3905 1190 3959 mandata
1223 3923 1236 3960 :
1272 3907 1366 3962 sed
1406 3909 1549 3977 quod
1594 3908 1697 3965 fuit

130 3993 416 4062 scriptum,
458 3991 736 4062 impletum
764 4001 1052 4063 estopcre,
1079 3995 1222 4065 (995)
1276 3998 1530 4053 omnibus
1579 3999 1696 4053 ala-

1804 3549 2000 3611 vanda,
2029 3547 2245 3615 quando
2274 3559 2406 3614 pace
2427 3551 2722 3613 apparente
2753 3542 2806 3595 in
2840 3541 3078 3595 medium
3101 3541 3245 3612 (510)
3277 3541 3370 3596 ﬁet

1804 3637 2040 3691 secunda
2079 3637 2349 3706 navigatio
2383 3649 2479 3704 per
2512 3648 2658 3686 mare
2685 3631 3031 3700 eloquentiae.

1870 3726 2007 3782 Cum
2059 3727 2223 3798 igitur
2283 3724 2586 3780 horrendus
2640 3721 2878 3790 undique
2920 3720 3082 3776 timor
3146 3721 3372 3776 instaret

1799 3819 1964 3872 rebus
1999 3818 2069 3870 ob
2100 3825 2396 3887 praesentes
2424 3814 2545 3868 belli
2577 3813 2793 3875 ﬂuctus,
2825 3811 3002 3865 visum
3032 3822 3117 3866 est
3143 3813 3373 3867 ducibus

1801 3909 2150 3963 inferioribus
2187 3923 2420 3970 necnon
2443 3903 2700 3974 magistro
2731 3909 3066 3956 armatorum
3117 3903 3369 3956 ordinum

1807 4001 1952 4070 (MS)
1997 3999 2233 4070 (semper
2281 3999 2426 4053 enim
2467 3997 2561 4051 tibi
2618 3995 2692 4048 illi
2731 3993 2798 4047 ad
2857 3992 3040 4047 omnia
3095 3993 3369 4062 conjuncti

919 4169 966 4204 ω
1431 4127 1659 4184 vanus
1700 4127 2107 4184 LECTIONES.

197 4220 295 4275 281
332 4219 532 4274 αύτδνῖ
603 4217 710 4274 298
736 4224 983 4274 τοσούτον
1015 4221 1074 4274 Ρ.

1630 4273 1859 4342 Nona.
1895 4335 1897 4338 γ

131 4390 318 4449 tesque
359 4380 505 4433 ἔνδον
543 4381 902 4448 γενέσθαιτοῦ
935 4381 1055 4434 νέου
1094 4376 1443 4449 Θεοδοσίακοῦ
1477 4377 1700 4449 ,τείχους

129 4447 248 4520 τοῦή
277 4451 475 4520 ταύτης
524 4447 621 4516 τῆς
673 4451 940 4520 βασιλίδος
987 4449 1214 4520 (πόλεως.
1259 4447 1391 4520 Vide

130 4519 276 4588 εροίὶ
305 4519 496 4573 Christ.
549 4521 641 4574 lib.
673 4519 709 4584 t,

133 4587 355 4658 pussunt
401 4590 468 4643 de
521 4606 676 4643 muro
719 4587 786 4646 ab
832 4589 1076 4644 Heraclio
1126 4587 1192 4640 ad
1241 4587 1568 4658 Blaehernas
1616 4587 1700 4641 in-

132 4657 354 4721 Structo,
389 4669 447 4712 ut
479 4670 665 4713 contra
699 4659 958 4714 Barbaros
985 4667 1128 4712 esset
1157 4657 1340 4723 templi
1376 4657 1656 4711 munimen
1686 4675 1700 4711 :

136 4744 255 4780 nam
288 4729 338 4798 in
368 4730 558 4782 eodem
584 4729 856 4785 Chronico
881 4727 1121 4798 paschali
1159 4745 1171 4780 :
1208 4728 1302 4797 Τῷ
1322 4734 1396 4798 te:
1409 4727 1517 4798 ἔτει
1547 4726 1704 4798 βασι-

135 4798 279 4868 λείας
324 4797 640 4868 Ἡρακλείου
695 4795 917 4868 ἐκτίσθη
984 4799 1046 4850 τὸ
1102 4795 1283 4868 τεῖχος
1343 4795 1543 4868 ἔξωθεν
1593 4797 1703 4850 τῶν

136 4849 493 4936 Βλαχερνῶνί
524 4849 757 4921 Πλέκειν
993 4849 1124 4921 esse?
1162 4849 1359 4937 o’pii'tot‘
1384 4849 1478 4937 fita
1513 4849 1701 4920 mtem'u

135 4935 335 5006 munire
377 4947 435 4989 ut
461 4937 736 4992 hostilium
781 4935 1172 4992 tormentorum
1207 4935 1703 5006 machinarumque

136 5005 272 5058 ictus
302 5008 512 5060 retnndi
559 5009 788 5073 possint.

205 5075 326 5128 278.
359 5075 634 5132 llcraclius
657 5076 904 5145 quamvis
922 5092 951 5129 a
969 5083 1138 5129 matre
1165 5085 1219 5130 et
1247 5076 1457 5131 civibus
1473 5076 1702 5130 multum

135 5145 358 5202 sollicite
392 5155 706 5215 _revocatus,
757 5154 817 5199 ut
850 5146 998 5215 urbis
1047 5145 1287 5215 periculo
1337 5155 1700 5213 succurreret,

135 5215 306 5272 noluit
333 5234 362 5268 e
391 5213 611 5270 Perside
649 5214 939 5285 proﬁcisci,
972 5213 1339 5285 neChrosroa
1371 5216 1514 5268 vires
1545 5231 1702 5270 resu-

134 5293 319 5342 meret.
342 5285 484 5338 ldem
510 5284 790 5340 conﬁrmat
825 5285 1000 5338 Pisida
1034 5284 1336 5339 Heracliad.
1373 5302 1410 5350 I,
1444 5285 1565 5339 165.

201 5355 322 5408 280.
361 5353 433 5406 Ex
471 5354 744 5408 Chronico
792 5355 1035 5424 paschali
1071 5355 1375 5424 colligimus
1429 5355 1495 5408 ad
1552 5355 1701 5410 urbis

131 5424 499 5495 defensionem
523 5435 760 5495 reperta
810 5424 998 5488 fuisse,
1032 5440 1173 5495 cum
1221 5425 1510 5495 Chaganns
1539 5424 1606 5479 de
1638 5441 1701 5480 ea

134 5493 384 5564 vastanda
416 5494 696 5564 cogitaret,
729 5497 972 5562 equitum
1012 5493 1300 5549 duodecim
1338 5493 1524 5548 millia.

199 5562 699 5634 exunguare),
742 5573 873 5633 puto
905 5565 1108 5618 dictum
1140 5579 1238 5634 pro
1277 5565 1397 5634 κατ’
1425 5565 1611 5628 αὑτοῦ,
1644 5576 1702 5620 ut

131 5647 275 5702 sepe
319 5632 462 5701 ὑμᾶς
505 5649 604 5703 pro
638 5633 719 5697 σὲ,
745 5632 886 5688 cum
925 5634 1103 5690 Pisida
1141 5632 1384 5704 loquitur
1425 5635 1491 5689 de
1533 5634 1701 5690 llera-

131 5705 255 5758 rlio.
1055 5733 1062 5739 -

199 5771 321 5826 295.
374 5770 689 5827 Consonant
739 5773 855 5829 haec
906 5789 1028 5828 cum
1087 5773 1151 5830 iis
1199 5790 1318 5845 quae
1351 5775 1602 5846 leguntur
1646 5775 1699 5829 in

749 4537 803 4589 p.
838 4521 923 4574 40.
973 4519 1078 4573 Sed
1113 4518 1296 4589 forsan
1330 4519 1443 4589 hinc
1477 4517 1699 4589 intelligi

1805 4377 2119 4432 narratione
2147 4376 2214 4432 de
2248 4377 2391 4431 bello
2421 4377 2651 4433 Abarico
2688 4380 2830 4435 edita
2860 4397 2889 4436 a
2919 4381 3265 4437 Combeﬁsio.

1437 4447 1700 4522 plura_’__in
1736 4453 1778 4508 υ
1838 4449 1995 4522 _298.
2025 4447 2207 4501 Codex
2254 4448 2419 4503 habet
2468 4448 2758 4515 τοσούτων,
2806 4452 2901 4506 scd
2936 4468 3099 4522 super
3129 4471 3174 4504 ω
3207 4467 3374 4522 appo-

1808 4519 1971 4573 situm
1997 4525 2079 4571 est
2104 4533 2150 4570 ο.

1877 4589 2001 4660 501.
2033 4585 2279 4660 Mandata
2316 4596 2422 4660 tam
2457 4588 2698 4644 studiose
2732 4589 3104 4660 perﬁciebant,
3129 4599 3187 4645 ut
3215 4607 3376 4646 exse-

1805 4657 2263 4729 cutioAimperatis
2287 4659 2354 4729 ad
2385 4660 2643 4729 amussim
2677 4657 3048 4729 responderet.

1875 4726 2091 4799 508;“
2119 4727 2370 4799 praestitit
2394 4728 2446 4781 in
2475 4726 2866 4798 pocmatiis'De
2888 4731 3068 4799 exped.
3117 4729 3372 4793 Heraclii,

1804 4807 1860 4852 et
1891 4798 1944 4850 in
1977 4793 2318 4850 Hera‘cliade.
2477 4793 2491 4798 “
2863 4827 2866 4831 -

1873 4867 2000 4922 515.
2042 4867 2343 4938 Ἀρχοντας
2375 4868 2676 4938 ὑπηκόους,
2711 4868 2898 4938 Sergio
2933 4868 3203 4936 subjectos
3232 4869 3379 4936 ejus-

1803 4953 1910 5006 que
1943 4946 2198 5008 parentes
2230 4937 2395 5008 dicto,
2441 4937 2675 5008 appellat
2731 4937 2990 4993 militares
3027 4941 3214 5004 duces,
3251 4953 3379 5008 pro-

1804 5006 1990 5075 pterea
2041 5006 2186 5075 quod
2234 5006 2409 5076 ipsum
2457 5006 2699 5079 Sergium
2754 5010 2952 5077 primas
2996 5009 3135 5061 inter
3171 5006 3380 5079 gon—mes

1805 5079 2066 5140 tenuisse,
2093 5085 2346 5146 tanquam
2370 5076 2708 5133 verum'belli
2733 5076 3113 5148 imperatorem
3153 5076 3380 5132 demon-

1805 5155 1961 5200 stret.

1874 5217 2322 5286 514.Μάγιστρος
2344 5217 2484 5272 idem
2501 5233 2563 5272 ac
2579 5215 2801 5287 ἡγεμὼν
2819 5215 2924 5268 τῶν
2940 5216 3162 5287 τάξεων.
3189 5215 3263 5287 De
3284 5217 3383 5272 hac

1804 5301 1940 5370 γροο
1979 5298 2050 5370 et.
2083 5290 2364 5370 dignitate.
2415 5289 2536 5370 vide
2583 5286 2884 5370 Dufresne,
2913 5286 3114 5370 “Gloss.
3159 5286 3378 5370 μητρί.

1803 5353 2060 5426 Magister
2089 5353 2320 5412 militum
2353 5357 2405 5411 in
2441 5358 2576 5411 urbe
2607 5367 2736 5411 tunc
2763 5365 2880 5410 erat
2913 5355 3095 5410 Bonus
3129 5358 3243 5411 sive
3284 5357 3385 5409 Bn-

1803 5441 1974 5497 nosus
1995 5467 2008 5488 ,
2038 5429 2120 5482 vir
2152 5427 2410 5497 patricius
2437 5435 2490 5481 et
2517 5427 2761 5482 illustris.
2795 5427 3061 5497 Nimirum
3105 5426 3382 5497 lleraclius

1803 5495 1858 5549 in
1889 5495 2168 5552 Persidem
2206 5497 2383 5551 iturus
2414 5498 2601 5550 urbem
2659 5498 2860 5566 regiam
2900 5496 3089 5567 Sergio
3133 5505 3189 5550 et
3234 5495 3383 5549 Bono

1802 5569 2315 5626 commendaverat;
2350 5567 2506 5621 testis
2537 5567 2920 5637 Theophanes,
2957 5583 3009 5636 p.
3043 5567 3150 5620 254

1874 5637 2016 5713 5t5._
2046 5638 2217 5713 En_ut
2245 5637 2444 5713 clarius
2471 5652 2664 5713 omnes
2693 5633 2726 5692 a
2766 5636 2938 5713 Sergii
2962 5633 3102 5689 nutu
3143 5633 3382 5713 pem-ten:

1806 5713 1888 5760 tes
1916 5706 2102 5760 faciat.
2135 5706 2322 5774 Neque
2349 5707 2495 5761 enim
2538 5708 2728 5762 dubito
2767 5703 3024 5768 Pisidam,
3055 5720 3178 5758 cum
3236 5703 3382 5756 dicat

1806 5777 1932 5844 ὑμῖν
1979 5787 2032 5831 et
2063 5778 2318 5846 deinceps
2352 5779 2452 5840 σοὶ,
2483 5778 2625 5848 loqui
2653 5779 2717 5832 tle
2747 5777 2952 5847 Sergio.
