3818 6346
162 374 294 437 13:21

313 484 458 535 'Avm
488 482 544 535 δὲ
575 481 776 550 μᾶλλον
809 481 908 552 τὴν
939 481 1171 552 λογικὴν
1201 483 1344 553 ἔχειν
1379 484 1572 550 φύσιν.

200 576 269 629 5O
309 575 471 628 Κάτω
499 573 554 626 δὲ
583 573 736 642 ῥῖψαι
765 575 861 627 καὶ
897 573 1078 635 καλῶς
1109 573 1425 626 ὲκλακτίσαι

303 664 375 716 Τὸ
403 657 782 733 κτηνόμορφον
813 663 909 732 τῆς
937 663 1159 728 ἀταξίας
1186 663 1372 733 τέρας,

303 756 394 825 Μή
428 771 543 817 πως
569 755 999 834 παραῃαπεῖσα
1029 756 1125 824 τῆς
1153 755 1530 825 τετριμμένης

312 845 377 897 'H
407 844 687 912 φατνιῶσα
716 843 824 896 τῶν
855 845 1068 913 φρενῶν
1099 843 1296 908 ἀταξία

303 936 406 988 Τὸν
433 936 559 988 νοῦν
592 937 758 1006 ἑαυτῇ
786 935 1260 1005 συμπλανώμενον
1291 937 1452 1007 λάϐῃ.

192 1028 265 1085 55
301 1027 485 1090 Οὕτως
517 1027 715 1096 ἄριστα
740 1027 866 1089 τοὺς
892 1026 1182 1089 διεστῶτας
1207 1027 1441 1097 τρόπους

305 1119 426 1171 Τῶν
455 1115 800 1186 δημαγωγῶν
835 1116 1196 1186 συμϐιδὰζεις
1223 1117 1542 1186 ταγμάτων,

306 1210 416 1262 Καὶ
446 1206 700 1260 σύνθετόν
726 1223 780 1258 τι
813 1205 955 1269 ζῶον
981 1206 1041 1270 ἐξ
1066 1205 1325 1258 ἐναντίων

304 1300 525 1362 Συνθεὶς
547 1297 828 1367 λογισμῶν
852 1299 931 1360 είς
964 1298 1156 1349 ’ἐνωσιν
1186 1298 1457 1366 ἧρμοσας,

301 1392 416 1444 Καὶ
442 1392 569 1452 τοὺς
597 1390 1052 1459 ἁποσκιρτῶντας
1080 1388 1327 1458 ἀλλήλων
1350 1387 1582 1458 τρόπους

197 1485 269 1539 60
307 1485 398 1546 Εἰς
431 1484 489 1536 ἓν
523 1482 787 1550 συνῆψας,
813 1482 908 1535 καὶ
937 1479 1314 1553 κατώρθωσας
1339 1479 1501 1549 μόνος

311 1579 373 1627 "0
402 1575 476 1644 μὴ
501 1572 799 1643 κατορθοῦν
831 1572 1136 1641 εὐπόρησεν
1163 1573 1198 1641 ή
1229 1570 1413 1640 φύσις.

304 1665 490 1735 Τούτῳ
518 1664 764 1727 θέλοντες
791 1663 867 1734 τῷ
897 1663 1137 1733 μεγίστῳ
1163 1661 1456 1731 πράγματι

303 1759 542 1829 Μνήμην
573 1755 805 1825 συνάψαι
833 1755 1224 1826 συμφερόντως
1255 1756 1287 1823 ἡ
1318 1751 1474 1820 πόλις

1351 377 1400 434 ll
1413 377 1872 436 ERACLIADOS
1919 375 2084 433 ΑΕΒ.
2121 375 2199 433 ΙΙ.

3279 372 3414 436 13°22

1981 484 2288 554 Γράφουσιν
2319 483 2450 550 ἡμῖν
2475 483 2540 550 τῇ
2575 481 2818 534 κάτωθεν
2848 482 3050 535 εἰκόνι·

1871 576 1938 627 65
1974 574 2037 628 Εί
2068 574 2166 644 τὴν
2194 573 2306 626 ἄνω
2328 574 2437 642 γὰρ
2466 572 2642 626 ἄλλων
2673 570 2818 643 εἶχες
2853 574 3161 643 ζωγράφον.

2045 663 2210 736 ,Ἐπεὶ
2239 661 2294 714 δὲ
2323 660 2554 726 πάντας,
2579 662 2960 716 οἰκοδεσπότου
2989 662 3166 733 δίκην,

1979 754 2116 816 Τοὺς
2149 753 2297 806 ἔνδον
2326 754 2482 822 ἡμῶν
2513 753 2887 824 ἐξεχέρσωσας
2906 755 3129 818 τόπους,

1979 845 2090 897 Καὶ
2120 844 2221 906 τὰς
2254 845 2495 908 ἐνοίκους
2519 843 2627 898 τῶν
2651 845 2994 916 παθημάτων
3023 846 3230 913 φλέϐας

1977 936 2022 988 Τ
2024 936 2068 1006 ῷ
2099 935 2178 1005 σῷ
2206 934 2451 999 κενώσας
2475 935 2690 1000 εὐσεϐεῖ
2719 936 3004 1007 καθαρσίῳ

1872 1025 1942 1080 70
1983 1025 2098 1093 Τῆς
2123 1025 2270 1078 ἔνδον
2291 1024 2576 1095 ὠμότητος
2607 1021 2794 1095 εἶρξας
2814 1027 2912 1097 τὴν
2945 1027 3171 1100 βλάϐην,

1989 1113 2178 1176 Ἐκτδς
2198 1113 2255 1166 δὲ
2283 1113 2470 1165 λοιπὸν
2494 1113 2590 1166 καὶ
2617 1112 2687 1166 τὰ
2705 1114 2805 1183 τῆς
2833 1115 3056 1190 Θρᾴκης
3079 1119 3214 1192 νέφη

1977 1205 2272 1274 Χειμῶνας
2300 1205 2428 1273 ὑμῖν
2458 1201 2786 1275 ἐξανέστησε
2820 1207 3023 1277 μάχης,

1981 1299 2089 1350 Ka‘t
2121 1298 2197 1368 πῆ
2237 1297 2332 1366 μὲν
2358 1298 2391 1365 ἡ
2416 1295 2689 1364 Χάρυϐδις
2719 1298 2752 1366 ἠ
2788 1297 3167 1370 Σκυθοτρόφος

1978 1387 2144 1456 Σιγᾷν
2174 1384 2405 1437 δοκοῦσα
2429 1385 2742 1457 λῃστρικῶς
2777 1386 3094 1452 ὼδοστάτει,

1871 1477 1942 1530 73
1978 1473 2064 1541 Πῆ
2091 1477 2135 1528 δ’
2171 1472 2238 1529 αὖ
2266 1475 2646 1539 συνεκθέοντες
2670 1477 2720 1529 oi
2749 1477 2983 1531 Σκλάὸοι
3009 1479 3166 1533 λύκοι

1979 1569 2056 1635 Τῇ
2085 1569 2153 1636 γῇ
2185 1567 2457 1634 συνῆπτον
2479 1567 2578 1636 τῆς
2606 1566 2880 1637 θαλάττης
2903 1570 3000 1622 τὸν
3026 1571 3209 1634 σάλον,

1981 1659 2091 1710 Καὶ
2123 1659 2236 1718 τοῖς
2266 1659 2398 1725 παρ’
2424 1657 2606 1712 αὐτῶν
2630 1659 2826 1728 αἵμασι
2861 1662 3211 1732 πεφυρμένος

1990 1745 2050 1800 Ὀ
2082 1745 2208 1816 ῥοῦς
2241 1745 2471 1816 ἐρυθρὸς
2494 1747 2559 1800 ἐκ
2587 1745 2709 1815 βίας
2736 1747 2966 1814 ἐγίνετο,

161 1940 417 1997 tioualem
461 1939 624 1993 habet
677 1949 950 2002 naturam,
991 1938 1101 2006 (50)
1151 1934 1322 2003 magis
1361 1929 1588 1984 inferius
1632 1929 1731 1981 de—
1767 1935 1808 1988 Β
1840 1926 1928 1979 hic
1963 1925 2218 1980 deorsum
2260 1927 2488 1996 pingunt
2511 1927 2836 1996 imaginem:
2882 1926 2992 1996 (65)
3026 1943 3241 1983 sursum
3259 1929 3405 1984 enim

154 2032 330 2100 jicere
378 2039 432 2084 et
474 2031 616 2084 bene
645 2031 933 2084 calcitrare
957 2027 1331 2098 pecudiforme
1378 2020 1738 2076 dissensionis

159 2132 492 2182 monstrum,
549 2120 961 2188 timendumque
1006 2133 1098 2179 ue,
1133 2117 1392 2170 abcrrans
1431 2127 1460 2165 a
1497 2110 1618 2164 trita
1653 2109 1736 2162 via

159 2229 286 2282 quae
313 2213 517 2266 circqu
554 2210 848 2280 praecordia
902 2209 1205 2263 stabulatur
1246 2202 1534 2264 discordia,
1586 2216 1735 2253 tuen-

163 2315 274 2358 tem
304 2318 488 2356 secum
529 2301 641 2371 ipsa
673 2301 886 2354 tandem
912 2299 966 2352 in
991 2311 1229 2353 errorem
1262 2295 1459 2348 trahat.
1493 2290 1602 2362 (55)
1641 2289 1731 2341 Sic

160 2395 371 2464 optima
401 2395 613 2448 ratione
650 2391 929 2446 discordes
959 2388 1258 2444 sententias
1285 2387 1426 2439 inter
1456 2384 1732 2454 primores

160 2486 418 2540 ordinum
451 2485 730 2548 concilias,
755 2491 808 2537 et
837 2484 1058 2536 mistum
1097 2477 1367 2548 quoddam
1414 2474 1615 2529 animal
1668 2489 1735 2525 ex

160 2577 453 2630 contrariis
487 2575 726 2628 formans
767 2573 1010 2627 consiliis
1057 2571 1122 2623 ad
1175 2569 1435 2623 unitatem
1475 2563 1731 2626 adducis;

161 2667 247 2720 sic
304 2664 742 2719 dissentientium
799 2663 1031 2716 invicem
1066 2659 1278 2730 ingenia
1307 2658 1421 2725 (60)
1473 2655 1525 2708 in
1565 2667 1730 2707 unum

161 2755 504 2818 contraxisti,
538 2764 592 2808 et
620 2751 1098 2808 solus-emendasti
1130 2749 1274 2818 quod
1300 2747 1592 2801 emendare
1637 2759 1733 2796 ne-

158 2847 373 2917 quisset
427 2855 638 2900 natura.
688 2843 948 2900 Voleutes
999 2858 1099 2912 pro
1153 2841 1241 2896 tali
1296 2854 1460 2909 Opere
1496 2836 1732 2890 maximo

159 2937 482 2994 memoriam
520 2950 734 3005 penem
773 2937 1161 2989 convenienter
1191 2935 1337 2986 cives
1377 2939 1522 2985 tua‘n
1573 2929 1731 2982 nobis

1841 2017 2075 2070 habuisti
2108 2018 2370 2086 pictorem
2403 2017 2652 2072 alterum.

1905 2107 2197 2176 Postquam
2231 2119 2412 2161 autem
2465 2118 2667 2173 nostra,
2716 2117 2771 2162 ut
2805 2107 3213 2178 paterfamilias,
3246 2109 3408 2162 rima-

1840 2209 1926 2254 tus
1952 2199 2101 2253 intus
2123 2199 2428 2254 cmundasti
2457 2200 2684 2264 viscera,
2720 2209 2775 2254 et
2810 2199 3122 2254 domesticis
3174 2200 3408 2256 imbutas

1836 2292 2041 2345 morbis
2111 2301 2276 2345 Venas
2332 2300 2419 2344 tua
2469 2290 2732 2345 evacuisti
2770 2291 3012 2360 piissima
3062 2293 3403 2362 purgatione,

1839 2384 1950 2452 (70)
1979 2383 2252 2437 intestina:
2281 2382 2568 2435 cruditatis
2601 2381 2852 2436 coercitis
2881 2382 3114 2444 damnis,
3169 2393 3281 2437 tum
3307 2399 3405 2436 ex-

1839 2483 1918 2526 tra
1948 2473 2150 2526 obortae
2187 2487 2254 2527 ex
2303 2471 2534 2526 Thracia
2585 2471 2796 2526 nebula:
2838 2473 3102 2540 procellas
3137 2474 3228 2526 tibi
3278 2488 3404 2528 sus-

1835 2563 2072 2616 citarunt
2107 2562 2262 2622 belli;
2306 2573 2361 2616 et
2401 2577 2506 2630 qua
2538 2561 2838 2631 Charybdis
2877 2562 3198 2632 Scytharum
3247 2563 3405 2618 altrix

1837 2664 2016 2708 tncere
2047 2654 2312 2708 simulans
2351 2653 2692 2721 grassabatur
2734 2654 3082 2718 clanculum;
3133 2655 3244 2724 (75)
3298 2671 3404 2724 qua

1840 2761 1970 2799 vero
2020 2745 2295 2799 turmatim
2337 2753 2558 2799 ruentes
2611 2745 2806 2810 Sclavi,
2843 2754 2901 2798 ut
2928 2744 3060 2814 lupi,
3091 2744 3251 2797 simul
3293 2754 3403 2798 ter-

1841 2851 1954 2888 ram
1992 2835 2292 2888 miscebant
2343 2842 2398 2886 ct
2451 2848 2620 2897 mare,
2666 2849 2728 2887 ac
2755 2848 2819 2887 ex
2853 2833 3092 2902 ipsorum
3143 2833 3402 2901 sanguine

1838 2928 2208 2982 contaminata
2264 2926 2405 2979 unda
2450 2927 2558 2980 vim
2609 2940 2765 2998 passa
2803 2925 2964 2982 ﬁebat
2993 2925 3173 2986 rubra,
3217 2925 3404 3000 procul

1454 3084 1688 3138 γΑιιιΑε
1725 3082 2128 3140 LECTIUNES.

233 3252 304 3309 49
340 3252 451 3324 ἔχει
476 3253 563 3306 ed.
638 3249 707 3304 65
739 3243 850 3318 εἶχε
880 3245 942 3298 Ρ.
1018 3263 1106 3301 vv.
1143 3241 1388 3300 69—132
1423 3243 1622 3296 desunt
1646 3238 1818 3296 codici
1849 3239 1905 3294 P.

1669 3402 1899 3464 ΝΟΤΑΞ.

157 3567 407 3622 imitatus
457 3573 542 3618 est
605 3561 1015 3616 celeberrimum
1067 3561 1384 3628 apologum,
1436 3575 1545 3627 quo
1616 3559 1724 3612 Me-
1754 3563 1798 3621 C
1831 3570 1980 3628 ptum
2023 3559 2260 3628 invenio.
2303 3559 2430 3614 Vide
2461 3577 2618 3627 supra
2664 3563 2883 3617 Acrona.
2925 3579 2975 3625 ι,
3009 3564 3096 3617 97.

156 3636 361 3690 nenius
417 3636 646 3703 Agrippa
701 3633 766 3703 ad
828 3631 1036 3703 plebem
1083 3629 1137 3682 in
1176 3629 1430 3703 Urbem___
1464 3643 1726 3682 revocan-

153 3709 288 3759 dam
348 3698 486 3757 usus
532 3698 614 3755 est
663 3719 675 3754 :
722 3701 882 3754 sicuti
937 3700 1102 3763 enim,
1152 3701 1327 3753 aiebat
1381 3698 1487 3760 ille,
1530 3714 1726 3766 corpus

155 3777 496 3834 humanum,
531 3772 573 3823 si
625 3782 774 3823 artus
813 3771 955 3823 inter
986 3783 1044 3821 se
1092 3768 1436 3830 discordent,
1469 3768 1724 3836 paulatim

154 3843 466 3905 conficitur,
511 3840 580 3892 ita
624 3855 712 3892 res
775 3839 1021 3908 publica,
1060 3837 1163 3908 nisi
1210 3838 1470 3908 ordinum
1516 3852 1725 3908 summa

154 3913 232 3965 sit
287 3909 604 3970 consensio,
659 3907 926 3961 discordia
989 3907 1508 3975 pcrit,iconcordia
1563 3907 1721 3959 valet.

153 3981 302 4034 Vide
332 3978 535 4032 Livium
556 4018 570 4038 ,
605 3994 638 4030 ιι
659 4017 673 4038 ,
709 3977 777 4029 52
805 3986 859 4029 et
899 3974 1112 4045 Dionys.
1165 3974 1332 4028 Halic.
1369 3992 1420 4030 vl
1445 4016 1458 4037 ,
1491 3976 1558 4029 86
1579 4017 1600 4045 ,ί
1633 3977 1724 4043 qui

151 4050 468 4103 Menenium
499 4048 570 4099 ita
599 4061 849 4100 exorsum
878 4044 1061 4098 narrat
1086 4062 1096 4096 :
1138 4045 1321 4098 Ἔοικέ
1371 4062 1485 4106 πως
1515 4044 1724 4163 ἀνθρω-

151 4120 304 4163 πείω
329 4117 534 4163 σώματι
571 4118 602 4163 ἡ
638 4115 822 4163 πόλισι
862 4113 1113 4163 σύνθετον
1135 4113 1243 4163 γὰρ
1273 4115 1365 4163 καὶ
1397 4113 1461 4163 ὲκ
1514 4113 1614 4163 πολ
1650 4113 1724 4163 ῶν

151 4120 304 4186 πείῳ
329 4117 534 4184 σώματι
571 4118 602 4185 ἡ
638 4115 790 4177 πόλις
809 4131 822 4144 °
862 4113 1113 4186 σύνθετον
1135 4113 1243 4180 γὰρ
1273 4113 1472 4186 milia
1496 4113 1725 4186 arenti»:

204 4179 353 4257 sple
401 4179 546 4237 ἐστιν
593 4179 1072 4257 ’ἑκάτερον-.-Ὑριέα
1133 4179 1312 4236 autem
1357 4179 1544 4257 _Pisida
1601 4196 1723 4235 cum

204 4206 353 4257 ερων
401 4206 546 4237 εστιν
599 4206 874 4254 εκατερον.
946 4206 1072 4236 ΥυΓυ
1133 4206 1312 4236 Ἀυιιτιιι
1368 4206 1544 4235 1⁷15ιυί1
1601 4206 1722 4235 υιιιιι

150 4206 386 4332 Eamne
430 4254 730 4332 consentit,
778 4252 949 4332 quiin
991 4254 1302 4332 Timwo,7p.
1339 4253 1425 4332 ⁸Ἱυ
1444 4289 1473 4330 ,.
1495 4251 1564 4303 de
1598 4265 1722 4332 par-

152 4327 314 4380 tibus
344 4325 562 4377 humani
598 4323 841 4390 corporis
888 4322 1116 4388 loquens
1161 4320 1427 4373 rationém
1462 4320 1514 4372 in
1547 4320 1723 4390 capite

152 4407 419 4459 tanquam
479 4393 533 4444 in
599 4389 811 4445 summo
867 4406 993 4444 arce
1042 4390 1356 4443 collocatam
1405 4404 1524 4442 esse
1555 4389 1720 4453 dicit,

149 4465 452 4518 affectuum
501 4471 682 4514 autem
734 4460 916 4524 sedem
965 4460 1018 4511 in
1075 4459 1332 4511 inferiore
1381 4467 1536 4526 parte
1589 4474 1721 4512 ven-

151 4535 261 4588 tris
291 4542 539 4598 tauquam
573 4531 627 4582 in
659 4544 898 4598 praesepe
927 4528 1084 4598 sitam
1119 4543 1239 4580 esse
1272 4528 1479 4581 deﬁnit.

227 4601 320 4655 53.
367 4597 566 4652 Novum
598 4597 822 4651 verbum
852 4637 866 4657 ,
897 4597 1038 4664 quod
1083 4613 1113 4649 a
1145 4612 1276 4650 voce
1319 4599 1494 4664 φάτνη
1541 4598 1720 4649 stab'u-

149 4672 266 4724 lum
328 4669 408 4722 vel
450 4683 673 4734 prwsepe
726 4667 899 4720 l’isida
947 4665 1226 4721 confinxit.
1277 4666 1720 4734 Przestatilocum

151 4733 530 4794 l’latonis.ad
561 4753 719 4804 quem
773 4735 1004 4804 respicit
1046 4745 1237 4803 poeta,
1275 4735 1362 4788 hic
1405 4733 1673 4804 subjicere
1707 4754 1718 4790 :

148 4810 228 4861 Τὸ
265 4808 322 4859 δὲ
369 4807 473 4858 τῶν
503 4803 665 4856 σίτων
709 4822 769 4856 τε
819 4806 910 4856 καὶ
939 4803 1118 4855 πότων
1184 4803 1576 4872 ἐπιθυμητικὸν
1623 4805 1764 4872 τῆς.

513 4875 693 4958 τούτο,
745 4873 959 4958 εἰςητὰκ
998 4873 1198 4938 μεταξὺ
1219 4941 1230 4956 Ι
1253 4874 1361 4924 τῶν
1393 4889 1452 4926 τε
1483 4874 1723 4958 νφρενῶν
1752 4880 1801 4938 Ι)

146 4879 370 4956 ψυχῆῆ
398 4916 410 4928 .
435 4915 448 4928 .
480 4943 493 4956 _
513 4879 693 4956 eoum.
745 4879 959 4956 siqu-v.5:~
998 4879 1198 4938 μεταξὺ
1219 4941 1230 4956 Ι

146 4942 267 5000 καῖ
282 4942 373 4996 τοῦ
402 4943 534 5009 πρὸς
558 4943 650 4994 τὸν
671 4943 915 5011 ὀμφαλὸν
935 4944 1062 5008 ὅρου
1093 4942 1426 5011 κατῴκισαν,
1453 4942 1566 4994 οἷον
1584 4942 1718 5010 φάτ-

149 5033 255 5086 νην
278 5015 334 5064 ἐν
355 4993 533 5064 εἰπεῖνῖ
537 5030 550 5063 ι
583 4993 850 5081 τούτῳτῷ
875 4993 1022 5080 τόπῳ
1049 5014 1115 5081 τῇ
1143 4993 1236 5064 τού
1269 5011 1520 5078 σώματος
1545 4993 1718 5131 τροῗῇ

149 5083 579 5131 τεκττνάαενοι·
643 5083 736 5131 καὶ
765 5081 1068 5131 κατέδησαν
1093 5081 1152 5131 τὸ
1209 5081 1452 5131 τοιοῦτον
1485 5080 1646 5131 ὲνταῦ
1688 5099 1718 5131 α

145 5080 546 5150 τέκτηνάμενοι
567 5096 579 5108 ’
643 5080 736 5133 καὶ
765 5081 1068 5148 κατέδησαν
1093 5080 1152 5132 τὸ
1209 5081 1452 5134 τοιοῦτον
1485 5080 1720 5134 ἐνταῦθα

142 5154 222 5216 ὡς
248 5152 474 5220 ὃρέμμα
498 5152 702 5218 ἄγριον.

217 5219 316 5275 56.
367 5221 700 5288 Δημαγωγὸς
753 5229 836 5272 est
880 5219 924 5272 is
951 5219 1105 5285 cujus
1134 5219 1436 5272 auctoritati
1486 5231 1540 5272 et
1589 5234 1720 5272 cou-

145 5291 291 5345 siliis
327 5289 555 5356 populus
613 5288 950 5355 obsequitur.
1015 5291 1148 5342 Cum
1204 5288 1547 5356 δημαγωγῶν
1583 5305 1715 5354 ταγ-

146 5363 343 5428 μάτιυν
374 5359 600 5428 τρόπους
629 5357 999 5426 composuisse
1033 5357 1199 5420 dicit,
1229 5358 1513 5426 {actionum
1536 5359 1712 5422 capita

141 5427 632 5497 ﬂexisse_atiirinat.

212 5499 311 5553 57.
359 5493 490 5548 Vide
519 5510 711 5564 supra,
743 5513 796 5552 ν.
832 5494 920 5550 48.

215 5569 312 5622 61.
371 5565 533 5636 Φύσις
582 5566 812 5636 dictum,
849 5565 1275 5636 ὑπερϐολικῶς,
1309 5575 1418 5620 tota
1475 5565 1706 5618 humana

141 5647 376 5716 natura,
408 5634 532 5714 .hoc
568 5642 693 5716 est,
729 5635 822 5714 cui.
851 5634 928 5688 rei
958 5633 1328 5716 conficienda:
1363 5645 1708 5705 quascunque

143 5703 375 5761 humani
408 5703 602 5773 ingenii
637 5704 778 5757 vires
808 5703 1042 5773 impares
1066 5704 1318 5759 fuissent.

217 5773 313 5827 65.
359 5773 500 5828 Nihil
537 5772 594 5825 in
621 5772 898 5830 historicis
924 5773 1230 5843 Byzantinis
1266 5789 1328 5829 ea
1377 5773 1445 5828 de
1483 5788 1541 5829 re
1575 5787 1711 5827 scri-

361 5864 629 5925 ΡΑτιιοι..
675 5864 788 5924 Gn.
835 5865 1009 5926 XCII.

1898 3629 1988 3682 67.
2054 3627 2267 3699 Perstat
2299 3630 2352 3682 in
2397 3631 2645 3699 allegoria
2675 3646 2704 3684 a
2755 3633 2958 3686 medica
3012 3633 3263 3687 facultate
3296 3634 3394 3688 de-

1828 3708 2038 3770 sumpta
2069 3740 2083 3762 ,
2146 3698 2214 3752 de
2249 3714 2368 3770 qua
2400 3698 2560 3766 supra
2604 3718 2654 3754 v.
2690 3703 2748 3755 41
2783 3720 2795 3755 :
2829 3703 3123 3770 ὲκχερσόω,
3157 3703 3382 3762 exsicco,

1827 3759 2031 3835 peniius
2066 3759 2330 3830 emundo';
2359 3759 2501 3836 quod
2547 3770 2604 3823 ﬁt
2637 3770 2691 3822 in
2720 3759 3038 3825 vulneribus
3059 3812 3072 3831 ,
3107 3759 3166 3826 ut
3195 3759 3394 3825 sanen-

1829 3846 1935 3890 tur.
1982 3837 2374 3910 βίκοδεσπότου
2427 3839 2585 3910 δίκην
2639 3854 2746 3910 non
2796 3840 2923 3910 δεῖξινί
2962 3841 3169 3910 tyranni
3226 3841 3394 3895 incle-

1829 3907 2026 3959 mentia
2051 3948 2064 3967 ,
2096 3905 2188 3958 sed
2219 3906 2345 3960 boni
2388 3905 2786 3975 patrisfamilias
2813 3905 3033 3962 affectu.

1901 3976 1988 4028 70.
2057 3975 2287 4042 Ὠμότης
2328 3977 2558 4028 cruditas
2587 3993 2650 4028 ex
2687 3979 2815 4030 vitio
2861 3977 3149 4029 humorutn
3197 3984 3280 4032 vel
3325 3995 3395 4034 ex

1825 4043 2039 4098 defectu
2083 4045 2307 4106 caloris;
2339 4060 2440 4112 qua
2492 4045 2576 4097 hic
2619 4045 2938 4110 exprimitur
2986 4045 3038 4098 in
3089 4045 3282 4099 animis
3311 4049 3394 4100 ci-

1827 4114 1973 4166 vium
2023 4112 2182 4165 insita
2232 4113 2301 4164 ab
2350 4113 2596 4180 exemplo
2653 4113 2846 4167 Phocae
2891 4114 3179 4168 crudelitas
3217 4131 3228 4168 :
3265 4133 3389 4169 nam

1825 4181 2048 4250 ὠμότης
2071 4195 2165 4247 per
2193 4181 2562 4250 metaphoram
2594 4191 2677 4234 est
2700 4182 3003 4235 crudelitas.

1897 4249 2006 4322 7i.
2033 4249 2187 4322 Hunc
2225 4249 2398 4322 locum
2449 4250 2695 4322 illustrat?
2729 4251 3111 4320 Theophanes,
3154 4269 3205 4322 p.
3237 4255 3343 4309 248
3374 4273 3388 4308 :

1825 4320 1889 4370 Οἱ
1932 4320 2031 4387 μὲν
2069 4318 2273 4390 Πέρσαι
2317 4317 2422 4390 ἔξω
2451 4321 2568 4390 τῆς
2617 4321 2821 4380 πόλεως
2877 4317 3207 4390 ἐτυράννουν
3256 4323 3392 4376 Ῥω-

1829 4391 2040 4457 μαίους,
2071 4391 2099 4440 ό
2128 4387 2183 4460 δε
2213 4387 2582 4460 Φωκᾶς-ἐνδον
2636 4391 2703 4442 τά
2737 4391 2956 4460 χείρονα
2979 4387 3184 4460 ἀὐτοῖς
3220 4393 3390 4446 ἐποίει

1826 4460 2074 4539 φονεύων
2100 4459 2196 4510 καὶ
2243 4457 2673 4539 αἰχμαλωτίζων.
2720 4457 2980 4539 τὰνέφη
3035 4459 3136 4526 τῆς
3171 4461 3392 4539 Θρᾴκης

1824 4535 1950 4579 sunt
2006 4527 2236 4590 Abares,
2268 4526 2358 4597 qui
2397 4542 2518 4579 cum
2552 4541 2692 4596 saepe
2745 4529 2797 4580 in
2851 4526 3118 4597 Romanas
3170 4526 3392 4597 provin-

1824 4597 1934 4649 cias
1984 4594 2300 4649 teutassent’
2330 4594 2664 4665 irrumpere,
2705 4598 2920 4650 tandem
2963 4594 3256 4665 Thraciam
3298 4616 3392 4654 su-

1825 4667 2092 4735 periorem
2144 4664 2513 4735 occuparunt,
2565 4676 2624 4720 ut
2681 4668 2896 4735 copiose
2937 4664 3298 4735 disseruimus
3338 4669 3392 4724 in

1825 4733 2090 4802 principio
2148 4734 2225 4785 De
2254 4734 2385 4787 bello
2413 4735 2570 4804 Abar.
2601 4745 2655 4789 et
2685 4733 2762 4791 ad
2781 4754 2832 4790 v.
2858 4734 2964 4790 275
2986 4774 3000 4798 ,
3037 4733 3125 4787 ubi
3154 4737 3284 4804 quid
3315 4739 3392 4791 si-

1825 4804 1949 4856 mile
1981 4804 2144 4872 habet
2182 4813 2367 4856 noster
2395 4803 2674 4872 Georgius.

1899 4875 1984 4925 '73..
2023 4871 2302 4924 Paululum
2344 4871 2561 4926 diverse
2603 4875 2720 4928 inec
2771 4874 2955 4928 eadem
3005 4884 3192 4932 narrat
3233 4886 3391 4940 poeta

1829 4941 1902 4993 De
1931 4941 2060 4993 bello
2111 4941 2269 4993 Abar.
2301 4940 2406 4995 297
2456 4951 2510 4996 et
2563 4957 2748 5012 seqq.,
2801 4946 2978 4999 varias
3035 4947 3390 5000 Barbarorum

1820 5012 2078 5083 nationes
2106 5025 2461 5083 enumerans,
2504 5012 2593 5079 qui
2625 5015 2696 5083 de
2739 5015 3030 5069 evertenda
3077 5014 3230 5083 Cpoli
3263 5031 3393 5067 eon-

1820 5079 1998 5152 silium
2067 5079 2319 5152 inierant.
2386 5083 2559 5152 Atque
2632 5082 2829 5152 ibidem
2885 5085 3004 5152 ὅθί
3055 5079 3261 5152 poetica
3324 5085 3392 5136 li-

1818 5149 2028 5269 belrltale
2079 5163 2188 5201 non
2233 5149 2528 5219 Χάρυσδιν,
2559 5152 2651 5206 sed
2678 5151 2920 5204 Σκύλλαν
2947 5149 3244 5222 σύντροφον
3295 5171 3392 5223 ap-

1819 5235 1884 5269 [ιε
1926 5227 2000 5269 at.

1857 5227 2000 5272 ellat.

1819 5235 2212 5361 Ρῗῗὲξ-Ἰὁίάεηι
2241 5304 2294 5361 v_.
2325 5286 2432 5342 297
2468 5287 2615 5361 inter
2644 5288 2910 5343 Barbaros
2940 5289 3158 5361 Scythis
3178 5332 3192 5350 ,
3227 5292 3278 5346 id
3309 5308 3393 5346 est:

1814 5355 2113 5430 Abaribus,
2159 5357 2479 5430 coniunctos
2504 5357 2753 5430 _§clavos
2801 5355 3088 5430 recenset:
3119 5362 3213 5415 sed
3256 5377 3392 5430 quos

1814 5426 1884 5497 i_hi
1917 5425 2207 5497 Σθλάῦους,
2242 5427 2342 5497 hic
2378 5425 2651 5497 Σκλάϐους
2683 5429 2937 5497 appellat.
2972 5430 3177 5484 Horum
3207 5425 3387 5484 autem

1816 5493 2169 5569 Barbarorum
2203 5495 2526 5569 _n_i_ultitud_o
2589 5493 2905 5569 cons—censis
2956 5500 3259 5569 monoxylis
3304 5499 3389 5569 vel

1814 5564 2063 5617 trabariis
2092 5564 2321 5632 navigiis
2345 5579 2442 5632 per
2473 5565 2672 5620 fretum
2723 5567 3035 5622 Ceratinum
3083 5564 3268 5622 urbem
3301 5567 3389 5620 di-

1814 5633 1991 5699 ripere
2039 5647 2291 5700 aggressa
2349 5634 2552 5688 dicitur
2606 5653 2620 5690 ι
2675 5644 2735 5690 ιιι
2764 5639 2910 5691 enim
2967 5639 3156 5690 ibidem
3189 5636 3386 5689 Noster

1823 5703 1897 5776 ait
1934 5701 2171 5776 v._5l'_2,
2228 5701 2570 5776 Σθλάβωνᾼτε
2605 5705 2785 5776 πλήθη
2827 5707 3152 5776 Βουλγάροις
3186 5720 3388 5776 μεμιγν

1823 5772 1960 5842 μένα
2004 5771 2155 5841 ἔμιξε
2187 5771 2286 5844 τὴν
2321 5772 2428 5845 γῆν
2456 5773 2556 5846 τῆς
2602 5771 2874 5846 θαλάττης
2906 5771 3004 5844 τὴν
3042 5771 3246 5844 μάχην.

3006 5865 3079 5928 42
