3818 6346
382 484 462 537 Τά
488 485 595 537 τῶν
632 485 868 541 πολιτῶν
905 491 1312 559 συμπλέκεσθαι
1349 498 1671 564 πράγματα,

386 575 527 646 Μηδ⁹
556 572 624 630 αὖ
656 578 914 646 γενέσθαι
945 579 1266 650 βλαπτικοῖς
1299 588 1667 650 κατασκόποις

242 665 345 720 115
383 666 618 736 Ἐκδηλα
652 668 760 721 τῶν
786 670 895 724 σῶν
924 674 1257 742 σκεμμάτων
1286 677 1355 730 τά
1381 671 1628 746 δόγματα
1651 693 1663 705 ·

381 755 730 810 Καλύπτεται
755 761 864 830 γὰρ
888 761 963 824 ὡς
995 763 1146 832 νέφει
1179 766 1526 828 κατάσκοπος

385 847 568 918 Ὀχλῳ
600 854 917 922 παρεισδὺς,
943 855 1038 908 καὶ
1067 855 1388 927 δυσεύρετος
1421 858 1594 927 μένει.

394 937 605 990 Ἐκετσε
632 940 785 1007 γοῦν,
824 943 1106 1012 κράτιστε.
1145 946 1418 1016 συλλέγων
1449 949 1569 1000 ὅλον

385 1027 490 1080 Τὸν
516 1029 640 1084 νοῦν
665 1033 891 1085 σεαυτοῦ
927 1035 1019 1088 καὶ
1043 1037 1204 1107 σχολῇ
1236 1042 1374 1109 σοφῇ
1403 1041 1639 1110 τρέφων,

250 1118 352 1172 120
385 1119 573 1182 Πάσας
599 1121 842 1190 ἀνέγνως
873 1123 1144 1190 διατάξεις
1175 1128 1284 1180 τῶν
1315 1130 1495 1199 νόμων

382 1209 494 1273 Τάς
515 1211 574 1276 ἐξ
603 1211 782 1265 ὅπλων
811 1216 903 1267 καὶ
937 1217 1279 1286 πραγμάτων
1305 1219 1636 1291 ὡρισμένας.

398 1301 540 1355 Ἀλλ’
566 1298 634 1373 ἦν
656 1305 724 1358 τά
755 1323 786 1358 κ
798 1306 979 1376 ρυπτά
1009 1307 1102 1361 τοῦ
1139 1311 1344 1362 σκοποῦ
1375 1329 1468 1366 σου
1501 1315 1746 1384 δόγματα

371 1393 578 1461 Λόγων
604 1395 850 1465 ἀφορμαὶ
870 1401 983 1460 τοῖς
1006 1399 1183 1452 λαλεῖν
1215 1401 1567 1472 εἰθισμένοις,

389 1484 524 1554 Παρ⁹
557 1479 638 1547 οἷς
661 1485 994 1558 ὀλισθήσασα
1020 1490 1121 1557 τῆς
1154 1490 1262 1545 ἔσω
1293 1492 1458 1563 θύρας

251 1570 353 1623 1ἒὸ
397 1572 460 1625 Ἦ
487 1572 702 1640 γλῶττα
733 1577 920 1644 φεύγει
954 1581 1042 1632 καὶ
1073 1579 1173 1650 βοᾷ
1197 1581 1583 1651 πλανωμένως.

393 1660 586 1731 Ὅμως
619 1665 855 1728 συνεῖδες
882 1665 1054 1721 ταῦτα
1081 1669 1408 1740 συγγνώμην
1429 1672 1572 1741 ἔχειν
1594 1691 1605 1702 ο

391 1748 576 1815 Ἔδοξε
609 1754 718 1823 γάρ
753 1771 866 1818 πως
891 1755 949 1820 ἐξ
971 1758 1218 1830 ἀνάγκης
1245 1761 1468 1828 εὐλόγου

392 1841 498 1894 Τοῦ
527 1843 665 1914 πρὸς
698 1845 757 1898 σὲ
785 1847 1007 1918 φίλτρου
1031 1849 1319 1921 δυσφορεῖν
1345 1855 1377 1922 ἡ
1414 1855 1682 1927 κοινότης,

388 1933 500 1985 Οὐκ
524 1935 587 1986 ὲκ
617 1933 812 2004 φθόνου
836 1937 933 2008 τὴν
965 1939 1212 2006 γλῶτταν
1242 1943 1594 2014 ἡρεθισμένοι

253 2021 354 2079 130
388 2024 534 2090 (Τοῖς
559 2024 853 2094 βασκάνοις
878 2028 986 2098 γάρ
1009 2029 1068 2083 οὐ
1097 2029 1417 2098 φθονοῦνται
1449 2036 1774 2106 φροντίδες),

402 2113 541 2172 ⁹Δλλ⁹
572 2116 634 2171 οὐ
664 2117 945 2186 στέγοντες
975 2118 1072 2191 τὴν
1098 2121 1368 2178 ἀπουσίαν
1400 2123 1637 2195 βλέπειν.

253 2275 323 2315 ne
353 2259 459 2314 tuis
489 2260 757 2316 ullatenus
807 2261 1051 2318 consiliis
1079 2264 1277 2320 civiu’m
1319 2266 1820 2334 intermiscerentur

255 2352 472 2422 negotia
506 2393 522 2417 ,
577 2367 753 2421 neque
803 2353 958 2408 ﬁeret
1023 2356 1346 2425 perniciosis
1399 2361 1824 2430 speculatoribus

252 2444 399 2514 (115)
443 2453 629 2514 aperta
679 2455 892 2500 tuarum
943 2449 1328 2518 cogitationum
1380 2451 1649 2507 voluntas.
1685 2454 1824 2508 Abs-

249 2537 501 2591 conditur
551 2539 728 2600 enim,
778 2539 1146 2604 velut-nube,
1194 2543 1502 2611 explorator
1540 2545 1677 2599 clam
1709 2554 1822 2598 tur-

249 2627 335 2680 ba:
369 2627 673 2691 immistus,
706 2637 760 2682 et
787 2629 1010 2683 inventu
1041 2639 1126 2684 est
1154 2630 1405 2686 dilIicilis.
1444 2632 1518 2686 lbi
1551 2633 1712 2704 igitur
1738 2644 1821 2688 to-

253 2727 361 2774 tam
391 2717 649 2786 colligens
673 2758 687 2782 ,
719 2733 753 2772 ο
783 2717 1106 2784 fortissime,
1139 2730 1284 2776 tuam
1318 2731 1553 2778 mentem
1577 2764 1592 2786 ,
1620 2733 1674 2778 et
1713 2727 1826 2780 otio

249 2808 481 2878 sapienti
531 2810 813 2873 nutriens,
853 2811 999 2880 (120)
1049 2827 1238 2867 omnes
1284 2815 1520 2884 relegisti
1555 2817 1824 2877 constitu-

250 2901 427 2954 tiones
457 2901 635 2970 legum
667 2902 810 2956 circa
844 2919 930 2958 res
961 2904 1178 2959 bellicas
1205 2915 1260 2960 et
1292 2906 1479 2960 civiles
1508 2908 1819 2976 praeﬁnitas.

253 2992 362 3048 Sed
393 3008 459 3048 ex
493 2994 723 3048 occultis
751 3003 854 3048 tua:
885 2997 1084 3052 mentis
1111 2997 1353 3052 consiliis
1383 2998 1635 3067 loquendi
1666 3015 1827 3054 ocra-

250 3083 335 3138 sio
363 3091 522 3154 capta
553 3093 636 3138 est
665 3099 695 3138 a
732 3085 961 3155 garrulis
980 3125 995 3150 ,
1026 3086 1181 3156 queis
1206 3087 1408 3141 lubrica
1437 3098 1586 3144 extra
1615 3099 1824 3160 septum

1447 389 1974 450 HERACLIADOS
2013 391 2178 450 ΑΕΒ.
2213 390 2294 452 II.

3363 386 3382 448 1
3394 388 3495 450 326

2061 499 2180 553 Κᾶν
2215 494 2476 559 πολλάκις
2504 495 2738 565 τυχώσιν
2769 496 3128 567 ὼφελημένοι.

2145 588 2414 642 Ἐνταῦθα
2444 589 2538 641 τὸν
2573 588 2702 658 πρὶν
2744 589 2929 642 Ἠλίαν
2966 589 3319 660 μιμούμενος,

2059 680 2170 732 Καὶ
2197 681 2314 742 ταῖς
2340 679 2572 749 ἐρήμοις
2603 680 2918 748 ἐμϐατεύων
2950 681 3177 751 ὲτρέφου

1924 769 2024 824 155
2064 771 2138 822 UO
2170 769 2394 840 βρῶσιν,
2432 770 2509 832 ώς
2545 769 2773 836 ἔδειξας,
2803 771 2938 824 ἀλλά
2966 771 3249 843 φροντίδας
3270 786 3284 800 ·

2063 861 2177 912 Οὐκ
2207 855 2273 929 ἦν
2301 861 2410 930 γάρ
2438 859 2595 930 ἔργον
2623 861 2935 931 πολεμικῶν
2975 863 3389 929 συνταγμάτων,

2073 951 2137 1004 Ὃ
2175 951 2249 1020 μὴ
2286 951 2550 1021 μετῆλθες
2581 953 2644 1020 τῇ
2680 951 2842 1021 σχολῇ
2871 951 2983 1004 τῶν
3017 955 3349 1020 σκεμμάτων

2065 1039 2285 1106 Τυπῶν,
2313 1041 2651 1110 προτάττων,
2679 1041 3040 1111 εὐτρεπίζων,
3068 1042 3459 1112 προσγράφων,

2060 1131 2169 1184 Καὶ
2199 1129 2631 1201 σχηματουργῶν
2663 1130 2761 1199 τῆς
2792 1135 2972 1202 μάχης
3005 1132 3103 1194 τὰς
3139 1134 3355 1194 εἰκόνας

1925 1219 2026 1274 110
2066 1221 2304 1284 Ἀλλοις.
2339 1220 2574 1292 σεαυτῷ,
2606 1220 2686 1291 τῷ
2721 1219 2954 1292 στρατῷ,
2983 1228 3092 1285 τοῖς
3124 1223 3354 1286 ἔθνεσιν,

2077 1313 2165 1375 Ὧς
2195 1313 2259 1366 ἀν
2289 1329 2373 1374 τις
2403 1289 2534 1382 εἴπῃ
2563 1312 2872 1382 περιϐαλὼν
2898 1316 2956 1365 ἐν
2981 1315 3249 1386 συντόμῳ,

2066 1404 2178 1477 Πρὸ
2208 1402 2315 1457 τῶν
2348 1403 2573 1472 ἀγώνων
2604 1405 2729 1466 τοὺς
2762 1404 2982 1470 ἀγῶνας
3019 1405 3294 1472 συλλέγων

2065 1497 2172 1548 Καὶ
2203 1493 2303 1563 τὴν
2334 1494 2490 1565 νίκην
2523 1495 2661 1564 δρῶν
2692 1495 2919 1558 ἐντελῶς
2953 1495 3058 1564 πρὸ
3089 1496 3185 1565 τῆς
3219 1497 3420 1566 μάχης.

2139 1586 2322 1638 Ἀλλοι
2356 1586 2454 1656 μὲν
2483 1582 2574 1638 οὖν
2605 1587 2929 1656 γράνέιουσιν,
2956 1583 3034 1648 οἷς
3066 1587 3212 1644 δοκεῖ
3241 1589 3416 1658 φίλον,

1928 1680 2028 1733 “5
2068 1679 2230 1747 Ὄρη,
2257 1680 2546 1747 φάραγγας
2571 1679 2664 1730 καὶ
2691 1681 2881 1741 στενὰς
2907 1679 3173 1742 διεξόδους

2059 1769 2170 1822 Καὶ
2199 1768 2296 1830 τὰς
2326 1767 2623 1836 πετρώδεις
2651 1770 2841 1838 ἐξοχὰς
2873 1772 2964 1826 καὶ
2999 1771 3319 1834 δυσσάτους.

2061 1861 2138 1911 Δι’
2171 1854 2245 1913 ὧν
2275 1859 2548 1928 παρῆλθες
2575 1861 2652 1925 ὼς
2679 1859 2813 1936 πνοὴ
2840 1860 3196 1930 ταχυδρόμος,

2073 1951 2158 2014 Ὠς
2186 1950 2310 2008 οὔτε
2345 1951 2572 2021 πέτραις
2609 1952 2674 2006 ἐκ
2703 1950 2871 2019 βελῶν
2895 1952 3225 2021 ἀφιγμέναις

2061 2045 2278 2096 ’Ἐνεστι
2309 2042 2545 2112 βάλλειν,
2576 2041 2698 2098 οὔτε
2733 2043 2830 2110 μὲν
2861 2043 3136 2111 ὀρύγμασι

1928 2134 2028 2188 150
2064 2135 2174 2207 Τὴν
2196 2137 2298 2207 γῆν
2324 2135 2731 2205 ὑπογλύφοντας
2763 2132 2990 2188 ἑλκύσαι
3019 2135 3188 2186 κάτω.

1999 2276 2078 2330 Τιι
2114 2277 2350 2348 priscum
2381 2277 2587 2333 interea
2612 2275 2852 2330 imitatus
2881 2272 3074 2334 Eliam,
3104 2281 3265 2340 atque
3295 2271 3346 2325 in
3378 2286 3499 2326 ere-

1927 2369 2030 2422 mis
2060 2369 2293 2438 degens,
2331 2367 2640 2424 vescebaris
2669 2365 2816 2437 (155)
2859 2381 2969 2419 non
3004 2364 3125 2418 cibo
3145 2404 3158 2426 ,
3194 2371 3252 2416 ut
3281 2363 3528 2434 videbag

1928 2461 2036 2524 ris,
2072 2461 2164 2514 sed
2209 2460 2355 2514 curis
2405 2460 2572 2530 (nulla
2609 2458 2752 2512 enim
2783 2463 2900 2511 erat
2934 2470 3022 2509 res
3072 2455 3212 2508 bello
3259 2454 3500 2524 parando

1927 2551 2257 2617 necessaria,
2280 2566 2400 2620 quae
2431 2567 2541 2604 non
2573 2556 2863 2618 occuparet
2894 2557 2997 2600 tua:
3027 2546 3225 2600 mentis
3253 2546 3496 2608 ostium).

1929 2641 2199 2706 formans,
2233 2642 2558 2711 disponens,
2590 2653 2858 2710 apparatis
2879 2678 2894 2701 ,
2925 2636 3241 2696 describens
3265 2676 3279 2698 ,
3312 2645 3366 2690 et
3410 2652 3500 2688 rev

1928 2742 2270 2799 prmsentans
2299 2732 2477 2786 varias
2506 2730 2630 2786 belli
2683 2728 2976 2798 imagines,
3018 2726 3164 2796 (MO)
3211 2726 3306 2779 tibi
3338 2734 3501 2794 atque

1927 2823 2046 2879 aliis
2069 2864 2083 2883 ,
2114 2824 2376 2878 militibus
2405 2832 2460 2877 et
2487 2823 2738 2892 gentibus
2762 2860 2776 2883 ,
2821 2829 2982 2888 atque
3007 2860 3020 2881 ,
3063 2827 3123 2872 ut
3170 2817 3290 2887 quis
3320 2818 3496 2870 omnia

1928 2915 2299 2984 complectens
2328 2915 2562 2979 dixerit,
2613 2922 2738 2965 ante
2768 2910 2950 2980 praelia
3000 2923 3288 2962 recensens
3319 2909 3499 2977 przelia

1929 3015 1984 3060 et
2018 3015 2144 3062 ante
2173 3022 2408 3078 pugnam
2441 3003 2681 3058 referens
2712 3003 2926 3071 plenam
2958 2999 3262 3055 victoriam.

1998 3099 2067 3153 At
2115 3099 2357 3154 scribent
2403 3096 2529 3160 alii,
2574 3092 2729 3162 queis
2776 3093 2894 3147 haec
2941 3099 3068 3145 sunt
3114 3089 3304 3152 cordi,
3353 3091 3500 3162 (HE)

249 3175 495 3230 dentium
535 3176 680 3246 (195)
715 3178 904 3249 ell’ugit
931 3179 1144 3250 lingua,
1175 3191 1230 3234 et
1276 3181 1406 3235 falsa
1445 3182 1688 3253 garriens
1715 3184 1828 3237 clu-
1857 3179 1898 3234 C
1934 3199 2146 3244 montes
2184 3199 2240 3244 et
2268 3189 2434 3242 valles
2462 3195 2517 3239 et
2544 3195 2804 3255 angustos
2829 3183 3035 3248 exitus,
3083 3190 3138 3235 et
3187 3183 3502 3253 sc0pulosos

247 3266 423 3322 mitat.
469 3268 719 3325 Attamen
772 3270 915 3324 nosti
959 3271 1074 3326 haec
1123 3287 1242 3326 esse
1285 3274 1446 3344 digna
1493 3275 1689 3331 venia:
1725 3276 1824 3328 visi

247 3357 394 3412 enim
449 3368 576 3413 sunt
627 3360 774 3429 juste
817 3368 873 3414 et
914 3362 1223 3416 necessario
1266 3365 1335 3418 ob
1368 3365 1635 3433 quoddam
1669 3365 1722 3418 in
1771 3375 1822 3422 te

249 3450 514 3520 philtrum
541 3451 593 3507 id
631 3466 772 3522 agre
794 3451 935 3507 ferre
962 3453 1137 3516 cives.
1169 3470 1274 3508 non
1307 3466 1487 3510 autem
1518 3471 1582 3510 ex
1622 3457 1818 3511 invidia

250 3542 490 3613 linguam
540 3558 736 3597 acuere
787 3544 932 3614 (150)
967 3545 1158 3612 (invidi
1205 3547 1349 3601 enim
1397 3548 1541 3602 curis
1588 3564 1697 3602 non
1736 3550 1820 3602 in—

251 3632 482 3704 vident),
511 3636 602 3690 sed
633 3637 774 3706 quod
817 3639 1106 3707 nequirent
1153 3649 1299 3694 tuam
1325 3641 1626 3695 absentiam
1657 3642 1820 3703 ferre,

251 3727 502 3795 quamvis
530 3742 673 3799 saepe
717 3737 860 3782 tuam
899 3744 1058 3800 opem
1087 3740 1268 3785 essent
1297 3732 1526 3802 experti.

1931 3281 2163 3338 vertices
2191 3289 2245 3334 et
2271 3277 2562 3348 impervios
2582 3317 2596 3339 ,
2627 3291 2762 3343 quos
2790 3274 3126 3344 pertransisti
3148 3315 3160 3335 .
3190 3283 3250 3328 ut
3281 3274 3502 3344 spiritus

1930 3369 2285 3430 celerrimus,
2343 3378 2586 3436 quosque
2634 3378 2734 3416 nec
2790 3364 2932 3416 saxis
2970 3361 3198 3417 ballistis
3245 3361 3502 3415 immissis

1929 3462 2009 3517 fas
2027 3469 2110 3516 est
2129 3473 2439 3530 oppugnare
2455 3498 2468 3521 ,
2485 3470 2660 3524 neque
2677 3455 2806 3509 item
2825 3453 2994 3508 foveis
3013 3453 3166 3524 (150)
3188 3453 3380 3506 subtus
3395 3452 3500 3506 hu~

1929 3549 2002 3603 mi
2038 3548 2252 3603 effossis
2281 3555 2648 3616 prosternere.
2695 3543 2773 3596 Ita
2812 3543 2972 3612 plane
3003 3551 3216 3597 montes
3244 3548 3371 3595 ειιιιι
3399 3541 3500 3595 lto-

1931 3641 2104 3695 stibus
2143 3639 2390 3695 mmnia:
2431 3637 2616 3691 fauces
2665 3643 2852 3688 tenent
2889 3635 3101 3689 itineris
3148 3632 3496 3702 praestrictas.

1927 3733 2101 3810 Atque
2141 3732 2228 3790 hic
2255 3746 2354 3808 ego
2398 3729 2623 3793 vellem,
2657 3727 2904 3798 quamvis
2949 3726 3104 3782 rudis
3149 3725 3400 3804 scriptor,
3439 3734 3494 3782 ut

1533 3887 1764 3948 VARI/i5
1801 3889 2206 3950 LECTIONES.

323 4011 429 4092 125
460 4009 585 4092 τοὺς
615 4011 795 4092 λαλεῖν
829 4014 1166 4086 εἰθισμένους
1196 4019 1282 4073 ed.
1363 4020 1465 4074 156
1503 4021 1678 4092 ἔργων
1717 4021 1933 4076 codices
1955 4031 2010 4076 et
2047 4022 2134 4074 eti.

250 4081 380 4152 ἦλθε
403 4078 617 4136 codices
649 4090 701 4136 et
729 4083 816 4138 ed.

2233 4023 2302 4073 ib.
2343 4016 2652 4085 πολεμικῶν
2675 4015 2735 4080 Ρ,
2787 4013 3042 4084 μαχίμων
3071 4013 3157 4064 ml.
3239 4013 3336 4064 157
3371 4030 3500 4080 ρετ..

1756 4155 1987 4211 ΝΟΤΛΞ.

253 4291 454 4345 etenim
483 4303 582 4358 per
613 4303 707 4343 eos
737 4288 854 4344 dies
893 4298 1048 4358 erant
1087 4288 1200 4342 ludi
1235 4287 1538 4350 Circenses,
1579 4291 1823 4344 convivia

253 4371 307 4415 et
333 4360 643 4429 largitiones
661 4359 907 4429 publica}.
926 4357 1132 4429 Videsis
1159 4358 1487 4429 Ducangium
1508 4358 1634 4429 Lex.
1655 4358 1752 4429 Gr.
1768 4377 1819 4412 v.

253 4427 567 4500 Βρουμάλια
584 4438 637 4500 et
660 4427 786 4482 Lex.
803 4428 923 4500 Lat.
941 4446 990 4482 υ.
1015 4427 1236 4500 Βνιιηια,
1263 4437 1316 4500 et
1336 4427 1486 4500 Cpol.
1505 4427 1697 4500 Christ.
1724 4427 1818 4482 lib.

252 4497 314 4561 ιι,
336 4514 385 4554 c.
411 4498 463 4560 6,
503 4515 555 4566 ρ.
583 4499 703 4560 158,
735 4506 790 4552 et
829 4497 1606 4567 Constantinuml‘orpbyrog.
1631 4498 1703 4551 De
1724 4514 1825 4552 ca:—

253 4585 452 4622 remon.
477 4568 623 4620 Αυιω
655 4567 902 4636 Βῃιοηι..
944 4569 1036 4620 lib.
1066 4584 1121 4629 tt,
1157 4583 1206 4620 c.
1245 4566 1331 4619 18.
1359 4567 1494 4620 Cum
1530 4566 1691 4635 igitur
1731 4583 1828 4636 per

255 4637 581 4708 totumfere
623 4638 908 4708 hibernum
963 4646 1175 4708 tempus
1218 4636 1396 4689 feriari
1439 4637 1684 4708 solerent
1725 4637 1824 4708 By-

252 4707 458 4762 zantini
481 4745 496 4768 ,
530 4707 729 4761 idcirco
759 4707 887 4761 dicit
913 4708 1005 4759 καὶ
1037 4705 1267 4775 μάλιστα
1297 4706 1560 4774 χειμῶνος
1584 4707 1753 4768 ὄντος.

326 4777 450 4830 115.
491 4776 567 4829 De
609 4776 1039 4844 exploratoribus
1086 4785 1142 4830 et
1173 4775 1602 4844 speculatoribus
1649 4776 1823 4830 diser-

252 4846 464 4900 tissime
499 4847 609 4915 agit
639 4846 836 4900 Ezech.
864 4845 1226 4914 Spanhemius
1258 4845 1331 4898 De
1364 4845 1674 4914 prwslantia
1708 4845 1825 4898 Νιι-

253 4917 450 4977 πιὶειη..
481 4915 571 4968 lib.
599 4931 656 4976 tt,
691 4931 742 4983 p.
771 4916 911 4979 334',
940 4917 1005 4969 ad
1036 4932 1148 4969 rem
1180 4925 1358 4968 autem
1390 4915 1583 4968 Suidas
1607 4931 1659 4967 ν.
1710 4915 1826 4980 Ἐξ-

253 4984 787 5055 πλωράτωρσίὲργον
833 4985 1040 5047 τούτοις
1072 4986 1132 5037 τὸ
1177 4984 1640 5055 neptepTdCsaﬂat
1663 4983 1747 5055 τίς
1785 4985 1819 5055 ή

252 5055 362 5107 τῶν
382 5052 740 5122 ’πραγμάτων
773 5055 1103 5114 κατάστασις
1130 5055 1222 5107 καὶ
1255 5052 1381 5106 ποῖα
1411 5055 1478 5106 τὰ
1513 5052 1654 5106 κατὰ
1692 5052 1828 5106 Ῥωὲ

259 5124 436 5194 μαίων
471 5124 815 5194 σκεπτόμενα
862 5123 966 5178 ὑπὸ
1001 5124 1245 5193 Περσῶν,
1279 5127 1371 5176 καὶ
1405 5124 1699 5193 ἀναφέρειν
1732 5123 1825 5175 ἐπὶ

256 5193 348 5245 τὸν
385 5193 621 5260 βασιλέα.

335 5264 451 5333 lio.
499 5262 652 5316 Metri
698 5263 867 5333 gratia
914 5261 1051 5316 adde
1097 5261 1419 5325 articulum,
1464 5272 1518 5318 et
1568 5262 1682 5331 lege
1726 5262 1854 5326 τὰς.

255 5332 542 5395 διατάξεις.

336 5401 452 5454 liii.
495 5400 612 5453 Non
663 5399 1038 5470 dubitOLqua:
1079 5400 1145 5454 de
1187 5401 1415 5470 garrulis
1453 5401 1640 5463 tradit,
1672 5401 1824 5470 juxta

259 5479 502 5542 mentem
530 5469 804 5542 Plutarchi
850 5469 1228 5542 dixisse_,_qui
1251 5471 1643 5542 aureoklibello
1677 5469 1824 5542 Περὶ

254 5539 568 5625 ἀδολεσχίας
604 5555 656 5606 p.
831 5540 909 5592 sic
943 5539 1131 5620 scribit
1158 5540 1371 5629 :‘Qbéév
1396 5540 1569 5629 ρῦτως
1601 5542 1632 5610 ἡ
1663 5539 1824 5629 φύσις

256 5610 463 5678 εὸεχῶς
509 5610 867 5677 κεχαράκωκε
900 5610 1010 5660 τῶν
1055 5611 1184 5682 παρ’
1216 5611 1342 5677 ὑμῖν
1379 5610 1454 5671 ὼς
1502 5610 1600 5678 τὴν
1651 5611 1824 5677 γλῶτ-

254 5677 680 5750 τανοίβαλομένη
716 5678 958 5750 φρρυράν
993 5679 1099 5750 πρὸ
1137 5679 1304 5748 αὐτῆς
1331 5680 1457 5750 ,τοὺς
1487 5679 1724 5750 ὀδόντας,
1757 5681 1822 5732 ἵν’

257 5748 354 5800 ὲάν
375 5748 530 5818 έντδς
559 5748 981 5818 κατατείνοντος
1021 5748 1143 5818 ἡνία
1201 5748 1518 5818 σιγαλόεντα
1552 5749 1647 5800 τοῦ
1679 5749 1821 5817 λογι-

261 5816 400 5887 σμοῦ
435 5818 508 5886 μὴ
549 5816 798 5888 ὑπακούῃ
829 5817 961 5887 μηδὲ
1003 5816 1301 5890 ἀνειλῆται,
1347 5817 1621 5887 δήγμασιν
1650 5816 1819 5890 αὐτῆς

1935 4291 2251 4359 κατέχωμεν
2285 4290 2383 4359 τὴν
2415 4288 2689 4358 ἀκρασίαν
2714 4286 3088 4359 αἱμάττοντες.

2004 4356 2124 4414 128.
2141 4356 2365 4430 Φίλτρον
2387 4356 2621 4428 positum
2645 4356 2962 4430 ἐμφατικῶς
2979 4372 3076 4430 pro
3090 4358 3289 4430 amoris
3310 4370 3499 4426 magna

1933 4430 1982 4505 vi
2011 4449 2023 4483 :
2060 4431 2259 4505 philtra
2276 4426 2435 4505 enim
2471 4436 2598 4505 sunt
2632 4426 2832 4505 amoris
2863 4426 3159 4505 illecebrm;
3179 4427 3377 4505 qnibus
3409 4444 3502 4505 per

1930 4500 2040 4553 vim
2065 4496 2205 4568 'quis
2241 4499 2305 4552 ad
2337 4498 2628 4551 amandum
2661 4496 3093 4568 allicitur.__Seite
3128 4496 3184 4568 S.
3211 4496 3502 4568 Gregorius

1933 4565 2186 4624 Nazianz.
2234 4569 2375 4624 inter
2417 4568 2657 4622 carmina
2710 4565 2952 4619 Nicobuli
3006 4566 3174 4632 patris
3207 4567 3272 4619 ad
3331 4565 3498 4618 lilium

1934 4656 2064 4693 usus
2115 4648 2196 4693 est
2233 4640 2334 4693 hac
2380 4652 2509 4691 voce
2548 4637 2614 4690 ad
2667 4636 2953 4705 pietatem,
3004 4649 3106 4702 qua
3157 4652 3214 4687 se
3267 4635 3497 4688 invicem

1933 4708 2468 4779 prosequunturnati
2494 4715 2549 4759 et
2575 4715 2844 4779 parentes,
2887 4705 3289 4779 exprimendam
3324 4721 3338 4755 :
3374 4705 3501 4756 Φίλ-

1931 4775 2064 4850 τρῳῖ
2083 4775 2467 4850 μίὲνῌσυνέδῃσε
2497 4779 2657 4850 φύσας
2695 4775 2886 4850 τοκέας
2915 4790 2973 4825 τε
3013 4776 3202 4850 γόνους
3224 4790 3306 4850 τε.

2006 4842 2125 4902 150.
2171 4842 2456 4916 Euripides
2507 4847 2558 4899 in
2609 4845 2928 4916 Belleroph._
2955 4861 3006 4916 v.
3054 4845 3122 4897 49
3154 4861 3164 4895 :
3192 4842 3499 4916 Δφθονοῦσιν

2132 4911 2369 4986 χείρονες
2409 4917 2731 4986 πεφυκότες,
2763 4911 2842 4986 είς
2875 4911 3230 4986 τάπιίσημαδ
3253 4915 3281 4966 ὁ
3308 4913 3498 4979 φθόνος

2151 4979 2314 5054 φιλεῖ.
2359 4979 2616 5039 Similiter
2646 4984 2908 5037 Pindarus
2944 4979 3097 5054 Nam.
3276 4999 3369 5038 vm
3394 5022 3407 5046 ,
3444 5000 3496 5054 ι’.

1933 4919 2086 4971 αὐτοὶ

1933 4987 2107 5058 πηδᾷν

1933 5051 2007 5112 57
2042 5051 2064 5109 ε’
2095 5051 2322 5110 ἅπτεται
2348 5055 2392 5108 δ’
2438 5055 2640 5108 ἐσθλῶν
2683 5054 2788 5112 ἀεὶ,
2821 5053 3120 5122 χειρόνεσσι
3161 5051 3207 5103 δ’
3236 5053 3335 5106 οὐκ
3381 5053 3496 5122 ἐρί-

1933 5127 2034 5192 ζει.
2067 5126 2173 5182 Ubi
2207 5126 2341 5180 scite
2370 5125 2687 5179 scholiastes
2714 5141 2724 5174 :
2768 5121 2978 5192 Ὀγὰρ
3013 5121 3202 5190 φθόνος
3234 5125 3312 5186 είς
3357 5121 3496 5176 καλὰ

1969 5197 2132 5249 αίνει.

1937 5193 2132 5320 galia?
2167 5263 2471 5320 Heraclium
2509 5261 2636 5315 Elire
2665 5270 2961 5330 comparat,
2995 5261 3108 5328 qui,
3147 5259 3373 5316 Domino
3406 5264 3495 5331 ju-

1932 5337 2116 5398 bente,
2143 5336 2195 5388 in
2232 5334 2423 5388 vallem
2463 5331 2645 5386 Carith
2678 5331 2927 5390 secessit,
2961 5331 3140 5399 ibique
3189 5341 3332 5385 totus
3375 5349 3496 5388 ora-

1933 5405 2062 5460 tioni
2094 5414 2147 5459 et
2178 5402 2615 5470 contemplationi
2654 5401 2878 5471 vacavit.
2909 5400 2972 5459 111
3009 5400 3134 5471 Reg.
3168 5417 3293 5454 xvu.

2005 5476 2122 5528 158.
2167 5472 2300 5528 Vide
2329 5469 2409 5525 De
2441 5472 2620 5539 exped.
2653 5485 2710 5540 ιι.
2741 5469 2892 5540 Met
2921 5485 3071 5540 seqq.

2005 5543 2120 5598 159.
2162 5542 2364 5596 Alludit
2394 5541 2459 5595 ad
2488 5538 2743 5594 exercitia
2771 5538 3050 5605 militaria,
3066 5554 3185 5608 quae
3215 5540 3495 5604 describit.

1931 5613 2056 5665 ibid.
2087 5629 2117 5665 a
2145 5630 2197 5666 v.
2229 5612 2322 5664 121
2359 5611 2423 5664 ad
2454 5627 2507 5664 ν.
2537 5610 2658 5663 162.

2000 5682 2123 5736 144.
2163 5680 2317 5747 Quod
2351 5679 2649 5748 praestitum
2682 5677 2783 5733 fuit
2811 5694 2841 5732 a
2882 5678 3233 5748 TlieOpbane.
3262 5676 3353 5744 qui
3388 5676 3496 5730 ilc-

1933 5751 2080 5806 raclii
2125 5753 2278 5820 longa
2317 5747 2528 5816 itinera,
2563 5749 2776 5804 labores
2811 5757 2864 5803 et
2901 5748 3038 5802 bella
3074 5747 3300 5802 feliciter
3345 5756 3493 5818 gesta

1933 5822 2154 5894 copiose.
2183 5828 2382 5882 narrat.
