3818 6346
108 406 266 475 133⁸1
1338 406 1549 470 ΙΙῩΜΝ
1562 411 1656 471 US

1851 400 2182 470 [lliSTUS.
2585 399 2599 405 ’
3024 399 3049 415 ”
3231 399 3367 465 1338

102 520 551 594 σωματούμενόν
613 536 674 574 σε
728 519 971 593 θεωρῶν,
1031 520 1225 593 Κύριε.
1267 521 1549 587 ἐξίστατο,
1609 525 1692 576 καὶ

1851 535 2039 579 lentem
2061 537 2260 592 corpus
2284 532 2380 576 sua
2410 532 2532 576 cum
2560 512 2880 589 incorporea
2905 533 3035 574 voce
3067 518 3368 588 obstupuit,

102 613 314 666 ἵστατο
343 611 673 683 κραυγάζων
700 611 836 683 πρὸς
868 612 1041 682 αὐτὴν
1073 612 1317 668 τοιαῦτα.

1851 656 1854 666 ,
1882 616 2033 670 stetit
2061 615 2128 669 ad
2161 614 2332 683 ipsam
2357 612 2598 667 clamans
2627 611 2751 666 talia
2779 628 2791 663 :

190 706 391 776 Χαῖρε,
424 704 492 758 δι’
519 699 589 777 ἦς
620 706 655 776 ἡ
689 704 835 775 χαρὰ
861 704 1151 776 ἐκλάμψει.

186 797 387 867 Χαῖρε,
421 797 489 849 δι’
514 792 582 870 ἧς
618 796 779 868 ήὰρὰ
806 796 1067 865 ἐκλείψει.

195 887 390 957 Χαῖρε,
416 887 511 941 τοῦ
535 887 793 951 πεσόντος
837 887 1009 958 Ἀδάμ
1038 888 1073 958 ἡ
1107 887 1423 957 ἀνάκλησις.

190 979 387 1045 Χαῖρε,
416 977 525 1030 τῶν
555 977 803 1048 δακρύων
824 980 920 1048 τῆς
944 976 1086 1040 Εὔας
1119 978 1152 1047 ἠ
1181 976 1468 1045 λύτρωσις.

188 1066 385 1134 Χαῖρε,
430 1064 566 1135 ὕψος
593 1065 965 1119 δυσανάδατον
994 1067 1355 1137 ἀνθρωπίνοις
1398 1066 1697 1135 λογισμοῖς.

190 1155 390 1226 Χαῖρε,
417 1154 580 1225 βάθος
631 1155 1006 1227 δυσθεώρητον
1053 1158 1148 1210 καὶ
1196 1157 1443 1225 ἀγγέλων
1502 1157 1704 1226 ὀφθαλ-

110 1246 273 1312 μοῖς.

191 1354 389 1424 Χαῖρε,
422 1354 505 1408 ὅτι
535 1354 798 1425 ὑπάρχεις
820 1356 1092 1421 Βασιλέως
1121 1358 1376 1428 καθέδρα.
1415 1374 1420 1380 ‘

190 1444 389 1511 Χαῖρε,
420 1444 501 1497 ὅτι
529 1443 816 1514 βαστάζεις
845 1447 935 1500 τὸν
958 1447 1293 1517 βαστάζοντα
1325 1448 1521 1501 πάντα.

192 1532 390 1602 Χαῖρε,
422 1535 596 1604 ἀστὴρ
624 1536 905 1604 ἐμφαίνων
931 1538 1024 1590 τὸν
1054 1538 1261 1591 Ἥλιον.

190 1620 390 1695 Χαῖρε,
435 1625 648 1697 γαστὴρ
677 1626 859 1681 ἐνθέου
889 1631 1238 1700 σαρκώσεως.

192 1707 389 1785 Χαῖρε,
412 1716 478 1793 δέ
510 1711 577 1786 ἧς
607 1720 1002 1790 νεουργείταιὴ
1033 1721 1229 1783 κτίσις.

190 1808 388 1877 Χαῖρε,
414 1806 484 1860 δι’
521 1800 587 1878 ἧς
615 1807 1032 1879 βρεφουργεῖται
1067 1814 1095 1865 ὁ
1118 1810 1374 1883 Κτίστης.

189 1898 389 1967 Χαῖρε,
415 1898 482 1952 δι’
510 1895 578 1971 ἧς
613 1904 994 1970 προσκυνεῖται
1020 1904 1048 1954 ὁ
1072 1896 1341 1972 Πλάστης.

190 1990 390 2060 Χαῖρε,
423 1990 609 2061 νύμφη
649 1992 984 2062 ἁνύμφευτε.

190 2103 478 2159 Βλέπουσα
498 2107 533 2176 ἡ
569 2106 697 2174 ἁγία
717 2107 916 2178 ἑαυτὴν
940 2108 999 2161 ἓν
1025 2107 1241 2178 ἁγνεία,
1288 2107 1423 2178 φησὶ
1464 2106 1543 2178 τῷ
1598 2108 1640 2159 Γ
1642 2126 1705 2160 α-

111 2193 294 2265 ϐριὴλ
315 2193 632 2264 θαρσαλέως
649 2214 662 2227 ·
683 2196 756 2251 Τὸ
783 2197 1083 2268 παράδοξόν
1105 2213 1198 2250 σου
1220 2196 1318 2267 τῆς
1348 2197 1555 2266 φωνῆς,
1582 2197 1707 2250 δυσ-

114 2284 470 2356 παράδεκτὸν
493 2303 595 2356 μου
622 2288 690 2357 τῇ
716 2286 861 2358 ψυχῇ
886 2288 1134 2356 φαίνεται
1155 2304 1169 2318 ο
1199 2288 1440 2359 ἀσπόρου
1459 2290 1568 2360 γὰρ
1590 2288 1709 2342 συλ-

111 2375 343 2448 λήψεως
395 2376 492 2447 τὴν
549 2376 747 2448 κύησιν
796 2378 916 2443 πῶς
971 2378 1181 2447 λέγεις,
1215 2381 1465 2451 κράζων·

207 2468 527 2541 Ἀλληλούῖα
541 2486 557 2536 ;

195 2584 407 2638 Γνῶσιν
462 2585 740 2654 ἄγνωστον
793 2586 1061 2657 γνῶναιὴ
1115 2586 1392 2657 Παρθένος
1444 2583 1705 2655 ζητοῦσα,

116 2676 326 2749 ὶῦὀησε
347 2677 482 2748 πρὸς
517 2678 611 2732 τὸν
643 2678 1057 2751 λειτουργοῦντα
1077 2693 1092 2708 ο
1132 2678 1229 2731 Ἐκ
1259 2677 1503 2745 λαγόνων
1531 2676 1710 2744 ἁγνῶν

118 2769 245 2823 υἱὸν
275 2767 390 2832 πῶς
417 2770 535 2822 ἔστι
555 2768 813 2840 τεχθῆναι
845 2769 1100 2833 δυνατόνς
1127 2766 1278 2835 λέξον
1313 2783 1435 2839 μοι’
1470 2767 1604 2839 πρὸς
1643 2767 1711 2837 ἡν

118 2863 340 2923 ἐκεῖνος
357 2859 557 2930 ἔφησεν
585 2861 644 2914 ὲν
666 2860 837 2931 φόϐῳ,
866 2860 1005 2932 πλὴν
1032 2860 1359 2932 κραυγάζων
1384 2857 1527 2912 οὕτω
1553 2874 1567 2889 ⁸

196 2976 399 3046 Χαῖρε,
438 2971 637 3043 βουλῆς
664 2972 978 3044 ἀπορρήτου
1006 2972 1219 3042 μύστις.

198 3068 400 3138 Χαῖρε,
431 3066 594 3135 σιγῆς
616 3065 887 3136 δεομένων
910 3065 1113 3129 πίστις.

200 3158 411 3230 Χαῖρε,
493 3156 606 3211 τῶν
704 3156 999 3228 θαυμάτων
1082 3153 1320 3227 Χριστοῦ
1398 3154 1458 3210 τὸ
1527 3156 1737 3233 προοί-.

128 3264 397 3403 μιΧαῖρε,
420 3333 531 3387 τῶν
582 3333 869 3405 δογμάτων
895 3332 1062 3387 αὐτοῦ
1088 3333 1153 3387 τὸ
1180 3334 1495 3404 κεφάλαιον.

199 3424 399 3494 Χαῖρε,
423 3424 626 3496 κλίμαξ
661 3427 973 3495 ὲπουράνιε,
999 3425 1067 3479 δι’
1089 3423 1157 3498 ἦς
1185 3428 1389 3499 κατέϐη
1418 3431 1448 3481 ὁ
1477 3424 1627 3491 Θεός.

204 3599 405 3666 Χαῖρε,
426 3596 642 3669 γέφυρα
675 3597 990 3669 μετάγουσα
1015 3597 1143 3660 τοὺς
1172 3596 1239 3648 ὲκ
1272 3596 1375 3664 γῆς
1402 3588 1535 3663 πρδς
1553 3595 1714 3665 ούρα-

123 3690 245 3745 νόν.

201 3781 400 3851 Χαῖρε,
429 3778 492 3833 τὸ
515 3779 626 3833 τῶν
663 3780 911 3848 ἀγγέλων
940 3780 1375 3852 πολυθρύλλητον
1398 3772 1601 3844 θαῦμα.

202 3872 408 3943 Χαῖρε,
431 3871 493 3925 τὸ
518 3871 631 3925 τῶν
655 3870 927 3942 δαιμόνων
953 3871 1360 3943 πολυθρήνητον
1385 3865 1626 3938 τραῦμα.

212 3961 418 4034 Χαῖρε,
446 3962 507 4016 τὸ
532 3961 647 4032 φῶς
677 3963 932 4034 ἀρρήτως
962 3966 1295 4034 γεννήσασα.

206 4055 403 4124 Χαῖρε.
432 4054 495 4107 τὺ
518 4054 637 4117 πῶς
667 4051 870 4125 μηδένα
902 4053 1176 4121 διδάξασα.

207 4144 403 4214 Χαῖρε,
442 4142 621 4211 σοφῶν
648 4144 1049 4214 ὑπερϐαίνουσα
1079 4142 1302 4212 γνῶσιν.

210 4234 406 4305 Χαῖρε,
438 4235 648 4289 πιστῶν
674 4235 1099 4304 καταυγάζουσα
1131 4235 1355 4307 φρένας.

208 4322 403 4395 Χαῖρε,
428 4325 615 4398 νύμφη
645 4322 979 4397 άνύμφευτε.

209 4441 451 4511 Δύναμις
480 4436 576 4494 τοῦ
620 4438 879 4510 Ὑψίστου
911 4438 1203 4493 ὲπεσκίασε
1239 4438 1362 4492 τότε
1414 4436 1549 4508 πρὸς
1585 4435 1714 4489 σύλ-

1870 710 2004 770 Ave,
2035 721 2133 776 per
2153 720 2313 775 quam
2350 703 2658 773 splendebit
2677 703 2881 759 laetitia.

1872 800 2003 857 Ave.
2032 813 2131 868 per
2160 812 2320 867 quam
2346 796 2560 851 deﬁciet
2586 795 2955 850 maledictum.

1870 890 2006 949 Ave,
2028 888 2171 958 lapsi
2201 888 2331 943 Adae
2354 887 2648 942 revocatio.

1872 980 2003 1040 Ave,
2031 979 2386 1049 lacrymarum
2416 977 2539 1034 Eva:
2567 978 2889 1048 redemptio.

1870 1069 2002 1132 Ave,
2034 1067 2287 1121 humanis
2316 1068 2731 1137 cogitationibus
2751 1068 3022 1123 inaccessa
3050 1065 3296 1122 altitudo.

1870 1163 2004 1225 Ave,
2031 1159 2160 1229 ipsis
2192 1159 2505 1231 angelorum
2551 1159 2725 1215 oculis
2752 1159 3037 1215 invisibilis
3090 1156 3374 1230 profundi-

1807 1260 1905 1306 L’lS.

1872 1364 2007 1424 Ave,
2034 1362 2292 1431 quoniam
2325 1362 2485 1431 Regis
2515 1379 2574 1418 es
2605 1364 2854 1416 thronus.

1874 1453 2008 1517 Ave,
2035 1453 2291 1523 quoniam
2326 1462 2627 1521 portantem
2652 1453 2835 1507 omnia
2860 1463 3063 1523 portas.

1877 1549 2010 1611 Ave,
2037 1545 2210 1608 stella,
2232 1558 2354 1613 quae
2375 1542 2551 1598 Solem
2576 1545 2805 1614 profers.

1876 1637 2010 1698 Ave.
2036 1636 2235 1691 divina;
2259 1637 2653 1691 incarnationis
2674 1644 2888 1694 uterus.

1878 1729 2011 1791 Ave,
2042 1742 2141 1797 per
2172 1743 2332 1798 quam
2355 1739 2647 1783 renovatur
2670 1737 2937 1785 creatura.

1881 1815 2013 1880 Ave,
2052 1831 2147 1884 per
2167 1831 2326 1885 quam
2359 1815 2416 1869 ﬁt
2446 1815 2624 1871 infans
2641 1815 2864 1872 Creator

1734 1868 1780 1929 Β
1879 1907 2013 1971 Ave,
2042 1868 2139 1975 per
2163 1868 2322 1975 tinam
2352 1904 2546 1961 Factor
2561 1906 2835 1961 adoratur.

1878 1998 2013 2062 Ave,
2046 2012 2243 2067 sponsa
2272 1997 2517 2066 innupta.

1788 2126 1801 2138 “
1883 2106 1954 2162 Se
1986 2114 2150 2161 totam
2177 2107 2364 2162 videns
2395 2106 2449 2161 in
2479 2107 2714 2177 puritate
2743 2116 2926 2162 sancta
2970 2104 3151 2179 Virgo,
3205 2107 3379 2164 ﬁden-

1815 2209 1896 2255 ter
1917 2196 2306 2254 dixitGalirieii
2334 2216 2348 2252 :
2379 2198 2705 2253 Admiranda
2757 2212 2854 2259 vox
2890 2208 2979 2254 tua
3037 2214 3160 2254 meo
3199 2199 3383 2255 animo

1812 2297 2068 2359 perceptu
2129 2288 2361 2344 diﬂieilis
2417 2288 2670 2343 videtur:
2712 2304 2936 2358 ecquem
2986 2289 3130 2343 enim
3182 2304 3383 2346 conce-

1813 2375 2017 2444 ptionis
2072 2375 2189 2430 sine
2238 2375 2446 2431 semine
2491 2375 2661 2431 fctum
2711 2393 2921 2440 narras,
2956 2377 3184 2435 dicens:

1884 2462 2142 2519 Alleluia?

1880 2572 2107 2630 Arcana:
2149 2574 2226 2629 rei
2285 2573 2531 2628 notitiam
2593 2573 2791 2629 habere
2818 2588 3066 2644 quaerens
3090 2572 3276 2645 Virgo,
3313 2574 3382 2628 ad

1814 2667 2121 2721 ministrum
2171 2666 2421 2720 clamavit
2452 2683 2465 2720 :
2502 2664 2544 2718 E
2573 2666 2723 2735 puris
2760 2664 3080 2726 visceribus.
3123 2680 3241 2739 age,
3295 2664 3385 2721 die

1814 2756 1969 2821 mihi,
2002 2756 2224 2827 quinam
2268 2756 2381 2811 ﬁeri
2438 2765 2635 2826 potest.
2668 2765 2728 2810 ut
2773 2765 3025 2811 nascatur
3067 2754 3252 2813 ﬁlius?
3293 2755 3386 2813 cui

1816 2848 1927 2909 ille.
1958 2848 2206 2918 quamvis
2238 2848 2294 2901 in
2321 2848 2535 2913 timore,
2559 2847 2799 2920 clamans
2831 2847 2965 2902 dixit
2991 2847 3103 2905 ita:

1886 2959 2021 3023 Ave,
2050 2956 2261 3013 consilii
2287 2955 2577 3012 ineﬂ‘abilis
2604 2954 2814 3027 mystis.

1886 3051 2022 3112 Ave,
2049 3062 2261 3113 eorum,
2294 3062 2416 3116 quae
2437 3056 2563 3103 sunt
2587 3046 2887 3111 reticenda,
2914 3044 3069 3101 ﬁdes.

1891 3142 2027 3206 Ave,
2053 3139 2439 3195 miraculorum
2467 3136 2671 3193 Christi
2692 3136 2995 3193 exordium.

1882 3312 2016 3376 Ave,
2047 3310 2354 3382 dogmatum
2378 3308 2549 3379 ipsius
2578 3307 2926 3379 principium.

1880 3405 2015 3465 Ave.
2061 3403 2204 3458 scala
2270 3401 2541 3464 caelestis,
2601 3415 2695 3469 per
2746 3415 2908 3469 quam
2965 3396 3107 3456 Deus
3157 3397 3385 3457 descené

1811 3497 1910 3551 dit.

1881 3586 2015 3649 Ave,
2048 3601 2185 3657 pons
2214 3585 2509 3658 terrigenas
2539 3586 2605 3642 ad
2635 3586 2831 3642 coelum
2862 3584 3174 3657 deportans.

1882 3762 2015 3832 Ave,
2046 3764 2276 3821 multum
2310 3763 2536 3836 insignis
2563 3765 2877 3837 angelorum
2906 3762 3211 3820 admiratio.

1881 3856 2019 3919 Ave,
2041 3855 2271 3910 multum
2294 3853 2535 3911 luctuosa
2564 3836 2869 3910 daemonum
2903 3855 3106 3912 clades.
3282 3836 3303 3853 ί

1883 3950 2017 4011 Ave,
2042 3963 2164 4017 qute
2192 3948 2369 4002 lucem
2401 3947 2749 4003 ineﬂ'abiliter
2767 3947 3022 4019 genuisti.

1883 4041 2018 4103 Ave,
2045 4053 2167 4107 quae
2194 4038 2468 4092 neminem
2504 4037 2573 4092 de
2595 4035 2759 4091 modo
2790 4036 3045 4091 docuisti.

1881 4129 2015 4192 Ave,
2049 4142 2173 4196 quae
2199 4126 2506 4194 sapientum
2532 4124 2897 4194 cognitionem
2920 4125 3279 4181 transcendis.

1882 4223 2015 4282 Ave,
2050 4231 2172 4286 quae
2196 4214 2437 4271 ﬁdelium
2460 4223 2673 4270 mentes
2697 4215 2990 4271 illuminas.

1879 4311 2015 4371 Ave,
2045 4323 2241 4379 sponsa
2275 4308 2522 4377 innupta.

1882 4421 2071 4477 Virtus
2100 4420 2362 4476 Altissimi
2408 4428 2538 4477 tunc
2571 4418 2916 4476 obumbravit
2952 4422 3028 4483 ei,
3070 4438 3192 4493 qua:
3245 4422 3388 4478 thori

126 4529 303 4603 ληψιν
329 4535 398 4601 τῇ
449 4532 810 4600 ἁπειρογάμῳ
832 4545 849 4563 ο
878 4530 972 4584 καὶ
1022 4530 1119 4597 τὴν
1172 4528 1446 4598 εὔκαρπον
1505 4525 1692 4596 ταύτης

1851 4522 1933 4568 rat
1982 4514 2271 4571 nescia.ut
2315 4514 2645 4582 conc'peret,
2676 4521 2732 4566 et
2783 4512 2901 4582 ejus
2926 4513 3214 4568 fecundum
3267 4522 3393 4569 ute-

127 4602 325 4685 νήδὺν,
351 4620 426 4684 ὡς
456 4619 625 4690 ἀγρὸν
653 4619 931 4685 ὑπέδειξεν
956 4619 1087 4688 ἡδὺν
1118 4617 1313 4681 ἅπασι,
1340 4619 1454 4679 τοῖς
1502 4615 1692 4669 θέλουσ

1851 4619 1963 4668 um,
2021 4614 2275 4672 tanquam
2329 4619 2517 4674 agrum
2544 4602 2858 4659 deliciosutn
2880 4604 3119 4659 ostendit
3139 4605 3396 4660 munibus

128 4708 381 4782 θερίζειν
413 4712 707 4783 σωτηρίαν,
740 4714 798 4765 ἐν
824 4710 902 4782 τῷ
934 4710 1157 4780 ψάλλειν
1184 4707 1358 4769 οὕτως
1380 4724 1399 4742 ⁸

220 4801 560 4872 Ἀλληλούῖα.

215 4890 459 4963 Ἐχουσα
510 4894 758 4965 θεοδόχον
784 4898 819 4965 ἠ
866 4894 1140 4965 Παρθένος
1185 4892 1285 4962 τὴν
1346 4891 1577 4962 μήτραν,
1629 4889 1723 4942 ἀν’

131 4985 349 5055 έδραμε
383 4986 521 5057 πρὸς
571 4987 672 5056 τὴν
714 4986 1030 5041 Έλισάϐετ·
1057 4985 1119 5039 τὸ
1143 4984 1202 5039 δὲ
1249 4982 1447 5055 βρέφος
1507 4980 1721 5048 ἐκείνης

128 5074 306 5139 εὐθὺς
334 5078 593 5145 ἑπιγνοὺν
619 5076 709 5130 τὸν
759 5077 965 5148 ταύτης
1010 5078 1301 5146 ἀσπασμὸν
1371 5074 1579 5144 ἔχαιρε,
1628 5071 1720 5125 καὶ

128 5165 197 5219 ἃ)
211 5181 400 5234 μασιν,
424 5166 500 5229 ὡς
522 5165 761 5238 ᾅσμασιν
791 5166 921 5221 ὲδόα
949 5166 1085 5238 πρὸς
1113 5164 1376 5219 Θεοτόκον
1404 5180 1417 5192 ν

209 5275 403 5344 Χαῖρε,
435 5274 663 5344 βλαστοῦ
696 5275 1011 5346 άμαράντου
1041 5274 1245 5345 κλῆμα.

210 5364 407 5433 Χαῖρε,
439 5366 652 5436 καρποῦ
680 5367 958 5439 ἀκηράτου
995 5367 1204 5436 κτῆμα.

212 5455 407 5526 Χαῖρε,
434 5457 681 5528 γεωργὸν
712 5457 1033 5530 γεωργοῦσα
1057 5456 1460 5530 φιλάνθρωπον.

210 5630 406 5701 Χαῖρε,
442 5634 744 5703 φυτουργὸν
766 5635 864 5705 τῆς
889 5635 1034 5705 ζωῆς
1070 5636 1102 5705 ἡ
1112 5634 1227 5706 μῶν
1250 5632 1475 5703 φύουσα.

213 5719 408 5791 Χαῖρι.
430 5722 636 5795 ἄρουρα
670 5723 1038 5793 βλαστάνοντα
1061 5723 1318 5796 εὐφορίαν
1341 5720 1661 5791 οἰκτιρμῶν.

1819 4696 1911 4764 qui
1943 4702 2149 4749 metere
2178 4694 2366 4749 volunt
2397 4696 2647 4755 salutem.
2675 4694 2804 4750 dum
2834 4693 3076 4765 psallunt
3108 4693 3179 4749 ita
3204 4712 3221 4748 ι

1890 4784 2139 4840 Alleluia.

1888 4874 2093 4931 Ferens
2124 4884 2339 4930 uterum
2366 4874 2550 4947 Virgo,
2578 4892 2687 4946 quo
2740 4877 2909 4932 Deum
2965 4884 3274 4944 exceperat.
3309 4876 3394 4929 fe-

1820 4965 2042 5021 stinavit
2068 4966 2133 5021 ad
2164 4965 2461 5029 Elisabetli,
2492 4969 2649 5037 cujus
2708 4966 2888 5022 infans
2914 4967 3289 5034 salutationem
3320 4967 3392 5021 il-

1820 5055 1925 5110 lius
1956 5056 2137 5111 statim
2171 5070 2471 5127 agnoscens
2507 5058 2720 5126 gavisus
2753 5067 2858 5122 est,
2887 5066 2945 5113 et
2964 5057 3208 5124 saltibus,
3235 5059 3392 5128 quasi

1819 5145 2070 5201 cantibus
2100 5145 2354 5205 clamavit
2379 5146 2445 5201 ad
2480 5147 2762 5217 Deiparam
2792 5166 2806 5202 :

1889 5256 2023 5323 Ave,
2054 5256 2311 5328 germinis
2335 5256 2796 5312 immarcescibilis
2829 5258 3051 5327 palntes.

1890 5351 2025 5416 Ave,
2058 5348 2266 5403 fructus
2294 5348 2590 5417 incorrupti
2616 5351 2905 5419 possessio.

1892 5444 2022 5503 Ave,
2051 5456 2171 5510 qua:
2200 5440 2492 5513 benignum
2517 5441 2739 5495 humani
2770 5443 2985 5514 generis
3031 5444 3166 5500 colis
3217 5442 3395 5499 culto-

1820 5549 1875 5586 I‘(‘
1882 5548 1931 5587 i’ll
1940 5573 1955 5587 .

1888 5625 2021 5687 Ave,
2056 5639 2177 5695 quae
2209 5625 2331 5680 vita:
2366 5634 2565 5681 nostrae
2590 5642 2817 5698 generas
2844 5639 3099 5684 saturem.

1888 5716 2023 5779 Ave,
2056 5726 2216 5781 terra,
2251 5736 2369 5787 «per
2401 5720 2806 5777 miscrationum
2853 5720 3232 5777 fecunditatem
3270 5730 3396 5785 ger-

1821 5825 2014 5863 ruinas.
