3818 6346
543 387 677 456 1339
847 366 868 384 ’
1301 371 1308 374 ’
1841 395 2160 458 GEORGII
2200 397 2471 460 mima
3659 409 3778 475 1343

605 505 737 565 Ave,
771 514 976 564 mensa,
1009 515 1128 568 quae
1177 499 1617 569 propitiationum
1651 500 1980 557 afﬂuentiam
2011 520 2101 575 ge—

2276 510 2465 578 Χαῖρε,
2497 508 2743 579 τράπεζα
2775 510 3114 582 βαστάζουσα
3138 512 3399 584 εὐθηνίαν
3422 514 3693 586 ίλασμῶν.

532 603 662 645 stas.

601 686 754 750 Ave,
805 683 1062 756 quoniam
1114 683 1250 740 facis
1300 683 1545 739 elllorere
1607 694 1828 754 pratum
1884 686 2104 742 delicia-

2079 715 2104 726 -
2275 687 2468 756 Χαῖρε,
2493 688 2576 740 ὅτι
2601 687 2841 758 λειμῶνα
2871 689 2967 759 τῆς
2989 689 3201 760 τρυφῆς
3225 691 3587 757 ἀναθάλλεις.

530 789 672 828 1³11111.

599 869 731 930 Ave,
762 866 1016 936 quoniam
1040 882 1310 936 prmparas
1327 876 1541 936 portum
1563 868 1889 925 animarum.

2273 862 2464 931 Χαῖρε,
2491 863 2574 914 ὅτι
2607 861 2800 931 λιμένα
2823 865 2930 915 τῶν
2951 863 3137 934 ψυχῶν
3159 865 3499 936 ἑτοιμάζεις.

596 958 728 1020 Ave,
763 967 1043 1027 acceptum
1071 959 1329 1012 orationis
1355 959 1667 1029 thymiama.

2271 953 2460 1023 Χαῖρε,
2493 955 2678 1006 δεκτὸν
2703 956 2995 1025 πρεσϐείας
3021 956 3292 1025 θυμίαμα.

595 1050 729 1112 Ave,
761 1050 926 1102 totius
948 1049 1096 1102 orbis
1132 1050 1465 1119 propitiatio,

2268 1043 2462 1114 Χαῖρε,
2492 1046 2691 1107 παντὸς
2731 1046 2824 1098 τοῦ
2870 1047 3075 1116 κόσμου
3114 1048 3404 1117 ὲξίλασμα.

594 1141 727 1204 Ave,
766 1139 856 1192 Dei
892 1140 1266 1193 benevolentia
1297 1155 1419 1211 erga
1452 1140 1724 1197 mortales.

2269 1135 2461 1203 Χαῖρε,
2492 1135 2626 1188 Θεοῦ
2660 1136 2795 1205 πρὸς
2823 1137 3048 1206 θνητοὺς
3065 1139 3298 1197 εὐδοκία.

593 1231 725 1291 Ave,
756 1232 1066 1284 mortalium
1097 1232 1164 1285 ad
1189 1231 1357 1286 Deum
1382 1233 1595 1287 fiducia.

2268 1229 2461 1298 Χαῖρε,
2495 1230 2704 1300 θνητῶν
2734 1233 2868 1301 πρὸς
2897 1233 3030 1284 θεὸν
3055 1235 3357 1305 παρρησία.

593 1320 723 1382 Ave,
750 1337 946 1388 sponsa
987 1321 1230 1390 innupta.

2268 1320 2459 1389 Χαῖρε,
2488 1321 2674 1392 νύμφη
2696 1323 3024 1392 ἀνύμφευτε.

590 1409 740 1465 Intus
765 1412 971 1466 habens
1023 1413 1318 1480 aneipitum
1351 1412 1737 1482 cogitationum
1784 1413 2093 1479 tumultum,

2265 1406 2442 1475 Ζάλην
2485 1407 2696 1460 ἔνδοθεν
2741 1409 2878 1478 ἔχων
2927 1411 3199 1481 λογισμῶν
3246 1414 3579 1482 ἀμφιϐόλων
3605 1416 3635 1468 δ
3679 1420 3765 1470 στὸ-

522 1502 770 1554 turbatus
799 1511 880 1556 est
909 1509 1092 1555 castus
1112 1502 1313 1572 Joseph
1359 1503 1412 1556 in
1446 1514 1497 1557 te
1541 1505 1852 1573 nuptiarum
1901 1520 2030 1574 expc

2255 1513 2344 1550 ›ων
2391 1498 2588 1568 Ἰωσὴφ
2616 1500 2891 1570 ἐταράχθη
2917 1519 2930 1532 ⁶
2973 1505 3107 1573 πρὸς
3140 1505 3234 1573 τὴν
3280 1506 3500 1574 ἄγαμόν
3536 1525 3600 1559 σε
3651 1513 3763 1563 θεω-

521 1603 650 1658 tem,
686 1605 739 1650 et
772 1596 1104 1650 furtinubam
1145 1605 1228 1650 est
1273 1597 1599 1665 suspicatus,
1635 1612 1668 1650 ο
1699 1597 1963 1650 innocens
1993 1615 2004 1650 :

2255 1593 2324 1656 ὒν,
2377 1594 2472 1646 καὶ
2531 1579 2880 1666 κλεψίγαμον
2911 1598 3173 1660 ὑπονοῶν,
3222 1600 3529 1668 ἄμεμπτε·
3595 1605 3763 1672 μαθὼν

520 1701 649 1739 vero
674 1687 898 1741 edoctus
927 1695 1072 1741 tuam
1105 1687 1173 1742 de
1207 1685 1413 1756 Spiritu
1439 1696 1630 1741 sancto
1655 1687 2028 1756 conceptione!

2211 1682 2248 1735 ἰέ
2275 1699 2368 1735 σου
2397 1683 2494 1754 τὴν
2517 1684 2776 1754 σύλληψιν
2801 1687 2864 1738 ὲκ
2890 1687 3201 1757 Πνεύματος
3232 1689 3415 1757 ἁγίου,
3443 1689 3592 1760 ἔφη·
3715 1683 3719 1692 ’

519 1774 651 1828 dixit
686 1793 698 1828 :
3439 1783 3444 1786 ’

586 1867 834 1920 Alleluia.

2115 1836 2160 1892 Β
2271 1858 2603 1929 Ἀλληλούῖα.

588 1958 889 2012 Audierunt
916 1967 1161 2028 pastores
1196 1958 1415 2028 angelos
1467 1956 1835 2012 collaudantes
1883 1955 2086 2011 Christi

2264 1952 2541 2005 Ἤκουσαν
2563 1955 2610 2005 οί
2643 1953 2893 2023 ποιμένες
2913 1953 3019 2006 τῶν
3042 1955 3286 2022 ἀγγέλων
3331 1956 3654 2024 ὑμνούντων
3677 1961 3759 2026 τὴν

518 2048 858 2116 pnesentiam
885 2049 939 2101 in
964 2064 1158 2114 carne;
1190 2057 1245 2102 et
1274 2057 1557 2116 postquam
1585 2056 1838 2116 tanquam
1879 2047 1946 2101 ad
1981 2045 2026 2100 P1

2253 2061 2450 2115 σαρκον
2495 2044 2731 2115 Χριστοῦ
2782 2045 3121 2115 παρουσίαν·
3171 2045 3265 2097 καὶ
3309 2045 3639 2115 δραμόντες,
3697 2050 3761 2109 ὡς

518 2145 717 2191 storem
764 2147 1140 2200 cucurrerunt,
1164 2137 1360 2206 ipsum,
1398 2145 1456 2190 ut
1509 2151 1704 2206 agnum
1772 2135 2022 2189 immacul

2251 2135 2326 2197 >δς
2355 2135 2606 2205 ποιμένα,
2635 2135 2898 2205 θεωροῦσι
2956 2135 3163 2200 τοῦτον,
3190 2133 3267 2197 ὡς
3289 2137 3464 2204 ἀμνὸν
3539 2139 3759 2206 ἀμωμον

517 2237 654 2290 tum,
698 2229 748 2282 in
807 2228 928 2283 sinu
987 2228 1167 2282 Mariae
1207 2228 1501 2281 enutritum
1560 2228 1877 2288 intuentur;
1926 2242 2025 2296 qua

2269 2229 2334 2298 τῇ
2365 2227 2563 2297 γαστρὶ
2582 2226 2798 2297 Μαρίας
2833 2225 3187 2296 βοσκηθέντα,
3218 2229 3284 2297 ἢν
3331 2225 3644 2295 ὑμνοῦντες
3689 2226 3757 2280 εἷ-

515 2318 725 2390 hymnis
745 2320 1083 2374 celebrantes
1110 2319 1365 2373 dixerunt
1398 2333 1411 2368 :
1478 2379 1484 2385 _
2189 2335 2289 2374 πον
2311 2337 2324 2351 ·

582 2411 717 2474 Ave,
744 2410 879 2481 Agni
937 2419 993 2464 et
1019 2409 1254 2464 Pastoris
1286 2418 1478 2464 mater.

2145 2407 2164 2414 ’
2257 2412 2449 2482 Χαῖρε,
2493 2409 2687 2481 ’Λμνοῦ
2711 2411 2804 2464 καὶ
2834 2409 3094 2480 Ποιμένος
3123 2410 3326 2480 μήτηρ.

580 2499 714 2561 Ave.
741 2500 1081 2555 rationalium
1115 2500 1298 2554 ovium
1334 2500 1494 2554 ovile.

2258 2504 2450 2574 Χαῖρε,
2481 2502 2618 2573 αὐλὴ
2644 2502 2877 2570 λογικῶν
2907 2502 3206 2573 προϐάτων.

579 2590 715 2656 Ave,
745 2591 976 2646 hostium
1011 2591 1358 2646 invisibilinm
1384 2591 1734 2660 propulsatio.

2257 2594 2448 2663 Χαῖρε,
2478 2594 2721 2664 ἀοράτων
2748 2591 2956 2664 ἐχθρῶν
2985 2594 3336 2663 ἀμυντήριον.

581 2682 714 2747 Ave,
737 2682 1024 2751 januarum
1053 2683 1283 2751 paradisi
1311 2682 1589 2735 rcseratio.

2258 2685 2451 2752 Χαῖρε.
2484 2683 2810 2754 παραδείσου
2842 2682 3022 2752 θυρῶν
3050 2684 3416 2752 άνοικτὴριον.

580 2773 715 2834 Ave,
747 2772 1002 2840 quoniam
1032 2771 1269 2825 cmlestia
1303 2771 1552 2825 laetantur
1579 2785 1701 2824 cum
1733 2779 1893 2824 terra.

2261 2777 2451 2845 Χαῖρε,
2485 2777 2565 2828 ὅτι
2591 2777 2658 2828 τά
2680 2774 2908 2845 οὐράνια
2938 2774 3358 2841 συναγάλλονται
3391 2777 3458 2844 τῇ
3489 2777 3589 2844 τῇ.

579 2862 713 2925 Ave,
736 2863 990 2931 quoniam
1015 2861 1289 2915 terrestria
1311 2861 1583 2914 exsultant
1613 2876 1735 2914 cum
1769 2860 1942 2916 cmlis.

2257 2866 2449 2936 Χαῖρε,
2472 2868 2554 2920 ὅτι
2587 2867 2654 2920 τὰ
2680 2866 2896 2928 ἐπίγεια
2919 2865 3235 2936 συγχορεύει
3256 2866 3535 2933 οὐρανοῖς.

575 2953 710 3014 Ave,
736 2952 1099 3021 apostolorum
1133 2966 1194 3006 os
1225 2951 1661 3005 disertissimum.

2258 2960 2449 3031 Χαῖρε,
2480 2961 2586 3012 τῶν
2617 2959 2925 3012 ἀποστόλων
2949 2958 3010 3010 τὸ
3037 2958 3293 3025 ἀσίγητον
3331 2958 3534 3026 στόμα.

579 3042 712 3102 Ave,
748 3048 1040 3110 martyrum
1079 3040 1340 3094 fortitudo
1367 3039 1718 3094 invincibilis.

2257 3052 2451 3122 Χαῖρε,
2480 3052 2586 3104 τῶν
2619 3051 2928 3119 ἀθλοφόρων
2948 3049 3007 3102 τὸ
3033 3051 3286 3116 ἀνίκητον
3313 3048 3538 3117 θάρσος.

579 3131 710 3196 Ave,
749 3130 958 3184 ﬁrmum
988 3129 1108 3184 fidei
1141 3129 1569 3183 fundamentum.

2105 3154 2149 3213 ο
2251 3144 2445 3214 Χαῖρε,
2481 3143 2706 3213 στερρὸν
2734 3143 2831 3211 τῆς
2859 3141 3094 3202 πίστεως
3122 3140 3373 3210 ἔρεισμα.

577 3222 711 3285 Ave,
741 3222 1077 3290 splendidum
1106 3221 1289 3292 gratia:
1321 3221 1724 3275 documentum.

2255 3235 2444 3305 Χαῖρε,
2472 3234 2718 3304 λαμπρὸν
2751 3233 2847 3302 τῆς
2868 3233 3088 3302 χάριτος
3108 3230 3422 3300 γνώρισμα.

579 3313 708 3374 Ave,
745 3327 841 3380 per
866 3327 1026 3380 quam
1059 3311 1316 3379 spoliatus
1345 3319 1424 3363 est
1451 3310 1714 3364 infernus.

1670 3325 1714 3364 5-
2255 3324 2442 3397 Χαῖρε,
2474 3325 2539 3377 δι’
2560 3319 2626 3394 ἦς
2660 3321 2946 3392 ἐγυμνώθη
2970 3325 2998 3373 ὁ
3022 3320 3175 3391 ᾅδης.

577 3402 710 3465 Ave,
748 3417 843 3470 per
871 3416 1031 3470 quam
1062 3400 1235 3454 induti
1254 3415 1442 3454 sumus
1471 3399 1656 3470 gloria.

2251 3415 2443 3484 Χαῖρε,
2478 3415 2544 3467 δι’
2577 3411 2644 3486 ἦς
2672 3412 2994 3482 ἑνεδύθημεν
3026 3411 3201 3474 δόξαν.

578 3494 710 3555 Ave,
743 3507 936 3560 sponsa
963 3492 1208 3560 innupta.

2251 3503 2444 3573 Χαῖρε,
2470 3503 2654 3572 νύμφη
2694 3501 3021 3570 ἀνύμφευτε.

581 3582 759 3634 Stella:
793 3580 1055 3649 fulgorem
1089 3579 1261 3633 secuti
1291 3587 1418 3632 sunt
1445 3577 1603 3648 Magi,
1633 3592 1796 3647 quam
1830 3577 2080 3635 viderant

2251 3595 2554 3665 Θεοδρόμον
2581 3595 2785 3664 ἀστέρα
2812 3593 3188 3663 θεωρήσαντες
3216 3591 3427 3659 Μάγοι,
3459 3593 3528 3662 τῇ
3559 3591 3738 3645 τούτου

505 3684 670 3724 cursu
698 3683 796 3720 suo
830 3667 1137 3720 tendentem
1167 3666 1235 3718 ad
1260 3666 1426 3719 Deum
1452 3683 1466 3727 ;
1498 3681 1668 3734 eaque
1699 3675 1954 3736 tanquam
1991 3668 2006 3720 l

2231 3685 2554 3754 ιιολούθησαν
2597 3685 2791 3755 αἴγλῃ·
2826 3684 2920 3736 καὶ
2943 3682 3018 3744 ὠς
3065 3681 3254 3750 λύχνον
3293 3683 3630 3752 κρατοῦντες
3657 3685 3739 3735 αἰν-

507 3773 669 3812 cerna
699 3755 912 3816 muniti,
931 3763 1206 3824 potentem
1230 3754 1571 3823 inquirebant
1592 3770 1775 3824 regem
1800 3772 1814 3810 :
1843 3765 2015 3826 etque

2229 3793 2291 3840 iv,
2348 3776 2414 3829 δι’
2462 3777 2624 3829 αὑτοῦ
2675 3774 2919 3846 ἠρεύνων
2989 3773 3248 3844 κραταιὸν
3311 3774 3601 3827 ’Δνακταο
3661 3777 3737 3824 καὶ

507 3847 722 3917 assequi
752 3861 914 3899 nemo
942 3852 1140 3914 potest,
1190 3844 1448 3910 assecuti,
1492 3844 1661 3915 gavisi
1691 3852 1840 3909 sunt,
1884 3847 1953 3901 ad
1992 3848 2015 3918 ἰ]

2226 3868 2483 3930 θάσαντες
2507 3867 2600 3920 τὸν
2629 3844 2924 3935 ἄφίθαστον,
2953 3865 3247 3936 ἐχάρησαν,
3283 3863 3438 3935 αὐτῷ
3468 3865 3695 3934 Mne;
3724 3879 3734 3891 '

505 3953 626 3993 sum
659 3938 952 3992 clamantes
979 3953 992 3988 :

583 4029 834 4083 Alleluia.
2249 4043 2584 4098 Ἀλληλούῖα.

945 4118 1178 4189 Virginis
1204 4132 1332 4173 eum
1377 4118 1634 4173 viderunt
1671 4117 1931 4184 Chaldaei,
1980 4120 2074 4189 qui

2254 4063 2584 4116 ’ἀλληλουιι

2253 4137 2390 4192 Ἰδον
2418 4135 2604 4198 παῖδες
2633 4133 2914 4188 Χαλδαίων
2943 4134 3000 4186 ἐν
3031 4131 3186 4203 χερσὶ
3222 4129 3322 4201 τῆς
3351 4131 3634 4201 Παρθένου
3661 4131 3735 4180 etv

509 4226 672 4265 manu
698 4209 948 4263 formavit
992 4208 1262 4273 homines,
1298 4207 1583 4278 ipsumque
1613 4205 1903 4263 Dominum
1953 4224 2017 4264 es;

2227 4231 2457 4286 λάσαντα
2480 4230 2623 4296 χειρὶ
2645 4205 2769 4290 τοὺς
2793 4225 3124 4294 ἀνθρώπους,
3151 4225 3246 4277 καὶ
3272 4224 3555 4290 Δεσπότην
3577 4221 3735 4274 νοοῦν-

506 4303 823 4366 sentientes,
849 4299 1097 4369 quamvis
1140 4299 1283 4354 servi
1330 4298 1563 4353 formam
1597 4299 1912 4369 accepisset,
1958 4309 2014 4355 sti

2227 4339 2269 4386 ες
2298 4320 2480 4386 αὐτὸν,
2532 4321 2583 4372 εἰ
2635 4318 2730 4370 καὶ
2761 4315 2946 4368 δούλου
2999 4313 3157 4366 ἔλαϐε
3199 4311 3440 4382 μορφὴν,
3479 4313 3735 4364 ἔσπευσα-ι

502 4393 743 4449 duerunt
789 4389 1105 4446 muneribus
1151 4389 1349 4456 colere,
1404 4396 1460 4444 et
1507 4389 1803 4446 inclamare
1837 4390 2010 4447 Bened

2197 4415 2287 4476 τοῖς
2314 4410 2506 4481 δώροις
2533 4405 2893 4480 θεραπεῦσαι,
2931 4407 3025 4460 καὶ
3055 4404 3244 4475 βοῆσαι
3275 4407 3340 4474 τῇ
3372 4404 3705 4473 εὐλογημένη

500 4494 648 4541 ctaa:

575 4509 606 4540 Β
634 4509 648 4537 ζ

575 4578 709 4640 Ave,
746 4573 915 4628 stella:
945 4572 1244 4629 inoccidua‘.
1275 4580 1468 4626 mater.

2097 4509 2154 4570 Β
2245 4593 2439 4659 Χαῖρε,
2465 4589 2698 4660 ἀστέρος
2725 4586 2916 4640 ἀδύτου
2943 4585 3143 4655 μήτηρ.

570 4668 703 4732 Ave,
729 4665 986 4736 splendor
1019 4663 1231 4734 mystici
1259 4663 1389 4718 diei.
1793 4697 1800 4700 -

1793 4697 1800 4700 ’
2244 4685 2435 4751 Χαῖρε,
2468 4679 2611 4749 αύγὴ
2645 4676 2908 4748 μυστικῆς
2933 4675 3165 4744 ἡμέρας.

569 4761 704 4823 Ave,
729 4772 849 4827 quae
878 4755 1217 4825 deceptionis
1248 4754 1523 4808 fornacem
1553 4752 1878 4808 exstinxisti.

2239 4775 2430 4844 Χαῖρε,
2461 4771 2562 4840 τῆς
2590 4770 2803 4837 ἀπάτης
2839 4767 2938 4835 τὴν
2971 4765 3202 4833 κάμινον
3230 4762 3496 4815 σϐέσασα.

570 4848 704 4912 Ave,
745 4862 868 4916 qua:
919 4845 1204 4901 Trinitatis
1249 4861 1447 4901 arcana
1494 4847 1837 4906 addiscentes
1867 4851 2072 4908 illumi-

2243 4867 2436 4936 Χαῖρε,
2474 4863 2572 4931 τῆς
2601 4859 2826 4930 Τριάδος
2858 4858 2984 4917 τοὺς
3016 4855 3225 4924 μύστας
3259 4851 3596 4919 φωτίζουσα.

500 4954 620 4995 nas.
1515 4955 1520 4960 '

570 5027 703 5093 Ave,
724 5041 845 5097 qua:
868 5025 1224 5080 inhumanum
1259 5033 1548 5097 tyrannum
1573 5042 1604 5084 e
1633 5029 1940 5101 principatu
1971 5033 2068 5089 d’e-

2261 5041 2433 5108 ῐαῖρε,
2455 5038 2718 5108 τύραννον
2749 5032 3116 5102 ἀπάνθρωπον
3162 5026 3475 5082 ἐκϐαλοῦσα
3505 5026 3607 5097 τῆς
3647 5029 3728 5095 ἀρ-
3761 5031 3769 5044 ‘

496 5117 693 5186 jeeisti.

2169 5132 2291 5204 κ’ἦς-

572 5210 702 5272 Ave,
736 5223 856 5277 quae
887 5207 1165 5264 Christum
1195 5223 1317 5265 esse
1347 5208 1753 5266 misericordem
1779 5210 2067 5270 Dominum

2241 5225 2432 5294 Χαῖρε,
2463 5220 2668 5292 Κύριον
2710 5218 3090 5288 φιλάνθρωπον
3133 5215 3449 5281 ἐπιδείξασα
3489 5214 3719 5285 Χριών.

502 5299 807 5354 ostendisti.

569 5394 704 5453 Ave,
735 5405 857 5458 quae
881 5406 913 5445 a
936 5390 1166 5447 barbara
1196 5393 1583 5463 superstitione
1612 5396 1849 5452 redimis.

2239 5401 2431 5468 Χαῖρε,
2461 5399 2494 5465 ἡ
2534 5397 2633 5464 τῆς
2663 5394 2938 5464 βαρϐάρου
2965 5390 3307 5460 λυτρουμένη
3334 5389 3648 5459 θρησκείας.

570 5481 702 5543 Ave,
727 5496 847 5549 qure
879 5481 949 5535 ab
971 5496 1197 5551 Operum
1222 5498 1380 5538 emno
1408 5485 1618 5540 eximis.

2240 5491 2432 5558 Χαῖρε,
2465 5489 2498 5556 ἡ
2526 5485 2619 5538 τοῦ
2655 5484 2918 5556 βορϐόρου
2945 5482 3184 5552 ῥυομένη
3217 5480 3328 5532 τῶν
3355 5481 3549 5550 ἔργων.

569 5573 702 5636 Ave,
741 5587 862 5640 qua:
895 5570 1068 5626 fecisti
1099 5588 1316 5628 cessare
1337 5575 1476 5645 ignis
1505 5577 1896 5635 adorationem.

1827 5595 1896 5634 In.
2129 5561 2142 5576 ’
2237 5580 2432 5648 Χαῖρε,
2456 5576 2625 5645 πυρὸς
2657 5574 3025 5646 προσκύνησιν
3055 5572 3335 5625 παύσασα.

567 5664 698 5726 Ave,
725 5675 844 5730 qua:
871 5675 900 5714 a
929 5659 1139 5715 llannna
1170 5661 1476 5730 passionum
1502 5665 1668 5722 eruis.

2237 5673 2432 5737 Χαῖρε,
2469 5667 2662 5736 φλογὸς
2723 5667 2912 5719 παθῶν
2943 5665 3379 5718 άπαλλάττουσα.

565 5756 696 5817 Ave,
730 5754 964 5809 fidelium
1002 5755 1374 5823 temperantiae
1404 5758 1772 5827 gubernatrix.

1762 5799 1772 5812 -
2239 5763 2429 5832 Χαῖρε,
2467 5758 2668 5813 πιστῶν
2710 5759 2866 5827 ὁδηγὲ
2903 5757 3270 5826 σωφροσύνης.
