3818 6346
30 368 255 443 1341

152 492 384 565 Χαῖρε,
420 486 608 544 πασῶν
633 480 834 559 γενεῶν
861 480 1187 558 εὐφροσύνη.

152 585 383 654 Χαῖρε,
411 581 606 652 νύμφη
640 579 975 651 ἀνύμφευτε.

162 675 446 745 Κήρυκες
477 672 726 742 θεοφόροι
756 669 1042 739 γεγονότες
1087 670 1135 722 οῖ
1181 668 1381 735 Μάγοι,
1425 666 1691 737 ὑπέστρε-

32 763 221 833 ψαν
253 765 338 828 εἰς
364 765 463 834 τὴν
506 760 824 824 Βαϐυλῶνα,
869 760 1252 823 ἐκτελέσαντες
1304 776 1396 812 σου
1435 759 1523 811 τὸν
1557 773 1691 830 χρη-

45 854 283 924 σμῦν,
314 856 408 907 καὶ
434 851 771 924 κηρύξαντες
803 869 863 905 σε
889 852 981 903 τὸν
1006 851 1238 921 Χριστὸν
1260 850 1460 902 ἅπασιν
1479 866 1495 880 ο
1528 851 1693 917 ἀφέν-

40 957 200 1007 τες
237 945 335 997 τὸν
376 944 641 1014 Ἡρώδην,
672 945 748 1006 ὡς
779 941 1013 1013 λυρώδη,
1050 941 1124 1012 μὴ
1158 940 1334 993 εἰδότα
1360 939 1579 1010 ψάλλειν
1602 955 1615 967 ·

194 1034 538 1105 ’Δλληλούῖα.

174 1126 426 1196 Λάμψας
462 1128 518 1179 ὲν
540 1128 607 1197 τῇ
644 1123 900 1194 Αἰγύπτῳ
928 1121 1204 1191 φωτισμὸν
1227 1120 1504 1191 ἀληθείας,
1539 1118 1691 1174 ἐδίω-

62 1215 213 1281 ξας
245 1216 344 1269 τοῦ
372 1214 597 1285 ψεύδους
624 1215 683 1267 τὸ
712 1214 898 1276 σκότος
919 1231 933 1244 ·
983 1212 1050 1266 τὰ
1092 1212 1200 1283 γὰρ
1244 1214 1433 1267 εἴδωλα
1466 1215 1688 1283 ταύτης,

66 1308 339 1377 Σ-ωτὴρ,
368 1307 443 1378 μὴ
478 1306 778 1375 ἐνέγκαντά
806 1322 899 1358 σου
932 1304 1029 1374 τὴν
1070 1305 1222 1372 ἰσχὺν
1268 1304 1585 1357 πέπτωκεν
1640 1305 1689 1355 οἱ

68 1396 333 1454 τούτων
356 1396 412 1454 δὲ
445 1398 728 1471 ρυσθέντες
756 1396 920 1450 ἐϐόων
952 1397 1087 1466 πρδς
1109 1397 1208 1465 τὴν
1232 1395 1492 1448 Ηεοτόκον
1515 1410 1529 1422 ⁸

184 1574 391 1642 Χαῖρε,
422 1572 720 1644 ἁνόρθωσις
748 1568 859 1624 τῶν
884 1569 1205 1642 ἀνθρώπων.

184 1654 389 1734 Χαῖρε,
426 1665 775 1725 κατάπτωσις
802 1661 911 1715 τῶν
940 1658 1231 1731 δαιμόνων.

180 1756 388 1825 Χαῖρε,
417 1755 514 1822 τῆς
545 1756 759 1823 ἀπάτης
787 1754 884 1822 τὴν
916 1752 1121 1823 πλάνην
1152 1752 1465 1822 πατήσασα.

183 1846 388 1916 Χαῖρε,
422 1844 533 1897 τῶν
556 1842 786 1896 εἰδώλων
805 1843 896 1896 τὸν
920 1843 1067 1896 δόλον
1092 1841 1378 1910 ὲλέγξασα.

186 1938 394 2008 Χαῖρε,
424 1935 666 1991 θάλασσα
708 1934 1002 1990 ποντίσασα
1028 1932 1224 2006 Φαραῶ
1253 1932 1344 1988 τὸν
1368 1936 1578 2001 νοητόν.

181 2110 390 2183 Χαῖρε,
445 2110 622 2184 πέτρα
669 2111 703 2183 η
765 2110 1035 2164 ποτίσασα
1086 2110 1214 2173 τοὺς
1271 2104 1538 2180 διψῶντας
1590 2109 1689 2179 τὴν

141 2211 294 2257 ωήν.
317 2211 338 2231 ⁸

141 2222 192 2257 ω
240 2219 294 2257 ν.
317 2211 338 2231 ⁸

90 2198 139 2267 ζ
181 2206 390 2365 ἓαῖρε,
419 2293 610 2364 πύρινε
644 2293 804 2347 στύλε
837 2291 1043 2361 ὁδηγῶν
1069 2292 1196 2355 τοὺς
1221 2292 1278 2344 ἐν
1309 2292 1510 2345 σκότει.

184 2384 385 2457 Χαῖρε,
415 2385 593 2455 σκέπη
620 2384 713 2439 τοῦ
743 2386 950 2456 κόσμου
981 2384 1289 2455 πλατυτέρα
1318 2384 1565 2456 νεφέλης.

186 2569 388 2636 Χαῖρε,
416 2564 590 2637 τροφὴ
611 2564 706 2618 τοῦ
739 2565 909 2634 μάννα
933 2559 1166 2634 διάδοχε.

187 2658 388 2729 Χαῖρε.
417 2658 627 2727 τρυφῆς
651 2654 813 2722 ἁγίας
840 2652 1079 2707 διάκονε.

185 2742 387 2818 Χαῖρε,
417 2748 452 2817 ἡ
481 2744 554 2816 γῆ
583 2746 682 2816 τῆς
712 2743 1066 2812 ἐπαγγελίας.

188 2834 386 2907 Χαῖρε,
419 2838 476 2903 ἐξ
508 2833 576 2908 ἧς
604 2836 716 2908 ῥέει
752 2834 896 2905 μέλι,
932 2834 1026 2887 καὶ
1057 2831 1219 2901 γάλα.

191 2924 392 2999 Χαῖρε,
419 2928 604 2998 νύμφη
633 2926 967 2997 ἀνύμφευτε.

191 3020 495 3083 Μέλλοντος
533 3019 820 3089 Συμεῶνος
861 3016 956 3071 τοῦ
1016 3012 1279 3089 παρόντος
1323 3008 1517 3078 αἰῶνος
1564 3010 1711 3085 μεθ-κ

112 3108 376 3165 ιστασθαι
400 3109 493 3163 τοῦ
521 3109 856 3171 ἀπατεῶνος,
893 3107 1155 3195 ἐπεδόθης
1182 3106 1258 3169 ὡς
1290 3105 1484 3177 βρέφος
1507 3104 1654 3176 αὐτῷ
1675 3116 1690 3137 ⁵

1328 367 1641 438 In’MNUS
1676 368 2156 439 ACA'PHIS’I‘US.
3217 370 3351 441 1:552

1720 495 1765 548 Α
1860 489 1996 551 Ave,
2022 486 2429 559 generationum
2460 483 2702 541 Omnium
2729 474 2934 551 laetitia.

1859 577 1992 642 Ave,
2030 592 2224 644 Sponsa
2255 577 2501 645 innupta.

1860 667 2059 722 Deiferi
2082 682 2356 737 prtecones
2389 666 2566 721 effecti
2593 667 2748 737 Magi,
2773 666 2981 722 reversi
3013 674 3145 721 sunt
3186 666 3357 737 Baby-

1788 759 2002 824 lonem;
2055 767 2255 828 tuoque
2283 758 2504 813 oraculo
2545 759 2809 821 obsecuti,
2843 766 2897 812 te
2937 758 3215 812 Christum
3259 773 3356 810 an-

1789 847 2110 902 nuntiarunt
2139 847 2393 902 omnibus
2442 847 2677 917 populis,
2713 847 2904 901 relicto
2952 845 3189 912 Herode,
3239 855 3360 901 tan-

1789 954 1951 1008 quam
1981 938 2173 1001 deliro,
2198 939 2288 1006 qui
2324 954 2432 991 non
2456 938 2608 992 novit
2636 937 2868 1007 psallere
2891 954 2905 990 :

1860 1028 2106 1082 Alleluia.

1860 1118 2114 1172 Veritatis
2140 1117 2426 1187 Splendore
2456 1118 2509 1172 in
2537 1119 2824 1189 Aigyptum
2853 1119 3120 1184 immisso,
3144 1119 3361 1174 menda-

1791 1209 1859 1262 cii
1900 1209 2153 1264 tenebras
2202 1209 2330 1263 inde
2382 1210 2630 1278 expulisti
2665 1228 2679 1263 ε
2713 1209 2876 1279 hujus
2921 1210 3069 1264 enim
3126 1210 3360 1278 regionis

1790 1297 1952 1359 idola,
1985 1313 2107 1352 cum
2145 1307 2312 1361 tuam,
2344 1298 2612 1361 Salvator,
2643 1300 2897 1355 virtutem
2922 1299 3064 1356 ferre
3087 1316 3195 1356 non
3224 1314 3354 1368 pos-

1790 1392 1933 1451 sent,
1968 1387 2282 1442 ceciderunt
2321 1407 2334 1442 :
2375 1390 2466 1457 qui
2496 1403 2627 1445 vero
2665 1390 2734 1445 ab
2762 1392 2847 1446 his
2886 1391 3099 1448 liberati
3133 1398 3262 1449 sunt
3289 1390 3358 1446 ad

1791 1475 1883 1531 Dei
1891 1493 2070 1546 param
2096 1477 2399 1533 clamabant
2433 1496 2448 1532 :

1859 1568 1995 1629 Ave,
2024 1566 2306 1620 hominum
2329 1565 2563 1621 erectio.

1858 1655 1998 1720 Ave,
2027 1657 2329 1711 daemonum
2355 1658 2657 1713 subversio.

1860 1745 1994 1809 Ave,
2021 1760 2143 1814 quae
2168 1744 2374 1800 fraudis
2404 1761 2650 1802 errorem
2676 1747 3032 1803 conculcasti.

1719 1834 1766 1893 Β
1861 1837 1994 1901 Ave,
2019 1853 2140 1908 quas
2170 1838 2431 1892 idolorum
2455 1838 2720 1893 fallaciam
2743 1837 3086 1908 redarguisti.

1858 1931 1994 1998 Ave,
2027 1945 2197 1997 mare,
2226 1929 2372 2000 quod
2417 1930 2837 1985 intellectualem
2878 1929 3213 1985 Pharaonem
3258 1930 3360 2007 deo.

1790 2022 2046 2078 mersisti.

1857 2111 1990 2171 Ave,
2019 2118 2189 2178 petra,
2214 2123 2334 2177 qua:
2363 2108 2612 2164 sitientes
2641 2109 2807 2163 vitam
2838 2110 3062 2179 potasti.

1857 2198 1992 2263 Ave,
2027 2198 2179 2269 ignea
2234 2198 2503 2262 columna,
2535 2215 2655 2269 quae
2703 2199 2962 2272 degentes
3009 2199 3064 2254 in
3122 2199 3360 2256 tenebris

1790 2289 2001 2359 dirigis.
3354 2272 3359 2283 '

1858 2380 1993 2444 Ave,
2026 2379 2210 2434 mundi
2238 2381 2614 2436 umbraculum
2657 2382 2801 2438 nube
2829 2382 3039 2455 longius
3070 2398 3130 2439 se
3168 2393 3359 2439 exten—

1787 2466 1940 2526 dens.

1857 2562 1994 2627 Ave,
2020 2576 2144 2617 esca
2178 2578 2391 2618 manna:
2419 2564 2778 2619 suceedanea.

1858 2651 1991 2715 Ave,
2024 2662 2333 2707 sanctarum
2359 2653 2674 2708 deliciarum
2701 2652 2966 2710 ministra.

1857 2741 1993 2808 Ave,
2025 2750 2172 2799 terra
2201 2745 2602 2813 promissionis.

1858 2833 1996 2899 Ave,
2026 2849 2095 2889 ex
2115 2850 2219 2904 qua
2250 2834 2368 2889 fluit
2400 2836 2505 2890 mel
2545 2844 2601 2891 et
2620 2835 2722 2891 lae.

1859 2922 1993 2987 Ave,
2019 2939 2216 2995 sponsa
2251 2927 2501 2996 innupta.

1863 3014 2337 3088 Transmigraturo
2385 3016 2637 3089 Symeoni
2668 3032 2698 3072 e
2728 3018 2982 3088 praesenti
3029 3017 3202 3074 fallaci
3257 3030 3362 3072 sae-

1795 3107 1937 3171 culo,
1971 3108 2199 3162 traditus
2227 3109 2277 3162 ei
2302 3108 2472 3172 fuisti,
2505 3108 2649 3162 velut
2682 3109 2892 3174 infans;
2936 3109 3028 3163 sed
3057 3107 3272 3178 agnitus
3304 3121 3365 3163 es

112 3201 244 3254 ἀλλ’
272 3199 548 3270 ἐγνώσθης
574 3199 749 3269 τούτῳ
784 3170 878 3252 καὶ
916 3174 1047 3261 Θεὸς
1083 3170 1337 3262 τέλειοςνί
1367 3170 1558 3267 διόπερ
1605 3170 1680 3259 ι’ξ-

1824 3198 1865 3251 ιὶ)
1886 3170 1991 3252 hoc
2018 3197 2179 3251 etiam
2209 3197 2350 3252 Deus
2369 3170 2680 3267 perfectus;
2707 3170 3039 3267 quapropter
3066 3170 3364 3259 admiratus

114 3296 335 3367 επλάγη
367 3313 458 3350 σου
481 3295 578 3367 τὴν
606 3295 841 3366 ἄρρητον
873 3293 1083 3363 σοφίαν,
1110 3291 1325 3364 κράζων
1342 3306 1355 3321 ·

205 3385 544 3455 Ἀλληλούῖα.

194 3476 343 3531 Νέαν
367 3475 533 3541 ἔδειξε
556 3475 728 3528 κτίσιν
761 3472 1068 3543 ἐμφανίσας
1097 3472 1126 3524 ό
1159 3470 1399 3539 Κτίστης
1422 3472 1550 3539 ἡμῖν
1585 3472 1699 3534 τοῖς

119 3567 219 3621 ὐπ’
272 3565 437 3619 αὐτοῦ
482 3564 823 3637 γενομένοις·
874 3562 933 3628 ἐξ
962 3562 1205 3631 ἀσπόρου
1250 3560 1565 3631 βλαστήσας
1592 3575 1696 3628 γα-

120 3653 311 3722 στρὸς,
350 3655 444 3704 καὶ
488 3650 725 3718 φυλάξας
784 3649 1005 3719 ταύτην,
1047 3650 1237 3718 ὥσπερ
1293 3643 1381 3718 ἦν,
1440 3646 1694 3718 ἄφθορον,

123 3742 218 3795 ἵνα
264 3741 324 3794 τδ
371 3738 554 3810 θαῦμα
600 3738 911 3810 βλέποντες,
948 3739 1283 3810 ύμνήσωμεν
1324 3736 1493 3809 αὐτὴν
1531 3737 1695 3809 βοῶν-

121 3847 237 3895 τες.

198 4010 390 4081 Χαῖρε,
422 4009 482 4064 τὸ
514 4010 675 4075 ἄνθος
702 4009 804 4080 τῆς
829 4009 1157 4080 ἀφθαρσίας.

200 4100 393 4172 Χαῖρε,
422 4101 482 4155 τὸ
510 4101 708 4171 στέφος
731 4101 832 4171 τῆς
860 4101 1211 4172 ἐγκρατείας.

196 4193 388 4262 Χαῖρε,
420 4192 522 4258 τῆς
546 4192 895 4256 ἀναστάσεως
925 4192 1094 4246 τύπον
1121 4192 1502 4262 ὲκλάμπουσα.

198 4284 392 4352 Χαῖρε,
423 4284 533 4336 τῶν
559 4282 808 4352 ἀγγέλων
840 4283 932 4336 τὸν
959 4283 1074 4353 βίον
1104 4281 1465 4353 ἐμφαίνουσα.

198 4374 391 4444 Χαῖρε,
423 4373 636 4445 δένδρον
666 4374 1066 4446 ἀγλαόκαρπον,
1109 4374 1169 4441 ἐξ
1208 4368 1271 4429 οὗ
1296 4374 1585 4445 τρέφονται
1608 4391 1695 4428 πι-

132 4464 271 4520 etei.

202 4558 393 4627 Χαῖρε,
425 4555 579 4622 ξύλον
603 4559 1011 4628 εῠσκιόφυλλον,
1034 4561 1127 4630 ὑφ’
1152 4551 1214 4614 οὗ
1244 4560 1539 4615 σκέπτονται
1569 4560 1698 4615 πολ-

131 4650 238 4705 λοί.

199 4742 390 4812 Χαῖρε,
416 4740 758 4811 κυοφοροῦσα
780 4739 972 4811 ὁδηγὸν
997 4739 1389 4811 πλανωμένοις.

202 4831 395 4900 καῖρε,
429 4830 791 4899 ἀπογεννῶσα
824 4830 1101 4903 λυτρωτὴν
1141 4829 1527 4902 αἰχμαλώτοις.

203 4921 394 4991 Χαῖρε,
426 4922 611 4989 κριτοῦ
638 4921 848 4975 δικαίου
876 4920 1210 4993 δυσώπησις.

206 5010 395 5082 Χαῖρε,
425 5011 638 5065 πολλῶν
670 5013 972 5066 πταιόντων
1001 5010 1366 5082 συγχώρησις.
1473 5060 1483 5067 .

206 5101 397 5170 Χαῖρε,
429 5101 587 5173 στολὴ
610 5102 717 5155 τῶν
749 5102 972 5171 γυμνῶν
1007 5103 1341 5174 παρρησίας.

205 5191 395 5260 Χαῖρε,
423 5193 623 5264 στοργὴ
657 5194 834 5247 πάντα
857 5193 1019 5248 πόθον
1040 5192 1269 5248 νικῶσα.

207 5284 399 5353 Χαῖρε,
427 5283 610 5355 νύμφη
642 5285 976 5355 ἀνύμφευτε.

206 5374 365 5427 Ξένον
401 5375 561 5429 τόκον
606 5377 804 5439 ἰδόντες
843 5376 1162 5447 ξενωθῶμεν
1198 5378 1293 5431 τοῦ
1338 5378 1566 5449 κόσμου,
1609 5380 1700 5434 τὸν

1799 3297 1885 3341 est
1909 3296 2054 3341 tuam
2084 3286 2410 3343 ineﬂ‘abilem
2445 3286 2791 3357 sapientiam,
2821 3287 3170 3343 exclamans:

1865 3377 2112 3432 Alleluia.

1865 3467 2000 3522 Cum
2024 3468 2260 3537 seipsum
2284 3467 2441 3524 nobis
2461 3469 2570 3531 ille,
2601 3483 2632 3523 a
2656 3482 2765 3538 quo
2795 3481 2983 3522 sumus
3008 3464 3154 3531 facti,
3184 3466 3363 3520 mani-

1797 3558 2014 3614 festavit
2035 3557 2279 3625 Creator,
2309 3575 2509 3615 novum
2532 3558 2773 3614 ostendit
2793 3572 2965 3629 genus
2991 3565 3280 3611 creaturae:
3298 3573 3364 3610 ex

1796 3659 1983 3705 ventre
2006 3649 2151 3705 enim
2180 3651 2503 3721 germinavit
2526 3650 2646 3705 sine
2670 3650 2901 3715 semine,
2927 3648 3212 3722 ipsumque
3234 3662 3366 3701 ven-

1797 3749 1934 3795 trem
1968 3741 2205 3812 reliquit,
2236 3741 2395 3796 sicuti
2430 3750 2568 3805 erat,
2601 3741 3011 3810 incorruptum;
3041 3748 3103 3793 ut
3136 3753 3239 3793 nos
3261 3734 3389 3792 mi-'

1748 3828 1753 3833 ’
1796 3834 2039 3890 raculum
2086 3835 2334 3891 videntes
2396 3835 2681 3890 laudemus
2727 3833 2898 3903 ipsam
2933 3831 3211 3903 Virginem
3257 3830 3367 3885 cla-

1796 3941 1920 3980 man
1928 3935 2008 3982 tes
2043 3945 2057 3982 Ξ

1864 4016 1999 4084 Ave,
2028 4017 2127 4072 ﬂos
2154 4015 2700 4086 incorruptibilitatis.

1864 4106 1998 4172 Ave,
2037 4121 2237 4161 corona
2262 4106 2631 4161 continentiae.

1750 4243 1767 4255 ρ
1867 4196 2001 4262 Ave,
2030 4212 2152 4266 quae
2183 4203 2368 4268 typum
2394 4195 2813 4253 resurrectionis
2843 4204 3246 4267 praemonstras.

1865 4287 1998 4353 Ave,
2025 4303 2145 4357 qua:
2167 4286 2478 4360 angelorum
2506 4287 2671 4341 vitam
2705 4296 3081 4357 reprzesentas.

1867 4378 2003 4441 Ave,
2055 4377 2215 4432 arbor
2256 4374 2542 4447 splendido
2573 4374 2755 4431 fructu
2804 4377 2978 4441 dives,
3023 4392 3133 4446 quo
3182 4374 3367 4432 ﬁdeles

1727 4489 1770 4545 ι)
1796 4470 2132 4525 nutriuntur.

1868 4563 2003 4623 Ave,
2034 4561 2260 4633 lignum,
2291 4561 2447 4633 cujus
2486 4569 2633 4633 grata
2681 4558 2931 4616 foliorum
2963 4559 3151 4613 umbra
3183 4566 3365 4628 prole-

1802 4658 2004 4725 guntur
2031 4651 2214 4707 multi.

1870 4743 2008 4809 Ave,
2036 4759 2155 4812 quae
2182 4751 2362 4814 gestas
2388 4743 2444 4799 in
2479 4753 2634 4800 utero
2661 4743 2855 4801 ducem
2885 4746 3212 4800 errantibus.

1871 4834 2006 4898 Ave,
2034 4850 2154 4903 quae
2183 4833 2357 4904 gignis
2380 4833 2780 4904 redemptorem
2808 4834 3056 4903 captivis.

1871 4925 2006 4986 Ave,
2028 4923 2157 4993 justi
2188 4923 2387 4993 iudicis
2416 4925 2677 4979 exoratio.

1870 5013 2005 5077 Ave,
2037 5013 2327 5068 multorum
2361 5016 2700 5082 peccantium
2734 5015 3085 5084 indulgentia.

1871 5103 2007 5167 Ave,
2034 5102 2168 5157 stola
2199 5116 2387 5157 eorum
2423 5104 2514 5173 qui
2555 5105 2682 5157 nudi
2714 5113 2841 5159 sunt
2872 5105 3086 5160 fiducia.

1872 5197 2005 5257 Ave,
2037 5209 2190 5249 amor
2217 5210 2379 5250 omne
2409 5194 2737 5250 desiderium
2766 5210 3052 5265 superans.

1872 5287 2008 5351 Ave,
2041 5300 2239 5356 sponsa
2278 5287 2526 5356 innupta.

1876 5376 2226 5450 Peregrinum
2280 5377 2555 5435 intuentes
2620 5388 2833 5449 partum
2883 5380 3290 5451 peregrinemur
3338 5395 3370 5433 α

141 5461 260 5517 νοῦν
314 5465 393 5528 είς
446 5464 709 5535 οὐρανοὺς
762 5466 1121 5537 μεταθέντες*
1160 5467 1248 5521 διὰ
1296 5469 1452 5522 τοῦτο
1511 5470 1622 5540 γὰρ
1671 5489 1680 5521 ‹

1824 5470 2030 5533 nundo,
2082 5478 2320 5524 mentem
2376 5470 2433 5524 in
2457 5470 2653 5525 cmlum
2710 5471 3100 5526 transferentes
3134 5490 3150 5523 ι
3193 5470 3265 5525 ob
3314 5468 3369 5522 id

143 5551 341 5623 ὑψηλὸς
364 5553 496 5617 Θεὸς
527 5555 624 5607 ἐπὶ
641 5555 745 5625 γῆς
771 5556 942 5628 ἐφάνη
973 5557 1227 5621 ταπεινὸς
1247 5558 1551 5627 ἄνθρωπος,
1576 5559 1699 5628 βουο

142 5644 357 5712 λόμενος
400 5645 624 5699 ἑλκύσαι
656 5648 792 5717 πρὸς
820 5649 881 5702 τὸ
914 5647 1044 5717 ωος
1070 5650 1196 5713 τοὺς
1234 5648 1382 5720 αὐτῷ
1421 5650 1660 5720 βοῶντας
1684 5667 1695 5680 ·

216 5733 542 5805 ’Δλληλούῐα.

1803 5558 1950 5613 enim
1984 5559 2231 5614 excelsus
2273 5559 2414 5615 Deus
2463 5561 2682 5615 humilis
2719 5562 2880 5615 homo
2929 5560 2983 5615 in
3030 5569 3171 5615 terra
3200 5569 3371 5627 τριη-

1806 5649 1932 5713 ruit,
1965 5650 2153 5705 volens
2178 5652 2230 5705 in
2264 5651 2430 5705 altum
2465 5652 2676 5707 trahere
2706 5654 3002 5708 clamantes
3029 5650 3095 5703 ad
3121 5663 3179 5703 se
3212 5664 3227 5699 ι

1876 5739 2122 5794 Alleluia.
2722 5743 2726 5747 ⁴
