3818 6346
527 358 665 426 1343
1812 373 2130 434 GEORGII

595 475 789 530 Totum
832 485 947 529 erat
990 476 1042 530 in
1092 475 1461 543 inferioribus,
1513 487 1568 533 et
1614 495 1641 533 a
1677 482 1889 550 superis
1917 484 2094 537 neuti-
2123 490 2164 541 A

407 620 418 636 ⁴
521 581 683 632 quam
710 568 895 621 aberat
925 568 1452 639 incircumscriptum
1499 569 1764 638 Verbum;
1813 571 2090 626 descensio

525 657 673 710 enim
722 657 925 721 divina,
977 675 1086 713 non
1126 676 1257 715 vero
1305 663 1706 732 transmigratio
1753 663 1941 717 localis
1990 663 2092 715 fuit

518 748 686 801 etiam
715 758 899 817 partus
921 749 1154 819 Virginis
1177 751 1368 806 alilatae
1398 751 1526 814 Deo,
1563 769 1682 822 qua:
1716 753 1830 806 hmc
1862 751 2013 806 audit
2046 769 2058 803 :

596 837 728 901 Ave,
762 839 1325 908 incomprehensibilis
1359 844 1449 897 Dei
1480 843 1915 914 comprehensio.

596 931 730 992 Ave,
763 929 1000 998 mysterii
1029 934 1322 985 venerandi
1352 934 1540 1001 janua.

592 1019 726 1080 Ave,
753 1019 1047 1072 inﬁdelium
1078 1021 1238 1074 dubia
1277 1025 1502 1077 auditio.

595 1109 728 1170 Ave,
754 1110 988 1164 ﬁdelium
1022 1112 1239 1165 indubia
1271 1112 1535 1183 gloriatio.

595 1205 730 1264 Ave,
779 1217 973 1255 currus
1016 1203 1392 1257 sanctissimus
1420 1206 1558 1274 ejus,
1603 1204 1693 1274 qui
1744 1204 1898 1260 sedet
1931 1219 2096 1275 super

523 1293 840 1347 Cherubim.

599 1385 728 1444 Ave,
763 1383 1094 1438 domicilium
1131 1384 1636 1452 prmstantissimnm
1684 1385 1824 1454 ejus,
1871 1383 1964 1454 qui
2010 1390 2096 1439 est

527 1489 692 1540 Super
720 1473 1024 1542 Seraphim.

596 1569 731 1626 Ave,
769 1583 888 1634 qua:
907 1567 1175 1619 contraria
1211 1566 1264 1619 in
1295 1582 1459 1619 unum
1486 1565 1811 1622 conciliasti.

596 1657 728 1716 Ave,
761 1672 880 1724 qua:
909 1657 1270 1726 virginitatem
1294 1666 1347 1709 et
1376 1665 1584 1724 partum
1615 1653 1963 1724 conjunxisti.

598 1748 729 1806 Ave,
764 1761 857 1812 per
883 1760 1043 1812 quam
1074 1745 1248 1798 soluta
1277 1753 1361 1798 est
1393 1743 1782 1812 prasvaricatio.

596 1831 728 1884 Ave.
757 1846 851 1898 per
878 1847 1036 1899 quam
1073 1840 1295 1898 apertus
1331 1838 1411 1884 est
1441 1830 1742 1899 paradisus.

595 1921 726 1983 Ave,
756 1921 922 1974 clavis
951 1921 1100 1990 regni
1133 1921 1352 1974 Christi.

596 2009 728 2070 Ave,
762 2023 887 2076 spes
920 2019 1246 2062 aeternorum
1275 2010 1562 2064 bonorum.

596 2099 730 2158 Ave,
769 2113 964 2166 sponsa
995 2099 1235 2168 innupta.

598 2185 860 2240 Universa
889 2187 1200 2255 angelorum
1245 2194 1438 2239 natura
1488 2201 1738 2256 magnum
1774 2197 1878 2240 tua:
1916 2186 2097 2240 incar-

532 2276 761 2332 nationis
785 2291 921 2344 0pus
953 2277 1216 2330 demirata
1244 2285 1358 2340 est;
1393 2275 1821 2330 inaccessibilem
1844 2277 2012 2338 enim,
2036 2283 2096 2329 ut

527 2369 720 2431 Deum,
744 2367 996 2422 omnibus
1015 2367 1409 2431 accessibilem,
1433 2374 1492 2420 ut
1515 2367 1814 2432 hominem,
1845 2366 2092 2427 videbat;

527 2466 906 2512 conversatum
953 2457 1172 2526 quidem
1221 2457 1526 2523 nobiscum,
1576 2467 1629 2512 et
1674 2458 1984 2514 audientem
2026 2458 2095 2513 ab

528 2547 782 2601 omnibus
810 2547 912 2600 hoc
942 2547 1103 2600 modo
1135 2563 1150 2600 :

595 2639 848 2692 Alleluia.

597 2731 865 2785 Rhetores
886 2729 1380 2799 eloquentissimos,
1401 2729 1552 2799 quasi
1574 2737 1753 2782 mutos
1774 2727 1950 2798 pisces
1972 2741 2096 2784 esse

525 2821 669 2876 circa
716 2830 770 2874 te
809 2820 1076 2881 videmus,
1108 2835 1141 2872 ο
1177 2819 1402 2888 Deipara
1437 2840 1448 2874 :
1480 2835 1590 2874 non
1621 2819 1762 2874 enim
1793 2819 1924 2874 satis
1968 2831 2098 2875 sunt

525 2911 814 2979 explicare,
851 2909 1120 2978 quomodo
1162 2917 1217 2963 et
1273 2911 1426 2980 virgo
1478 2925 1786 2978 permanes,
1820 2919 1876 2964 et
1906 2925 2096 2979 parere

527 2999 768 3069 potueris
803 3014 816 3052 :
847 3008 905 3053 at
944 3013 1046 3053 nos
1072 2999 1384 3070 mysterium
1429 3000 1680 3054 admirati
1713 3000 1944 3056 ﬁdeliter
1987 3002 2098 3057 cla-

529 3105 741 3144 niamus
773 3105 789 3144 ἓ

594 3178 729 3244 Ave,
757 3177 1034 3248 sapientiae
1063 3176 1156 3233 Dei
1196 3178 1618 3247 receptaculum.

595 3271 730 3332 Ave,
762 3269 1110 3338 providentiae
1138 3269 1308 3338 ipsius
1329 3269 1781 3338 promptuarium.

594 3354 728 3419 Ave,
759 3371 878 3423 qua:
907 3354 1261 3424 phiIOSOphns
1285 3356 1524 3408 ostendis
1555 3355 1892 3423 insipientes.

597 3447 731 3508 Ave,
763 3461 883 3514 quae
912 3445 1236 3514 eloquentia:
1273 3446 1552 3516 magistros
1585 3446 1890 3515 eloquentia
1927 3443 2098 3501 desti-

527 3543 676 3590 tutos
701 3535 1001 3604 redarguis.

598 3625 730 3686 Ave,
759 3623 1017 3691 quoniam
1043 3623 1219 3676 callidi
1257 3634 1684 3692 perscrutatores
1707 3625 2093 3695 desipuerunt.

2123 3119 2166 3176 C

597 3803 730 3864 Ave,
765 3801 1019 3870 quoniam
1056 3799 1359 3855 fabularum
1402 3810 1654 3856 auctores
1688 3810 2088 3858 emarcuerunt.

595 3893 732 3959 Ave,
755 3907 875 3960 qua:
898 3891 1312 3945 Atheniensium
1333 3891 1584 3962 ambages
1605 3889 1873 3945 dissolvis.

599 3982 733 4046 Ave,
763 3998 882 4051 qua:
909 3983 1241 4052 piscatorum
1274 3996 1499 4051 sagenas
1522 3980 1734 4050 imples.

599 4077 732 4138 Ave,
762 4089 884 4143 qua:
919 4089 948 4126 a
975 4073 1244 4142 profundo
1274 4070 1594 4143 ignorantia:
1620 4069 1881 4126 extrahis.

598 4166 730 4228 Ave,
761 4179 881 4233 quae
904 4164 1102 4218 multos
1131 4163 1183 4217 in
1214 4164 1441 4218 scientia
1470 4163 1761 4218 illuminas.

598 4254 736 4318 Ave,
768 4257 922 4310 navis
955 4256 1159 4311 servari
1180 4256 1536 4325 cupientium.

604 4348 739 4412 Ave,
771 4355 964 4415 portus
992 4348 1048 4400 in
1075 4347 1178 4401 hac
1211 4346 1738 4419 vita'navigantium.

599 4437 736 4504 Ave,
765 4453 964 4508 sponsa
987 4439 1235 4508 innupta.

601 4527 804 4585 Volens
845 4544 1028 4583 rerum
1074 4527 1317 4583 omnium
1359 4527 1622 4598 Conditor
1673 4527 1934 4584 mundum
1976 4539 2096 4581 ser-

539 4637 680 4688 rare,
699 4621 754 4675 in
785 4620 933 4674 hunc
954 4620 1130 4690 ipsum
1159 4628 1354 4689 sponte
1376 4617 1678 4682 descendit,
1709 4627 1765 4674 et
1793 4634 1938 4682 cum,
1963 4633 2096 4688 qua-

533 4723 694 4770 tenus
721 4712 863 4768 Deus
889 4719 992 4776 est,
1025 4720 1210 4781 pastor
1231 4719 1412 4774 esset,
1455 4719 1679 4780 propter
1710 4725 1812 4766 nos
1845 4708 2099 4780 apparuit

533 4801 819 4858 nobiscum
857 4802 1022 4855 homo
1059 4818 1074 4853 :
1113 4797 1470 4854 similitudine
1506 4797 1653 4852 enim
1702 4803 1888 4850 nostra
1933 4793 2001 4849 ad
2039 4807 2099 4848 se

533 4901 743 4956 vocata,
773 4904 834 4946 ut
865 4891 1009 4945 Deus
1042 4889 1193 4944 audit
1222 4907 1236 4942 :

607 4983 859 5039 Alleluia.

602 5097 882 5167 Virginum
916 5105 972 5150 et
996 5094 1239 5150 omnium
1263 5093 1330 5148 ad
1366 5102 1418 5148 te
1455 5091 1883 5163 conlugientium
1913 5103 2100 5145 murus

535 5201 616 5250 es,
646 5187 806 5258 Virgo
847 5185 1103 5256 Deipara;
1152 5185 1347 5240 Factor
1393 5184 1536 5239 enim
1585 5183 1706 5238 εωιί
1745 5190 1801 5237 et
1842 5190 1999 5236 terra:
2045 5180 2102 5233 in

537 5283 694 5330 utero
727 5286 818 5332 tuo
845 5285 1210 5331 commoratus
1241 5277 1311 5330 ad
1341 5276 1442 5330 hoc
1473 5283 1526 5330 te
1551 5274 1826 5340 instruxit,
1848 5289 1880 5327 ο
1905 5274 2098 5328 imma-

537 5364 736 5430 culata,
767 5365 1058 5435 docuitque
1085 5381 1276 5421 omnes
1301 5365 1536 5420 salutare
1561 5383 1573 5419 :

2124 4443 2170 4499 D

611 5536 746 5602 Ave,
770 5537 1022 5592 columna
1057 5537 1402 5608 virginitatis.

614 5630 744 5694 Ave,
779 5637 932 5699 porta
965 5628 1174 5684 salutis.

610 5723 743 5790 Ave,
779 5723 984 5778 auctrix
1011 5721 1265 5792 spiritalis
1296 5721 1712 5778 reformationis.

2195 372 2340 436 PISI
2351 374 2463 437 DE
3662 378 3758 445 Υἱὲ

2269 487 2428 549 Ὅλος
2467 483 2535 557 ἦν
2580 489 2637 540 ὲν
2681 490 2794 550 τοῖς
2844 489 3014 550 κάτω,
3068 487 3160 542 καὶ
3195 489 3307 543 τῶν
3359 488 3482 542 ἄνω
3525 488 3632 541 οὐδ’
3657 491 3756 551 Εἱες

2191 576 2341 645 ἀπῆν
2401 579 2429 629 ό
2479 579 2887 648 ἀπερίγραπτος
2941 581 3146 648 Λόγος·
3203 580 3636 647 συγκατάὃαπις
3677 585 3752 646 ἴάᾇ

2193 667 2345 736 θεῖκὴ
2367 707 2382 728 ,
2413 669 2474 720 οὐ
2509 670 2808 738 μετάϐασις
2833 671 2889 723 δὲ
2915 672 3114 742 τυπικη
3149 673 3375 740 γέγονε,
3401 673 3511 726 καὶ
3550 672 3693 735 τόκος
3711 673 3754 724 ἐι

2192 756 2467 825 Παρθένου
2513 759 2808 825 θεολήπτου
2841 761 3145 833 ἀκουούσης
3173 762 3378 816 ταῦτα.

2261 847 2453 916 Χαῖρε,
2481 848 2616 901 Θεοῦ
2639 851 2922 920 ἀχωρήτου
2950 850 3124 922 χώρα.

2265 934 2460 1004 Χαῖρε,
2490 935 2686 988 σεπτοῦ
2721 941 3018 1007 μυστηρίου
3051 939 3232 1009 θύρα..

2259 1026 2450 1094 Χαῖρε,
2481 1026 2590 1078 τῶν
2619 1027 2860 1081 ἀπίστων
2896 1029 3199 1098 ἀμφίϐολον
3234 1031 3536 1102 ἄκουσμα.

2259 1117 2430 1185 Χαῖρε
2460 1116 2568 1170 τῶν
2597 1119 2804 1171 πιστῶν
2830 1119 3197 1188 ἀναμφίόολον
3223 1123 3534 1192 καύχημα.

2266 1208 2458 1278 Χαῖρε,
2483 1209 2664 1278 ὕχημα
2698 1211 2960 1278 πανάγίον
2990 1211 3084 1264 τοῦ
3120 1213 3351 1264 ἐπὶτῶν
3389 1213 3697 1283 Χερουείμ.

2266 1383 2458 1452 Χαῖρε,
2491 1383 2698 1454 οῐκημα
2726 1385 3058 1456 πανάριστον
3077 1385 3168 1439 τοῦ
3211 1388 3306 1440 ἐπὶ
3341 1387 3458 1440 τῶν
3511 1387 3760 1458 Σεραφίρ.

2257 1562 2448 1631 Χαῖρε,
2479 1563 2512 1630 ἠ
2538 1563 2793 1616 τάναντία
2813 1565 2891 1626 είς
2915 1565 3078 1632 ταότὺ
3114 1566 3424 1634 ἀγαγοῦσα.

2260 1653 2452 1721 Χαῖρε,
2482 1654 2516 1720 ὴ
2548 1653 2843 1722 παρθενίαν
2868 1655 2961 1708 καὶ
2984 1656 3197 1725 λοχείαν
3233 1657 3550 1725 ζευγνῦσα.

2262 1739 2453 1807 Χαῖρε,
2481 1740 2547 1791 δι’
2575 1736 2642 1811 ἦς
2670 1741 2833 1810 ἐλύθη
2864 1743 3202 1812 παράϐασις.

2265 1830 2456 1898 Χαῖρε,
2485 1830 2549 1882 δι’
2575 1825 2642 1900 ἦς
2665 1831 2883 1901 ἠνοίχθη
2915 1835 3261 1904 παράδεισος.

2264 1921 2456 1990 Χαῖρε,
2485 1922 2518 1989 ἡ
2544 1922 2690 1984 κλεὶς
2714 1921 2814 1991 τῆς
2847 1925 3082 1994 Χριστοῦ
3112 1925 3416 1996 βασιλείας.

2259 2010 2450 2078 Χαῖρε,
2481 2010 2632 2073 ἐλπὶς
2657 2011 2877 2078 ἀγαθῶν
2906 2015 3163 2070 αἰωνίων.

2264 2101 2456 2171 Χαῖρε,
2480 2100 2666 2172 νύμφη
2707 2102 2804 2155 ἀνύ
2814 2119 3038 2173 μφευτε.

2262 2192 2417 2244 Πᾶσα
2450 2191 2612 2262 φύσις
2641 2194 2886 2260 ἀγγέλων
2928 2196 3241 2266 κατεπλάγη
3267 2197 3330 2250 τὸ
3360 2199 3518 2268 μέγα.
3545 2202 3647 2271 τῆς
3675 2203 3758 2271 σῆς

2193 2283 2655 2353 ὲνανθρωπήσεως
2679 2285 2864 2356 ἔργον·
2897 2288 2988 2340 τὸν
3015 2289 3308 2357 ἀπρόσιτον
3337 2292 3477 2362 γὰρ.
3511 2293 3593 2356 ὡς
3622 2295 3756 2353 Θεὸς,

2194 2372 2417 2444 ἐθεώρει
2443 2375 2577 2427 πᾶσι
2624 2377 2876 2446 προσιτὸν
2913 2377 3215 2448 ἄνθρωπον,
3252 2383 3387 2450 ἡμῖν
3443 2385 3558 2453 μὲν
3599 2386 3756 2437 atrati:-

2195 2463 2412 2532 άγοντα,
2442 2465 2707 2520 ἀκούοντα
2728 2468 2783 2522 δὲ
2811 2469 2960 2541 παρὰ
2979 2472 3194 2524 πάντων
3217 2471 3416 2537 οὕτως’

2278 2638 2610 2710 Ἀλληλούῖα.

2276 2727 2538 2799 Ῥήτορας
2557 2731 2984 2800 πολυφθόγγους,
3008 2733 3082 2796 ὡς
3115 2734 3304 2805 ίχθύας
3331 2735 3620 2804 ἀφώνους,
3650 2739 3763 2807 ἐμὲ·

2198 2836 2302 2891 μεν
2328 2822 2420 2873 ἐπὶ
2451 2821 2555 2887 σοὶ,
2593 2821 2822 2876 Θεοτόκε
2842 2840 2856 2854 ’
2898 2824 3157 2896 ἀποροῦσι
3187 2826 3296 2892 γὰρ
3323 2826 3514 2894 λέγειν
3551 2829 3618 2881 τὺ
3638 2829 3759 2890 min.

2197 2913 2291 2964 καὶ
2320 2911 2587 2982 παρθένος
2622 2912 2821 2982 μένεις,
2865 2915 2960 2967 καὶ
2996 2917 3176 2968 τεκεῖν
3224 2915 3490 2984 ίσχυσας·
3535 2917 3763 2987 ἡμεῖςᾶ

2196 2997 2258 3050 τὸ
2293 2999 2595 3070 μυστήριον
2616 2999 3006 3070 θαυμάζοντες,
3045 3002 3250 3066 πιστῶς
3287 3003 3505 3074 βοῶμεν
3531 3022 3550 3037 ·

2267 3179 2461 3248 Χαῖρε,
2497 3178 2689 3246 σοφίας
2715 3180 2847 3233 Θεοῦ
2875 3180 3099 3250 δοχεῖον.

2265 3267 2456 3336 Χαῖρε,
2492 3267 2747 3336 προνοίας
2778 3267 2942 3320 αὑτοῦ
2971 3270 3216 3337 ταμεῖον.

2265 3357 2456 3424 Χαῖρε,
2488 3356 2803 3425 φιλοσόφους
2824 3358 3057 3424 ἀσόφους
3085 3357 3431 3412 δεικνύουσα.

2264 3446 2456 3516 Χαῖρε,
2486 3444 2837 3515 τεκνολόγους
2867 3448 3094 3518 ἀλόγους
3132 3449 3454 3518 ἐλέγχουσα.

2265 3617 2470 3687 Χαῖρε,
2537 3617 2619 3670 ὅτι
2701 3616 3094 3687 ἐμωράνθησαν
3183 3619 3242 3674 ol.
3309 3617 3477 3672 δεινοὶ
3553 3620 3760 3691 συζητε-

2198 3708 2303 3762 κοί.

2269 3799 2466 3867 Χαῖρε,
2498 3798 2580 3850 ὅτι
2606 3795 2992 3867 ἐμαράνθησαν
3018 3798 3068 3851 οῖ
3094 3797 3202 3850 τῶν
3233 3797 3426 3868 μύθων
3451 3798 3698 3870 ποιηταί.

2268 3888 2586 3958 Χαῖρε,τῶν
2636 3886 2930 3956 Ἀθηναίων
2955 3887 3052 3951 τὰς
3079 3888 3288 3951 πλοκὰς
3315 3888 3636 3942 διασπῶσι.
3737 3893 3770 3922 ⁸

2268 3975 2458 4044 Χαῖρε,
2497 3974 2605 4027 τῶν
2631 3973 2826 4028 ἁλιέων
2841 3974 2938 4037 τὰς
2968 3977 3208 4044 σαγήνας
3237 3975 3554 4046 πληροῦσα.

2269 4065 2461 4133 Χαῖρε,
2498 4063 2662 4133 βυθοῦ
2689 4063 2909 4131 ἀγνοίας
2933 4063 3245 4128 ιξέλκουσα.

2223 4187 2234 4196 -
2266 4155 2459 4224 Χαῖρε,
2491 4154 2719 4217 πολλοὺς
2741 4155 2796 4208 ἐν
2821 4152 3022 4220 γνώσει
3049 4152 3387 4222 φωτίζουσα.

2267 4245 2460 4316 Χαῖρε,
2486 4244 2648 4308 ὁλκὰς
2669 4245 2778 4298 τῶν
2811 4244 3074 4298 θελόντων
3093 4246 3356 4315 σωθῆναι.

2269 4336 2460 4406 Χαῖρε,
2484 4335 2648 4407 λιμὴν
2667 4335 2775 4388 τῶν
2808 4335 2903 4388 τοῦ
2940 4335 3058 4405 βίου
3088 4337 3418 4406 πλωτήρων.

2266 4425 2458 4496 Χαῖρε,
2483 4425 2666 4495 νύμφη
2691 4424 3024 4494 ἀνύμφευτε.

2268 4516 2446 4570 Σῶσαι
2470 4516 2639 4570 θέλων
2670 4518 2760 4570 τὸν
2794 4518 2998 4588 κόσμον
3023 4521 3051 4572 ὁ
3089 4517 3198 4570 τῶν
3255 4516 3396 4569 ὅλων
3451 4517 3762 4584 κοσμήτωρ.

2199 4608 2336 4679 πρὸς
2363 4605 2554 4661 τοῦτον
2583 4609 3020 4677 αὐτεπάγγελτος
3052 4604 3204 4679 ἦλθε,
3263 4607 3360 4660 καὶ⁹
3407 4607 3624 4676 ποιμὴν
3667 4607 3762 4656 ὕπο

2199 4700 2401 4770 άρχων,
2435 4698 2511 4762 ὡς
2540 4699 2692 4766 Θεὸς,
2721 4699 2789 4752 δι’
2821 4701 2970 4770 ἡμᾶς
3003 4699 3173 4767 ὲφάνη
3204 4696 3327 4750 καθ’
3366 4697 3521 4764 ἡμᾶς
3564 4694 3762 4762 ἀνθρω-

2199 4806 2300 4854 πος
2352 4805 2367 4820 ο
2427 4789 2598 4861 ὁμοίῳ
2648 4791 2758 4863 γὰρ
2814 4791 2875 4844 τὸ
2931 4791 3118 4860 ὅμοιον
3174 4787 3444 4851 καλέσας,
3505 4787 3586 4850 ὡς
3646 4785 3764 4843 Θεὲτς

2201 4878 2388 4933 ἀκούει
2413 4894 2431 4911 ⁶

2283 4967 2617 5040 Ἀλληλούῖα.

2271 5085 2462 5154 Τεῖχος
2488 5079 2541 5137 εἴ
2586 5081 2696 5136 τῶν
2726 5081 3032 5154 παρθένων,
3074 5079 3302 5133 Θεοτόκε
3352 5076 3630 5149 Παρθένε,
3681 5073 3762 5126 κεῖ

2203 5176 2420 5229 πάντων
2461 5171 2569 5225 τῶν
2617 5173 2696 5235 είς
2742 5173 2802 5225 σὲ
2861 5169 3340 5242 προστρεχόντων’
3387 5167 3452 5219 οὗ
3510 5166 3624 5234 γὰρ
3677 5160 3758 5214 τεῦ

2201 5263 2430 5336 ούρανοῦ
2503 5263 2592 5316 καὶ
2645 5262 2743 5330 τῆς
2803 5261 2907 5329 γῆς
2959 5255 3328 5311 κατεσκεύασε
3388 5273 3452 5308 σε
3518 5253 3758 5322 notati;

2200 5358 2456 5428 ἀχραντε,
2483 5354 2710 5424 οἰκήσας
2740 5355 2796 5405 ἐν
2843 5354 2909 5420 τῇ
2945 5352 3126 5422 μήτρᾳ
3155 5365 3270 5410 σου,
3311 5347 3407 5399 καὶ
3442 5347 3660 5407 πάντας
3691 5358 3759 5393 εει

2205 5446 2545 5518 προσφωνεῖν
2577 5442 2815 5507 διδάξαςο

2276 5538 2467 5605 Χαῖρε,
2490 5535 2524 5604 ἡ
2556 5533 2724 5603 στήλη
2762 5533 2862 5603 τῆς
2894 5529 3212 5602 παρθενίας.

2277 5625 2466 5692 Χαῖρε,
2499 5624 2531 5691 ὴ
2563 5621 2704 5689 πύλη
2736 5621 2836 5690 τῆς
2864 5621 3157 5689 σωτηρίας.

2277 5715 2464 5779 Χαῖρε,
2486 5712 2692 5779 ἁρχηγὲ
2717 5712 2906 5778 νοητῆς
2925 5709 3294 5770 ἀναπλάσεως.
