3818 6346
504 349 636 412 1347

498 563 711 605 ctorum
766 548 1008 602 omnium
1053 547 1452 601 sanctissimum
1499 545 1732 600 Verbum
1785 547 2062 616 peperisti,

1791 350 2106 410 GEORGII
2141 349 2407 410 PlSlD.E

570 460 613 514 Ο
656 456 866 512 cunctis
896 455 1145 510 laudibus
1181 455 1492 508 honoranda
1543 455 1744 518 Mater,
1785 473 1905 526 quae
1932 473 2058 510 san-
2092 471 2128 524 Α

3625 334 3720 394 lilii

2232 453 2302 510 Ὠ
2353 454 2666 524 πανὺμνητε
2716 448 2928 515 Μῆτερ,
2981 447 3012 513 ἠ
3069 441 3310 496 τεκοῦσα
3367 439 3492 494 τῶν
3551 440 3719 492 πέντςυη

2169 547 2339 614 ἁγέων
2394 544 2692 611 ἁγιώτατον
2727 539 2916 604 Λόγον,
2961 533 3226 603 δεξαμένη
3265 533 3374 602 τὴν
3440 531 3547 583 νῦν
3595 549 3722 598 πρω-

501 639 754 711 praasenti
802 638 1072 692 oblatione
1125 645 1395 706 suscepta,
1448 637 1516 690 ab
1563 637 1710 690 omni
1763 637 2066 690 calamitate

2212 637 2359 707 ορὰν,
2393 634 2502 687 ἀπὸ
2537 631 2716 699 πάσης
2767 627 2928 696 eam
2983 624 3269 692 συμφορᾶς
3326 623 3612 682 ἅπαντας,
3659 623 3722 672 u‘:

501 740 728 787 cunctos
768 730 959 791 libera,
1001 736 1055 788 et
1085 744 1115 782 a
1147 727 1331 788 futuro
1384 727 1585 786 redime
1627 726 1892 798 supplicio
1920 726 1986 784 ad
2016 735 2069 781 te

2212 728 2260 794 ἧς
2313 722 2612 794 μελλούσης
2669 719 2946 789 λύτρωσαι
3013 713 3293 776 κολάσεως
3348 711 3494 774 τούς
3549 728 3627 766 σω
3665 713 3724 780 βῆ-

502 823 798 876 clamantes
828 863 840 875 .

574 913 820 969 Alleluia.

2165 817 2345 876 ὦντας
2376 832 2390 845 ·

2247 901 2582 974 Ἀλληλούῖα.

1545 1212 1645 1274 ΙΝ
1690 1213 2078 1276 HYMNUM
2129 1212 2288 1276 ΔΕΑ
2306 1211 2499 1273 THIS
2514 1210 2712 1271 TUM.

1140 1391 1222 1478 Ι.
1330 1390 1454 1476 Μ.
1539 1389 2029 1493 QUERCII

592 1596 935 1660 'Axa'ttitotov,
990 1594 1335 1660 Acathistum,
1387 1597 1534 1650 hunc
1576 1595 1834 1665 hymnum
1888 1606 2084 1652 vocant

513 1688 706 1750 Crzcci,
758 1687 881 1756 quia
939 1686 1085 1738 illum
1132 1695 1328 1740 stantes
1381 1694 1606 1749 canunt,
1655 1686 1938 1754 ipsumque
1999 1686 2082 1739 fe-

2151 1383 3120 1479 ADNOTATIONES.

2186 1599 2254 1651 ab
2294 1596 2501 1652 Joanne
2540 1596 2802 1650 Rubeone
2853 1595 3184 1654 Antoniano,
3216 1597 3272 1644 et
3303 1587 3611 1658 Florilegio
3635 1585 3742 1640 οη-
3797 1614 3799 1668 Ι

2188 1691 2394 1744 tionum
2463 1705 2492 1742 ι
2553 1688 2752 1744 Graecis
2827 1689 3116 1757 petitarum
3183 1685 3459 1736 insertum
3549 1689 3746 1732 testatur

515 1787 656 1830 stum
708 1777 894 1830 eadem
951 1777 1017 1830 de
1058 1791 1217 1830 causa
1268 1778 1365 1845 τῆς
1397 1778 1688 1831 ἀκαοίστου
1740 1780 1951 1848 ἑορτὴν,
2008 1771 2092 1830 vel

2212 1779 2530 1850 l‘heopliilus
2570 1778 2913 1842 Rainaudus,
2968 1787 3096 1831 tom.
3144 1773 3236 1828 Vll
3299 1769 3595 1825 Nomencl.
3653 1767 3744 1821 lc-
3799 1784 3801 1832 ε

515 1866 748 1934 ἡμέραν,
787 1868 1040 1920 Acuti-isti
1080 1867 1480 1931 solemnitatem,
1529 1868 1611 1921 vel
1657 1870 1814 1930 diem,
1856 1869 2088 1923 dicunt:

520 1956 663 2010 unde
708 1964 854 2010 recte
875 1959 1076 2010 erroris
1100 1966 1401 2027 arguuntur
1452 1974 1482 2012 a
1527 1959 1804 2021 Gretsero,
1836 1969 1968 2012 tom.
2025 1959 2090 2022 Il,

520 2063 640 2117 pag.
703 2047 826 2110 450,
882 2047 1163 2112 Meursius,
1215 2059 1269 2103 et
1301 2047 1515 2114 Junius,
1575 2050 1665 2118 qui
1711 2051 1808 2117 τῆς
1867 2049 2096 2104 ditabis-

517 2152 612 2188 mu
657 2145 913 2205 putarunt
956 2152 1074 2190 esse
1100 2137 1373 2204 epitheton
1403 2138 1653 2208 Virginis,
1685 2139 1839 2207 quasi
1891 2139 2098 2194 diceres

527 2226 746 2296 Virginis
784 2229 883 2280 iter
928 2230 1186 2298 facientis,
1239 2228 1319 2281 vel
1361 2229 1474 2297 ejus
1525 2245 1640 2298 qua:
1681 2246 1783 2282 non
1837 2231 2000 2294 sedet,
2049 2242 2096 2284 et

518 2317 752 2386 quiescit.
807 2318 935 2371 Eam
969 2326 1113 2370 certe
1156 2334 1260 2370 non
1309 2335 1428 2372 esse
1477 2319 1623 2371 vocis
1663 2318 1954 2371 ἀκαοίστου
1987 2320 2099 2372 ori.

524 2407 702 2477 ginem
762 2423 824 2462 ex
883 2409 999 2476 ipso
1046 2407 1343 2477 Meuologio
1399 2422 1453 2462 et
1516 2409 1736 2462 Triodio
1791 2408 2097 2463 Cra-corum

525 2496 840 2565 dignoscere
897 2498 1220 2566 potuissent.
1268 2496 1495 2551 Constat
1542 2499 1771 2568 hymnus
1815 2497 2096 2565 Tropario,

523 2585 811 2651 Contacio,
889 2599 942 2641 et
975 2587 1161 2650 OEeis,
1217 2589 1282 2640 de
1338 2589 1536 2656 quibus
1598 2587 1816 2641 videndi
1873 2587 2102 2642 Goarius

527 2674 741 2728 Eucltol.
795 2675 985 2739 Gneo;
1038 2677 1354 2745 Ducangius.
1391 2675 1622 2728 Glossar.
1669 2677 1803 2730 med.
1855 2685 1902 2729 et
1933 2676 2098 2743 inﬁm.

528 2764 790 2829 ercit.;
842 2764 951 2818 Leo
1001 2765 1246 2826 Allutius,
1312 2763 1388 2816 De
1437 2764 1579 2824 libr.,
1634 2773 1680 2816 et
1738 2764 1844 2816 reb.
1900 2765 2100 2818 Eccles.

529 2853 720 2916 Gram,
753 2855 884 2908 lsac.
906 2853 1122 2910 liabert.
1151 2853 1264 2905 Lib.
1290 2852 1487 2921 Pontif.
1517 2853 1656 2906 Eccl.
1682 2853 1869 2917 Greca,
1889 2865 1943 2907 et
1970 2855 2104 2919 Qui—

531 2944 702 2998 rinius
733 2945 786 2998 in
828 2944 1085 3007 Diatriba,
1118 2945 1183 2996 de
1228 2959 1331 3012 qua
1384 2959 1543 3011 supra
1570 2945 1695 3011 (col.
1722 2944 1901 3006 1555).
1945 2944 2104 2998 Inve-

529 3033 681 3085 nitur
727 3033 780 3085 in
811 3032 964 3086 libris
1000 3031 1305 3085 Bitualibus
1335 3031 1670 3094 Graecorum,
1711 3047 1775 3086 ac
1801 3034 2098 3101 praesertim

2195 1871 2361 1932 riam,
2393 1871 2606 1923 observ.
2629 1870 2682 1923 2.
2725 1868 2915 1922 Paucis
2937 1868 3152 1922 demum
3180 1861 3570 1918 abhincannis
3599 1861 3748 1927 ipsum

2197 1961 2484 2030 sejunctim
2539 1960 2706 2014 edidit
2737 1959 2945 2020 Romae.
2982 1974 3071 2012 an.
3127 1954 3282 2018 1746,
3323 1954 3409 2007 vir
3460 1953 3546 2006 ill.
3577 1950 3748 2017 Ioseph
3801 1963 3803 1974 ί

2196 2050 2410 2115 Schiro,
2441 2051 2876 2120 archiepiscopus
2924 2047 3306 2119 Dyrrachinos,
3357 2059 3513 2098 nova
3546 2045 3752 2113 quad:

2198 2141 2471 2207 versione,
2519 2156 2679 2211 quam
2713 2140 2763 2192 ei
2805 2154 2924 2193 sors
2963 2137 3176 2201 obtulit,
3232 2135 3546 2198 munitum,
3601 2143 3659 2187 ut
3701 2131 3752 2183 ad

2198 2230 2435 2300 Virginis
2485 2229 2804 2300 obsequium
2880 2226 3401 2292 venerationemque
3435 2223 3568 2291 pios
3601 2219 3753 2275 homi-

2199 2336 2317 2384 nes,
2346 2320 2582 2374 exbibita
2613 2334 2778 2388 parva
2806 2318 2944 2371 mole
2976 2316 3123 2370 utilis
3143 2314 3332 2379 libelli,
3387 2313 3614 2367 facilius
3659 2312 3756 2364 alli-

2201 2418 2369 2464 ceret.
2401 2409 2532 2463 Eam
2569 2424 2668 2462 nos
2696 2407 3022 2465 versionem,
3054 2420 3174 2458 cum
3203 2403 3338 2457 satis
3365 2403 3696 2472 elegantem,
3715 2412 3757 2452 et

2201 2501 2414 2556 Graecas
2472 2499 2768 2554 sententias
2817 2497 3046 2553 ﬁdeliter
3082 2496 3490 2566 exprimentem
3555 2495 3758 2548 invene—

2203 2593 2392 2654 rimus,
2446 2607 2583 2660 pene
2635 2590 2689 2643 in
2735 2589 3010 2648 omnibus,
3059 2588 3105 2640 si
3151 2601 3321 2656 pauca
3390 2598 3586 2639 tamen
3639 2585 3760 2639 exci-

2203 2683 2340 2752 pias,
2385 2682 2554 2736 secuti
2600 2695 2806 2735 sumus.
2849 2677 3334 2733 Adnotatiunculas
3385 2686 3604 2738 autem,
3648 2689 3761 2742 quas

2205 2774 2451 2827 laudatus
2497 2773 2690 2826 Schiro
2737 2786 2850 2826 sua:
2902 2770 3123 2824 editioni
3167 2767 3441 2834 adiunxit,
3469 2767 3761 2822 omisimus

2203 2866 2290 2920 vel
2319 2865 2443 2936 quia
2485 2880 2578 2919 eas
2606 2862 2940 2918 necessarias
2970 2876 3076 2914 non
3130 2875 3252 2913 esse
3284 2858 3646 2922 censuimus,
3696 2857 3768 2909 vel

2205 2961 2328 3030 quia
2381 2958 2597 3012 modum
2631 2955 2920 3024 quemdam
2948 2953 3001 3006 in
3031 2952 3180 3004 hisce
3201 2948 3540 3004 recudendis
3579 2949 3768 3001 haben-

2208 3051 2334 3102 dum
2387 3063 2508 3101 esse
2539 3045 2910 3114 cognovimus.
2946 3042 3017 3095 De
3050 3040 3258 3111 llymno
3300 3039 3601 3094 Acathisto
3633 3039 3768 3108 plur:

533 3123 587 3176 in
621 3123 858 3186 Triodio,
893 3123 1035 3191 quod
1073 3123 1315 3175 continet
1353 3119 1600 3175 Ofﬁcium
1646 3099 2097 3192 Quadragesinue.
2128 3099 2168 3154 Ο
2205 3099 2849 3205 igﬁdﬁﬁ'mgpoim
2889 3131 3051 3192 noris,
3091 3099 3218 3182 adit.
3273 3127 3455 3181 Paris.
3495 3099 3768 3196 pag-103,

538 3214 689 3267 llunc
721 3214 974 3284 hymnum
1015 3212 1246 3283 religiosi
1286 3213 1507 3282 quidam
1555 3229 1584 3266 e
1623 3213 1822 3267 Graecis
1856 3214 2104 3266 homines

537 3305 592 3359 in
623 3307 992 3368 vernaculttm,
1027 3320 1134 3374 quo
1158 3314 1401 3367 utuntur,
1435 3319 1736 3358 sermonem
1761 3304 2099 3363 translatum.

537 3395 735 3462 saepius
789 3393 1036 3461 privatim
1087 3391 1337 3454 recitare,
1378 3406 1440 3444 ac
1488 3390 1651 3443 veluti
1697 3390 1963 3459 quoddam
2012 3390 2101 3442 ﬁr-

539 3498 685 3536 mum
734 3481 1060 3552 praesidium,
1115 3489 1169 3535 et
1202 3489 1523 3549 praesentem
1569 3480 1803 3549 Virginis
1853 3481 2101 3542 tutelam,

539 3587 723 3628 secum
776 3572 988 3626 deferre
1028 3579 1448 3624 consumerunt.
1515 3571 1657 3624 Idem
1699 3589 1824 3625 vero
1873 3572 1976 3624 ritu
2017 3587 2107 3624 so-

540 3663 707 3718 lemni
752 3661 806 3714 in
861 3661 1096 3714 Ecclesia
1153 3662 1461 3715 Graecorum
1520 3663 1882 3723 membratim,
1935 3679 1998 3715 ac
2051 3662 2104 3715 iu

539 3759 723 3821 partes
751 3749 953 3802 divisus
983 3760 1214 3817 quatuor
1273 3751 1457 3820 primis
1485 3750 1920 3820 Quadragesima:
1976 3752 2110 3808 Sab-

541 3841 702 3902 batis,
737 3851 878 3893 totus
907 3848 1086 3894 autem
1138 3849 1191 3893 ct
1245 3857 1350 3893 una
1397 3841 1555 3894 simul
1617 3852 1862 3909 sumptus
1903 3844 2110 3898 hebdo-

547 3931 720 3986 madis
775 3930 976 3998 quinta:
1007 3929 1244 3983 Sabbato
1295 3931 1527 3993 canitur,
1559 3931 1766 3984 scilicet
1798 3941 1922 3985 ante
1967 3934 2108 3989 diem

549 4021 857 4077 festivitatis
897 4021 1339 4076 Annuntiationis
1378 4021 1705 4076 beatissime
1733 4016 1966 4094 Virginis
1999 4025 2110 4080 Ma-

551 4113 665 4178 rim,
702 4113 756 4166 in
788 4113 944 4180 cujus
968 4111 1177 4166 laudem
1212 4113 1424 4167 videtur
1447 4112 1618 4167 factus
1654 4130 1665 4166 :
1701 4129 1762 4166 ea
1803 4117 2002 4185 quippe
2044 4117 2112 4171 de

551 4220 713 4258 causa
769 4213 846 4258 tot
873 4204 1312 4264 salutationibus,
1346 4220 1442 4272 per
1480 4205 1608 4257 illud
1649 4207 1954 4274 angelicum
2008 4209 2114 4261 Are

553 4291 957 4360 incipientibus,
988 4301 1237 4346 constare
1262 4291 1608 4346 manifestum
1653 4303 1754 4347 est.
1785 4295 1918 4348 Cum
1953 4297 2115 4364 igitur

2204 3233 2258 3286 in
2283 3225 2910 3299 'l‘heophilollainaudo,
2951 3223 3046 3276 loc.
3074 3223 3190 3284 cit.;
3227 3220 3280 3273 in
3315 3219 3610 3279 Gretsero,
3654 3228 3772 3270 tom.

2205 3324 2247 3376 ll
2283 3323 2355 3375 De
2403 3335 2578 3384 cruce,
2620 3333 2745 3388 pag.
2781 3315 2918 3377 450;
2950 3313 3003 3366 in
3037 3311 3219 3381 Pagio,
3254 3311 3326 3362 ad
3383 3325 3475 3362 an.
3525 3308 3772 3373 DCXXV,

2206 3416 2257 3468 in
2285 3415 2394 3468 .los.
2431 3411 2564 3467 Sim.
2613 3406 2928 3463 Assemanio
2977 3403 3204 3458 Kalend.
3249 3401 3449 3454 Eccles.
3503 3397 3773 3460 attriuerat.

2207 3516 2336 3559 tnm.
2365 3502 2453 3561 Vl.
2485 3517 2540 3571 p.
2581 3500 2703 3562 588,
2735 3508 2790 3552 et
2817 3497 2868 3550 in
2916 3493 3166 3548 Falconio
3193 3489 3354 3560 Praef.
3407 3493 3479 3544 ad
3518 3493 3650 3544 Ταῦ.
3676 3492 3768 3545 Rx-

2207 3598 2369 3659 thn.,
2401 3594 2491 3663 qui
2531 3606 2720 3647 omnes
2750 3591 2805 3642 in
2837 3589 2886 3642 id
2913 3602 3076 3640 unum
3119 3583 3500 3646 consentiunt,
3525 3594 3648 3638 tum
3679 3584 3775 3653 pri-

2207 3703 2353 3742 mum
2403 3685 2567 3739 fuisse
2607 3681 2936 3747 confectum,
2986 3678 3396 3746 incmptumque
3457 3677 3613 3734 cani.
3643 3690 3776 3734 cum.

2211 3777 2456 3831 Ileraclio
2495 3776 2815 3843 imperante,
2879 3786 2909 3823 a
2967 3771 3180 3824 Sarbari
3248 3778 3305 3822 et
3344 3766 3603 3836 Cbagaui
3645 3767 3774 3821 obsi-

2210 3868 2372 3921 dione
2411 3862 2909 3932 Constantinopolis
2964 3869 3048 3914 est
3084 3859 3333 3913 liberata.
3399 3855 3643 3921 Quando
3689 3871 3772 3908 aa-

2213 3968 2320 4012 tem
2371 3957 2514 4010 inter
2571 3954 2758 4010 Ofﬁcia
2813 3952 3178 4008 ecclesiastica
3231 3948 3586 4004 Acathistum
3657 3946 3776 4000 reci-

2211 4065 2360 4119 pere,
2393 4058 2486 4101 aut
2514 4063 2622 4116 quo
2657 4056 2900 4114 tempore
2945 4041 3298 4098 hebdomadis
3318 4041 3528 4109 quinta
3555 4038 3778 4092 Sabim-3

2214 4142 2360 4195 illum
2397 4139 2712 4194 soletnniter
2741 4139 2968 4192 recitare
3003 4134 3338 4190 instituerint
3386 4132 3593 4196 Graeci,
3637 4133 3778 4201 plane

2216 4249 2321 4286 non
2368 4233 2555 4301 liquet.
2593 4231 2722 4283 Nam
2755 4245 2820 4283 ex
2844 4227 3162 4298 Synaxario,
3194 4227 3278 4279 vel
3302 4223 3579 4284 Lectione,
3635 4237 3778 4292 quam

2216 4339 2282 4375 eo
2332 4323 2418 4376 die
2469 4319 2753 4390 legendam
2805 4317 3063 4393 proponit
3107 4313 3409 4372 Triodium,
3449 4312 3560 4365 hoc
3633 4325 3781 4363 unum

554 4390 706 4486 ξ²¹¹¹ι⁰
739 4381 792 4435 in
829 4381 1034 4486 l'°_"°:e
1082 4382 1297 4486 “ab”?
1329 4383 1418 4486 δίξν
1470 4383 1769 4486 hOdieq“°_
1798 4384 1962 4486 etile
2017 4381 2114 4486 ¹ξ²¹ξ
2152 4417 2190 4468 ι)
2220 4423 2460 4486 apparet,
2515 4381 2598 4469 ter
2635 4381 3405 4477 fuisse‘Constantinopolima
3433 4405 3782 4458 Barbarorom

551 4474 745 4528 beatur
769 4474 908 4543 apud
965 4473 1180 4530 Graecos
1245 4475 1334 4528 hic
1374 4475 1626 4544 hymnus,
1681 4475 1801 4544 quis
1847 4477 2114 4531 Philotimi

549 4563 786 4618 CPoleos
828 4563 1147 4633 patriarcha:
1172 4562 1559 4631 impudentiam
1599 4578 1704 4615 non
1743 4564 2118 4628 demirabitur,

553 4659 645 4724 qui
671 4655 913 4725 Gregorii
943 4655 1169 4708 l’alamze
1208 4655 1484 4707 erroribus
1520 4653 1764 4708 addictus
1798 4664 1904 4709 tam
1957 4659 2119 4711 stulte

553 4745 811 4815 desipuit,
842 4754 900 4799 ut
935 4761 1057 4831 eum
1105 4744 1304 4815 Virgini
1368 4745 1611 4814 Deiparte
1660 4746 1888 4800 similem
1941 4750 2120 4801 facere

478 4843 485 4848 ’
556 4851 664 4889 non
706 4835 1002 4901 erubuerit,
1058 4836 1427 4906 bymnumque
1484 4837 1627 4891 hunc
1679 4837 1851 4906 ipsum
1901 4839 2118 4892 Acalhi-

557 4937 720 4991 stum,
773 4927 957 4996 paucis
997 4927 1306 4992 immutatis,
1344 4943 1440 4996 per
1469 4929 1742 4997 parodiam
1778 4930 1844 4983 ad
1880 4931 2120 4998 ejusdem

560 5018 788 5073 Palama:
826 5019 1040 5074 laudem
1089 5035 1197 5073 non
1237 5019 1354 5073 sine
1387 5021 1615 5074 Inaxima
1640 5022 1958 5075 temeritatis
1998 5032 2123 5074 nota

561 5111 940 5166 transtulerit?
971 5110 1102 5166 Vide
1131 5112 1387 5167 Graeciam
1433 5113 1636 5164 ortltod.
1669 5111 1873 5172 Allatii,
1903 5120 2030 5165 tom.
2083 5113 2121 5177 Ι,

563 5215 683 5269 pag.
735 5201 856 5254 771.
895 5200 1081 5264 Prosa,
1129 5216 1390 5269 versaque
1429 5201 1674 5254 oratione
1742 5200 1983 5254 redditus
2020 5202 2122 5254 Ita-

566 5290 688 5354 lice,
743 5292 980 5361 itemque
1037 5292 1091 5346 in
1144 5291 1473 5358 llutlienam,
1529 5291 1838 5354 Arabicam,
1895 5293 2138 5362 aliasque

565 5382 772 5452 linguas
825 5384 1112 5438 translatus
1148 5393 1231 5438 est
1267 5400 1280 5435 :
1336 5384 1526 5438 Latine
1565 5392 1746 5437 autem
1778 5397 1896 5438 esse
1934 5383 2140 5438 factum

639 5552 833 5607 Eadem
887 5552 974 5606 die
1045 5552 1261 5621 (nempe
1299 5553 1534 5608 Sabbato
1575 5553 1778 5622 quinta:
1826 5552 2120 5606 hebdoma-

571 5648 654 5702 dis
670 5643 1145 5712 Quadragcsimte),
1161 5644 1426 5698 cclebram
1436 5661 1496 5698 us
1518 5646 1775 5715 hymnum
1797 5644 2134 5698 Acathistum

580 5738 679 5792 SS.
729 5737 966 5790 Domina:
999 5743 1194 5788 nostra:
1252 5734 1488 5803 lteiparm
1542 5737 1612 5790 ob
1652 5735 1962 5806 huiusmodi
2004 5750 2135 5788 eau-

2220 4505 2526 4559 incursione
2579 4503 2902 4564 liberatam;
2980 4499 3198 4553 Graecos
3248 4511 3378 4550 vero
3461 4511 3567 4563 pro
3631 4495 3788 4547 ll‘ib'd:

2220 4597 2367 4651 hisce
2419 4595 2656 4664 acceptis
2696 4591 2976 4650 beneﬁciis
3027 4589 3193 4643 unius
3242 4586 3428 4656 hymni
3475 4595 3653 4638 cantu
3687 4600 3789 4637 me-

2219 4688 2348 4741 ritas
2378 4686 2583 4756 Virgini
2608 4684 2798 4738 laudes
2849 4691 2902 4736 et
2933 4680 3132 4752 gratias
3164 4678 3370 4732 referre
3397 4675 3674 4729 voluisse.
3702 4675 3790 4728 Le-

2219 4781 2452 4834 ctionem
2493 4780 2664 4847 ipsam
2734 4777 2891 4844 cuius
2958 4780 3147 4826 auctor
3191 4769 3364 4823 fertur
3411 4767 3588 4821 fuisse
3647 4767 3788 4819 Nam

2221 4870 2425 4938 pltorus
2449 4866 2720 4929 Callistus,
2758 4881 2821 4918 ex
2869 4863 3092 4916 Triodio
3143 4861 3526 4928 depromptam
3606 4857 3694 4908 hic
3723 4855 3791 4906 ai-

2222 4958 2363 5011 ferre
2398 4973 2428 5010 e
2471 4973 2531 5010 re
2584 4970 2703 5010 esse
2736 4953 3082 5024 putavimus;
3117 4947 3369 5018 quamvis
3421 4945 3576 4998 enim
3641 4945 3791 4996 illam.

2217 5047 2420 5115 jamdiu
2463 5045 2654 5100 Latine
2699 5044 2894 5098 factam
2921 5042 2974 5094 in
3007 5041 3180 5094 lucem
3230 5035 3483 5091 emiserit
3513 5035 3794 5088 Gretserus

2224 5138 2322 5191 loc.
2351 5138 2464 5202 cit.,
2511 5152 2579 5190 ne
2634 5144 2816 5189 tamen
2871 5133 3187 5202 quidquam,
3215 5125 3363 5197 quod
3399 5126 3471 5180 ad
3515 5125 3665 5178 hanc
3697 5141 3791 5175 retu

2225 5225 2406 5280 facere
2451 5224 2718 5287 videatur,
2756 5221 3114 5282 desideretur,
3145 5217 3343 5270 iterum
3393 5212 3792 5284 producendam

2229 5333 2350 5370 esse
2396 5315 2729 5371 censuimus.

2296 5552 2373 5622 Τῇ
2407 5550 2542 5620 αὐτῇ
2575 5547 2758 5617 ἡμέρᾳ
2784 5544 2881 5616 (τῷ
2910 5540 3170 5610 Σαϐϐάτῳ
3211 5537 3311 5607 τῆς
3335 5535 3602 5604 πέμπτης
3665 5532 3800 5585 ἐδεῖθ’

2246 5640 2410 5711 μάδος
2447 5639 2548 5707 τῆς
2591 5631 3062 5704 Τεσσαρακοστῆς)
3083 5629 3172 5682 τὸν
3192 5625 3486 5680 ἀκάθιστον
3505 5623 3682 5691 {my—3v
3697 5624 3795 5680 soo-

2235 5730 2470 5801 τάξομεν
2496 5729 2595 5798 τῆς
2623 5724 2929 5796 ὑπεραγῑας
2975 5721 3271 5790 Δεσποίνης
3311 5716 3471 5786 ἡμῶν
3523 5713 3794 5769 Bactriana.
