  <div class='ocr_page' id='page_1' title='image "/cluster/home/n/w/nwhite01/storage/ocr_20150623/92/hvd.32044073502080/812.png"; bbox 0 0 3818 6346; ppageno 0'>
   <div class='ocr_carea' id='block_1_1' title="bbox 130 367 1688 440">
    <p class='ocr_par' dir='ltr' id='par_1_1' title="bbox 130 369 1688 432">
     <span class='ocr_line' id='line_1_1' title="bbox 130 369 1688 432; baseline -0.005 0"><span class='ocrx_word' id='word_1_1' title='bbox 130 371 242 432; x_wconf 64' lang='grc'><strong>349</strong></span> <span class='ocrx_word' id='word_1_2' title='bbox 959 369 1276 428; x_wconf 66' lang='grc' dir='ltr'><strong>ΗΥΜΝΗΞ</strong></span> <span class='ocrx_word' id='word_1_3' title='bbox 1307 369 1688 427; x_wconf 78' lang='lat' dir='ltr'><strong>ACATHISTl</strong></span> 
     </span>
    </p>
   </div>
   <div class='ocr_carea' id='block_1_2' title="bbox 1790 367 3360 440">
    <p class='ocr_par' dir='ltr' id='par_1_2' title="bbox 1790 367 3360 440">
     <span class='ocr_line' id='line_1_2' title="bbox 1790 367 3360 440; baseline 0 -13"><span class='ocrx_word' id='word_1_4' title='bbox 1790 415 1795 427; x_wconf 89' lang='lat'><strong>.</strong></span> <span class='ocrx_word' id='word_1_5' title='bbox 1831 393 1898 403; x_wconf 62' lang='grc'><strong>’-</strong></span> <span class='ocrx_word' id='word_1_6' title='bbox 1933 370 2246 440; x_wconf 82' lang='lat' dir='ltr'><strong>QUERCII</strong></span> <span class='ocrx_word' id='word_1_7' title='bbox 2276 369 2512 429; x_wconf 63' lang='lat' dir='ltr'><strong>NOTXE.</strong></span> <span class='ocrx_word' id='word_1_8' title='bbox 3226 367 3360 431; x_wconf 80' lang='lat'><strong>1350</strong></span> 
     </span>
    </p>
   </div>
   <div class='ocr_carea' id='block_1_3' title="bbox 59 481 1688 552">
    <p class='ocr_par' dir='ltr' id='par_1_3' title="bbox 59 481 1688 552">
     <span class='ocr_line' id='line_1_3' title="bbox 59 481 1688 552; baseline -0.001 -17"><span class='ocrx_word' id='word_1_9' title='bbox 59 484 165 535; x_wconf 55' lang='grc' dir='ltr'>’δι’</span> <span class='ocrx_word' id='word_1_10' title='bbox 219 482 396 535; x_wconf 80' lang='grc' dir='ltr'>αἰτίαν</span> <span class='ocrx_word' id='word_1_11' title='bbox 453 481 740 552; x_wconf 82' lang='grc' dir='ltr'>τοιαύτην’</span> <span class='ocrx_word' id='word_1_12' title='bbox 784 482 1104 552; x_wconf 77' lang='grc' dir='ltr'><strong>Ἡρακλείου</strong></span> <span class='ocrx_word' id='word_1_13' title='bbox 1158 481 1255 550; x_wconf 80' lang='grc' dir='ltr'>τὴν</span> <span class='ocrx_word' id='word_1_14' title='bbox 1311 482 1688 552; x_wconf 84' lang='grc' dir='ltr'>αὐτοκράτορα</span> 
     </span>
    </p>
   </div>
   <div class='ocr_carea' id='block_1_4' title="bbox 1790 481 3359 552">
    <p class='ocr_par' dir='ltr' id='par_1_4' title="bbox 1790 481 3359 550">
     <span class='ocr_line' id='line_1_4' title="bbox 1790 481 3359 550; baseline -0.001 -15"><span class='ocrx_word' id='word_1_15' title='bbox 1790 498 1926 536; x_wconf 89' lang='lat' dir='ltr'><strong>sam.</strong></span> <span class='ocrx_word' id='word_1_16' title='bbox 1995 483 2130 537; x_wconf 92' lang='lat' dir='ltr'><strong>Cum</strong></span> <span class='ocrx_word' id='word_1_17' title='bbox 2183 482 2464 538; x_wconf 86' lang='lat' dir='ltr'><strong>lleraclius</strong></span> <span class='ocrx_word' id='word_1_18' title='bbox 2509 484 2809 534; x_wconf 75' lang='lat' dir='ltr'><strong>ltomanum</strong></span> <span class='ocrx_word' id='word_1_19' title='bbox 2865 481 3149 550; x_wconf 86' lang='lat' dir='ltr'><strong>imperium</strong></span> <span class='ocrx_word' id='word_1_20' title='bbox 3205 492 3359 536; x_wconf 83' lang='lat' dir='ltr'><strong>teuc-</strong></span> 
     </span>
    </p>
   </div>
   <div class='ocr_carea' id='block_1_5' title="bbox 95 569 1688 642">
    <p class='ocr_par' dir='ltr' id='par_1_5' title="bbox 95 569 1682 642">
     <span class='ocr_line' id='line_1_5' title="bbox 95 569 1682 642; baseline 0.001 -20"><span class='ocrx_word' id='word_1_21' title='bbox 95 571 404 639; x_wconf 80' lang='grc' dir='ltr'>Ῥωμαίοις</span> <span class='ocrx_word' id='word_1_22' title='bbox 439 571 612 642; x_wconf 79' lang='grc' dir='ltr'>ἀρχὴν</span> <span class='ocrx_word' id='word_1_23' title='bbox 632 570 931 634; x_wconf 90' lang='grc' dir='ltr'>διέποντος,</span> <span class='ocrx_word' id='word_1_24' title='bbox 967 572 995 623; x_wconf 91' lang='lat'><strong>6</strong></span> <span class='ocrx_word' id='word_1_25' title='bbox 1016 569 1123 622; x_wconf 88' lang='grc' dir='ltr'><strong>τῶν</strong></span> <span class='ocrx_word' id='word_1_26' title='bbox 1153 570 1377 640; x_wconf 88' lang='grc' dir='ltr'>Περσῶν</span> <span class='ocrx_word' id='word_1_27' title='bbox 1432 570 1682 640; x_wconf 81' lang='grc' dir='ltr'>βασιλεὺς</span> 
     </span>
    </p>
   </div>
   <div class='ocr_carea' id='block_1_6' title="bbox 1790 569 3358 642">
    <p class='ocr_par' dir='ltr' id='par_1_6' title="bbox 1790 570 3358 635">
     <span class='ocr_line' id='line_1_6' title="bbox 1790 570 3358 635; baseline -0.001 -10"><span class='ocrx_word' id='word_1_28' title='bbox 1790 583 1887 635; x_wconf 87' lang='lat' dir='ltr'><strong>ret,</strong></span> <span class='ocrx_word' id='word_1_29' title='bbox 1926 572 2213 627; x_wconf 81' lang='lat' dir='ltr'><strong>Persarum</strong></span> <span class='ocrx_word' id='word_1_30' title='bbox 2239 589 2336 627; x_wconf 77' lang='lat' dir='ltr'><strong>rex</strong></span> <span class='ocrx_word' id='word_1_31' title='bbox 2373 570 2658 632; x_wconf 85' lang='lat' dir='ltr'><strong>Chosroes,</strong></span> <span class='ocrx_word' id='word_1_32' title='bbox 2679 573 2868 626; x_wconf 74' lang='lat' dir='ltr'><strong>videns</strong></span> <span class='ocrx_word' id='word_1_33' title='bbox 2891 588 2976 625; x_wconf 90' lang='lat' dir='ltr'><strong>res</strong></span> <span class='ocrx_word' id='word_1_34' title='bbox 2992 571 3358 625; x_wconf 76' lang='lat' dir='ltr'><strong>Bottianorum</strong></span> 
     </span>
    </p>
   </div>
   <div class='ocr_carea' id='block_1_7' title="bbox 73 659 1688 733">
    <p class='ocr_par' dir='ltr' id='par_1_7' title="bbox 73 659 1679 732">
     <span class='ocr_line' id='line_1_7' title="bbox 73 659 1679 732; baseline 0.001 -18"><span class='ocrx_word' id='word_1_35' title='bbox 73 659 352 731; x_wconf 71' lang='grc' dir='ltr'>ΞΧοσρόης</span> <span class='ocrx_word' id='word_1_36' title='bbox 417 662 542 714; x_wconf 88' lang='grc' dir='ltr'>ίδων</span> <span class='ocrx_word' id='word_1_37' title='bbox 599 664 667 716; x_wconf 81' lang='grc' dir='ltr'><strong>τά</strong></span> <span class='ocrx_word' id='word_1_38' title='bbox 703 663 988 732; x_wconf 88' lang='grc' dir='ltr'>Ῥωμαίων</span> <span class='ocrx_word' id='word_1_39' title='bbox 1043 662 1227 731; x_wconf 84' lang='grc' dir='ltr'>ἄκρως</span> <span class='ocrx_word' id='word_1_40' title='bbox 1272 662 1679 716; x_wconf 88' lang='grc' dir='ltr'>ταπεινωθέντα</span> 
     </span>
    </p>
   </div>
   <div class='ocr_carea' id='block_1_8' title="bbox 1790 659 3358 733">
    <p class='ocr_par' dir='ltr' id='par_1_8' title="bbox 1790 661 3358 733">
     <span class='ocr_line' id='line_1_8' title="bbox 1790 661 3358 733; baseline 0.001 -19"><span class='ocrx_word' id='word_1_41' title='bbox 1790 678 1814 714; x_wconf 83' lang='lat' dir='ltr'><strong>a</strong></span> <span class='ocrx_word' id='word_1_42' title='bbox 1872 661 2054 717; x_wconf 80' lang='lat' dir='ltr'><strong>l’hoca</strong></span> <span class='ocrx_word' id='word_1_43' title='bbox 2101 673 2328 733; x_wconf 88' lang='lat' dir='ltr'><strong>tyranno</strong></span> <span class='ocrx_word' id='word_1_44' title='bbox 2377 663 2596 732; x_wconf 78' lang='lat' dir='ltr'><strong>penitus</strong></span> <span class='ocrx_word' id='word_1_45' title='bbox 2657 663 2882 717; x_wconf 88' lang='lat' dir='ltr'><strong>afﬂictas</strong></span> <span class='ocrx_word' id='word_1_46' title='bbox 2937 673 2993 717; x_wconf 91' lang='lat' dir='ltr'><strong>et</strong></span> <span class='ocrx_word' id='word_1_47' title='bbox 3040 671 3358 733; x_wconf 64' lang='lat' dir='ltr'><strong>prostratae,</strong></span> 
     </span>
    </p>
   </div>
   <div class='ocr_carea' id='block_1_9' title="bbox 81 750 1688 822">
    <p class='ocr_par' dir='ltr' id='par_1_9' title="bbox 81 750 1684 822">
     <span class='ocr_line' id='line_1_9' title="bbox 81 750 1684 822; baseline 0.002 -20"><span class='ocrx_word' id='word_1_48' title='bbox 81 755 258 820; x_wconf 71' lang='grc' dir='ltr'>παρὰ</span> <span class='ocrx_word' id='word_1_49' title='bbox 286 751 448 803; x_wconf 78' lang='grc' dir='ltr'>Φῶκα</span> <span class='ocrx_word' id='word_1_50' title='bbox 476 751 744 820; x_wconf 78' lang='grc' dir='ltr'>βασιλέως</span> <span class='ocrx_word' id='word_1_51' title='bbox 778 751 870 804; x_wconf 83' lang='grc' dir='ltr'>τοῦ</span> <span class='ocrx_word' id='word_1_52' title='bbox 897 750 1184 819; x_wconf 78' lang='grc' dir='ltr'>τυράννου,</span> <span class='ocrx_word' id='word_1_53' title='bbox 1215 750 1311 803; x_wconf 82' lang='grc' dir='ltr'><strong>ένα</strong></span> <span class='ocrx_word' id='word_1_54' title='bbox 1337 751 1445 803; x_wconf 88' lang='grc' dir='ltr'><strong>τῶν</strong></span> <span class='ocrx_word' id='word_1_55' title='bbox 1481 769 1684 822; x_wconf 88' lang='grc' dir='ltr'>σατρα-</span> 
     </span>
    </p>
   </div>
   <div class='ocr_carea' id='block_1_10' title="bbox 1790 750 3358 822">
    <p class='ocr_par' dir='ltr' id='par_1_10' title="bbox 1790 753 3358 821">
     <span class='ocr_line' id='line_1_10' title="bbox 1790 753 3358 821; baseline 0.001 -18"><span class='ocrx_word' id='word_1_56' title='bbox 1790 767 1953 804; x_wconf 92' lang='lat' dir='ltr'><strong>unum</strong></span> <span class='ocrx_word' id='word_1_57' title='bbox 1995 768 2060 806; x_wconf 81' lang='lat' dir='ltr'><strong>ex</strong></span> <span class='ocrx_word' id='word_1_58' title='bbox 2121 753 2356 821; x_wconf 75' lang='lat' dir='ltr'><strong>satrapis</strong></span> <span class='ocrx_word' id='word_1_59' title='bbox 2408 753 2541 815; x_wconf 86' lang='lat' dir='ltr'><strong>suis,</strong></span> <span class='ocrx_word' id='word_1_60' title='bbox 2604 753 2896 805; x_wconf 79' lang='lat' dir='ltr'><strong>Sarbarum</strong></span> <span class='ocrx_word' id='word_1_61' title='bbox 2956 753 3199 815; x_wconf 83' lang='lat' dir='ltr'><strong>nomine,</strong></span> <span class='ocrx_word' id='word_1_62' title='bbox 3232 767 3358 805; x_wconf 90' lang='lat' dir='ltr'><strong>cum</strong></span> 
     </span>
    </p>
   </div>
   <div class='ocr_carea' id='block_1_11' title="bbox 82 840 1688 911">
    <p class='ocr_par' dir='ltr' id='par_1_11' title="bbox 82 840 1685 911">
     <span class='ocr_line' id='line_1_11' title="bbox 82 840 1685 911; baseline 0.002 -21"><span class='ocrx_word' id='word_1_63' title='bbox 82 842 225 894; x_wconf 77' lang='grc' dir='ltr'><strong>πῶν</strong></span> <span class='ocrx_word' id='word_1_64' title='bbox 260 842 539 911; x_wconf 74' lang='grc' dir='ltr'>Σάρόαρον</span> <span class='ocrx_word' id='word_1_65' title='bbox 569 841 741 911; x_wconf 75' lang='grc' dir='ltr'>ὄνομα</span> <span class='ocrx_word' id='word_1_66' title='bbox 774 840 910 910; x_wconf 89' lang='grc' dir='ltr'><strong>μετά</strong></span> <span class='ocrx_word' id='word_1_67' title='bbox 946 840 1196 910; x_wconf 77' lang='grc' dir='ltr'><strong>χιλιάδων</strong></span> <span class='ocrx_word' id='word_1_68' title='bbox 1233 840 1497 893; x_wconf 78' lang='grc' dir='ltr'>πλειόνων</span> <span class='ocrx_word' id='word_1_69' title='bbox 1531 841 1685 894; x_wconf 87' lang='grc' dir='ltr'>στέλ-</span> 
     </span>
    </p>
   </div>
   <div class='ocr_carea' id='block_1_12' title="bbox 1790 840 3362 911">
    <p class='ocr_par' dir='ltr' id='par_1_12' title="bbox 1790 840 3362 902">
     <span class='ocr_line' id='line_1_12' title="bbox 1790 840 3362 902; baseline 0 -8"><span class='ocrx_word' id='word_1_70' title='bbox 1790 841 1971 896; x_wconf 89' lang='lat' dir='ltr'><strong>multis</strong></span> <span class='ocrx_word' id='word_1_71' title='bbox 2021 842 2260 896; x_wconf 85' lang='lat' dir='ltr'><strong>millibus</strong></span> <span class='ocrx_word' id='word_1_72' title='bbox 2292 841 2459 902; x_wconf 90' lang='lat' dir='ltr'><strong>misit,</strong></span> <span class='ocrx_word' id='word_1_73' title='bbox 2497 850 2550 894; x_wconf 94' lang='lat' dir='ltr'><strong>ul</strong></span> <span class='ocrx_word' id='word_1_74' title='bbox 2591 851 2759 896; x_wconf 90' lang='lat' dir='ltr'><strong>totum</strong></span> <span class='ocrx_word' id='word_1_75' title='bbox 2804 840 3081 894; x_wconf 87' lang='lat' dir='ltr'><strong>Orientem</strong></span> <span class='ocrx_word' id='word_1_76' title='bbox 3135 857 3249 894; x_wconf 65' lang='lat' dir='ltr'><strong>suae</strong></span> <span class='ocrx_word' id='word_1_77' title='bbox 3275 840 3362 894; x_wconf 83' lang='lat' dir='ltr'><strong>di-</strong></span> 
     </span>
    </p>
   </div>
   <div class='ocr_carea' id='block_1_13' title="bbox 84 929 1688 1003">
    <p class='ocr_par' dir='ltr' id='par_1_13' title="bbox 84 929 1684 1003">
     <span class='ocr_line' id='line_1_13' title="bbox 84 929 1684 1003; baseline 0.001 -19"><span class='ocrx_word' id='word_1_78' title='bbox 84 933 206 995; x_wconf 79' lang='grc' dir='ltr'>λει,</span> <span class='ocrx_word' id='word_1_79' title='bbox 241 935 420 984; x_wconf 78' lang='grc' dir='ltr'>πᾶσαν</span> <span class='ocrx_word' id='word_1_80' title='bbox 443 931 542 1002; x_wconf 79' lang='grc' dir='ltr'>τὴν</span> <span class='ocrx_word' id='word_1_81' title='bbox 569 933 682 984; x_wconf 79' lang='grc' dir='ltr'>Ἕω</span> <span class='ocrx_word' id='word_1_82' title='bbox 709 931 858 1002; x_wconf 81' lang='grc' dir='ltr'>αὐτῷ</span> <span class='ocrx_word' id='word_1_83' title='bbox 911 929 1343 1002; x_wconf 78' lang='grc' dir='ltr'><strong>ὑποποιήσασθαι</strong></span> <span class='ocrx_word' id='word_1_84' title='bbox 1363 946 1377 960; x_wconf 88' lang='grc'><strong>·</strong></span> <span class='ocrx_word' id='word_1_85' title='bbox 1408 930 1546 1000; x_wconf 76' lang='grc' dir='ltr'>ἔφθη</span> <span class='ocrx_word' id='word_1_86' title='bbox 1577 933 1684 1003; x_wconf 87' lang='grc' dir='ltr'>γὰρ</span> 
     </span>
    </p>
   </div>
   <div class='ocr_carea' id='block_1_14' title="bbox 1790 929 3359 1003">
    <p class='ocr_par' dir='ltr' id='par_1_14' title="bbox 1790 929 3359 999">
     <span class='ocr_line' id='line_1_14' title="bbox 1790 929 3359 999; baseline 0.001 -19"><span class='ocrx_word' id='word_1_87' title='bbox 1790 930 1950 983; x_wconf 90' lang='lat' dir='ltr'><strong>lionis</strong></span> <span class='ocrx_word' id='word_1_88' title='bbox 2001 931 2204 984; x_wconf 89' lang='lat' dir='ltr'><strong>faceret</strong></span> <span class='ocrx_word' id='word_1_89' title='bbox 2235 949 2246 982; x_wconf 90' lang='lat'><strong>:</strong></span> <span class='ocrx_word' id='word_1_90' title='bbox 2283 947 2407 983; x_wconf 89' lang='lat' dir='ltr'><strong>nam</strong></span> <span class='ocrx_word' id='word_1_91' title='bbox 2439 939 2492 983; x_wconf 90' lang='lat' dir='ltr'><strong>et</strong></span> <span class='ocrx_word' id='word_1_92' title='bbox 2524 931 2673 999; x_wconf 89' lang='lat' dir='ltr'><strong>prius</strong></span> <span class='ocrx_word' id='word_1_93' title='bbox 2695 931 2807 998; x_wconf 86' lang='lat' dir='ltr'><strong>jam</strong></span> <span class='ocrx_word' id='word_1_94' title='bbox 2845 931 3036 983; x_wconf 87' lang='lat' dir='ltr'><strong>decem</strong></span> <span class='ocrx_word' id='word_1_95' title='bbox 3091 929 3359 998; x_wconf 83' lang='lat' dir='ltr'><strong>myriadas</strong></span> 
     </span>
    </p>
   </div>
   <div class='ocr_carea' id='block_1_15' title="bbox 87 1019 1688 1094">
    <p class='ocr_par' dir='ltr' id='par_1_15' title="bbox 87 1021 1684 1094">
     <span class='ocr_line' id='line_1_15' title="bbox 87 1021 1684 1094; baseline -0.002 -17"><span class='ocrx_word' id='word_1_96' title='bbox 87 1025 201 1077; x_wconf 67' lang='grc' dir='ltr'>καὶ</span> <span class='ocrx_word' id='word_1_97' title='bbox 233 1024 497 1094; x_wconf 84' lang='grc' dir='ltr'>πρότερον</span> <span class='ocrx_word' id='word_1_98' title='bbox 538 1023 669 1076; x_wconf 78' lang='grc' dir='ltr'>ὡσεὶ</span> <span class='ocrx_word' id='word_1_99' title='bbox 713 1023 845 1076; x_wconf 84' lang='grc' dir='ltr'>δέκα</span> <span class='ocrx_word' id='word_1_100' title='bbox 883 1022 1146 1092; x_wconf 83' lang='grc' dir='ltr'><strong>μυριάδας</strong></span> <span class='ocrx_word' id='word_1_101' title='bbox 1191 1021 1530 1091; x_wconf 80' lang='grc' dir='ltr'>Χριστιανῶν</span> <span class='ocrx_word' id='word_1_102' title='bbox 1569 1023 1684 1075; x_wconf 89' lang='grc' dir='ltr'>δια-</span> 
     </span>
    </p>
   </div>
   <div class='ocr_carea' id='block_1_16' title="bbox 1790 1019 3358 1094">
    <p class='ocr_par' dir='ltr' id='par_1_16' title="bbox 1790 1019 3358 1085">
     <span class='ocr_line' id='line_1_16' title="bbox 1790 1019 3358 1085; baseline 0.003 -18"><span class='ocrx_word' id='word_1_103' title='bbox 1790 1019 2214 1073; x_wconf 74' lang='lat' dir='ltr'><strong>llhristianorum</strong></span> <span class='ocrx_word' id='word_1_104' title='bbox 2278 1019 2549 1074; x_wconf 89' lang='lat' dir='ltr'><strong>Chosrocs</strong></span> <span class='ocrx_word' id='word_1_105' title='bbox 2615 1021 2886 1074; x_wconf 86' lang='lat' dir='ltr'><strong>deleverat</strong></span> <span class='ocrx_word' id='word_1_106' title='bbox 2944 1028 2999 1074; x_wconf 89' lang='lat' dir='ltr'><strong>et</strong></span> <span class='ocrx_word' id='word_1_107' title='bbox 3051 1029 3358 1085; x_wconf 81' lang='lat' dir='ltr'><strong>everterat;</strong></span> 
     </span>
    </p>
   </div>
   <div class='ocr_carea' id='block_1_17' title="bbox 90 1111 1686 1185">
    <p class='ocr_par' dir='ltr' id='par_1_17' title="bbox 90 1111 1686 1185">
     <span class='ocr_line' id='line_1_17' title="bbox 90 1111 1686 1185; baseline -0.003 -17"><span class='ocrx_word' id='word_1_108' title='bbox 90 1115 335 1185; x_wconf 75' lang='grc' dir='ltr'>φθείρας</span> <span class='ocrx_word' id='word_1_109' title='bbox 358 1115 624 1185; x_wconf 79' lang='grc' dir='ltr'>Χοσρόης,</span> <span class='ocrx_word' id='word_1_110' title='bbox 647 1114 740 1168; x_wconf 81' lang='grc' dir='ltr'><strong>ἀτε</strong></span> <span class='ocrx_word' id='word_1_111' title='bbox 760 1115 867 1166; x_wconf 91' lang='grc' dir='ltr'><strong>τῶν</strong></span> <span class='ocrx_word' id='word_1_112' title='bbox 880 1112 1145 1184; x_wconf 78' lang='grc' dir='ltr'>Ἐϐραίων</span> <span class='ocrx_word' id='word_1_113' title='bbox 1167 1113 1362 1174; x_wconf 73' lang='grc' dir='ltr'>αὐτοὺς</span> <span class='ocrx_word' id='word_1_114' title='bbox 1386 1111 1686 1180; x_wconf 79' lang='grc' dir='ltr'>ὲξωνουμέ-</span> 
     </span>
    </p>
   </div>
   <div class='ocr_carea' id='block_1_18' title="bbox 90 1203 1684 1274">
    <p class='ocr_par' dir='ltr' id='par_1_18' title="bbox 90 1203 1684 1274">
     <span class='ocr_line' id='line_1_18' title="bbox 90 1203 1684 1274; baseline -0.001 -17"><span class='ocrx_word' id='word_1_115' title='bbox 90 1223 238 1266; x_wconf 78' lang='grc' dir='ltr'>νων,</span> <span class='ocrx_word' id='word_1_116' title='bbox 298 1206 392 1258; x_wconf 77' lang='grc' dir='ltr'>καὶ</span> <span class='ocrx_word' id='word_1_117' title='bbox 441 1204 804 1258; x_wconf 88' lang='grc' dir='ltr'>ἀπολλύντων.</span> <span class='ocrx_word' id='word_1_118' title='bbox 853 1203 913 1256; x_wconf 90' lang='lat'><strong>&#39;0</strong></span> <span class='ocrx_word' id='word_1_119' title='bbox 944 1204 1072 1272; x_wconf 76' lang='grc' dir='ltr'>γοῦν</span> <span class='ocrx_word' id='word_1_120' title='bbox 1099 1203 1513 1274; x_wconf 86' lang='grc' dir='ltr'>ἀρχισατράπης</span> <span class='ocrx_word' id='word_1_121' title='bbox 1544 1204 1684 1274; x_wconf 78' lang='grc' dir='ltr'>Σάρο</span> 
     </span>
    </p>
   </div>
   <div class='ocr_carea' id='block_1_19' title="bbox 95 1293 1683 1364">
    <p class='ocr_par' dir='ltr' id='par_1_19' title="bbox 95 1293 1683 1364">
     <span class='ocr_line' id='line_1_19' title="bbox 95 1293 1683 1364; baseline 0 -18"><span class='ocrx_word' id='word_1_122' title='bbox 95 1295 278 1362; x_wconf 76' lang='grc' dir='ltr'>ὀαρος</span> <span class='ocrx_word' id='word_1_123' title='bbox 330 1295 428 1363; x_wconf 78' lang='grc' dir='ltr'>τὴν</span> <span class='ocrx_word' id='word_1_124' title='bbox 477 1293 552 1346; x_wconf 80' lang='grc' dir='ltr'>ἓω</span> <span class='ocrx_word' id='word_1_125' title='bbox 595 1293 921 1364; x_wconf 74' lang='grc' dir='ltr'><strong>ληϊσάμενος</strong></span> <span class='ocrx_word' id='word_1_126' title='bbox 972 1293 1213 1356; x_wconf 74' lang='grc' dir='ltr'>ἃπασαν,</span> <span class='ocrx_word' id='word_1_127' title='bbox 1268 1293 1502 1361; x_wconf 63' lang='grc' dir='ltr'>ἔφθασεν</span> <span class='ocrx_word' id='word_1_128' title='bbox 1555 1295 1683 1364; x_wconf 85' lang='grc' dir='ltr'>ἄχρι</span> 
     </span>
    </p>
   </div>
   <div class='ocr_carea' id='block_1_20' title="bbox 97 1382 1686 1455">
    <p class='ocr_par' dir='ltr' id='par_1_20' title="bbox 97 1382 1686 1455">
     <span class='ocr_line' id='line_1_20' title="bbox 97 1382 1686 1455; baseline -0.001 -18"><span class='ocrx_word' id='word_1_129' title='bbox 97 1385 210 1438; x_wconf 79' lang='grc' dir='ltr'>καὶ</span> <span class='ocrx_word' id='word_1_130' title='bbox 263 1384 428 1453; x_wconf 82' lang='grc' dir='ltr'>αὐτῆς</span> <span class='ocrx_word' id='word_1_131' title='bbox 482 1385 898 1454; x_wconf 77' lang='grc' dir='ltr'>Χρυσοπόλεως,</span> <span class='ocrx_word' id='word_1_132' title='bbox 926 1384 960 1455; x_wconf 78' lang='grc' dir='ltr'>ἢ</span> <span class='ocrx_word' id='word_1_133' title='bbox 991 1382 1085 1435; x_wconf 85' lang='grc' dir='ltr'>νῦν</span> <span class='ocrx_word' id='word_1_134' title='bbox 1125 1383 1451 1451; x_wconf 74' lang='grc' dir='ltr'>Σκουτάριοι</span> <span class='ocrx_word' id='word_1_135' title='bbox 1502 1384 1686 1436; x_wconf 75' lang='grc' dir='ltr'>ἐπικέ-</span> 
     </span>
    </p>
   </div>
   <div class='ocr_carea' id='block_1_21' title="bbox 99 1473 1686 1546">
    <p class='ocr_par' dir='ltr' id='par_1_21' title="bbox 99 1473 1686 1546">
     <span class='ocr_line' id='line_1_21' title="bbox 99 1473 1686 1546; baseline -0.001 -19"><span class='ocrx_word' id='word_1_136' title='bbox 99 1474 324 1543; x_wconf 81' lang='grc' dir='ltr'>κληται.</span> <span class='ocrx_word' id='word_1_137' title='bbox 361 1475 418 1528; x_wconf 88' lang='grc' dir='ltr'><strong>Ὀ</strong></span> <span class='ocrx_word' id='word_1_138' title='bbox 442 1476 622 1527; x_wconf 82' lang='grc' dir='ltr'>τοίνυν</span> <span class='ocrx_word' id='word_1_139' title='bbox 675 1475 927 1546; x_wconf 78' lang='grc' dir='ltr'>βασιλεὺς</span> <span class='ocrx_word' id='word_1_140' title='bbox 992 1473 1313 1544; x_wconf 71' lang='grc' dir='ltr'>Ἡράκλειος</span> <span class='ocrx_word' id='word_1_141' title='bbox 1370 1477 1428 1526; x_wconf 78' lang='grc' dir='ltr'>ὲν</span> <span class='ocrx_word' id='word_1_142' title='bbox 1481 1474 1686 1544; x_wconf 81' lang='grc' dir='ltr'>ἀπορίᾳ</span> 
     </span>
    </p>
   </div>
   <div class='ocr_carea' id='block_1_22' title="bbox 99 1563 1686 1635">
    <p class='ocr_par' dir='ltr' id='par_1_22' title="bbox 99 1563 1686 1635">
     <span class='ocr_line' id='line_1_22' title="bbox 99 1563 1686 1635; baseline -0.001 -19"><span class='ocrx_word' id='word_1_143' title='bbox 99 1565 388 1628; x_wconf 80' lang='grc' dir='ltr'>καταστὰς</span> <span class='ocrx_word' id='word_1_144' title='bbox 403 1564 686 1634; x_wconf 73' lang='grc' dir='ltr'>δημοσίων</span> <span class='ocrx_word' id='word_1_145' title='bbox 708 1565 1026 1635; x_wconf 87' lang='grc' dir='ltr'>χρημάτων,</span> <span class='ocrx_word' id='word_1_146' title='bbox 1056 1565 1124 1617; x_wconf 78' lang='grc' dir='ltr'>τΞι</span> <span class='ocrx_word' id='word_1_147' title='bbox 1158 1565 1278 1635; x_wconf 77' lang='grc' dir='ltr'><strong>ίερά</strong></span> <span class='ocrx_word' id='word_1_148' title='bbox 1327 1563 1437 1616; x_wconf 83' lang='grc' dir='ltr'><strong>τῶν</strong></span> <span class='ocrx_word' id='word_1_149' title='bbox 1489 1563 1686 1634; x_wconf 83' lang='grc' dir='ltr'>ὲκκλη·</span> 
     </span>
    </p>
   </div>
   <div class='ocr_carea' id='block_1_23' title="bbox 103 1653 1684 1724">
    <p class='ocr_par' dir='ltr' id='par_1_23' title="bbox 103 1653 1684 1724">
     <span class='ocr_line' id='line_1_23' title="bbox 103 1653 1684 1724; baseline 0.001 -20"><span class='ocrx_word' id='word_1_150' title='bbox 103 1654 250 1705; x_wconf 91' lang='grc' dir='ltr'>σιῶν</span> <span class='ocrx_word' id='word_1_151' title='bbox 295 1656 372 1716; x_wconf 83' lang='grc' dir='ltr'><strong>είς</strong></span> <span class='ocrx_word' id='word_1_152' title='bbox 431 1655 612 1724; x_wconf 81' lang='grc' dir='ltr'>κέρμα</span> <span class='ocrx_word' id='word_1_153' title='bbox 673 1653 1221 1724; x_wconf 85' lang='grc' dir='ltr'>μετασκευασάμενος</span> <span class='ocrx_word' id='word_1_154' title='bbox 1270 1655 1363 1707; x_wconf 74' lang='grc' dir='ltr'><strong>ἐπὶ</strong></span> <span class='ocrx_word' id='word_1_155' title='bbox 1433 1655 1684 1708; x_wconf 74' lang='grc' dir='ltr'>ἀποδόσει</span> 
     </span>
    </p>
   </div>
   <div class='ocr_carea' id='block_1_24' title="bbox 109 1744 1684 1816">
    <p class='ocr_par' dir='ltr' id='par_1_24' title="bbox 109 1744 1684 1816">
     <span class='ocr_line' id='line_1_24' title="bbox 109 1744 1684 1816; baseline 0 -20"><span class='ocrx_word' id='word_1_156' title='bbox 109 1744 324 1814; x_wconf 78' lang='grc' dir='ltr'>μείζονι</span> <span class='ocrx_word' id='word_1_157' title='bbox 355 1746 449 1798; x_wconf 71' lang='grc' dir='ltr'><strong>καὶ</strong></span> <span class='ocrx_word' id='word_1_158' title='bbox 470 1745 799 1816; x_wconf 71' lang='grc' dir='ltr'>τελειοτέρᾳ,</span> <span class='ocrx_word' id='word_1_159' title='bbox 827 1745 914 1798; x_wconf 81' lang='grc' dir='ltr'>διὰ</span> <span class='ocrx_word' id='word_1_160' title='bbox 945 1744 1038 1798; x_wconf 77' lang='grc' dir='ltr'>τοῦ</span> <span class='ocrx_word' id='word_1_161' title='bbox 1068 1744 1294 1809; x_wconf 79' lang='grc' dir='ltr'>Εὑξίνου</span> <span class='ocrx_word' id='word_1_162' title='bbox 1323 1744 1461 1815; x_wconf 85' lang='grc' dir='ltr'><strong>μετά</strong></span> <span class='ocrx_word' id='word_1_163' title='bbox 1489 1745 1684 1797; x_wconf 88' lang='grc' dir='ltr'>πλοίων</span> 
     </span>
    </p>
   </div>
   <div class='ocr_carea' id='block_1_25' title="bbox 1789 1112 3357 1182">
    <p class='ocr_par' dir='ltr' id='par_1_25' title="bbox 1789 1112 3357 1182">
     <span class='ocr_line' id='line_1_25' title="bbox 1789 1112 3357 1182; baseline 0.004 -20"><span class='ocrx_word' id='word_1_164' title='bbox 1789 1112 1992 1180; x_wconf 85' lang='lat' dir='ltr'><strong>quippe</strong></span> <span class='ocrx_word' id='word_1_165' title='bbox 2050 1128 2186 1180; x_wconf 60' lang='lat' dir='ltr'><strong>(illos</strong></span> <span class='ocrx_word' id='word_1_166' title='bbox 2235 1112 2448 1168; x_wconf 64' lang='lat' dir='ltr'><strong>Hebrmi</strong></span> <span class='ocrx_word' id='word_1_167' title='bbox 2502 1114 2843 1166; x_wconf 84' lang='lat' dir='ltr'><strong>redemerant</strong></span> <span class='ocrx_word' id='word_1_168' title='bbox 2891 1124 2944 1166; x_wconf 91' lang='lat' dir='ltr'><strong>et</strong></span> <span class='ocrx_word' id='word_1_169' title='bbox 2987 1114 3357 1182; x_wconf 85' lang='lat' dir='ltr'><strong>perdiderant.</strong></span> 
     </span>
    </p>
   </div>
   <div class='ocr_carea' id='block_1_26' title="bbox 1791 1200 3361 1274">
    <p class='ocr_par' dir='ltr' id='par_1_26' title="bbox 1791 1200 3361 1274">
     <span class='ocr_line' id='line_1_26' title="bbox 1791 1200 3361 1274; baseline 0.001 -20"><span class='ocrx_word' id='word_1_170' title='bbox 1791 1204 2171 1272; x_wconf 80' lang='lat' dir='ltr'><strong>Archisatrapa</strong></span> <span class='ocrx_word' id='word_1_171' title='bbox 2203 1204 2366 1274; x_wconf 84' lang='lat' dir='ltr'><strong>igitur</strong></span> <span class='ocrx_word' id='word_1_172' title='bbox 2391 1203 2674 1266; x_wconf 88' lang='lat' dir='ltr'><strong>Sarbarus,</strong></span> <span class='ocrx_word' id='word_1_173' title='bbox 2700 1213 2812 1256; x_wconf 90' lang='lat' dir='ltr'><strong>toto</strong></span> <span class='ocrx_word' id='word_1_174' title='bbox 2835 1200 3053 1256; x_wconf 89' lang='lat' dir='ltr'><strong>Oriente</strong></span> <span class='ocrx_word' id='word_1_175' title='bbox 3081 1203 3361 1256; x_wconf 84' lang='lat' dir='ltr'><strong>devastato</strong></span> 
     </span>
    </p>
   </div>
   <div class='ocr_carea' id='block_1_27' title="bbox 1785 1294 3362 1365">
    <p class='ocr_par' dir='ltr' id='par_1_27' title="bbox 1785 1294 3362 1365">
     <span class='ocr_line' id='line_1_27' title="bbox 1785 1294 3362 1365; baseline 0.001 -19"><span class='ocrx_word' id='word_1_176' title='bbox 1785 1309 1958 1363; x_wconf 81' lang='lat' dir='ltr'><strong>usque</strong></span> <span class='ocrx_word' id='word_1_177' title='bbox 1997 1295 2064 1348; x_wconf 88' lang='lat' dir='ltr'><strong>ad</strong></span> <span class='ocrx_word' id='word_1_178' title='bbox 2096 1294 2495 1365; x_wconf 84' lang='lat' dir='ltr'><strong>Chrysopolim,</strong></span> <span class='ocrx_word' id='word_1_179' title='bbox 2553 1309 2676 1362; x_wconf 66' lang='lat' dir='ltr'><strong>qua:</strong></span> <span class='ocrx_word' id='word_1_180' title='bbox 2735 1308 2882 1346; x_wconf 87' lang='lat' dir='ltr'><strong>mmc</strong></span> <span class='ocrx_word' id='word_1_181' title='bbox 2933 1295 3238 1347; x_wconf 78' lang='lat' dir='ltr'><strong>Scutarium</strong></span> <span class='ocrx_word' id='word_1_182' title='bbox 3269 1309 3362 1348; x_wconf 86' lang='lat' dir='ltr'><strong>co-</strong></span> 
     </span>
    </p>
   </div>
   <div class='ocr_carea' id='block_1_28' title="bbox 1785 1384 3361 1454">
    <p class='ocr_par' dir='ltr' id='par_1_28' title="bbox 1785 1384 3361 1454">
     <span class='ocr_line' id='line_1_28' title="bbox 1785 1384 3361 1454; baseline 0.001 -18"><span class='ocrx_word' id='word_1_183' title='bbox 1785 1384 2166 1453; x_wconf 84' lang='lat' dir='ltr'><strong>gnominatur,</strong></span> <span class='ocrx_word' id='word_1_184' title='bbox 2236 1385 2519 1454; x_wconf 85' lang='lat' dir='ltr'><strong>processit.</strong></span> <span class='ocrx_word' id='word_1_185' title='bbox 2577 1384 2871 1452; x_wconf 88' lang='lat' dir='ltr'><strong>Imperator</strong></span> <span class='ocrx_word' id='word_1_186' title='bbox 2946 1393 3125 1437; x_wconf 81' lang='lat' dir='ltr'><strong>autem</strong></span> <span class='ocrx_word' id='word_1_187' title='bbox 3189 1384 3361 1438; x_wconf 85' lang='lat' dir='ltr'><strong>llera-</strong></span> 
     </span>
    </p>
   </div>
   <div class='ocr_carea' id='block_1_29' title="bbox 1786 1473 3361 1544">
    <p class='ocr_par' dir='ltr' id='par_1_29' title="bbox 1786 1473 3361 1544">
     <span class='ocr_line' id='line_1_29' title="bbox 1786 1473 3361 1544; baseline 0.002 -18"><span class='ocrx_word' id='word_1_188' title='bbox 1786 1473 1925 1527; x_wconf 91' lang='lat' dir='ltr'><strong>clius</strong></span> <span class='ocrx_word' id='word_1_189' title='bbox 1963 1474 2210 1542; x_wconf 68' lang='lat' dir='ltr'><strong>pecunia:</strong></span> <span class='ocrx_word' id='word_1_190' title='bbox 2250 1475 2478 1544; x_wconf 69' lang='lat' dir='ltr'><strong>publica:</strong></span> <span class='ocrx_word' id='word_1_191' title='bbox 2511 1474 2734 1543; x_wconf 85' lang='lat' dir='ltr'><strong>penuria</strong></span> <span class='ocrx_word' id='word_1_192' title='bbox 2774 1489 3017 1542; x_wconf 89' lang='lat' dir='ltr'><strong>pressus,</strong></span> <span class='ocrx_word' id='word_1_193' title='bbox 3061 1475 3229 1528; x_wconf 87' lang='lat' dir='ltr'><strong>sacris</strong></span> <span class='ocrx_word' id='word_1_194' title='bbox 3256 1473 3361 1529; x_wconf 86' lang='lat' dir='ltr'><strong>Ec-</strong></span> 
     </span>
    </p>
   </div>
   <div class='ocr_carea' id='block_1_30' title="bbox 1786 1562 3360 1629">
    <p class='ocr_par' dir='ltr' id='par_1_30' title="bbox 1786 1562 3360 1629">
     <span class='ocr_line' id='line_1_30' title="bbox 1786 1562 3360 1629; baseline 0.003 -16"><span class='ocrx_word' id='word_1_195' title='bbox 1786 1562 2071 1616; x_wconf 89' lang='lat' dir='ltr'><strong>clesiarum</strong></span> <span class='ocrx_word' id='word_1_196' title='bbox 2126 1564 2305 1628; x_wconf 82' lang='lat' dir='ltr'><strong>vasis,</strong></span> <span class='ocrx_word' id='word_1_197' title='bbox 2343 1573 2396 1618; x_wconf 88' lang='lat' dir='ltr'><strong>et</strong></span> <span class='ocrx_word' id='word_1_198' title='bbox 2465 1562 2841 1618; x_wconf 78' lang='lat' dir='ltr'><strong>instrumentis</strong></span> <span class='ocrx_word' id='word_1_199' title='bbox 2891 1563 3171 1629; x_wconf 89' lang='lat' dir='ltr'><strong>conﬂatis,</strong></span> <span class='ocrx_word' id='word_1_200' title='bbox 3208 1574 3264 1618; x_wconf 90' lang='lat' dir='ltr'><strong>et</strong></span> <span class='ocrx_word' id='word_1_201' title='bbox 3306 1566 3360 1628; x_wconf 85' lang='lat' dir='ltr'><strong>in</strong></span> 
     </span>
    </p>
   </div>
   <div class='ocr_carea' id='block_1_31' title="bbox 1784 1651 3361 1722">
    <p class='ocr_par' dir='ltr' id='par_1_31' title="bbox 1784 1651 3361 1722">
     <span class='ocr_line' id='line_1_31' title="bbox 1784 1651 3361 1722; baseline 0.003 -20"><span class='ocrx_word' id='word_1_202' title='bbox 1784 1663 2037 1703; x_wconf 85' lang='lat' dir='ltr'><strong>nummos</strong></span> <span class='ocrx_word' id='word_1_203' title='bbox 2084 1651 2382 1716; x_wconf 83' lang='lat' dir='ltr'><strong>conversis,</strong></span> <span class='ocrx_word' id='word_1_204' title='bbox 2441 1667 2550 1720; x_wconf 91' lang='lat' dir='ltr'><strong>quo</strong></span> <span class='ocrx_word' id='word_1_205' title='bbox 2598 1667 2811 1705; x_wconf 87' lang='lat' dir='ltr'><strong>summa</strong></span> <span class='ocrx_word' id='word_1_206' title='bbox 2871 1653 3046 1718; x_wconf 84' lang='lat' dir='ltr'><strong>major</strong></span> <span class='ocrx_word' id='word_1_207' title='bbox 3108 1662 3164 1706; x_wconf 90' lang='lat' dir='ltr'><strong>et</strong></span> <span class='ocrx_word' id='word_1_208' title='bbox 3235 1667 3361 1722; x_wconf 90' lang='lat' dir='ltr'><strong>per-</strong></span> 
     </span>
    </p>
   </div>
   <div class='ocr_carea' id='block_1_32' title="bbox 1786 1737 3360 1808">
    <p class='ocr_par' dir='ltr' id='par_1_32' title="bbox 1786 1737 3360 1808">
     <span class='ocr_line' id='line_1_32' title="bbox 1786 1737 3360 1808; baseline 0.004 -18"><span class='ocrx_word' id='word_1_209' title='bbox 1786 1737 1979 1793; x_wconf 85' lang='lat' dir='ltr'><strong>fectior</strong></span> <span class='ocrx_word' id='word_1_210' title='bbox 2027 1738 2187 1803; x_wconf 85' lang='lat' dir='ltr'><strong>foret,</strong></span> <span class='ocrx_word' id='word_1_211' title='bbox 2248 1756 2344 1808; x_wconf 92' lang='lat' dir='ltr'><strong>per</strong></span> <span class='ocrx_word' id='word_1_212' title='bbox 2367 1741 2636 1794; x_wconf 79' lang='lat' dir='ltr'><strong>Euxinum</strong></span> <span class='ocrx_word' id='word_1_213' title='bbox 2671 1756 2818 1795; x_wconf 86' lang='lat' dir='ltr'><strong>mare</strong></span> <span class='ocrx_word' id='word_1_214' title='bbox 2877 1741 3051 1794; x_wconf 78' lang='lat' dir='ltr'><strong>classe</strong></span> <span class='ocrx_word' id='word_1_215' title='bbox 3075 1742 3128 1795; x_wconf 96' lang='lat' dir='ltr'><strong>in</strong></span> <span class='ocrx_word' id='word_1_216' title='bbox 3160 1743 3360 1797; x_wconf 71' lang='lat' dir='ltr'><strong>Pcrsiaa</strong></span> 
     </span>
    </p>
   </div>
   <div class='ocr_carea' id='block_1_33' title="bbox 97 1831 1688 1906">
    <p class='ocr_par' dir='ltr' id='par_1_33' title="bbox 97 1833 1688 1906">
     <span class='ocr_line' id='line_1_33' title="bbox 97 1833 1688 1906; baseline 0.001 -20"><span class='ocrx_word' id='word_1_217' title='bbox 97 1838 227 1898; x_wconf 79' lang='grc' dir='ltr'>τοῖς</span> <span class='ocrx_word' id='word_1_218' title='bbox 255 1836 356 1903; x_wconf 80' lang='grc' dir='ltr'>τῆς</span> <span class='ocrx_word' id='word_1_219' title='bbox 378 1835 622 1905; x_wconf 71' lang='grc' dir='ltr'>Περσίας</span> <span class='ocrx_word' id='word_1_220' title='bbox 649 1837 868 1906; x_wconf 89' lang='grc' dir='ltr'>μέρεσιν</span> <span class='ocrx_word' id='word_1_221' title='bbox 895 1833 1181 1896; x_wconf 77' lang='grc' dir='ltr'>εἰσϐαλὼν,</span> <span class='ocrx_word' id='word_1_222' title='bbox 1207 1837 1455 1904; x_wconf 79' lang='grc' dir='ltr'>ἀφανίζει</span> <span class='ocrx_word' id='word_1_223' title='bbox 1485 1837 1653 1904; x_wconf 81' lang='grc' dir='ltr'>αὑτήν</span> <span class='ocrx_word' id='word_1_224' title='bbox 1673 1852 1688 1866; x_wconf 77' lang='grc'><strong>⁸</strong></span> 
     </span>
    </p>
   </div>
   <div class='ocr_carea' id='block_1_34' title="bbox 1790 1831 3358 1906">
    <p class='ocr_par' dir='ltr' id='par_1_34' title="bbox 1792 1831 3358 1904">
     <span class='ocr_line' id='line_1_34' title="bbox 1792 1831 3358 1904; baseline 0.003 -22"><span class='ocrx_word' id='word_1_225' title='bbox 1792 1839 1974 1898; x_wconf 86' lang='lat' dir='ltr'><strong>partes</strong></span> <span class='ocrx_word' id='word_1_226' title='bbox 2022 1831 2204 1895; x_wconf 89' lang='lat' dir='ltr'><strong>ducta,</strong></span> <span class='ocrx_word' id='word_1_227' title='bbox 2262 1840 2317 1885; x_wconf 91' lang='lat' dir='ltr'><strong>et</strong></span> <span class='ocrx_word' id='word_1_228' title='bbox 2369 1831 2728 1899; x_wconf 83' lang='lat' dir='ltr'><strong>impressione</strong></span> <span class='ocrx_word' id='word_1_229' title='bbox 2762 1833 2920 1896; x_wconf 85' lang='lat' dir='ltr'><strong>facta,</strong></span> <span class='ocrx_word' id='word_1_230' title='bbox 2965 1834 3145 1886; x_wconf 84' lang='lat' dir='ltr'><strong>omnia</strong></span> <span class='ocrx_word' id='word_1_231' title='bbox 3187 1850 3358 1904; x_wconf 88' lang='lat' dir='ltr'><strong>popu-</strong></span> 
     </span>
    </p>
   </div>
   <div class='ocr_carea' id='block_1_35' title="bbox 105 1923 1682 1994">
    <p class='ocr_par' dir='ltr' id='par_1_35' title="bbox 105 1923 1682 1994">
     <span class='ocr_line' id='line_1_35' title="bbox 105 1923 1682 1994; baseline 0 -18"><span class='ocrx_word' id='word_1_232' title='bbox 105 1926 207 1977; x_wconf 79' lang='grc' dir='ltr'>καὶ</span> <span class='ocrx_word' id='word_1_233' title='bbox 266 1925 608 1994; x_wconf 83' lang='grc' dir='ltr'>κατακράτος</span> <span class='ocrx_word' id='word_1_234' title='bbox 653 1926 879 1993; x_wconf 78' lang='grc' dir='ltr'><strong>ἡττᾶται</strong></span> <span class='ocrx_word' id='word_1_235' title='bbox 925 1923 1095 1992; x_wconf 84' lang='grc' dir='ltr'>τούτῳ</span> <span class='ocrx_word' id='word_1_236' title='bbox 1141 1924 1169 1975; x_wconf 95' lang='lat'><strong>6</strong></span> <span class='ocrx_word' id='word_1_237' title='bbox 1205 1924 1449 1994; x_wconf 84' lang='grc' dir='ltr'>Χοσρόης</span> <span class='ocrx_word' id='word_1_238' title='bbox 1491 1926 1588 1978; x_wconf 80' lang='grc' dir='ltr'>σὺν</span> <span class='ocrx_word' id='word_1_239' title='bbox 1616 1927 1682 1994; x_wconf 80' lang='grc' dir='ltr'>τῇ</span> 
     </span>
    </p>
   </div>
   <div class='ocr_carea' id='block_1_36' title="bbox 105 2013 1687 2086">
    <p class='ocr_par' dir='ltr' id='par_1_36' title="bbox 105 2013 1687 2086">
     <span class='ocr_line' id='line_1_36' title="bbox 105 2013 1687 2086; baseline -0.001 -19"><span class='ocrx_word' id='word_1_240' title='bbox 105 2017 279 2084; x_wconf 77' lang='grc' dir='ltr'>λοιπῇ</span> <span class='ocrx_word' id='word_1_241' title='bbox 343 2015 585 2086; x_wconf 81' lang='grc' dir='ltr'>στρατιᾷ.</span> <span class='ocrx_word' id='word_1_242' title='bbox 622 2015 755 2068; x_wconf 84' lang='grc' dir='ltr'>Μετ’</span> <span class='ocrx_word' id='word_1_243' title='bbox 809 2014 987 2083; x_wconf 83' lang='grc' dir='ltr'>ὀλίγον</span> <span class='ocrx_word' id='word_1_244' title='bbox 1024 2013 1082 2066; x_wconf 84' lang='grc' dir='ltr'>δὲ</span> <span class='ocrx_word' id='word_1_245' title='bbox 1111 2015 1205 2068; x_wconf 83' lang='grc' dir='ltr'>καὶ</span> <span class='ocrx_word' id='word_1_246' title='bbox 1244 2015 1465 2085; x_wconf 85' lang='grc' dir='ltr'>Σειρόης</span> <span class='ocrx_word' id='word_1_247' title='bbox 1492 2017 1520 2067; x_wconf 97' lang='lat'><strong>6</strong></span> <span class='ocrx_word' id='word_1_248' title='bbox 1575 2016 1687 2078; x_wconf 76' lang='grc' dir='ltr'>υίὸς</span> 
     </span>
    </p>
   </div>
   <div class='ocr_carea' id='block_1_37' title="bbox 104 2104 1687 2178">
    <p class='ocr_par' dir='ltr' id='par_1_37' title="bbox 104 2104 1687 2178">
     <span class='ocr_line' id='line_1_37' title="bbox 104 2104 1687 2178; baseline -0.003 -17"><span class='ocrx_word' id='word_1_249' title='bbox 104 2108 354 2178; x_wconf 73' lang='grc' dir='ltr'>Χοσρόου</span> <span class='ocrx_word' id='word_1_250' title='bbox 385 2109 621 2169; x_wconf 72' lang='grc' dir='ltr'>ἀποστὰς</span> <span class='ocrx_word' id='word_1_251' title='bbox 650 2105 743 2158; x_wconf 79' lang='grc' dir='ltr'><strong>τοῦ</strong></span> <span class='ocrx_word' id='word_1_252' title='bbox 775 2106 1001 2176; x_wconf 83' lang='grc' dir='ltr'>πατρὸς,</span> <span class='ocrx_word' id='word_1_253' title='bbox 1032 2105 1129 2175; x_wconf 82' lang='grc' dir='ltr'>τὴν</span> <span class='ocrx_word' id='word_1_254' title='bbox 1169 2104 1342 2176; x_wconf 77' lang='grc' dir='ltr'>ἀρχὴν</span> <span class='ocrx_word' id='word_1_255' title='bbox 1368 2105 1546 2174; x_wconf 77' lang='grc' dir='ltr'>ἑαυτῷ</span> <span class='ocrx_word' id='word_1_256' title='bbox 1590 2123 1687 2158; x_wconf 84' lang='grc' dir='ltr'>πε-</span> 
     </span>
    </p>
   </div>
   <div class='ocr_carea' id='block_1_38' title="bbox 99 2195 1688 2267">
    <p class='ocr_par' dir='ltr' id='par_1_38' title="bbox 99 2195 1688 2267">
     <span class='ocr_line' id='line_1_38' title="bbox 99 2195 1688 2267; baseline -0.001 -18"><span class='ocrx_word' id='word_1_257' title='bbox 99 2197 406 2267; x_wconf 71' lang='grc' dir='ltr'>ριτίθησιν,</span> <span class='ocrx_word' id='word_1_258' title='bbox 437 2197 532 2248; x_wconf 70' lang='grc' dir='ltr'>καὶ</span> <span class='ocrx_word' id='word_1_259' title='bbox 568 2196 659 2249; x_wconf 79' lang='grc' dir='ltr'>τὸν</span> <span class='ocrx_word' id='word_1_260' title='bbox 683 2195 892 2266; x_wconf 81' lang='grc' dir='ltr'>πατέρα</span> <span class='ocrx_word' id='word_1_261' title='bbox 914 2197 1161 2266; x_wconf 80' lang='grc' dir='ltr'>Χοσρόην</span> <span class='ocrx_word' id='word_1_262' title='bbox 1207 2195 1551 2260; x_wconf 64' lang='grc' dir='ltr'>ἀποκτείνας,</span> <span class='ocrx_word' id='word_1_263' title='bbox 1609 2195 1688 2266; x_wconf 82' lang='grc' dir='ltr'><strong>τῷ</strong></span> 
     </span>
    </p>
   </div>
   <div class='ocr_carea' id='block_1_39' title="bbox 111 2285 1688 2357">
    <p class='ocr_par' dir='ltr' id='par_1_39' title="bbox 111 2285 1688 2357">
     <span class='ocr_line' id='line_1_39' title="bbox 111 2285 1688 2357; baseline -0.001 -18"><span class='ocrx_word' id='word_1_264' title='bbox 111 2286 330 2356; x_wconf 77' lang='grc' dir='ltr'>βασιλεῖ</span> <span class='ocrx_word' id='word_1_265' title='bbox 387 2285 691 2357; x_wconf 77' lang='grc' dir='ltr'>Ἡρακλείῳ</span> <span class='ocrx_word' id='word_1_266' title='bbox 741 2285 1063 2339; x_wconf 87' lang='grc' dir='ltr'>σπένδεται·</span> <span class='ocrx_word' id='word_1_267' title='bbox 1098 2287 1347 2354; x_wconf 81' lang='grc' dir='ltr'>Χαγάνος</span> <span class='ocrx_word' id='word_1_268' title='bbox 1391 2303 1454 2353; x_wconf 87' lang='grc' dir='ltr'><strong>γε</strong></span> <span class='ocrx_word' id='word_1_269' title='bbox 1496 2287 1604 2357; x_wconf 77' lang='grc' dir='ltr'>μὴν</span> <span class='ocrx_word' id='word_1_270' title='bbox 1659 2289 1688 2339; x_wconf 88' lang='grc' dir='ltr'><strong>ὁ</strong></span> 
     </span>
    </p>
   </div>
   <div class='ocr_carea' id='block_1_40' title="bbox 107 2376 1687 2448">
    <p class='ocr_par' dir='ltr' id='par_1_40' title="bbox 107 2376 1687 2448">
     <span class='ocr_line' id='line_1_40' title="bbox 107 2376 1687 2448; baseline 0 -18"><span class='ocrx_word' id='word_1_271' title='bbox 107 2377 225 2430; x_wconf 80' lang='grc' dir='ltr'><strong>τῶν</strong></span> <span class='ocrx_word' id='word_1_272' title='bbox 249 2378 444 2430; x_wconf 82' lang='grc' dir='ltr'>Μυσῶν</span> <span class='ocrx_word' id='word_1_273' title='bbox 480 2379 573 2430; x_wconf 77' lang='grc' dir='ltr'>καὶ</span> <span class='ocrx_word' id='word_1_274' title='bbox 596 2376 816 2429; x_wconf 85' lang='grc' dir='ltr'><strong>Σκυθῶν</strong></span> <span class='ocrx_word' id='word_1_275' title='bbox 839 2377 1098 2448; x_wconf 81' lang='grc' dir='ltr'>ἀρχηγὸς,</span> <span class='ocrx_word' id='word_1_276' title='bbox 1132 2376 1316 2447; x_wconf 86' lang='grc' dir='ltr'>μαθὼν</span> <span class='ocrx_word' id='word_1_277' title='bbox 1343 2378 1432 2430; x_wconf 85' lang='grc' dir='ltr'>τὸν</span> <span class='ocrx_word' id='word_1_278' title='bbox 1467 2378 1687 2448; x_wconf 83' lang='grc' dir='ltr'>βασιλέα</span> 
     </span>
    </p>
   </div>
   <div class='ocr_carea' id='block_1_41' title="bbox 110 2453 1687 2540">
    <p class='ocr_par' dir='ltr' id='par_1_41' title="bbox 110 2453 1687 2540">
     <span class='ocr_line' id='line_1_41' title="bbox 110 2453 1687 2540; baseline 0 -19"><span class='ocrx_word' id='word_1_279' title='bbox 110 2469 419 2523; x_wconf 73' lang='grc' dir='ltr'>διαπόντιον</span> <span class='ocrx_word' id='word_1_280' title='bbox 451 2473 508 2532; x_wconf 83' lang='grc' dir='ltr'>ἐς</span> <span class='ocrx_word' id='word_1_281' title='bbox 535 2469 743 2540; x_wconf 82' lang='grc' dir='ltr'>Πέρσας</span> <span class='ocrx_word' id='word_1_282' title='bbox 768 2467 1079 2537; x_wconf 84' lang='grc' dir='ltr'>γενόμενον,</span> <span class='ocrx_word' id='word_1_283' title='bbox 1106 2467 1203 2530; x_wconf 81' lang='grc' dir='ltr'>τὰς</span> <span class='ocrx_word' id='word_1_284' title='bbox 1231 2469 1366 2538; x_wconf 84' lang='grc' dir='ltr'><strong>μετά</strong></span> <span class='ocrx_word' id='word_1_285' title='bbox 1404 2453 1687 2538; x_wconf 78' lang='grc' dir='ltr'>Ῥωμᾶίων</span> 
     </span>
    </p>
   </div>
   <div class='ocr_carea' id='block_1_42' title="bbox 109 2558 1689 2629">
    <p class='ocr_par' dir='ltr' id='par_1_42' title="bbox 109 2558 1689 2629">
     <span class='ocr_line' id='line_1_42' title="bbox 109 2558 1689 2629; baseline 0.002 -17"><span class='ocrx_word' id='word_1_286' title='bbox 109 2559 376 2622; x_wconf 82' lang='grc' dir='ltr'>διαλύσας</span> <span class='ocrx_word' id='word_1_287' title='bbox 429 2561 681 2624; x_wconf 76' lang='grc' dir='ltr'>σπονδάς,</span> <span class='ocrx_word' id='word_1_288' title='bbox 739 2559 901 2629; x_wconf 80' lang='grc' dir='ltr'>στίφη</span> <span class='ocrx_word' id='word_1_289' title='bbox 960 2558 1303 2629; x_wconf 88' lang='grc' dir='ltr'>μυριάριομα</span> <span class='ocrx_word' id='word_1_290' title='bbox 1353 2560 1689 2628; x_wconf 77' lang='grc' dir='ltr'>ἑπαγόμενος</span> 
     </span>
    </p>
   </div>
   <div class='ocr_carea' id='block_1_43' title="bbox 111 2649 1686 2720">
    <p class='ocr_par' dir='ltr' id='par_1_43' title="bbox 111 2649 1686 2720">
     <span class='ocr_line' id='line_1_43' title="bbox 111 2649 1686 2720; baseline -0.001 -16"><span class='ocrx_word' id='word_1_291' title='bbox 111 2651 206 2704; x_wconf 83' lang='grc' dir='ltr'><strong>διά</strong></span> <span class='ocrx_word' id='word_1_292' title='bbox 235 2651 342 2704; x_wconf 91' lang='grc' dir='ltr'><strong>τῶν</strong></span> <span class='ocrx_word' id='word_1_293' title='bbox 373 2649 603 2703; x_wconf 81' lang='grc' dir='ltr'>δυτικῶν</span> <span class='ocrx_word' id='word_1_294' title='bbox 629 2650 902 2704; x_wconf 68' lang='grc' dir='ltr'>είσεάλλει</span> <span class='ocrx_word' id='word_1_295' title='bbox 943 2650 1124 2720; x_wconf 83' lang='grc' dir='ltr'>μερῶν</span> <span class='ocrx_word' id='word_1_296' title='bbox 1147 2651 1227 2711; x_wconf 82' lang='grc' dir='ltr'><strong>είς</strong></span> <span class='ocrx_word' id='word_1_297' title='bbox 1254 2650 1354 2720; x_wconf 82' lang='grc' dir='ltr'>τὴν</span> <span class='ocrx_word' id='word_1_298' title='bbox 1398 2651 1686 2703; x_wconf 84' lang='grc' dir='ltr'>Κωνσταν-</span> 
     </span>
    </p>
   </div>
   <div class='ocr_carea' id='block_1_44' title="bbox 110 2741 1685 2812">
    <p class='ocr_par' dir='ltr' id='par_1_44' title="bbox 110 2741 1685 2812">
     <span class='ocr_line' id='line_1_44' title="bbox 110 2741 1685 2812; baseline -0.003 -14"><span class='ocrx_word' id='word_1_299' title='bbox 110 2745 290 2807; x_wconf 82' lang='grc' dir='ltr'>τίνου,</span> <span class='ocrx_word' id='word_1_300' title='bbox 345 2743 480 2797; x_wconf 87' lang='grc' dir='ltr'><strong>κατά</strong></span> <span class='ocrx_word' id='word_1_301' title='bbox 539 2741 676 2795; x_wconf 76' lang='grc' dir='ltr'>Θεοῦ</span> <span class='ocrx_word' id='word_1_302' title='bbox 734 2741 1085 2812; x_wconf 78' lang='grc' dir='ltr'>βλασφήμους</span> <span class='ocrx_word' id='word_1_303' title='bbox 1139 2742 1436 2810; x_wconf 79' lang='grc' dir='ltr'>ἐκπέμπων</span> <span class='ocrx_word' id='word_1_304' title='bbox 1458 2742 1640 2809; x_wconf 84' lang='grc' dir='ltr'>φωνάς</span> <span class='ocrx_word' id='word_1_305' title='bbox 1669 2756 1685 2774; x_wconf 78' lang='grc' dir='ltr'><strong>ο</strong></span> 
     </span>
    </p>
   </div>
   <div class='ocr_carea' id='block_1_45' title="bbox 112 2833 1688 2906">
    <p class='ocr_par' dir='ltr' id='par_1_45' title="bbox 112 2833 1688 2906">
     <span class='ocr_line' id='line_1_45' title="bbox 112 2833 1688 2906; baseline -0.004 -15"><span class='ocrx_word' id='word_1_306' title='bbox 112 2838 318 2891; x_wconf 82' lang='grc' dir='ltr'>αὐτίκα</span> <span class='ocrx_word' id='word_1_307' title='bbox 342 2836 520 2889; x_wconf 84' lang='grc' dir='ltr'>τοίνυν</span> <span class='ocrx_word' id='word_1_308' title='bbox 549 2837 582 2900; x_wconf 88' lang='grc' dir='ltr'><strong>ἡ</strong></span> <span class='ocrx_word' id='word_1_309' title='bbox 615 2835 713 2904; x_wconf 80' lang='grc' dir='ltr'>μὲν</span> <span class='ocrx_word' id='word_1_310' title='bbox 742 2834 983 2888; x_wconf 89' lang='grc' dir='ltr'>θάλασσα</span> <span class='ocrx_word' id='word_1_311' title='bbox 1020 2833 1240 2898; x_wconf 80' lang='grc' dir='ltr'>πλοίων,</span> <span class='ocrx_word' id='word_1_312' title='bbox 1261 2837 1296 2906; x_wconf 89' lang='grc' dir='ltr'><strong>ή</strong></span> <span class='ocrx_word' id='word_1_313' title='bbox 1326 2833 1384 2886; x_wconf 84' lang='grc' dir='ltr'>δὲ</span> <span class='ocrx_word' id='word_1_314' title='bbox 1409 2833 1480 2903; x_wconf 80' lang='grc' dir='ltr'>γῆ</span> <span class='ocrx_word' id='word_1_315' title='bbox 1507 2834 1688 2897; x_wconf 80' lang='grc' dir='ltr'>πεζῶν</span> 
     </span>
    </p>
   </div>
   <div class='ocr_carea' id='block_1_46' title="bbox 114 2922 1688 2998">
    <p class='ocr_par' dir='ltr' id='par_1_46' title="bbox 114 2922 1688 2998">
     <span class='ocr_line' id='line_1_46' title="bbox 114 2922 1688 2998; baseline -0.003 -15"><span class='ocrx_word' id='word_1_316' title='bbox 114 2931 217 2983; x_wconf 75' lang='grc' dir='ltr'>καὶ</span> <span class='ocrx_word' id='word_1_317' title='bbox 252 2929 456 2982; x_wconf 76' lang='grc' dir='ltr'>ἱππέων</span> <span class='ocrx_word' id='word_1_318' title='bbox 489 2928 732 2998; x_wconf 80' lang='grc' dir='ltr'>ἀπείρων</span> <span class='ocrx_word' id='word_1_319' title='bbox 761 2927 1013 2998; x_wconf 73' lang='grc' dir='ltr'>ἔμπλεως</span> <span class='ocrx_word' id='word_1_320' title='bbox 1039 2922 1108 2997; x_wconf 78' lang='grc' dir='ltr'>ἦν</span> <span class='ocrx_word' id='word_1_321' title='bbox 1127 2943 1143 2958; x_wconf 78' lang='grc'><strong><em>⁸</em></strong></span> <span class='ocrx_word' id='word_1_322' title='bbox 1169 2927 1387 2997; x_wconf 83' lang='grc' dir='ltr'>Σέργιος</span> <span class='ocrx_word' id='word_1_323' title='bbox 1419 2927 1474 2979; x_wconf 85' lang='grc' dir='ltr'>δὲ</span> <span class='ocrx_word' id='word_1_324' title='bbox 1505 2929 1533 2978; x_wconf 94' lang='lat'><strong>6</strong></span> <span class='ocrx_word' id='word_1_325' title='bbox 1584 2944 1688 2979; x_wconf 80' lang='grc' dir='ltr'>πα-</span> 
     </span>
    </p>
   </div>
   <div class='ocr_carea' id='block_1_47' title="bbox 112 3017 1687 3090">
    <p class='ocr_par' dir='ltr' id='par_1_47' title="bbox 112 3017 1687 3090">
     <span class='ocr_line' id='line_1_47' title="bbox 112 3017 1687 3090; baseline -0.003 -17"><span class='ocrx_word' id='word_1_326' title='bbox 112 3020 404 3090; x_wconf 80' lang='grc' dir='ltr'>τριάρχης,</span> <span class='ocrx_word' id='word_1_327' title='bbox 437 3018 603 3071; x_wconf 85' lang='grc' dir='ltr'>πολλά</span> <span class='ocrx_word' id='word_1_328' title='bbox 644 3017 737 3070; x_wconf 78' lang='grc' dir='ltr'>τὸν</span> <span class='ocrx_word' id='word_1_329' title='bbox 780 3017 883 3087; x_wconf 78' lang='grc' dir='ltr'>τῆς</span> <span class='ocrx_word' id='word_1_330' title='bbox 927 3017 1335 3070; x_wconf 85' lang='grc' dir='ltr'>Κωνσταντίνου</span> <span class='ocrx_word' id='word_1_331' title='bbox 1389 3017 1687 3085; x_wconf 79' lang='grc' dir='ltr'>παρεκάλει</span> 
     </span>
    </p>
   </div>
   <div class='ocr_carea' id='block_1_48' title="bbox 115 3107 1686 3178">
    <p class='ocr_par' dir='ltr' id='par_1_48' title="bbox 115 3107 1686 3178">
     <span class='ocr_line' id='line_1_48' title="bbox 115 3107 1686 3178; baseline 0 -18"><span class='ocrx_word' id='word_1_332' title='bbox 115 3109 270 3171; x_wconf 79' lang='grc' dir='ltr'>λαὸν,</span> <span class='ocrx_word' id='word_1_333' title='bbox 307 3109 380 3178; x_wconf 83' lang='grc' dir='ltr'>μὴ</span> <span class='ocrx_word' id='word_1_334' title='bbox 420 3107 801 3172; x_wconf 86' lang='grc' dir='ltr'>καταπίπτειν,</span> <span class='ocrx_word' id='word_1_335' title='bbox 837 3107 974 3162; x_wconf 87' lang='grc' dir='ltr'><strong>ἀλλά</strong></span> <span class='ocrx_word' id='word_1_336' title='bbox 1030 3109 1210 3161; x_wconf 81' lang='grc' dir='ltr'>πᾶσαν</span> <span class='ocrx_word' id='word_1_337' title='bbox 1257 3108 1356 3177; x_wconf 85' lang='grc' dir='ltr'>τὴν</span> <span class='ocrx_word' id='word_1_338' title='bbox 1379 3107 1568 3160; x_wconf 81' lang='grc' dir='ltr'>ἐλπίδα</span> <span class='ocrx_word' id='word_1_339' title='bbox 1623 3109 1686 3161; x_wconf 81' lang='grc' dir='ltr'>ὲκ</span> 
     </span>
    </p>
   </div>
   <div class='ocr_carea' id='block_1_49' title="bbox 1788 1921 3356 1997">
    <p class='ocr_par' dir='ltr' id='par_1_49' title="bbox 1788 1921 3356 1997">
     <span class='ocr_line' id='line_1_49' title="bbox 1788 1921 3356 1997; baseline 0.002 -23"><span class='ocrx_word' id='word_1_340' title='bbox 1788 1921 1946 1987; x_wconf 86' lang='lat' dir='ltr'><strong>latur,</strong></span> <span class='ocrx_word' id='word_1_341' title='bbox 1982 1931 2036 1976; x_wconf 91' lang='lat' dir='ltr'><strong>et</strong></span> <span class='ocrx_word' id='word_1_342' title='bbox 2065 1922 2354 1997; x_wconf 86' lang='lat' dir='ltr'><strong>exscindit,</strong></span> <span class='ocrx_word' id='word_1_343' title='bbox 2396 1921 2680 1990; x_wconf 89' lang='lat' dir='ltr'><strong>ipsumque</strong></span> <span class='ocrx_word' id='word_1_344' title='bbox 2726 1922 3020 1975; x_wconf 89' lang='lat' dir='ltr'><strong>Chosroem</strong></span> <span class='ocrx_word' id='word_1_345' title='bbox 3071 1940 3193 1978; x_wconf 90' lang='lat' dir='ltr'><strong>cum</strong></span> <span class='ocrx_word' id='word_1_346' title='bbox 3230 1925 3356 1977; x_wconf 85' lang='lat' dir='ltr'><strong>reli-</strong></span> 
     </span>
    </p>
   </div>
   <div class='ocr_carea' id='block_1_50' title="bbox 1785 2013 3354 2084">
    <p class='ocr_par' dir='ltr' id='par_1_50' title="bbox 1785 2013 3354 2084">
     <span class='ocr_line' id='line_1_50' title="bbox 1785 2013 3354 2084; baseline 0.003 -20"><span class='ocrx_word' id='word_1_347' title='bbox 1785 2028 1893 2082; x_wconf 90' lang='lat' dir='ltr'><strong>quo</strong></span> <span class='ocrx_word' id='word_1_348' title='bbox 1938 2013 2181 2067; x_wconf 84' lang='lat' dir='ltr'><strong>exercitu</strong></span> <span class='ocrx_word' id='word_1_349' title='bbox 2253 2013 2462 2082; x_wconf 89' lang='lat' dir='ltr'><strong>potenti</strong></span> <span class='ocrx_word' id='word_1_350' title='bbox 2522 2029 2682 2066; x_wconf 89' lang='lat' dir='ltr'><strong>manu</strong></span> <span class='ocrx_word' id='word_1_351' title='bbox 2733 2013 2930 2077; x_wconf 86' lang='lat' dir='ltr'><strong>fundit,</strong></span> <span class='ocrx_word' id='word_1_352' title='bbox 2989 2023 3042 2067; x_wconf 91' lang='lat' dir='ltr'><strong>et</strong></span> <span class='ocrx_word' id='word_1_353' title='bbox 3089 2015 3354 2084; x_wconf 87' lang='lat' dir='ltr'><strong>proﬂigat.</strong></span> 
     </span>
    </p>
   </div>
   <div class='ocr_carea' id='block_1_51' title="bbox 1787 2102 3358 2174">
    <p class='ocr_par' dir='ltr' id='par_1_51' title="bbox 1787 2102 3358 2174">
     <span class='ocr_line' id='line_1_51' title="bbox 1787 2102 3358 2174; baseline 0.001 -18"><span class='ocrx_word' id='word_1_354' title='bbox 1787 2102 1904 2156; x_wconf 78' lang='lat' dir='ltr'><strong>Non</strong></span> <span class='ocrx_word' id='word_1_355' title='bbox 1944 2104 2034 2157; x_wconf 91' lang='lat' dir='ltr'><strong>diu</strong></span> <span class='ocrx_word' id='word_1_356' title='bbox 2078 2113 2200 2173; x_wconf 89' lang='lat' dir='ltr'><strong>post</strong></span> <span class='ocrx_word' id='word_1_357' title='bbox 2245 2103 2450 2167; x_wconf 88' lang='lat' dir='ltr'><strong>Siroes,</strong></span> <span class='ocrx_word' id='word_1_358' title='bbox 2481 2104 2622 2158; x_wconf 83' lang='lat' dir='ltr'><strong>ﬁlius</strong></span> <span class='ocrx_word' id='word_1_359' title='bbox 2668 2103 2944 2169; x_wconf 90' lang='lat' dir='ltr'><strong>Chosrois,</strong></span> <span class='ocrx_word' id='word_1_360' title='bbox 2972 2119 3095 2158; x_wconf 93' lang='lat' dir='ltr'><strong>cum</strong></span> <span class='ocrx_word' id='word_1_361' title='bbox 3143 2122 3172 2157; x_wconf 89' lang='lat' dir='ltr'><strong>a</strong></span> <span class='ocrx_word' id='word_1_362' title='bbox 3206 2116 3358 2174; x_wconf 83' lang='lat' dir='ltr'><strong>patre</strong></span> 
     </span>
    </p>
   </div>
   <div class='ocr_carea' id='block_1_52' title="bbox 1787 2193 3355 2266">
    <p class='ocr_par' dir='ltr' id='par_1_52' title="bbox 1787 2193 3355 2266">
     <span class='ocr_line' id='line_1_52' title="bbox 1787 2193 3355 2266; baseline 0.001 -19"><span class='ocrx_word' id='word_1_363' title='bbox 1787 2193 2112 2260; x_wconf 90' lang='lat' dir='ltr'><strong>defecisset,</strong></span> <span class='ocrx_word' id='word_1_364' title='bbox 2170 2210 2396 2264; x_wconf 79' lang='lat' dir='ltr'><strong>regnum</strong></span> <span class='ocrx_word' id='word_1_365' title='bbox 2451 2195 2553 2248; x_wconf 87' lang='lat' dir='ltr'><strong>sibi</strong></span> <span class='ocrx_word' id='word_1_366' title='bbox 2598 2195 2856 2262; x_wconf 85' lang='lat' dir='ltr'><strong>vindicat,</strong></span> <span class='ocrx_word' id='word_1_367' title='bbox 2928 2203 2982 2249; x_wconf 89' lang='lat' dir='ltr'><strong>et</strong></span> <span class='ocrx_word' id='word_1_368' title='bbox 3027 2197 3355 2266; x_wconf 88' lang='lat' dir='ltr'><strong>interempto</strong></span> 
     </span>
    </p>
   </div>
   <div class='ocr_carea' id='block_1_53' title="bbox 1788 2285 3358 2358">
    <p class='ocr_par' dir='ltr' id='par_1_53' title="bbox 1788 2285 3358 2358">
     <span class='ocr_line' id='line_1_53' title="bbox 1788 2285 3358 2358; baseline 0.003 -21"><span class='ocrx_word' id='word_1_369' title='bbox 1788 2293 1940 2352; x_wconf 87' lang='lat' dir='ltr'><strong>patre</strong></span> <span class='ocrx_word' id='word_1_370' title='bbox 1990 2285 2168 2339; x_wconf 75' lang='lat' dir='ltr'><strong>ftedus</strong></span> <span class='ocrx_word' id='word_1_371' title='bbox 2225 2301 2346 2339; x_wconf 90' lang='lat' dir='ltr'><strong>cum</strong></span> <span class='ocrx_word' id='word_1_372' title='bbox 2379 2286 2629 2340; x_wconf 80' lang='lat' dir='ltr'><strong>Heraclio</strong></span> <span class='ocrx_word' id='word_1_373' title='bbox 2677 2287 2798 2340; x_wconf 91' lang='lat' dir='ltr'><strong>init.</strong></span> <span class='ocrx_word' id='word_1_374' title='bbox 2860 2287 3146 2358; x_wconf 83' lang='lat' dir='ltr'><strong>Chaganus</strong></span> <span class='ocrx_word' id='word_1_375' title='bbox 3175 2299 3358 2342; x_wconf 81' lang='lat' dir='ltr'><strong>autent</strong></span> 
     </span>
    </p>
   </div>
   <div class='ocr_carea' id='block_1_54' title="bbox 1788 2374 3355 2447">
    <p class='ocr_par' dir='ltr' id='par_1_54' title="bbox 1788 2374 3355 2447">
     <span class='ocr_line' id='line_1_54' title="bbox 1788 2374 3355 2447; baseline 0.003 -20"><span class='ocrx_word' id='word_1_376' title='bbox 1788 2374 2055 2444; x_wconf 82' lang='lat' dir='ltr'><strong>Mysorum</strong></span> <span class='ocrx_word' id='word_1_377' title='bbox 2086 2385 2140 2430; x_wconf 88' lang='lat' dir='ltr'><strong>et</strong></span> <span class='ocrx_word' id='word_1_378' title='bbox 2168 2376 2491 2447; x_wconf 79' lang='lat' dir='ltr'><strong>Scytharum</strong></span> <span class='ocrx_word' id='word_1_379' title='bbox 2521 2377 2651 2444; x_wconf 79' lang='lat' dir='ltr'><strong>dux,</strong></span> <span class='ocrx_word' id='word_1_380' title='bbox 2683 2394 2805 2432; x_wconf 91' lang='lat' dir='ltr'><strong>cum</strong></span> <span class='ocrx_word' id='word_1_381' title='bbox 2842 2379 3192 2432; x_wconf 79' lang='lat' dir='ltr'><strong>intellexisset</strong></span> <span class='ocrx_word' id='word_1_382' title='bbox 3253 2380 3355 2433; x_wconf 83' lang='lat' dir='ltr'><strong>int-</strong></span> 
     </span>
    </p>
   </div>
   <div class='ocr_carea' id='block_1_55' title="bbox 1789 2467 3356 2537">
    <p class='ocr_par' dir='ltr' id='par_1_55' title="bbox 1789 2467 3356 2537">
     <span class='ocr_line' id='line_1_55' title="bbox 1789 2467 3356 2537; baseline 0.002 -18"><span class='ocrx_word' id='word_1_383' title='bbox 1789 2477 2091 2535; x_wconf 86' lang='lat' dir='ltr'><strong>peratorem</strong></span> <span class='ocrx_word' id='word_1_384' title='bbox 2150 2467 2283 2520; x_wconf 89' lang='lat' dir='ltr'><strong>mari</strong></span> <span class='ocrx_word' id='word_1_385' title='bbox 2323 2468 2377 2522; x_wconf 92' lang='lat' dir='ltr'><strong>in</strong></span> <span class='ocrx_word' id='word_1_386' title='bbox 2410 2469 2598 2522; x_wconf 74' lang='lat' dir='ltr'><strong>Persas</strong></span> <span class='ocrx_word' id='word_1_387' title='bbox 2655 2469 2956 2537; x_wconf 86' lang='lat' dir='ltr'><strong>profectum</strong></span> <span class='ocrx_word' id='word_1_388' title='bbox 3004 2483 3145 2532; x_wconf 88' lang='lat' dir='ltr'><strong>esse,</strong></span> <span class='ocrx_word' id='word_1_389' title='bbox 3182 2471 3356 2537; x_wconf 88' lang='lat' dir='ltr'><strong>ruptis</strong></span> 
     </span>
    </p>
   </div>
   <div class='ocr_carea' id='block_1_56' title="bbox 1787 2555 3354 2625">
    <p class='ocr_par' dir='ltr' id='par_1_56' title="bbox 1787 2555 3354 2625">
     <span class='ocr_line' id='line_1_56' title="bbox 1787 2555 3354 2625; baseline 0.003 -17"><span class='ocrx_word' id='word_1_390' title='bbox 1787 2571 1906 2625; x_wconf 80' lang='lat' dir='ltr'><strong>qme</strong></span> <span class='ocrx_word' id='word_1_391' title='bbox 1933 2572 2056 2610; x_wconf 89' lang='lat' dir='ltr'><strong>curn</strong></span> <span class='ocrx_word' id='word_1_392' title='bbox 2094 2555 2350 2610; x_wconf 79' lang='lat' dir='ltr'><strong>Romanis</strong></span> <span class='ocrx_word' id='word_1_393' title='bbox 2399 2557 2617 2623; x_wconf 90' lang='lat' dir='ltr'><strong>inierat,</strong></span> <span class='ocrx_word' id='word_1_394' title='bbox 2652 2557 2969 2621; x_wconf 59' lang='lat' dir='ltr'><strong>finderibus,</strong></span> <span class='ocrx_word' id='word_1_395' title='bbox 3017 2568 3072 2611; x_wconf 88' lang='lat' dir='ltr'><strong>et</strong></span> <span class='ocrx_word' id='word_1_396' title='bbox 3107 2559 3354 2614; x_wconf 85' lang='lat' dir='ltr'><strong>innume-</strong></span> 
     </span>
    </p>
   </div>
   <div class='ocr_carea' id='block_1_57' title="bbox 1789 2647 3354 2717">
    <p class='ocr_par' dir='ltr' id='par_1_57' title="bbox 1789 2647 3354 2717">
     <span class='ocr_line' id='line_1_57' title="bbox 1789 2647 3354 2717; baseline 0.003 -17"><span class='ocrx_word' id='word_1_397' title='bbox 1789 2648 2046 2700; x_wconf 89' lang='lat' dir='ltr'><strong>rabilibus</strong></span> <span class='ocrx_word' id='word_1_398' title='bbox 2093 2648 2267 2716; x_wconf 92' lang='lat' dir='ltr'><strong>copiis</strong></span> <span class='ocrx_word' id='word_1_399' title='bbox 2312 2647 2575 2712; x_wconf 86' lang='lat' dir='ltr'><strong>collectis,</strong></span> <span class='ocrx_word' id='word_1_400' title='bbox 2631 2664 2727 2717; x_wconf 88' lang='lat' dir='ltr'><strong>per</strong></span> <span class='ocrx_word' id='word_1_401' title='bbox 2763 2659 2943 2717; x_wconf 89' lang='lat' dir='ltr'><strong>partes</strong></span> <span class='ocrx_word' id='word_1_402' title='bbox 2979 2647 3354 2704; x_wconf 83' lang='lat' dir='ltr'><strong>Occidentales</strong></span> 
     </span>
    </p>
   </div>
   <div class='ocr_carea' id='block_1_58' title="bbox 1787 2737 3352 2807">
    <p class='ocr_par' dir='ltr' id='par_1_58' title="bbox 1787 2737 3352 2807">
     <span class='ocr_line' id='line_1_58' title="bbox 1787 2737 3352 2807; baseline 0.001 -16"><span class='ocrx_word' id='word_1_403' title='bbox 1787 2737 2315 2807; x_wconf 84' lang='lat' dir='ltr'><strong>Constantinopolim</strong></span> <span class='ocrx_word' id='word_1_404' title='bbox 2338 2738 2668 2807; x_wconf 74' lang='lat' dir='ltr'><strong>aggreditur,</strong></span> <span class='ocrx_word' id='word_1_405' title='bbox 2715 2739 2874 2806; x_wconf 84' lang='lat' dir='ltr'><strong>jactis</strong></span> <span class='ocrx_word' id='word_1_406' title='bbox 2902 2739 3084 2793; x_wconf 85' lang='lat' dir='ltr'><strong>multis</strong></span> <span class='ocrx_word' id='word_1_407' title='bbox 3111 2739 3166 2794; x_wconf 91' lang='lat' dir='ltr'><strong>in</strong></span> <span class='ocrx_word' id='word_1_408' title='bbox 3187 2738 3352 2793; x_wconf 78' lang='lat' dir='ltr'><strong>Deum</strong></span> 
     </span>
    </p>
   </div>
   <div class='ocr_carea' id='block_1_59' title="bbox 1788 2827 3355 2898">
    <p class='ocr_par' dir='ltr' id='par_1_59' title="bbox 1788 2827 3355 2898">
     <span class='ocr_line' id='line_1_59' title="bbox 1788 2827 3355 2898; baseline 0.003 -18"><span class='ocrx_word' id='word_1_409' title='bbox 1788 2827 2157 2896; x_wconf 89' lang='lat' dir='ltr'><strong>blasphemiis.</strong></span> <span class='ocrx_word' id='word_1_410' title='bbox 2191 2829 2375 2896; x_wconf 88' lang='lat' dir='ltr'><strong>Itaque</strong></span> <span class='ocrx_word' id='word_1_411' title='bbox 2421 2829 2715 2897; x_wconf 88' lang='lat' dir='ltr'><strong>derepente</strong></span> <span class='ocrx_word' id='word_1_412' title='bbox 2753 2844 2902 2882; x_wconf 86' lang='lat' dir='ltr'><strong>mare</strong></span> <span class='ocrx_word' id='word_1_413' title='bbox 2947 2830 3164 2898; x_wconf 89' lang='lat' dir='ltr'><strong>quidem</strong></span> <span class='ocrx_word' id='word_1_414' title='bbox 3205 2831 3355 2884; x_wconf 88' lang='lat' dir='ltr'><strong>navi-</strong></span> 
     </span>
    </p>
   </div>
   <div class='ocr_carea' id='block_1_60' title="bbox 1789 2920 3354 2990">
    <p class='ocr_par' dir='ltr' id='par_1_60' title="bbox 1789 2920 3354 2990">
     <span class='ocr_line' id='line_1_60' title="bbox 1789 2920 3354 2990; baseline 0.002 -17"><span class='ocrx_word' id='word_1_415' title='bbox 1789 2920 1889 2974; x_wconf 87' lang='lat' dir='ltr'><strong>bus</strong></span> <span class='ocrx_word' id='word_1_416' title='bbox 1919 2920 2135 2988; x_wconf 90' lang='lat' dir='ltr'><strong>plenum</strong></span> <span class='ocrx_word' id='word_1_417' title='bbox 2169 2920 2288 2983; x_wconf 88' lang='lat' dir='ltr'><strong>fuit,</strong></span> <span class='ocrx_word' id='word_1_418' title='bbox 2327 2929 2466 2972; x_wconf 89' lang='lat' dir='ltr'><strong>terra</strong></span> <span class='ocrx_word' id='word_1_419' title='bbox 2501 2920 2774 2988; x_wconf 86' lang='lat' dir='ltr'><strong>peditibus</strong></span> <span class='ocrx_word' id='word_1_420' title='bbox 2850 2921 3228 2990; x_wconf 81' lang='lat' dir='ltr'><strong>equitibusque</strong></span> <span class='ocrx_word' id='word_1_421' title='bbox 3272 2924 3354 2976; x_wconf 90' lang='lat' dir='ltr'><strong>iu-</strong></span> 
     </span>
    </p>
   </div>
   <div class='ocr_carea' id='block_1_61' title="bbox 1790 3011 3354 3080">
    <p class='ocr_par' dir='ltr' id='par_1_61' title="bbox 1790 3011 3354 3080">
     <span class='ocr_line' id='line_1_61' title="bbox 1790 3011 3354 3080; baseline 0.003 -16"><span class='ocrx_word' id='word_1_422' title='bbox 1790 3011 1974 3066; x_wconf 82' lang='lat' dir='ltr'><strong>ﬁnitis.</strong></span> <span class='ocrx_word' id='word_1_423' title='bbox 1999 3011 2219 3078; x_wconf 86' lang='lat' dir='ltr'><strong>Sergius</strong></span> <span class='ocrx_word' id='word_1_424' title='bbox 2252 3021 2432 3065; x_wconf 89' lang='lat' dir='ltr'><strong>autem</strong></span> <span class='ocrx_word' id='word_1_425' title='bbox 2483 3013 2785 3080; x_wconf 86' lang='lat' dir='ltr'><strong>patriarcha</strong></span> <span class='ocrx_word' id='word_1_426' title='bbox 2841 3014 2989 3066; x_wconf 76' lang='lat' dir='ltr'><strong>valde</strong></span> <span class='ocrx_word' id='word_1_427' title='bbox 3039 3012 3354 3068; x_wconf 78' lang='lat' dir='ltr'><strong>Constanti-</strong></span> 
     </span>
    </p>
   </div>
   <div class='ocr_carea' id='block_1_62' title="bbox 1789 3102 3355 3176">
    <p class='ocr_par' dir='ltr' id='par_1_62' title="bbox 1789 3102 3355 3176">
     <span class='ocr_line' id='line_1_62' title="bbox 1789 3102 3355 3176; baseline 0.004 -22"><span class='ocrx_word' id='word_1_428' title='bbox 1789 3102 2136 3171; x_wconf 86' lang='lat' dir='ltr'><strong>nopolitanos</strong></span> <span class='ocrx_word' id='word_1_429' title='bbox 2174 3103 2378 3156; x_wconf 75' lang='lat' dir='ltr'><strong>incolas</strong></span> <span class='ocrx_word' id='word_1_430' title='bbox 2402 3105 2750 3169; x_wconf 81' lang='lat' dir='ltr'><strong>admonebat,</strong></span> <span class='ocrx_word' id='word_1_431' title='bbox 2780 3120 2850 3157; x_wconf 86' lang='lat' dir='ltr'><strong>ne</strong></span> <span class='ocrx_word' id='word_1_432' title='bbox 2893 3107 3104 3159; x_wconf 88' lang='lat' dir='ltr'><strong>animos</strong></span> <span class='ocrx_word' id='word_1_433' title='bbox 3129 3106 3355 3176; x_wconf 87' lang='lat' dir='ltr'><strong>despon-</strong></span> 
     </span>
    </p>
   </div>
   <div class='ocr_carea' id='block_1_63' title="bbox 115 3165 1688 3269">
    <p class='ocr_par' dir='ltr' id='par_1_63' title="bbox 115 3165 1684 3269">
     <span class='ocr_line' id='line_1_63' title="bbox 115 3165 1684 3269; baseline -0.003 -18"><span class='ocrx_word' id='word_1_434' title='bbox 115 3165 320 3269; x_wconf 49' lang='grc' dir='ltr'>ψυχῆς.</span> <span class='ocrx_word' id='word_1_435' title='bbox 352 3165 431 3261; x_wconf 66' lang='grc' dir='ltr'>εἰς</span> <span class='ocrx_word' id='word_1_436' title='bbox 452 3198 583 3251; x_wconf 81' lang='grc' dir='ltr'>Θεὸν</span> <span class='ocrx_word' id='word_1_437' title='bbox 615 3165 926 3268; x_wconf 78' lang='grc' dir='ltr'>ἀναφέρειν,</span> <span class='ocrx_word' id='word_1_438' title='bbox 963 3196 1058 3249; x_wconf 82' lang='grc' dir='ltr'>καὶ</span> <span class='ocrx_word' id='word_1_439' title='bbox 1100 3197 1179 3258; x_wconf 84' lang='grc' dir='ltr'><strong>είς</strong></span> <span class='ocrx_word' id='word_1_440' title='bbox 1208 3165 1503 3264; x_wconf 73' lang='grc' dir='ltr'>τὴνάύτοῢ</span> <span class='ocrx_word' id='word_1_441' title='bbox 1565 3195 1684 3264; x_wconf 84' lang='grc' dir='ltr'><strong>Μη-</strong></span> 
     </span>
    </p>
   </div>
   <div class='ocr_carea' id='block_1_64' title="bbox 1790 3165 3353 3269">
    <p class='ocr_par' dir='ltr' id='par_1_64' title="bbox 1790 3194 3353 3264">
     <span class='ocr_line' id='line_1_64' title="bbox 1790 3194 3353 3264; baseline 0.004 -18"><span class='ocrx_word' id='word_1_442' title='bbox 1790 3194 2009 3258; x_wconf 84' lang='lat' dir='ltr'><strong>derent;</strong></span> <span class='ocrx_word' id='word_1_443' title='bbox 2049 3195 2144 3247; x_wconf 88' lang='lat' dir='ltr'><strong>sed</strong></span> <span class='ocrx_word' id='word_1_444' title='bbox 2177 3210 2391 3248; x_wconf 91' lang='lat' dir='ltr'><strong>omnem</strong></span> <span class='ocrx_word' id='word_1_445' title='bbox 2430 3195 2611 3264; x_wconf 89' lang='lat' dir='ltr'><strong>potius</strong></span> <span class='ocrx_word' id='word_1_446' title='bbox 2655 3211 2806 3264; x_wconf 87' lang='lat' dir='ltr'><strong>spem</strong></span> <span class='ocrx_word' id='word_1_447' title='bbox 2845 3211 2995 3249; x_wconf 88' lang='lat' dir='ltr'><strong>suam</strong></span> <span class='ocrx_word' id='word_1_448' title='bbox 3055 3213 3124 3250; x_wconf 76' lang='lat' dir='ltr'><strong>ex</strong></span> <span class='ocrx_word' id='word_1_449' title='bbox 3163 3198 3353 3252; x_wconf 88' lang='lat' dir='ltr'><strong>intimo</strong></span> 
     </span>
    </p>
   </div>
   <div class='ocr_carea' id='block_1_65' title="bbox 113 3287 1687 3362">
    <p class='ocr_par' dir='ltr' id='par_1_65' title="bbox 113 3287 1687 3362">
     <span class='ocr_line' id='line_1_65' title="bbox 113 3287 1687 3362; baseline -0.003 -20"><span class='ocrx_word' id='word_1_450' title='bbox 113 3290 258 3362; x_wconf 84' lang='grc' dir='ltr'>τέρα</span> <span class='ocrx_word' id='word_1_451' title='bbox 287 3290 383 3360; x_wconf 76' lang='grc' dir='ltr'>τὴν</span> <span class='ocrx_word' id='word_1_452' title='bbox 436 3289 811 3360; x_wconf 85' lang='grc' dir='ltr'>πανάχραντον</span> <span class='ocrx_word' id='word_1_453' title='bbox 839 3287 1100 3340; x_wconf 81' lang='grc' dir='ltr'>Θεοτόκον</span> <span class='ocrx_word' id='word_1_454' title='bbox 1129 3302 1143 3315; x_wconf 91' lang='grc'><strong>·</strong></span> <span class='ocrx_word' id='word_1_455' title='bbox 1174 3287 1269 3338; x_wconf 73' lang='grc' dir='ltr'>καὶ</span> <span class='ocrx_word' id='word_1_456' title='bbox 1296 3288 1402 3356; x_wconf 85' lang='grc' dir='ltr'>μὴν</span> <span class='ocrx_word' id='word_1_457' title='bbox 1451 3287 1544 3340; x_wconf 74' lang='grc' dir='ltr'>καὶ</span> <span class='ocrx_word' id='word_1_458' title='bbox 1571 3287 1687 3338; x_wconf 84' lang='grc' dir='ltr'><strong>Βῶ-</strong></span> 
     </span>
    </p>
   </div>
   <div class='ocr_carea' id='block_1_66' title="bbox 116 3376 1690 3450">
    <p class='ocr_par' dir='ltr' id='par_1_66' title="bbox 116 3376 1690 3450">
     <span class='ocr_line' id='line_1_66' title="bbox 116 3376 1690 3450; baseline -0.002 -16"><span class='ocrx_word' id='word_1_459' title='bbox 116 3398 210 3443; x_wconf 87' lang='grc' dir='ltr'><strong>νος</strong></span> <span class='ocrx_word' id='word_1_460' title='bbox 259 3380 540 3450; x_wconf 84' lang='grc' dir='ltr'>πατρίκιος</span> <span class='ocrx_word' id='word_1_461' title='bbox 600 3382 628 3432; x_wconf 88' lang='lat'><strong>6</strong></span> <span class='ocrx_word' id='word_1_462' title='bbox 657 3377 956 3450; x_wconf 84' lang='grc' dir='ltr'>τηνικαῦτα</span> <span class='ocrx_word' id='word_1_463' title='bbox 1015 3376 1114 3447; x_wconf 78' lang='grc' dir='ltr'><strong>τήν</strong></span> <span class='ocrx_word' id='word_1_464' title='bbox 1158 3377 1310 3430; x_wconf 87' lang='grc' dir='ltr'>πόλιν</span> <span class='ocrx_word' id='word_1_465' title='bbox 1338 3377 1556 3441; x_wconf 85' lang='grc' dir='ltr'>διέπων,</span> <span class='ocrx_word' id='word_1_466' title='bbox 1621 3378 1690 3431; x_wconf 83' lang='grc' dir='ltr'><strong>τά</strong></span> 
     </span>
    </p>
   </div>
   <div class='ocr_carea' id='block_1_67' title="bbox 116 3467 1692 3542">
    <p class='ocr_par' dir='ltr' id='par_1_67' title="bbox 116 3467 1692 3542">
     <span class='ocr_line' id='line_1_67' title="bbox 116 3467 1692 3542; baseline -0.001 -17"><span class='ocrx_word' id='word_1_467' title='bbox 116 3473 390 3542; x_wconf 85' lang='grc' dir='ltr'>ἀνήκοντα</span> <span class='ocrx_word' id='word_1_468' title='bbox 424 3476 502 3536; x_wconf 89' lang='grc' dir='ltr'><strong>εἰς</strong></span> <span class='ocrx_word' id='word_1_469' title='bbox 531 3471 844 3542; x_wconf 84' lang='grc' dir='ltr'>ἀποτροπὴν</span> <span class='ocrx_word' id='word_1_470' title='bbox 868 3469 977 3522; x_wconf 90' lang='grc' dir='ltr'><strong>τῶν</strong></span> <span class='ocrx_word' id='word_1_471' title='bbox 1024 3467 1298 3537; x_wconf 88' lang='grc' dir='ltr'>πολεμίων</span> <span class='ocrx_word' id='word_1_472' title='bbox 1355 3469 1692 3537; x_wconf 86' lang='grc' dir='ltr'>παρεσκευά-</span> 
     </span>
    </p>
   </div>
   <div class='ocr_carea' id='block_1_68' title="bbox 117 3557 1689 3632">
    <p class='ocr_par' dir='ltr' id='par_1_68' title="bbox 117 3557 1689 3632">
     <span class='ocr_line' id='line_1_68' title="bbox 117 3557 1689 3632; baseline -0.003 -18"><span class='ocrx_word' id='word_1_473' title='bbox 117 3566 249 3626; x_wconf 78' lang='grc' dir='ltr'>ζετο</span> <span class='ocrx_word' id='word_1_474' title='bbox 271 3578 286 3593; x_wconf 77' lang='grc' dir='ltr'><strong>ο</strong></span> <span class='ocrx_word' id='word_1_475' title='bbox 316 3562 398 3614; x_wconf 82' lang='grc' dir='ltr'>δεῖ</span> <span class='ocrx_word' id='word_1_476' title='bbox 423 3562 530 3632; x_wconf 82' lang='grc' dir='ltr'><strong>γάρ</strong></span> <span class='ocrx_word' id='word_1_477' title='bbox 563 3561 700 3632; x_wconf 85' lang='grc' dir='ltr'>μετὰ</span> <span class='ocrx_word' id='word_1_478' title='bbox 726 3561 826 3630; x_wconf 85' lang='grc' dir='ltr'>τῆς</span> <span class='ocrx_word' id='word_1_479' title='bbox 858 3559 1064 3614; x_wconf 82' lang='grc' dir='ltr'>ἀνωθεν</span> <span class='ocrx_word' id='word_1_480' title='bbox 1095 3557 1364 3627; x_wconf 82' lang='grc' dir='ltr'>βοηθείας,</span> <span class='ocrx_word' id='word_1_481' title='bbox 1406 3559 1499 3610; x_wconf 79' lang='grc' dir='ltr'>καὶ</span> <span class='ocrx_word' id='word_1_482' title='bbox 1542 3559 1689 3628; x_wconf 77' lang='grc' dir='ltr'>ἡμᾶς</span> 
     </span>
    </p>
   </div>
   <div class='ocr_carea' id='block_1_69' title="bbox 115 3652 868 3723">
    <p class='ocr_par' dir='ltr' id='par_1_69' title="bbox 115 3652 868 3723">
     <span class='ocr_line' id='line_1_69' title="bbox 115 3652 868 3723; baseline 0 -19"><span class='ocrx_word' id='word_1_483' title='bbox 115 3653 191 3705; x_wconf 85' lang='grc' dir='ltr'><strong>τά</strong></span> <span class='ocrx_word' id='word_1_484' title='bbox 229 3653 570 3723; x_wconf 82' lang='grc' dir='ltr'>προσήκοντα</span> <span class='ocrx_word' id='word_1_485' title='bbox 603 3653 688 3703; x_wconf 80' lang='grc' dir='ltr'>ὲνε</span> <span class='ocrx_word' id='word_1_486' title='bbox 698 3652 868 3720; x_wconf 83' lang='grc' dir='ltr'>ργεῖν.</span> 
     </span>
    </p>
   </div>
   <div class='ocr_carea' id='block_1_70' title="bbox 203 3823 1687 3900">
    <p class='ocr_par' dir='ltr' id='par_1_70' title="bbox 203 3823 1687 3900">
     <span class='ocr_line' id='line_1_70' title="bbox 203 3823 1687 3900; baseline -0.005 -16"><span class='ocrx_word' id='word_1_487' title='bbox 203 3828 267 3884; x_wconf 86' lang='grc'><strong>’0</strong></span> <span class='ocrx_word' id='word_1_488' title='bbox 303 3829 357 3884; x_wconf 76' lang='grc' dir='ltr'>δὲ</span> <span class='ocrx_word' id='word_1_489' title='bbox 378 3828 719 3900; x_wconf 81' lang='grc' dir='ltr'>πατριάρχης</span> <span class='ocrx_word' id='word_1_490' title='bbox 746 3826 846 3887; x_wconf 83' lang='grc' dir='ltr'><strong>τὰς</strong></span> <span class='ocrx_word' id='word_1_491' title='bbox 883 3825 1032 3888; x_wconf 85' lang='grc' dir='ltr'>θείας</span> <span class='ocrx_word' id='word_1_492' title='bbox 1066 3825 1282 3886; x_wconf 77' lang='grc' dir='ltr'>εἰκόνας</span> <span class='ocrx_word' id='word_1_493' title='bbox 1310 3823 1411 3894; x_wconf 83' lang='grc' dir='ltr'>τῆς</span> <span class='ocrx_word' id='word_1_494' title='bbox 1470 3825 1687 3896; x_wconf 85' lang='grc' dir='ltr'>Θεομή-</span> 
     </span>
    </p>
   </div>
   <div class='ocr_carea' id='block_1_71' title="bbox 115 3919 1688 3997">
    <p class='ocr_par' dir='ltr' id='par_1_71' title="bbox 115 3919 1688 3997">
     <span class='ocr_line' id='line_1_71' title="bbox 115 3919 1688 3997; baseline -0.004 -18"><span class='ocrx_word' id='word_1_495' title='bbox 115 3941 280 3997; x_wconf 84' lang='grc' dir='ltr'>τορος</span> <span class='ocrx_word' id='word_1_496' title='bbox 305 3924 442 3993; x_wconf 87' lang='grc' dir='ltr'><strong>μετά</strong></span> <span class='ocrx_word' id='word_1_497' title='bbox 490 3920 692 3985; x_wconf 79' lang='grc' dir='ltr'>παντὸς</span> <span class='ocrx_word' id='word_1_498' title='bbox 721 3921 1060 3992; x_wconf 72' lang='grc' dir='ltr'>ἑπαγόμενος</span> <span class='ocrx_word' id='word_1_499' title='bbox 1084 3919 1179 3972; x_wconf 81' lang='grc' dir='ltr'>τοῦ</span> <span class='ocrx_word' id='word_1_500' title='bbox 1213 3919 1450 3988; x_wconf 81' lang='grc' dir='ltr'>πλήθους</span> <span class='ocrx_word' id='word_1_501' title='bbox 1473 3919 1688 3991; x_wconf 87' lang='grc' dir='ltr'>περιῄει</span> 
     </span>
    </p>
   </div>
   <div class='ocr_carea' id='block_1_72' title="bbox 116 4007 1689 4084">
    <p class='ocr_par' dir='ltr' id='par_1_72' title="bbox 116 4007 1689 4084">
     <span class='ocr_line' id='line_1_72' title="bbox 116 4007 1689 4084; baseline -0.004 -15"><span class='ocrx_word' id='word_1_502' title='bbox 116 4017 181 4069; x_wconf 81' lang='grc' dir='ltr'>τὸ</span> <span class='ocrx_word' id='word_1_503' title='bbox 213 4016 384 4084; x_wconf 83' lang='grc' dir='ltr'>τεῖχος</span> <span class='ocrx_word' id='word_1_504' title='bbox 412 4011 638 4076; x_wconf 83' lang='grc' dir='ltr'>ἀνωθεν,</span> <span class='ocrx_word' id='word_1_505' title='bbox 664 4009 911 4065; x_wconf 75' lang='grc' dir='ltr'>ἐντεῦθεν</span> <span class='ocrx_word' id='word_1_506' title='bbox 938 4010 998 4063; x_wconf 83' lang='grc' dir='ltr'>τὸ</span> <span class='ocrx_word' id='word_1_507' title='bbox 1027 4007 1267 4079; x_wconf 79' lang='grc' dir='ltr'>ἀσφαλὲς</span> <span class='ocrx_word' id='word_1_508' title='bbox 1310 4010 1490 4062; x_wconf 79' lang='grc' dir='ltr'>αὐτῶν</span> <span class='ocrx_word' id='word_1_509' title='bbox 1537 4028 1689 4081; x_wconf 87' lang='grc' dir='ltr'>πορι-</span> 
     </span>
    </p>
   </div>
   <div class='ocr_carea' id='block_1_73' title="bbox 118 4100 1689 4175">
    <p class='ocr_par' dir='ltr' id='par_1_73' title="bbox 118 4100 1689 4175">
     <span class='ocr_line' id='line_1_73' title="bbox 118 4100 1689 4175; baseline -0.003 -16"><span class='ocrx_word' id='word_1_510' title='bbox 118 4105 347 4175; x_wconf 81' lang='grc' dir='ltr'>ζόμενος</span> <span class='ocrx_word' id='word_1_511' title='bbox 370 4119 384 4133; x_wconf 88' lang='grc'><strong>·</strong></span> <span class='ocrx_word' id='word_1_512' title='bbox 412 4104 486 4166; x_wconf 81' lang='grc' dir='ltr'>ὡς</span> <span class='ocrx_word' id='word_1_513' title='bbox 521 4103 576 4156; x_wconf 84' lang='grc' dir='ltr'>δὲ</span> <span class='ocrx_word' id='word_1_514' title='bbox 601 4104 630 4155; x_wconf 89' lang='lat'><strong>6</strong></span> <span class='ocrx_word' id='word_1_515' title='bbox 664 4103 763 4173; x_wconf 82' lang='grc' dir='ltr'>μὲν</span> <span class='ocrx_word' id='word_1_516' title='bbox 801 4101 1080 4172; x_wconf 83' lang='grc' dir='ltr'>Σάρὸαρος</span> <span class='ocrx_word' id='word_1_517' title='bbox 1124 4101 1183 4168; x_wconf 74' lang='grc' dir='ltr'><strong>ἐξ</strong></span> <span class='ocrx_word' id='word_1_518' title='bbox 1231 4100 1393 4166; x_wconf 82' lang='grc' dir='ltr'>έῷας,</span> <span class='ocrx_word' id='word_1_519' title='bbox 1436 4102 1689 4169; x_wconf 87' lang='grc' dir='ltr'>Χαγάνος</span> 
     </span>
    </p>
   </div>
   <div class='ocr_carea' id='block_1_74' title="bbox 115 4189 1689 4263">
    <p class='ocr_par' dir='ltr' id='par_1_74' title="bbox 115 4189 1689 4263">
     <span class='ocr_line' id='line_1_74' title="bbox 115 4189 1689 4263; baseline -0.004 -17"><span class='ocrx_word' id='word_1_520' title='bbox 115 4195 176 4246; x_wconf 76' lang='grc' dir='ltr'>δὲ</span> <span class='ocrx_word' id='word_1_521' title='bbox 208 4192 313 4246; x_wconf 79' lang='grc' dir='ltr'>ἀπὸ</span> <span class='ocrx_word' id='word_1_522' title='bbox 344 4191 563 4259; x_wconf 87' lang='grc' dir='ltr'>δυσμῶν</span> <span class='ocrx_word' id='word_1_523' title='bbox 603 4190 898 4263; x_wconf 77' lang='grc' dir='ltr'>πυρπολεῖν</span> <span class='ocrx_word' id='word_1_524' title='bbox 924 4190 994 4244; x_wconf 89' lang='grc' dir='ltr'><strong>τά</strong></span> <span class='ocrx_word' id='word_1_525' title='bbox 1031 4189 1192 4258; x_wconf 77' lang='grc' dir='ltr'>πέριξ</span> <span class='ocrx_word' id='word_1_526' title='bbox 1224 4189 1325 4258; x_wconf 79' lang='grc' dir='ltr'>τῆς</span> <span class='ocrx_word' id='word_1_527' title='bbox 1356 4190 1559 4253; x_wconf 87' lang='grc' dir='ltr'>πόλεως</span> <span class='ocrx_word' id='word_1_528' title='bbox 1590 4192 1689 4260; x_wconf 86' lang='grc' dir='ltr'>ήρ-</span> 
     </span>
    </p>
   </div>
   <div class='ocr_carea' id='block_1_75' title="bbox 116 4278 1686 4353">
    <p class='ocr_par' dir='ltr' id='par_1_75' title="bbox 116 4278 1686 4353">
     <span class='ocr_line' id='line_1_75' title="bbox 116 4278 1686 4353; baseline -0.001 -18"><span class='ocrx_word' id='word_1_529' title='bbox 116 4297 281 4353; x_wconf 87' lang='grc' dir='ltr'>χοντο</span> <span class='ocrx_word' id='word_1_530' title='bbox 300 4295 314 4310; x_wconf 83' lang='lat'>&#39;</span> <span class='ocrx_word' id='word_1_531' title='bbox 340 4284 366 4334; x_wconf 68' lang='lat'>5</span> <span class='ocrx_word' id='word_1_532' title='bbox 406 4281 748 4352; x_wconf 71' lang='grc' dir='ltr'>πατριάρχης</span> <span class='ocrx_word' id='word_1_533' title='bbox 765 4279 862 4351; x_wconf 81' lang='grc' dir='ltr'>τὴν</span> <span class='ocrx_word' id='word_1_534' title='bbox 895 4279 1302 4350; x_wconf 85' lang='grc' dir='ltr'>ἀχειροποίητον</span> <span class='ocrx_word' id='word_1_535' title='bbox 1329 4278 1422 4332; x_wconf 86' lang='grc' dir='ltr'>τοῦ</span> <span class='ocrx_word' id='word_1_536' title='bbox 1453 4280 1686 4350; x_wconf 84' lang='grc' dir='ltr'>Χριστοῦ</span> 
     </span>
    </p>
   </div>
   <div class='ocr_carea' id='block_1_76' title="bbox 116 4369 1687 4441">
    <p class='ocr_par' dir='ltr' id='par_1_76' title="bbox 116 4369 1687 4441">
     <span class='ocr_line' id='line_1_76' title="bbox 116 4369 1687 4441; baseline -0.001 -17"><span class='ocrx_word' id='word_1_537' title='bbox 116 4371 327 4435; x_wconf 75' lang='grc' dir='ltr'>εἰκόνα,</span> <span class='ocrx_word' id='word_1_538' title='bbox 356 4373 448 4423; x_wconf 76' lang='grc' dir='ltr'><strong>καὶ</strong></span> <span class='ocrx_word' id='word_1_539' title='bbox 476 4375 544 4424; x_wconf 83' lang='grc' dir='ltr'>τὰ</span> <span class='ocrx_word' id='word_1_540' title='bbox 567 4371 723 4440; x_wconf 88' lang='grc' dir='ltr'>τίμια</span> <span class='ocrx_word' id='word_1_541' title='bbox 772 4372 866 4424; x_wconf 75' lang='grc' dir='ltr'>καὶ</span> <span class='ocrx_word' id='word_1_542' title='bbox 913 4370 1152 4434; x_wconf 79' lang='grc' dir='ltr'>ζωοποιά</span> <span class='ocrx_word' id='word_1_543' title='bbox 1183 4369 1334 4434; x_wconf 81' lang='grc' dir='ltr'>ξύλα,</span> <span class='ocrx_word' id='word_1_544' title='bbox 1364 4371 1586 4441; x_wconf 86' lang='grc' dir='ltr'>προσέτι</span> <span class='ocrx_word' id='word_1_545' title='bbox 1631 4371 1687 4423; x_wconf 84' lang='grc' dir='ltr'>δὲ</span> 
     </span>
    </p>
   </div>
   <div class='ocr_carea' id='block_1_77' title="bbox 1789 3286 3350 3350">
    <p class='ocr_par' dir='ltr' id='par_1_77' title="bbox 1789 3286 3350 3350">
     <span class='ocr_line' id='line_1_77' title="bbox 1789 3286 3350 3350; baseline 0.003 -10"><span class='ocrx_word' id='word_1_546' title='bbox 1789 3286 1989 3340; x_wconf 90' lang='lat' dir='ltr'><strong>mentis</strong></span> <span class='ocrx_word' id='word_1_547' title='bbox 2038 3302 2199 3339; x_wconf 85' lang='lat' dir='ltr'><strong>sensu</strong></span> <span class='ocrx_word' id='word_1_548' title='bbox 2235 3287 2287 3338; x_wconf 93' lang='lat' dir='ltr'><strong>in</strong></span> <span class='ocrx_word' id='word_1_549' title='bbox 2324 3286 2454 3350; x_wconf 88' lang='lat' dir='ltr'><strong>Deo,</strong></span> <span class='ocrx_word' id='word_1_550' title='bbox 2503 3297 2558 3340; x_wconf 88' lang='lat' dir='ltr'><strong>et</strong></span> <span class='ocrx_word' id='word_1_551' title='bbox 2600 3286 2653 3339; x_wconf 93' lang='lat' dir='ltr'><strong>in</strong></span> <span class='ocrx_word' id='word_1_552' title='bbox 2699 3287 2970 3340; x_wconf 82' lang='lat' dir='ltr'><strong>Genitrice</strong></span> <span class='ocrx_word' id='word_1_553' title='bbox 3012 3287 3350 3344; x_wconf 87' lang='lat' dir='ltr'><strong>immaculata</strong></span> 
     </span>
    </p>
   </div>
   <div class='ocr_carea' id='block_1_78' title="bbox 1791 3374 3344 3446">
    <p class='ocr_par' dir='ltr' id='par_1_78' title="bbox 1791 3374 3344 3446">
     <span class='ocr_line' id='line_1_78' title="bbox 1791 3374 3344 3446; baseline 0.003 -18"><span class='ocrx_word' id='word_1_554' title='bbox 1791 3374 2014 3444; x_wconf 85' lang='lat' dir='ltr'><strong>Deipara</strong></span> <span class='ocrx_word' id='word_1_555' title='bbox 2045 3376 2392 3429; x_wconf 87' lang='lat' dir='ltr'><strong>collocarent.</strong></span> <span class='ocrx_word' id='word_1_556' title='bbox 2428 3376 2590 3444; x_wconf 83' lang='lat' dir='ltr'><strong>Atqui</strong></span> <span class='ocrx_word' id='word_1_557' title='bbox 2624 3385 2678 3429; x_wconf 88' lang='lat' dir='ltr'><strong>et</strong></span> <span class='ocrx_word' id='word_1_558' title='bbox 2710 3377 2906 3443; x_wconf 75' lang='lat' dir='ltr'><strong>Bonus,</strong></span> <span class='ocrx_word' id='word_1_559' title='bbox 2941 3377 3031 3446; x_wconf 88' lang='lat' dir='ltr'><strong>qui</strong></span> <span class='ocrx_word' id='word_1_560' title='bbox 3058 3380 3344 3440; x_wconf 77' lang='lat' dir='ltr'><strong>tnnc_ci\i-</strong></span> 
     </span>
    </p>
   </div>
   <div class='ocr_carea' id='block_1_79' title="bbox 1788 3467 3350 3536">
    <p class='ocr_par' dir='ltr' id='par_1_79' title="bbox 1788 3467 3350 3536">
     <span class='ocr_line' id='line_1_79' title="bbox 1788 3467 3350 3536; baseline 0.003 -16"><span class='ocrx_word' id='word_1_561' title='bbox 1788 3467 1883 3520; x_wconf 88' lang='lat' dir='ltr'><strong>tati</strong></span> <span class='ocrx_word' id='word_1_562' title='bbox 1919 3475 2167 3536; x_wconf 63' lang='lat' dir='ltr'><strong>praterat,</strong></span> <span class='ocrx_word' id='word_1_563' title='bbox 2201 3481 2261 3520; x_wconf 90' lang='lat' dir='ltr'><strong>ea</strong></span> <span class='ocrx_word' id='word_1_564' title='bbox 2282 3483 2401 3536; x_wconf 70' lang='lat' dir='ltr'><strong>qua:</strong></span> <span class='ocrx_word' id='word_1_565' title='bbox 2443 3468 2826 3536; x_wconf 89' lang='lat' dir='ltr'><strong>propulsandis</strong></span> <span class='ocrx_word' id='word_1_566' title='bbox 2876 3469 3123 3524; x_wconf 89' lang='lat' dir='ltr'><strong>hostibus</strong></span> <span class='ocrx_word' id='word_1_567' title='bbox 3159 3486 3350 3524; x_wconf 83' lang='lat' dir='ltr'><strong>neces-</strong></span> 
     </span>
    </p>
   </div>
   <div class='ocr_carea' id='block_1_80' title="bbox 1787 3560 3350 3629">
    <p class='ocr_par' dir='ltr' id='par_1_80' title="bbox 1787 3560 3350 3629">
     <span class='ocr_line' id='line_1_80' title="bbox 1787 3560 3350 3629; baseline 0.003 -17"><span class='ocrx_word' id='word_1_568' title='bbox 1787 3560 1930 3613; x_wconf 89' lang='lat' dir='ltr'><strong>saria</strong></span> <span class='ocrx_word' id='word_1_569' title='bbox 1970 3569 2145 3623; x_wconf 89' lang='lat' dir='ltr'><strong>erant,</strong></span> <span class='ocrx_word' id='word_1_570' title='bbox 2197 3560 2550 3629; x_wconf 72' lang='lat' dir='ltr'><strong>przeparabat.</strong></span> <span class='ocrx_word' id='word_1_571' title='bbox 2609 3561 2836 3629; x_wconf 89' lang='lat' dir='ltr'><strong>Oportet</strong></span> <span class='ocrx_word' id='word_1_572' title='bbox 2883 3562 3028 3615; x_wconf 89' lang='lat' dir='ltr'><strong>enim</strong></span> <span class='ocrx_word' id='word_1_573' title='bbox 3056 3605 3070 3627; x_wconf 95' lang='lat'><strong>,</strong></span> <span class='ocrx_word' id='word_1_574' title='bbox 3116 3573 3175 3616; x_wconf 91' lang='lat' dir='ltr'><strong>ut</strong></span> <span class='ocrx_word' id='word_1_575' title='bbox 3225 3578 3350 3616; x_wconf 89' lang='lat' dir='ltr'><strong>cum</strong></span> 
     </span>
    </p>
   </div>
   <div class='ocr_carea' id='block_1_81' title="bbox 1788 3651 3352 3724">
    <p class='ocr_par' dir='ltr' id='par_1_81' title="bbox 1788 3651 3352 3724">
     <span class='ocr_line' id='line_1_81' title="bbox 1788 3651 3352 3724; baseline 0.001 -18"><span class='ocrx_word' id='word_1_576' title='bbox 1788 3651 1994 3706; x_wconf 67' lang='lat' dir='ltr'><strong>caelesti</strong></span> <span class='ocrx_word' id='word_1_577' title='bbox 2032 3651 2232 3705; x_wconf 86' lang='lat' dir='ltr'><strong>auxilio</strong></span> <span class='ocrx_word' id='word_1_578' title='bbox 2269 3667 2370 3705; x_wconf 91' lang='lat' dir='ltr'><strong>nos</strong></span> <span class='ocrx_word' id='word_1_579' title='bbox 2407 3653 2568 3706; x_wconf 89' lang='lat' dir='ltr'><strong>etiam</strong></span> <span class='ocrx_word' id='word_1_580' title='bbox 2599 3652 2836 3706; x_wconf 88' lang='lat' dir='ltr'><strong>studium</strong></span> <span class='ocrx_word' id='word_1_581' title='bbox 2918 3664 2973 3708; x_wconf 88' lang='lat' dir='ltr'><strong>et</strong></span> <span class='ocrx_word' id='word_1_582' title='bbox 3009 3669 3225 3724; x_wconf 88' lang='lat' dir='ltr'><strong>operam</strong></span> <span class='ocrx_word' id='word_1_583' title='bbox 3249 3668 3352 3708; x_wconf 85' lang='lat' dir='ltr'><strong>no-</strong></span> 
     </span>
    </p>
   </div>
   <div class='ocr_carea' id='block_1_82' title="bbox 1788 3742 2384 3812">
    <p class='ocr_par' dir='ltr' id='par_1_82' title="bbox 1788 3742 2384 3812">
     <span class='ocr_line' id='line_1_82' title="bbox 1788 3742 2384 3812; baseline 0.002 -16"><span class='ocrx_word' id='word_1_584' title='bbox 1788 3751 1952 3797; x_wconf 87' lang='lat' dir='ltr'><strong>stram</strong></span> <span class='ocrx_word' id='word_1_585' title='bbox 1977 3742 2384 3812; x_wconf 85' lang='lat' dir='ltr'><strong>conjungamus.</strong></span> 
     </span>
    </p>
   </div>
   <div class='ocr_carea' id='block_1_83' title="bbox 1859 3834 3350 3909">
    <p class='ocr_par' dir='ltr' id='par_1_83' title="bbox 1859 3834 3350 3909">
     <span class='ocr_line' id='line_1_83' title="bbox 1859 3834 3350 3909; baseline 0.003 -23"><span class='ocrx_word' id='word_1_586' title='bbox 1859 3834 2167 3888; x_wconf 86' lang='lat' dir='ltr'><strong>Patriarcha</strong></span> <span class='ocrx_word' id='word_1_587' title='bbox 2208 3845 2422 3898; x_wconf 89' lang='lat' dir='ltr'><strong>autem,</strong></span> <span class='ocrx_word' id='word_1_588' title='bbox 2462 3835 2700 3904; x_wconf 86' lang='lat' dir='ltr'><strong>acceptis</strong></span> <span class='ocrx_word' id='word_1_589' title='bbox 2730 3835 3072 3904; x_wconf 87' lang='lat' dir='ltr'><strong>Deiparentis</strong></span> <span class='ocrx_word' id='word_1_590' title='bbox 3104 3837 3350 3909; x_wconf 80' lang='lat' dir='ltr'><strong>imagini-</strong></span> 
     </span>
    </p>
   </div>
   <div class='ocr_carea' id='block_1_84' title="bbox 1787 3925 3356 3996">
    <p class='ocr_par' dir='ltr' id='par_1_84' title="bbox 1787 3925 3356 3996">
     <span class='ocr_line' id='line_1_84' title="bbox 1787 3925 3356 3996; baseline 0.001 -16"><span class='ocrx_word' id='word_1_591' title='bbox 1787 3925 1911 3987; x_wconf 85' lang='lat' dir='ltr'><strong>bus,</strong></span> <span class='ocrx_word' id='word_1_592' title='bbox 1956 3940 2081 3980; x_wconf 89' lang='lat' dir='ltr'><strong>cum</strong></span> <span class='ocrx_word' id='word_1_593' title='bbox 2120 3926 2268 3980; x_wconf 87' lang='lat' dir='ltr'><strong>onmi</strong></span> <span class='ocrx_word' id='word_1_594' title='bbox 2303 3926 2649 3980; x_wconf 87' lang='lat' dir='ltr'><strong>multitudine</strong></span> <span class='ocrx_word' id='word_1_595' title='bbox 2678 3930 2875 3980; x_wconf 78' lang='lat' dir='ltr'><strong>mmnia</strong></span> <span class='ocrx_word' id='word_1_596' title='bbox 2902 3944 3134 3996; x_wconf 89' lang='lat' dir='ltr'><strong>superne</strong></span> <span class='ocrx_word' id='word_1_597' title='bbox 3163 3929 3356 3983; x_wconf 79' lang='lat' dir='ltr'><strong>circui-</strong></span> 
     </span>
    </p>
   </div>
   <div class='ocr_carea' id='block_1_85' title="bbox 1787 4013 3350 4087">
    <p class='ocr_par' dir='ltr' id='par_1_85' title="bbox 1787 4013 3350 4087">
     <span class='ocr_line' id='line_1_85' title="bbox 1787 4013 3350 4087; baseline 0.002 -18"><span class='ocrx_word' id='word_1_598' title='bbox 1787 4015 1899 4080; x_wconf 86' lang='lat' dir='ltr'><strong>bat,</strong></span> <span class='ocrx_word' id='word_1_599' title='bbox 1952 4015 2079 4070; x_wconf 87' lang='lat' dir='ltr'><strong>hinc</strong></span> <span class='ocrx_word' id='word_1_600' title='bbox 2125 4017 2229 4070; x_wconf 91' lang='lat' dir='ltr'><strong>illis</strong></span> <span class='ocrx_word' id='word_1_601' title='bbox 2279 4013 2590 4085; x_wconf 64' lang='lat' dir='ltr'><strong>prwsidium</strong></span> <span class='ocrx_word' id='word_1_602' title='bbox 2641 4025 2696 4069; x_wconf 85' lang='lat' dir='ltr'><strong>et</strong></span> <span class='ocrx_word' id='word_1_603' title='bbox 2750 4017 2977 4070; x_wconf 89' lang='lat' dir='ltr'><strong>salutem</strong></span> <span class='ocrx_word' id='word_1_604' title='bbox 3016 4033 3350 4087; x_wconf 88' lang='lat' dir='ltr'><strong>comparans.</strong></span> 
     </span>
    </p>
   </div>
   <div class='ocr_carea' id='block_1_86' title="bbox 1789 4105 3354 4178">
    <p class='ocr_par' dir='ltr' id='par_1_86' title="bbox 1789 4105 3354 4178">
     <span class='ocr_line' id='line_1_86' title="bbox 1789 4105 3354 4178; baseline 0.003 -19"><span class='ocrx_word' id='word_1_605' title='bbox 1789 4105 1860 4159; x_wconf 88' lang='lat' dir='ltr'><strong>Ut</strong></span> <span class='ocrx_word' id='word_1_606' title='bbox 1904 4121 2036 4159; x_wconf 88' lang='lat' dir='ltr'><strong>vero</strong></span> <span class='ocrx_word' id='word_1_607' title='bbox 2083 4108 2348 4160; x_wconf 89' lang='lat' dir='ltr'><strong>Sarbarus</strong></span> <span class='ocrx_word' id='word_1_608' title='bbox 2389 4107 2457 4160; x_wconf 89' lang='lat' dir='ltr'><strong>ab</strong></span> <span class='ocrx_word' id='word_1_609' title='bbox 2487 4107 2718 4171; x_wconf 88' lang='lat' dir='ltr'><strong>oriente,</strong></span> <span class='ocrx_word' id='word_1_610' title='bbox 2757 4108 3044 4178; x_wconf 79' lang='lat' dir='ltr'><strong>Chaganus</strong></span> <span class='ocrx_word' id='word_1_611' title='bbox 3071 4119 3249 4163; x_wconf 91' lang='lat' dir='ltr'><strong>autem</strong></span> <span class='ocrx_word' id='word_1_612' title='bbox 3284 4110 3354 4163; x_wconf 83' lang='lat' dir='ltr'><strong>ab</strong></span> 
     </span>
    </p>
   </div>
   <div class='ocr_carea' id='block_1_87' title="bbox 1787 4195 3354 4270">
    <p class='ocr_par' dir='ltr' id='par_1_87' title="bbox 1787 4195 3354 4270">
     <span class='ocr_line' id='line_1_87' title="bbox 1787 4195 3354 4270; baseline 0.004 -22"><span class='ocrx_word' id='word_1_613' title='bbox 1787 4195 2066 4249; x_wconf 90' lang='lat' dir='ltr'><strong>occidente</strong></span> <span class='ocrx_word' id='word_1_614' title='bbox 2114 4195 2235 4265; x_wconf 80' lang='lat' dir='ltr'><strong>igne</strong></span> <span class='ocrx_word' id='word_1_615' title='bbox 2282 4196 2628 4250; x_wconf 87' lang='lat' dir='ltr'><strong>succendere&#39;</strong></span> <span class='ocrx_word' id='word_1_616' title='bbox 2671 4207 2955 4266; x_wconf 72' lang='lat' dir='ltr'><strong>cmperunt</strong></span> <span class='ocrx_word' id='word_1_617' title='bbox 3008 4199 3189 4253; x_wconf 84' lang='lat' dir='ltr'><strong>omnia</strong></span> <span class='ocrx_word' id='word_1_618' title='bbox 3234 4217 3354 4270; x_wconf 67' lang='lat' dir='ltr'><strong>quae</strong></span> 
     </span>
    </p>
   </div>
   <div class='ocr_carea' id='block_1_88' title="bbox 1791 4287 3352 4363">
    <p class='ocr_par' dir='ltr' id='par_1_88' title="bbox 1791 4287 3352 4363">
     <span class='ocr_line' id='line_1_88' title="bbox 1791 4287 3352 4363; baseline 0.006 -25"><span class='ocrx_word' id='word_1_619' title='bbox 1791 4287 1844 4338; x_wconf 92' lang='lat' dir='ltr'><strong>in</strong></span> <span class='ocrx_word' id='word_1_620' title='bbox 1903 4287 2133 4340; x_wconf 89' lang='lat' dir='ltr'><strong>circuitu</strong></span> <span class='ocrx_word' id='word_1_621' title='bbox 2185 4287 2418 4341; x_wconf 82' lang='lat' dir='ltr'><strong>civitatis</strong></span> <span class='ocrx_word' id='word_1_622' title='bbox 2445 4297 2649 4341; x_wconf 87' lang='lat' dir='ltr'><strong>erant:</strong></span> <span class='ocrx_word' id='word_1_623' title='bbox 2706 4289 3012 4358; x_wconf 87' lang='lat' dir='ltr'><strong>patriarcha</strong></span> <span class='ocrx_word' id='word_1_624' title='bbox 3065 4292 3352 4363; x_wconf 77' lang='lat' dir='ltr'><strong>imaginem</strong></span> 
     </span>
    </p>
   </div>
   <div class='ocr_carea' id='block_1_89' title="bbox 1787 4376 3356 4443">
    <p class='ocr_par' dir='ltr' id='par_1_89' title="bbox 1787 4376 3356 4443">
     <span class='ocr_line' id='line_1_89' title="bbox 1787 4376 3356 4443; baseline 0.004 -13"><span class='ocrx_word' id='word_1_625' title='bbox 1787 4376 1988 4431; x_wconf 89' lang='lat' dir='ltr'><strong>Christi</strong></span> <span class='ocrx_word' id='word_1_626' title='bbox 2040 4393 2146 4432; x_wconf 92' lang='lat' dir='ltr'><strong>non</strong></span> <span class='ocrx_word' id='word_1_627' title='bbox 2201 4378 2582 4443; x_wconf 87' lang='lat' dir='ltr'><strong>manufactam,</strong></span> <span class='ocrx_word' id='word_1_628' title='bbox 2621 4384 2750 4434; x_wconf 89' lang='lat' dir='ltr'><strong>item</strong></span> <span class='ocrx_word' id='word_1_629' title='bbox 2792 4383 3111 4436; x_wconf 82' lang='lat' dir='ltr'><strong>venerabilia</strong></span> <span class='ocrx_word' id='word_1_630' title='bbox 3141 4393 3197 4438; x_wconf 85' lang='lat' dir='ltr'><strong>et</strong></span> <span class='ocrx_word' id='word_1_631' title='bbox 3224 4385 3356 4439; x_wconf 87' lang='lat' dir='ltr'><strong>vivi-</strong></span> 
     </span>
    </p>
   </div>
   <div class='ocr_carea' id='block_1_90' title="bbox 119 4460 1688 4542">
    <p class='ocr_par' dir='ltr' id='par_1_90' title="bbox 119 4460 1684 4530">
     <span class='ocr_line' id='line_1_90' title="bbox 119 4460 1684 4530; baseline -0.001 -15"><span class='ocrx_word' id='word_1_632' title='bbox 119 4463 223 4515; x_wconf 72' lang='grc' dir='ltr'>καὶ.</span> <span class='ocrx_word' id='word_1_633' title='bbox 251 4460 345 4529; x_wconf 79' lang='grc' dir='ltr'>τὴν</span> <span class='ocrx_word' id='word_1_634' title='bbox 365 4461 550 4530; x_wconf 84' lang='grc' dir='ltr'>τιμίαν</span> <span class='ocrx_word' id='word_1_635' title='bbox 579 4461 783 4530; x_wconf 75' lang='grc' dir='ltr'>ἐσθῆτα</span> <span class='ocrx_word' id='word_1_636' title='bbox 795 4460 895 4530; x_wconf 81' lang='grc' dir='ltr'>τῆς</span> <span class='ocrx_word' id='word_1_637' title='bbox 911 4461 1250 4529; x_wconf 84' lang='grc' dir='ltr'>Θεομήτορος</span> <span class='ocrx_word' id='word_1_638' title='bbox 1269 4460 1684 4530; x_wconf 76' lang='grc' dir='ltr'>ἐπιφερόμενος,</span> 
     </span>
    </p>
   </div>
   <div class='ocr_carea' id='block_1_91' title="bbox 1790 4460 3355 4542">
    <p class='ocr_par' dir='ltr' id='par_1_91' title="bbox 1792 4467 3355 4542">
     <span class='ocr_line' id='line_1_91' title="bbox 1792 4467 3355 4542; baseline 0.004 -22"><span class='ocrx_word' id='word_1_639' title='bbox 1792 4467 1892 4521; x_wconf 87' lang='lat' dir='ltr'><strong>ﬁca</strong></span> <span class='ocrx_word' id='word_1_640' title='bbox 1951 4468 2115 4539; x_wconf 86' lang='lat' dir='ltr'><strong>ligna,</strong></span> <span class='ocrx_word' id='word_1_641' title='bbox 2155 4469 2222 4522; x_wconf 89' lang='lat' dir='ltr'><strong>ad</strong></span> <span class='ocrx_word' id='word_1_642' title='bbox 2275 4469 2390 4522; x_wconf 75' lang='lat' dir='ltr'><strong>lucc</strong></span> <span class='ocrx_word' id='word_1_643' title='bbox 2443 4470 2804 4523; x_wconf 82' lang='lat' dir='ltr'><strong>venerandam</strong></span> <span class='ocrx_word' id='word_1_644' title='bbox 2858 4481 3060 4524; x_wconf 89' lang='lat' dir='ltr'><strong>vestem</strong></span> <span class='ocrx_word' id='word_1_645' title='bbox 3115 4473 3355 4542; x_wconf 79' lang='lat' dir='ltr'><strong>Deipara:</strong></span> 
     </span>
    </p>
   </div>
   <div class='ocr_carea' id='block_1_92' title="bbox 113 4550 1689 4622">
    <p class='ocr_par' dir='ltr' id='par_1_92' title="bbox 113 4550 1689 4622">
     <span class='ocr_line' id='line_1_92' title="bbox 113 4550 1689 4622; baseline 0.005 -25"><span class='ocrx_word' id='word_1_646' title='bbox 113 4553 210 4606; x_wconf 74' lang='grc' dir='ltr'>διὰ</span> <span class='ocrx_word' id='word_1_647' title='bbox 237 4550 344 4604; x_wconf 83' lang='grc' dir='ltr'><strong>τῶν</strong></span> <span class='ocrx_word' id='word_1_648' title='bbox 371 4551 566 4619; x_wconf 86' lang='grc' dir='ltr'>τειχῶν</span> <span class='ocrx_word' id='word_1_649' title='bbox 611 4552 962 4622; x_wconf 77' lang='grc' dir='ltr'>περιήρχετο.</span> <span class='ocrx_word' id='word_1_650' title='bbox 1018 4551 1266 4618; x_wconf 85' lang='grc' dir='ltr'>Χαγάνος</span> <span class='ocrx_word' id='word_1_651' title='bbox 1319 4550 1374 4603; x_wconf 82' lang='grc' dir='ltr'>δὲ</span> <span class='ocrx_word' id='word_1_652' title='bbox 1400 4553 1428 4604; x_wconf 91' lang='lat'><strong>6</strong></span> <span class='ocrx_word' id='word_1_653' title='bbox 1457 4551 1689 4622; x_wconf 78' lang='grc' dir='ltr'>Σκύθης,</span> 
     </span>
    </p>
   </div>
   <div class='ocr_carea' id='block_1_93' title="bbox 113 4634 1693 4706">
    <p class='ocr_par' dir='ltr' id='par_1_93' title="bbox 113 4634 1693 4706">
     <span class='ocr_line' id='line_1_93' title="bbox 113 4634 1693 4706; baseline 0.003 -18"><span class='ocrx_word' id='word_1_654' title='bbox 113 4637 209 4688; x_wconf 67' lang='grc' dir='ltr'><strong>διὰ</strong></span> <span class='ocrx_word' id='word_1_655' title='bbox 247 4634 354 4688; x_wconf 88' lang='grc' dir='ltr'><strong>τῶν</strong></span> <span class='ocrx_word' id='word_1_656' title='bbox 379 4635 644 4706; x_wconf 87' lang='grc' dir='ltr'>χερσαίων</span> <span class='ocrx_word' id='word_1_657' title='bbox 695 4637 889 4706; x_wconf 89' lang='grc' dir='ltr'>τειχῶν</span> <span class='ocrx_word' id='word_1_658' title='bbox 922 4636 1252 4706; x_wconf 77' lang='grc' dir='ltr'>προσϐάλλει</span> <span class='ocrx_word' id='word_1_659' title='bbox 1277 4639 1344 4706; x_wconf 82' lang='grc' dir='ltr'><strong>τῇ</strong></span> <span class='ocrx_word' id='word_1_660' title='bbox 1404 4639 1693 4692; x_wconf 81' lang='grc' dir='ltr'>Κωνσταν-</span> 
     </span>
    </p>
   </div>
   <div class='ocr_carea' id='block_1_94' title="bbox 114 4725 1692 4797">
    <p class='ocr_par' dir='ltr' id='par_1_94' title="bbox 114 4725 1692 4797">
     <span class='ocr_line' id='line_1_94' title="bbox 114 4725 1692 4797; baseline 0.001 -17"><span class='ocrx_word' id='word_1_661' title='bbox 114 4726 271 4780; x_wconf 83' lang='grc' dir='ltr'>τίνου</span> <span class='ocrx_word' id='word_1_662' title='bbox 295 4727 388 4778; x_wconf 78' lang='grc' dir='ltr'><strong>σὺν</strong></span> <span class='ocrx_word' id='word_1_663' title='bbox 412 4726 604 4795; x_wconf 80' lang='grc' dir='ltr'>πλήθει</span> <span class='ocrx_word' id='word_1_664' title='bbox 635 4726 846 4795; x_wconf 84' lang='grc' dir='ltr'>ἀπείρῳ</span> <span class='ocrx_word' id='word_1_665' title='bbox 867 4726 1048 4794; x_wconf 86' lang='grc' dir='ltr'>ἀκρως</span> <span class='ocrx_word' id='word_1_666' title='bbox 1083 4725 1142 4790; x_wconf 77' lang='grc' dir='ltr'><strong>ἐξ</strong></span> <span class='ocrx_word' id='word_1_667' title='bbox 1162 4727 1338 4779; x_wconf 84' lang='grc' dir='ltr'>ὅπλων</span> <span class='ocrx_word' id='word_1_668' title='bbox 1353 4729 1692 4797; x_wconf 74' lang='grc' dir='ltr'>ἠσφαλισμέ-</span> 
     </span>
    </p>
   </div>
   <div class='ocr_carea' id='block_1_95' title="bbox 114 4815 1693 4887">
    <p class='ocr_par' dir='ltr' id='par_1_95' title="bbox 114 4815 1693 4887">
     <span class='ocr_line' id='line_1_95' title="bbox 114 4815 1693 4887; baseline 0.001 -16"><span class='ocrx_word' id='word_1_669' title='bbox 114 4833 234 4879; x_wconf 84' lang='grc' dir='ltr'>νος,</span> <span class='ocrx_word' id='word_1_670' title='bbox 255 4822 347 4867; x_wconf 76' lang='grc' dir='ltr'>καὶ</span> <span class='ocrx_word' id='word_1_671' title='bbox 371 4815 628 4886; x_wconf 80' lang='grc' dir='ltr'>τοσούτῳ,</span> <span class='ocrx_word' id='word_1_672' title='bbox 654 4816 727 4879; x_wconf 86' lang='grc' dir='ltr'>ὡς</span> <span class='ocrx_word' id='word_1_673' title='bbox 755 4817 850 4870; x_wconf 76' lang='grc' dir='ltr'>ἕνα</span> <span class='ocrx_word' id='word_1_674' title='bbox 873 4816 1140 4886; x_wconf 78' lang='grc' dir='ltr'>Ῥωμαῖον</span> <span class='ocrx_word' id='word_1_675' title='bbox 1166 4817 1300 4887; x_wconf 84' lang='grc' dir='ltr'>πρὸς</span> <span class='ocrx_word' id='word_1_676' title='bbox 1319 4818 1448 4870; x_wconf 84' lang='grc' dir='ltr'>δέκα</span> <span class='ocrx_word' id='word_1_677' title='bbox 1483 4819 1693 4882; x_wconf 80' lang='grc' dir='ltr'>Σκύθας</span> 
     </span>
    </p>
   </div>
   <div class='ocr_carea' id='block_1_96' title="bbox 117 4905 1693 4980">
    <p class='ocr_par' dir='ltr' id='par_1_96' title="bbox 117 4905 1693 4980">
     <span class='ocr_line' id='line_1_96' title="bbox 117 4905 1693 4980; baseline 0.003 -22"><span class='ocrx_word' id='word_1_678' title='bbox 117 4905 312 4974; x_wconf 81' lang='grc' dir='ltr'>σαφῶς</span> <span class='ocrx_word' id='word_1_679' title='bbox 341 4905 701 4976; x_wconf 83' lang='grc' dir='ltr'>διαμάχεσθαι</span> <span class='ocrx_word' id='word_1_680' title='bbox 725 4922 742 4938; x_wconf 88' lang='grc'><strong>·</strong></span> <span class='ocrx_word' id='word_1_681' title='bbox 771 4907 884 4960; x_wconf 88' lang='grc' dir='ltr'>ἀλλ’</span> <span class='ocrx_word' id='word_1_682' title='bbox 926 4910 960 4977; x_wconf 80' lang='grc' dir='ltr'><strong>ἡ</strong></span> <span class='ocrx_word' id='word_1_683' title='bbox 1015 4907 1226 4978; x_wconf 77' lang='grc' dir='ltr'>ἄμαχος</span> <span class='ocrx_word' id='word_1_684' title='bbox 1275 4909 1558 4980; x_wconf 80' lang='grc' dir='ltr'>πρόμαχος</span> <span class='ocrx_word' id='word_1_685' title='bbox 1607 4910 1693 4963; x_wconf 79' lang='grc' dir='ltr'><strong>διὰ</strong></span> 
     </span>
    </p>
   </div>
   <div class='ocr_carea' id='block_1_97' title="bbox 112 4997 1693 5072">
    <p class='ocr_par' dir='ltr' id='par_1_97' title="bbox 112 4997 1693 5072">
     <span class='ocr_line' id='line_1_97' title="bbox 112 4997 1693 5072; baseline 0.003 -22"><span class='ocrx_word' id='word_1_686' title='bbox 112 4997 232 5050; x_wconf 87' lang='grc' dir='ltr'><strong>τῶν</strong></span> <span class='ocrx_word' id='word_1_687' title='bbox 259 4999 699 5069; x_wconf 82' lang='grc' dir='ltr'>παρευρεθέντων</span> <span class='ocrx_word' id='word_1_688' title='bbox 727 4998 920 5067; x_wconf 82' lang='grc' dir='ltr'>ὀλίγων</span> <span class='ocrx_word' id='word_1_689' title='bbox 951 5001 1090 5054; x_wconf 84' lang='grc' dir='ltr'>πάνυ</span> <span class='ocrx_word' id='word_1_690' title='bbox 1139 5002 1483 5070; x_wconf 86' lang='grc' dir='ltr'>στρατιωτῶν</span> <span class='ocrx_word' id='word_1_691' title='bbox 1521 5004 1578 5054; x_wconf 78' lang='grc' dir='ltr'>ἐν</span> <span class='ocrx_word' id='word_1_692' title='bbox 1614 5003 1693 5072; x_wconf 84' lang='grc' dir='ltr'>τῷ</span> 
     </span>
    </p>
   </div>
   <div class='ocr_carea' id='block_1_98' title="bbox 114 5086 1692 5162">
    <p class='ocr_par' dir='ltr' id='par_1_98' title="bbox 114 5086 1692 5162">
     <span class='ocr_line' id='line_1_98' title="bbox 114 5086 1692 5162; baseline 0.003 -21"><span class='ocrx_word' id='word_1_693' title='bbox 114 5086 238 5157; x_wconf 84' lang='grc' dir='ltr'>ναῷ</span> <span class='ocrx_word' id='word_1_694' title='bbox 279 5088 481 5160; x_wconf 86' lang='grc' dir='ltr'>ταύτης</span> <span class='ocrx_word' id='word_1_695' title='bbox 531 5089 609 5160; x_wconf 87' lang='grc' dir='ltr'>τῷ</span> <span class='ocrx_word' id='word_1_696' title='bbox 633 5091 731 5160; x_wconf 84' lang='grc' dir='ltr'>τῆς</span> <span class='ocrx_word' id='word_1_697' title='bbox 764 5095 948 5162; x_wconf 78' lang='grc' dir='ltr'>πηγῆς</span> <span class='ocrx_word' id='word_1_698' title='bbox 995 5091 1278 5154; x_wconf 86' lang='grc' dir='ltr'>πλείστους</span> <span class='ocrx_word' id='word_1_699' title='bbox 1322 5092 1500 5144; x_wconf 83' lang='grc' dir='ltr'>αὐτῶν</span> <span class='ocrx_word' id='word_1_700' title='bbox 1550 5111 1692 5162; x_wconf 89' lang='grc' dir='ltr'>παρ-</span> 
     </span>
    </p>
   </div>
   <div class='ocr_carea' id='block_1_99' title="bbox 116 5176 1692 5255">
    <p class='ocr_par' dir='ltr' id='par_1_99' title="bbox 116 5176 1692 5255">
     <span class='ocr_line' id='line_1_99' title="bbox 116 5176 1692 5255; baseline 0.002 -22"><span class='ocrx_word' id='word_1_701' title='bbox 116 5176 422 5233; x_wconf 82' lang='grc' dir='ltr'>απώλεσεν.</span> <span class='ocrx_word' id='word_1_702' title='bbox 463 5182 768 5234; x_wconf 82' lang='grc' dir='ltr'>Κάντεῦθεν</span> <span class='ocrx_word' id='word_1_703' title='bbox 830 5185 879 5235; x_wconf 78' lang='grc' dir='ltr'>οἱ</span> <span class='ocrx_word' id='word_1_704' title='bbox 937 5183 1192 5254; x_wconf 78' lang='grc' dir='ltr'>Ῥωμαῖοι</span> <span class='ocrx_word' id='word_1_705' title='bbox 1223 5183 1692 5255; x_wconf 84' lang='grc' dir='ltr'>ἀναθαρσήσαντές</span> 
     </span>
    </p>
   </div>
   <div class='ocr_carea' id='block_1_100' title="bbox 114 5267 1688 5348">
    <p class='ocr_par' dir='ltr' id='par_1_100' title="bbox 114 5267 1688 5348">
     <span class='ocr_line' id='line_1_100' title="bbox 114 5267 1688 5348; baseline 0.005 -27"><span class='ocrx_word' id='word_1_706' title='bbox 114 5284 180 5321; x_wconf 76' lang='grc' dir='ltr'><strong>τε</strong></span> <span class='ocrx_word' id='word_1_707' title='bbox 218 5267 313 5320; x_wconf 81' lang='grc' dir='ltr'>καὶ</span> <span class='ocrx_word' id='word_1_708' title='bbox 370 5271 862 5340; x_wconf 85' lang='grc' dir='ltr'>ἀνασκιρτήσαντες</span> <span class='ocrx_word' id='word_1_709' title='bbox 897 5273 1002 5325; x_wconf 80' lang='grc' dir='ltr'><strong>ὑπὸ</strong></span> <span class='ocrx_word' id='word_1_710' title='bbox 1037 5273 1326 5344; x_wconf 78' lang='grc' dir='ltr'>στρατηγῷ</span> <span class='ocrx_word' id='word_1_711' title='bbox 1374 5277 1572 5346; x_wconf 82' lang='grc' dir='ltr'>ἀμάχῳ</span> <span class='ocrx_word' id='word_1_712' title='bbox 1623 5280 1688 5348; x_wconf 82' lang='grc' dir='ltr'><strong>τῇ</strong></span> 
     </span>
    </p>
   </div>
   <div class='ocr_carea' id='block_1_101' title="bbox 115 5359 1693 5435">
    <p class='ocr_par' dir='ltr' id='par_1_101' title="bbox 115 5359 1693 5435">
     <span class='ocr_line' id='line_1_101' title="bbox 115 5359 1693 5435; baseline 0.006 -25"><span class='ocrx_word' id='word_1_713' title='bbox 115 5359 427 5429; x_wconf 71' lang='grc' dir='ltr'>θεομήτορι</span> <span class='ocrx_word' id='word_1_714' title='bbox 455 5361 649 5424; x_wconf 80' lang='grc' dir='ltr'>αὐτοὺς</span> <span class='ocrx_word' id='word_1_715' title='bbox 678 5364 765 5418; x_wconf 77' lang='grc' dir='ltr'>ἀεὶ</span> <span class='ocrx_word' id='word_1_716' title='bbox 794 5363 936 5416; x_wconf 89' lang='grc' dir='ltr'><strong>κατά</strong></span> <span class='ocrx_word' id='word_1_717' title='bbox 957 5365 1157 5434; x_wconf 77' lang='grc' dir='ltr'>κράτος</span> <span class='ocrx_word' id='word_1_718' title='bbox 1189 5367 1384 5418; x_wconf 83' lang='grc' dir='ltr'>ἐνίκων</span> <span class='ocrx_word' id='word_1_719' title='bbox 1411 5407 1424 5420; x_wconf 94' lang='grc'><strong>.</strong></span> <span class='ocrx_word' id='word_1_720' title='bbox 1454 5368 1693 5435; x_wconf 75' lang='grc' dir='ltr'>Βλέψαν-</span> 
     </span>
    </p>
   </div>
   <div class='ocr_carea' id='block_1_102' title="bbox 113 5447 1690 5528">
    <p class='ocr_par' dir='ltr' id='par_1_102' title="bbox 113 5447 1690 5528">
     <span class='ocr_line' id='line_1_102' title="bbox 113 5447 1690 5528; baseline 0.008 -29"><span class='ocrx_word' id='word_1_721' title='bbox 113 5464 210 5509; x_wconf 89' lang='grc' dir='ltr'><strong>τες</strong></span> <span class='ocrx_word' id='word_1_722' title='bbox 241 5447 297 5500; x_wconf 75' lang='grc' dir='ltr'>δὲ</span> <span class='ocrx_word' id='word_1_723' title='bbox 327 5450 420 5500; x_wconf 76' lang='grc' dir='ltr'>καὶ</span> <span class='ocrx_word' id='word_1_724' title='bbox 456 5450 590 5520; x_wconf 78' lang='grc' dir='ltr'>πρὸς</span> <span class='ocrx_word' id='word_1_725' title='bbox 609 5453 834 5516; x_wconf 72' lang='grc' dir='ltr'>σπονδὰς</span> <span class='ocrx_word' id='word_1_726' title='bbox 859 5455 908 5506; x_wconf 75' lang='lat' dir='ltr'><strong>cl.</strong></span> <span class='ocrx_word' id='word_1_727' title='bbox 930 5455 1028 5524; x_wconf 85' lang='grc' dir='ltr'>τῆς</span> <span class='ocrx_word' id='word_1_728' title='bbox 1056 5455 1283 5519; x_wconf 87' lang='grc' dir='ltr'>πόλεως,</span> <span class='ocrx_word' id='word_1_729' title='bbox 1311 5457 1690 5528; x_wconf 68' lang='grc' dir='ltr'><strong>ἀπεκρούσθη⁴</strong></span> 
     </span>
    </p>
   </div>
   <div class='ocr_carea' id='block_1_103' title="bbox 115 5538 1690 5617">
    <p class='ocr_par' dir='ltr' id='par_1_103' title="bbox 115 5538 1690 5617">
     <span class='ocr_line' id='line_1_103' title="bbox 115 5538 1690 5617; baseline 0.011 -29"><span class='ocrx_word' id='word_1_730' title='bbox 115 5553 243 5590; x_wconf 89' lang='grc' dir='ltr'>σαν.</span> <span class='ocrx_word' id='word_1_731' title='bbox 284 5538 495 5592; x_wconf 79' lang='grc' dir='ltr'>’Λνεῖπε</span> <span class='ocrx_word' id='word_1_732' title='bbox 551 5543 659 5612; x_wconf 77' lang='grc' dir='ltr'><strong>γάρ</strong></span> <span class='ocrx_word' id='word_1_733' title='bbox 708 5544 737 5595; x_wconf 89' lang='lat'><strong>6</strong></span> <span class='ocrx_word' id='word_1_734' title='bbox 767 5545 1036 5612; x_wconf 84' lang='grc' dir='ltr'>Χαγάνος,</span> <span class='ocrx_word' id='word_1_735' title='bbox 1077 5567 1093 5597; x_wconf 80' lang='grc' dir='ltr'><strong>ι</strong></span> <span class='ocrx_word' id='word_1_736' title='bbox 1120 5549 1210 5617; x_wconf 84' lang='grc' dir='ltr'><strong>Μὴ</strong></span> <span class='ocrx_word' id='word_1_737' title='bbox 1263 5550 1544 5604; x_wconf 79' lang='grc' dir='ltr'>ἀπατᾶσοε</span> <span class='ocrx_word' id='word_1_738' title='bbox 1598 5554 1690 5605; x_wconf 77' lang='grc' dir='ltr'><strong>ἐπὶ</strong></span> 
     </span>
    </p>
   </div>
   <div class='ocr_carea' id='block_1_104' title="bbox 107 5624 1689 5710">
    <p class='ocr_par' dir='ltr' id='par_1_104' title="bbox 107 5624 1689 5710">
     <span class='ocr_line' id='line_1_104' title="bbox 107 5624 1689 5710; baseline 0.01 -32"><span class='ocrx_word' id='word_1_739' title='bbox 107 5626 198 5698; x_wconf 67' lang='grc' dir='ltr'>τῷ</span> <span class='ocrx_word' id='word_1_740' title='bbox 227 5626 369 5698; x_wconf 76' lang='grc' dir='ltr'>θεῷ,</span> <span class='ocrx_word' id='word_1_741' title='bbox 399 5624 442 5696; x_wconf 80' lang='grc' dir='ltr'><strong>ᾧ</strong></span> <span class='ocrx_word' id='word_1_742' title='bbox 466 5632 747 5686; x_wconf 86' lang='grc' dir='ltr'>πιστεύετε</span> <span class='ocrx_word' id='word_1_743' title='bbox 774 5649 787 5661; x_wconf 92' lang='grc'><strong>·</strong></span> <span class='ocrx_word' id='word_1_744' title='bbox 813 5636 1028 5697; x_wconf 88' lang='grc' dir='ltr'>πάντως</span> <span class='ocrx_word' id='word_1_745' title='bbox 1056 5638 1164 5707; x_wconf 68' lang='grc' dir='ltr'>γὰρ</span> <span class='ocrx_word' id='word_1_746' title='bbox 1193 5636 1382 5708; x_wconf 77' lang='grc' dir='ltr'>αὔριον</span> <span class='ocrx_word' id='word_1_747' title='bbox 1410 5639 1509 5710; x_wconf 75' lang='grc' dir='ltr'>τὴν</span> <span class='ocrx_word' id='word_1_748' title='bbox 1533 5643 1689 5694; x_wconf 81' lang='grc' dir='ltr'>πόλιν</span> 
     </span>
    </p>
   </div>
   <div class='ocr_carea' id='block_1_105' title="bbox 117 5715 1686 5796">
    <p class='ocr_par' dir='ltr' id='par_1_105' title="bbox 117 5715 1686 5796">
     <span class='ocr_line' id='line_1_105' title="bbox 117 5715 1686 5796; baseline 0.011 -27"><span class='ocrx_word' id='word_1_749' title='bbox 117 5715 279 5786; x_wconf 79' lang='grc' dir='ltr'>ὑμῶν</span> <span class='ocrx_word' id='word_1_750' title='bbox 311 5722 716 5792; x_wconf 70' lang='grc' dir='ltr'>καταλήψομαι.</span> <span class='ocrx_word' id='word_1_751' title='bbox 741 5744 758 5774; x_wconf 80' lang='grc' dir='ltr'><strong>ι</strong></span> <span class='ocrx_word' id='word_1_752' title='bbox 801 5725 863 5777; x_wconf 83' lang='lat' dir='ltr'><strong>Ol</strong></span> <span class='ocrx_word' id='word_1_753' title='bbox 895 5726 950 5777; x_wconf 76' lang='grc' dir='ltr'>δὲ</span> <span class='ocrx_word' id='word_1_754' title='bbox 990 5728 1086 5796; x_wconf 74' lang='grc' dir='ltr'>τῆς</span> <span class='ocrx_word' id='word_1_755' title='bbox 1118 5729 1326 5791; x_wconf 78' lang='grc' dir='ltr'>πόλεως</span> <span class='ocrx_word' id='word_1_756' title='bbox 1364 5731 1686 5786; x_wconf 66' lang='grc' dir='ltr'>διακούσαν-</span> 
     </span>
    </p>
   </div>
   <div class='ocr_carea' id='block_1_106' title="bbox 1794 4559 3355 4634">
    <p class='ocr_par' dir='ltr' id='par_1_106' title="bbox 1794 4559 3355 4634">
     <span class='ocr_line' id='line_1_106' title="bbox 1794 4559 3355 4634; baseline 0.004 -23"><span class='ocrx_word' id='word_1_757' title='bbox 1794 4559 2079 4627; x_wconf 83' lang='lat' dir='ltr'><strong>proferens</strong></span> <span class='ocrx_word' id='word_1_758' title='bbox 2123 4560 2322 4614; x_wconf 69' lang='lat' dir='ltr'><strong>mtenia</strong></span> <span class='ocrx_word' id='word_1_759' title='bbox 2369 4559 2570 4614; x_wconf 89' lang='lat' dir='ltr'><strong>obibat.</strong></span> <span class='ocrx_word' id='word_1_760' title='bbox 2614 4560 2898 4631; x_wconf 82' lang='lat' dir='ltr'><strong>Chaganus</strong></span> <span class='ocrx_word' id='word_1_761' title='bbox 2929 4569 3120 4616; x_wconf 31' lang='lat' dir='ltr'><strong>{autem</strong></span> <span class='ocrx_word' id='word_1_762' title='bbox 3158 4564 3355 4634; x_wconf 81' lang='lat' dir='ltr'><strong>Scytha</strong></span> 
     </span>
    </p>
   </div>
   <div class='ocr_carea' id='block_1_107' title="bbox 1793 4653 3354 4723">
    <p class='ocr_par' dir='ltr' id='par_1_107' title="bbox 1793 4653 3354 4723">
     <span class='ocr_line' id='line_1_107' title="bbox 1793 4653 3354 4723; baseline 0.004 -21"><span class='ocrx_word' id='word_1_763' title='bbox 1793 4664 1858 4703; x_wconf 79' lang='lat' dir='ltr'><strong>ex</strong></span> <span class='ocrx_word' id='word_1_764' title='bbox 1913 4665 1973 4703; x_wconf 87' lang='lat' dir='ltr'><strong>ea</strong></span> <span class='ocrx_word' id='word_1_765' title='bbox 2029 4660 2198 4718; x_wconf 86' lang='lat' dir='ltr'><strong>parte,</strong></span> <span class='ocrx_word' id='word_1_766' title='bbox 2245 4667 2348 4720; x_wconf 90' lang='lat' dir='ltr'><strong>qua</strong></span> <span class='ocrx_word' id='word_1_767' title='bbox 2386 4662 2581 4705; x_wconf 87' lang='lat' dir='ltr'><strong>terram</strong></span> <span class='ocrx_word' id='word_1_768' title='bbox 2636 4653 2833 4706; x_wconf 73' lang='lat' dir='ltr'><strong>mwnia</strong></span> <span class='ocrx_word' id='word_1_769' title='bbox 2885 4662 3149 4721; x_wconf 89' lang='lat' dir='ltr'><strong>spectant,</strong></span> <span class='ocrx_word' id='word_1_770' title='bbox 3180 4653 3354 4723; x_wconf 89' lang='lat' dir='ltr'><strong>impe-</strong></span> 
     </span>
    </p>
   </div>
   <div class='ocr_carea' id='block_1_108' title="bbox 1796 4741 3356 4806">
    <p class='ocr_par' dir='ltr' id='par_1_108' title="bbox 1796 4741 3356 4806">
     <span class='ocr_line' id='line_1_108' title="bbox 1796 4741 3356 4806; baseline 0.001 -14"><span class='ocrx_word' id='word_1_771' title='bbox 1796 4747 1908 4793; x_wconf 92' lang='lat' dir='ltr'><strong>tum</strong></span> <span class='ocrx_word' id='word_1_772' title='bbox 1949 4741 2001 4793; x_wconf 91' lang='lat' dir='ltr'><strong>in</strong></span> <span class='ocrx_word' id='word_1_773' title='bbox 2035 4741 2376 4795; x_wconf 86' lang='lat' dir='ltr'><strong>Constantini</strong></span> <span class='ocrx_word' id='word_1_774' title='bbox 2413 4743 2600 4795; x_wconf 87' lang='lat' dir='ltr'><strong>urbem</strong></span> <span class='ocrx_word' id='word_1_775' title='bbox 2624 4741 2768 4806; x_wconf 81' lang='lat' dir='ltr'><strong>facit,</strong></span> <span class='ocrx_word' id='word_1_776' title='bbox 2808 4742 2898 4795; x_wconf 88' lang='lat' dir='ltr'><strong>tali</strong></span> <span class='ocrx_word' id='word_1_777' title='bbox 2950 4758 3012 4795; x_wconf 88' lang='lat' dir='ltr'><strong>ac</strong></span> <span class='ocrx_word' id='word_1_778' title='bbox 3045 4752 3187 4795; x_wconf 84' lang='lat' dir='ltr'><strong>tanta</strong></span> <span class='ocrx_word' id='word_1_779' title='bbox 3216 4745 3356 4796; x_wconf 87' lang='lat' dir='ltr'><strong>mul-</strong></span> 
     </span>
    </p>
   </div>
   <div class='ocr_carea' id='block_1_109' title="bbox 1793 4830 3354 4900">
    <p class='ocr_par' dir='ltr' id='par_1_109' title="bbox 1793 4830 3354 4900">
     <span class='ocr_line' id='line_1_109' title="bbox 1793 4830 3354 4900; baseline 0.003 -17"><span class='ocrx_word' id='word_1_780' title='bbox 1793 4830 2025 4885; x_wconf 90' lang='lat' dir='ltr'><strong>titudine</strong></span> <span class='ocrx_word' id='word_1_781' title='bbox 2078 4833 2315 4900; x_wconf 91' lang='lat' dir='ltr'><strong>undique</strong></span> <span class='ocrx_word' id='word_1_782' title='bbox 2364 4833 2530 4885; x_wconf 87' lang='lat' dir='ltr'><strong>armis</strong></span> <span class='ocrx_word' id='word_1_783' title='bbox 2585 4842 2722 4887; x_wconf 85' lang='lat' dir='ltr'><strong>tecta</strong></span> <span class='ocrx_word' id='word_1_784' title='bbox 2779 4843 2835 4886; x_wconf 88' lang='lat' dir='ltr'><strong>et</strong></span> <span class='ocrx_word' id='word_1_785' title='bbox 2863 4833 3088 4895; x_wconf 91' lang='lat' dir='ltr'><strong>munita,</strong></span> <span class='ocrx_word' id='word_1_786' title='bbox 3159 4843 3217 4888; x_wconf 89' lang='lat' dir='ltr'><strong>ut</strong></span> <span class='ocrx_word' id='word_1_787' title='bbox 3260 4837 3354 4889; x_wconf 92' lang='lat' dir='ltr'><strong>uni</strong></span> 
     </span>
    </p>
   </div>
   <div class='ocr_carea' id='block_1_110' title="bbox 1793 4918 3354 4990">
    <p class='ocr_par' dir='ltr' id='par_1_110' title="bbox 1793 4918 3354 4990">
     <span class='ocr_line' id='line_1_110' title="bbox 1793 4918 3354 4990; baseline 0.002 -18"><span class='ocrx_word' id='word_1_788' title='bbox 1793 4918 2036 4973; x_wconf 76' lang='lat' dir='ltr'><strong>Romano</strong></span> <span class='ocrx_word' id='word_1_789' title='bbox 2085 4921 2346 4974; x_wconf 84' lang='lat' dir='ltr'><strong>adversus</strong></span> <span class='ocrx_word' id='word_1_790' title='bbox 2389 4922 2574 4974; x_wconf 89' lang='lat' dir='ltr'><strong>decem</strong></span> <span class='ocrx_word' id='word_1_791' title='bbox 2609 4921 2835 4990; x_wconf 72' lang='lat' dir='ltr'><strong>Scythas</strong></span> <span class='ocrx_word' id='word_1_792' title='bbox 2859 4922 3202 4990; x_wconf 84' lang='lat' dir='ltr'><strong>pugnandum</strong></span> <span class='ocrx_word' id='word_1_793' title='bbox 3240 4922 3354 4976; x_wconf 88' lang='lat' dir='ltr'><strong>fue-</strong></span> 
     </span>
    </p>
   </div>
   <div class='ocr_carea' id='block_1_111' title="bbox 1793 5010 3354 5081">
    <p class='ocr_par' dir='ltr' id='par_1_111' title="bbox 1793 5010 3354 5081">
     <span class='ocr_line' id='line_1_111' title="bbox 1793 5010 3354 5081; baseline 0.003 -19"><span class='ocrx_word' id='word_1_794' title='bbox 1793 5010 1882 5064; x_wconf 85' lang='lat' dir='ltr'><strong>rit.</strong></span> <span class='ocrx_word' id='word_1_795' title='bbox 1903 5010 2171 5064; x_wconf 80' lang='lat' dir='ltr'><strong>Cteterum</strong></span> <span class='ocrx_word' id='word_1_796' title='bbox 2197 5010 2630 5081; x_wconf 77' lang='lat' dir='ltr'><strong>inexpugnabilis</strong></span> <span class='ocrx_word' id='word_1_797' title='bbox 2663 5011 2748 5063; x_wconf 88' lang='lat' dir='ltr'><strong>illa</strong></span> <span class='ocrx_word' id='word_1_798' title='bbox 2782 5013 3165 5081; x_wconf 63' lang='lat' dir='ltr'><strong>propugnatrix</strong></span> <span class='ocrx_word' id='word_1_799' title='bbox 3189 5028 3354 5080; x_wconf 90' lang='lat' dir='ltr'><strong>opera</strong></span> 
     </span>
    </p>
   </div>
   <div class='ocr_carea' id='block_1_112' title="bbox 1791 5103 3354 5172">
    <p class='ocr_par' dir='ltr' id='par_1_112' title="bbox 1791 5103 3354 5172">
     <span class='ocr_line' id='line_1_112' title="bbox 1791 5103 3354 5172; baseline 0.003 -18"><span class='ocrx_word' id='word_1_800' title='bbox 1791 5117 2085 5170; x_wconf 87' lang='lat' dir='ltr'><strong>paucorum</strong></span> <span class='ocrx_word' id='word_1_801' title='bbox 2144 5103 2396 5167; x_wconf 91' lang='lat' dir='ltr'><strong>militum,</strong></span> <span class='ocrx_word' id='word_1_802' title='bbox 2443 5104 2534 5172; x_wconf 88' lang='lat' dir='ltr'><strong>qui</strong></span> <span class='ocrx_word' id='word_1_803' title='bbox 2577 5111 2733 5156; x_wconf 85' lang='lat' dir='ltr'><strong>erant</strong></span> <span class='ocrx_word' id='word_1_804' title='bbox 2778 5103 2834 5156; x_wconf 93' lang='lat' dir='ltr'><strong>in</strong></span> <span class='ocrx_word' id='word_1_805' title='bbox 2885 5103 3084 5172; x_wconf 82' lang='lat' dir='ltr'><strong>templo</strong></span> <span class='ocrx_word' id='word_1_806' title='bbox 3132 5104 3250 5172; x_wconf 86' lang='lat' dir='ltr'><strong>ejus</strong></span> <span class='ocrx_word' id='word_1_807' title='bbox 3289 5106 3354 5158; x_wconf 89' lang='lat' dir='ltr'><strong>ad</strong></span> 
     </span>
    </p>
   </div>
   <div class='ocr_carea' id='block_1_113' title="bbox 1791 5193 3356 5263">
    <p class='ocr_par' dir='ltr' id='par_1_113' title="bbox 1791 5193 3356 5263">
     <span class='ocr_line' id='line_1_113' title="bbox 1791 5193 3356 5263; baseline 0.004 -19"><span class='ocrx_word' id='word_1_808' title='bbox 1791 5193 1996 5246; x_wconf 91' lang='lat' dir='ltr'><strong>fontem</strong></span> <span class='ocrx_word' id='word_1_809' title='bbox 2027 5201 2328 5259; x_wconf 82' lang='lat' dir='ltr'><strong>exstructo,</strong></span> <span class='ocrx_word' id='word_1_810' title='bbox 2372 5194 2635 5263; x_wconf 90' lang='lat' dir='ltr'><strong>plurimos</strong></span> <span class='ocrx_word' id='word_1_811' title='bbox 2662 5209 2727 5248; x_wconf 81' lang='lat' dir='ltr'><strong>ex</strong></span> <span class='ocrx_word' id='word_1_812' title='bbox 2758 5193 2862 5248; x_wconf 85' lang='lat' dir='ltr'><strong>illis</strong></span> <span class='ocrx_word' id='word_1_813' title='bbox 2882 5195 3188 5249; x_wconf 87' lang='lat' dir='ltr'><strong>trucidavit.</strong></span> <span class='ocrx_word' id='word_1_814' title='bbox 3223 5194 3356 5251; x_wconf 87' lang='lat' dir='ltr'><strong>llinc</strong></span> 
     </span>
    </p>
   </div>
   <div class='ocr_carea' id='block_1_114' title="bbox 1793 5283 3354 5355">
    <p class='ocr_par' dir='ltr' id='par_1_114' title="bbox 1793 5283 3354 5355">
     <span class='ocr_line' id='line_1_114' title="bbox 1793 5283 3354 5355; baseline 0.004 -20"><span class='ocrx_word' id='word_1_815' title='bbox 1793 5283 2024 5337; x_wconf 80' lang='lat' dir='ltr'><strong>Romani</strong></span> <span class='ocrx_word' id='word_1_816' title='bbox 2057 5285 2256 5338; x_wconf 87' lang='lat' dir='ltr'><strong>animis</strong></span> <span class='ocrx_word' id='word_1_817' title='bbox 2291 5286 2601 5355; x_wconf 89' lang='lat' dir='ltr'><strong>resumptis,</strong></span> <span class='ocrx_word' id='word_1_818' title='bbox 2633 5296 2687 5338; x_wconf 90' lang='lat' dir='ltr'><strong>et</strong></span> <span class='ocrx_word' id='word_1_819' title='bbox 2713 5301 2823 5354; x_wconf 68' lang='lat' dir='ltr'><strong>pra!</strong></span> <span class='ocrx_word' id='word_1_820' title='bbox 2872 5286 3067 5355; x_wconf 84' lang='lat' dir='ltr'><strong>gaudio</strong></span> <span class='ocrx_word' id='word_1_821' title='bbox 3095 5289 3354 5342; x_wconf 74' lang='lat' dir='ltr'><strong>exsilien-</strong></span> 
     </span>
    </p>
   </div>
   <div class='ocr_carea' id='block_1_115' title="bbox 1793 5375 3352 5446">
    <p class='ocr_par' dir='ltr' id='par_1_115' title="bbox 1793 5375 3352 5446">
     <span class='ocr_line' id='line_1_115' title="bbox 1793 5375 3352 5446; baseline 0.003 -19"><span class='ocrx_word' id='word_1_822' title='bbox 1793 5383 1904 5437; x_wconf 88' lang='lat' dir='ltr'><strong>tes,</strong></span> <span class='ocrx_word' id='word_1_823' title='bbox 1959 5375 2096 5429; x_wconf 91' lang='lat' dir='ltr'><strong>duce</strong></span> <span class='ocrx_word' id='word_1_824' title='bbox 2133 5384 2187 5429; x_wconf 91' lang='lat' dir='ltr'><strong>et</strong></span> <span class='ocrx_word' id='word_1_825' title='bbox 2240 5376 2461 5444; x_wconf 77' lang='lat' dir='ltr'><strong>au3pice</strong></span> <span class='ocrx_word' id='word_1_826' title='bbox 2509 5376 2708 5429; x_wconf 80' lang='lat' dir='ltr'><strong>invicta</strong></span> <span class='ocrx_word' id='word_1_827' title='bbox 2767 5377 3024 5446; x_wconf 79' lang='lat' dir='ltr'><strong>Deipara,</strong></span> <span class='ocrx_word' id='word_1_828' title='bbox 3073 5380 3352 5434; x_wconf 88' lang='lat' dir='ltr'><strong>victoriam</strong></span> 
     </span>
    </p>
   </div>
   <div class='ocr_carea' id='block_1_116' title="bbox 1789 5462 3353 5536">
    <p class='ocr_par' dir='ltr' id='par_1_116' title="bbox 1789 5462 3353 5536">
     <span class='ocr_line' id='line_1_116' title="bbox 1789 5462 3353 5536; baseline 0.003 -21"><span class='ocrx_word' id='word_1_829' title='bbox 1789 5462 1856 5516; x_wconf 90' lang='lat' dir='ltr'><strong>de</strong></span> <span class='ocrx_word' id='word_1_830' title='bbox 1902 5462 2006 5515; x_wconf 91' lang='lat' dir='ltr'><strong>illis</strong></span> <span class='ocrx_word' id='word_1_831' title='bbox 2052 5463 2282 5532; x_wconf 81' lang='lat' dir='ltr'><strong>gloriose</strong></span> <span class='ocrx_word' id='word_1_832' title='bbox 2335 5462 2683 5530; x_wconf 87' lang='lat' dir='ltr'><strong>reportabant</strong></span> <span class='ocrx_word' id='word_1_833' title='bbox 2721 5481 2734 5516; x_wconf 90' lang='lat'><strong>:</strong></span> <span class='ocrx_word' id='word_1_834' title='bbox 2766 5480 2999 5534; x_wconf 90' lang='lat' dir='ltr'><strong>cumque</strong></span> <span class='ocrx_word' id='word_1_835' title='bbox 3051 5467 3196 5521; x_wconf 66' lang='lat' dir='ltr'><strong>cives</strong></span> <span class='ocrx_word' id='word_1_836' title='bbox 3243 5468 3353 5536; x_wconf 87' lang='lat' dir='ltr'><strong>jam</strong></span> 
     </span>
    </p>
   </div>
   <div class='ocr_carea' id='block_1_117' title="bbox 1795 5553 3354 5626">
    <p class='ocr_par' dir='ltr' id='par_1_117' title="bbox 1795 5553 3354 5626">
     <span class='ocr_line' id='line_1_117' title="bbox 1795 5553 3354 5626; baseline 0.005 -24"><span class='ocrx_word' id='word_1_837' title='bbox 1795 5562 1952 5622; x_wconf 79' lang='lat' dir='ltr'><strong>pacta</strong></span> <span class='ocrx_word' id='word_1_838' title='bbox 1997 5562 2050 5606; x_wconf 86' lang='lat' dir='ltr'><strong>et</strong></span> <span class='ocrx_word' id='word_1_839' title='bbox 2087 5553 2287 5607; x_wconf 63' lang='lat' dir='ltr'><strong>foedera</strong></span> <span class='ocrx_word' id='word_1_840' title='bbox 2341 5553 2479 5608; x_wconf 90' lang='lat' dir='ltr'><strong>inire</strong></span> <span class='ocrx_word' id='word_1_841' title='bbox 2515 5555 2832 5625; x_wconf 83' lang='lat' dir='ltr'><strong>cogitarent,</strong></span> <span class='ocrx_word' id='word_1_842' title='bbox 2893 5557 3162 5626; x_wconf 87' lang='lat' dir='ltr'><strong>repulsam</strong></span> <span class='ocrx_word' id='word_1_843' title='bbox 3217 5557 3354 5610; x_wconf 87' lang='lat' dir='ltr'><strong>tule-</strong></span> 
     </span>
    </p>
   </div>
   <div class='ocr_carea' id='block_1_118' title="bbox 1789 5643 3353 5716">
    <p class='ocr_par' dir='ltr' id='par_1_118' title="bbox 1789 5643 3353 5716">
     <span class='ocr_line' id='line_1_118' title="bbox 1789 5643 3353 5716; baseline 0.003 -19"><span class='ocrx_word' id='word_1_844' title='bbox 1789 5654 1934 5698; x_wconf 92' lang='lat' dir='ltr'><strong>runt.</strong></span> <span class='ocrx_word' id='word_1_845' title='bbox 1969 5643 2160 5698; x_wconf 83' lang='lat' dir='ltr'><strong>Aiebat</strong></span> <span class='ocrx_word' id='word_1_846' title='bbox 2205 5644 2350 5698; x_wconf 90' lang='lat' dir='ltr'><strong>enim</strong></span> <span class='ocrx_word' id='word_1_847' title='bbox 2387 5645 2709 5716; x_wconf 84' lang='lat' dir='ltr'><strong>Chaganus:</strong></span> <span class='ocrx_word' id='word_1_848' title='bbox 2750 5666 2766 5698; x_wconf 82' lang='grc' dir='ltr'><strong>ι</strong></span> <span class='ocrx_word' id='word_1_849' title='bbox 2805 5645 2882 5700; x_wconf 83' lang='lat' dir='ltr'><strong>Ne</strong></span> <span class='ocrx_word' id='word_1_850' title='bbox 2921 5647 3197 5709; x_wconf 87' lang='lat' dir='ltr'><strong>fallannni,</strong></span> <span class='ocrx_word' id='word_1_851' title='bbox 3231 5647 3353 5701; x_wconf 79' lang='lat' dir='ltr'><strong>freti</strong></span> 
     </span>
    </p>
   </div>
   <div class='ocr_carea' id='block_1_119' title="bbox 1791 5733 3352 5797">
    <p class='ocr_par' dir='ltr' id='par_1_119' title="bbox 1791 5733 3352 5797">
     <span class='ocr_line' id='line_1_119' title="bbox 1791 5733 3352 5797; baseline 0.003 -11"><span class='ocrx_word' id='word_1_852' title='bbox 1791 5733 1918 5797; x_wconf 85' lang='lat' dir='ltr'><strong>Deo,</strong></span> <span class='ocrx_word' id='word_1_853' title='bbox 1954 5734 2038 5788; x_wconf 89' lang='lat' dir='ltr'><strong>cui</strong></span> <span class='ocrx_word' id='word_1_854' title='bbox 2101 5733 2320 5787; x_wconf 85' lang='lat' dir='ltr'><strong>creditis</strong></span> <span class='ocrx_word' id='word_1_855' title='bbox 2357 5752 2368 5787; x_wconf 95' lang='lat'><strong>:</strong></span> <span class='ocrx_word' id='word_1_856' title='bbox 2401 5745 2548 5791; x_wconf 87' lang='lat' dir='ltr'><strong>certe</strong></span> <span class='ocrx_word' id='word_1_857' title='bbox 2595 5737 2740 5792; x_wconf 88' lang='lat' dir='ltr'><strong>enim</strong></span> <span class='ocrx_word' id='word_1_858' title='bbox 2779 5751 2898 5790; x_wconf 89' lang='lat' dir='ltr'><strong>cras</strong></span> <span class='ocrx_word' id='word_1_859' title='bbox 2953 5737 3138 5790; x_wconf 90' lang='lat' dir='ltr'><strong>urbem</strong></span> <span class='ocrx_word' id='word_1_860' title='bbox 3190 5750 3352 5791; x_wconf 81' lang='lat' dir='ltr'><strong>occu-</strong></span> 
     </span>
    </p>
   </div>
  </div>
