3818 6346
75 480 201 545 1353

895 471 1110 531 ΗΥΜΝ
1119 470 1213 530 US
1259 465 1752 528 ACATHISTUS.
1782 491 1849 500 —
1875 465 2192 538 QUERCII
2231 467 2467 528 ΝΟΤίΈ.

3177 461 3315 526 1354

69 609 221 662 μενον
245 585 537 642 Σωσθένιον
563 583 828 652 γίνονται,
864 583 1028 635 κάκεῖ
1056 579 1260 650 ἀνέμου
1312 577 1501 648 βορέου
1531 594 1628 629 κα·
1658 599 1672 638 Α

1758 578 1908 644 isset,
1976 579 2240 648 pluraque
2305 593 2372 632 ex
2428 591 2618 632 eorum
2669 575 2898 648 navigiis
2947 576 3194 632 dill‘raeta
3263 588 3318 632 et

65 678 432 751 ταρράγέντος,
468 673 536 727 τὰ
565 670 737 726 πολλὰ
759 669 865 723 τῶν
900 669 1100 722 πλοίων
1131 667 1306 720 αὐτῶν
1336 666 1626 736 διερῤάγη,

64 771 154 824 καὶ
189 766 546 838 διεφθάρησαν
568 781 582 794 ο
610 765 658 816 οἱ
683 763 739 816 δὲ
769 759 1213 832 περιλειφθέντες
1243 757 1387 829 λιμῷ
1412 757 1629 828 σφοδρῷ

65 861 396 933 περιέπεσον,
458 857 534 920 ὡς
573 855 669 909 καὶ
703 854 1062 926 ἀνθρωπίνων
1121 851 1340 922 σαρκῶν
1367 849 1628 920 ἅψασθαι,

64 950 260 1022 κόπριά
283 966 339 1002 τε
371 949 569 1018 φυρᾷν,
620 945 714 999 καὶ
745 943 947 996 ἐσθίειν
971 958 984 972 ·
1042 937 1162 994 εἷτα
1199 941 1482 1010 φυγόντες,
1536 939 1632 992 καὶ

65 1047 202 1098 κατὰ
224 1044 280 1096 τὺ
304 1043 525 1108 Αἰγαῖον
551 1038 834 1108 γενόμενοι
857 1035 1116 1104 πέλαγος,
1138 1035 1209 1087 τὰ
1235 1033 1417 1104 σκάφη
1450 1031 1632 1087 αὐτῶν

65 1137 294 1198 ἅπαντα,
315 1133 408 1187 καὶ
431 1131 658 1192 ἑαυτοὺς
683 1128 761 1198 τῷ
781 1129 880 1198 τῆς
911 1125 1194 1195 θαλάσσης
1221 1124 1426 1178 διδοῦσι
1459 1122 1628 1194 βυθῷ·

65 1225 270 1295 χάλαζα
299 1221 676 1295 γὰρ-ῥαγδαία
729 1216 1022 1290 οὐρανόθεν
1069 1214 1478 1278 καταπεσοῦσα,
1538 1215 1634 1267 καὶ⁹

68 1315 302 1388 βρασμὸν
373 1315 514 1367 κατά
575 1313 676 1382 τῆς
734 1309 1012 1377 θαλάσσης
1044 1307 1322 1377 ποιήσασα
1370 1305 1468 1376 τὴν
1523 1304 1634 1357 τῶν

65 1406 264 1460 πλοίων
314 1406 516 1458 πίσσαν
544 1403 776 1465 διέλυσε,
812 1399 908 1454 καὶ
965 1397 1138 1461 οὕτως
1165 1399 1193 1450 6
1221 1394 1636 1468 ἀπειροπληθὴς

64 1500 267 1560 ἐκεῖνος
313 1496 499 1559 στόλος
557 1492 799 1557 διώλολε,
837 1489 1006 1561 τριῶν
1052 1488 1233 1559 μόνων
1261 1489 1342 1552 εἰς
1373 1487 1636 1556 ἀγγελίαν

64 1588 540 1660 περιλειφθέντων.

137 1679 234 1732 Διὰ
259 1679 430 1732 ταῦτα
461 1678 644 1731 τοίνυν
697 1675 912 1730 ἅπαντα
945 1673 1014 1730 τὰ
1048 1671 1302 1744 ὑπερφυῆ
1357 1669 1637 1740 Θαυμάσιά

64 1772 166 1842 τῆς
189 1773 484 1838 πανάγνου,
517 1771 610 1823 καὶ
626 1769 970 1840 Θεομήτορος
994 1767 1091 1838 τὴν
1123 1763 1408 1836 παροῦσαν
1439 1763 1636 1834 ἑορτὴν

64 1862 392 1932 ἑορτάζομεν
419 1877 432 1890 ·
475 1858 819 1924 Ἂκάθιστος
855 1859 912 1911 δὲ
935 1859 1175 1928 εἴρηται,
1203 1855 1339 1909 διότι
1367 1851 1630 1924 ὀρθοστά-

1733 671 2018 726 submersa
2059 679 2216 724 sunt:
2253 679 2308 724 at
2337 668 2585 723 residuos
2629 676 2778 721 tanta
2810 667 2982 722 fames
3031 667 3198 738 C(Bpil
3229 668 3316 722 in-

1731 779 1965 830 cessere,
2012 772 2072 816 ut
2121 761 2189 816 ab
2223 777 2321 816 esu
2362 762 2724 816 humanarum
2769 758 3013 814 carnium
3058 759 3164 814 sibi
3202 775 3317 814 non

1691 885 1696 888 -
1733 863 2124 925 temperarent,
2168 853 2576 922 commistisque
2635 852 2972 907 stercoribus
3020 864 3316 906 vesceren-

1735 952 1842 998 tur.
1894 943 2101 999 Deinde
2134 954 2350 1014 arrepta
2405 943 2534 1014 fuga
2580 959 2706 997 cum
2764 943 2818 997 in
2865 942 3108 1014 Egmum
3165 957 3316 998 mare

1733 1037 2135 1106 pervenissent,
2167 1051 2358 1090 omnes
2382 1050 2509 1090 suas
2538 1050 2726 1101 naves,
2778 1034 3001 1104 insuper
3025 1044 3080 1088 et
3111 1034 3319 1104 seipsos

1739 1127 1796 1181 in
1852 1127 2186 1196 profundum
2238 1127 2649 1198 praecipitarunt
2698 1143 2711 1180 :
2751 1126 2957 1198 grando
3011 1127 3158 1182 enim
3208 1127 3319 1180 vio-

1734 1214 1882 1270 lenta
1923 1230 1953 1270 e
1998 1216 2137 1271 coelo
2185 1216 2426 1287 delapsa,
2478 1216 2862 1287 fervoremque
2919 1217 3084 1272 maris
3130 1217 3319 1272 conci-

1735 1317 1882 1372 tans,
1915 1308 2092 1377 picem
2137 1310 2478 1380 navigiorum
2502 1309 2771 1364 dissolvit.
2807 1310 2900 1364 Sic
2936 1310 3199 1364 immensa
3233 1311 3320 1363 illa

1736 1399 1924 1455 classis
1953 1400 2216 1470 disperiit,
2253 1403 2427 1456 tribus
2447 1402 2730 1469 duntaxat,
2744 1402 2837 1472 qui
2870 1402 3042 1458 cladis
3067 1403 3319 1457 nuntium

1737 1491 2031 1560 referrent,
2063 1493 2471 1564 superstitibus.

1808 1673 2042 1744 Propter
2071 1673 2188 1729 haec
2228 1673 2394 1746 igitur
2423 1683 2532 1728 tam
2583 1671 2902 1728 admiranda
2951 1687 2982 1726 a
3017 1670 3322 1726 castissima

1736 1765 1835 1822 Dei
1891 1766 2168 1823 Genitrice
2213 1782 2380 1836 opera
2441 1775 2652 1835 patrata
2693 1774 3016 1835 praesentem
3065 1763 3211 1818 diem
3244 1762 3323 1816 fe-

1741 1865 1887 1910 stum
1941 1855 2306 1910 celebramus.
2361 1855 2665 1908 Acalhistus
2707 1868 2876 1918 vero,
2925 1851 3080 1921 quasi
3127 1867 3322 1906 carens

61 1928 163 2026 δην
193 1928 306 2009 τότέ
355 1955 462 2016 πᾶς
510 1954 539 2006 ό
585 1952 716 2015 λαὸς
773 1948 915 2004 κατὰ
942 1949 1041 2019 τὴν
1073 1947 1246 2000 νύκτα
1279 1947 1497 2016 ἐκείνην
1542 1945 1635 1998 τὸν
1667 1929 1672 1984 Ῑ

1756 1946 2014 2011 sessione,
2041 1946 2222 2000 dictus
2267 1955 2370 2011 est,
2403 1945 2546 2014 quod
2577 1953 2724 2000 totus
2758 1944 2991 2014 populus
3022 1953 3133 1998 tota
3165 1951 3327 1998 nocte

63 2047 230 2115 ὕμνον
256 2047 319 2114 τῇ
342 2041 437 2096 τοῦ
454 2041 627 2110 Λόγου
659 2040 842 2110 Μητρὶ
872 2037 1112 2109 ἔμελψαν
1131 2052 1146 2066 '
1184 2037 1279 2090 καὶ
1307 2037 1388 2089 ὅτι
1413 2037 1474 2089 ἐν
1507 2036 1646 2088 πᾶσι

61 2139 176 2200 τοῖς
203 2136 383 2198 ἄλλοις
412 2134 586 2197 οἴκοις
617 2131 892 2202 καθῆσθαι
921 2130 982 2196 ὲξ
1007 2129 1163 2193 ἔθους
1201 2127 1436 2198 ἔχοντες,
1456 2129 1514 2181 ὲν
1532 2130 1645 2191 τοῖς

64 2227 298 2296 παροῦσι
344 2226 446 2296 τῆς
474 2225 816 2295 Θεομήτορος
857 2222 1008 2294 ὀρθοὶ
1061 2221 1262 2284 πάντες
1291 2219 1642 2292 ἁκροώμεθα.

63 2323 202 2383 Ταῖς
265 2319 364 2389 τῆς
426 2318 525 2387 σῆς
583 2316 904 2386 ὑπερμάχου
972 2330 1031 2367 τε
1056 2352 1073 2378 ,
1131 2313 1228 2366 καὶ
1283 2312 1643 2384 άπροσμάχου

63 2409 288 2480 Μητρὸς
327 2406 668 2479 πρεσϐείαις,
697 2403 902 2477 Χριστὲ
927 2405 956 2457 ό
992 2400 1146 2467 Θεὸς,
1177 2401 1288 2454 τῶν
1322 2399 1644 2470 περικειμέ-

62 2521 174 2558 νων
221 2502 314 2555 xui.
358 2501 510 2572 ἡμᾶς
554 2496 864 2560 ἀπάλλαξον
925 2493 1245 2569 συμφορῶν,
1279 2492 1375 2546 καὶ
1417 2491 1640 2564 ἐλέησον

62 2596 239 2668 ἡμᾶς,
263 2595 338 2657 ὼς
375 2591 534 2664 μόνος
567 2587 966 2661 φιλάνθρωπος.

141 2846 260 2902 Jam
289 2859 352 2898 ea
380 2841 582 2905 omnia,
610 2854 735 2910 quae
783 2839 930 2894 circa
987 2836 1258 2910 Hymnum
1310 2835 1648 2892 Acatbistum

64 2937 178 2991 dici
213 2940 458 3004 possent,
477 2909 646 2986 babes
672 2930 730 2984 in
759 2929 862 2984 hac
887 2909 1652 2983 narra'tioti‘e‘luculentissime

65 3039 310 3094 expensa
358 3036 420 3076 ac
461 3021 852 3076 demonstrata.
897 3018 1371 3088 Supervacaneum
1426 3019 1651 3074 omnino

64 3125 242 3180 esset,
297 3113 380 3170 vel
427 3128 493 3168 ea
526 3112 616 3166 bic
664 3125 982 3181 congerere,
1027 3124 1149 3178 quae
1193 3117 1383 3163 contra
1427 3107 1651 3163 Junium

65 3208 308 3264 solerter
345 3204 626 3260 adnotavit
665 3201 976 3266 Gretserus,
1011 3210 1068 3255 ut
1123 3201 1246 3271 ejus
1299 3188 1647 3255 allucinatio-

65 3317 203 3357 nem
237 3299 377 3354 circa
403 3295 657 3352 Acathisti
690 3294 1189 3350 denominationem
1237 3295 1538 3348 evinceret.
1577 3291 1648 3345 ll-
1677 3335 1720 3392 ο

63 3391 171 3448 lud
208 3400 387 3445 tamen
438 3388 600 3443 velim
647 3385 1069 3450 animadvertas,
1120 3399 1263 3438 anne
1319 3384 1410 3437 illa
1461 3383 1647 3448 verba,

66 3482 282 3554 quibus
314 3479 554 3534 narratio
593 3477 882 3542 clauditur,
913 3477 1037 3528 Ὅτι
1060 3476 1118 3528 ὲν
1144 3477 1280 3528 πᾶσι
1307 3477 1420 3538 τοῖς
1471 3473 1650 3537 ἄλλοις

65 3573 251 3634 οἴκοις
278 3569 544 3638 καθῆσθαι
598 3567 659 3632 ἐξ
713 3565 868 3629 ἔθους
901 3565 1134 3636 ἔχοντες,
1168 3566 1226 3618 ἐν
1262 3567 1376 3629 τοῖς
1419 3564 1652 3636 παροῦσι

61 3665 176 3732 τῆς
204 3661 570 3730 Θεομήτορος,
606 3657 758 3727 ὀρθοὶ
797 3657 999 3720 πάντες
1027 3655 1376 3728 άκροώμεθα,
1417 3673 1472 3711 κ.
1510 3673 1564 3708 τ.
1598 3655 1650 3710 λ.

62 3756 277 3811 melius
327 3755 398 3809 ita
431 3759 778 3808 verterentur
810 3768 824 3805 :
850 3749 988 3816 Quia
1020 3752 1076 3804 in
1104 3751 1226 3804 aliis
1247 3749 1483 3804 omnibus
1506 3749 1654 3805 Oeeis

62 3846 366 3900 recitandis
391 3846 445 3898 in
471 3859 615 3898 more
641 3843 910 3908 habemus,
956 3851 1014 3896 ut
1042 3843 1356 3904 sedeamus;
1405 3842 1462 3896 in
1516 3841 1655 3894 hisce

63 3946 281 3999 autem,
313 3937 404 4006 qui
421 3938 490 3990 ad
520 3934 810 4005 Deiparam
835 3943 1090 4004 spectant,
1126 3942 1324 3988 stantes
1357 3950 1533 3988 omnes
1552 3951 1654 3988 au-

62 4029 388 4093 scultamus,
415 4037 518 4086 etc.
551 4026 768 4080 Scilicet
797 4026 924 4081 dum
965 4041 996 4079 a
1029 4025 1312 4080 sacerdote
1358 4027 1653 4098 leguntur;

62 4121 224 4193 quod
255 4128 403 4189 patet
431 4134 494 4173 ex
524 4119 682 4173 titulo
713 4117 888 4173 eidem
919 4115 1130 4188 Hymno
1164 4117 1218 4170 in
1248 4117 1468 4172 Triodio
1514 4133 1656 4187 prte-

63 4213 283 4284 posito,
333 4214 381 4263 οί
411 4211 564 4264 αὐτοὶ
586 4210 641 4262 δὲ
678 4205 816 4262 οἶκοι
839 4208 1092 4278 λέγονται
1119 4209 1267 4278 παρὰ
1304 4207 1397 4262 τοῦ
1434 4209 1654 4278 ἱερέως·

63 4304 180 4371 ipsi
203 4311 387 4356 autent
411 4300 530 4356 Oeci
549 4318 582 4353 a
612 4301 879 4353 sacerdote
904 4299 1213 4353 recitantur.
1252 4298 1539 4354 Gretserus
1560 4313 1657 4353 vo-

61 4408 199 4448 cem
231 4392 405 4454 οἱκοις
431 4390 665 4444 reddidit
685 4391 902 4455 aedibus,
929 4389 1136 4444 scilicet
1159 4389 1360 4458 templis
1384 4388 1614 4460 Virginis
1640 4407 1656 4458 ;

61 4501 178 4555 ego
206 4499 344 4538 vero
373 4482 439 4536 de
461 4481 649 4544 οἴκοις,
677 4481 847 4547 Occis,
881 4481 1081 4550 quibus
1107 4490 1358 4535 constare
1389 4479 1658 4550 Hymnum

60 4571 430 4627 Acatbistum
453 4570 564 4641 jam
608 4577 768 4624 antea
803 4569 1149 4624 observatum
1170 4577 1272 4634 est,
1301 4569 1390 4625 hic
1436 4569 1519 4641 agi
1548 4585 1658 4625 non

1745 2037 1939 2094 stando
1998 2037 2258 2108 hymnum
2327 2037 2573 2108 Deiparae
2620 2037 2963 2092 concinuerit
3007 2052 3020 2089 :
3073 2036 3326 2106 quodque

1746 2143 1872 2182 cum
1903 2128 1959 2181 in
1990 2128 2109 2183 aliis
2129 2129 2389 2183 omnibus
2413 2129 2622 2184 aedibus
2650 2144 2716 2184 ex
2749 2144 2900 2183 more
2926 2128 3118 2184 sedere
3142 2128 3322 2192 liceat,

1748 2217 1803 2272 in
1849 2218 1974 2273 istis
2008 2219 2208 2276 divinae
2237 2219 2444 2286 Matris,
2483 2222 2650 2276 erecti
2671 2237 2863 2277 omnes
2881 2230 3088 2276 stantes
3109 2222 3328 2276 auscul-

1752 2313 1932 2359 tamus
1962 2321 1976 2356 :
2015 2307 2270 2376 precibus
2302 2309 2762 2386 propugnatricis,
2794 2319 2848 2365 et
2879 2311 3093 2366 invictae
3142 2311 3329 2366 Matris

1750 2403 1878 2462 tute,
1935 2397 2158 2452 Christe
2213 2398 2380 2466 Deus,
2435 2400 2504 2454 ab
2541 2400 2960 2456 imminentibus
3014 2417 3116 2456 nos
3160 2403 3326 2458 libera

1745 2487 2165 2556 calamitatibus,
2215 2498 2272 2546 et
2345 2491 2608 2548 miserere
2659 2493 2834 2560 nobis,
2883 2503 3136 2565 tanquam
3180 2497 3328 2549 solus

1747 2581 1986 2636 clemens
2013 2590 2066 2637 et
2094 2582 2422 2640 misericors.

1751 2835 1987 2891 dubito:
2031 2836 2083 2891 id
2110 2836 2257 2892 enim
2286 2835 2406 2908 ipse
2448 2837 2506 2892 in
2535 2818 2756 2896 Triodio
2815 2837 3006 2893 titulus
3056 2839 3186 2894 satis
3230 2838 3328 2893 de-

1751 2929 1961 2984 clarat:
2035 2930 2507 3001 ’Δναγινώσκομεν
2543 2931 2653 2985 ἀπὸ
2705 2929 2813 2984 τῶν
2853 2931 3029 2985 Οῖκων
3063 2937 3139 2996 ς’,
3177 2931 3332 2985 ἱστά-

1756 3022 1896 3092 μεθα
1928 3021 1984 3075 δὲ
2019 3024 2103 3086 εις
2125 3023 2330 3077 τούτων
2354 3022 2660 3091 ἀνάγνωσιν
2682 3039 2698 3054 ο
2759 3021 3031 3093 Leguntur
3058 3022 3216 3092 primi
3241 3036 3334 3076 se:

1752 3110 1893 3174 Oeci,
1953 3121 2002 3166 et
2062 3122 2286 3178 stamus,
2335 3115 2462 3167 dum
2515 3128 2697 3167 eorum
2745 3114 2807 3182 ﬁt
2862 3113 3034 3167 lectio.
3077 3113 3148 3166 At
3174 3127 3326 3175 vero,

1752 3203 2000 3271 quamvis
2053 3203 2185 3258 satis
2238 3218 2510 3274 superque
2560 3205 2628 3259 de
2673 3205 2970 3270 Abaribus,
3031 3215 3194 3274 atque
3262 3206 3330 3260 de

1753 3289 1965 3362 Hymno
2014 3291 2297 3348 Acatbisto
2340 3293 2605 3348 hactenus
2650 3293 2855 3347 dictum
2904 3294 3006 3358 sit;
3054 3295 3330 3349 nihilomi-

1751 3398 1877 3446 nus,
1909 3391 1967 3437 ut
2014 3399 2124 3438 uno
2162 3384 2438 3439 volumine
2462 3385 2856 3454 comprehensa
2884 3385 3185 3444 habeantur
3207 3401 3328 3441 om-

1702 3492 1705 3493 ν
1753 3473 1863 3537 nia,
1912 3489 2034 3542 qua:
2097 3475 2164 3530 ad
2208 3475 2412 3544 bellum
2452 3476 2744 3530 Abaricum
2793 3477 3172 3532 illustrandum
3227 3478 3330 3532 ali-

1752 3563 1882 3633 quid
1931 3564 2182 3620 conferre
2240 3577 2496 3636 possunt,
2547 3567 2813 3637 superiori
2867 3569 3107 3625 historia:
3163 3585 3195 3624 e
3233 3572 3330 3642 Sy-

1753 3657 1976 3712 naxario
2025 3657 2360 3729 deprompta:
2410 3660 2760 3730 prolixiorem
2809 3661 3056 3729 alteram,
3089 3679 3248 3733 quam
3273 3665 3330 3718 in

1754 3749 2088 3805 Bibliotheca
2138 3750 2394 3806 Bavarica
2427 3759 2643 3808 exstare
2694 3761 2926 3810 testatus
2963 3764 3050 3809 est
3107 3755 3332 3811 Gretse-

1755 3857 1869 3907 rus,
1929 3850 1983 3896 et
2025 3841 2218 3896 Frane.
2279 3841 2638 3899 Combeﬂsius
2690 3859 2722 3900 e
2785 3845 2918 3900 Cod.
2987 3845 3334 3903 Bibliotheca:

1756 3931 1938 4004 Regia:
1963 3933 2233 4004 evolgavit
2254 3933 2309 3987 in
2329 3934 2471 3988 Hist.
2499 3935 2778 3988 Monothel.
2815 3951 2938 4006 pag.
2967 3935 3092 4002 805,
3127 3939 3212 3991 hic
3233 3939 3332 3993 ad-

1751 4023 1922 4092 jicere
1949 4024 2242 4089 voluimus,
2274 4035 2333 4079 ut
2361 4033 2418 4078 et
2446 4026 2499 4079 in
2529 4036 2783 4094 promptu
2812 4027 3016 4082 babeas
3071 4029 3332 4100 quidquid

1757 4131 1930 4184 usque
1959 4115 2026 4170 ad
2069 4123 2394 4185 praesentem
2425 4116 2565 4170 diem
2594 4115 2649 4170 in
2676 4118 2776 4172 bac
2807 4133 2864 4173 re
2891 4129 3225 4189 protractum
3251 4135 3337 4178 est

1758 4208 1814 4262 in
1845 4207 2044 4274 lucem,
2075 4217 2129 4263 et
2162 4223 2343 4263 rerum
2389 4207 2802 4265 CPolitanarum
2852 4213 3102 4270 collectio
3149 4226 3336 4271 nostra

1759 4313 1890 4354 cura
1917 4299 2010 4353 ﬁat
2042 4299 2360 4369 locupletior
2389 4309 2446 4355 et
2489 4302 2804 4358 absolutior.
2840 4303 3018 4360 Facile
3052 4323 3184 4362 vero
3207 4323 3337 4363 scn-

1761 4391 1864 4445 ties
1907 4391 2241 4461 praemissam
2299 4393 2665 4449 narrationem
2726 4411 2848 4452 esse
2877 4400 3156 4468 sequentis
3185 4416 3338 4454 com-

1760 4483 2068 4554 pendium:
2129 4492 2412 4555 utramque
2455 4495 2635 4541 autem
2693 4503 2817 4543 cum
2867 4488 3061 4546 Pisidae
3088 4504 3340 4562 poemate

1764 4583 1871 4629 tam
1909 4574 2050 4630 bene
2082 4577 2414 4644 consentire,
2449 4586 2508 4633 ut
2536 4594 2601 4634 ex
2629 4596 2695 4636 eo
2723 4580 2968 4637 conﬂatm
3005 4583 3309 4638 videantur.

57 4703 376 4786 Animam:
425 4701 738 4790 ὠφέλιμος-ί
767 4702 852 4790 ex
899 4701 1170 4790 adlatas
1219 4704 1486 4790 ἱστορίας
1506 4706 1936 4790 ῇᾳυξλεγεῖοςα,
1986 4710 2087 4790 grai
2143 4711 2494 4790 άςάμνησιν
2543 4713 2816 4790 δηλοῦσα
2846 4717 3356 4790 τοῦνπαραδόξως.

141 4774 487 4896 Fregerat)
523 4775 846 4840 θαύματος-ο
881 4773 1063 4839 ἡνίκα
1091 4773 1335 4840 Πέρσαι,
1372 4776 1468 4828 καὶ
1497 4773 1786 4858 βάρϐαροι
1824 4773 1940 4846 τὴν
1965 4773 2510 4867 βασιλίδιίταέῖην
2538 4773 2719 4840 πόλιν
2747 4773 3343 4868 περιεβεύκλῖυσαιλξήοῖ

187 4843 220 4895 ἐ
251 4843 569 4914 ἀπωλωτο
599 4844 762 4914 θείας
779 4841 964 4914 Amm”
990 4845 1391 4914 πεφαθέντεσ
1414 4845 1452 4910 ἡ
1476 4845 1544 4914 δέ
1581 4846 1758 4911 πόλις
1805 4847 2026 4914 ἀσινης
2053 4855 2500 4914 συντηρηθεισα
2528 4859 2873 4914 πρεσϐείαις
2889 4875 2996 4914 της
3025 4862 3340 4914 Θεοτόκου.

142 4867 220 4896 οδ
251 4867 569 4895 αοῖωνιυντυ
599 4867 762 4906 vatur;
790 4867 964 4907 υικης
990 4867 1391 4910 πειρασεντες*
1414 4867 1452 4910 ἠ
1476 4867 1544 4897 οε
1581 4867 1758 4911 πολις
1805 4867 2026 4915 amri);
2053 4867 2500 4920 συντηρηυεισα
2528 4867 2873 4924 πρεσϐείαις
2889 4867 2996 4926 τῆς
3025 4867 3340 4926 Scordisci),

142 4913 411 4977 ἐτησίως
454 4913 523 4964 ἐκ
552 4913 684 4964 τότε
727 4910 855 4978 ᾄδει
906 4913 1384 4982 εὐχαριστήριον,
1429 4912 1758 4968 ἀκάθιστον
1794 4916 1909 4984 τὴν
1943 4919 2170 4988 ἡμέραν
2198 4923 2697 4991 κατονομάζουσα.

65 5025 244 5081 Utilis
283 5024 523 5106 narratio
549 5040 577 5078 e
611 5025 770 5106 veterni
824 5025 1035 5106 collecta
1078 5027 1297 5106 historia
1351 5043 1540 5106 gnavum
1571 5029 1883 5106 miraculum
1934 5031 1988 5106 in
2041 5033 2346 5106 memoriam
2393 5052 2658 5103 revocans,
2697 5056 2762 5092 ac
2789 5041 3085 5106 declarans,
3147 5045 3362 5099 editum:

145 5111 281 5180 eunt
309 5093 503 5174 Persae,
534 5110 598 5146 ac
625 5093 856 5180 [iarbam
886 5097 1065 5180 urbem
1094 5099 1229 5179 hanc
1258 5098 1476 5180 regiam.
1494 5100 1844 5180 obsedissent;
1894 5103 1991 5180 qui
2014 5111 2061 5155 et
2088 5104 2374 5180 perierunt,
2403 5106 2579 5180 diuino
2630 5093 3348 5180 aerugine"315.315.1513}

147 5165 400 5251 interim,
435 5179 593 5251 quam
637 5165 754 5251 Dei.
780 5166 1006 5251 genitria:
1044 5168 1152 5251 suis
1211 5165 1662 5251 intercessionibus
1701 5165 1925 5251 servavit
1961 5165 2496 5251 .inco'ium_em,A_—uotis
2549 5181 2740 5233 annuis
2777 5165 3348 5251 θναιιαὶιίἡῖἶὲιὲὸιῐίὲ

147 5234 376 5287 cantica
407 5234 591 5286 exinde
611 5234 920 5299 exsoleente,
963 5236 1018 5288 in
1048 5238 1190 5290 dicta
1239 5239 1314 5291 rei
1356 5237 1510 5306 hujus
1531 5239 1615 5292 die
1643 5241 2030 5304 anniversaria,
2062 5243 2160 5312 τῆς
2187 5243 2483 5298 ἀκαθίστου
2521 5251 2747 5305 nomine.

161 5351 264 5402 Ἐν
311 5351 424 5412 τοῖς
467 5349 680 5420 χρόνοις
721 5351 1044 5421 Ἡρακλείου
1085 5353 1180 5406 τοῦ
1235 5354 1342 5407 τῶν
1379 5355 1667 5425 Ῥωμαίων

1841 5357 2271 5417 Administrante
2303 5361 2549 5420 Heraclio
2576 5382 2690 5421 rem
2725 5367 3043 5437 Romanam,
3081 5372 3350 5430 Cbosroes

61 5438 386 5512 βασιλέως,
443 5441 690 5509 Χοσρόης
747 5443 776 5494 ὁ
824 5441 936 5493 τῶν
997 5444 1223 5512 Περσῶν
1287 5445 1462 5516 ἀρχὴν
1507 5445 1665 5517 ἔχων,

56 5529 382 5585 ἀπέστειλε
441 5530 720 5603 Σάρὸαρον
750 5531 915 5584 αὑτοῦ
967 5535 1270 5604 στρατηγὸν
1313 5537 1454 5605 μετὰ
1510 5537 1672 5598 δυνά-

62 5637 241 5692 μεως
313 5620 557 5690 βαρείας,
610 5624 792 5677 πᾶσαν
847 5625 946 5694 τὴν
991 5626 1096 5678 ὑπὸ
1151 5626 1446 5697 Ῥωμαίοις
1499 5628 1673 5684 Ἐὡαν

61 5710 493 5780 καταδραμεῖν,
518 5712 676 5783 δίκην
713 5716 960 5784 σκηπτοῦ
990 5734 1134 5781 τινος
1167 5719 1532 5788 ὲμπιπρῶντα
1579 5723 1672 5775 καὶ

59 5801 472 5856 κατακαίοντα
519 5808 612 5856 καὶ
657 5806 1024 5875 ἀφανίζονταο
1072 5804 1226 5874 οὗτος
1279 5812 1419 5866 κατὰ
1472 5814 1674 5885 πολλὴν

59 5890 284 5944 ἄδειαν
338 5893 436 5960 τὴν
475 5892 648 5949 Ἐὠαν
702 5896 999 5966 λεηλατῶν,
1057 5900 1149 5954 καὶ
1205 5901 1506 5972 ὀλοθρεύων
1548 5907 1673 5971 τους

329 5983 600 6049 Parnon.
648 5990 761 6049 Gn.
796 5992 974 6053 XCll.

1775 5448 2061 5505 Persarum
2095 5469 2185 5506 rex
2234 5453 2527 5512 Sarbarum
2577 5459 2729 5516 misit
2759 5476 2885 5518 cum
2943 5466 3128 5522 multis
3175 5470 3349 5540 copiis

1776 5558 1935 5599 suum
1973 5544 2190 5610 ducem,
2236 5546 2328 5616 qui
2378 5546 2684 5608 Orientales
2734 5569 2927 5613 omnes
2969 5555 3198 5614 Romani
3245 5561 3350 5614 im-

1777 5637 1910 5707 perii
1944 5639 2249 5708 provincias
2281 5654 2616 5712 excurreret,
2651 5647 2797 5704 haud
2846 5650 3008 5706 aliter
3057 5667 3122 5707 ac
3171 5652 3351 5724 fulgur

1775 5729 2045 5796 quoddam
2131 5733 2311 5789 omnia
2375 5734 2781 5804 incendentem,
2841 5743 3235 5808 absumentem,
3287 5761 3351 5799 ac

1777 5819 2172 5877 destruentem.
2215 5823 2312 5880 llic
2355 5842 2546 5884 secure
2614 5831 2905 5887 admodum
2955 5842 3117 5904 atque
3183 5836 3353 5892 libere

1778 5911 2053 5969 Orientem
2103 5917 2481 5990 depopulatus,
2521 5925 2592 5979 ac
2651 5924 2825 5980 obviis
2891 5926 3195 5998 quibusque
3245 5930 3352 5987 llo-

2999 6021 3070 6083 43
