3818 6346
453 430 591 495 1355

1776 412 2093 474 GEORGII
2131 410 2405 471 PISIDE

3627 400 3752 465 133-6

455 544 654 608 mauis,
693 537 908 593 nemine
948 533 1294 605 prohibente,
1338 529 1523 600 cjusve
1577 528 1682 582 late
1737 528 2037 598 proceden-

2237 524 2659 595 νατυγχάνοντας
2691 525 2838 596 αὐτῷ
2877 523 3205 594 Ῥωμαίους,
3235 523 3478 587 οὐδενὸς

441 649 564 692 ‘tcm
617 635 878 702 impetum
916 625 1242 686 retardante,
1282 619 1642 675 internecioni
1675 619 1851 674 datis:
1878 618 2037 689 quip-

453 745 524 801 pe
555 743 678 782 cum
718 723 973 776 Romana:
1019 719 1160 771 vires
1185 715 1341 769 valdc
1373 713 1598 783 dejecta’.
1643 719 1846 772 essent,
1895 709 2038 779 ejus,

454 800 546 892 qui
576 816 864 888 imperium
888 811 1190 866 Romanum
1230 802 1472 878 regebat,
1501 803 1815 875 gravissima
1847 816 1911 856 ac
1956 800 2040 856 fe-

455 915 574 969 rina
599 909 918 965 crudelitate
949 902 1164 975 tyranni
1190 900 1384 954 Phoca:
1403 898 1504 953 viri
1525 896 1774 951 militaris
1799 894 1998 949 attrita:
2021 933 2037 960 ,

449 1003 852 1063 Chalcedoncm
887 997 1132 1058 veniens,
1163 995 1217 1048 in
1255 1009 1317 1048 ea
1341 991 1599 1060 deinceps
1629 988 1828 1043 vallum
1864 986 2041 1057 ponit,

451 1110 620 1171 atque
671 1101 980 1166 opportuna
1037 1089 1220 1144 omnia
1259 1086 1326 1140 ad
1379 1097 1628 1154 magnam
1679 1080 1822 1134 hanc
1890 1079 2040 1134 obsi-

455 1170 688 1249 dendam
747 1187 1023 1242 civitatem
1059 1178 1301 1250 disponit
1337 1195 1350 1232 :
1405 1176 1478 1232 ita
1537 1174 1684 1229 enim
1719 1173 1794 1228 illi
1835 1170 2041 1229 consti-

459 1295 636 1339 tutum
675 1289 812 1343 erat,
848 1279 1059 1346 hocque
1083 1272 1258 1328 modis
1285 1269 1544 1325 omnibus
1574 1267 1847 1323 studebat.
1912 1264 2042 1319 llaec

456 1379 647 1433 videns
689 1371 990 1434 lleraclius,
1021 1367 1111 1438 qui
1139 1380 1312 1434 nuper
1336 1370 1459 1434 post
1487 1371 1774 1432 tyrannum
1805 1359 2040 1413 Phocam

458 1470 668 1542 imperii
723 1467 962 1538 regimen
1013 1467 1348 1528 susceperat,
1393 1456 1549 1511 valde
1598 1455 1814 1519 anxius,
1861 1453 2041 1525 gravi-

457 1577 563 1633 que
594 1559 781 1616 dolore
835 1555 1084 1618 allectus,
1145 1549 1331 1604 relicta
1376 1545 1544 1616 regia,
1564 1545 1808 1601 collectis
1837 1543 2041 1598 Roma-

459 1654 545 1709 nis
600 1649 812 1721 copiis,
865 1659 986 1716 quzc
1021 1639 1348 1711 superstites
1389 1644 1586 1699 erant,
1647 1650 1744 1704 per
1805 1633 2041 1688 Pontum

459 1745 731 1802 Euxinum
761 1747 1007 1810 repente,
1039 1750 1165 1789 cum
1216 1730 1394 1786 Persa:
1440 1727 1580 1783 nihil
1635 1724 2038 1797 cognovissent,

457 1849 648 1890 eorum
700 1830 977 1901 regionem
1032 1821 1260 1878 invadit.
1305 1818 1532 1890 Cognita
1603 1825 1786 1871 autem
1831 1815 2042 1885 Chaga—

457 1941 563 1984 nus
599 1924 799 1996 Scytha
827 1915 1170 1989 imperatoris
1233 1910 1617 1983 expeditione,
1663 1907 1848 1963 statim
1887 1905 2041 1976 Operi

459 2017 702 2080 insistit;
737 2028 799 2068 ac
833 2026 980 2065 mare
1019 2005 1238 2078 quidem
1287 2000 1557 2074 Scythicis
1585 1998 1761 2068 replet
1789 2004 2043 2067 monoty-

459 2105 529 2161 lis
581 2101 857 2164 lintribus,
892 2097 973 2152 sic
1025 2093 1257 2149 barbara
1291 2105 1422 2146 voce
1478 2086 1830 2157 nuncupatis,
1895 2085 2043 2156 quod

457 2210 524 2252 ex
573 2207 683 2249 uno
727 2189 1002 2261 praelongo
1061 2186 1227 2256 ligno,
1262 2179 1615 2237 tumultuario
1661 2179 1812 2235 velut
1854 2192 2043 2249 opere,

453 2287 706 2344 confecta
737 2283 866 2346 sint,
898 2291 1094 2335 terram
1145 2290 1276 2331 vero
1329 2273 1572 2345 equestri
1622 2271 1796 2328 milite
1845 2285 1912 2326 ac
1947 2285 2046 2342 pe-

460 2376 626 2434 destri
637 2415 650 2430 .

533 2469 756 2540 Sergius
805 2465 1028 2520 interim
1085 2459 1428 2533 patriarcha,
1492 2457 1752 2530 populum
1801 2457 1858 2512 in
1911 2455 2048 2512 urbe

461 2563 608 2635 regia
634 2559 994 2616 constitutum
1026 2554 1213 2610 multis
1235 2552 1576 2618 hortabatur,
1603 2550 1964 2620 docebatque,
1989 2556 2050 2605 ut

461 2670 532 2709 ne
563 2652 760 2707 animis
793 2648 1168 2705 conciderent.
1211 2666 1228 2696 ε
1267 2643 1562 2708 Confidite,
1592 2642 1796 2705 aiebat,
1839 2641 1953 2706 ﬁlii,
1993 2649 2050 2696 et

461 2747 518 2801 in
551 2744 722 2797 Deum
755 2741 931 2795 solum
965 2746 1170 2792 nostra:
1197 2749 1350 2804 spem
1381 2731 1574 2788 salutis
1607 2730 1933 2792 referamus,
1963 2736 2049 2782 at-

461 2850 571 2907 que
606 2833 673 2888 ad
705 2847 854 2894 eum,
880 2842 1078 2884 manus
1130 2841 1195 2880 ac
1235 2825 1424 2880 oculos
1452 2839 1520 2878 ex
1548 2830 1663 2877 toto
1687 2821 1874 2876 animo
1897 2820 2052 2874 leve-

461 2941 610 2991 mus,
638 2933 694 2978 et
723 2923 840 2992 ipse
868 2920 1010 2975 mala
1046 2917 1331 2980 dissolvet,
1380 2931 1504 2986 quae
1541 2929 1645 2970 nos
1673 2914 2052 2969 circumstete—

460 3025 614 3077 runt.
633 3029 696 3074 ac
720 3013 905 3069 omnia
935 3011 1226 3065 adversum
1253 3021 1357 3061 nos
1375 3005 1743 3060 Barbarorum
1765 3002 2052 3072 dissipabit

463 3106 710 3162 consilia.
739 3122 759 3154 ι
796 3103 892 3156 His
923 3100 1097 3170 Sergii
1121 3098 1472 3154 sermonibus
1499 3096 1772 3150 animatus
1793 3094 2050 3165 populus,

2138 633 2251 681 τος,
2276 616 2308 687 ἢ
2343 617 2442 689 τὴν
2469 617 2561 670 ἐπὶ
2590 617 2728 670 πολὺ
2760 616 2932 687 φοράν
2961 616 3124 670 αὑτοῦ
3159 617 3638 678 ἀνακύπτον-τος⁸
3669 616 3752 667 ir:

2139 709 2248 762 τῶν
2280 709 2606 780 Ῥωμαϊκῶν
2628 710 2913 780 δυνάμεων
2949 709 3184 780 μάλιστα
3209 710 3750 778 τεταπεινωμένων,

2139 804 2206 872 τῇ
2237 801 2518 874 βαρυτάτῃ
2559 803 2653 855 καὶ
2703 801 2961 872 θηριώδει
3013 801 3259 872 ὠμότητι
3311 800 3411 854 τοῦ
3441 801 3754 870 τηνικαῦτα

2140 894 2239 963 τὴν
2280 893 2572 963 Ῥωμαίων
2602 893 2881 956 διέποντος
2908 894 3106 964 ἀρχὴν,
3137 893 3230 946 τοῦ
3253 893 3560 963 τυράννῡυ
3599 894 3754 944 Φωκὶ

2141 982 2236 1036 τοῦ
2289 983 2666 1053 στρατιώτου,
2705 983 2922 1054 φθάσας
2987 985 3066 1047 εἰς
3110 983 3486 1054 Χαλκηδόνα,
3549 985 3754 1036 τίθεται

2142 1074 2328 1128 λοιπὸν
2359 1077 2447 1129 ἐπ’
2479 1075 2650 1146 αὐτῆς
2679 1076 2920 1147 χάρακα,
2940 1077 3034 1130 καὶ
3059 1076 3236 1130 πάντα
3253 1077 3326 1128 τά
3350 1079 3509 1147 πρὶς
3543 1076 3757 1144 1:01:29-

2143 1167 2266 1223 κίαν
2293 1169 2499 1238 ταύτης
2527 1168 2626 1239 τῆς
2665 1169 3084 1240 μεγαλοπόλεως
3123 1171 3563 1242 ἐξευτρεπίζει·
3608 1171 3754 1224 τοῦτο

2142 1259 2252 1330 γὰρ
2301 1259 2452 1330 αύτῷ
2479 1262 2571 1314 καὶ
2605 1259 2944 1330 βεϐούλευτο,
2989 1262 3083 1315 καὶ
3111 1262 3303 1332 τρόπῳ
3339 1263 3530 1315 παντὶ
3567 1264 3756 1315 ﬁmo-

2142 1351 2354 1416 δάζετο.
2386 1351 2569 1405 Ταῦτα
2593 1352 2735 1423 ὁρῶν
2786 1354 2815 1404 ὁ
2853 1350 3196 1425 Ἡράκλειος,
3225 1351 3372 1422 μετὰ
3401 1352 3514 1406 τὸν
3559 1370 3754 1423 τυραν-

2143 1445 2386 1515 νήσαντα
2449 1446 2645 1499 Φωκάν
2677 1445 2804 1516 άρτι
2837 1447 2935 1517 τῆς
2968 1445 3248 1516 βασιλείας
3305 1446 3756 1516 ἐπειλημμένος,

2145 1535 2353 1608 σφόδρα
2385 1537 2711 1609 περιαλγὴς,
2769 1537 2863 1590 καὶ
2898 1537 3210 1600 κατώδυνος
3261 1538 3558 1607 γεγονὼς,
3587 1541 3754 1593 λιπὼν

2143 1628 2212 1682 τὰ
2241 1627 2514 1699 βασίλεια,
2543 1629 2632 1683 διὰ
2661 1629 2754 1683 τοῦ
2800 1629 3028 1695 Εὐξίνου
3049 1632 3251 1685 Πόντου
3279 1633 3642 1700 συναγαγὼν
3667 1637 3754 1695 τάς

2145 1719 2225 1775 ἐτι
2255 1722 2557 1794 περιούσας
2583 1722 2693 1776 τῶν
2729 1724 3154 1794 στρατευμάτων
3184 1723 3488 1794 δυνάμεις,
3549 1725 3756 1796 ἁθρόως

2145 1813 2298 1867 οὐδὲν
2332 1814 2728 1885 προμαθόντων
2754 1818 2812 1869 ἐν
2839 1816 3082 1886 Περσίδι,
3100 1818 3165 1887 τῇ
3192 1815 3353 1887 χώρᾳ
3381 1817 3755 1887 «90666.11:-

2149 1905 2312 1972 γνοὺς
2352 1904 2410 1958 δέ
2449 1904 2548 1977 τὴν
2598 1906 2962 1977 ἐκστρατείαν
3009 1905 3106 1960 τοῦ
3150 1907 3431 1976 βασιλέως
3465 1911 3500 1962 ὁ
3545 1911 3758 1978 Σκύθης

2148 1996 2422 2066 Χαγάνος,
2452 1997 2615 2061 εὐθὺς
2647 1999 2825 2068 είχετο
2849 1998 3011 2070 ἔργου
3031 2013 3046 2027 ·
3075 1999 3170 2052 καὶ
3190 1999 3291 2069 τὴν
3327 2001 3436 2069 μὲν
3474 2002 3758 2054 θάλασσαν

2150 2084 2354 2140 πλοίων
2387 2086 2625 2157 ἐπλήρου
2652 2087 2762 2140 τῶν
2795 2088 2927 2158 παρ’
2973 2088 3182 2153 αὐτοῖς,
3212 2089 3268 2154 ἃ,
3304 2090 3399 2142 διὰ
3431 2091 3504 2143 τὸ
3545 2091 3610 2156 ἐξ
3645 2095 3756 2154 ἐνὸς

2151 2177 2459 2248 ἐπιμήκους
2492 2177 2873 2249 σχεδιάζεσθαι
2915 2179 3095 2247 ξύλου,
3125 2181 3456 2250 μονόξυλα
3489 2181 3758 2254 βαρεάριει

2154 2272 2308 2342 φωνῇ
2346 2271 2850 2344 προσαγορεύονται
2872 2285 2888 2302 ·
2919 2271 3021 2344 τὴν
3047 2271 3106 2325 δέ
3147 2272 3269 2343 γῆν,
3309 2275 3548 2327 ἱππέων
3576 2293 3640 2329 τε
3667 2279 3755 2328 ut

2153 2360 2358 2426 πεζῶν.

2236 2451 2293 2504 '0
2315 2449 2374 2503 δέ
2405 2450 2548 2506 κατά
2577 2450 2677 2524 τὴν
2699 2451 2947 2524 βασιλίδα
2976 2452 3127 2518 λαὸς,
3149 2455 3254 2509 ὑπὸ
3273 2455 3528 2528 Σεργίου
3550 2458 3646 2512 ταῖς
3664 2460 3756 2530 τήν

2158 2542 2527 2614 πατριαρχίαν
2570 2544 2790 2614 ἔχοντος
2828 2547 2971 2612 τότε,
3009 2547 3182 2601 πολλὰ
3219 2551 3634 2620 παρεκαλεῑτο,
3667 2555 3759 2605 καὶ

2155 2635 2292 2705 πρὸς
2323 2633 2417 2688 τοῦ
2443 2635 2517 2707 μὴ
2546 2635 2765 2690 πίπτειν
2796 2637 3109 2692 ἐδιδάσκετο
3140 2681 3157 2707 ,
3192 2659 3211 2692 ι
3241 2640 3552 2712 supper-.5,
3573 2646 3756 2706 τέκνα,

2153 2723 2406 2793 λέγοντος
2432 2739 2447 2753 ·
2480 2726 2579 2778 καὶ
2611 2727 2773 2796 μόνον
2794 2730 2872 2791 εἰς
2902 2728 3036 2781 Θεὸν
3067 2735 3165 2792 τας
3202 2729 3434 2794 ἐλπίδας
3470 2734 3644 2804 ἡμῶν
3663 2735 3758 2798 τῆς

2156 2815 2432 2887 σωτηρίας
2461 2816 2811 2888 ἀναθώμεθα,
2852 2819 2946 2872 καὶ
3001 2820 3136 2891 πρὸς
3173 2820 3340 2874 αὑτὸν
3403 2826 3636 2891 χεῖρας,
3671 2828 3758 2877 καὶ

2155 2907 2379 2978 ὄμματα
2405 2907 2608 2979 ἐξὸλης
2637 2908 2819 2980 ψυχῆς
2850 2910 3121 2981 αίρωμεν,
3149 2913 3244 2965 καὶ
3286 2913 3463 2977 αὐτὸς
3487 2918 3562 2968 τά
3607 2933 3762 2987 περι·

2159 3000 2506 3070 στοιχίσαντα
2561 3002 2707 3071 ἡμᾶς
2757 3001 2902 3056 κακὰ
2943 3002 3120 3069 λύσει,
3179 3005 3274 3057 καὶ
3312 3006 3508 3059 πάντα
3535 3009 3608 3060 τά
3642 3009 3760 3060 καθ’

2156 3095 2190 3166 ἡ
2200 3092 2317 3164 μῶν
2338 3094 2686 3148 διασκεδάσει
2710 3097 2818 3148 τῶν
2835 3096 3139 3168 Βαρϐάρων
3168 3097 3550 3170 βουλεύματα.
3575 3121 3594 3153 ι
3627 3102 3762 3156 Ταύ-

463 3199 557 3269 qui
589 3205 708 3260 erat
735 3195 790 3250 in
823 3193 979 3258 urbe,
1013 3198 1338 3246 manserunt
1365 3203 1563 3244 omnes
1595 3187 1699 3242 fide
1728 3188 1781 3241 in
1814 3187 2044 3240 inteme-

2237 3201 2272 3248 ,;
2291 3184 2574 3258 θαρρήσας
2607 3187 2722 3250 τοῖς
2751 3187 2933 3257 λόγοις
2961 3191 2991 3242 ὁ
3012 3191 3071 3243 ἐν
3093 3192 3157 3261 τῇ
3184 3190 3340 3244 πόλει
3370 3192 3536 3257 λαὸς,
3571 3194 3765 3264 ἔμενον

459 3299 636 3347 ratam
668 3287 954 3358 Deiparam
983 3284 1424 3352 roborati,atque
1455 3282 1508 3336 in
1541 3296 1687 3344 eum,
1711 3279 1802 3350 qui
1835 3295 1900 3335 ex
1931 3279 2045 3348 ipsa

456 3398 564 3456 per
587 3380 940 3438 clementiam
972 3377 1125 3433 nasci
1165 3375 1356 3440 voluit,
1399 3374 1681 3432 Christum
1721 3373 1893 3427 Deum
1943 3387 2045 3425 no-

461 3486 662 3538 strum,
699 3470 1238 3542 pcrseverabantque
1272 3467 1395 3523 forti
1427 3468 1633 3529 animo,
1666 3473 2049 3535 exspectantes

461 3566 651 3622 videre
687 3561 1116 3618 misericordiam
1146 3561 1267 3628 ejus
1299 3573 1464 3628 super
1490 3558 1672 3627 ipsos.
1697 3571 1860 3625 quam
1895 3554 2048 3608 brevi

463 3663 591 3729 post
617 3653 881 3724 consequi
907 3661 1252 3714 meruerunt,
1281 3665 1383 3705 nec
1407 3649 1564 3705 vacui
1586 3664 1616 3702 a
1645 3663 1744 3703 sua
1774 3662 1871 3719 spe
1899 3646 2050 3702 exci-

463 3747 693 3801 derunt.

531 3835 588 3891 Is
614 3844 823 3901 autem,
863 3831 956 3903 qui
988 3831 1055 3887 ad
1093 3830 1245 3887 urbis
1267 3831 1573 3887 custodiam
1607 3830 1679 3886 ab
1716 3829 2052 3902 imperatore

458 3927 688 3983 relictus
721 3926 921 3989 fuerat,
955 3923 1138 3978 Bonus
1177 3922 1423 3989 nomine,
1461 3922 1600 3977 nihil
1638 3937 1748 3976 non
1786 3921 2052 3978 adversus

465 4016 831 4072 Barbarorum
907 4013 1349 4068 machinamenta
1426 4011 1620 4067 sedulo
1695 4011 2048 4078 moliebatur,

461 4115 685 4177 quanta:
708 4105 856 4159 vires
887 4110 1067 4158 erant.
1090 4099 1215 4156 Vult
1250 4102 1398 4157 enim
1437 4102 1603 4168 Deus,
1640 4111 1698 4158 ut
1739 4117 1822 4166 nc,
1848 4102 2053 4158 inertes

2158 3279 2356 3341 πάντες
2388 3281 2455 3349 τῇ
2490 3278 2674 3332 πίστει
2713 3282 3089 3352 νευρούμενοι,
3119 3286 3186 3354 τῇ
3216 3285 3294 3346 είς
3321 3286 3425 3354 τὴν
3477 3287 3760 3356 ἀχραντεν

2155 3368 2438 3434 Θεοτόκον,
2483 3371 2578 3424 καὶ
2610 3371 2701 3424 τὸν
2731 3372 2789 3438 ἐξ
2830 3373 2999 3444 αὐτῆς
3027 3375 3402 3446 εὐδοκήσαντα
3433 3377 3533 3431 διὰ
3571 3381 3762 3446 ςιλανο

2156 3461 2402 3531 θρωπίαν
2428 3463 2688 3534 τεχθῆναι
2715 3465 2952 3536 Χριστὸν
2975 3468 3072 3520 καί⁸
3091 3467 3226 3521 Θεὸν
3243 3472 3274 3537 ἡ
3285 3469 3406 3536 μῶν
3435 3487 3454 3501 ο
3484 3471 3585 3524 καὶ
3605 3488 3761 3542 προσ·

2149 3551 2433 3624 δεχόμενοι
2465 3555 2524 3607 τὸ
2555 3555 2701 3618 ἔλεος
2745 3556 2912 3609 αὑτοῦ
2944 3557 3071 3610 ίδείν
3101 3559 3188 3610 ἐπ’
3232 3561 3434 3623 αὐτοὺς
3474 3602 3494 3625 ,
3528 3565 3759 3635 ἐκαρτέ-

2159 3661 2285 3716 ρουν
2307 3649 2373 3716 τῇ
2417 3648 2616 3712 ἐλπίδι,
2649 3649 2712 3702 οὗ
2751 3650 2889 3718 μετὰ
2927 3652 3122 3722 μικρὸν
3158 3654 3252 3706 καὶ
3283 3654 3636 3727 ἠξιώθησαν,
3669 3658 3756 3709 καὶ

2155 3737 2255 3808 τῆς
2289 3738 2504 3804 ἐλπίδος
2527 3742 2676 3794 κενοὶ
2701 3743 2800 3795 οὐκ
2820 3742 3100 3807 ἐξέπεσον.

2243 3830 2302 3882 Ὃ
2338 3830 2393 3884 δέ
2435 3833 2587 3904 παρὰ
2627 3832 2893 3904 βασιλέως
2935 3838 3016 3899 εἰς
3079 3836 3333 3908 φυλακὴν
3381 3838 3492 3907 τῆς
3554 3843 3752 3904 tam;

2158 3920 2546 3992 καταλειφθεὶς
2573 3923 2751 3988 Βῶνος
2784 3926 2976 3996 δνομα,
3024 3929 3124 3982 ὅσα
3170 3931 3400 3986 δυνατὸν
3425 3930 3504 4002 ἧν
3529 3935 3752 4005 ἀντιμη-

2162 4012 2454 4084 χανᾶσθαι,
2493 4015 2672 4068 πάντα
2709 4018 2967 4088 πράττων
3017 4023 3110 4075 καὶ
3159 4025 3358 4088 ποιῶν,
3405 4027 3514 4078 οὐκ
3545 4030 3750 4097 ἡμέλει.

2160 4103 2421 4159 Βούλεται
2446 4107 2555 4178 γὰρ
2575 4111 2602 4160 ὁ
2628 4109 2759 4174 Θεὸς
2785 4113 2952 4182 ἡμᾶς,
2983 4115 3056 4184 μὴ
3074 4116 3281 4185 ἀργοὺς
3303 4117 3406 4171 καὶ
3426 4119 3746 4192 ἀπράκτους

465 4207 524 4254 et
557 4197 717 4252 otiosi
748 4196 1130 4261 desideamus;
1183 4195 1280 4249 sed
1325 4203 1382 4250 ut
1412 4196 1578 4250 etiam
1619 4194 1826 4264 aliquid
1871 4209 2052 4263 opera

467 4290 848 4354 conferamus;
884 4296 938 4342 et
965 4296 1024 4341 ut
1053 4287 1306 4356 quasdam
1333 4287 1554 4356 quidem
1584 4301 1616 4341 a
1640 4288 1799 4342 nobis
1829 4286 1933 4356 ipsi
1966 4286 2053 4340 in-

2160 4197 2434 4268 καθῆσθαι
2487 4215 2502 4231 ο
2542 4201 2678 4254 ἀλλά
2711 4220 2761 4255 τι
2796 4205 2889 4257 καὶ
2932 4207 3175 4276 ἐνεργεῖν
3203 4225 3220 4239 ο
3262 4212 3360 4261 καὶ
3412 4211 3752 4263 ἐπικεῖσθαι

2165 4291 2264 4360 μέν
2299 4307 2420 4344 τινα
2456 4292 2549 4344 καὶ
2584 4295 2680 4361 ἀφ’
2734 4296 2914 4366 ἡμῶν,
2956 4299 3047 4350 ἐπ’
3075 4299 3237 4352 αὑτὸν
3287 4301 3348 4354 δὲ
3397 4305 3590 4356 πᾶσαν
3619 4305 3756 4372 ἔχεεν

461 4383 773 4447 ένοιιίοιηυε,
810 4395 874 4436 ac
911 4395 1062 4450 spem
1111 4388 1292 4433 tamen
1332 4393 1551 4433 omnem
1597 4377 1789 4432 salutis
1836 4378 1891 4431 in
1935 4377 2044 4446 ipsc

2237 4383 2438 4452 ιτηρίας
2464 4384 2564 4456 τὴν
2604 4386 2952 4456 προσδοκίαν.
3026 4389 3182 4443 Οὕτω
3212 4393 3308 4444 καὶ
3349 4393 3429 4464 τῷ
3474 4395 3658 4465 ἰησοῦ

453 4476 786 4534 :babeamus.
822 4472 914 4528 Sic
947 4473 1111 4528 etiam
1137 4471 1298 4542 jussit
1340 4470 1470 4526 Jesu
1497 4470 1606 4525 lilio
1631 4470 1801 4536 Nave,
1835 4478 1897 4524 ut
1923 4469 2044 4524 insi-

2237 4471 2314 4524 ,ιδὶ
2342 4472 2518 4544 Ναυῆ,
2555 4475 2778 4546 ἐνέδρας
2817 4479 3041 4549 ποιῆσαι
3070 4478 3212 4532 κατὰ
3260 4481 3365 4549 τῆς
3404 4483 3514 4536 Γαὶ
3557 4486 3758 4537 inarsi-

449 4571 586 4626 dias
611 4557 854 4638 .poncret
876 4565 1137 4620 adversus
1161 4563 1282 4617 tlaii
1327 4564 1367 4627 ³,
1398 4561 1820 4631 Gedeonemque
1851 4563 2044 4632 hydriis

2237 4580 2313 4627 το,
2345 4564 2440 4618 καὶ⁷
2468 4566 2559 4618 τὸν
2590 4566 2796 4621 Γεδεὼν
2829 4569 2973 4623 κατὰ
2995 4570 3100 4624 τῶν
3129 4573 3496 4642 Μαδιηναίων
3529 4577 3757 4648 ὑδρίαις,

465 4658 892 4728 aclampadibus
921 4657 1186 4710 adversus
1213 4652 1536 4708 Madianitas
1557 4653 1578 4684 ⁸
1610 4652 1887 4708 instruxit.
1934 4653 2044 4708 Ca:-

2237 4655 2256 4706 ὶ
2293 4654 2545 4725 λαμπάσι
2593 4657 2912 4722 ἐξώπλισεν.
2982 4661 3127 4714 Ἀλλ’
3165 4665 3194 4716 ὁ
3226 4662 3326 4732 μὲν
3358 4665 3574 4731 Βῶνος,
3609 4671 3760 4736 τείχη

461 4765 646 4809 terum
694 4750 877 4804 Bonus
925 4748 1145 4818 quidem
1194 4746 1474 4799 muniebat
1513 4759 1720 4810 muros,
1763 4744 2044 4814 omniaque

2237 4748 2400 4819 μύρου,
2432 4751 2526 4803 καὶ
2577 4752 2755 4807 πάντα
2786 4755 2855 4808 τὰ
2881 4753 3019 4825 πρὸς
3043 4756 3350 4828 πολεμικὴν
3377 4763 3585 4833 χρείαν
3600 4763 3759 4832 ἐξήρ-

466 4845 610 4902 bello
639 4852 944 4916 opportuna
969 4840 1214 4912 parabat.
1240 4840 1310 4894 At
1337 4837 1559 4910 Sergius
1593 4837 1838 4908 pontifex
1870 4854 2044 4894 sacras

2237 4858 2254 4894 E
2291 4859 2305 4872 ·
2331 4841 2557 4912 Σέργιος
2600 4843 2656 4897 δέ
2687 4847 2714 4898 ὁ
2753 4845 3036 4918 ίεράρχης,
3073 4848 3171 4911 τὰς
3206 4849 3362 4920 ἱεράς
3405 4853 3636 4916 εἰκόνας
3669 4854 3760 4918 τῆς

466 4939 563 4994 Dei
623 4936 920 4993 Genitricis
970 4933 1256 5004 imagines,
1317 4931 1518 5001 quibus
1584 4931 1818 4986 maxime
1874 4930 2044 4986 infans

2237 4933 2524 5006 ομήτορος,
2554 4929 2643 4998 αἷς
2665 4935 2898 5006 μάλιστα
2929 4939 3022 4990 καὶ
3041 4938 3238 5010 βρέφος
3270 4943 3298 4994 ὁ
3323 4942 3530 5014 Σωτὴρ
3563 4943 3758 5010 ﬁgente-

466 5046 684 5102 quoque
728 5030 978 5085 Salvator
1027 5027 1081 5082 in
1130 5025 1272 5080 ulnis
1301 5025 1494 5080 matris
1530 5024 2044 5094 repraesentabatur,

2237 5027 2389 5090 ςθεὶς,
2430 5029 2489 5081 ἐν
2518 5028 2786 5096 ἀγκάλαις
2819 5031 2916 5100 τῆς
2961 5032 3170 5104 μητρὸς
3200 5034 3527 5104 ἐνεςέρετο,
3558 5040 3756 5098 ταυτας

466 5139 755 5179 assumens
789 5135 976 5176 muros
1017 5119 1321 5182 circuibat,
1361 5132 1466 5187 qua
1497 5117 1896 5187 supplicatione
1930 5131 2044 5170 cum

2237 5117 2367 5185 δὼν,
2398 5122 2615 5192 περιῄει
2650 5124 2719 5174 τά
2761 5124 2917 5194 τείχη
2957 5142 2972 5156 ·
3003 5128 3070 5196 τῇ
3107 5127 3204 5195 μὲν
3237 5126 3398 5180 πόλει
3452 5131 3750 5198 ἀστράὶεεατ

455 5216 590 5270 τοι·ὺί
621 5225 863 5270 tutamen
891 5213 1216 5276 concilians,
1250 5219 1365 5264 tum
1411 5208 1668 5264 Barbaris
1716 5225 1780 5264 ac
1811 5209 2044 5263 hostibus

2259 5212 2450 5265 τούτου
2494 5215 2952 5285 περιποιούμενος
2983 5233 2996 5246 ·
3030 5221 3140 5281 τοῖς
3190 5218 3250 5270 δὲ
3295 5220 3622 5292 Βαρὸάροις
3675 5227 3753 5275 καὶ

467 5308 992 5369 consternationem,
1029 5304 1316 5359 interitum
1339 5342 1354 5366 ,
1392 5317 1457 5356 ac
1497 5301 1703 5372 fugam,
1748 5317 1870 5372 quae
1900 5301 2044 5356 brevi

2237 5303 2444 5374 λεμίοις
2467 5306 2718 5376 πτόησιν,
2744 5309 2837 5361 καὶ
2860 5309 3102 5380 ὀλεθρον,
3133 5312 3227 5364 καὶ
3258 5315 3445 5383 φυγήν
3469 5332 3482 5342 ·
3531 5317 3569 5368 ἃ
3589 5319 3752 5368 πάντα

453 5401 549 5457 «οἱς
581 5399 749 5466 illata,
771 5398 1085 5452 omnimodo
1109 5395 1442 5454 exterminio
1465 5394 1706 5450 tradidit.

2237 5399 2359 5470 κρὸν
2385 5397 2510 5450 ὖστε
2521 5416 2609 5470 ρον
2644 5401 2939 5454 ἐπελθόντα
2963 5403 3169 5467 αὐτοῖς,
3187 5404 3486 5476 ἀφανισμῷ
3515 5408 3752 5466 ἅπαντας

2161 5490 2362 5543 δέδωκε
2392 5491 2668 5544 παντελεῖ.

540 5575 811 5646 Quoniam
857 5590 991 5631 vero
1023 5577 1202 5631 Persre
1235 5575 1303 5630 ad
1338 5572 1704 5630 Chalcedonis
1740 5589 1928 5629 muros
1964 5590 2056 5629 ca-

471 5671 789 5737 strametati,
825 5669 1007 5726 omnia
1033 5668 1088 5724 in
1119 5667 1372 5734 circuitu,
1405 5683 1468 5723 ac
1505 5666 1684 5723 vicina
1716 5665 2052 5724 Chalcedoni

544 5868 752 5930 'Josue
779 5888 894 5940 vni,
932 5870 981 5926 Ι.
1062 5874 1081 5904 ³
1114 5869 1294 5927 Judic.
1329 5885 1426 5936 vn,
1458 5867 1542 5925 16.

2233 5577 2297 5635 (li
2320 5582 2464 5635 κατὰ
2492 5583 2590 5654 τὴν
2627 5583 2944 5656 Χαλκηδόνα
2975 5587 3594 5660 στρατοπεδευσάμενοι
3619 5589 3748 5644 Ilio-

2164 5689 2273 5739 σαι,
2306 5671 2542 5744 ἧρξαντο
2584 5674 2884 5746 πυρπολεῖν
2931 5676 3001 5730 τὰ
3050 5675 3213 5749 πέριξ
3244 5677 3349 5749 τῆς
3405 5679 3753 5750 Χαλκηδόνος
