3818 6346
157 453 178 516 1
196 442 310 518 r351

1019 443 1339 504 I-IYMNUS
1379 439 1882 502 ACATIIYSTUS.
1912 463 1980 473 -
2015 437 2332 509 QUERCII
2359 435 2596 496 NOTAE.

3301 430 3440 495 1358

153 569 265 622 καὶ
284 562 681 635 γειτνιάζοντα,
713 558 808 614 uati.
865 553 1042 612 τᾶλλα
1101 559 1280 612 πάντα
1316 559 1512 621 ποιεῖν,
1533 557 1632 609 ὅσα
1661 557 1770 618 τοῖς

1876 559 2156 623 cmperant
2194 551 2301 622 igni
2348 558 2579 614 vastare,
2613 548 2902 619 omniaque
2937 547 3040 602 alia
3088 548 3152 602 iis
3184 559 3444 603 consueta

156 657 477 725 πολιορκεῖν
509 649 870 722 προθεμένοις
900 648 1230 718 ἐργάζεσθαι
1263 647 1492 717 σύνηθες
1528 663 1542 677 ·
1571 646 1753 699 ὡσαύ-

154 765 275 810 τως
307 747 362 800 δὲ
384 745 478 798 κα)⁵
510 744 560 796 οἱ
596 741 801 795 Σκύθαι
831 742 924 793 καὶ
966 739 1264 811 Βᾶρῦαροι,
1293 739 1362 792 τὰ
1393 739 1752 810 παραπλήσια

158 841 282 902 τοῖς
321 837 561 907 Πέρσαις
621 830 904 895 ποιοῦντες
949 830 1252 900 ἐφαίνοντο.
1297 827 1492 883 Λασὼν
1531 829 1690 882 πάλιν
1723 833 1751 883 ὁ

162 929 529 1000 ιίατριὰρχης
583 925 673 978 τὸν
706 923 1125 994 ἀχειροποίητον
1180 924 1352 974 τύπον
1393 920 1487 974 τοῦ
1546 923 1755 993 Κυρίου

169 1021 272 1076 καὶ
323 1021 578 1089 Σωτῆρος
633 1017 792 1087 ἡμῶν
831 1015 1005 1086 Ἰησοῦ
1044 1013 1308 1084 Χριστοῦ,
1365 1001 1462 1067 καλ
1503 1013 1601 1083 τὴν
1661 1012 1759 1082 τῆς

167 1111 447 1180 Παναγίου
482 1110 672 1181 τιμίαν
701 1107 942 1178 ὲσθῆτν
990 1107 1068 1160 ἔτι
1119 1123 1178 1160 τε
1207 1105 1274 1159 τὰ
1309 1104 1547 1170 ζωοποιὰ
1603 1102 1758 1169 ξύλα.

171 1205 267 1259 διὰ
291 1204 401 1257 τῶν
432 1201 630 1273 τειχῶν
659 1200 996 1270 περιήρχετο
1027 1211 1041 1226 ·
1069 1197 1164 1251 καὶ
1202 1196 1341 1267 μετὰ
1381 1195 1634 1266 δακρύων
1678 1193 1760 1257 τὸ,

179 1295 587 1365 Ἐξετέρθητι,
646 1293 859 1361 Κύριε,
921 1290 1108 1358 ἔλεγεν
1158 1288 1614 1361 προσευχόμενος,
1665 1285 1763 1340 καὶ

168 1384 834 1456 διασκορπισθήσονται
887 1384 942 1435 οι
991 1381 1194 1450 ἐχθροί
1240 1395 1392 1434 σου·
1435 1378 1531 1431 καὶ
1577 1376 1768 1431 ἐκλεί-

169 1483 408 1548 ψουσιν
432 1479 512 1544 ὡς
537 1475 787 1540 καπνὸς,
807 1473 904 1528 καὶ
928 1472 1295 1539 τακήσονται
1319 1472 1403 1537 ὡς
1430 1470 1614 1537 κηρὸς
1649 1467 1768 1523 ἀπὸ

169 1567 516 1638 προσώπου
543 1565 756 1636 πυρός.

252 1698 420 1754 Ούπω
457 1699 605 1770 τρεῖς
641 1696 847 1768 ἡμέραι
885 1694 1102 1767 διῆλθον
1145 1694 1248 1765 τῆς
1280 1694 1583 1767 γενομένης
1634 1712 1773 1763 πυρ-

1863 647 2063 710 facere,
2100 646 2297 715 quibus
2326 643 2682 698 constitutum
2722 650 2834 706 est,
2885 652 2944 696 ut
2971 642 3161 695 urbem
3197 641 3440 711 aliquam

1857 745 2196 808 expugnent;
2239 750 2302 790 ac
2337 735 2588 788 similiter
2629 733 2871 794 Barbari,
2915 741 2970 786 et
3003 731 3219 804 Scythre
3255 733 3443 786 eadem

1861 827 2062 897 etipsi,
2095 835 2258 895 atque
2303 823 2482 878 Persa:
2529 822 2709 876 facere
2757 822 3081 875 videbantur
3120 839 3132 874 :
3166 821 3448 890 accipiens

1864 918 2060 972 iterum
2091 916 2396 987 patriarcha
2421 915 2636 970 Domini
2688 931 2750 970 ac
2787 911 3088 968 salvatoris
3119 914 3289 966 nostri
3317 911 3445 966 Jesu

1862 1009 2064 1063 Christi
2094 1007 2380 1078 imaginem
2431 1022 2540 1060 non
2566 1005 2928 1060 manufactam
2976 1003 3074 1075 (I),
3128 1019 3190 1058 ac
3244 1013 3447 1057 vestem

1865 1101 2160 1170 pretiosam
2185 1098 2560 1154 sacratissima:
2579 1095 2779 1161 Marize,
2801 1111 3012 1150 necnon
3050 1095 3210 1148 etiam
3241 1093 3447 1146 vivifica

1864 1193 2030 1262 ligna,
2055 1189 2203 1244 urbis
2238 1204 2423 1243 muros
2451 1186 2736 1247 circuibat.
2791 1201 2852 1240 ac
2883 1201 3004 1240 cum
3041 1184 3296 1256 lacrymis
3318 1199 3446 1238 ora-

1866 1285 1958 1339 bat
1983 1283 2169 1338 dicens
2198 1299 2216 1335 :
2249 1279 2508 1352 Exsurge,
2541 1279 2780 1339 Domine,
2815 1288 2864 1332 et
2907 1277 3307 1347 dissipabuntur
3342 1277 3449 1329 ini-

1869 1374 1990 1426 mici
2020 1373 2096 1424 tui
2129 1380 2216 1425 :et
2238 1371 2371 1424 sicut
2407 1371 2584 1439 fumus
2617 1369 2880 1437 deﬁcient,
2906 1371 3140 1436 ctﬂuent
3165 1367 3298 1420 sicut
3331 1384 3448 1419 rem

1872 1480 1903 1516 a
1931 1463 2068 1532 facie
2095 1463 2229 1531 ignis
2260 1462 2300 1515 ³.
2829 1467 2835 1474 ”

1951 1680 2046 1734 Vix
2069 1681 2198 1736 dum
2226 1680 2418 1736 tertius
2439 1680 2557 1735 dies
2581 1679 2649 1734 ab
2669 1694 2732 1734 ea
2761 1678 3116 1748 p0pulatione
3140 1679 3450 1741 transierat,

172 1769 504 1860 πολήσεως,
545 1789 644 1843 καὶ
685 1787 992 1859 προσέϐαλε
1029 1786 1376 1855 πανστρατιὰ
1414 1788 1480 1856 τῇ
1522 1785 1696 1846 πόλει.
1747 1788 1776 1839 ὁ

1876 1787 1998 1827 cum
2026 1771 2352 1843 Scytharum
2383 1772 2491 1828 dux
2519 1770 2820 1826 exercitum
2857 1785 3075 1825 omnem
3112 1770 3231 1824 urbi
3261 1769 3454 1824 admo-

170 1883 289 1934 τῶν
329 1879 554 1934 Σκυθῶν
607 1879 848 1950 ἀρχηγός
874 1895 886 1909 ·
916 1878 1154 1949 τοσαύτη
1185 1877 1242 1932 δὲ
1263 1873 1332 1948 ἦν
1363 1879 1397 1948 ἡ
1421 1877 1634 1946 φάλαγξ
1667 1877 1776 1931 τῶν

1876 1872 1989 1919 vet.
2023 1865 2213 1920 Tantae
2249 1879 2416 1934 porro
2446 1870 2604 1918 erant
2633 1863 2872 1918 hostium
2903 1863 3092 1932 copiae,
3119 1878 3241 1918 cum
3276 1870 3332 1918 et
3359 1877 3454 1916 nu-

172 1971 468 2039 πολεμίων,
491 1970 568 2033 είς
583 1987 641 2023 τε
663 1969 864 2039 πλῆθος
888 1968 1255 2039 ἀναρίθμητον
1273 1969 1661 2040 συν-τεταμένη,
1681 1971 1772 2023 καὶ

1876 1972 2025 2012 mero
2044 1972 2182 2026 pene
2222 1955 2627 2022 innumerabili,
2651 1966 2767 2009 tum
2787 1955 2950 2009 etiam
2975 1969 3249 2009 armorum
3276 1955 3455 2008 muni-

172 2061 364 2114 ὅπλων
402 2061 719 2132 περιὸολαῖς
749 2058 1290 2129 κατησφαλισμένος,
1320 2057 1418 2123 ὡς,
1453 2058 1541 2112 ἵνα
1569 2059 1631 2111 τὸ
1661 2060 1770 2112 πᾶν

173 2153 238 2218 ἐξ
263 2153 442 2220 ὀλίγου
476 2151 725 2222 δηλώσω,
753 2150 887 2204 δέκα
918 2148 1130 2213 Σκύθας
1161 2149 1301 2220 πρὸς
1352 2148 1453 2203 ἕνα
1494 2149 1767 2220 Ῥωμαῖον

177 2242 618 2316 συρρήγνυσθαι.
700 2238 840 2294 ⁹Αλλ’
892 2241 1043 2311 ὅμως
1086 2241 1120 2310 ἡ
1174 2239 1636 2311 ἀρχιστράτηγος,
1677 2243 1771 2295 καὶ

176 2334 598 2408 προπολεμοῦσα
655 2333 764 2386 τῶν
803 2331 1143 2404 Χριστιανῶν
1177 2332 1443 2402 ἄχραντος
1481 2332 1769 2397 Δέσποινα,

175 2430 212 2496 ἡ
264 2431 493 2496 ταχίστη
541 2425 650 2478 τῶν
687 2423 1136 2494 ἐπικαλουμένων
1165 2423 1459 2495 ἐπίκουρος
1515 2423 1605 2476 διὰ
1658 2424 1770 2478 τῶν

177 2518 456 2588 λαχόντων
493 2516 841 2587 στρατιωτῶν
866 2515 954 2568 τὸν
989 2514 1047 2566 ὲν
1076 2515 1143 2585 τῇ
1187 2516 1361 2585 πηγῇ,
1400 2513 1629 2578 πολλοὺς
1663 2513 1772 2566 τῶν

177 2607 751 2680 ἐκστρατευσαμένων
781 2605 1005 2659 Σκυθῶν
1046 2604 1333 2670 ἀνελοῦσα,
1372 2603 1433 2657 ού
1469 2605 1628 2673 μόνον
1676 2605 1770 2656 τοῦ

179 2700 500 2770 Σκυθάρχου
545 2699 606 2751 τὸ
658 2696 856 2768 θράσος
896 2695 1163 2750 κατέϐαλε
1214 2693 1291 2766 τῷ
1333 2695 1558 2766 τοιούτῳ
1607 2711 1772 2765 στρα-

178 2795 498 2862 τηγήματι,
570 2789 706 2843 ἀλλὰ
775 2790 872 2842 καὶ
927 2788 1028 2857 τῆς
1097 2786 1399 2859 μελλούσης
1457 2789 1772 2859 συμϐαίνειν

180 2883 368 2945 αὐτοῖς
432 2881 731 2944 παντελοῦς
800 2880 1102 2944 ἀπωλείας,
1163 2880 1330 2951 ὀλίγῳ
1364 2879 1612 2951 ὕστερον,
1660 2877 1773 2934 οἷον

178 2971 483 3047 ἀρῥαὸῶνὰ
512 2987 638 3025 τινα
670 2969 728 3024 τὸ
762 2969 983 3038 γεγονὸς
1018 2970 1162 3038 ἔχειν
1201 2968 1386 3032 αὑτὸν,
1415 2969 1553 3032 τέως
1586 2969 1774 3040 ἐποίη-

184 3082 250 3118 σε
309 3080 322 3093 ·
385 3065 449 3118 ὲκ
505 3063 694 3118 τούτου
748 3064 858 3134 γὰρ
898 3061 1041 3133 μέγα
1099 3063 1471 3137 φρονήσαντες
1519 3064 1567 3116 οί
1633 3063 1771 3116 Ῥω-

185 3157 361 3227 μαῖοι,
396 3155 490 3208 καὶ
545 3154 778 3227 θάρσους
817 3153 1243 3224 ἐπιπλησθέντες
1275 3151 1491 3218 πολλοῦ,
1529 3153 1772 3222 συμπλο-

184 3250 293 3311 κὰς
339 3247 461 3301 καθ’
509 3249 746 3316 ἑκάστην
783 3246 968 3318 σχεδὸν
1009 3245 1292 3300 ἐποιοῦντο
1352 3246 1490 3317 πρὸς
1552 3247 1770 3312 αὐτοὺς,

1875 2049 2115 2104 tionibus
2165 2048 2412 2118 apprime
2477 2047 2745 2102 instructo
2814 2047 3022 2114 milite;
3072 2057 3132 2101 ut
3178 2062 3286 2117 quo
3338 2062 3451 2102 rem

1873 2139 2187 2193 universam
2213 2153 2277 2192 ex
2307 2137 2494 2209 paucis
2525 2137 2820 2214 declarem,
2852 2137 3041 2192 decem
3074 2137 3290 2208 Scytha:
3325 2153 3451 2191 cum

1873 2245 1984 2286 uno
2014 2231 2260 2285 Romano
2290 2227 2839 2292 conflicturi,esscnt.
2870 2229 3240 2284 Nihilominus
3270 2239 3450 2284 tamen

1873 2323 2310 2378 Christianorum
2337 2325 2614 2378 exercitus
2639 2337 2842 2392 praeses
2875 2322 3012 2392 ipsa,
3055 2337 3117 2376 ac
3145 2339 3456 2394 propugna-

1873 2415 1975 2470 trix
1999 2416 2320 2470 intemerata
2360 2415 2614 2485 Deipara,
2659 2414 2746 2468 illa
2781 2429 2992 2476 eorum,
3044 2413 3136 2483 qui
3173 2414 3453 2479 invocant,

1872 2505 2156 2560 celerrima
2185 2503 2447 2574 adjutrix,
2480 2505 2662 2574 plures
2694 2505 3102 2558 excurrentium
3131 2504 3450 2573 Scytharum

1872 2595 1938 2651 ad
1953 2595 2192 2650 divinum
2217 2594 2388 2664 ipsius
2416 2595 2846 2675 templum,quod
2868 2595 2919 2648 in
2945 2593 3115 2650 Fonte
3139 2596 3214 2666 (2)
3240 2605 3452 2662 vocant,

1871 2703 1967 2758 per
2014 2687 2238 2742 levioris
2293 2697 2582 2742 armatura:
2617 2687 2815 2743 milites
2869 2703 3094 2752 necans,
3139 2689 3340 2743 nedum
3388 2705 3454 2743 co

1874 2790 2258 2852 stratageniate
2291 2779 2615 2851 Scytharum
2661 2780 2818 2836 ducis
2859 2780 3139 2835 audaciam
3174 2783 3452 2858 repressit,

1874 2875 1968 2930 sed
1999 2886 2054 2928 et
2087 2884 2143 2928 ut
2179 2874 2343 2929 etiam
2373 2873 2518 2943 quod
2567 2873 2863 2940 acciderat,
2896 2873 3046 2927 velut
3080 2873 3448 2928 arrhabonem

1873 2982 1936 3022 ac
1962 2965 2279 3037 praeludium
2341 2964 2507 3034 futuri
2547 2966 2888 3035 postmodum
2930 2965 3224 3020 omnimodi
3266 2981 3453 3020 eorum

1875 3058 2131 3114 interitus
2167 3058 2412 3123 haberet,
2444 3057 2658 3112 interim
2691 3056 2890 3111 effecit.
2929 3057 3138 3111 Exinde
3167 3056 3312 3110 enim
3345 3055 3455 3108 Ro-

1878 3148 2022 3204 mani
2066 3148 2278 3202 animos
2312 3156 2653 3201 assumentcs
2681 3187 2696 3209 ,
2742 3145 3021 3215 multaque
3061 3144 3254 3199 ﬁducia
3287 3148 3454 3209 aucti,

1878 3255 2074 3294 manus
2133 3239 2187 3293 in
2231 3237 2349 3293 dies
2382 3253 2508 3292 cum
2562 3237 2717 3291 hoste
2763 3237 3148 3304 conserebant,
3179 3245 3455 3308 pugnante

182 3341 404 3410 ἔχοντες
461 3339 889 3410 ύπερμαχοῦσαν
927 3340 1024 3408 μὲν
1066 3338 1163 3410 τὴν
1195 3339 1290 3392 τοῦ
1340 3337 1475 3391 Θεοῦ
1526 3339 1776 3408 Μητέρα,

1883 3347 1982 3403 pro
2018 3331 2121 3397 eis,
2155 3345 2218 3385 ac
2249 3329 2545 3384 auxiliante
2579 3329 2827 3398 Deipara,
2862 3329 3308 3398 robustioresque
3338 3330 3454 3383 eili-

187 3430 289 3483 καὶ
345 3429 809 3502 ῥωμαλεωτέρους
869 3429 1378 3485 ἀποδεικνύουσανο
1437 3428 1505 3481 τὰ
1559 3428 1614 3480 δὲ
1669 3428 1778 3481 τῶν

267 3607 287 3639 ³
312 3606 450 3661 l‘sal.
480 3621 644 3672 van,
678 3606 730 3671 i,
757 3605 810 3662 2.

273 3789 348 3860 (Ι)
384 3787 680 3863 Imaginem
720 3806 823 3863 non
871 3791 1254 3863 mquufactam.
1287 3787 1573 3863 Existimat
1611 3788 1771 3845 Cret-

191 3875 389 3932 serus,
423 3875 470 3932 _c.
515 3861 726 3932 15km
778 3861 1095 3929 imaginibus
1119 3877 1229 3932 Anon
1261 3861 1600 3932 manufactis,
1662 3875 1770 3932 non

193 3931 368 3984 fuisse
423 3930 562 3984 hanc
613 3929 914 3984 Salvatoris
971 3930 1299 4000 imaginem,
1334 3929 1498 4000 quam
1547 3931 1772 4000 Sergius

192 4008 436 4072 gestaret
504 4001 856 4072 archetypam
905 3999 1367 4072 αχειρόποίῃτον,
1423 3999 1672 4072 Heraclio
1716 4000 1771 4053 in

191 4069 545 4138 éxpeditione
594 4069 828 4126 habente
863 4070 1141 4138 ejusmodi
1192 4069 1479 4138 imaginem
1522 4069 1775 4138 archety-

191 4137 346 4209 pain,
381 4139 524 4192 illam
562 4138 818 4192 nimirum
849 4137 1344 4209 Camulianensem,
1375 4153 1496 4207 qua:
1523 4138 1637 4209 sola
1662 4137 1772 4209 pen

193 4205 506 4264 inauufacta
554 4219 683 4262 tunc
726 4208 981 4276 temporis
1013 4217 1129 4261 erat
1182 4208 1235 4260 in
1270 4205 1405 4261 urbe
1455 4208 1621 4276 regia.
1665 4205 1773 4260 Ve-

192 4293 321 4332 rum
371 4288 429 4330 ut
464 4279 655 4331 demus
713 4292 876 4331 unam
931 4278 1191 4331 duntaxat
1236 4277 1405 4330 fuisse
1461 4277 1774 4346 hujusmodi

193 4349 515 4418 imaginem.
535 4348 670 4402 nihil
694 4355 797 4410 est,
829 4362 936 4414 quo
963 4348 1368 4418 probet,unam
1385 4347 1585 4416 potius,
1613 4360 1774 4418 quam

192 4416 424 4471 alteram
459 4417 625 4472 fuisse
655 4418 1037 4485 archetypum;
1071 4431 1133 4470 ac
1159 4417 1230 4470 sit
1252 4416 1562 4485 conjectura
1594 4416 1776 4484 potius

193 4503 330 4541 vere
362 4489 706 4556 archetypam
731 4487 971 4556 relictam
1001 4485 1118 4540 urbi
1147 4486 1420 4554 praesidio,
1448 4485 1540 4539 ubi
1571 4497 1625 4539 et
1658 4486 1772 4554 ipsa

197 4558 374 4610 tutior
406 4555 724 4610 videretur:
768 4555 852 4608 vel
889 4564 1035 4609 certe
1076 4564 1135 4608 ut
1182 4570 1247 4608 ex
1297 4556 1668 4608 monumentis
1697 4556 1774 4609 lo-

192 4641 455 4696 quamur,
487 4628 614 4679 dato
643 4635 947 4693 asportasse
978 4625 1285 4696 Heraclium
1331 4625 1618 4696 imaginem
1661 4639 1772 4680 non

193 4695 567 4751 Inaiiufactam
592 4696 962 4763 archetypum,
995 4695 1096 4748 sibi
1135 4703 1190 4748 et
1229 4696 1496 4748 exercitui
1535 4695 1774 4748 futuram

195 4766 476 4834 praesidio,
508 4765 699 4834 relicta
741 4766 812 4834 sit
840 4764 1030 4834 Sergio
1075 4764 1121 4816 ei
1165 4764 1377 4824 similis,
1407 4763 1776 4832 divinitusque

194 4831 458 4902 expressa
489 4848 552 4885 ex
585 4833 671 4886 illa
706 4833 807 4886 sub
849 4831 1067 4885 Tiberio
1100 4834 1455 4900 imperatore,
1495 4847 1618 4886 cum
1659 4831 1777 4886 mu-

195 4905 304 4957 lier
363 4904 607 4971 quaedam
674 4902 901 4971 patricia
962 4903 1015 4954 in
1063 4903 1386 4970 aegritudine
1433 4902 1777 4971 impetrasset

195 4971 406 5027 deferri
436 4974 491 5025 in
523 4977 742 5026 domum
780 4987 934 5025 suam
975 4972 1042 5026 ad
1073 4973 1282 5040 aliquot
1331 4972 1476 5040 dies,
1499 4987 1609 5026 non
1662 4988 1778 5026 ma-

194 5040 477 5096 nufactain
509 5043 744 5110 primum
767 5040 1054 5110 imaginem
1078 5058 1092 5103 ;
1120 5039 1225 5110 qua
1255 5041 1322 5094 de
1349 5056 1407 5094 re
1431 5039 1656 5105 Menam,
1685 5041 1775 5095 ubi

196 5112 369 5181 etiam
408 5109 664 5181 tegimus,
718 5109 974 5181 Sergium
1015 5109 1292 5181 accepisse
1333 5110 1411 5164 sic
1463 5126 1775 5178 expressam

197 5179 494 5248 imaginem
525 5196 553 5232 a
589 5181 862 5241 coenobio,
893 5180 978 5232 cui
1019 5180 1242 5247 patricia
1276 5179 1565 5248 legaverat,
1598 5193 1661 5232 ac
1689 5193 1776 5233 re-

199 5252 454 5313 tinuisse,
491 5250 666 5303 donec
713 5248 913 5302 divinis
944 5250 1245 5302 terroribus
1286 5259 1508 5303 coactus
1557 5256 1642 5303 est
1689 5265 1776 5302 re-

199 5321 456 5373 stituere.
499 5321 652 5384 Quod
685 5319 939 5371 subditur
973 5319 1040 5371 de
1081 5318 1238 5388 lignis
1271 5319 1520 5382 viviticis,
1564 5326 1780 5386 oportet

199 5389 429 5458 intelligi
467 5389 533 5442 de
576 5388 1049 5458 portioneﬂaliqua
1079 5387 1206 5458 ligni
1234 5389 1416 5441 crucis
1435 5429 1448 5452 ,
1493 5389 1682 5456 quales
1709 5388 1778 5458 ab

199 5473 271 5512 ea
298 5457 686 5527 Hierosolymis
735 5457 1153 5524 avellebantur,
1202 5466 1492 5527 antequam
1524 5473 1553 5510 a
1601 5457 1780 5511 Persis

202 5528 508 5592 tolleretur,
537 5525 647 5580 non
679 5528 745 5582 de
778 5542 939 5581 cruce
975 5527 1110 5595 ipsa.
1139 5542 1299 5594 quam
1332 5525 1611 5581 Heraclius
1637 5542 1779 5580 non-

198 5599 336 5652 dum
373 5607 652 5666 receperat
685 5613 750 5650 ex
781 5595 1024 5650 Perside.
1083 5598 1321 5664 Deipara:
1360 5597 1528 5650 vestis
1568 5596 1781 5651 videtur

197 5683 232 5723 ο
270 5667 584 5721 Blacheruis
617 5668 826 5720 sublata
876 5668 978 5720 sub
1029 5667 1126 5720 hos
1161 5669 1422 5732 timores,
1480 5681 1547 5719 eo
1594 5667 1777 5730 modo,

194 5752 316 5807 quo
348 5745 532 5789 narrat
578 5748 768 5790 auctor
807 5744 1068 5790 tractatus
1112 5737 1166 5788 in
1214 5736 1334 5804 ejus
1362 5735 1777 5807 depositioneui,

193 5805 426 5877 Quando
453 5808 613 5860 etiam
663 5807 1086 5859 intercesserunt
1137 5807 1224 5877 illa
1285 5805 1435 5877 pacis
1491 5805 1776 5877 Colloquia,

197 5875 330 5947 dum:
361 5876 499 5928 idem
523 5885 713 5928 auctor
749 5877 968 5940 indicat,
1002 5877 1068 5927 de
1095 5876 1294 5942 quibus
1323 5875 1426 5927 illic.
1461 5891 1526 5928 ex
1549 5875 1779 5928 Zonara,

1885 3427 2086 3490 ciente,
2134 3439 2349 3480 necnon
2398 3422 2767 3478 confundente
2811 3421 3132 3492 Scytharum
3175 3423 3455 3479 machina-

1874 3791 2005 3847 Erat
2051 3791 2136 3848 illa
2168 3791 2605 3862 circumgestatio
2645 3790 2836 3845 humili
2872 3790 3089 3859 pietate,
3125 3804 3248 3845 cum
3274 3788 3450 3862 satis-

1878 3862 2044 3917 factio
2097 3879 2196 3986 prlo
2249 3860 2508 3932 injuriosa
2544 3862 2903 3926 tractatione,
2956 3869 3067 3914 tum
3130 3860 3452 3930 supplicatio

1878 3947 1976 3986 pro
2027 3949 2149 3986 auxi
2178 3948 2249 3986 ιο.

1916 3947 1976 3986 ΓΟ
2027 3947 2249 3988 auxmo.

1875 3947 1976 4000 pro
2027 3947 2249 3988 auxmo.

1948 4002 2046 4069 (ἓ).
2086 4002 2235 4066 Quod
2261 4002 2315 4054 in
2346 4003 2486 4071 [ante
2523 3997 3035 4071 vocatur._Eil‘iisior
3063 4007 3150 4071 est
3176 3997 3449 4071 Nicepho-

1875 4085 1970 4142 rus
2000 4067 2053 4124 in
2081 4067 2355 4142 laudando
2384 4068 2724 4142 hoc__tem_plo
2753 4068 2847 4142 lib.
2879 4083 2965 4142 xv,
2998 4081 3048 4142 c_.
3085 4067 3176 4130 25,
3203 4070 3343 4137 quod
3375 4073 3451 4122 ait

1875 4155 1906 4192 a
1943 4139 2368 4210 LeoneMagno,
2395 4138 2570 4210 stadio
2598 4137 2668 4191 ab
2699 4137 2853 4202 urbe,
2885 4137 2952 4190 ad
2985 4137 3208 4210 alteram
3240 4147 3448 4210 partem

1877 4211 2050 4268 urbis.
2087 4209 2152 4262 ad
2183 4206 2404 4263 auream
2440 4208 2560 4277 ejus
2589 4217 2800 4275 portam
2822 4246 2836 4269 ,
2869 4221 2968 4261 ceu
3000 4206 3230 4260 alterum
3263 4223 3291 4259 a
3330 4206 3449 4261 Bla-

1876 4280 2204 4332 chernarum
2233 4347 2238 4348 7
2271 4279 2474 4347 templo
2531 4277 2707 4348 urbisi
2734 4277 3200 4348 propugnaculum
3228 4319 3241 4336 .
3266 4347 3272 4348 ί
3305 4278 3450 4344 regia

1877 4347 2275 4417 magniﬁcentia
2298 4345 2655 4403 exstructum.
2690 4345 2803 4417 lllie
2820 4345 2961 4417 ergo
2993 4345 3454 4417 Constantinopo-

1877 4415 2028 4471 litani
2067 4418 2334 4473 habentes
2369 4417 2715 4486 praesidium,
2763 4415 2974 4470 felicius
3025 4415 3301 4486 velitando
3357 4417 3450 4471 Dei

1881 4487 2164 4559 genitricis
2207 4483 2410 4559 auxilio
2431 4529 2460 4559 ,_
2501 4486 2720 4541 vincere
2754 4486 3082 4559 didicerunt.
3147 4483 3238 4559 Ut_
3267 4495 3450 4559 autem

1880 4554 2136 4628 fnagnum
2174 4558 2240 4613 ad
2271 4557 2552 4613 victoriam
2580 4595 2596 4619 ,
2648 4571 2710 4610 ac
2760 4555 3136 4628 liberationem
3168 4554 3446 4628 -_civ_i_tati_s,

1879 4624 2322 4698 praecipuumque
2374 4636 2710 4698 momentum
2744 4625 3226 4698 divinaprotectio
3268 4624 3452 4698 δραι-ίῳ

1878 4693 2364 4753 intercessionibus
2417 4697 2749 4756 contulerit.
2805 4710 2867 4750 ac
2926 4693 2996 4748 ita
3029 4695 3227 4748 merito
3278 4693 3450 4748 Graeci

1877 4769 2220 4837 agnoverint,
2255 4768 2557 4822 recolentes
2580 4765 2912 4837 beneficium
2940 4779 3121 4837 annua
3171 4765 3272 4818 hac
3305 4766 3451 4818 cele-

1877 4835 2076 4891 britate
2098 4839 2200 4905 τῆς
2228 4837 2546 4890 ἀκαθίστου.
2578 4835 2732 4889 Haud
2765 4844 2943 4905 tamen
2976 4835 3191 4905 videtur
3210 4849 3296 4905 res
3321 4847 3451 4886 con-

1877 4906 2019 4960 fecta
2050 4907 2114 4960 iis
2147 4903 2454 4976 prodigiis,
2482 4920 2602 4974 qua:
2635 4905 2843 4976 ponunt
2877 4904 3063 4976 aliqui,
3100 4918 3164 4956 ac
3189 4903 3451 4976 aliis_me-

1879 4976 1982 5031 diis
2021 4971 2181 5044 quam
2237 4971 2513 5039 humanis,
2551 4989 2614 5027 ac
2637 4971 2733 5044 liis
2759 4971 3056 5044 proximis,
3093 4982 3262 5044 utuex
3290 4971 3450 5044 Nice-

1878 5041 2092 5115 phoro.
2155 5059 2218 5099 ac
2262 5045 2470 5099 Zonara
2527 5041 3032 5115 solidiori’veritate
3065 5041 3446 5115 scribentibus,

1879 5111 2061 5186 potest
2117 5115 2316 5186 colligi.
2350 5115 2714 5180 Quamobrem
2749 5111 3062 5186 figmentum
3097 5120 3228 5180 puto
3251 5113 3443 5186 Lquod

1877 5179 2159 5238 Cedrenus
2189 5179 2410 5248 na'rrat’,
2446 5194 2501 5236 ct
2546 5199 2612 5237 ex
2655 5195 2721 5234 eo
2753 5179 3019 5242 Bai-anius
3045 5179 3190 5234 anno
3223 5179 3345 5242 ωε.
3383 5183 3452 5236 de

1879 5255 2109 5324 muliere
2143 5255 2258 5308 visa
2291 5254 2473 5324 egredi
2527 5267 2559 5306 e
2597 5251 3016 5324 Blachernarum
3045 5258 3239 5324 porta,
3288 5267 3451 5320 quam

1881 5323 2101 5394 Barbari
2127 5319 2432 5394 putaverint
2459 5337 2682 5394 uxorem
2716 5319 2966 5394 Heraclii,
2991 5320 3058 5374 ad
3093 5321 3269 5394 ipsum
3294 5319 3450 5394 egre-

1878 5389 2289 5453 dientem—,etc”
2323 5409 2427 5460 qua
2456 5393 2770 5461 disparente
2799 5389 2855 5461 _i_n
2885 5389 3452 5461 inutuas'ceedes'siut

1879 5465 2147 5526 conversi,
2176 5473 2281 5516 etc.
2316 5458 2561 5515 Prudens
2588 5462 2768 5529 itaque
2795 5458 3076 5514 Heraclius
3106 5461 3240 5513 urbe
3274 5459 3450 5512 disce-

1879 5532 2015 5585 deus
2049 5534 2115 5586 ad
2148 5531 2564 5599 expeditionem,
2601 5545 2708 5583 non
2740 5529 2988 5583 destitui!
3011 5530 3136 5584 forti
3168 5529 3364 5599 milite,
3395 5529 3447 5579 in

1879 5616 1988 5670 quo
2044 5601 2168 5655 licet
2219 5597 2393 5670 pauco
2449 5615 2569 5655 eam
2623 5599 2766 5653 Deus
2819 5599 3185 5670 Barbarorum
3249 5597 3448 5648 nubem

1881 5668 2126 5741 dispulit,
2155 5668 2377 5740 excepta
2413 5676 2731 5741 tempestate
2754 5709 2772 5741 ,_
2799 5684 2902 5738 qua
2931 5671 3112 5738 plures
3139 5668 3447 5733 absorptos,

1881 5753 1942 5794 ac
1969 5739 2090 5796 fere
2119 5739 2305 5795 eorum
2338 5740 2565 5810 periisse
2589 5739 2858 5808 reliquias,
2894 5747 3178 5792 auctorum
3207 5744 3289 5788 est
3313 5748 3442 5788 con-

1882 5825 2084 5864 SCIISIO.
