3818 6346
313 667 316 670 .
387 618 699 671 delude—nte.

392 417 530 484 fil53
1683 396 2001 461 GEORGII
2057 395 2330 460 PISIDE
3537 403 3694 466 1365)

390 535 589 589 menta,
637 535 937 591 eorumque
985 517 1263 583 virtutem,
1301 529 1378 570 ac
1415 510 1666 584 peritiatn
1714 510 1963 566 bellicam

2141 508 2290 562 υθῶν
2321 509 2652 580 συγχέουσαν
2700 509 3089 584 μηχανήματα,
3144 513 3240 567 καὶ
3271 513 3376 586 τὴν
3427 513 3686 586 δύναμιν

2071 599 2252 654 αὐτῶν
2289 599 2651 670 σφάλλουσαν,
2689 602 2786 655 καὶ
2841 601 2941 674 τὴν
2971 603 3272 677 ἐμπειρίαν
3312 606 3422 678 τὴν
3471 610 3534 662 ἐν
3577 625 3686 662 πο-

2067 692 2278 763 λέμοις.

2146 824 2270 879 Ἐπὶ
2291 827 2519 893 τούτοις,
2543 831 2693 902 κοινῇ
2720 827 2913 903 γνώμῃ
2934 831 3026 886 τοῦ
3057 835 3426 906 πατριάρχου,
3453 837 3555 891 καὶ
3580 837 3684 891 τοῦ

2065 917 2223 984 λαοῦ,
2262 920 2571 990 πέμπονταί
2598 939 2742 985 τινες
2768 923 2833 975 ἐκ
2861 924 2960 992 τῆς
2985 923 3191 988 πόλεως
3228 929 3376 995 μετὰ
3412 927 3622 999 δώρων
3662 946 3678 960 ·

2067 1010 2320 1081 εἰρηνικά
2349 1027 2409 1064 τε
2457 1011 2688 1081 λαλῆσαι
2723 1015 2836 1076 τοῖς
2884 1012 3139 1079 Σκύθαις,
3187 1017 3461 1087 καὶπρὸς
3510 1021 3680 1089 εἰρή-

2067 1117 2166 1172 νην
2203 1101 2400 1165 αὐτοὺς
2431 1103 2834 1156 ἐκκαλέσασθαι
2864 1121 2880 1136 ο
2907 1103 3024 1157 ἀλλ’
3051 1107 3080 1159 ὁ
3127 1107 3232 1177 θὴρ
3269 1109 3484 1176 μᾶλλον
3514 1111 3550 1180 ἢ
3576 1112 3682 1164 ἂν-

459 837 554 889 Ilis
584 837 656 890 ita
685 834 1036 899 habentibus,
1079 833 1354 889 communi
1405 830 1747 902 patriarchae,
1790 843 1966 899 papu-

385 923 531 992 lique
580 923 830 988 consilio,
877 923 1226 978 destinantur
1285 921 1504 990 quidam
1555 935 1620 974 ex
1662 919 1797 972 urbe
1841 932 1967 972 cum

387 1015 726 1079 muneribus,
772 1015 864 1083 qui
909 1023 964 1068 ct
995 1013 1218 1082 pacilice
1271 1012 1499 1083 Scythas
1537 1011 1964 1080 alloquerentur,

385 1119 589 1174 eosque
615 1104 682 1158 ad
716 1104 865 1174 pacis
893 1105 1095 1158 hedera
1127 1111 1508 1173 provocarent.
1542 1102 1834 1156 Enimvero
1855 1115 1966 1155 non

387 1205 496 1248 tam
527 1196 692 1249 homo
724 1195 811 1248 ille
835 1210 997 1264 quam
1022 1194 1220 1258 bellua,
1256 1194 1456 1248 nedum
1478 1195 1625 1264 pacis
1652 1193 1741 1246 illa
1761 1193 1966 1247 monita

386 1301 500 1339 non
546 1285 805 1354 suscepit,
863 1299 1050 1338 verum
1102 1284 1268 1338 etiam
1331 1285 1571 1354 acceptis
1624 1282 1963 1349 muneribus,

385 1394 506 1447 quae
538 1376 939 1439 inferebantur,
990 1391 1048 1430 re
1089 1376 1295 1430 infecta
1339 1375 1544 1446 legatos
1583 1374 1818 1438 remisit,
1849 1374 1967 1428 haec

387 1468 455 1522 ad
485 1481 579 1521 eos
617 1475 828 1520 tantum
853 1465 1116 1535 adjiciens
1157 1483 1170 1520 :
1207 1483 1225 1516 ι
1254 1467 1336 1520 Ne
1361 1465 1711 1535 decipiamini
1744 1465 1801 1518 in
1832 1463 1964 1530 Deo,

388 1559 474 1614 cui
519 1558 776 1623 creditis;
833 1573 1058 1626 prorsus
1103 1553 1250 1612 enim
1293 1557 1349 1610 in
1383 1556 1681 1612 crastinum
1727 1564 1966 1610 vestram

387 1650 622 1720 capiam,
658 1664 722 1702 ac
744 1648 1000 1703 desolabo
1017 1649 1314 1704 civitatem.
1335 1647 1581 1714 Quadam
1604 1645 1967 1701 nihilominus

385 1741 588 1810 pietate
625 1739 860 1797 liberum
891 1739 1050 1802 iacio,
1094 1748 1154 1793 ut
1201 1739 1332 1794 nudi
1362 1746 1624 1794 exeuntes
1663 1753 1774 1808 quo
1799 1737 1966 1792 vultis

2068 1188 2305 1259 θρωπος,
2341 1192 2402 1244 οὐ
2438 1191 2598 1261 μόνον
2651 1192 2713 1244 οὐ
2758 1192 2974 1263 δέχεται
3021 1195 3122 1265 τὴν
3147 1198 3442 1267 εἰρηνικὴν
3493 1201 3678 1270 πρόσ-

2069 1281 2288 1351 κλησιν,
2311 1281 2445 1336 ἀλλὰ
2471 1282 2656 1336 καὶτὰ
2676 1284 3048 1355 ἐπιφερόμενα
3072 1285 3222 1356 δῶρα
3235 1287 3446 1354 λαϐὼν,
3479 1291 3676 1360 ἀπράο

2067 1387 2227 1434 κτους
2261 1371 2602 1440 ἀποπέμπει,
2666 1373 2824 1426 τοῦτο
2890 1375 3050 1444 μόνον
3113 1376 3296 1440 αὐτοῖς
3351 1377 3616 1433 ἐπειπών
3659 1391 3675 1407 ⁸

2076 1481 2094 1514 ι
2135 1462 2228 1533 Μὴ
2261 1462 2542 1516 ἀπατᾶσθε
2567 1463 2660 1516 ἐπὶ
2707 1465 2786 1536 τῷ
2811 1464 2949 1535 Θεῷ,
2976 1459 3020 1533 ᾧ
3054 1467 3344 1520 πιστεύετε
3377 1485 3398 1501 θ
3437 1471 3677 1535 πάντως

2068 1553 2178 1624 γὰρ
2211 1553 2401 1623 αὖριον
2448 1554 2549 1623 τὴν
2601 1554 2755 1609 πόλιν
2809 1555 2964 1626 ὑμῶν
2996 1555 3261 1628 λήψομαι,
3299 1559 3399 1612 καὶ
3450 1563 3676 1632 ταύτην

2066 1644 2274 1715 ἔρημον
2313 1644 2464 1714 θήσω
2497 1661 2511 1676 ·
2541 1645 2702 1716 χάριν
2725 1647 2782 1700 δὲ
2830 1647 3198 1716 συμπαθείας,
3235 1649 3430 1714 ἀδείας
3463 1652 3676 1722 δίδωμι

2064 1734 2305 1804 γυμνοὺς
2335 1732 2670 1799 ἐξελθόντας,
2686 1737 2822 1789 ὅπου
2847 1736 3104 1805 βούλεσθε
3130 1738 3392 1794 ἀπελθεῖν
3419 1757 3435 1770 ·
3468 1744 3532 1796 τὸ
3550 1743 3678 1796 λοι-

385 1833 614 1886 abeatis.
640 1831 911 1884 Caeterum
941 1831 1109 1899 abite,
1139 1829 1278 1885 nihil
1303 1845 1333 1886 a
1357 1845 1446 1888 me
1472 1829 1750 1901 amplioris
1771 1843 1963 1900 exspe-

2141 1841 2188 1889 ν,
2221 1823 2544 1896 πορεύεσθε,
2582 1827 2768 1899 ἕτερον
2800 1828 3184 1900 φιλάνθρωπον
3207 1834 3340 1903 παρ’
3368 1833 3519 1905 ἐμοῦ
3551 1852 3674 1907 μη-

387 1922 582 1978 ctaturi
611 1921 933 1978 clementiae.
969 1939 991 1972 ι

459 2057 554 2113 His
589 2057 736 2114 cives
757 2057 957 2114 auditis
978 2057 1047 2113 ab
1076 2057 1162 2126 iis,
1189 2057 1281 2128 qui
1308 2056 1578 2130 legatione
1609 2054 1783 2112 functi
1814 2063 1962 2120 sunt,

387 2158 666 2221 gementes
695 2165 758 2204 ex
791 2149 900 2203 imo
917 2157 1174 2219 pectore,‘
1186 2163 1381 2203 manus
1403 2149 1460 2203 in
1489 2148 1689 2204 coelum
1714 2145 1964 2202 tetende-

387 2241 839 2309 runt,imbreque
880 2241 1240 2312 lacrymarum
1267 2239 1460 2294 oil'usi:
1503 2257 1525 2292 ι
1553 2239 1853 2302 Protector,
1878 2237 1965 2292 in-

387 2332 668 2403 quiebant,
701 2331 953 2398 Domine,
995 2332 1086 2401 qui
1119 2331 1390 2387 universis
1426 2330 1679 2401 superbis
1717 2329 1960 2395 resistis;

389 2426 545 2495 cujus
564 2434 650 2480 est
665 2425 1106 2495 incomparabilis
1127 2424 1393 2494 potentia,
1419 2433 1474 2480 et
1495 2423 1794 2480 dominatio
1811 2420 1966 2478 inso-

387 2517 569 2572 lubilis
596 2534 608 2570 :
642 2517 767 2571 audi
795 2517 959 2571 verba
993 2516 1206 2571 barbari
1237 2515 1401 2584 illius,
1432 2531 1554 2585 quae
1581 2514 1727 2569 misit
1755 2513 1964 2584 impro-

387 2621 584 2676 perans
612 2605 719 2660 tibi
749 2605 995 2660 omnium
1031 2605 1263 2660 Domino
1282 2647 1296 2672 ,
1341 2613 1396 2660 et
1427 2605 1596 2658 libera
1634 2603 1825 2658 urbem
1851 2602 1962 2656 bte-

385 2697 630 2751 redita’lis
658 2707 781 2763 tum,
809 2712 880 2752 ac
919 2697 1182 2767 populum
1203 2737 1217 2763 ,
1257 2697 1350 2766 qui
1381 2712 1410 2749 a
1443 2703 1495 2750 te
1539 2710 1739 2750 nomen
1769 2693 1960 2759 habet;

385 2802 452 2840 ne
482 2787 700 2855 quando
740 2787 948 2852 dicant,
1003 2787 1098 2841 Ubi
1154 2796 1230 2840 est
1273 2786 1415 2840 Deus
1457 2786 1678 2840 eorum?
1714 2802 1733 2835 ι
1786 2787 1963 2854 Atque

385 2878 500 2932 haec
529 2878 750 2947 quidem
786 2877 1040 2947 populus.
1077 2877 1222 2932 Deus
1259 2887 1444 2932 autem
1492 2875 1782 2931 Persarum
1814 2885 1964 2930 tran-

382 2969 544 3024 situm
575 2969 643 3024 ad
673 2969 990 3040 Chaganum
1020 2969 1320 3040 prohibuit,
1339 2985 1503 3040 quem
1535 2969 1958 3036 meditabantur,

383 3059 567 3114 multis
600 3075 790 3115 eorum
819 3061 974 3116 catsis
1006 3062 1105 3132 (ὅ),
1165 3077 1302 3132 quos
1355 3061 1600 3117 subsidio
1652 3061 1960 3116 mittebant.

2065 1910 2155 1966 δὲν
2183 1911 2569 1983 ἀναμένοντες.
2619 1933 2641 1968 ι

2135 2044 2323 2102 Ταῦτα
2351 2048 2503 2120 παρά
2526 2048 2635 2102 τῶν
2658 2049 3018 2120 πεμφθέντων
3036 2051 3396 2121 ἀκούσαντες,
3469 2059 3672 2114 στενά-

2076 2137 2269 2206 ξαντες
2299 2139 2410 2193 ἀπὸ
2446 2141 2616 2211 μέσης
2642 2142 2888 2213 καρδίας,
2919 2145 3000 2206 είς
3031 2145 3295 2216 οὐρανοὺς
3323 2148 3430 2211 τὰς
3469 2153 3674 2220 χεῖρας

2064 2230 2378 2298 ἀνέτειναν,
2458 2233 2554 2285 καὶ
2607 2233 2836 2304 δάκρυσι
2907 2236 3123 2298 πολλοῖς
3186 2239 3625 2310 ἐπικλυζόμενοι
3649 2281 3669 2306 ,

2069 2321 2524 2396 ι”Υπερασπιστὰ
2557 2362 2573 2389 ,
2601 2325 2805 2394 ελεγον,
2850 2327 3046 2398 Κύριε,
3087 2331 3116 2381 ὁ
3140 2331 3274 2382 πᾶσι
3325 2333 3447 2394 τοῖς
3486 2333 3668 2401 ὑπερ-

2061 2415 2293 2487 ηφάνοις
2329 2417 2808 2488 ἀντιτασσόμενος,
2863 2414 2925 2474 οὗ
2957 2421 3017 2473 τὸ
3053 2421 3252 2490 κράτος
3303 2422 3666 2491 ἀνείκαστον,

2063 2505 2160 2558 καὶ
2209 2505 2243 2575 ή
2279 2505 2565 2560 δεσποτεία
2598 2507 2936 2572 ἀκατάλυτος
2961 2524 2978 2541 ·
3011 2508 3240 2563 ἄκουσον
3298 2512 3433 2575 τοὺς
3469 2513 3671 2581 λόγους

2061 2595 2156 2650 τοῦ
2193 2595 2493 2668 βαρδάρου,
2521 2596 2616 2661 οὓς
2646 2598 2964 2653 ἀπέστειλεν
2991 2599 3263 2664 ὀνειδίζων
3294 2619 3356 2654 σε
3390 2603 3495 2656 τὸν
3525 2607 3670 2658 πάνυ

2061 2704 2169 2741 των
2185 2687 2532 2757 δεσπόζοντα,
2572 2691 2667 2742 καὶ
2718 2689 2878 2760 ῥῦσαι
2933 2692 3087 2745 πόλιν
3112 2692 3496 2765 κληρονομίας
3541 2713 3667 2763 σου,

2062 2781 2158 2834 καὶ
2187 2779 2338 2844 λαὸν,
2370 2781 2450 2851 σῷ
2483 2780 2821 2853 κεκλημένον
2852 2782 3074 2854 ὀνόματι
3109 2800 3124 2816 ο
3161 2785 3372 2855 μήποτε
3399 2786 3621 2840 εἴπωσι
3651 2804 3668 2816 ’

2062 2871 2188 2926 Ποῦ
2219 2873 2390 2926 ἐστιν
2442 2876 2476 2927 ό
2508 2873 2654 2940 Θεὸς
2708 2872 2946 2940 αὐτῶν;
2984 2893 3003 2926 ι
3059 2875 3222 2928 Ἀλλὰ
3261 2877 3449 2930 ταῦτα
3483 2879 3588 2948 μὲν
3637 2881 3672 2935 6

2060 2964 2187 3029 λαός
2215 2981 2231 2995 ο
2261 2965 2393 3030 Θεὸς
2423 2964 2500 3030 δὲ,
2529 2965 2624 3036 τὴν
2653 2964 2880 3035 Περσῶν
2931 2965 3069 3036 πρὸς
3113 2966 3206 3020 τὸν
3253 2968 3522 3036 Χαγάνον
3551 2969 3674 3023 διὰ-

2063 3055 2242 3122 6ασιν,
2261 3059 2327 3127 ἢν
2356 3057 2710 3128 ἐμελέτησαν,
2740 3057 3061 3111 ἀπεκώλυσε
3113 3058 3362 3123 πατάξας
3385 3061 3499 3114 οὐκ
3552 3061 3672 3114 ὀλί-

383 3150 551 3204 Porro
588 3167 697 3205 non
727 3161 1032 3217 cessarunt,
1065 3152 1231 3207 biduo
1266 3161 1382 3208 toto
1412 3153 1498 3208 vel
1536 3151 1736 3216 triduo,
1766 3151 1959 3207 velita-

2141 3167 2216 3214 υς,
2252 3143 2328 3205 ὧν
2377 3151 2508 3221 περὶ
2563 3150 2826 3221 ἀλλήλους
2883 3150 3215 3206 ἀπέστελλον
3247 3167 3262 3182 '
3299 3152 3396 3205 δύο
3463 3154 3528 3206 δὲ
3570 3158 3672 3207 καὶ

384 3245 646 3309 tionibus,
687 3260 750 3300 ac
799 3231 1098 3316 paucoruin
1145 3261 1243 3315 per
1283 3246 1400 3300 loca
1443 3243 1647 3315 praeliis
1690 3255 1958 3314 pugnare.

383 3335 498 3390 lloc
526 3345 707 3390 autem
753 3337 908 3391 canis
949 3337 1040 3392 ille
1079 3339 1306 3393 consilio
1337 3337 1686 3402 moliebatur,
1723 3342 1783 3390 ut
1818 3345 1964 3389 terra

381 3428 602 3496 quidem
658 3428 938 3484 machinas
985 3428 1305 3484 admoveret
1336 3427 1622 3484 diruendis
1657 3426 1850 3493 muris,
1900 3441 1964 3481 ac

383 3520 506 3574 urbi
536 3523 912 3592 expugnandae
947 3539 962 3576 :
997 3523 1133 3576 marl
1162 3532 1369 3587 autem,
1401 3521 1726 3593 Scytharum
1751 3527 1966 3590 aptaret

381 3613 613 3680 lembos,
649 3631 785 3685 quos
817 3617 1053 3670 habebat
1093 3595 1543 3682 iturumerabiles,
1583 3625 1646 3672 ut
1681 3630 1792 3672 uno
1822 3623 1964 3672 tem-

383 3721 536 3776 pore,
572 3721 636 3760 ac
661 3707 846 3762 eadem
877 3708 1046 3776 hora,
1082 3715 1226 3764 terra
1258 3709 1441 3778 simul,
1469 3724 1536 3766 ac
1556 3710 1711 3764 -mari
1731 3747 1746 3777 ,
1779 3723 1964 3782 pugna

383 3796 606 3852 civitati
627 3797 931 3869 ingrueret.

457 4021 634 4078 Tanto
685 4023 850 4094 igitur
891 4021 1158 4078 instructo
1195 4022 1322 4079 belli
1362 4033 1645 4096 apparatu,
1684 4023 1963 4094 accipiens

385 4114 647 4184 quidquid
674 4116 919 4184 equitum
935 4116 1127 4171 lectius
1155 4125 1293 4183 erat,
1312 4118 1463 4177 venit
1483 4116 1550 4172 ad
1574 4126 1755 4188 partes
1779 4114 1958 4185 Ponti,

385 4209 584 4276 quibus
623 4209 1000 4280 navigabatur,
1049 4227 1218 4282 seque
1263 4213 1442 4283 ipsum
1472 4211 1764 4269 Persarum
1802 4227 1962 4268 exer-

385 4299 518 4354 citui
553 4289 824 4368 ostendit;
871 4303 1069 4372 illeque
1109 4303 1346 4360 vicissim
1371 4303 1563 4360 eadem
1592 4303 1741 4359 fecit.
1773 4302 1960 4358 Dicam

386 4390 580 4445 melius
615 4407 628 4443 :
661 4392 812 4447 Alter
830 4394 1050 4463 quidem
1077 4410 1145 4449 ex
1173 4395 1321 4462 Asia,
1339 4410 1407 4450 ex
1435 4394 1648 4464 Europa
1677 4395 1836 4457 alter,
1862 4409 1959 4448 ve-

2063 3243 2213 3314 τρεῖς
2263 3241 2459 3312 ἐφεξῆς
2512 3243 2726 3314 ἡμέρας
2780 3243 3197 3314 ἀκροϐολισμοῖς
3241 3245 3335 3298 καὶ
3399 3250 3672 3308 τοπικοῖς

2064 3335 2276 3405 ἐφόδοις
2321 3336 2418 3388 τοῦ
2461 3335 2720 3406 πολεμεῖν
2749 3336 2849 3388 οὐκ
2877 3335 3190 3390 ἐπαύσαντο
3220 3351 3235 3366 ’
3267 3337 3435 3408 ἔργον
3500 3340 3565 3393 δὲ
3598 3335 3672 3408 ἦν

2066 3429 2130 3482 ἐκ
2163 3429 2394 3499 μελέτης
2445 3427 2866 3498 ἑτοιμαζόμενον
2891 3429 2970 3498 τῷ
3013 3429 3157 3495 κυνὶ,
3207 3431 3350 3482 κατὰ
3378 3431 3490 3500 μὲν
3535 3433 3666 3502 γῆν,

2067 3519 2318 3592 μηχανὰς
2368 3519 2764 3590 τειχομαχικὰς
2799 3517 3156 3590 παραστῆσαι
3203 3520 3298 3572 καὶ
3332 3520 3665 3586 ἑλεπόλεις·

2063 3612 2205 3666 κατά
2231 3609 2510 3664 θάλασσαν
2535 3611 2609 3674 δὲ,
2637 3609 2706 3663 τὰ
2723 3608 2874 3684 παρὰ
2891 3609 3129 3673 Σκύθαις
3156 3609 3457 3681 ἐξαρτύσαι
3501 3612 3670 3681 μονό-

2066 3703 2195 3770 ξυλα
2226 3704 2368 3778 ὑπὲρ
2396 3702 2630 3774 ἀριθμὸν
2662 3703 2978 3774 ὑπάρχοντα
3007 3719 3024 3735 ·
3051 3701 3197 3755 ὥστε
3231 3703 3354 3756 καθ’
3392 3705 3502 3756 Eva
3533 3721 3668 3758 και-

2065 3794 2160 3866 ρδν
2209 3793 2304 3848 καὶ
2338 3793 2469 3862 μίαν
2518 3793 2753 3868 ἡμέραν,
2807 3793 3074 3865 κροτῆσαι
3106 3793 3248 3848 κατά
3283 3793 3386 3864 τῆς
3441 3793 3668 3860 πόλεως

2066 3885 2324 3958 πόλεμον,
2365 3886 2431 3942 ἐκ
2457 3884 2561 3956 γῆς
2590 3884 2730 3956 ὁμοῦ
2765 3886 2860 3940 καὶ
2888 3885 3180 3960 θαλάττης.

2144 4025 2255 4092 Ἐνξ
2276 4025 2387 4096 ὅσῳ
2407 4025 2479 4079 ’δὲ
2511 4023 2606 4078 τὸν
2635 4022 2877 4078 τοιοῦτον
2906 4022 3134 4095 ἐξήρτυε
3168 4020 3425 4092 πόλεμον,
3466 4023 3668 4080 ausas

2059 4118 2186 4175 ὅσον
2225 4111 2370 4188 εἶχεν
2407 4117 2465 4170 ἐν
2509 4115 2769 4169 ἱππεῦσιν
2808 4115 3115 4180 ἐπίλεκτον,
3145 4115 3206 4166 ἐν
3232 4116 3348 4177 τοῖς
3374 4115 3664 4169 ἀναπλεο-

2065 4209 2250 4282 μένοις
2307 4205 2402 4261 τοῦ
2467 4207 2669 4261 Πόντου
2728 4205 2921 4274 γέγονε
2963 4204 3199 4277 μέρεσι,
3249 4203 3329 4274 τῷ
3385 4204 3666 4277 Περσικῷ

2063 4301 2278 4375 στρατῷ
2287 4299 2754 4369 ἐπιδεικνύμενος·
2770 4298 3018 4359 κάκεῖνος
3035 4297 3092 4350 δὲ
3110 4296 3179 4350 τὰ
3191 4297 3356 4367 ὅμοια
3375 4297 3660 4368 ἔπραττε·

2065 4395 2269 4466 μᾶλλον
2296 4393 2422 4459 δὲ,ό
2463 4393 2562 4464 μὲν
2615 4391 2675 4456 ἐξ
2714 4390 2926 4457 Ἀσίας,
2971 4390 3001 4442 ό
3024 4388 3083 4442 δὲ
3123 4388 3182 4454 ἐξ
3209 4388 3668 4460 Εὐρώπης,καθ-

387 4484 484 4537 luti
516 4483 644 4538 ferae
671 4484 864 4540 beStiae
899 4486 1125 4556 rugiunt
1166 4486 1426 4542 adversus
1456 4485 1753 4553 civitatem,
1782 4501 1960 4557 prom-

2141 4501 2208 4555 ep
2239 4484 2404 4556 θῆρες
2431 4483 2614 4554 ἀγριοι
2645 4479 2886 4554 ὠρύοντο
2920 4479 3060 4533 κατά
3086 4480 3188 4548 τῆς
3219 4479 3455 4544 πόλεως,
3513 4483 3667 4536 ἐτοι-

386 4585 535 4644 ptam
571 4577 674 4630 sibi
715 4577 953 4646 praedam
992 4587 1276 4647 sperantes
1311 4578 1448 4634 fore.
1482 4576 1682 4633 Verum
1715 4579 1839 4648 quis
1874 4579 1959 4634 lo-

387 4676 586 4735 qttetur
610 4668 706 4721 Dei
732 4677 862 4723 tunc
887 4669 1130 4724 exhibita
1169 4669 1480 4724 mirabilia?
1508 4670 1642 4737 Quis
1675 4686 1806 4726 vero
1833 4669 1958 4725 Vir-

388 4763 529 4832 ginis
570 4763 625 4816 in
675 4778 776 4818 nos
815 4763 1200 4834 impensiorem
1244 4764 1593 4820 clementiam
1637 4779 1702 4820 ac
1741 4764 1961 4820 miseri-

389 4853 629 4908 cordiam
663 4855 834 4924 possit
866 4856 1165 4910 enarrare?
1192 4855 1325 4910 Nam
1360 4856 1448 4910 ubi
1480 4856 1773 4927 Cbaganus
1808 4857 1962 4912 sinus

387 4944 614 5002 Ceratos
640 4947 916 5013 lintribus,
947 4963 1012 5002 ac
1037 4948 1206 5002 milite
1227 4947 1582 5018 implevisset,
1615 4949 1687 5002 ita
1709 4949 1960 5014 moliens,

394 5045 453 5092 ut
483 5053 579 5106 per
603 5054 698 5094 eos
729 5040 970 5109 quidem,
1011 5039 1102 5110 qui
1139 5040 1194 5093 in
1237 5048 1380 5094 terra
1412 5040 1746 5111 pugnabant,
1775 5056 1963 5096 muros

393 5128 628 5186 civitatis
666 5131 960 5202 dejiceret;
1022 5146 1119 5200 per
1153 5145 1249 5186 eos
1292 5140 1474 5186 autem
1517 5131 1612 5200 qui
1656 5133 1711 5185 in
1752 5131 1963 5188 sinibus

393 5216 618 5275 Ceratas
661 5222 909 5276 navalem
941 5236 1178 5292 pugnam
1226 5228 1386 5276 erant
1442 5220 1650 5288 inituri,
1704 5221 1862 5277 facile
1907 5223 1964 5276 in

468 5441 546 5512 (5)
607 5441 788 5498 Multis
821 5448 1174 5518 egrumcmsis
1205 5464 1332 5518 quos
1352 5486 1368 5510 ,
1403 5457 1509 5504 etc.
1541 5447 1964 5517 intercipiente,

395 5527 460 5566 ac
487 5522 810 5568 excurrente
842 5512 1087 5568 Romano
1130 5512 1425 5572 fortissimo
1464 5518 1654 5581 milite,
1675 5528 1735 5572 ut
1761 5512 1831 5571 ex
1861 5518 1967 5570 Ζο-

396 5597 526 5656 nara
557 5583 732 5655 colligi
779 5594 974 5652 potest.
1007 5585 1180 5656 Etiam
1213 5586 1647 5656 ‘S.'Nicephoms
1677 5590 1967 5643 maximam

398 5651 714 5708 Sclavorum
741 5651 974 5724 stragem
998 5655 1191 5708 factam
1223 5667 1425 5722 narrat,
1444 5651 1541 5712 'ubi
1567 5659 1806 5713 hostium
1831 5667 1970 5711 stra-

396 5732 604 5795 tagema
637 5727 908 5779 detectum
941 5724 1152 5788 fuisset,
1203 5726 1529 5780 immittente
1561 5727 1710 5782 Bono
1738 5727 1970 5795 patricio

397 5790 759 5856 in'incautos,
799 5810 862 5848 ac
892 5795 1039 5848 velut
1073 5795 1187 5848 suis
1239 5795 1483 5850 subsidio
1525 5790 1810 5852 venientes
1836 5836 1850 5858 ,
1912 5804 1974 5850 ut

391 5870 514 5915 erat
541 5873 865 5919 contentum
894 5865 962 5919 ad
995 5865 1208 5933 signum
1246 5865 1445 5919 sublati
1479 5865 1617 5937 ignis
1646 5882 1677 5922 e
1708 5865 1968 5921 Blacher-

2069 4595 2170 4650 μον
2191 4576 2396 4646 ταύτην
2420 4575 2566 4646 ἐχειν
2599 4572 2909 4644 νομίζοντες
2945 4573 3179 4642 ’θήραμα
3213 4587 3228 4602 ·
3260 4571 3398 4625 ἀλλὰ
3424 4571 3526 4636 τίς
3563 4573 3666 4628 λα-

2065 4667 2219 4740 λήσει
2254 4665 2350 4720 τοῦ
2383 4665 2520 4719 Θεοῦ
2549 4665 2618 4718 τὰ
2657 4663 2780 4716 τότε
2803 4662 3084 4733 θαυμάσια
3102 4679 3128 4725 .;
3155 4663 3238 4724 τις
3264 4661 3321 4714 δὲ
3355 4660 3462 4730 τῆς
3511 4665 3668 4733 Bap-

2069 4759 2227 4814 θένου
2268 4760 2370 4828 τὴν
2399 4757 2480 4820 είς
2527 4756 2674 4827 ἡμᾶς
2707 4753 3112 4824 εὐσπλαγχνίαν
3139 4753 3518 4822 διηγήσασθαι
3577 4755 3666 4820 ἐξ-

2070 4849 2284 4922 ισχύσει
2307 4866 2323 4916 ;
2362 4849 2449 4912 Ὠς
2476 4847 2584 4918 γὰρ
2612 4849 2641 4899 ό
2665 4845 2916 4914 Χαγάνος
2941 4846 3069 4908 τοὺς
3091 4845 3185 4896 τοῦ
3223 4843 3476 4912 Κέρας-ος
3529 4846 3663 4898 κόλ-

2069 4959 2205 5005 πους
2234 4940 2520 5010 ἐπλήρωσε
2557 4937 2882 5010 μονοξύλων,
2914 4937 3006 4990 καὶ
3037 4938 3148 5000 τοῖς
3177 4934 3371 4988 ἑαυτοῦ
3396 4936 3668 4999 ὁπλίταις

2067 5033 2346 5104 ἐπειρᾶτο,
2369 5030 2458 5084 διὰ
2473 5030 2578 5101 μὲν
2595 5029 2705 5081 τῶν
2735 5027 3114 5097 πολεμούντων
3141 5029 3221 5088 είς
3245 5025 3374 5095 γῆν,
3400 5025 3477 5076 τὰ
3495 5029 3666 5098 τείχη

2069 5125 2402 5181 καταϐαλεῖν
2453 5122 2555 5191 τῆς
2584 5120 2803 5184 πόλεως
2833 5136 2848 5152 ·
2874 5120 2964 5174 διὰ
2985 5120 3042 5172 δὲ
3075 5118 3183 5172 τῶν
3215 5119 3668 5188 ναυμαχούντων

2069 5219 2128 5272 ἐν
2151 5218 2265 5279 τοῖς
2285 5213 2509 5277 κόλποις
2527 5212 2622 5264 τοῦ
2651 5210 2919 5282 Κέρατος,
2951 5208 3153 5279 εὐχερῆ
3189 5209 3289 5277 τὴν
3313 5210 3439 5262 κατ’
3477 5210 3668 5280 αὐτῆς

2063 5460 2260 5500 narum
2294 5441 2598 5498 munitione
2619 5481 2632 5504 ,
2689 5436 2872 5493 medio
2905 5436 3025 5505 ipso
3058 5435 3257 5490 itinere
3299 5433 3668 5503 expeditissi—

2063 5531 2209 5570 mam
2238 5514 2538 5567 Romanam
2555 5511 2780 5565 classem
2810 5521 3011 5576 :.quam
3045 5507 3288 5576 hostium
3299 5505 3531 5576 cladem
3560 5507 3665 5560 ista

2067 5584 2209 5639 forte
2249 5583 2528 5654 indicent;
2579 5573 2884 5654 postquam
2910 5584 3096 5630 secuta
3143 5575 3212 5627 sit
3258 5573 3347 5654 illa
3407 5574 3664 5654 hostium

2068 5653 2298 5723 irruptio
2329 5652 2394 5723 ad
2436 5641 2622 5705 muros
2660 5641 2751 5723 hic
2779 5654 3016 5723 narrata,
3060 5659 3224 5723 quam
3259 5641 3498 5723 Romani
3559 5647 3666 5723 im.

2069 5715 2256 5777 men-sa
2288 5721 2433 5775 cmtle
2463 5736 2654 5792 eorum
2675 5717 3008 5786 depulerint.
3041 5715 3391 5792 depugnante
3433 5715 3667 5792 pro_eis

2070 5796 2206 5847 mari
2241 5792 2479 5852 interim,
2507 5783 2760 5842 immissa
2782 5793 3104 5856 tempestate
3138 5784 3196 5838 in
3233 5783 3480 5838 hostium
3515 5783 3666 5837 clas-

2076 5878 2212 5930 sem,
2262 5861 2488 5931 Deipara
2534 5857 2770 5931 Virgine.
