3818 6346
210 379 348 446 1⁸261

1066 353 1385 442 HYMNUS
1423 379 1912 440 ACA‘THISTUS.
1937 405 2006 416 -—
2034 378 2348 452 QUERCII
2389 379 2624 441 Nom.

3343 375 3360 438 l
3372 377 3476 440 περ

210 493 359 564 ελειν
390 491 666 545 ἐπίϐασιν·
704 490 970 544 πάντοθεν
1018 491 1184 544 αὐτοῦ
1211 494 1239 545 ό
1263 491 1395 555 Θεὸς
1415 492 1508 546 καὶ
1529 492 1797 545 Δέσποινα

1907 494 2090 546 urbem
2152 492 2465 553 invaderet.
2523 492 2684 561 eique
2731 491 3059 562 applicaret,
3112 477 3474 562 undequaque

215 582 516 653 Παρθένος,
578 581 900 652 ἀπράκτους
940 581 1035 635 καὶ
1097 582 1259 646 κενάς
1302 583 1401 643 τάς
1444 583 1666 645 ἐλπίδας
1695 584 1800 634 ἀπ-

215 673 428 739 έδειξαν
457 689 472 704 ·
507 671 761 726 τοσοῦτον
815 671 926 741 γὰρ
971 673 1174 742 πλῆθος
1205 673 1328 727 καθ’
1361 673 1592 726 ἕκαστον
1637 672 1799 743 μέρος

211 769 312 819 τοῦ
342 767 552 837 τείχους
591 765 650 818 τὸ
675 765 986 835 Ῥωμαϊκὸν
1011 765 1346 836 στράτευμα,
1383 764 1492 818 τῶν
1519 763 1798 832 πολεμίων

211 856 448 922 ἀνεῖλεν,
475 857 551 920 ὼς
606 855 806 927 μηκέτι
837 857 961 920 τοὺς
1008 856 1219 920 ζῶντας
1246 894 1262 919 ,
1315 855 1574 909 δύνασθαι
1633 872 1800 908 κατα-

209 947 391 1002 ⁴καίειν
419 949 550 1012 τοὺς
581 948 916 1019 θνήσκοντας
949 963 966 980 °
1008 948 1102 1001 καὶ
1150 946 1310 1000 τοῦτο
1347 945 1446 1016 μὲν
1486 945 1678 1014 γέγονε
1711 943 1798 997 διά

210 1041 324 1095 τῶν
357 1041 466 1093 ἀπὸ
493 1040 599 1110 γῆς
628 1039 1009 1110 πολεμούντων
1033 1056 1048 1070 ο
1077 1039 1186 1093 τῶν
1205 1039 1262 1092 δὲ
1290 1039 1399 1092 ἀπὸ
1414 1039 1510 1109 τῆς
1523 1037 1800 1106 Θαλάσσης

217 1131 554 1200 προσιόντων
602 1131 901 1202 πολεμίων,
958 1129 1233 1202 αὔτανδρα
1271 1131 1340 1184 τά
1365 1128 1632 1201 μονόξυλα
1691 1127 1799 1199 πρὸ

215 1225 314 1278 τοῦ
349 1226 406 1277 ὲν
434 1223 765 1294 Βλαχέρναις
813 1223 958 1277 θείου
989 1221 1181 1294 ναοῦἠ
1234 1221 1497 1285 Θεοτόκος
1551 1221 1656 1274 καὶ
1701 1220 1799 1273 Δέ-

137 1308 158 1314 ’
219 1333 416 1370 σποινα
447 1315 718 1381 ὲϐύθισεν,
759 1315 972 1387 ἀθρόως
1003 1315 1236 1380 ἐξαίσιον
1263 1315 1356 1368 καὶ
1391 1314 1564 1385 βίαιον
1609 1330 1799 1367 καται-

216 1409 344 1478 γίδα
377 1411 512 1462 κατ’
540 1407 722 1462 αὐτῶν
755 1408 1018 1478 ὲγείρασα
1055 1406 1384 1478 πνεύματος.

294 1583 387 1645 Ὧς
412 1584 521 1656 γὰρ
555 1585 788 1658 πλησίον
820 1588 1068 1656 ἐγένοντο
1096 1585 1190 1640 τοῦ
1221 1586 1366 1640 θείου
1389 1585 1592 1659 ταύτης
1624 1589 1795 1655 οἴκου,

215 1677 428 1748 σφόδρα
472 1677 750 1748 ὑψωθεῖσα
777 1681 810 1751 ἡ
843 1679 1088 1735 θάλασσα
1114 1719 1128 1744 ,
1161 1681 1256 1734 καὶ
1300 1680 1642 1752 διαιρεθεῖσα
1670 1681 1800 1751 θείῳ

143 1845 148 1848 _
215 1765 495 1836 πνεύματι
537 1768 620 1831 είς
650 1768 948 1840 διαιρέσεις
971 1811 985 1835 ,
1021 1770 1199 1824 πάντα
1241 1770 1410 1842 ἄρδην
1441 1771 1797 1825 κατεπόντισε

213 1859 316 1911 καὶ
344 1861 638 1916 κατέδυσεν
673 1863 788 1934 ἀμα
818 1865 1004 1928 αὐτοῖς
1039 1865 1374 1936 μονοξύλοις.
1429 1866 1539 1920 Καὶ
1570 1861 1638 1936 ἦν
1669 1865 1800 1920 ίδείν

213 1952 520 2019 τηνικαῦτα
556 1955 812 2025 μέγιστον
859 1957 954 2010 καὶ
1000 1956 1276 2028 ἄφραστον
1330 1958 1654 2028 τεράστιον·
1707 1959 1799 2011 ἴσα

215 2046 315 2099 καὶ
357 2045 510 2117 ὄρεσι
544 2048 767 2119 κύματα
804 2049 1082 2110 ποιοῦσαν,
1117 2051 1213 2103 καὶ
1247 2049 1444 2121 τρόπον
1471 2051 1667 2122 ἀγρίου
1699 2051 1798 2122 θη-

217 2134 315 2204 ρὸς
348 2135 772 2210 ὲξογκουμένην,
803 2139 898 2193 καὶ
930 2139 1285 2212 μαινομένην,
1317 2141 1410 2192 καὶ
1439 2141 1799 2211 τοῖςὲχθροῖς

214 2225 316 2296 τῆς
341 2226 687 2302 Θεομήτορος
705 2231 999 2303 ἀποτόμως
1030 2232 1407 2304 ἐπιπηδῶσαν,
1431 2232 1524 2286 καὶ
1553 2232 1800 2305 ἀνηλεῶς

217 2321 616 2378 κατεσθίουσαν
634 2339 650 2356 ·
683 2321 874 2396 ὥσπερ
902 2325 1033 2378 ποτὲ
1062 2324 1307 2388 καὶτοὺς
1330 2325 1664 2393 Αἰγυπτίους
1701 2342 1800 2378 πε-

217 2418 440 2485 ποίηκε,
484 2416 924 2480 καταδιώκοντας
967 2419 1060 2471 τὸν
1105 2419 1275 2472 πάλαι
1318 2420 1569 2490 Ἰσραὴλ,
1607 2420 1798 2491 τρόπῳ

215 2508 391 2580 καινῷ
425 2506 727 2573 πεζεύοντα
762 2509 830 2563 δι’
862 2509 1032 2580 αὐτῆς
1053 2527 1066 2540 ·
1102 2510 1244 2564 οὕτω
1288 2513 1320 2582 ἡ
1373 2511 1797 2582 προπολεμοῠσα

213 2601 319 2672 τῆς
347 2601 484 2666 ἰδίας
512 2601 723 2666 πόλεως
750 2603 781 2672 ἡ
812 2602 1072 2666 Θεοτόκος
1117 2603 1212 2656 καὶ
1257 2603 1672 2674 προασπίζουσα
1693 2645 1707 2668 ,
1737 2605 1800 2658 τὸ

215 2690 521 2763 παράδοξον
549 2693 846 2762 ἀναιμακτὶ
877 2694 1136 2764 τρόπαιον
1167 2693 1362 2764 ἔστησε
1397 2695 1584 2766 τρόπῳ
1620 2696 1796 2749 τοιού-

155 2837 166 2844 ,
213 2801 295 2856 τῳ
341 2787 438 2840 καὶ
472 2786 936 2855 στρατηγήματι,
976 2785 1102 2850 τοὺς
1143 2787 1240 2857 μὲν
1275 2787 1414 2841 κατά
1453 2787 1553 2858 τῆς
1589 2787 1800 2851 οἰκείας

215 2876 586 2948 κληρονομίας
627 2877 863 2947 πόλεμον
889 2879 1201 2948 ἀκήρυκτον
1233 2879 1673 2948 καταγαγόντας,
1704 2880 1799 2933 καὶ

213 2966 358 3021 δπλα
390 2967 479 3020 ἐπ’
506 2967 679 3039 αὐτὴν
711 2968 969 3038 ἄραντας,
1001 2969 1172 3040 ἀρδην
1203 2970 1553 3035 ποντώσασα,
1584 2971 1682 3026 καὶ
1705 2971 1798 3042 έρ-

216 3071 334 3125 γων
375 3056 680 3110 θαλαττίων
731 3058 1020 3128 ῥευμάτων
1053 3059 1414 3130 ἀποφήνασαο
1461 3059 1554 3114 τὸν
1599 3059 1657 3113 δὲ
1697 3061 1798 3125 τὰς

1902 579 2064 645 Deus,
2097 596 2161 634 ac
2186 580 2413 650 Deipara
2453 581 2609 652 Virgo
2641 580 2874 636 infectas
2906 582 3026 652 ejus
3056 597 3119 637 ac
3159 598 3355 636 vacuas
3376 598 3464 636 ex-

1903 672 2268 741 spectationes
2305 672 2572 727 fccerunt.
2615 671 2842 726 Tantam
2883 673 3029 726 enim
3075 672 3475 727 multitudinem

1903 764 2136 818 hostium
2170 764 2238 818 ab
2272 773 2499 834 utraque
2539 764 2679 818 muri
2716 772 2870 834 parte
2901 764 3173 818 interfecit
3201 762 3476 818 Romanus

1900 857 2077 920 miles,
2109 865 2168 911 ut
2193 857 2286 927 qui
2321 856 2842 927 erantsuperstites,
2885 856 3111 910 minime
3131 857 3242 925 jam
3278 854 3476 909 defun-

1900 957 2110 1003 ctorum
2162 948 2520 1003 cadaveribus
2561 948 2978 1003 concremandis
3032 946 3363 1002 suﬂicerent.
3410 947 3479 1001 Et

1900 1041 2007 1096 hoc
2035 1041 2255 1111 quidem
2299 1056 2487 1095 eorum
2533 1040 2776 1104 facinus,
2819 1040 2910 1110 qui
2956 1049 3098 1095 terra
3140 1039 3475 1110 pugnabant.

1901 1133 2008 1188 Eos
2049 1141 2230 1187 autem
2276 1132 2538 1195 hostium,
2591 1132 2682 1201 qui
2735 1131 2874 1186 mari
2915 1131 3326 1192 adoriebantur,
3370 1146 3477 1184 una

1900 1239 2025 1278 cum
2052 1223 2308 1278 lintribus
2331 1238 2361 1277 e
2389 1222 2612 1293 regione
2636 1219 2808 1276 divini
2835 1221 3260 1276 Blachernarum
3292 1218 3477 1288 templi

1900 1313 2132 1383 Dcipara
2154 1312 2320 1385 Virgo
2348 1329 2414 1369 ac
2439 1312 2667 1366 Domina
2722 1311 3037 1376 submersit,
3071 1311 3362 1367 immanem
3387 1325 3480 1364 su-

1900 1405 2035 1470 bito,
2071 1421 2135 1460 ac
2158 1406 2450 1460 violentam
2478 1404 2535 1458 in
2569 1419 2666 1459 eos
2688 1402 3118 1460 vehementioris
3141 1401 3302 1457 ﬂatus
3333 1401 3479 1456 exci-

1903 1506 2024 1551 tans
2046 1505 2448 1566 tempestatem.

1971 1586 2108 1641 Cum
2145 1586 2292 1640 enim
2340 1586 2627 1657 prepiores
2665 1585 2795 1640 huic
2837 1584 3036 1640 divina:
3064 1583 3166 1639 aedi
3199 1581 3468 1636 accessis-

1903 1687 2044 1743 sent,
2070 1678 2240 1734 multo
2270 1687 2482 1734 tumore
2508 1679 2709 1732 elatum
2728 1692 2898 1742 mare,
2919 1676 3157 1746 ﬂatuque
3178 1691 3209 1730 a
3241 1674 3350 1729 Deo
3377 1673 3482 1726 im-

1903 1769 2069 1824 misso
2102 1769 2335 1824 divisum
2362 1770 2417 1823 in
2453 1769 2776 1834 divisiones,
2813 1784 3008 1824 omnes
3066 1767 3317 1822 funditus
3356 1781 3479 1820 cum

1831 1829 1874 1882 Β
1904 1861 2170 1916 actuariis
2198 1861 2446 1930 ipsorum
2501 1859 2700 1914 lembis
2753 1859 3049 1913 submersit
3077 1855 3475 1926 absorpsitque.

1904 1955 2033 2009 Erat
2064 1954 2154 2008 hic
2185 1953 2368 2008 videre
2410 1952 2708 2008 maximum
2759 1949 3034 2022 quoddam
3077 1964 3142 2004 ac
3199 1946 3482 2002 incﬂ'abile

1900 2045 2233 2116 prodigium,
2275 2054 2333 2098 ut
2365 2053 2420 2099 et
2447 2043 2644 2099 ﬂuctus
2670 2044 2938 2098 montium
2973 2042 3145 2096 instar
3177 2040 3477 2102 attolleret.

1901 2146 2065 2207 atque
2099 2138 2151 2190 in
2176 2136 2408 2191 modum
2434 2135 2560 2190 ferae
2586 2136 2779 2191 bestiae
2811 2135 3218 2193 intumesceret.
3257 2133 3482 2188 fureret-

1901 2243 2027 2298 que,
2055 2237 2220 2298 atque
2250 2227 2306 2281 in
2330 2227 2513 2281 hostes
2542 2226 2636 2280 Dei
2661 2226 2940 2297 genitricis
2961 2239 3202 2295 prazceps
3227 2224 3486 2285 irrueret,

1900 2335 1966 2375 ac
1991 2319 2287 2376 crudeliter
2309 2319 2604 2374 devoraret
2648 2335 2661 2371 :
2700 2317 2779 2372 uti
2816 2317 2945 2372 olim
2985 2316 3263 2372 devoravit
3295 2315 3483 2370 absora

1899 2415 2118 2486 psitque
2140 2411 2423 2485 Egyptios
2440 2419 2833 2482 persequentes
2856 2409 3140 2480 antiquum
3163 2407 3342 2471 Israel,
3357 2423 3480 2461 cum

1900 2507 1990 2561 ille
2011 2521 2152 2561 nova
2201 2504 2438 2575 quadam
2487 2503 2700 2558 ratione
2733 2503 2966 2574 pedibus
3015 2501 3120 2556 iter
3159 2517 3256 2571 per
3303 2501 3482 2568 ipsum

1900 2607 2106 2669 ageret.
2143 2596 2232 2652 Sic
2255 2596 2420 2668 Virgo
2475 2595 2724 2665 Deipara,
2774 2609 2886 2650 suae
2915 2592 3310 2664 propugnatrix
3347 2591 3481 2644 civi-

1901 2687 2046 2749 tatis,
2081 2697 2244 2756 atque
2274 2685 2442 2740 tutrix
2471 2683 2721 2738 mirabile
2767 2692 3033 2753 tropaeum
3082 2683 3187 2735 hoc
3235 2679 3482 2744 invento,

1899 2787 1955 2832 et
1972 2785 2354 2848 stratagemate
2389 2776 2738 2830 incruentum
2760 2772 2934 2827 erexit
2961 2789 2972 2824 :
3007 2786 3102 2825 eos
3122 2769 3365 2839 quidem,
3389 2769 3484 2838 qui

1899 2871 2168 2926 adversus
2194 2885 2347 2924 suam
2372 2867 2544 2938 ipsius
2579 2865 2954 2921 [nereditatem
2988 2861 3330 2932 implacabile
3369 2861 3486 2917 bcl-

1899 2962 2011 3016 lum
2037 2968 2309 3032 gererent,
2334 2973 2397 3014 ac
2437 2972 2587 3011 arma
2619 2955 2685 3009 in
2733 2957 2908 3025 ipsam
2955 2952 3228 3019 tulissent,
3259 2951 3496 3006 omnino

1900 3056 2277 3126 submergens,
2309 3067 2372 3106 ac
2402 3049 2627 3105 marinis
2657 3047 2914 3103 ﬂuctibus
2948 3044 3188 3117 agendos
3217 3043 3435 3099 tradens
3467 3063 3483 3100 :

217 3149 319 3218 τῆς
345 3148 618 3221 σωτηρίας
658 3149 878 3214 ἐλπίδας
909 3152 966 3205 ὲν
996 3149 1169 3224 ταύτῃ
1204 3149 1303 3206 καΐ
1333 3151 1468 3224 μόνῃ
1499 3151 1798 3206 σαλεύοντα

1907 3149 2076 3218 ipsam
2109 3155 2290 3202 autem
2345 3158 2498 3198 suam
2546 3151 2772 3204 sortem,
2821 3154 2944 3209 qua:
2999 3138 3054 3191 in
3109 3137 3247 3206 ipsa,
3313 3149 3484 3203 eaque

219 3238 424 3312 κλῆρον
455 3242 521 3294 ὲκ
558 3240 670 3296 τῶν
708 3242 1131 3313 προσπεσόντων
1175 3242 1367 3297 δεινῶν
1397 3242 1586 3314 ἀπαθῆ
1619 3243 1802 3315 πάντη

217 3333 621 3404 διαφυλάξασα.

291 3511 428 3565 Τότε
455 3512 513 3567 δὲ
543 3512 689 3580 τότε,
719 3515 814 3569 καὶ
871 3514 1034 3580 αὐτὸς
1079 3517 1122 3570 ὀ.
1149 3516 1354 3572 τούτων
1395 3515 1626 3588 ἔξαρχος
1663 3516 1796 3571 αύτ-

217 3603 397 3673 όπτης
437 3607 727 3677 γενόμενος
748 3607 859 3677 τῆς·
895 3607 1152 3680 τοιαύτης
1199 3608 1479 3672 ἀπωλείας
1525 3608 1618 3662 τοῦ
1667 3609 1799 3662 ίδίου

220 3695 668 3767 στρατεύματος,
702 3698 870 3752 αὑτοῦ
901 3715 1006 3753 που
1033 3699 1129 3753 σὺν
1153 3701 1401 3764 ὁπλίταις
1429 3701 1686 3754 ἱππεῦσιν
1715 3699 1800 3771 ἐφ’

220 3783 431 3855 ὑψηλοῦ
483 3787 654 3840 τόπου
706 3787 997 3859 ἱστάμενος
1021 3829 1037 3854 ,
1069 3791 1227 3861 χερσὶ
1269 3790 1332 3843 τὸ
1376 3790 1572 3862 στῆθος
1610 3791 1703 3845 καὶ
1738 3793 1801 3845 τὸ

219 3878 514 3948 πρόσωπον
556 3878 824 3934 ἔτυπτεν·
877 3882 926 3933 οί
974 3880 1030 3934 δὲ
1077 3881 1228 3946 ἐντὸς
1275 3881 1370 3934 τοῦ
1410 3881 1622 3950 τείχους
1665 3883 1801 3954 πρὸς

217 3967 348 4029 τοὺς
389 3967 621 4040 ἐχθροὺς
649 3970 1157 4041 ἀπαγωνισάμενοι
1183 4009 1198 4032 ,
1229 3971 1353 4024 ἐπεὶ
1385 3971 1590 4040 ἔμαθον
1620 3971 1710 4027 τὸν
1742 3975 1801 4026 ὲν

217 4057 287 4126 τῇ
332 4055 578 4131 θαλάσσῃ
618 4058 911 4129 γενόμενον
957 4059 1261 4130 Βαρϐάροις
1299 4060 1540 4130 ὀλεθρον,
1594 4062 1802 4127 εὐθέως

221 4147 345 4219 θείᾳ
371 4148 599 4220 δυνάμει
631 4150 954 4222 ρωσθέντες,
976 4151 1069 4206 καὶ
1098 4154 1163 4222 τῇ
1199 4151 1300 4222 τῆς
1334 4153 1617 4224 Παρθένου
1655 4155 1800 4224 lcrth

221 4239 583 4311 φραξάμενοι,
619 4243 720 4306 τὰς
748 4244 923 4308 πύλας
947 4243 1056 4296 τῶν
1083 4243 1280 4315 τειχῶν
1310 4245 1676 4310 ἀνεπέτασαν,
1703 4249 1800 4299 καὶ

225 4335 322 4388 σὺν
354 4335 449 4407 βοῇ
477 4337 569 4389 καὶ
603 4335 906 4408 ἀλαλαγμῷ
935 4337 1077 4390 κατά
1109 4337 1220 4390 τῶν
1262 4337 1476 4409 ἐχθρῶν
1505 4336 1801 4410 ἐπεξέδρα-

225 4439 358 4495 μον⁶
389 4427 624 4499 τοσαύτη
658 4428 714 4480 δὲ
737 4427 990 4498 περιέσχε
1021 4428 1167 4498 χαρά
1197 4430 1292 4483 καὶ
1320 4429 1554 4502 δύναμις
1574 4430 1636 4484 τὺ
1659 4432 1802 4502 ὴμέ-

222 4535 406 4587 τερον,
433 4521 556 4582 τοὺς
587 4519 645 4573 δὲ
671 4519 988 4592 Βαρδάρους
1017 4520 1208 4587 δειλία,
1238 4521 1314 4587 ὡς
1352 4523 1445 4577 καὶ
1474 4525 1670 4588 παῖδας
1704 4526 1800 4578 καὶ
1835 4505 1878 4561 D

223 4609 424 4679 γύναια
451 4613 570 4665 κατ’
592 4612 814 4666 ἐκείνων
840 4613 1209 4684 ὁρμήσαντας.
1233 4616 1314 4678 εἰς
1338 4615 1470 4668 αὐτὸ
1486 4615 1798 4685 παραγενέ-

226 4703 352 4756 σθαι
404 4703 513 4756 τῶν
553 4703 764 4775 ἐχθρῶν
812 4705 873 4758 τὸ
923 4705 1305 4777 στρατόπεδον.
1355 4707 1490 4761 Τότε
1536 4703 1605 4780 ἦν
1645 4709 1799 4781 ὁρᾷν,

224 4794 380 4850 ἐνα
419 4796 656 4864 χιλίους
683 4794 1002 4850 διώκοντω
1031 4796 1130 4852 καὶ
1152 4797 1282 4863 δύο,
1307 4799 1601 4868 μυριάδας
1616 4817 1801 4870 μετα-

225 4880 531 4935 κινοῦντα.
588 4882 824 4954 Τοιαύτη
877 4884 910 4954 ή
983 4885 1257 4954 τιάναγνος
1323 4888 1419 4941 καὶ
1477 4889 1757 4955 Παρθένος
1783 4906 1799 4922 ο

224 4970 450 5042 τοιαύτη
481 4973 514 5043 ἡ
545 4972 808 5038 Θεοτόκος
839 4976 935 5030 καὶ
971 4977 1241 5031 Δέσποινα
1261 4994 1276 5009 ·
1345 4978 1500 5050 ίσχὺν
1542 4982 1658 5042 τοῖς
1705 4983 1803 5036 ἀν-

227 5063 492 5134 ισχύροις,
518 5067 613 5118 καὶ
637 5065 867 5137 δύναμιν
891 5069 1002 5131 τοῖς
1035 5069 1339 5134 ἀδυνάτοις,
1359 5068 1684 5142 δεδώρηται.
1718 5074 1807 5137 Ὠς

223 5153 295 5225 δὴ
335 5155 365 5207 ὁ
399 5155 550 5225 ἥλιος
586 5156 695 5221 ἔδυ,
729 5159 824 5210 καὶ
852 5158 948 5226 νὺξ
979 5160 1246 5215 κατέλαϐε
1267 5200 1282 5225 ,
1315 5161 1414 5225 τάς
1445 5161 1801 5234 πολιορκητι-

228 5245 334 5308 at;
365 5247 614 5316 μηχανὰς
638 5288 654 5311 ,
683 5248 873 5321 ὥσπερ
903 5251 988 5320 ἐφ’
1029 5252 1257 5320 ἁμαξῶν
1286 5253 1550 5324 ἐκόμισαν
1582 5257 1633 5308 ol
1663 5255 1808 5328 Βάρ-

228 5333 410 5406 ϐαροι,
436 5336 613 5400 πάσας
639 5337 716 5409 τῷ
759 5340 892 5409 πυρὶ
936 5341 1355 5412 παραδεδώκασι
1376 5359 1391 5374 ·
1422 5344 1518 5397 καὶ
1549 5345 1711 5416 χάρις
1734 5349 1805 5418 τῇ

229 5425 480 5496 Θεοηόκῳ
499 5432 1030 5504 παρεσκευασαμένῃ
1046 5435 1304 5504 γενέσθαι
1317 5437 1425 5489 τῶν
1453 5436 1598 5490 ἰδίων
1621 5438 1804 5490 πόνων

232 5518 329 5572 καὶ
364 5521 624 5590 μηχανῶν
654 5523 991 5593 αὐτουργοὺς
1014 5527 1211 5590 αὐτοὺς
1237 5528 1332 5580 καὶ
1361 5529 1708 5599 ὲμπρηστάς.
1747 5529 1805 5583 '0

232 5604 291 5661 δὲ
317 5607 579 5679 ίεράρχης
601 5649 620 5678 ,
647 5612 743 5666 καὶ
766 5613 796 5664 ὁ
824 5611 1008 5678 λοιπὸς
1048 5615 1175 5678 λαὸς
1198 5619 1296 5680 τὰς
1319 5619 1509 5689 χεῖρας
1539 5619 1802 5673 διαπετά-

306 5807 328 5839 "
367 5808 538 5868 Exod.
575 5829 683 5870 xw.

1903 3241 2017 3295 sola
2057 3253 2208 3310 spem
2268 3234 2564 3306 posuisset,
2626 3232 2983 3288 ﬂuctuantem
3038 3230 3107 3284 ab
3155 3227 3486 3282 immanibus

1903 3329 2080 3394 malis,
2134 3343 2257 3398 quae
2317 3324 2664 3385 invasissent,
2730 3321 2953 3392 penitus
3027 3335 3253 3376 servans
3337 3319 3488 3372 ineo-

1904 3425 2130 3479 lumem.

1976 3517 2196 3570 Actum
2229 3512 2447 3584 quidem
2512 3510 2628 3581 ipse
2702 3508 2869 3564 eti-am
2943 3507 3136 3562 horum
3193 3503 3489 3576 prml'ectus

1902 3608 2177 3666 exercitus
2199 3607 2281 3662 sui
2310 3605 2520 3662 cladem
2549 3611 2754 3657 tantam
2775 3600 2950 3656 oculis
2967 3605 3249 3670 Spectans,
3267 3594 3488 3650 sublimi

1902 3701 2139 3774 quodam
2169 3700 2291 3755 loco
2325 3713 2451 3754 cum
2511 3694 2856 3766 equestribus
2901 3691 3076 3762 copiis
3131 3690 3492 3751 constitutus,

1902 3805 2114 3867 pectus,
2143 3793 2466 3861 vultumque
2516 3804 2684 3844 manu
2730 3785 3088 3858 percutiebat.
3148 3782 3224 3837 Illi
3281 3790 3486 3846 autem,

1902 3887 1996 3957 qui
2033 3885 2176 3940 intra
2209 3899 2397 3938 muros
2441 3882 2705 3936 adversus
2729 3879 2917 3933 hostes
2960 3885 3241 3932 certamen
3285 3874 3490 3928 habue-

1903 3967 2048 4045 rant,
2073 3985 2132 4032 ut
2183 3976 2393 4032 cladem
2420 3973 2750 4036 didicerunt,
2779 3984 2942 4040 quam
2976 3966 3202 4022 Barbari
3265 3965 3320 4019 in
3352 3963 3488 4018 mari

1903 4070 2264 4139 accepissent,
2296 4066 2480 4122 divina
2527 4064 2780 4134 protinus
2827 4060 3031 4115 virtute
3059 4057 3321 4121 roborati,
3368 4055 3488 4108 Vir-

1904 4162 2153 4234 ginisque
2177 4158 2299 4214 freti
2324 4155 2586 4228 potentia,
2621 4161 2955 4224 aperuerunt
3009 4150 3248 4206 civitatis
3272 4157 3485 4219 portas,

1906 4253 2231 4322 sublatoque
2290 4251 2547 4311 clamore,
2603 4255 2660 4301 et
2710 4245 2941 4309 ululatu,
2979 4242 3392 4314 impressionem
3433 4242 3487 4296 in

1905 4347 2092 4402 hostes
2149 4344 2416 4400 fecerunt.
2459 4339 2630 4394 Tanta
2668 4353 2833 4408 porro
2884 4337 2965 4393 vis
2994 4337 3194 4409 gaudii,
3231 4345 3490 4404 tantaque

1906 4440 2328 4494 virtus‘nostros
2353 4433 2565 4499 habuit,
2589 4431 2858 4486 Barbaros
2873 4438 3056 4485 autem
3088 4438 3274 4484 tantus
3298 4442 3491 4498 pavor,

1909 4541 1970 4587 ut
1989 4531 2153 4586 etiam
2183 4529 2362 4600 pueri,
2425 4536 2481 4582 et
2537 4525 2796 4580 mulieres
2832 4523 2885 4576 in
2946 4537 3043 4577 eos
3093 4522 3388 4584 irruentes,
3433 4520 3490 4573 in

1909 4623 2024 4694 ipsa
2054 4621 2293 4677 hostium
2317 4627 2496 4674 castra
2522 4616 2952 4688 penetraverint.
2999 4613 3156 4668 Tunc
3193 4613 3380 4683 utique
3404 4611 3490 4666 vi-

1908 4713 2039 4768 dere
2057 4719 2174 4766 erat
2203 4719 2268 4765 ut
2299 4711 2439 4767 Unus
2468 4715 2865 4779 persequeretur
2897 4705 3060 4769 mille,
3095 4705 3302 4772 duoque
3331 4705 3488 4773 fuga-

1911 4814 2024 4858 rem
2065 4805 2240 4856 decem
2285 4801 2456 4855 millia
2485 4799 2528 4854 ⁵.
2586 4798 2734 4852 Talis
2783 4805 2869 4851 est
2907 4795 3228 4850 intemerata
3259 4795 3369 4858 illa,
3425 4809 3506 4847 ac.

1910 4894 2072 4964 Virgo
2106 4909 2118 4945 :
2157 4892 2280 4946 talis
2313 4892 2563 4960 Deipara,
2603 4897 2658 4943 et
2701 4887 2933 4942 Domina
2975 4902 2989 4938 :
3035 4885 3279 4955 potentia
3320 4885 3489 4954 impo-

1912 4992 2113 5048 tentes,
2159 4992 2214 5038 et
2244 4982 2448 5036 virtute
2482 4979 2776 5034 destitutos
2810 4978 3012 5031 virtute
3041 4976 3281 5030 donavit.
3313 4975 3488 5030 Crete-

1910 5091 2032 5130 rum
2062 5089 2186 5129 cum
2218 5072 2331 5128 sole
2374 5071 2656 5126 occidente
2691 5086 2800 5125 nox
2830 5069 3159 5133 advenisset,
3209 5066 3496 5122 machinas

1909 5165 2285 5239 expugnandae
2309 5163 2427 5218 urbi
2453 5169 2813 5232 comparatas,
2855 5176 2992 5230 quas
3018 5160 3242 5215 Barbari
3262 5159 3325 5213 .in
3360 5175 3488 5214 cur-

1911 5259 2061 5319 ribus
2099 5257 2454 5319 advexerant,
2495 5269 2687 5308 omnes
2712 5253 2820 5323 igni
2861 5253 3206 5308 tradiderunt
3237 5269 3252 5304 :
3285 5268 3350 5306 ac
3372 5253 3488 5322 pla-

1910 5365 1981 5404 ne
2030 5348 2228 5420 gratias
2276 5347 2540 5416 Dciparae,
2598 5360 2719 5415 quae
2761 5345 3026 5411 eﬂ‘ecerit,
3082 5355 3143 5401 ut
3190 5346 3349 5402 iidem
3384 5345 3486 5414 ipsi

1910 5455 2132 5495 suorum
2165 5439 2411 5493 laborum
2451 5453 2514 5492 ac
2540 5437 2918 5492 machinarum
2950 5437 3266 5494 iucensorcs
3281 5445 3486 5498 essent,

1908 5528 2003 5599 qui
2042 5526 2274 5581 fuissent
2313 5535 2588 5581 auctores.
2642 5525 2959 5582 Patriarcha
2999 5537 3203 5587 autem,
3253 5541 3314 5578 ac
3359 5526 3490 5577 reli-

1906 5635 2046 5692 quus
2078 5618 2330 5689 populus,
2377 5618 2631 5675 manibus
2673 5618 2728 5674 in
2756 5619 2952 5675 coelum
2976 5617 3246 5689 carpansis,
3287 5618 3487 5687 gratia-
