3818 6346
292 277 431 344 1383

1609 271 1931 348 GEORGII'
1978 286 2252 347 Pisum

3432 281 3610 346 ισδι

287 403 404 441 rnm
437 387 668 443 actionis
692 389 922 455 cantica,
950 389 1284 461 inlaerymas
1307 389 1490 458 eﬂ‘usi,
1520 391 1575 445 in
1603 393 1719 447 haec
1745 407 1870 447 ver—
1900 440 1905 451 .

2049 409 2171 455 ντες
2221 391 2299 455 εἰς
2346 389 2436 443 τὸν
2484 388 2748 459 οὐρανὸν,
2804 387 2902 442 σὺν
2946 387 3176 458 δάκρυσι
3230 391 3624 459 χαριστήρια

288 477 353 530 ba
387 493 625 546 panxere
660 497 673 533 :
704 479 928 534 Dextera
973 489 1086 545 tua,
1119 481 1357 546 Domine,
1415 483 1758 552 magniﬁcam
1800 499 1876 544 eu

285 569 340 620 in
371 569 720 625 fortitudine:
749 572 962 644 dextero
1013 583 1126 633 tua,
1177 572 1413 636 Domine,
1460 575 1715 641 percussit
1773 573 1876 626 ini-

289 665 478 712 micum
513 669 559 713 et
592 661 645 712 in
686 662 1020 716 multitudine
1066 663 1246 732 gloriae
1297 672 1400 716 tua:
1433 665 1722 718 contrivisti
1771 665 1878 717 ini-

290 749 449 802 micos
473 750 564 803 ⁵·⁶.

300 846 302 848 ’
365 838 456 892 Sic
489 850 670 893 autem
705 841 971 911 insipiens
1013 842 1322 914 Chaganus,
1356 846 1448 914 qui
1497 843 1880 899 innumerabili

298 930 649 985 multitudine
676 933 1083 1001 expeditionem
1118 934 1358 999 fecisset,
1405 935 1668 992 confusus
1707 953 1884 991 rever-

299 1036 392 1075 sus
422 1031 506 1076 est
540 1040 552 1075 :
609 1023 772 1077 simili
797 1040 1016 1094 quoque
1047 1026 1280 1090 ratione,
1308 1027 1398 1097 qui
1433 1027 1662 1082 ducebat
1692 1027 1882 1082 Persa-

301 1126 422 1164 rum
476 1112 802 1176 exercitum,
857 1129 1078 1167 manum
1123 1115 1205 1168 ori
1242 1116 1549 1185 imponens,
1577 1131 1641 1172 ac
1673 1117 1882 1170 vultum

300 1203 574 1272 operiens,
611 1219 814 1273 paucos
839 1220 1094 1260 secumvc
1127 1215 1204 1260 tot
1241 1207 1480 1262 millibus
1505 1209 1735 1272 ducens,
1758 1223 1882 1262 cum

231 1291 234 1294 ’
301 1293 509 1363 pudore
566 1295 619 1347 in
665 1310 816 1348 suam
851 1295 996 1349 venit
1045 1297 1342 1366 regionem.
1379 1297 1436 1351 ln
1475 1298 1623 1352 hunc
1663 1297 1883 1351 modum

303 1383 501 1437 divina:
550 1384 872 1439 oeconomia:
908 1401 972 1439 ac
1003 1387 1263 1443 bonitatis
1319 1389 1586 1453 ministra,
1626 1388 1713 1441 illa
1755 1403 1884 1442 san-

305 1475 567 1541 ctissima,
591 1491 652 1530 ac
682 1492 904 1546 prorsus
937 1478 1280 1534 immaculata
1304 1479 1394 1534 Dei
1418 1480 1671 1551 genitrix,
1692 1490 1885 1550 potens

306 1566 396 1621 illa
425 1566 860 1622 Christianorum
893 1570 1158 1634 defensio,
1195 1587 1307 1625 sua:
1340 1572 1392 1625 in
1447 1587 1547 1626 nos
1607 1571 1885 1626 defensio-

306 1661 392 1714 nis
419 1661 719 1730 potentiam
763 1663 1005 1717 ostendit
1053 1684 1063 1717 :
1117 1665 1194 1717 sic
1225 1680 1413 1734 magna
1442 1681 1542 1719 nos
1568 1679 1631 1718 ac
1649 1664 1882 1720 mirabili

1983 478 2129 557 ᾖδον,
2172 484 2265 536 καί
2311 482 2528 548 ἔλεγον·
2570 481 2633 535 Ἡ
2677 479 2847 543 δεξιά
2888 494 3028 544 σου,
3059 481 3270 558 Κύριε,
3324 480 3624 542 δεδόξα-

1983 591 2120 628 σται
2150 575 2221 627 ἐν
2257 574 2442 642 ίσχΰι·
2465 573 2502 640 ἠ
2531 570 2701 635 δεξιά
2722 584 2839 623 σου
2866 569 3021 638 χεὶρ,
3043 571 3244 636 Κύριε,
3271 570 3626 636 ἑθίαυσει·

1983 667 2232 735 ἐχθρούς
2254 681 2267 695 ⁸
2295 666 2391 719 καί
2428 662 2509 728 τῷ
2538 662 2756 728 πλήθει
2788 660 2899 730 τῆς
2920 661 3106 729 δόξης
3135 677 3257 715 σου
3291 661 3628 729 συνέτρι-

1985 761 2107 828 ψας
2129 758 2269 821 τοὺς
2296 756 2718 820 ὑπεναντίους.

2060 851 2169 904 Καὶ
2199 849 2342 903 οὕτω
2373 848 2474 919 μὲν
2502 850 2530 900 6
2562 847 2869 917 παράφρων
2910 845 3160 913 Χαγάνος
3200 845 3416 915 πλήθει
3459 845 3623 898 δυσ-

1990 941 2278 1012 αριθμήτῳ
2310 939 2742 1009 ἐπιστρατεύσας
2770 936 2886 1008 μετ’
2911 936 3174 1005 αἰσχύνης
3203 936 3622 1006 ὑπέστρεψε-δ’

1991 1031 2193 1100 ὁμοίιος
2219 1030 2312 1084 καὶ
2337 1029 2397 1084 τὸ
2426 1027 2694 1098 Περσικὸν
2732 1027 3046 1097 στράτευμα
3078 1027 3106 1079 6
3135 1025 3399 1094 ἑπαγὼν,
3427 1029 3622 1097 χεῖρα

1988 1118 2080 1170 ἐπὶ
2130 1119 2360 1188 στόματι
2403 1117 2517 1179 Gel;
2545 1160 2559 1183 ,
2593 1117 2690 1169 καὶ
2730 1116 2790 1168 τὸ
2833 1116 3126 1185 πρόσωπον
3157 1116 3618 1185 καλυψάμενος,

1988 1210 2096 1266 ἀπὺ
2135 1210 2248 1263 τῶν
2291 1209 2564 1264 τοσούτων
2597 1208 2869 1278 χιλιάδων,
2924 1207 3337 1277 εὐαριθμήτους
3393 1224 3624 1260 coss:—

1989 1301 2283 1371 αγόμενος,
2317 1300 2435 1370 μετ’
2459 1297 2721 1368 αἰσχύνης
2750 1298 2848 1367 τὴν
2879 1296 3018 1350 ἰδίαν
3045 1295 3227 1367 χώραν
3245 1279 3575 1349 συνέϐαλεν
3597 1313 3618 1326 ο

1993 1390 2168 1453 οὕτως
2223 1392 2256 1461 ἡ
2289 1391 2388 1460 τῆς
2420 1389 2571 1452 θείας
2610 1387 2923 1456 οἰκονομίας
2964 1387 3060 1441 καὶ
3103 1387 3458 1457 ἀγαθότητος
3489 1390 3620 1440 ῦπ-

1989 1482 2226 1554 ουργδς,
2291 1483 2325 1552 ὴ
2402 1480 2642 1548 παναγία
2699 1480 2793 1533 καί
2862 1479 3235 1548 ὑπερδιμωμος
3277 1479 3616 1540 Θεοτόκος,

1990 1575 2024 1644 ἡ
2075 1572 2182 1626 τῶν
2235 1571 2579 1642 Χριστιανῶν
2631 1569 2869 1640 κραταιά
2918 1567 3244 1638 ἀντίληψις,
3293 1569 3408 1636 τῆς
3465 1570 3620 1640 περὶ

1991 1669 2139 1739 ἡμᾶς
2169 1665 2511 1734 ἀντιλήψεως
2537 1664 2638 1735 τὴν
2666 1664 2818 1734 ἰσχὺν
2843 1657 3156 1729 ἐπεδείξατο
3176 1677 3191 1692 ο
3227 1661 3386 1715 οὕτω
3419 1663 3618 1732 μετὰο

309 1752 482 1808 salute
553 1744 870 1822 impertivit,
921 1754 974 1806 in
1032 1754 1187 1822 cujus
1229 1752 1480 1808 beneﬁcii
1546 1754 1887 1820 memoriam,

2047 1777 2092 1831 ιν
2136 1761 2270 1830 ἡμῖν
2315 1758 2409 1811 καὶ
2459 1755 2765 1828 παράδοξον
2790 1756 2890 1827 τὴν
2921 1756 3194 1826 σωτηρίαν
3225 1756 3612 1826 κεχάρισται,

313 1853 635 1911 praesentem
677 1844 974 1915 quotannis
1019 1845 1301 1899 collectam
1348 1845 1515 1899 totius
1546 1845 1727 1915 populi
1759 1861 1893 1900 con-

310 1943 480 1990 ventu
539 1937 840 1992 solemnem
893 1937 1124 2008 agimus,
1188 1947 1514 2006 noctemque
1561 1945 1728 1991 totam
1760 1937 1896 1991 cele-

313 2029 464 2082 brem
538 2029 848 2092 habentes,
910 2029 1084 2083 eidem
1147 2045 1244 2098 pro
1312 2029 1607 2100 gratiarum
1681 2029 1893 2084 actione

313 2118 594 2174 offerimus
665 2121 1002 2175 canticorum
1072 2119 1306 2173 laudem.
1370 2119 1546 2188 Atque
1609 2119 1724 2174 haec
1795 2119 1893 2174 ba-

309 2218 520 2264 etenus.

381 2302 581 2359 Verum
615 2305 832 2374 ubijam
857 2303 986 2357 anni
1027 2319 1120 2358 sex
1149 2318 1310 2373 supra
1341 2303 1561 2374 triginta
1593 2303 1669 2375 (ὦ)
1697 2304 1897 2358 abhinc

311 2392 670 2457 effluxissent,
723 2395 1083 2450 Constantino
1126 2393 1397 2464 Pogonalo
1453 2405 1675 2466 regente
1725 2394 1897 2464 impe—

313 2487 478 2551 rium,
513 2487 712 2542 iterum
746 2489 1122 2558 Agarenorum
1155 2502 1382 2541 examen
1410 2487 1613 2558 ingenti
1637 2486 1900 2542 Conslan-

318 2579 603 2649 tinpolim
656 2580 829 2634 classe
861 2578 1040 2649 petiit,
1075 2579 1366 2648 statimque
1396 2577 1606 2648 appulsi
1658 2585 1785 2632 sunt
1830 2576 1898 2632 ad

317 2681 535 2740 portum
563 2671 834 2725 llebdomi
872 2671 948 2740 (5)
984 2669 1270 2740 :quotidie
1308 2683 1437 2724 vero
1484 2669 1900 2724 committebant

316 2762 539 2817 navalia
571 2761 776 2832 praelia,
853 2776 882 2814 a
937 2775 1065 2814 vere
1125 2758 1193 2813 ad
1250 2767 1613 2824 autumnum;
1677 2768 1900 2828 tumque

318 2853 498 2908 hieme
528 2853 855 2908 adveniente
885 2850 1330 2914 translretabant,
1376 2865 1438 2904 ac
1472 2849 1650 2920 Cyzici
1689 2849 1899 2904 hiema-

318 2945 496 2999 bant:
538 2944 734 2997 iterum
791 2943 1014 2996 ineunte
1063 2957 1188 2997 vere
1248 2941 1373 2995 inde
1434 2942 1656 2996 reducta
1704 2942 1898 3010 classe,

1991 1847 2208 1925 ἧστινος
2223 1848 2542 1920 εὐεργεσίας
2566 1848 2644 1910 εἰς
2673 1847 2998 1918 ἀνάμνησιν,
3020 1847 3115 1918 τὴν
3147 1847 3448 1916 παροῦσαν
3467 1850 3616 1916 ἐτη-

1996 1942 2127 2004 σίως
2185 1939 2461 2008 πανδημεὶ
2523 1938 2746 2003 σύναξιν
2793 1937 3076 2008 ποιοῦμεν,
3128 1938 3223 1991 καὶ
3285 1939 3616 2007 παννύχιον

1993 2035 2201 2103 ἄγομεν
2255 2031 2471 2103 ἑορτὴν,
2523 2029 2975 2102 εὐχαριστηρίους
3019 2028 3166 2098 ᾠδάς
3208 2030 3350 2100 αὐτῇ
3414 2046 3612 2100 xpos-

1995 2124 2256 2195 φέροντες
2275 2139 2288 2152 ·
2322 2121 2460 2178 ἀλλὰ
2492 2119 2669 2174 ταῦτα
2699 2119 2796 2191 μὲν
2827 2119 2885 2182 ἐς
2913 2117 3188 2172 τοσοῦτον.

2070 2299 2226 2354 Μετά
2268 2296 2630 2371 παραδρομὴν
2676 2296 2734 2350 δὲ
2779 2295 2986 2367 χρόνων
3017 2295 3315 2365 τριάκοντα
3349 2294 3464 2348 καὶ
3517 2293 3606 2358 ἐξ,

1997 2392 2093 2463 τὴν
2126 2391 2406 2463 βασιλείαν
2437 2390 2708 2452 ίθύνοντος
2741 2387 3150 2440 Κωνσταντίνου
3177 2386 3271 2439 τοῦ
3305 2387 3614 2454 Πωγωνὰο

1997 2499 2092 2534 του
2118 2522 2133 2546 ,
2165 2481 2328 2536 πάλιν
2374 2478 2707 2534 κατελάϐετο
2753 2477 2862 2530 τῶν
2915 2475 3229 2546 Ἀγαρηνῶν
3280 2476 3507 2545 σμῆνος
3548 2479 3614 2528 ἐν

2002 2571 2174 2643 στόλῳ
2223 2570 2446 2642 μεγάλῳ
2478 2570 2576 2640 τὴν
2607 2568 3024 2622 Κωνσταντίνου
3071 2567 3244 2630 πόλιν,
3296 2569 3396 2620 καὶ
3451 2585 3614 2638 παρ-

2000 2663 2198 2716 αυτίκα
2223 2660 2617 2734 προσὼρμισαν
2643 2663 2710 2732 τῇ
2745 2658 2998 2730 παραλίῳ
3023 2657 3116 2712 τοῦ
3151 2658 3426 2728 Ἕδδόμου
3453 2677 3471 2689 ·
3511 2659 3614 2728 ὑφ’

2001 2755 2079 2812 ὢν
2115 2757 2418 2828 ναυμαχίαι
2460 2754 2584 2810 καθ’
2629 2755 2868 2825 ἑκάστην
2913 2755 3186 2823 ἐγίνοντο,
3219 2756 3330 2808 ἀπὸ
3361 2755 3612 2824 ἑαρινοῦ

2003 2846 2196 2917 καιροῦ
2249 2846 2408 2918 μέχρι
2453 2843 2852 2916 φθινοπωρινοῦ
2875 2860 2889 2874 ο
2949 2843 3214 2914 χειμῶνος
3247 2843 3306 2895 δὲ
3337 2845 3615 2910 ἐπιγενο-

2006 2935 2193 3005 μένου,
2246 2935 2644 3004 περαιούμενος
2671 2935 2698 2986 6
2729 2933 2838 2986 τῶν
2870 2933 3204 3004 Σαρακηνῶν
3236 2932 3426 2994 στόλος
3451 2935 3614 3003 ἐχεί-

320 3035 481 3090 simili
527 3034 691 3088 modo
739 3033 972 3087 navibus
1023 3032 1206 3102 praelia
1258 3031 1489 3085 inibant.
1544 3030 1680 3086 Cum
1720 3032 1902 3102 itaque

2051 3024 2181 3090 αζεν
2203 3026 2260 3077 ὲν
2295 3024 2550 3095 Κυζίκῳο
2597 3023 2694 3078 καί
2724 3023 2885 3077 πάλιν
2922 3021 3233 3092 ἀρχομένου
3257 3021 3426 3090 ἔαρος
3455 3022 3616 3074 ἐκεῖ-

319 3125 524 3178 bellum
557 3123 612 3177 in
643 3138 818 3178 annos
845 3129 1057 3193 septem
1082 3130 1419 3193 protractum
1453 3121 1664 3186 fuisset,
1695 3122 1904 3178 acclas-

2047 3085 2114 3167 εν⁷
2143 3085 2523 3186 ἀναγόμενος,
2573 3113 2777 3185 ὁμοίως
2814 3111 2908 3166 τοῦ
2958 3085 3370 3180 δίάνθαλάσσης
3415 3113 3616 3180 εἴχετο

319 3212 396 3266 sis
445 3212 842 3267 Saracenorum
895 3225 1066 3265 naves
1116 3211 1398 3282 plurimas,
1445 3210 1755 3280 multosque
1803 3226 1907 3267 nec

319 3302 478 3358 facile
507 3303 896 3369 numerabiles,
941 3311 1105 3373 atque
1163 3302 1217 3356 in
1262 3301 1369 3357 illis
1429 3301 1720 3357 bellatores
1761 3302 1906 3358 viros

321 3408 388 3448 ac
416 3403 673 3449 strenuos
700 3394 978 3448 amisisset
1015 3413 1027 3448 :
1065 3393 1133 3448 ad
1172 3393 1288 3448 haec
1327 3407 1460 3449 vero
1492 3394 1659 3448 multa
1694 3393 1908 3463 jactura

323 3485 617 3539 necessarii
650 3493 990 3540 commeatus
1012 3483 1228 3558 fuisset,
1253 3485 1368 3555 ipsa
1394 3500 1610 3555 quoque
1639 3487 1818 3541 inanis
1839 3486 1906 3541 ad

323 3590 420 3628 sua
441 3591 657 3631 reversa
679 3584 763 3640 est
782 3591 1047 3646 ;cumque
1065 3576 1130 3630 ad
1151 3576 1305 3647 Sylaei
1331 3577 1569 3632 venisset
1592 3587 1776 3647 partes
1805 3576 1902 3647 (6),

322 3674 610 3720 ventorum
649 3666 965 3720 vehementi
1009 3666 1227 3720 turbine
1289 3667 1516 3735 iactata,
1573 3683 1671 3737 per
1705 3670 1906 3738 justam

325 3756 420 3810 Dei
445 3757 576 3810 iram
596 3756 815 3826 penitus
845 3756 1020 3811 deleta
1061 3766 1162 3812 est.
1195 3757 1273 3812 Ita
1301 3758 1533 3813 diversis
1571 3760 1910 3828 temporibus

327 3848 468 3902 hanc
490 3862 519 3901 a
552 3847 663 3903 Deo
683 3857 1065 3904 conservatam
1101 3849 1291 3904 urbem
1320 3851 1504 3906 miseri
1550 3851 1626 3905 illi
1661 3852 1911 3908 adorien-

329 3952 432 4004 tes,
467 3941 670 3997 furoris
720 3943 803 3997 sui
859 3943 1124 4012 impetum
1155 3944 1447 4015 expleturi,
1497 3962 1556 4002 re
1587 3944 1810 4009 infecta,
1848 3961 1911 4000 ac

329 4029 653 4086 confusione
690 4031 835 4102 pleni
869 4033 1042 4088 coacti
1064 4043 1190 4088 sunt
1215 4034 1414 4089 redire.

406 4292 614 4347 Rursus
635 4303 836 4356 tamen,
857 4294 1000 4362 quod
1026 4307 1214 4348 eorum
1237 4294 1534 4349 dominatio
1553 4295 1914 4364 undequaque

2008 3205 2246 3276 πολέμου
2265 3222 2278 3234 ·
2316 3205 2458 3259 έπτά
2480 3202 2574 3259 οὖν
2601 3205 2746 3258 ἔτεσι
2773 3204 2868 3257 τοῦ
2901 3204 3139 3271 πολέμου
3170 3203 3614 3272 διαρκέσαντος,

2007 3301 2036 3352 6
2085 3299 2194 3352 τῶν
2253 3296 2591 3368 Σαρακηνῶν
2661 3294 2847 3358 στόλος
2886 3293 3185 3364 πάμπολλα
3236 3293 3403 3344 πλοῖα
3459 3293 3617 3344 ἀπο-

2009 3390 2209 3457 ϐαλὼν,
2263 3391 2358 3443 καὶ
2401 3387 2632 3452 πολλοὺς
2681 3387 2776 3442 καὶ
2824 3384 3248 3458 ἀναριθμήτους,
3298 3384 3390 3436 καὶ
3435 3383 3617 3454 μαχί-

2012 3497 2144 3552 μους
2174 3480 2390 3550 ᾶνδρας,
2427 3479 2509 3531 ἔτι
2545 3494 2606 3530 τε
2646 3476 2906 3548 πλείστην
2941 3476 3142 3544 σκευὴν
3174 3467 3250 3527 ὧν
3287 3476 3618 3541 ἐπεφέρετο

2009 3569 2285 3640 χρειωδῶν
2314 3608 2326 3631 ,
2375 3566 2684 3639 ὑπέστρεψε
2735 3568 2832 3619 καὶ
2878 3565 3040 3627 αὐτὸς
3084 3563 3340 3634 διακενῆς
3395 3565 3488 3626 εἰς
3543 3566 3618 3617 τά

2012 3661 2121 3716 ίδια
2141 3675 2156 3688 ⁸
2189 3661 2285 3713 καὶ
2309 3660 2368 3712 ὲν
2391 3661 2501 3722 τοῖς
2537 3658 2730 3728 μέρεσι
2755 3655 2848 3710 τοῦ
2881 3655 3110 3708 Συλαίου
3143 3654 3470 3725 γενόμενος,
3503 3656 3619 3709 ὑπὸ

2015 3753 2260 3826 σφοδρῶν
2308 3753 2403 3806 καί
2453 3751 2725 3824 ραγδαίων
2758 3751 2975 3821 ἀνέμων
3013 3750 3469 3803 ἑπιπνευσάντων
3515 3751 3620 3805 αὑ-

2011 3848 2145 3909 τοῖς,
2181 3844 2321 3898 κατά
2352 3843 2567 3898 δικαίαν
2599 3841 2770 3914 ὀργὴν
2797 3841 2894 3896 τοῦ
2926 3841 3085 3908 Θεοῦ,
3113 3841 3281 3913 ἄρδην
3316 3840 3614 3894 ἀπώλετο.

2013 3938 2171 3992 Οὕτω
2201 3935 2346 3991 κατά
2387 3935 2682 4006 διαφόρους
2721 3935 2952 4002 καιροὺς
2993 3933 3125 4005 τῇδε
3168 3936 3234 4004 τῇ
3272 3931 3470 3985 θεόθεν
3504 3950 3616 4000 φυ-

2013 4027 2319 4100 λαττομένῃ
2372 4027 2526 4081 πόλει
2581 4025 3015 4098 προσϐάλλοντες
3065 4027 3116 4078 οἰ
3166 4023 3489 4094 ἀλιτήριοι.
3541 4026 3618 4076 τὰ

2014 4117 2113 4185 τῆς
2143 4115 2441 4183 μανιώδους
2470 4115 2650 4186 ὁρμῆς
2681 4115 2861 4168 αὐτῶν
2904 4113 3352 4184 ἀποπληροῦντες
3375 4151 3392 4178 ,
3418 4112 3618 4184 ἄπρα-

2017 4224 2134 4261 κτοι
2165 4207 2258 4260 καί
2284 4204 2550 4278 αἰσχύνης
2579 4205 2813 4278 πλήρεις
2848 4205 3212 4276 ὑπέστρεφον.

2100 4297 2262 4352 Ἀλλά
2311 4297 2510 4362 πάλιν,
2541 4296 2666 4350 ἐπεὶ
2712 4296 2980 4352 πάντοθεν
3010 4297 3195 4359 αὐτοῖς
3239 4297 3274 4366 ὴ
3310 4295 3622 4350 δυναστεία

337 4385 390 4438 in
419 4383 593 4453 majus
625 4391 876 4454 provecta
905 4393 1068 4452 esset,
1101 4394 1262 4455 atque
1307 4385 1375 4440 ab
1405 4394 1525 4440 ortu
1565 4386 1632 4440 ad
1660 4400 1905 4441 occasum

2047 4386 2162 4459 ιρθη
2209 4386 2347 4458 πρὸς
2404 4384 2660 4456 μέγεθος,
2692 4386 2783 4438 καὶ
2813 4385 2922 4439 ἀπὸ
2951 4384 3226 4439 ἀνατολῶν
3257 4384 3351 4437 καὶ
3377 4383 3621 4454 δυσμῶν

336 4483 516 4539 aucta,
549 4491 613 4530 ac
662 4476 1009 4531 multitudine
1036 4476 1268 4542 diffusa;
1301 4477 1532 4546 primum
1559 4476 1777 4546 quidem
1819 4491 1914 4532 ce-

337 4574 534 4636 perunt
581 4565 870 4622 Persarum
922 4583 1184 4638 regnum.
1249 4568 1444 4622 deinde
1498 4567 1818 4639 Algyptum,
1861 4578 1918 4623 et

340 4659 598 4726 Africam,
645 4660 825 4730 jurata
852 4659 1175 4714 Christianis
1203 4659 1328 4725 (ide,
1358 4667 1417 4715 ut
1445 4651 1513 4714 ne
1547 4675 1641 4715 eos
1673 4661 1918 4732 inculpa-

349 4879 354 4882 _
414 4819 432 4846 ‘
465 4815 634 4870 Exod.
671 4833 758 4881 xv,
793 4817 846 4870 6.

413 4996 488 5063 (ἐν
532 4993 622 5049 Ubi
646 4994 766 5062 jam
799 4992 926 5045 anni
959 4991 1173 5063 triginta
1215 5003 1324 5063 sex.
1358 4981 1552 5063 Incidit
1582 4990 1796 5063 tempus
1818 4983 1920 5039 hoc

343 5053 688 5134 in‘l’ogona'ti
719 5078 913 5134 annos,
945 5053 1144 5131 quibus
1178 5057 1302 5134 vivo
1331 5053 1512 5134 adhuc
1545 5062 1699 5133 patre
1741 5053 1920 5132 impe-

345 5126 583 5196 ravitfa
613 5134 810 5205 quibus
844 5126 1089 5205 etiamvl
1125 5126 1363 5205 synodus
1401 5126 1521 5205 eius
1563 5126 1777 5205 imperii
1823 5138 1923 5176 an-

345 5193 790 5282 nos__numéravit
818 5220 829 5255 :
863 5217 968 5270 qua
1005 5201 1074 5254 de
1105 5193 1169 5253 re
1189 5227 1194 5232 -
1216 5195 1347 5252 satis
1381 5193 1448 5248 ad
1481 5194 1617 5247 Acta
1665 5193 1787 5262 ejus
1835 5208 1924 5263 sy-

347 5272 498 5414 “0353
536 5341 612 5414 .4}!
643 5350 848 5414 portum
885 5335 1285 5414 Hebdomi.__'i'ﬁ
1322 5331 1573 5414 π-αραλίιμ
1602 5329 1696 5383 τοῦ
1740 5329 1925 5414 ἐβρό-

352 5400 489 5483 μου.’
535 5400 770 5483 Marce".
819 5419 1117 5483 com_es,_et
1163 5400 1302 5483 Hist.
1344 5400 1561 5483 Miscell.
1595 5407 1796 5483 vocant
1825 5400 1929 5454 Se-

351 5471 602 5552 ptimum.
651 5481 822 5552 Erat”
864 5478 1185 5552 suburbium
1210 5471 1930 5552 ⁸(ὲοηειαῃιίιιορρὶίιειιιυιῐι

353 5541 562 5623 septem
589 5549 911 5606 milliarihus
951 5547 1018 5600 ab
1047 5547 1179 5600 urbe
1204 5541 1700 5611 Constantinopoli.
1902 5609 1927 5620 υ

429 5622 505 5664 tm
541 5622 618 5664 Ad
646 5620 806 5664 Sulm'
851 5617 1070 5664 uenisset
1097 5623 1294 5664 narres.
1341 5611 1432 5664 Ἐν
1462 5613 1570 5664 τοῖς
1610 5611 1802 5664 μέρεσι
1836 5624 1927 5662 του

415 5620 505 5704 '(6)
535 5622 618 5675 Ad
646 5620 806 5701 Sgla'i
844 5620 1070 5699 uenisset
1097 5623 1294 5694 partes.
1343 5620 1432 5664 Ἐν
1462 5620 1570 5673 τοῖς
1609 5620 1802 5696 μέρεσι
1836 5624 1930 5662 του

356 5690 608 5744 Συιαίου.
644 5692 735 5744 Sic
758 5759 764 5760 γ
784 5699 948 5743 etiam
979 5683 1416 5760 b..Ntccpltorus',
1468 5681 1605 5760 πρὸς
1627 5696 1738 5742 τοις
1757 5677 1933 5760 ’πελά-

361 5760 515 5824 ζουσι
556 5759 647 5814 τοῦ
680 5759 904 5814 Συλαξου
941 5750 1221 5828 γενόμενοι
1257 5771 1269 5809 :
1307 5751 1396 5806 ubi
1425 5764 1534 5804 non
1582 5750 1718 5804 bene
1756 5751 1931 5802 luter-

2019 4477 2254 4548 ηὐξήθη,
2278 4477 2372 4530 καὶ
2401 4478 2483 4540 εἰς
2510 4475 2712 4547 πλῆθος
2745 4475 2990 4529 ἐπέδωκε
3009 4516 3024 4540 ,
3053 4475 3316 4546 πρότερον
3350 4473 3449 4542 μὲν
3476 4492 3620 4527 κατ-

2025 4569 2218 4623 έλαϐον
2257 4567 2355 4640 τὴν
2382 4567 2492 4622 τῶν
2536 4567 2764 4638 Περσῶν
2812 4567 3123 4637 βασιλείαν,
3161 4561 3260 4618 εἷθ’
3290 4565 3468 4628 οὕτως
3511 4567 3618 4635 τὴν

2026 4660 2303 4729 Αἴγυπτον
2348 4658 2442 4714 καὶ
2473 4655 2703 4728 Λιϐύην,
2733 4656 2967 4718 διδόντες
2997 4654 3154 4722 λόγον
3186 4656 3300 4716 τοῖς
3339 4653 3622 4724 Χριστια-

2018 4999 2147 5057 pres
2186 4985 2533 5057 adSylwum
2575 4999 2724 5057 mare
2761 4982 2984 5054 propius
3027 4975 3614 5057 decertatum-aliud“

2020 5047 2128 5109 alio
2151 5047 2391 5126 reddens
2430 5055 2714 5126 proprium
2757 5047 2978 5126 nomen,
3006 5049 3308 5126 adjectione
3337 5047 3428 5126 illa
3457 5048 3614 5126 litte.

2021 5129 2116 5179 rae.
2151 5123 2393 5180 Zonaras
2412 5116 2447 5192 ,’
2462 5116 2806 5196 ειιὶηῌςίαεείε
2831 5116 3086 5196 Ieliquiai
3136 5119 3242 5196 iam
3277 5116 3613 5196 ad__Sylir_u_m

2022 5196 2394 5262 pervenissent,
2414 5186 2538 5250 'etc.
2573 5194 2804 5249 Videtur
2831 5186 3269 5262 Promontorium
3310 5186 3528 5262 aliquod
3557 5190 3612 5242 in

2029 5257 2560 5339 ?amph}jia,'cuius
2597 5263 2824 5334 Sylaaus,
2857 5263 2972 5330 ipsa
3006 5259 3290 5339 eademne
3316 5257 3516 5325 Penge,
3553 5269 3612 5311 ut

2028 5333 2084 5386 in
2107 5329 2733 5403 jureCrzeco-Romaho,
2757 5329 3074 5403 metropolis
3101 5334 3224 5403 erat
3256 5341 3609 5403 :quanquarn

2032 5395 2148 5472 ipsa
2195 5405 2368 5474 posita
2399 5415 2517 5460 erat
2558 5405 2624 5459 ad
2655 5395 3066 5456 mediterranea.
3104 5395 3259 5451 Unde
3318 5404 3374 5449 et
3425 5397 3613 5450 subdit

2031 5473 2270 5544 Zonaras
2303 5492 2316 5528 :
2353 5474 2396 5529 si
2426 5475 2520 5544 qui
2549 5473 2854 5544 evasissent
2888 5485 2954 5524 ex
3007 5470 3120 5544 hoc
3149 5464 3437 5544 naufragio
3462 5506 3476 5524 .
3501 5482 3612 5544 βω

2031 5543 2400 5612 Cybirotarum
2431 5535 2615 5598 ducem
2647 5542 2934 5612 deiecisse;
2991 5538 3250 5612 ni_mi_r_um
3304 5535 3361 5612 in
3416 5535 3611 5589 eadem

2031 5604 2156 5686 Asia
2184 5614 2530 5686 minori,_ubi
2565 5621 2843 5686 ponuntur
2888 5609 3010 5686 dua:
3027 5607 3265 5686 "Cibum,
3295 5604 3467 5660 altera
3489 5621 3611 5659 ma-

2029 5684 2116 5752 jor
2146 5683 2199 5738 in
2237 5683 2491 5756 Phrygia,
2527 5677 2706 5738 minor
2739 5682 2909 5738 altera
2942 5679 2995 5733 in
3023 5677 3231 5732 Cilicia.
