3818 6346
112 342 285 408 1365
1028 347 1245 411 HYMN
1251 348 1349 411 US
1378 349 1762 411 ACATHISTI

1875 350 2263 424 -QUERCII
2296 344 2537 412 NOTAE.
3280 356 3417 422 1366

110 466 282 526 vuig,
323 461 400 526 ὡς
445 460 508 515 οὐ
558 457 840 531 βιάσονται
868 458 1067 523 αὐτοὺς
1098 459 1417 532 παραϐῆναι
1443 461 1543 534 τὴν
1564 460 1722 533 άμώ-
1751 494 1762 523 ε

1874 478 1959 528 im,
1986 472 2302 534 rectamque
2339 461 2395 518 in
2432 461 2709 519 Christum
2735 459 2905 521 Deum
2953 476 3206 524 nostrum
3254 470 3417 530 ﬁdem

118 571 325 628 μητον
351 553 445 608 καὶ
470 548 752 631 ύρθόδοξον
780 551 863 615 είς
892 551 1129 623 Χριστὸν
1156 552 1250 607 τὸν
1280 552 1416 607 Θεὸν
1444 553 1603 626 ἡμῶν
1634 552 1729 608 πί-

1874 552 2175 608 raevaricari
2226 561 2520 626 cogerent,
2573 569 2737 624 quam
2769 562 2952 612 tamen
2989 556 3127 612 nihil
3168 573 3421 618 servaveo

120 665 288 711 στιν,
334 647 475 718 ὅπερ
505 644 607 699 οὒκ
640 643 943 714 δφύλαεαν·
988 644 1125 699 ἀλλὰ
1166 645 1398 712 πολλοὺς
1442 646 1730 720 μάρτυρας

1874 655 1963 701 unt
1988 665 2003 701 :
2033 646 2143 700 imo
2165 645 2350 716 plures
2374 645 2678 701 aﬂ‘ecerunt
2695 648 2983 719 martyrio,
3003 649 3146 719 quod
3169 651 3421 722 pretiosae

122 737 462 804 ἀπέδειξαν,
493 736 581 791 διὰ
629 736 692 790 τδ
742 737 820 809 μὴ
849 736 1161 808 πατηθῆναι
1205 737 1298 792 ὐπ’
1329 738 1508 794 αὐτῶν
1535 738 1597 793 τδ
1634 754 1733 810 ση-

1874 737 2014 793 rucis
2059 737 2277 808 signum
2323 736 2657 807 sprevissent
2706 737 2937 808 pedibus
2965 739 3323 808 coneulcare;
3354 742 3422 796 ad

132 833 307 902 μεῖον
342 828 439 882 τοῦ
483 827 718 900 σταυροῦ
751 826 847 882 τοῦ
885 828 1073 899 τιμίου
1096 845 1111 861 ⁸
1139 828 1300 883 τοῦτο
1331 829 1444 901 γὰρ
1473 829 1734 901 πράττειν

1877 844 1942 884 oc
1970 827 2173 899 quippe
2197 825 2540 883 Christianos
2600 831 2885 899 cogebant.
2921 828 3012 895 At,
3058 836 3120 885 ut
3147 830 3422 899 dicebam,

126 917 283 982 τοὺς
309 916 678 989 Χριστιανοὺς
701 915 1061 987 ἠνάγκαζον..
1080 918 1214 985 Καὶ,
1248 917 1325 983 ὡς
1347 917 1510 991 ἔφην,
1550 920 1734 975 πᾶσαν

1874 934 2038 974 artam
2066 932 2287 973 omnem
2321 916 2716 988 depopulantes
2752 928 3135 988 pervaserunt.
3161 918 3298 978 Cum
3328 936 3428 977 au-

130 1008 255 1079 τὴν
291 1009 399 1078 γῆν
445 1006 683 1079 ἐπῆλθον
733 1006 1145 1078 λεηλατοῦντες.
1177 1009 1628 1082 ’Ἑπιδραμόντες
1676 1010 1735 1065 δὲ

1874 1027 1946 1067 3m
1984 1010 2148 1066 Indos
2195 1024 2447 1080 quoque,
2489 1024 2552 1063 ac
2590 1008 2900 1079 Ethiopes,
2944 1025 3161 1066 necnon
3210 1011 3427 1069 Mauru-

134 1098 250 1152 καὶ
295 1094 495 1160 Ἰνδοὺς
527 1095 623 1150 καὶ
663 1095 930 1159 Αἰθίοπας
962 1096 1060 1151 καί⁸
1090 1099 1160 1152 τὰ
1207 1098 1536 1171 Μαυρούσια
1569 1099 1699 1171 ἔθνη
1719 1139 1735 1164 ,

1874 1100 1948 1155 ios
1967 1101 2065 1170 (7),
2091 1098 2251 1154 Afros
2278 1098 2427 1163 item,
2450 1113 2514 1152 ac
2531 1095 2798 1168 Hispanos
2822 1096 3217 1167 incursassent,
3242 1101 3309 1156 ad
3327 1118 3425 1158 ex-

136 1185 366 1249 At66a;
393 1202 453 1238 τε
480 1184 577 1240 καὶ
620 1183 903 1249 Ἱσπανοὺς
935 1184 1168 1256 ἔσχατον
1197 1188 1440 1253 πάντων,
1464 1189 1739 1262 ἐπεστρά-

134 1295 358 1334 τευσαν
386 1279 484 1333 καὶ
513 1278 654 1333 κατὰ
680 1278 886 1350 ταύτης
907 1278 1009 1350 τῆς
1036 1277 1306 1349 βασιλίδος
1337 1281 1581 1348 πόλεως,
1611 1281 1740 1352 βου-

138 1370 380 1442 λόμενοι
405 1370 610 1440 ταύτην
634 1368 795 1424 ἑλεῖν.
828 1368 938 1423 Τοῦ
977 1369 1035 1423 δὲ
1079 1368 1346 1440 βασιλέως
1374 1371 1607 1437 Λέοντος
1643 1372 1739 1427 τοῦ

159 1460 444 1535 Ὶσαύρου.
475 1462 600 1531 άρτι
625 1460 745 1533 τῆςι
763 1460 1044 1533 βασιλείας
1072 1462 1505 1533 ἀπειλημμένου,
1539 1462 1741 1536 προθε-

150 1555 331 1621 μινου
359 1551 543 1606 δοῦναι
565 1552 753 1616 αὐτοῖς
776 1551 926 1623 τέλη.
943 1551 1211 1607 αὐτοίκαὶ
1232 1553 1483 1622 φύλακας
1506 1553 1745 1622 ἐγκατα-

149 1644 361 1715 στῆσαι
394 1645 463 1715 τῇ
486 1643 640 1698 πόλει
659 1642 1063 1709 κατεὸιάξοντον
1084 1638 1353 1717 ἐθάρρουν
1370 1643 1480 1715 γὰρ
1501 1643 1579 1715 τῷ
1604 1644 1744 1715 πλή-

1839 1200 2094 1254 tremum,
2112 1190 2373 1246 adversus
2410 1189 2553 1243 hanc
2568 1203 2787 1258 quoque
2805 1188 3006 1260 regiam
3033 1191 3221 1246 urbem
3247 1202 3426 1248 castra

1839 1292 2166 1346 moverunt,
2216 1297 2325 1351 quo
2381 1294 2501 1335 eam
2558 1288 2845 1351 caperent.
2897 1279 3170 1336 Caeterum
3242 1283 3427 1338 Leone

1841 1375 2030 1428 Isauro
2061 1373 2407 1442 imperatore,
2440 1372 2803 1426 constitutum
2836 1370 3097 1436 habente,
3134 1382 3194 1427 ut
3221 1375 3427 1429 tributa
3541 1354 3555 1369 ’

1840 1465 1922 1522 eis
1960 1465 2243 1533 penderet,
2292 1464 2365 1517 illi
2393 1462 2612 1518 abunde
2653 1462 2817 1516 etiam
2852 1462 3080 1518 militem
3117 1463 3172 1517 in
3198 1464 3331 1519 urbe
3359 1466 3428 1520 ad

1842 1556 2154 1629 praesidium
2183 1555 2452 1627 cogebant
2477 1553 2719 1623 recipere
2756 1570 2769 1607 :
2797 1552 2923 1609 freti
2950 1554 3206 1610 nimirum
3238 1557 3427 1611 multi-

1846 1646 2035 1704 tudine
2064 1645 2359 1709 exercitus,
2396 1653 2509 1698 tum
2534 1641 2743 1713 proprii
2782 1642 3048 1713 ipsorum,
3104 1651 3219 1698 tum
3267 1660 3429 1714 quem

148 1736 247 1791 0st
280 1735 376 1790 τοῦ
411 1752 472 1790 τε
494 1737 698 1790 οίκείου
732 1736 826 1791 καὶ
851 1736 1180 1808 μισθοφόρου
1213 1735 1449 1808 στρατοῦ
1469 1778 1487 1805 ,
1529 1738 1628 1792 καὶ
1664 1735 1744 1808 τῷ

1877 1739 1949 1795 ub
1978 1737 2229 1793 mercede
2259 1743 2561 1791 merentem
2592 1732 2890 1799 habebant,
2916 1735 3198 1806 classeque
3235 1736 3299 1790 ad
3333 1751 3435 1791 na-

152 1826 638 1899 ιξευτρεπισθέντι
681 1799 900 1901 ἀπείρῷ
928 1799 1295 1900 ναυμαχιστῷ.
1316 1799 1489 1902 στόλιρ
1510 1868 1527 1894 ,
1560 1828 1621 1895 ὃς
1662 1799 1744 1894 είς

1874 1827 2021 1883 'alem
2052 1841 2285 1898 pugnam
2325 1825 2597 1897 expedita,
2628 1832 2883 1896 tantaque
2915 1799 3136 1882 navium
3179 1828 3430 1883 multitu-

152 1919 312 1992 χέλια
352 1919 448 1974 καὶ
490 1918 789 1974 ὀκτακόσια
828 1920 991 1974 πλοῖα
1032 1921 1142 1984 πᾶς
1170 1919 1545 1993 ἀπηρίθμητο,
1586 1919 1661 1985 ὡς
1692 1921 1743 1974 οί

132 2010 267 2073 ’τὰς
307 2008 565 2081 χρονικὰς
617 2010 902 2079 συντάξεις
948 2011 1468 2085 πεφιλοπονηκότες,
1510 2012 1747 2086 άνιγρα-

154 2102 295 2175 ᾴαν.

242 2348 442 2414 Θέντες
471 2348 529 2404 δὲ
561 2348 623 2403 τδ
652 2350 1017 2422 στρατόπεδον
1046 2350 1228 2407 αὐτῶν
1273 2351 1381 2425 πρὸ
1417 2351 1514 2410 τοῦ
1541 2354 1750 2422 ἄστεως

165 2441 225 2497 oi
279 2439 691 2510 πεπλανημένοι
734 2440 1141 2512 Χριστομάχοι·
1181 2442 1322 2508 τέως
1361 2443 1463 2515 μὲν
1491 2443 1751 2516 οὐδεμίαν

170 2531 450 2605 προϐολὴν
489 2533 601 2596 τοῖς
647 2531 854 2603 τείχεσι
901 2532 1205 2603 προσῆγον,
1235 2533 1323 2589 διὰ
1363 2534 1426 2590 τὸ
1469 2534 1752 2607 σχολάζειν

170 2624 271 2678 ἰπὶ
313 2622 522 2685 κτίσεις
549 2622 890 2695 οἰκημάτων,
919 2622 997 2687 ὡς
1037 2619 1187 2678 οἶκον
1220 2624 1506 2696 μένοντεςο
1537 2626 1755 2700 ἀφῃρη-

175 2714 335 2784 μένοι
370 2710 471 2784 μὲν
500 2711 764 2784 φρόνησιν
796 2712 894 2767 καὶ
925 2712 1190 2785 λογισμὸν
1208 2751 1225 2778 ,
1248 2714 1313 2769 τὸ
1336 2714 1395 2770 δὲ
1423 2714 1626 2785 ἀληθὲς
1648 2715 1755 2771 ὑπὸ

172 2804 316 2860 Θεοῦ
361 2804 699 2876 κωλυόμενοι
750 2802 1166 2877 ματαιὼσαντος
1205 2806 1407 2872 αὐτοὺς
1439 2806 1499 2860 δν
1526 2808 1643 2872 τοῖς
1675 2807 1756 2861 ol-

174 2897 347 2961 κείοις
364 2895 714 2962 διαδουλίοις.
749 2896 808 2951 '0
837 2895 895 2950 δὲ
923 2895 1070 2952 κατὰ
1093 2896 1194 2970 τὴν
1223 2898 1381 2952 πόλιν
1409 2897 1754 2971 φιλόχριστος

174 2990 330 3054 λαὸς,
354 2989 623 3060 διηνεκεῖς
655 2988 796 3059 μετά
819 2986 1075 3061 δακρύων
1106 2988 1426 3060 ποιούμενοι
1455 2990 1555 3054 τὰς
1575 2990 1753 3060 λιτὰς,

179 3078 374 3152 ὥσπερ
405 3079 528 3144 ιθος
570 3080 757 3144 αὐτοῖς
804 3083 1010 3146 ποιεῖν,
1055 3081 1151 3135 καὶ
1181 3081 1242 3135 εν
1300 3082 1552 3154 εἰρηνικῇ
1591 3097 1757 3136 κατα⁴

1844 1917 1988 1983 dine,
2021 1925 2082 1971 ut
2110 1930 2250 1986 pene
2279 1916 2510 1979 inﬁnita,
2538 1914 2606 1970 ad
2637 1914 2786 1971 mille
2829 1930 2894 1971 ac
2926 1917 3239 1989 octingenta
3280 1919 3433 1972 ηειτί-

1845 2009 1949 2082 gia,
1984 2016 2095 2065 tota
2167 2016 2569 2072 accenseretur,
2630 2007 3085 2077 quemadmodum
3140 2000 3441 2079 scripsere,

1844 2100 1940 2170 qui
1965 2099 2177 2157 illorum
2211 2106 2515 2169 temporum
2562 2096 2845 2154 historiam
2885 2099 3435 2171 aunalcsquetexuc-

1848 2198 1998 2247 ιίιιιῑ.

1919 2348 2059 2406 Cum
2089 2348 2275 2419 itaque
2324 2361 2553 2404 errones
2582 2346 2658 2403 illi
2706 2345 2908 2403 Christi
2940 2348 3126 2403 hostes
3151 2362 3183 2403 e
3213 2347 3445 2418 regione-

1851 2439 2006 2496 urbis
2034 2438 2241 2495 milites
2268 2437 2650 2504 collocassent,
2702 2436 2922 2492 interim
2976 2436 3193 2506 quidem
3231 2435 3443 2490 nullam-

1850 2530 1909 2587 in
1958 2544 2148 2586 muros
2207 2528 2626 2599 impressionem
2679 2527 2948 2591 fecerunt,
2998 2526 3145 2598 quod
3198 2527 3347 2582 velut
3376 2525 3435 2580 in

1861 2622 1979 2680 suis
2001 2621 2205 2693 quippe
2223 2620 2454 2676 Laribus
2472 2628 2851 2687 versarentur,
2867 2619 3120 2675 domibus
3142 2627 3436 2675 exstruen-

1850 2712 1936 2771 dis
1981 2720 2246 2768 vacarent
2289 2728 2303 2765 :
2357 2711 2521 2782 plane
2572 2710 2822 2767 destituti
2884 2709 3173 2780 prudentia
3236 2718 3290 2764 et
3346 2724 3436 2763 ra-

1853 2805 2036 2873 tione;
2067 2804 2242 2861 velut
2284 2801 2463 2859 dicam
2489 2801 2636 2873 quod
2663 2817 2753 2858 res
2783 2801 2965 2861 habet.
2994 2800 3108 2856 Deo
3142 2799 3443 2870 impedieno

1853 2908 1931 2964 te,
1960 2913 2024 2954 ac
2046 2897 2101 2952 in
2118 2895 2237 2953 suis
2263 2895 2507 2966 ipsorum
2533 2893 2781 2950 consiliis
2808 2893 3008 2949 stultos
3052 2891 3307 2948 faciente.
3331 2890 3438 2957 Qui

1854 2997 2038 3046 autem
2063 2989 2119 3043 in
2145 2986 2366 3043 civitate
2395 2994 2514 3042 erat
2545 2984 2749 3042 Christi
2780 2999 2973 3040 amans
2998 2984 3254 3055 populus,
3281 2983 3440 3054 iuges
3464 3040 3470 3045 ,

1856 3093 1982 3136 cum
2015 3077 2268 3149 lacrymis
2300 3075 2729 3147 supplicationes
2756 3074 2986 3141 faciens,
3013 3075 3166 3131 velut
3193 3075 3441 3131 solemne

179 3173 395 3227 στάσιν
443 3170 504 3224 τό
548 3187 611 3225 τε
657 3170 965 3229 πάνσεπτον
1003 3168 1159 3237 ξύλον
1217 3169 1312 3224 τοῦ
1366 3168 1602 3242 σταυροῦ
1660 3169 1755 3225 τοῦ

1874 3169 2029 3224 habet
2077 3182 2266 3223 rerum
2299 3167 2463 3223 etiam
2505 3165 2798 3237 tranquillo
2834 3175 3001 3231 statu,
3037 3164 3447 3222 venerabilissi-

180 3262 391 3336 Κυρίου
411 3262 507 3317 καὶ
529 3263 782 3334 Σωτῆρος
806 3261 964 3335 ήμῶν
1004 3260 1182 3334 Ἰησοῦ
1208 3261 1448 3334 Χριστοῦ
1474 3261 1754 3327 λαϐόντες,

178 3352 280 3409 καὶ
299 3353 401 3426 τὴν
429 3352 595 3422 άγίαν
622 3352 813 3407 είκόνα
844 3354 946 3427 τῆς
976 3354 1245 3422 παναγίου
1276 3352 1578 3425 Παρθένου,
1604 3369 1761 3425 περι-

178 3447 352 3520 ῄεσαν
375 3447 438 3501 τὸ
457 3448 637 3517 τεῖχος
653 3485 670 3509 ,
698 3445 948 3515 αἴροντες
975 3445 1070 3499 επὶ
1101 3445 1235 3500 Θεὸν
1261 3447 1363 3509 τὰς
1398 3446 1587 3517 χεῖρας
1606 3484 1623 3510 ,
1663 3444 1761 3499 καὶ

180 3536 464 3606 λέγοντες·
505 3534 851 3603 Ἀνάστηθι,
881 3535 1077 3603 Κύριε,
1103 3532 1190 3604 μὴ
1209 3533 1426 3603 damon
1456 3533 1566 3587 τὸν
1607 3532 1763 3587 λαόν

180 3640 304 3681 σου
337 3626 427 3690 εις
466 3625 668 3691 τέλοςθ
705 3623 796 3678 ὅτι
839 3623 972 3680 ίὸοὺ
1001 3627 1056 3679 οί
1080 3624 1284 3695 ἐχθροί
1327 3637 1446 3679 σου
1492 3622 1761 3694 ἤχησαν,

181 3717 283 3772 καί
313 3719 368 3772 oi
392 3706 725 3786 μισοῦντές
748 3731 823 3772 σε
845 3712 1006 3788 ἦραν
1045 3714 1321 3786 κεφαλήν
1339 3732 1355 3749 ο
1377 3714 1459 3785 μὴ
1489 3714 1609 3784 δῷς
1647 3715 1765 3784 τὴν

181 3808 597 3878 κληρονομίαν
651 3823 769 3864 σου
828 3809 919 3876 είς
984 3807 1239 3875 ὄνειδος,
1299 3807 1407 3864 τοῦ
1472 3807 1765 3877 κατάρξαι

182 3897 354 3967 ἡμῶν
401 3896 547 3965 ἔθνη
568 3938 583 3963 ,
606 3897 843 3968 μήποτε
884 3898 1099 3952 εῑπωσι
1122 3914 1141 3932 ο
1176 3898 1303 3953 Ποῦ
1337 3897 1512 3954 ἔστιν
1547 3902 1582 3954 ό
1618 3898 1765 3966 Θεὸς

182 3987 420 4054 adnitar;
456 3988 634 4044 tam
669 3987 996 4061 γνώτωσαν
1064 3989 1155 4045 ὅτι
1183 3989 1372 4061 ὄνομά
1409 4004 1510 4046 σοι
1550 3991 1765 4060 Κύριος

200 4076 430 4149 Ἰησοῦς
450 4081 727 4150 Χριστὸς,
755 4084 843 4148 εις
869 4079 1061 4147 δόξαν
1099 4082 1250 4138 Θεοῦ
1270 4084 1525 4153 Πατρός.

256 4231 351 4301 Εἷς
382 4235 443 4290 δέ
470 4252 557 4300 τις
586 4235 698 4290 τῶν
723 4237 999 4308 πολεμίων
1040 4237 1340 4310 ’Δγαρηνδς
1364 4277 1379 4302 ,
1425 4236 1767 4310 βλασφήμοις

189 4326 397 4400 ῥήμασι
437 4326 866 4382 Κωνσταντιαν
913 4326 1095 4380 καλῶν
1140 4326 1241 4399 τὴν
1287 4325 1444 4380 πόλιν
1467 4367 1483 4392 ,
1528 4326 1624 4381 καὶ
1667 4325 1766 4398 τὴν
1812 4356 1821 4360 -

182 4416 486 4487 ὶκκλησίαν
543 4414 689 4487 ψιλῷ
747 4416 976 4488 ὀνόματι
1032 4417 1261 4486 Σοφίαν
1317 4416 1764 4491 προσαγορεύων,

1856 3273 2119 3329 mumque
2153 3258 2335 3314 crucis
2373 3257 2593 3313 Domini
2633 3272 2699 3313 ac
2741 3256 3045 3313 Salvatoris
3087 3256 3261 3311 noetri
3307 3255 3442 3311 Iesu

1856 3348 2063 3407 Christi
2113 3346 2319 3419 lignum
2360 3345 2564 3411 ferens,
2595 3360 2814 3402 necnon
2852 3346 3175 3403 castissima:
3202 3345 3444 3416 Virginis

1860 3457 2068 3500 sacram
2126 3441 2444 3511 imaginem,
2506 3454 2724 3495 murum
2772 3438 3074 3505 circuibat,
3133 3439 3328 3493 tollens
3371 3437 3443 3493 ad

1861 3534 2033 3591 Deum
2062 3546 2260 3588 manus
2305 3530 2638 3601 dicensqne:
2672 3528 2930 3604 Exsurge,
2971 3530 3210 3596 Domine,
3264 3545 3329 3583 ne
3355 3544 3443 3583 rs-

1861 3625 2032 3699 pellas
2062 3623 2312 3695 populum
2346 3632 2497 3678 tuum
2516 3624 2571 3677 in
2598 3624 2759 3693 linem
2782 3640 2799 3678 :
2822 3625 3074 3696 quoniam
3103 3640 3218 3678 ecce
3240 3623 3453 3677 inimici

1864 3718 1942 3772 tui
1962 3723 2273 3780 sonuerunt,
2305 3723 2354 3769 et
2378 3717 2471 3787 qui
2505 3716 2727 3771 oderunt
2748 3725 2798 3771 te
2831 3714 3131 3771 extulerunt
3156 3723 3336 3784 caput.
3364 3713 3446 3768 Ne

1863 3813 1954 3864 des
1976 3807 2339 3863 haereditatem
2363 3816 2510 3862 tuam
2558 3808 2618 3862 in
2659 3808 3037 3879 confusionem,
3064 3817 3119 3862 ut
3156 3814 3332 3878 gentes
3350 3806 3451 3859 do-

1864 3902 2130 3957 minentur
2142 3900 2312 3954 nostri
2343 3916 2363 3955 :
2392 3902 2670 3969 nequando
2719 3901 2901 3955 dicant
2927 3915 2944 3954 :
2980 3900 3073 3956 Ubi
3093 3908 3179 3953 est
3195 3899 3333 3954 Deus
3359 3913 3450 3951 eo-

1864 3993 2025 4049 rum?
2065 3991 2169 4049 Sed
2209 3999 2519 4061 cognoscant
2565 3992 2693 4062 quia
2747 4005 2933 4045 nomen
2957 3991 3051 4045 tibi
3078 3988 3337 4044 Dominus
3353 3986 3449 4043 Je-

1866 4101 1956 4141 sus
1990 4085 2230 4142 Christus
2254 4087 2311 4139 in
2338 4083 2564 4157 gloriam
2594 4081 2692 4136 Dei
2716 4080 2916 4136 Patris.

1934 4243 2104 4300 Porro
2160 4251 2363 4306 autem,
2425 4250 2486 4296 ut
2527 4253 2671 4294 unus
2702 4237 2824 4308 quis
2870 4238 3113 4319 hostium
3170 4236 3457 4309 Agaremis

1865 4334 2199 4406 blasphemis
2227 4332 2452 4389 vocibus
2480 4332 2844 4388 Constantiam
2871 4339 3141 4394 vocasset,
3170 4345 3236 4387 ac
3264 4328 3455 4386 Eccle-

1869 4429 2003 4485 siam
2027 4427 2174 4484 nudo
2199 4425 2416 4482 nomine
2436 4424 2764 4495 appellasset
2787 4421 3143 4494 Sapientiam,
3174 4422 3228 4476 in
3256 4436 3453 4492 quam-

186 4509 270 4575 είς
308 4528 360 4566 τι
406 4508 682 4582 βάραθρον
727 4509 826 4564 σὺν
870 4509 949 4580 τῷ
997 4509 1150 4582 ἵππῳ
1196 4509 1363 4564 αὐτοῦ
1413 4509 1762 4576 καταπεσὼν,

1874 4521 1995 4576 dam
2032 4532 2278 4590 praeceps
2307 4531 2430 4571 cum
2467 4530 2608 4586 equo
2634 4515 2817 4585 lapsus
2846 4513 3055 4591 foveam
3086 4512 3313 4569 interiit.
3345 4511 3455 4567 Sed

186 4600 483 4683 διεφθάρη·
515 4601 654 4655 ἀλλὰ
681 4601 778 4656 καὶ
801 4603 833 4656 6
859 4599 1037 4674 κῆρυξ
1066 4601 1273 4667 αὐτῶν,
1302 4604 1363 4657 ἰν
1397 4601 1589 4675 ὑψηλῷ
1620 4601 1764 4673 ξύλῳ

190 4693 448 4761 ἀνελθὼν,
485 4694 621 4768 πρὸς
647 4694 709 4749 τὸ
741 4693 981 4767 κηρύξαι
1003 4695 1103 4767 τὴν
1135 4695 1344 4768 μιαρὰν
1376 4694 1563 4751 αὐτῶν
1594 4713 1768 4768 προσ-

192 4787 374 4860 ευχὴν,
419 4790 515 4843 καὶ
554 4787 722 4852 αὐτὸς
765 4788 971 4858 ὁμοίως
1017 4788 1395 4859 κατενεχθεὶς,
1439 4786 1628 4859 βιαίως
1666 4788 1767 4861 τὴν

188 4879 347 4933 ἄθεον
378 4878 559 4950 ψυχὴν
589 4879 922 4951 ἀπέρρηξεν.
952 4874 1088 4933 Εἶτα
1129 4878 1275 4933 κατὰ
1311 4879 1640 4953 Βουλγάρων
1680 4881 1768 4933 ix-

196 4972 513 5044 στρατεύειν
545 4972 858 5042 διαγνόντες
901 4970 995 5025 δύο
1036 4971 1336 5043 στρατηγοὶ
1363 4973 1654 5042 γεγονότες
1676 5011 1693 5037 ,
1735 4972 1766 5025 6

198 5066 295 5138 μὲν
319 5064 629 5137 πολιορκεῖν
660 5063 993 5137 κατελείφθη
1045 5067 1147 5138 τὴν
1182 5065 1343 5120 πόλιν
1366 5080 1381 5097 ’
1427 5065 1457 5118 6
1502 5064 1583 5130 δὲ,
1634 5064 1773 5136 πρὸς

195 5159 320 5220 τοὺς
347 5155 694 5228 Βουλγάρους
729 5156 1058 5228 πολεμήσων
1084 5156 1254 5229 ἀπῄει
1276 5171 1291 5190 ο
1322 5149 1404 5220 οἷς
1434 5155 1530 5210 καὶ
1555 5154 1774 5225 συμϐαο

196 5250 398 5317 λόντες,
428 5249 739 5322 ἡττῶνται,
783 5250 879 5306 καὶ
908 5250 1207 5304 πίπτουσιν
1236 5248 1377 5322 ὑπὲρ
1412 5248 1733 5320 δισμυρίους
1755 5267 1769 5281 ·

199 5345 245 5397 oi
277 5343 330 5396 δὲ
359 5341 804 5413 περιλειφθέντες
844 5341 940 5395 τοῦ
993 5341 1218 5412 ὀλέθρου
1249 5339 1634 5405 διασωθέντες,
1676 5341 1774 5395 σὺν

273 5563 347 5633 (7)
388 5560 713 5634 Maurusios.
746 5560 1097 5634 Μαυρούσιοι,
1128 5561 1313 5634 inquit
1330 5561 1587 5634 Ortelius,
1621 5577 1768 5634 quar-

201 5630 467 5704 dam'gens
498 5632 745 5687 Phania:
776 5632 831 5687 in
863 5630 1065 5704 Africa,
1091 5630 1230 5704 circa
1271 5630 1544 5704 Tripolim,
1573 5630 1771 5704 ειδέν-

202 5705 292 5759 tim
319 5689 590 5773 lfagnam,
621 5705 712 5773 qui
736 5703 890 5757 hodie
909 5689 1107 5773 'Pacati
1132 5689 1396 5773 dicuntur.
1428 5689 1641 5773 Habent
1663 5689 1771 5773 Zio-

204 5789 379 5840 naras,
412 5771 694 5830 Cedrenus
739 5781 794 5828 et
844 5773 936 5829 alii
978 5772 1168 5829 cadem
1219 5771 1334 5829 fere
1383 5789 1413 5827 a
1461 5771 1771 5839 Saracenis,

1870 4621 1926 4669 et
1953 4627 2144 4668 eorum
2181 4624 2363 4683 praeco
2384 4623 2506 4665 cum
2537 4607 2874 4663 ascendisset
2899 4606 2953 4660 in
2984 4605 3147 4661 altam
3176 4604 3453 4670 arborem,

1869 4704 1936 4761 ad
1967 4718 2155 4760 eorum
2184 4701 2571 4758 exsecrandam
2605 4698 2973 4770 precationem
2996 4696 3148 4753 vocis
3174 4695 3455 4767 prteconio

1871 4793 2228 4859 eﬂ’erendam,
2261 4790 2425 4847 simili
2456 4799 2513 4846 et
2560 4788 2678 4860 ipse
2714 4789 2925 4844 ratione
2962 4788 3183 4851 cadens,
3214 4786 3453 4841 violenta

1870 4893 2049 4942 morte
2091 4883 2311 4954 impiam
2351 4881 2587 4937 animam
2640 4881 2878 4950 abrupit.
2937 4878 3288 4934 Postmodum
3322 4893 3453 4935 vero

1869 4992 1994 5033 cum
2041 4974 2211 5031 creati
2254 4975 2363 5029 duo
2413 4973 2686 5029 exercitus
2735 4972 2902 5028 duces
2939 4972 2994 5027 in
3038 4971 3298 5043 Bulgaros
3331 4984 3453 5026 mo-

1871 5082 2001 5125 vere
2057 5065 2461 5131 decrevissent,
2512 5063 2649 5119 alter
2680 5063 2898 5134 quidem
2934 5062 3160 5118 relictus
3206 5070 3314 5128 est,
3357 5061 3453 5133 qui

1869 5166 2207 5230 expugnaret
2233 5156 2422 5212 urbem
2450 5172 2467 5222 ;
2496 5154 2631 5210 alter
2666 5154 3068 5225 expeditionem
3102 5164 3292 5210 contra
3325 5154 3454 5208 Bul—

1869 5266 2028 5323 και-οε
2073 5249 2357 5319 suscepit:
2394 5261 2517 5302 cum
2567 5245 2765 5315 quibus
2808 5245 3086 5317 congressi
3134 5245 3453 5310 vincuntur,

1870 5358 1935 5400 ac
1986 5357 2151 5413 supra
2209 5341 2317 5397 duo
2374 5336 2539 5393 millia
2585 5335 2808 5392 cadunt.
2860 5335 2966 5402 Qui
3022 5348 3208 5393 autem
3266 5351 3456 5393 evase-

1875 5568 1931 5614 et
1969 5558 2353 5629 in‘Saraeenos
2374 5556 2658 5629 gestasub
2687 5555 2869 5629 Leone
2902 5557 3107 5629 Isauro.
3142 5555 3298 5629 cuius
3336 5554 3457 5609 fue-

1878 5637 2008 5683 runt
2050 5627 2226 5690 initia,
2255 5624 2416 5699 quam
2450 5627 2599 5699 linis,
2627 5627 3010 5699 auspicatiora.
3042 5628 3166 5682 Fuit
3197 5624 3459 5691 Umarus,

1878 5699 2052 5756 saeviit
2080 5696 2458 5754 contra’lidem
2492 5697 2674 5755 datam
2701 5696 2758 5756 in
2786 5699 3147 5757 Christianos.
