3818 6346
187 353 206 421 1
219 356 322 421 369

1035 360 1248 422 HYMN
1257 359 1350 423 US
1387 362 1800 425 ACATISTUS
1879 389 1924 402 ···
1961 367 2278 439 QUERCII
2310 368 2547 428 NOTAE.

3296 363 3429 424 1370

253 467 436 524 Ταῦτα
469 468 570 539 μὲν
596 463 688 522 οὖν
725 469 941 524 ἅπαντα
987 475 1076 538 εὶς
1124 475 1338 542 γενεὰν
1363 475 1592 546 ἑτέραν,
1623 479 1763 548 ψαλ-

1931 484 2107 552 Atque
2162 484 2276 538 lucc
2305 482 2523 551 quidem
2564 479 2685 535 talia
2720 487 2880 541 sunt,
2919 493 3075 548 quae,
3133 487 3190 532 ut
3242 477 3431 546 loquar

183 561 359 650 μικῶς
427 562 624 626 εἰπεῖν,
680 560 1144 650 διηγείσθωσαν,
1214 568 1308 619 καὶ
1379 568 1526 622 ἅπαν
1580 571 1753 642 στόμα

183 652 521 722 Χριστιανῶν
560 649 947 722 προσφωνείτω
1001 655 1061 708 τὸ
1101 656 1246 726 ἱερὸν
1274 658 1454 727 λόγιον
1488 663 1626 730 μετὰ
1658 663 1751 715 τοῦ

183 743 346 796 Δαὸὶό
375 743 645 810 λέγοντος·
681 743 789 810 Σὺ,
819 747 1012 813 Κύριε,
1035 747 1406 817 συνέτριψας
1431 750 1538 818 τὰς
1567 771 1751 822 κεφα-

181 833 299 897 λὰς
330 832 447 886 τῶν
477 831 818 901 δρακόντων
851 835 950 889 ἐπὶ
980 837 1086 890 τοῦ
1119 837 1358 905 ὕδατος.
1409 843 1754 913 Προστιθέτω

183 925 242 979 δὲ
269 928 361 980 καὶ
392 926 454 978 τὸ
478 927 569 979 ἐπὶ
594 927 692 996 τῆς
717 927 896 991 ἐξόδου
913 928 1128 1000 Ἰσραὴλ
1150 925 1304 1000 ᾆσμα
1329 933 1752 1002 μεγαλοφώνως·

188 1014 468 1087 ’ᾼσωμεν
501 1017 580 1083 τῷ
607 1019 832 1086 Κυρίῳ·
859 1018 1120 1086 ἐνδόξως
1149 1023 1258 1090 γὰρ
1284 1018 1663 1086 δεδόξασται.

269 1107 531 1162 Ἐνταῦθα
558 1105 654 1162 τοῦ
697 1105 856 1178 λόγου
888 1112 1202 1180 γενόμενος,
1233 1115 1328 1166 καὶ
1359 1115 1497 1185 πρδς
1521 1117 1582 1169 τὸ
1623 1116 1756 1186 ὕψος

184 1196 405 1270 ἀφορῶν
431 1200 540 1253 τῶν
575 1201 851 1271 μεγίστων
886 1202 1206 1273 θαυμασίων
1243 1204 1338 1258 τοῦ
1369 1206 1505 1259 Θεοῦ
1533 1208 1628 1261 καὶ
1657 1212 1755 1262 Δε-

187 1293 406 1355 σπότου,
443 1291 537 1346 καὶ
585 1285 686 1362 τῆς
739 1293 1045 1364 ὐπεραγίας
1092 1297 1188 1350 καὶ
1241 1295 1414 1368 μόνης
1463 1299 1754 1366 Θεοτόκου,

184 1385 398 1454 ἄφωνος
427 1384 518 1436 ὐπ’
555 1383 872 1453 ἐκπλήξεως
910 1385 1173 1455 γίνομαι,
1225 1382 1322 1456 οὐχ
1368 1385 1639 1458 εὑρίσκων
1668 1390 1760 1442 λό-

185 1491 316 1543 γους
362 1471 685 1546 ίσορῤόπους
721 1477 834 1538 τοῖς
868 1477 1190 1546 πράγμασι·
1227 1478 1355 1531 ποία
1389 1480 1499 1552 γὰρ
1530 1482 1761 1550 μεγαλό-

185 1583 362 1636 φωνος
392 1565 614 1634 γλῶσσα
638 1605 655 1631 ,
705 1566 803 1637 τὴν
853 1565 1129 1637 Παρθένον
1162 1569 1258 1622 καὶ
1303 1569 1564 1624 Θεοτόκον
1594 1572 1761 1636 ἀξίως

184 1657 532 1729 εὐφημήσεις
567 1655 691 1722 Πῶς
716 1659 1039 1730 παραδόξως
1067 1660 1301 1731 ὑμνήσει
1326 1662 1424 1733 τὴν
1456 1664 1760 1733 παράδοξον

184 1749 390 1820 ταύτης
437 1749 629 1822 χάριν;
684 1749 796 1804 Καὶ
839 1751 937 1822 τὴν
981 1750 1163 1822 πηγὴν
1208 1754 1308 1825 τῆς
1353 1754 1762 1825 φιλανθρωπίας

184 1840 399 1906 δοξάσει
426 1882 441 1904 ,
477 1843 571 1896 καὶ
617 1842 715 1910 τὴν
747 1839 1098 1913 εὐχαριστίαν
1133 1845 1432 1914 προσάγειν
1458 1849 1522 1916 τῇ
1553 1847 1760 1918 Θεομή-

185 1949 344 2002 τορι;
373 1933 561 2002 Ταύτῃ
591 1934 697 2004 γὰρ
728 1933 914 2002 ἥδεται
952 1933 1153 2003 μᾶλλον
1177 1935 1313 2006 αὐτή
1337 1953 1419 2000 τε,
1451 1938 1546 1991 καὶ
1579 1938 1607 1989 ό
1633 1938 1762 1991 ταύ-

185 2037 289 2091 της
318 2022 443 2083 Υἱὸς
467 2062 482 2085 ,
514 2023 657 2093 ἤπερ
686 2021 868 2076 αὐλῶν
904 2024 996 2076 καὶ
1029 2023 1279 2095 ὀργάνων
1327 2027 1763 2096 μουσικωτάταις

1859 589 1980 627 cum
2011 573 2290 628 Psalmista
2323 591 2338 627 :
2371 573 2781 626 Enarrenturin
2809 571 3141 640 generatione
3178 570 3386 622 alteraI|
3413 588 3426 624 :

1858 680 2026 734 osque
2060 680 2220 718 omne
2249 663 2679 718 Christianorum
2731 677 2944 716 sacrum
2995 661 3123 715 illud
3152 662 3429 716 oraculum

1857 773 1980 812 cum
2035 757 2232 811 Davidc
2281 756 2583 810 acclamet:
2621 754 3000 808 Contribulasti
3035 755 3212 822 capita
3245 755 3433 807 draco-

1859 864 1982 902 num
2029 851 2084 902 in
2130 865 2269 918 aqua
2299 849 2341 901 ’.
2393 846 2473 902 Ad
2525 846 2642 901 haec
2694 846 2915 900 accedat
2940 854 2993 898 et
3030 845 3298 900 canticum
3331 860 3431 913 pro

1857 941 2003 996 exitu
2034 941 2244 995 lsraelis
2291 938 2570 1010 magnifica
2625 953 2757 992 voce
2801 955 2816 992 :
2853 937 3136 991 Cantemus
3168 937 3430 993 Domino:

1857 1033 2078 1102 gloriose
2104 1034 2241 1085 enim
2273 1031 2639 1101 magniﬁcatus
2670 1040 2744 1082 est
2776 1029 2843 1082 *°.

1928 1122 2040 1177 Hoc
2069 1122 2170 1176 loci
2198 1122 2432 1176 deducto
2484 1135 2760 1183 sermone,
2799 1119 3087 1187 animoque
3131 1117 3187 1171 in
3239 1116 3334 1172 Dei
3366 1131 3432 1172 ac

1858 1213 2092 1277 Domini,
2133 1220 2556 1282 prmsanctaeque
2605 1225 2669 1264 ac
2723 1209 2891 1264 solius
2933 1209 3208 1278 Deiparze,
3255 1207 3431 1262 maxi-

1860 1321 2072 1360 morum
2113 1305 2438 1358 mirabilium
2497 1301 2884 1356 sublimitatem
2944 1300 3234 1354 intendens
3262 1341 3276 1362 ,
3315 1313 3430 1368 pra:

1860 1405 2081 1464 stupore
2112 1393 2341 1464 elinguis
2395 1393 2482 1457 fio,
2543 1389 2927 1445 deficientibus
2981 1389 3183 1452 verbis,
3212 1396 3274 1442 ut
3312 1401 3430 1441 rem

1859 1485 2065 1557 possim
2121 1499 2356 1555 aequare.
2398 1483 2529 1548 Quae
2561 1483 2707 1536 enim
2737 1481 2920 1550 lingua
2957 1477 3266 1549 magniflua,
3294 1476 3430 1531 Vir-

1861 1578 2063 1648 ginem,
2110 1592 2173 1631 ac
2211 1576 2513 1645 Dciparam,
2549 1572 2726 1643 dignis
2775 1569 3065 1640 praeconiis
3093 1568 3262 1638 possit
3287 1567 3433 1623 cele-

1860 1668 2062 1722 brare?
2092 1665 2376 1732 Quomodo
2404 1671 2585 1717 autem
2618 1659 2939 1715 mirabiliter
2977 1657 3278 1712 mirabilem
3311 1657 3432 1726 ejus
3533 1715 3538 1720 _

1860 1758 2100 1812 laudabit
2126 1755 2374 1826 gratiam,
2429 1753 2742 1821 fontemque
2798 1749 3098 1804 clementia:
3120 1747 3434 1818 magniﬁca-

1860 1849 1958 1914 hit,
1982 1863 2044 1902 ac
2078 1847 2278 1918 gratias
2306 1843 2550 1900 referet?
2577 1842 2682 1896 Par
2711 1841 2931 1912 quidem
2963 1849 3099 1903 erat,
3132 1847 3193 1892 ut
3217 1854 3310 1893 eas
3333 1835 3432 1892 Dei

1861 1939 2122 1996 Genitrici
2153 1937 2353 2009 gratias
2409 1935 2781 1998 referremus,
2831 1947 2952 2000 qua:
3004 1931 3135 2000 ipsis
3179 1938 3434 1984 constant

1863 2031 2142 2100 operibus.
2176 2029 2388 2098 Quippe
2417 2042 2501 2091 ea,
2532 2026 2761 2094 ejusque
2795 2031 2977 2086 natus,
3014 2037 3127 2091 pra:
3151 2020 3432 2084 tibiarum,

185 2113 372 2183 ᾠδαῖς.
403 2112 549 2184 Αὕτη
573 2113 630 2167 δέ
655 2109 823 2177 ὲστιν,
861 2114 937 2178 ὡς
966 2113 1076 2184 ἐγώ
1106 2133 1247 2187 φημι
1272 2157 1287 2181 ,
1337 2118 1524 2186 ἀγάπη
1559 2118 1757 2172 ἀνυπό·

1868 2137 1924 2177 ac
1957 2135 2283 2190 organorum
2319 2115 2762 2172 modulatissimis
2797 2113 3026 2168 canticis
3055 2153 3071 2176 ,
3107 2112 3172 2166 iis
3198 2111 3437 2166 delecta-

186 2219 393 2272 κριτος,
429 2203 598 2273 νόμου
633 2203 726 2256 καὶ
755 2203 1049 2276 προφητῶν
1074 2200 1208 2258 οὖσα
1238 2206 1482 2277 κεφαλή·
1515 2205 1761 2276 φιλαδελ-

189 2292 291 2360 φία
320 2291 605 2352 ἁνόθευτος
626 2309 638 2323 ·
682 2293 1000 2362 συμπάθεια
1033 2293 1462 2364 άνεπίστροφος·
1495 2296 1763 2366 παρθενία

189 2385 409 2456 ἔνθεος·
443 2385 622 2454 γάμος
651 2383 906 2456 ἔννομος·
957 2385 1279 2456 σωφροσύνη
1306 2387 1758 2456 ἀκατάγνωστος·

189 2473 505 2545 δικαιοσύνη
535 2474 784 2538 σύντονος
805 2489 821 2506 ·
864 2475 1086 2545 ἀνδρεία
1113 2477 1256 2530 κατὰ
1299 2475 1405 2528 τῶν
1434 2476 1622 2530 παθῶν
1662 2477 1763 2548 ἔμ-

192 2582 392 2636 μονος·
447 2566 707 2637 φρόνησις
760 2564 1021 2629 εὐτακτος
1051 2583 1065 2598 ·
1106 2565 1440 2638 ἐλεημοσύνη
1500 2567 1759 2642 δαψιλής.

193 2657 491 2729 ἐγκράτεια
537 2656 770 2726 ἄτυφος·
816 2657 1150 2720 ταπείνωσις
1191 2657 1628 2722 εὐκατάνυκτος·
1671 2663 1766 2715 καὶ

189 2749 331 2820 πρὸς
355 2747 565 2820 τούτοις
596 2736 708 2819 βίος
740 2749 983 2823 ἄληπτος
1003 2765 1016 2778 ·
1046 2749 1247 2819 τρόπος
1280 2750 1600 2824 εὔχρηστος·
1633 2749 1764 2824 ἦθος

193 2840 420 2912 μέτριον
442 2859 456 2874 ο
503 2841 626 2903 νοῦς
673 2840 991 2904 ἐνσύνετος·
1026 2841 1205 2912 στόμα
1253 2841 1476 2897 εὖλαλον
1497 2861 1510 2874 ·
1545 2845 1764 2914 γλῶσσα

188 2929 474 3003 εὔφημος·
513 2932 667 3002 λόγος
698 2931 950 3002 εὔλογος·
985 2933 1267 3004 ὀφθαλμὸς
1300 2935 1400 2989 οὐκ
1430 2936 1726 3000 ἀκόλαστος
1746 2952 1761 2967 ·

185 3023 374 3094 χεῖρες
400 3024 498 3077 οὐκ
527 3025 794 3096 ἀκρατεῖς
813 3039 827 3054 ·
860 3025 1020 3088 πόδες
1065 3025 1167 3078 οὐκ
1195 3025 1335 3092 ὀξεῖς
1364 3027 1500 3098 πρὸς
1531 3029 1762 3082 κακίαν·

188 3113 365 3186 θυμὸς
397 3117 496 3170 οὐκ
527 3116 811 3185 ἀλόγιστος
859 3115 956 3169 καὶ
988 3115 1324 3188 παρασύρων
1367 3118 1458 3171 τὸν
1504 3118 1765 3189 λογισμὸν

185 3206 272 3277 τῷ
319 3208 416 3279 τῆς
463 3208 661 3279 μανίας
723 3207 990 3279 ῥεύματι·
1053 3207 1249 3274 κᾶλλα,
1299 3205 1379 3274 οἷς
1435 3210 1501 3264 ἂν
1563 3213 1593 3264 ὁ
1644 3213 1764 3265 κατ’

187 3299 379 3351 εἰκόνα
409 3299 778 3371 πεποιημένος
825 3297 1132 3368 ἄνθρωπος,
1183 3299 1277 3352 καὶ
1318 3300 1458 3370 μετὰ
1502 3283 1644 3356 Θεοῦ
1687 3319 1768 3356 τε·

187 3383 486 3457 ταγμένος,
519 3389 594 3454 ὼς
626 3391 818 3462 κόσμῳ
846 3389 1130 3444 πολυτελεί
1155 3389 1247 3445 καὶ
1269 3390 1458 3462 ὡραίῳ
1483 3393 1762 3461 ἐγκαλλω-

187 3479 418 3534 πίσατο.

267 3570 367 3624 Διὰ
386 3569 590 3624 τούτων
620 3570 728 3624 ἔδει
758 3574 824 3643 τῇ
849 3571 1098 3644 Θεοτόκῳ
1120 3573 1464 3644 εὐχαριστεῖν
1484 3590 1498 3604 ·
1522 3573 1642 3628 ἐπεὶ
1670 3575 1766 3629 καὶ

186 3661 295 3735 τὴν
347 3663 697 3733 εὐχαριστίαν
753 3663 935 3734 ἔργοις
980 3665 1095 3718 ἀλλ’
1149 3665 1208 3718 οὐ
1259 3664 1438 3730 λόγοις
1485 3665 1764 3736 ὁρίζεσθαι

185 3771 360 3830 φασιν
392 3757 441 3809 ot
471 3753 646 3808 ταῦτα
679 3755 860 3824 σοφοί·
897 3756 1022 3808 ἐπεὶ
1053 3756 1194 3809 δὲτὸ
1218 3757 1320 3826 τῆς
1361 3757 1575 3826 φύσεως
1609 3759 1765 3829 ἡμῶν

185 3846 442 3910 ἀσθενὲς,
469 3845 649 3900 καὶτὸ
672 3845 774 3917 τῆς
806 3847 1045 3912 διανοίας
1084 3847 1290 3919 νωθρὸν
1324 3850 1582 3904 ἀποκνεῖν
1619 3841 1767 3922 ἡμᾶς

185 3938 334 4012 πρὸς
384 3939 446 3992 τὸ
493 3939 592 4011 τῆς
639 3939 842 4010 ἀρετῆς
889 3940 1149 3994 ἐπίπονον
1199 3944 1365 4006 ποιεῖ,
1411 3944 1507 3997 καὶ
1559 3942 1767 4014 βραχέα

184 4031 400 4102 ταύτης
426 4032 735 4103 ἁπτόμεθα,
784 4032 880 4086 καὶ
919 4033 1028 4104 ὅσῳ
1075 4034 1272 4100 εἰπεῖν,
1309 4035 1464 4108 ἄκρῳ
1493 4036 1764 4108 δακτύλῳ,

188 4125 295 4177 καὶ
317 4124 403 4178 διὰ
430 4124 588 4178 τοῦτο
613 4123 750 4196 προς
775 4123 875 4195 τὴν
901 4123 1105 4179 ἔκτισιν
1145 4126 1246 4196 τῆς
1289 4127 1644 4199 εὐχαριστίας
1679 4131 1766 4183 ὲν-

185 4215 330 4278 δεῶς
359 4215 554 4286 ἔχομεν
583 4217 688 4270 κᾶν
715 4216 814 4287 τὴν
837 4217 927 4270 διὰ
958 4219 1216 4288 ῥημάτων
1242 4218 1416 4288 ψιλῶν
1444 4220 1765 4288 εἰσενέγκω·

191 4323 301 4378 μεν
319 4321 332 4335 ·
369 4307 683 4376 ὐψώσαντες
714 4308 813 4378 τὴν
842 4308 1026 4380 φωνὴν
1054 4309 1286 4376 ἑαυτῶν,
1317 4311 1412 4364 καὶ
1441 4311 1539 4372 τὰς
1569 4311 1770 4382 φρένας

191 4399 662 4469 μετεωρίσαντες,
687 4395 862 4458 οὕτως
894 4396 1137 4467 εἴπωμεν
1180 4400 1237 4452 ὲν
1265 4398 1568 4470 ἀλαλαγμῷ
1588 4415 1603 4430 ·
1642 4419 1658 4451 ι
1696 4402 1767 4453 Σὺ

192 4489 322 4560 μὲν,
356 4480 401 4540 ῶ
436 4487 704 4540 Δέσποινα
749 4486 1003 4551 Θεοτόκε,
1047 4488 1106 4541 τὸ
1147 4488 1526 4560 φιλάνθρωπον
1568 4491 1632 4543 ὲκ
1669 4493 1770 4561 τῆς

190 4577 418 4647 φύσεως
441 4575 664 4646 ἔχουσα,
699 4576 760 4629 οὐ
791 4576 1026 4640 διέλιπες
1061 4578 1433 4648 προνοουμένη
1462 4579 1554 4632 τοῦ
1581 4580 1772 4647 γένους

187 4668 224 4736 ἡ
236 4665 388 4736 μῶν·
419 4665 533 4719 ἀλλ’
562 4664 750 4737 ὥσπερ
778 4667 965 4737 μήτηρ
991 4666 1143 4738 κοινὴ
1179 4666 1274 4721 τοῦ
1297 4668 1407 4720 τῶν
1430 4668 1770 4739 Χριστιανῶν

1867 2220 1970 2267 tur.
2031 2211 2171 2265 Sunt
2207 2225 2338 2265 vero
2363 2249 2376 2273 ,
2409 2218 2467 2262 ut
2508 2222 2608 2278 ego
2659 2206 2954 2276 pronuntio
2979 2243 2994 2267 ,
3055 2203 3294 2259 charitas
3324 2218 3435 2258 non

1865 2307 1985 2362 ficta
2005 2345 2019 2368 ,
2053 2319 2175 2373 qua:
2203 2316 2413 2356 summa
2463 2308 2548 2354 est
2593 2298 2746 2369 legis,
2775 2307 2830 2353 et
2856 2297 3249 2366 Draphetarum
3273 2313 3288 2362 ;
3317 2295 3436 2350 sin-

1862 2410 1984 2452 cera
2014 2393 2254 2448 fraterna
2283 2391 2542 2456 dilectio;
2575 2389 2881 2458 compassio
2907 2404 3014 2442 non
3047 2387 3319 2450 affectata,
3349 2394 3434 2441 at-

1862 2502 1968 2558 que
1989 2501 2055 2540 ex
2085 2484 2304 2548 animo;
2337 2481 2519 2536 divina
2546 2479 2833 2551 virginitas
2859 2495 2874 2541 ;
2907 2477 3160 2547 legitimae
3199 2475 3436 2544 nuptiae;

1863 2573 2354 2646 irreprehensibilis
2393 2571 2655 2635 castitas;
2711 2568 2935 2639 justitize
2966 2567 3150 2637 vigor;
3175 2575 3438 2620 constans

1863 2669 2124 2725 fortitudo
2153 2667 2415 2721 adversus
2445 2664 2571 2718 vitia
2599 2680 2613 2727 ;
2645 2661 2946 2732 composita
2976 2659 3301 2729 prudentia;
3329 2659 3438 2710 lar-

1865 2778 1941 2833 gze
1968 2761 2357 2829 eleemosynte;
2389 2754 2722 2810 continentia
2772 2768 2882 2807 non
2921 2760 3138 2804 tumens
3171 2767 3184 2814 ;
3215 2749 3438 2804 humili-

1866 2862 1948 2908 tas
1989 2852 2054 2906 ad
2090 2849 2566 2920 compunctionem
2599 2844 2772 2899 facilis
2811 2862 2823 2897 :
2857 2843 2925 2897 ad
2961 2844 3076 2897 haec
3105 2851 3286 2896 autem
3325 2841 3436 2895 vita

1866 2947 1985 3003 sine
2030 2943 2294 3008 crimine;
2346 2939 2475 2995 boni
2513 2952 2730 3001 mores,
2786 2951 2848 2990 ac
2901 2935 3172 2998 modesti;
3222 2933 3439 2988 animus

1864 3036 2144 3108 prudens;
2175 3046 2236 3087 os
2270 3032 2409 3086 bene
2445 3030 2706 3097 loquens;
2745 3026 2927 3096 lingua
2978 3024 3207 3090 favens;
3257 3037 3438 3077 sermo

1867 3126 2242 3192 rationabilis;
2285 3125 2477 3180 oculus
2515 3137 2624 3175 non
2660 3119 3006 3188 impudicus;
3055 3131 3250 3171 manus
3304 3115 3439 3169 nihil

1868 3221 2316 3282 incontinentes;
2373 3215 2450 3268 ira
2483 3228 2596 3266 non
2639 3215 2760 3266 sine
2800 3211 3007 3280 judicio
3032 3251 3048 3276 ,
3105 3209 3192 3263 vel
3238 3207 3440 3262 furoris

1868 3313 2074 3382 impetu
2114 3323 2271 3365 secus
2301 3306 2567 3360 rationem
2623 3303 2883 3364 trahens;
2935 3301 3190 3368 aliaque,
3240 3298 3440 3370 quibus

1866 3400 2032 3454 homo
2063 3397 2130 3451 ad
2165 3395 2258 3450 Dei
2303 3393 2474 3448 factus
2522 3391 2831 3461 imaginem,
2875 3403 2939 3442 ac
2987 3387 3269 3442 ordinatus
3313 3401 3438 3440 cum

1867 3492 1997 3557 Deo,
2029 3505 2127 3545 ceu
2162 3487 2402 3559 pretioso
2435 3500 2499 3539 ac
2537 3481 2926 3538 venustissimo
2961 3479 3164 3533 mundo
3191 3486 3436 3532 ornetur.

1934 3583 2005 3637 lis
2057 3578 2345 3651 oportebat
2389 3576 2629 3645 Deipara:
2677 3571 2881 3644 Virgini
2929 3571 3128 3642 gratias
3181 3569 3436 3623 referre:

1864 3670 2303 3744 quandoquidem
2334 3675 2390 3723 et
2421 3666 2652 3720 morales
2677 3661 2988 3735 philosophi
3033 3661 3315 3730 operibus,
3354 3660 3440 3712 di-

1865 3775 2016 3830 cunt,
2042 3779 2154 3818 non
2180 3761 2363 3818 verbis
2394 3759 2690 3832 gratiarum
2735 3756 2978 3811 actiones
3016 3752 3253 3808 definiri.
3302 3751 3440 3818 Quia

1867 3855 2222 3912 nihilominus
2252 3852 2507 3908 imbecilli
2537 3857 2733 3904 natura
2763 3887 2778 3912 ,
2819 3863 2881 3901 ac
2910 3845 3094 3899 animo
3124 3857 3338 3914 segnes,
3373 3842 3442 3896 ad

1866 3949 2086 4006 virtutis
2127 3947 2340 4001 labores
2367 3942 2629 4014 pigriores
2662 3939 2924 3994 efficimur
2955 3978 2970 4002 ,
3007 3936 3288 4003 leviusque
3319 3948 3442 3987 eam

1867 4041 2202 4112 attingimus,
2230 4046 2412 4106 atque,
2442 4042 2501 4087 ut
2523 4031 2731 4094 dicunt,
2758 4036 3004 4082 extremo
3045 4025 3232 4095 digito,
3266 4039 3441 4092 eoque

1869 4132 2167 4192 referendis
2197 4127 2402 4200 gratiis,
2435 4137 2734 4191 earumque
2763 4117 3096 4175 exsolvendo
3126 4116 3310 4171 debito
3348 4115 3444 4168 im-

1867 4241 2026 4298 pares
2067 4236 2284 4286 sumus;
2320 4217 2404 4272 vel
2441 4214 2603 4270 nudis
2651 4214 2842 4267 saltem
2899 4209 3081 4264 verbis
3129 4213 3444 4262 constantes

1869 4316 2068 4390 gratias
2108 4311 2424 4367 inferamus.
2459 4307 2729 4361 Levautes
2771 4317 2901 4373 ergo
2949 4315 3138 4355 vocem
3173 4309 3438 4360 nostram,

1869 4389 1933 4464 ac
1958 4415 2168 4460 mentes
2212 4401 2267 4456 in
2324 4399 2555 4454 sublime
2597 4395 2891 4466 erigentes,
2941 4392 2994 4444 in
3039 4391 3186 4445 hunc
3221 4389 3440 4443 modum

1868 4496 2040 4568 iubilo
2086 4493 2352 4548 dicamus.
2419 4508 2437 4542 ι
2469 4487 2549 4541 Tu
2608 4485 2827 4556 quidem
2857 4525 2870 4546 ,
2931 4483 3160 4551 Deipara
3194 4479 3440 4543 Domina,

1871 4588 2086 4644 insitam
2118 4600 2147 4639 a
2179 4593 2370 4638 natura
2406 4579 2748 4634 rlementiam
2783 4576 2994 4630 habens
3025 4572 3441 4641 haudquaquam

1871 4679 2016 4752 genti
2056 4686 2259 4733 nostra:
2288 4672 2630 4746 providentia
2665 4669 2924 4731 defuisti;
2961 4666 3054 4721 sed
3109 4664 3257 4719 velut
3291 4678 3444 4717 com-

190 4760 409 4828 γένους,
458 4758 710 4827 φιλόπαις
757 4758 892 4828 όμοῦ
938 4759 1032 4811 καὶ
1058 4755 1446 4842 φιλόστοργος,
1482 4759 1656 4822 οὕτως
1683 4760 1771 4813 ἀεὶ

1874 4773 2053 4827 munis
2080 4769 2406 4826 Christiana:
2457 4765 2636 4837 gentis
2661 4779 2891 4833 parens,
2951 4760 3183 4814 filiorum
3230 4770 3442 4818 amans,

190 4847 299 4909 τὰς
342 4849 439 4912 σὰς
485 4848 802 4918 εὐεργεσίας
829 4848 1182 4918 ὲπιχορηγεῖς
1229 4849 1358 4919 ἡμῖν
1387 4849 1766 4916 διασώζουσα,

192 4939 666 5009 περισκέπτουσα,
691 4937 1056 5006 φυλάττουσα,
1096 4938 1356 4992 κινδύνων
1386 4939 1767 5012 ἐλευθεροῦσα,

192 5029 524 5100 πειρασμῶν
554 5027 994 5082 ἁπαλλάττουσα.
1037 5028 1229 5098 Ἡμεῖς
1283 5028 1341 5081 δὲ
1396 5031 1517 5082 ἀντὶ
1565 5031 1770 5084 τούτων

192 5117 668 5196 εὐχαριστοῦμεν·
731 5117 1183 5188 άνακηρύττομεν
1236 5117 1333 5182 τὰς
1392 5119 1655 5190 χάριτας.
1708 5123 1767 5174 οὐ

194 5209 517 5281 κρύπτομεν
545 5209 642 5273 τὰς
669 5210 1018 5279 εὐεργεσίας·
1048 5210 1245 5282 ᾄδομεν
1277 5212 1676 5283 μεγαλοφώνως
1704 5214 1772 5266 τὰ

199 5303 272 5356 σὰ
307 5301 586 5372 θαυμάσια
605 5318 620 5332 ·
658 5300 755 5371 τὴν
788 5301 1117 5371 κηδεμονίαν
1146 5301 1442 5375 δοξάζομεν
1463 5321 1477 5338 ·
1502 5305 1600 5376 τὴν
1639 5305 1772 5378 πρό-

196 5409 353 5447 νοιαν
392 5393 769 5462 μεγαλύνομεν
788 5409 802 5423 ·
835 5393 935 5463 τὴν
963 5395 1298 5463 προστασίαν
1325 5397 1602 5468 ὑμνοῦμεν
1622 5413 1635 5425 ·
1671 5399 1772 5470 τὴν

197 5485 450 5558 βοήθειαν
482 5485 838 5556 ὲκθειάζομεν
857 5501 872 5515 ·
901 5485 998 5555 τὴν
1035 5486 1436 5558 εὐσπλαγχνίαν
1460 5490 1768 5558 δοξολογοῦ-

200 5590 339 5646 μεν·
369 5577 461 5628 καὶ
491 5577 584 5628 ἐπὶ
613 5575 712 5644 μὲν
742 5577 854 5637 τοῖς
906 5575 1235 5646 παρελθοῦσι
1284 5579 1624 5649 μεμνημένοι
1663 5581 1771 5633 τῶν

203 5670 315 5724 σῶν
341 5669 582 5742 δωρεῶν,
618 5669 716 5723 καὶ
760 5670 818 5736 ἐξ
851 5669 989 5722 ὅσων
1017 5669 1277 5724 κινδύνων
1307 5672 1655 5743 ὲρῤύσθημεν
1684 5675 1773 5729 διὰ

275 5835 296 5864 ⁸
323 5847 462 5902 Psal.
489 5864 560 5915 ει,
600 5848 679 5904 19.
756 5850 776 5881 ⁹
806 5847 950 5904 Psal.
982 5861 1160 5918 Lxxut,
1199 5847 1276 5901 15.
1357 5848 1398 5879 ³ο
1429 5847 1596 5903 Exod.
1637 5867 1724 5915 xv,
1759 5849 1802 5902 Ι.

1872 4877 1936 4916 ac
1964 4860 2268 4914 visceribus
2326 4855 2574 4919 affluens,
2611 4853 2688 4908 sic
2719 4867 2935 4921 semper
2967 4860 3055 4904 tua
3091 4847 3250 4902 nobis
3273 4847 3443 4900 benc-

1873 4953 1993 5008 ficia
2034 4951 2280 5020 impertis
2307 4965 2321 5013 ;
2353 4963 2456 5002 nos
2499 4946 2733 5007 salvans,
2766 4951 3075 5013 protegens,
3111 4937 3440 5001 custodiens,

1871 5059 1901 5097 a
1939 5041 2192 5113 periculis
2228 5039 2488 5101 liberans,
2524 5050 2724 5090 eruens
2781 5050 2811 5088 a
2872 5030 3284 5087 tentationibus.
3333 5027 3446 5081 Nos

1872 5142 2054 5188 autem
2099 5146 2198 5202 pro
2247 5129 2513 5199 ejusmodi
2567 5128 2732 5181 rebus
2779 5125 2982 5196 gratias
3037 5123 3296 5192 agimus;
3336 5119 3445 5174 alto

1873 5225 2024 5280 vocis
2046 5222 2316 5293 praeconio
2345 5220 2690 5292 agnoscimus
2719 5219 2894 5282 dona;
2929 5215 3188 5270 beneficia
3213 5229 3319 5268 non
3351 5229 3449 5267 or-

1872 5316 2182 5379 cultamus;
2216 5313 2502 5385 magnifice
2533 5311 2778 5367 canimus
2814 5318 2904 5364 tua
2959 5307 3260 5368 mirabilia;
3297 5317 3447 5361 tuum

1878 5404 1932 5457 in
1972 5419 2075 5458 nos
2111 5403 2350 5457 studium
2375 5445 2390 5467 ,
2443 5408 2498 5456 et
2530 5415 2715 5455 curam
2746 5398 3147 5469 glorificamus;
3199 5393 3449 5464 magnifi-

1876 5510 2062 5549 camus
2134 5495 2584 5565 providentiam;
2653 5491 3048 5561 protectionem
3126 5489 3445 5549 laudamus;

1878 5586 2138 5640 auxilium
2188 5601 2289 5640 ceu
2342 5585 2470 5655 quid
2501 5584 2744 5639 divinum
2785 5581 3106 5645 efferimus;
3137 5577 3446 5634 miscricor-

1878 5677 2021 5730 diam
2074 5691 2326 5732 sermonc
2351 5675 2710 5731 celebramus.
2761 5674 2935 5744 Atque
2977 5687 3074 5743 pro
3112 5671 3177 5724 iis
3205 5666 3446 5738 quidem,
