3818 6346
370 371 503 436 1371

1673 380 1992 442 GEORGII
2031 377 2304 441 PlSIDzE

3537 363 3684 425 1372

370 502 492 555 qua:
522 495 952 554 praecesserunt.
998 495 1214 542 tuorum
1255 505 1525 546 memores
1553 493 1820 548 donorum
1841 536 1856 559 ,
1890 509 1954 548 ac

2207 493 2411 563 ταύτην
2447 508 2528 544 σοι
2566 491 2663 560 τὴν
2693 485 3110 558 εὐχαριστήριον
3135 482 3302 554 ᾠδὴν,
3332 479 3435 544 ὡς
3492 488 3688 552 χρέως

370 592 435 628 ex
467 576 826 644 quiammultis
877 585 970 630 tuo
1002 576 1187 632 favore
1240 580 1380 633 eruti
1439 595 1630 636 sumus
1672 584 1950 652 periculis,

371 667 667 736 gratiarum
701 667 930 722 actionis
967 668 1239 723 canticum
1277 670 1412 734 hoc,
1441 686 1538 726 ceu
1565 672 1810 726 debitum
1856 673 1952 728 tibi

371 756 657 811 offerimus
683 797 697 821 ,
753 772 862 811 non
897 759 1046 813 velut
1087 760 1194 814 tuis
1237 775 1477 831 congrue
1527 763 1812 818 beneflciis
1863 779 1954 818 re—

375 846 659 916 spondeat.
706 847 848 913 Quid
898 848 1040 902 enim
1089 849 1252 904 etiam
1307 852 1376 906 lis
1431 868 1732 924 congruum
1767 854 1954 908 haberi

376 939 600 1007 possit?
653 941 936 996 enimvero
984 942 1156 996 amica
1207 944 1374 999 habes
1423 945 1655 999 ﬁliorum
1711 945 1956 1001 balbuti-

379 1039 582 1082 meuta.
631 1029 737 1084 Pro
768 1031 835 1085 iis
866 1041 1048 1086 autem
1085 1035 1259 1100 malis,
1291 1051 1413 1104 quae
1447 1036 1728 1107 ingruunt,
1760 1052 1826 1092 ac
1853 1052 1957 1091 no-

377 1119 460 1173 bis
495 1121 722 1175 molesta
754 1133 905 1187 sunt,
958 1124 1329 1192 obsecramus,
1362 1133 1423 1180 ut
1470 1127 1667 1183 festiue
1697 1128 1956 1183 auxilium

378 1211 680 1280 impendas.
731 1212 1004 1284 Rogamus
1032 1216 1262 1285 probato
1291 1218 1595 1286 patrocinio
1616 1260 1631 1285 ,
1675 1227 1732 1274 et
1768 1219 1955 1282 tutela,

379 1311 437 1356 ut
474 1305 626 1358 tollas
669 1305 997 1360 offendicula
1047 1307 1102 1361 in
1136 1306 1317 1363 medio
1353 1309 1712 1375 exsistentia;
1761 1311 1961 1381 dispel-

377 1394 455 1448 las
484 1411 613 1450 vero
649 1405 1010 1467 occupantem
1045 1399 1321 1460 nebulam.
1357 1415 1421 1454 ac
1448 1411 1619 1454 atram
1649 1401 1957 1472 caliginem,

376 1501 481 1555 qua
512 1487 719 1552 caecati,
749 1503 848 1542 ceu
891 1498 1158 1544 nocturna
1188 1506 1388 1562 pugna,
1430 1491 1688 1546 caedimus
1733 1493 1956 1562 pariter,

378 1577 791 1648 eaadimurque:
827 1581 910 1634 vel
945 1588 1005 1634 ut
1049 1582 1245 1637 melius
1276 1581 1477 1648 dicam,
1511 1582 1588 1638 uti
1635 1582 1824 1638 furiosi
1856 1599 1960 1638 no-

377 1678 518 1720 stras
561 1668 806 1737 ipsorum
861 1685 1055 1725 carnes
1092 1671 1454 1742 discerpimus
1481 1712 1496 1738 ,
1547 1688 1658 1728 non
1710 1675 1961 1746 agnosci-

377 1774 502 1813 mus
527 1771 807 1832 cognatos,
850 1777 914 1817 ac
944 1763 1278 1820 contribules
1313 1767 1609 1821 nescimus.
1639 1766 1816 1836 Atque
1847 1768 1964 1822 haec

377 1851 642 1906 audemus
672 1871 685 1908 :
719 1854 941 1923 quinam
986 1854 1162 1910 vero?
1199 1855 1292 1925 qui
1343 1856 1603 1911 nimirum
1648 1857 1962 1930 dignatione

378 1942 582 2008 divina,
617 1946 868 2002 eumdem
903 1945 1142 2014 Patrem,
1175 1947 1455 2004 Christum
1487 1966 1656 2005 unum
1676 1991 1692 2016 ,
1714 1953 1960 2006 eamdem

381 2036 563 2099 fidem,
604 2039 746 2094 idem
774 2041 1064 2111 baptisma,
1092 2059 1254 2097 unam
1278 2042 1597 2108 Ecclesiam,
1623 2051 1962 2099 sacramenta

380 2129 693 2186 communia
723 2133 832 2200 (ne
859 2133 914 2186 in
956 2135 1178 2206 longum
1226 2136 1386 2191 abeat
1433 2135 1644 2207 sermo)
1678 2137 1959 2192 habemus.

381 2218 747 2286 Quamobrem
772 2225 1046 2293 supplices
1061 2229 1410 2282 obsecramus
1429 2235 1574 2281 tuam
1597 2227 1963 2292 clementiam,

384 2320 445 2364 ut
494 2311 568 2365 tui
620 2314 805 2383 p0puli
860 2329 923 2369 ac
973 2324 1079 2370 tua:
1127 2316 1464 2372 haereditatis
1495 2317 1828 2383 miserearis,
1867 2315 1966 2372 ad-

385 2402 568 2473 sisque
623 2405 971 2462 intercedens
1002 2409 1145 2479 apud
1176 2419 1364 2464 natum
1420 2425 1486 2464 ex
1543 2419 1596 2464 te
1643 2409 1813 2465 Deum
1862 2424 1968 2464 no-

387 2503 592 2560 strum,
647 2513 709 2552 ac
746 2500 904 2555 nobis
963 2501 1017 2554 in
1067 2511 1313 2557 extremo
1361 2503 1674 2558 constitutis
1727 2500 1969 2573 periculo

388 2589 686 2657 auxilieris,
721 2602 884 2662 atque
916 2609 945 2648 a
975 2595 1273 2665 deploratis
1305 2595 1512 2666 eripias
1545 2595 1966 2651 calamitatibus.

391 2679 575 2747 Vides,
616 2699 650 2738 o
685 2684 934 2750 Domina,
961 2696 1095 2756 quot
1118 2687 1360 2756 undique
1394 2687 1550 2741 malis
1577 2687 1967 2742 absumamur:

390 2773 627 2845 Exsurge
668 2778 851 2846 igitur,
885 2788 933 2832 et
974 2795 1036 2833 ue
1069 2779 1294 2849 repellas
1336 2781 1391 2832 in
1417 2779 1575 2848 ﬁnem
1597 2795 1616 2833 :
1649 2777 1755 2834 Cur
1783 2781 1972 2850 faciem

390 2874 538 2919 tuam
582 2871 795 2934 avertis,
837 2877 887 2922 et
913 2868 1232 2924 Oblivisceris
1266 2871 1460 2940 inopia:
1488 2879 1680 2923 nostra!
1713 2869 1754 2900 "
1781 2870 1805 2922 ?
1851 2868 1972 2924 Dis-

2056 585 2410 658 προσάγομεν
2433 597 2447 612 ·
2483 583 2584 635 οὐκ
2611 578 2862 642 ἀντάξιον
2901 577 2998 647 μὲν
3027 571 3192 629 οὖσαν
3226 577 3356 638 ταῖς
3401 575 3556 636 σαῖς
3591 574 3686 624 εὑ.

2056 678 2355 748 εργεσίαις.
2418 674 2485 728 Τί
2547 671 2657 742 γὰρ
2704 670 2771 725 ἂν
2820 669 2914 724 καὶ
2959 669 3045 737 εἴη
3097 666 3306 720 τούτων
3349 664 3684 730 ἀντάξιονς

2055 770 2196 840 πλὴν
2269 766 2400 836 φίλα
2457 781 2540 817 σοι
2575 763 2642 816 τὰ
2692 761 2800 814 τῶν
2855 759 2964 812 σῶν
3016 757 3221 810 παίδων
3269 756 3684 825 ψελλξσματα.

2069 861 2222 914 Ἐπεὶ
2269 858 2328 912 δὲ
2357 859 2470 920 τοῖς
2513 851 2773 909 ὲνεστῶσι
2821 851 2916 906 καὶ
2944 849 3208 902 λυποῦσιν
3236 849 3401 918 ἡμᾶς
3425 891 3445 910 ,
3487 863 3688 918 παρα-

2059 952 2332 1022 καλοῦμεν
2366 950 2466 1021 τὴν
2503 947 2602 1019 σὴν
2629 946 2897 1016 ὀξυτάτην
2947 943 3199 1014 βοήθειαν
3220 957 3235 970 ·
3273 940 3550 1010 δεόμεθα
3583 937 3688 1006 τῆς

2060 1046 2158 1114 σῆς
2204 1041 2542 1113 ἀντιλήψεως
2567 1079 2583 1102 ,
2615 1037 2778 1092 λῦσαι
2832 1037 2902 1090 τὰ
2952 1037 3009 1088 ὲν
3045 1034 3125 1104 τῷ
3161 1032 3315 1103 μέσῳ
3355 1030 3685 1102 προσ-κόμα

2063 1153 2210 1208 ματα
2233 1152 2246 1165 ·
2280 1130 2636 1187 διασκεδάσαι
2667 1128 2766 1199 τὴν
2801 1126 3106 1196 ἐπέχουσαν
3132 1124 3286 1193 ἡμᾶς
3309 1121 3586 1189 νεφέλην
3625 1135 3686 1170 τε

2058 1227 2154 1282 καὶ
2221 1223 2612 1294 σκοτουμένην,
2672 1210 2763 1287 inp"
2817 1213 2884 1289 ἧς
2938 1215 3125 1284 ὥσπερ
3177 1215 3234 1268 ἐν
3298 1209 3688 1280 vute-copuli;

2062 1317 2330 1393 βάλλομέν
2367 1333 2462 1383 τε,
2503 1315 2598 1368 καὶ
2629 1309 2969 1384 βαλλόμεθα,
3005 1308 3036 1380 ἢ
3073 1306 3274 1378 μᾶλλον
3304 1306 3534 1364 εἰπεῖν,
3581 1300 3690 1393 ῶσ-

2062 1391 2169 1485 περ
2201 1413 2250 1464 οἱ
2289 1408 2627 1480 μαινόμενοι,
2653 1403 2762 1457 τῶν
2796 1401 2940 1455 ἰδίων
2967 1399 3184 1470 σαρκῶν
3217 1393 3568 1464 ἁπτόμεθα,
3588 1391 3689 1443 καὶ

2062 1503 2372 1576 ἀγνοοῦμεν
2407 1501 2535 1562 τοὺς
2564 1497 2868 1566 συγγενεῖς,
2897 1489 3067 1546 καὶτὸ
3090 1487 3368 1560 ὁμόφυλον
3407 1485 3528 1537 οὐκ
3555 1485 3688 1576 im:

2062 1571 2428 1668 γινώσκομεν.
2472 1591 2585 1644 Kal
2628 1587 2798 1642 ταῦτα
2843 1582 3130 1654 τολμῶμεν
3206 1577 3397 1641 τίνες;
3455 1575 3531 1626 ΟΞ
3589 1571 3687 1668 τοῃῦ

2064 1664 2228 1746 αὑτοῦ
2281 1664 2526 1757 Πατρὸς,
2575 1680 2670 1736 τοῦ
2715 1679 2833 1742 ἑνὸς
2873 1673 3150 1748 Χριστοῦ,
3188 1669 3291 1740 τῆς
3338 1668 3534 1736 αὐτῆς

2067 1800 2268 1846 στεως,
2300 1755 2590 1832 τοῦήαύτοῦ
2638 1771 3050 1843 βαπτίσματος,
3098 1763 3198 1832 τῆς
3249 1761 3394 1830 μιᾶς
3427 1755 3691 1846 Ἐκκλη-

2069 1845 2226 1937 σίας,
2244 1870 2350 1925 τῶν
2379 1865 2563 1921 αὐτῶν
2597 1861 2916 1934 μυστηρίων
2951 1852 3250 1927 ἠξιωμένοι
3279 1892 3295 1915 ,
3334 1851 3437 1904 ἵνα
3472 1846 3566 1919 μὴ
3605 1845 3694 1937 λό-

2067 1983 2164 2036 γον
2198 1959 2573 2028 ἀποτείνωμεν
2615 1953 2846 2026 μακρόν.
2875 1950 2976 2003 Διὰ
3001 1946 3160 2001 τοῦτο
3187 1941 3540 2010 ίκετεῦομεν
3586 1936 3690 2007 τὴν

2071 2029 2172 2128 σὴν
2207 2051 2598 2122 εὐσπλαχνίαν,
2639 2043 2820 2100 οἶκτον
2867 2040 3053 2096 λαϐεῖν
3095 2036 3191 2091 τοῦ
3233 2033 3336 2088 σοῦ
3383 2031 3540 2086 λαοῦ
3591 2029 3691 2128 καὶ

2069 2122 2166 2219 της
2198 2140 2565 2215 κληρονομίας
2602 2154 2720 2202 σου,
2761 2133 2856 2188 καὶ
2886 2131 3076 2201 στῆναι
3105 2126 3342 2219 πρέσβιν
3389 2122 3690 2219 πρὶςᾼτδν

2070 2215 2135 2298 ὲκ
2171 2239 2265 2292 σοῦ
2293 2233 2557 2306 τεχθέντα
2579 2229 2712 2283 Θεὸν
2741 2224 2923 2297 ήμῶν,
2956 2222 3047 2276 καὶ
3091 2218 3366 2291 βοηθῆσαι
3393 2218 3510 2285 μὲν
3547 2215 3691 2284 ἡμῖν

2070 2337 2139 2390 τὰ
2163 2334 2370 2403 ἔσχατα
2397 2322 2823 2383 κινδυνεύουσιν,
2864 2312 3142 2403 ἐξελέσθαι
3168 2313 3224 2364 δὲ
3257 2312 3424 2380 ἡμᾶς
3461 2325 3690 2379 συμφο-

2077 2429 2184 2503 ρῶν
2223 2401 2561 2495 ανηκέστων.
2613 2415 2778 2484 Ὁρᾷς
2821 2401 3081 2503 ὅσοις,-ῶ
3114 2405 3418 2503 Δέσποινα,
3445 2493 3460 2503 .
3481 2403 3690 2503 κακοῖς

2075 2493 2548 2591 περιαντλούμεθα
2565 2524 2580 2538 ⁸
2617 2504 2938 2568 Ἀνάστηθι
2957 2495 3070 2555 οὖν
3091 2497 3187 2591 zeal
3206 2496 3296 2566 μὴ
3325 2493 3572 2591 όπώσῃ
3599 2495 3692 2591 εἰς

2075 2584 2250 2676 τέἀος
2269 2625 2282 2638 ·
2321 2605 2458 2659 Ἵνα
2493 2600 2551 2656 τί
2582 2593 2910 2666 πρόσωπόν
2939 2605 3054 2644 σου
3084 2584 3518 2655 ἀποστρέφεις
3537 2627 3555 2648 ,
3589 2584 3694 2636 καὶ

2075 2695 2501 2760 auidae-ﬂavam
2531 2688 2827 2758 πτωχείας
2856 2684 3058 2754 ήμῶν-ς
3085 2680 3350 2735 Διάλυσον
3375 2678 3529 2740 τοὺς
3563 2679 3694 2728 an»

2077 2791 2364 2862 κειμένους
2393 2783 2592 2856 φόϐους
2626 2781 2718 2834 καὶ
2767 2777 3006 2846 τρόμους
3027 2790 3039 2802 ·
3072 2771 3226 2828 ἄνελε
3268 2767 3372 2832 τὰς
3427 2767 3694 2862 φιλονεί-

2078 2861 2208 2946 κους
2240 2879 2552 2940 ἐνστάσεις·
2589 2871 2798 2928 παῦσον
2839 2868 2937 2931 τὰς
2974 2865 3150 2937 μάχας
3194 2863 3289 2916 καὶ
3335 2867 3478 2925 τοὺς
3519 2861 3693 2914 πολέ-

390 2957 540 3012 solve
569 2958 950 3015 incumbentes
973 2961 1132 3015 nobis
1159 2961 1377 3016 timores
1420 2976 1484 3015 ac
1513 2969 1778 3015 tremores
1807 2979 1820 3014 :
1848 2961 1964 3016 tolle

2207 2987 2248 3035 ῖο
2279 2969 2524 3022 κόπασον
2549 2961 2648 3035 τὴν
2677 2960 2798 3014 καθ’
2821 2957 2978 3030 ήμῶν
3017 2954 3336 3024 κινηθεῖσαν
3364 2951 3561 3022 ὀργὴν
3595 2949 3691 3004 τοῦ

391 3051 766 3108 eontentiosas
820 3054 1214 3124 Opponentium
1271 3069 1532 3124 pugnas:
1578 3053 1710 3109 seda
1767 3068 1964 3124 pugnas

2207 3063 2217 3115 i
2270 3061 2365 3114 καὶ
2406 3054 2669 3130 θραῦσιν·
2717 3049 3105 3122 καταπράῡνον
3149 3047 3248 3108 τὰς
3294 3046 3353 3098 ὲν
3384 3043 3478 3114 τῷ
3533 3043 3694 3114 μέσῳ

2007 3189 2050 3248 c
2085 3152 2301 3216 στάσεις
2329 3150 2424 3204 καὶ
2451 3145 2716 3218 ταραχὰς,
2747 3144 2840 3196 καὶ
2876 3139 3118 3248 γαλήνην
3151 3137 3518 3248 καὶὲίρήνηὶδ
3550 3135 3694 3206 βρά-

393 3234 636 3290 tionem:
689 3251 957 3308 compone
1017 3237 1225 3293 medias
1275 3245 1523 3292 nostrum
1555 3236 1848 3292 seditiones
1918 3251 1964 3290 at

2207 3262 2278 3298 πον
2320 3243 2431 3306 τοῖς
2468 3240 2674 3300 ἱκέταις
2713 3251 2808 3290 σου
2830 3249 2843 3264 ο
2887 3232 2974 3286 ἵνα
3019 3233 3138 3294 ταῖς
3168 3227 3391 3290 πολλαῖς
3433 3229 3690 3298 εὐεργε-

393 3159 458 3196 ac
493 3143 632 3206 bella
665 3166 675 3199 :
713 3146 845 3200 siste
891 3155 1096 3201 motam
1143 3148 1197 3200 in
1245 3162 1346 3201 nos
1379 3146 1467 3200 Dei
1503 3145 1639 3200 iram
1671 3162 1735 3201 ac
1767 3146 1975 3200 contri-

394 3327 757 3395 turbationes,
796 3329 1014 3399 tuisque
1064 3329 1285 3384 famulis
1316 3328 1763 3398 tranquillitatem
1790 3342 1854 3382 ac
1882 3342 1982 3397 pa-

393 3433 511 3473 cem
551 3419 832 3486 eoncede;
876 3428 936 3474 ut
980 3419 1230 3488 plurimis
1263 3419 1368 3473 illis
1412 3417 1730 3483 beneﬁciis,
1785 3414 1983 3486 quibus

395 3524 497 3562 nos
523 3509 834 3574 cumulasti,
875 3508 1170 3564 accedente
1204 3508 1310 3563 hoc
1347 3506 1634 3572 beneficio,
1673 3513 1766 3560 tua
1797 3503 1984 3575 prodi-

395 3599 478 3669 gia
509 3600 844 3669 sempiterno
877 3598 1152 3668 praeconio
1186 3597 1548 3654 celebremus.
1589 3615 1608 3648 ι

469 3691 588 3745 lluc
620 3701 802 3744 autem
829 3689 1068 3744 deducto
1098 3705 1375 3756 sermone,
1409 3705 1473 3744 ac
1502 3689 1624 3759 ejus
1654 3687 1989 3743 contrahen-

399 3793 482 3837 tes
522 3782 663 3847 vela,
693 3781 758 3836 ad
787 3788 963 3835 tutum
999 3781 1201 3836 silentii
1231 3789 1449 3851 portum
1483 3780 1855 3852 applicemus:
1882 3780 1989 3834 hoc

402 3875 600 3928 iterum
624 3873 984 3928 admonentes
1005 3871 1296 3927 collectum
1317 3881 1520 3928 coetum
1545 3915 1560 3940 ,
1605 3881 1668 3927 ut
1691 3887 1762 3927 ne
1792 3871 1988 3942 ingrati

399 3983 529 4040 erga
558 3964 859 4021 beneficam
901 3974 957 4020 et
983 3964 1271 4019 Dominam
1321 3963 1648 4030 videamur;
1689 3979 1869 4033 neque
1897 3962 1991 4032 qui
2092 3963 2316 4040 Gal-'18.

402 4059 537 4129 ipsis
587 4057 749 4113 rebus
779 4055 1047 4112 beneﬁcio
1080 4056 1251 4112 simus
1276 4055 1481 4122 affecti,
1525 4055 1611 4111 vel
1644 4055 1835 4111 saltem
1867 4071 1992 4110 ver-

2085 3340 2228 3402 σίαις
2251 3333 2644 3407 προστεθείσης
2673 3329 2766 3382 καὶ
2791 3326 3018 3397 ταύτης,
3046 3320 3539 3394 ἀνακηρύττωμεν
3565 3322 3695 3376 δια-

2084 3431 2288 3494 παντὸς
2318 3428 2386 3483 τὰ
2417 3427 2485 3482 σὰ
2519 3425 2803 3495 τεράστια.
2834 3439 2852 3472 ι

2169 3669 2306 3723 Ἀλλ’
2336 3663 2570 3720 ἐνταῦθα
2597 3661 2904 3730 γενόμενοι,
2951 3657 3047 3712 καὶ
3091 3657 3162 3709 τὰ
3202 3654 3351 3710 ἱστία
3379 3654 3494 3708 τοῦ
3525 3656 3694 3724 λόγου

2086 3762 2447 3835 χαλάσαντες,
2472 3759 2552 3821 είς
2583 3754 2677 3808 τὸν
2700 3751 2916 3823 ἀσφαλῆ
2940 3751 3040 3820 τῆς
3069 3747 3282 3816 σιωπῆς
3327 3747 3694 3821 ὁρμήσωμεν

2087 3856 2283 3928 λιμένα
2307 3871 2320 3882 ·
2359 3853 2537 3906 ἐκεῖνο
2573 3847 2736 3902 πάλιν
2774 3846 2900 3908 τοὺς
2936 3840 3388 3911 συνειλεγμένους
3418 3842 3694 3912 ἀναμνῆ-

2352 3944 2427 4017 μὴ
2473 3941 2798 4012 ἀγνώμονας
2821 3935 3058 4007 φανῆναι
3091 3932 3222 4004 περὶ
3251 3932 3354 4002 τὴν
3381 3933 3692 4003 εὐεργέτιν

2091 4041 2188 4097 καὶ
2230 4037 2567 4096 Δέσποιναν,
2607 4027 2744 4100 μηδὲ
2772 4025 2862 4078 διὰ
2889 4023 2997 4077 τῶν
3043 4022 3220 4092 ἔργων
3268 4019 3693 4091 εὐεργετουμέ-

405 4108 534 4129 τ---
588 4108 745 4113 --ηπ
1083 4108 1248 4112 ψη-
1645 4108 1702 4111 η
1886 4108 1927 4110 η

405 4153 486 4206 bis
514 4152 806 4222 gratiarum
831 4153 1100 4205 actionem
1121 4150 1319 4206 offerre
1345 4151 1685 4223 negligemus
1713 4167 1726 4203 :
1761 4149 1816 4203 in
1855 4163 1963 4219 quo

2207 4143 2248 4191 ;,
2280 4123 2456 4177 ὀκνεῖν
2491 4120 2592 4190 τὴν
2632 4117 2724 4172 διὰ
2761 4115 2871 4169 τῶν
2897 4113 3072 4181 λόγων
3103 4108 3466 4181 εὐχαριστίαν
3513 4125 3694 4180 προσο

406 4244 664 4296 nimirum
693 4243 893 4297 iterum
923 4251 1261 4298 revertamur
1285 4244 1654 4298 commodum.
1703 4241 1990 4312 Siquidem
2095 4221 2313 4312 φέρεν-’ξς

407 4336 557 4388 enim
597 4351 695 4406 pro
730 4336 1008 4406 prioribus
1051 4337 1212 4392 bonis
1244 4338 1381 4408 grati
1413 4336 1711 4398 fuerimus,
1741 4347 1992 4404 magnam
2096 4329 2202 4408 σιν]

410 4431 568 4486 nobis
597 4431 666 4487 ad
700 4431 882 4485 futura
938 4431 1196 4486 fiduciam
1252 4430 1708 4499 comparabimus,
1742 4443 1807 4482 ac
1840 4441 1994 4480 asse-

407 4534 648 4589 quemur
707 4519 1094 4574 inenarrabilia
1157 4533 1220 4574 ac
1265 4533 1462 4573 arcana
1496 4519 1670 4583 bona,
1703 4515 1874 4588 gratia
1931 4531 1994 4570 ac
2027 4541 2069 4596 ο

412 4611 780 4666 misericordia
815 4610 1027 4666 Domini
1081 4609 1254 4664 nostri
1299 4609 1429 4664 Jesu
1461 4609 1687 4676 Christi,
1738 4608 1826 4662 cui
1871 4607 1988 4680 glo-

411 4703 492 4759 ria
525 4719 589 4758 ac
635 4712 880 4771 potestas
916 4703 967 4758 iu
1013 4702 1231 4758 szrcula.
1278 4701 1473 4756 Anien.

487 4963 529 4995 “
558 4961 695 5020 Psal.
730 4978 874 5028 sun,
905 4964 994 5017 "2.3.

2347 4214 2442 4268 καὶ
2466 4212 2576 4283 γὰρ
2606 4210 2792 4274 πάλιν,
2829 4209 2910 4271 είς
2943 4207 3091 4276 ἡμᾶς
3121 4204 3181 4256 τὸ
3225 4203 3418 4272 κέρδος
3453 4205 3696 4257 ἐπάνει-

2245 4309 2378 4364 Ἐὰν
2411 4305 2521 4376 γὰρ
2567 4305 2660 4357 ἐπὶ
2693 4304 2806 4364 τοῖς
2837 4299 3112 4369 φθάσασιν
3151 4294 3477 4365 εὐχάριστοι
3521 4296 3699 4363 γενῶ-

2099 4403 2240 4474 μεθα
2266 4442 2282 4468 ,
2319 4397 2562 4471 μεγάλην
2589 4395 2806 4456 ἑαυτοῖς
2836 4391 2974 4460 πρὸς
3018 4389 3088 4443 τὰ
3118 4386 3382 4458 μέλλοντα
3412 4385 3698 4456 εὐτρεπί-

2099 4512 2264 4566 σομεν
2295 4488 2631 4564 παρρησίαν,
2683 4485 2779 4540 καὶ
2810 4483 2919 4537 τῶν
2949 4483 3276 4552 ἀπορρήτων
3301 4477 3548 4546 ἀγαθῶν
3581 4482 3702 4532 ἐπι-

2096 4588 2377 4658 τύχωμενο
2413 4583 2597 4654 χάριτι
2623 4579 2719 4632 καὶ
2745 4574 3130 4647 φιλανθρωπίᾳ
3153 4571 3246 4624 τοῦ
3277 4569 3502 4639 Κυρίου
3537 4571 3703 4639 ἡμῶν

2111 4678 2287 4752 Ἰησοῦ
2317 4671 2558 4748 Χριστοῦ
2585 4715 2600 4740 ,
2631 4665 2676 4740 ᾧ
2707 4673 2742 4742 ἡ
2770 4667 2898 4734 δόξα
2943 4667 3039 4720 καὶ
3080 4665 3144 4720 τὸ
3187 4662 3393 4736 κράτος
3437 4666 3534 4727 εἰς
3574 4664 3702 4724 τοὺς

2101 4771 2327 4832 αἰῶνας.
2371 4765 2567 4837 ’Δρ-ἡν.
